  <div class='ocr_page' id='page_1' title='image "/cluster/home/n/w/nwhite01/storage/ocr_20150623/119/hvd.32044052820040/322.png"; bbox 0 0 3956 6160; ppageno 0'>
   <div class='ocr_carea' id='block_1_1' title="bbox 191 261 311 327">
    <p class='ocr_par' dir='ltr' id='par_1_1' title="bbox 191 261 311 327">
     <span class='ocr_line' id='line_1_1' title="bbox 191 261 311 327; baseline 0.017 -2"><span class='ocrx_word' id='word_1_1' title='bbox 191 261 311 327; x_wconf 81' lang='lat'>633</span> 
     </span>
    </p>
   </div>
   <div class='ocr_carea' id='block_1_2' title="bbox 1261 261 2545 335">
    <p class='ocr_par' dir='ltr' id='par_1_2' title="bbox 1261 261 2545 335">
     <span class='ocr_line' id='line_1_2' title="bbox 1261 261 2545 335; baseline -0.001 -8"><span class='ocrx_word' id='word_1_2' title='bbox 1261 262 1403 327; x_wconf 91' lang='lat' dir='ltr'>LlB.</span> <span class='ocrx_word' id='word_1_3' title='bbox 1449 262 1552 326; x_wconf 84' lang='lat' dir='ltr'>DE</span> <span class='ocrx_word' id='word_1_4' title='bbox 1593 261 1876 328; x_wconf 83' lang='lat' dir='ltr'>TRIBUS</span> <span class='ocrx_word' id='word_1_5' title='bbox 1922 261 2545 335; x_wconf 66' lang='lat' dir='ltr'>QUESTIONIBUS.</span> 
     </span>
    </p>
   </div>
   <div class='ocr_carea' id='block_1_3' title="bbox 3481 263 3602 326">
    <p class='ocr_par' dir='ltr' id='par_1_3' title="bbox 3481 263 3602 326">
     <span class='ocr_line' id='line_1_3' title="bbox 3481 263 3602 326; baseline 0 0"><span class='ocrx_word' id='word_1_6' title='bbox 3481 263 3602 326; x_wconf 65' lang='lat'>634</span> 
     </span>
    </p>
   </div>
   <div class='ocr_carea' id='block_1_4' title="bbox 186 394 3602 470">
    <p class='ocr_par' dir='ltr' id='par_1_4' title="bbox 186 394 3602 470">
     <span class='ocr_line' id='line_1_4' title="bbox 186 394 3602 470; baseline 0 -16"><span class='ocrx_word' id='word_1_7' title='bbox 186 395 532 470; x_wconf 86' lang='lat' dir='ltr'>operabitur</span> <span class='ocrx_word' id='word_1_8' title='bbox 563 413 869 470; x_wconf 82' lang='lat' dir='ltr'>quousque</span> <span class='ocrx_word' id='word_1_9' title='bbox 899 396 1315 454; x_wconf 82' lang='lat' dir='ltr'>excedentibus</span> <span class='ocrx_word' id='word_1_10' title='bbox 1331 396 1449 452; x_wconf 87' lang='lat' dir='ltr'>vita</span> <span class='ocrx_word' id='word_1_11' title='bbox 1470 394 1722 468; x_wconf 84' lang='lat' dir='ltr'>singulis</span> <span class='ocrx_word' id='word_1_12' title='bbox 1744 397 1844 452; x_wconf 86' lang='lat' dir='ltr'>ad-</span> <span class='ocrx_word' id='word_1_13' title='bbox 1876 395 1928 462; x_wconf 83' lang='grc' dir='ltr'>Α</span> <span class='ocrx_word' id='word_1_14' title='bbox 1957 395 2192 453; x_wconf 90' lang='lat' dir='ltr'>brosius</span> <span class='ocrx_word' id='word_1_15' title='bbox 2212 400 2406 452; x_wconf 88' lang='lat' dir='ltr'>autem</span> <span class='ocrx_word' id='word_1_16' title='bbox 2431 395 2714 467; x_wconf 82' lang='lat' dir='ltr'>scribens,</span> <span class='ocrx_word' id='word_1_17' title='bbox 2738 411 2854 452; x_wconf 88' lang='lat' dir='ltr'>non</span> <span class='ocrx_word' id='word_1_18' title='bbox 2885 400 2976 454; x_wconf 90' lang='lat' dir='ltr'>est</span> <span class='ocrx_word' id='word_1_19' title='bbox 3004 394 3064 453; x_wconf 89' lang='lat' dir='ltr'>in</span> <span class='ocrx_word' id='word_1_20' title='bbox 3092 401 3294 454; x_wconf 83' lang='lat' dir='ltr'>nostra</span> <span class='ocrx_word' id='word_1_21' title='bbox 3317 400 3602 470; x_wconf 73' lang='lat' dir='ltr'>potestate</span> 
     </span>
    </p>
   </div>
   <div class='ocr_carea' id='block_1_5' title="bbox 179 485 1842 559">
    <p class='ocr_par' dir='ltr' id='par_1_5' title="bbox 179 485 1842 559">
     <span class='ocr_line' id='line_1_5' title="bbox 179 485 1842 559; baseline -0.002 -17"><span class='ocrx_word' id='word_1_22' title='bbox 179 487 431 543; x_wconf 75' lang='lat' dir='ltr'>veniens</span> <span class='ocrx_word' id='word_1_23' title='bbox 462 485 708 559; x_wconf 81' lang='lat' dir='ltr'>incipiat</span> <span class='ocrx_word' id='word_1_24' title='bbox 739 487 977 543; x_wconf 78' lang='lat' dir='ltr'>reddere</span> <span class='ocrx_word' id='word_1_25' title='bbox 1009 487 1164 558; x_wconf 92' lang='lat' dir='ltr'>quod</span> <span class='ocrx_word' id='word_1_26' title='bbox 1197 487 1488 558; x_wconf 83' lang='lat' dir='ltr'>promisit.</span> <span class='ocrx_word' id='word_1_27' title='bbox 1523 487 1623 542; x_wconf 88' lang='lat' dir='ltr'>His</span> <span class='ocrx_word' id='word_1_28' title='bbox 1654 486 1842 541; x_wconf 83' lang='lat' dir='ltr'>omni-</span> 
     </span>
    </p>
   </div>
   <div class='ocr_carea' id='block_1_6' title="bbox 181 574 1846 648">
    <p class='ocr_par' dir='ltr' id='par_1_6' title="bbox 181 574 1846 648">
     <span class='ocr_line' id='line_1_6' title="bbox 181 574 1846 648; baseline -0.001 -17"><span class='ocrx_word' id='word_1_29' title='bbox 181 577 300 631; x_wconf 87' lang='lat' dir='ltr'>bus</span> <span class='ocrx_word' id='word_1_30' title='bbox 321 576 716 632; x_wconf 88' lang='lat' dir='ltr'>erudimurne</span> <span class='ocrx_word' id='word_1_31' title='bbox 736 591 900 648; x_wconf 89' lang='lat' dir='ltr'>spem</span> <span class='ocrx_word' id='word_1_32' title='bbox 924 575 982 630; x_wconf 90' lang='lat' dir='ltr'>in</span> <span class='ocrx_word' id='word_1_33' title='bbox 1007 575 1176 631; x_wconf 88' lang='lat' dir='ltr'>nobis</span> <span class='ocrx_word' id='word_1_34' title='bbox 1199 574 1551 630; x_wconf 85' lang='lat' dir='ltr'>collocemus</span> <span class='ocrx_word' id='word_1_35' title='bbox 1575 575 1846 647; x_wconf 88' lang='lat' dir='ltr'>opinione</span> 
     </span>
    </p>
   </div>
   <div class='ocr_carea' id='block_1_7' title="bbox 181 662 1847 739">
    <p class='ocr_par' dir='ltr' id='par_1_7' title="bbox 181 662 1847 739">
     <span class='ocr_line' id='line_1_7' title="bbox 181 662 1847 739; baseline -0.001 -20"><span class='ocrx_word' id='word_1_36' title='bbox 181 665 426 739; x_wconf 84' lang='lat' dir='ltr'>gravius</span> <span class='ocrx_word' id='word_1_37' title='bbox 459 664 1011 736; x_wconf 86' lang='lat' dir='ltr'>delinquentes;sed</span> <span class='ocrx_word' id='word_1_38' title='bbox 1031 667 1250 719; x_wconf 89' lang='lat' dir='ltr'>statum</span> <span class='ocrx_word' id='word_1_39' title='bbox 1281 668 1551 719; x_wconf 88' lang='lat' dir='ltr'>nostrum</span> <span class='ocrx_word' id='word_1_40' title='bbox 1583 662 1847 719; x_wconf 91' lang='lat' dir='ltr'>munien-</span> 
     </span>
    </p>
   </div>
   <div class='ocr_carea' id='block_1_8' title="bbox 179 751 1848 824">
    <p class='ocr_par' dir='ltr' id='par_1_8' title="bbox 179 751 1848 824">
     <span class='ocr_line' id='line_1_8' title="bbox 179 751 1848 824; baseline -0.001 -15"><span class='ocrx_word' id='word_1_41' title='bbox 179 759 298 820; x_wconf 90' lang='lat' dir='ltr'>tes,</span> <span class='ocrx_word' id='word_1_42' title='bbox 329 753 514 808; x_wconf 82' lang='lat' dir='ltr'>totius</span> <span class='ocrx_word' id='word_1_43' title='bbox 559 757 770 808; x_wconf 71' lang='lat' dir='ltr'>nostra:</span> <span class='ocrx_word' id='word_1_44' title='bbox 809 753 930 824; x_wconf 89' lang='lat' dir='ltr'>spei</span> <span class='ocrx_word' id='word_1_45' title='bbox 963 751 1388 824; x_wconf 80' lang='lat' dir='ltr'>plenitudinem</span> <span class='ocrx_word' id='word_1_46' title='bbox 1423 753 1848 808; x_wconf 78' lang='lat' dir='ltr'>transferamus</span> 
     </span>
    </p>
   </div>
   <div class='ocr_carea' id='block_1_9' title="bbox 185 841 1846 913">
    <p class='ocr_par' dir='ltr' id='par_1_9' title="bbox 185 841 1846 913">
     <span class='ocr_line' id='line_1_9' title="bbox 185 841 1846 913; baseline -0.001 -16"><span class='ocrx_word' id='word_1_47' title='bbox 185 842 249 898; x_wconf 89' lang='lat' dir='ltr'>in</span> <span class='ocrx_word' id='word_1_48' title='bbox 281 841 476 908; x_wconf 87' lang='lat' dir='ltr'>illum,</span> <span class='ocrx_word' id='word_1_49' title='bbox 512 841 612 912; x_wconf 85' lang='lat' dir='ltr'>qui</span> <span class='ocrx_word' id='word_1_50' title='bbox 663 845 967 913; x_wconf 82' lang='lat' dir='ltr'>propterea</span> <span class='ocrx_word' id='word_1_51' title='bbox 1003 857 1109 896; x_wconf 88' lang='lat' dir='ltr'>nos</span> <span class='ocrx_word' id='word_1_52' title='bbox 1140 841 1212 896; x_wconf 87' lang='lat' dir='ltr'>ad</span> <span class='ocrx_word' id='word_1_53' title='bbox 1245 858 1306 896; x_wconf 89' lang='lat' dir='ltr'>se</span> <span class='ocrx_word' id='word_1_54' title='bbox 1335 847 1501 897; x_wconf 90' lang='lat' dir='ltr'>vocat</span> <span class='ocrx_word' id='word_1_55' title='bbox 1533 847 1596 896; x_wconf 93' lang='lat' dir='ltr'>ut</span> <span class='ocrx_word' id='word_1_56' title='bbox 1624 842 1846 907; x_wconf 82' lang='lat' dir='ltr'>tuleiat,</span> 
     </span>
    </p>
   </div>
   <div class='ocr_carea' id='block_1_10' title="bbox 185 929 1848 1002">
    <p class='ocr_par' dir='ltr' id='par_1_10' title="bbox 185 929 1848 1002">
     <span class='ocr_line' id='line_1_10' title="bbox 185 929 1848 1002; baseline 0 -16"><span class='ocrx_word' id='word_1_57' title='bbox 185 931 414 986; x_wconf 90' lang='lat' dir='ltr'>idcirco</span> <span class='ocrx_word' id='word_1_58' title='bbox 439 930 747 1002; x_wconf 86' lang='lat' dir='ltr'>profutura</span> <span class='ocrx_word' id='word_1_59' title='bbox 775 947 882 986; x_wconf 90' lang='lat' dir='ltr'>nos</span> <span class='ocrx_word' id='word_1_60' title='bbox 913 934 1106 1002; x_wconf 88' lang='lat' dir='ltr'>petere</span> <span class='ocrx_word' id='word_1_61' title='bbox 1135 929 1344 985; x_wconf 86' lang='lat' dir='ltr'>invitat</span> <span class='ocrx_word' id='word_1_62' title='bbox 1373 934 1438 985; x_wconf 90' lang='lat' dir='ltr'>ut</span> <span class='ocrx_word' id='word_1_63' title='bbox 1457 931 1694 998; x_wconf 86' lang='lat' dir='ltr'>tribuat,</span> <span class='ocrx_word' id='word_1_64' title='bbox 1719 930 1848 986; x_wconf 91' lang='lat' dir='ltr'>ideo</span> 
     </span>
    </p>
   </div>
   <div class='ocr_carea' id='block_1_11' title="bbox 192 1018 1848 1091">
    <p class='ocr_par' dir='ltr' id='par_1_11' title="bbox 192 1018 1848 1091">
     <span class='ocr_line' id='line_1_11' title="bbox 192 1018 1848 1091; baseline -0.001 -16"><span class='ocrx_word' id='word_1_65' title='bbox 192 1037 266 1075; x_wconf 88' lang='lat' dir='ltr'>ne</span> <span class='ocrx_word' id='word_1_66' title='bbox 319 1018 493 1074; x_wconf 87' lang='lat' dir='ltr'>nobis</span> <span class='ocrx_word' id='word_1_67' title='bbox 544 1019 912 1074; x_wconf 76' lang='lat' dir='ltr'>confidamus</span> <span class='ocrx_word' id='word_1_68' title='bbox 957 1023 1158 1086; x_wconf 89' lang='lat' dir='ltr'>terret,</span> <span class='ocrx_word' id='word_1_69' title='bbox 1186 1035 1259 1074; x_wconf 88' lang='lat' dir='ltr'>ne</span> <span class='ocrx_word' id='word_1_70' title='bbox 1302 1019 1549 1074; x_wconf 87' lang='lat' dir='ltr'>deserat.</span> <span class='ocrx_word' id='word_1_71' title='bbox 1585 1020 1848 1091; x_wconf 82' lang='lat' dir='ltr'>Namque</span> 
     </span>
    </p>
   </div>
   <div class='ocr_carea' id='block_1_12' title="bbox 189 1107 1846 1179">
    <p class='ocr_par' dir='ltr' id='par_1_12' title="bbox 189 1107 1846 1179">
     <span class='ocr_line' id='line_1_12' title="bbox 189 1107 1846 1179; baseline 0.001 -16"><span class='ocrx_word' id='word_1_72' title='bbox 189 1108 550 1164; x_wconf 88' lang='lat' dir='ltr'>maledictus</span> <span class='ocrx_word' id='word_1_73' title='bbox 597 1107 773 1163; x_wconf 91' lang='lat' dir='ltr'>homo</span> <span class='ocrx_word' id='word_1_74' title='bbox 824 1112 912 1163; x_wconf 90' lang='lat' dir='ltr'>est</span> <span class='ocrx_word' id='word_1_75' title='bbox 960 1107 1058 1179; x_wconf 88' lang='lat' dir='ltr'>qui</span> <span class='ocrx_word' id='word_1_76' title='bbox 1104 1124 1267 1178; x_wconf 87' lang='lat' dir='ltr'>spem</span> <span class='ocrx_word' id='word_1_77' title='bbox 1307 1107 1472 1179; x_wconf 86' lang='lat' dir='ltr'>ponit</span> <span class='ocrx_word' id='word_1_78' title='bbox 1500 1109 1556 1162; x_wconf 91' lang='lat' dir='ltr'>in</span> <span class='ocrx_word' id='word_1_79' title='bbox 1590 1109 1846 1165; x_wconf 87' lang='lat' dir='ltr'>homine.</span> 
     </span>
    </p>
   </div>
   <div class='ocr_carea' id='block_1_13' title="bbox 189 1197 1846 1269">
    <p class='ocr_par' dir='ltr' id='par_1_13' title="bbox 189 1197 1846 1269">
     <span class='ocr_line' id='line_1_13' title="bbox 189 1197 1846 1269; baseline 0 -17"><span class='ocrx_word' id='word_1_80' title='bbox 189 1198 298 1262; x_wconf 88' lang='lat' dir='ltr'>Qui</span> <span class='ocrx_word' id='word_1_81' title='bbox 333 1200 534 1252; x_wconf 90' lang='lat' dir='ltr'>autem</span> <span class='ocrx_word' id='word_1_82' title='bbox 584 1213 712 1252; x_wconf 90' lang='lat' dir='ltr'>eam</span> <span class='ocrx_word' id='word_1_83' title='bbox 762 1197 820 1250; x_wconf 90' lang='lat' dir='ltr'>in</span> <span class='ocrx_word' id='word_1_84' title='bbox 853 1197 1044 1268; x_wconf 91' lang='lat' dir='ltr'>seipso</span> <span class='ocrx_word' id='word_1_85' title='bbox 1079 1197 1266 1269; x_wconf 87' lang='lat' dir='ltr'>ponit,</span> <span class='ocrx_word' id='word_1_86' title='bbox 1300 1197 1360 1251; x_wconf 92' lang='lat' dir='ltr'>in</span> <span class='ocrx_word' id='word_1_87' title='bbox 1392 1197 1629 1252; x_wconf 89' lang='lat' dir='ltr'>homine</span> <span class='ocrx_word' id='word_1_88' title='bbox 1661 1198 1846 1269; x_wconf 89' lang='lat' dir='ltr'>ponit.</span> 
     </span>
    </p>
   </div>
   <div class='ocr_carea' id='block_1_14' title="bbox 187 1285 1849 1358">
    <p class='ocr_par' dir='ltr' id='par_1_14' title="bbox 187 1285 1849 1358">
     <span class='ocr_line' id='line_1_14' title="bbox 187 1285 1849 1358; baseline 0 -17"><span class='ocrx_word' id='word_1_89' title='bbox 187 1285 548 1341; x_wconf 81' lang='lat' dir='ltr'>Maledictus</span> <span class='ocrx_word' id='word_1_90' title='bbox 577 1285 760 1357; x_wconf 85' lang='lat' dir='ltr'>igitur</span> <span class='ocrx_word' id='word_1_91' title='bbox 805 1290 912 1340; x_wconf 89' lang='lat' dir='ltr'>est.</span> <span class='ocrx_word' id='word_1_92' title='bbox 947 1285 1098 1341; x_wconf 89' lang='lat' dir='ltr'>Sane</span> <span class='ocrx_word' id='word_1_93' title='bbox 1145 1285 1245 1341; x_wconf 89' lang='lat' dir='ltr'>Dei</span> <span class='ocrx_word' id='word_1_94' title='bbox 1296 1285 1528 1341; x_wconf 85' lang='lat' dir='ltr'>bonitas</span> <span class='ocrx_word' id='word_1_95' title='bbox 1576 1286 1849 1358; x_wconf 63' lang='lat' dir='ltr'>praeclare</span> 
     </span>
    </p>
   </div>
   <div class='ocr_carea' id='block_1_15' title="bbox 187 1374 1853 1439">
    <p class='ocr_par' dir='ltr' id='par_1_15' title="bbox 187 1374 1853 1439">
     <span class='ocr_line' id='line_1_15' title="bbox 187 1374 1853 1439; baseline -0.001 -8"><span class='ocrx_word' id='word_1_96' title='bbox 187 1375 666 1439; x_wconf 82' lang='lat' dir='ltr'>commendatur,</span> <span class='ocrx_word' id='word_1_97' title='bbox 697 1391 830 1429; x_wconf 81' lang='lat' dir='ltr'>cum</span> <span class='ocrx_word' id='word_1_98' title='bbox 881 1374 1222 1430; x_wconf 86' lang='lat' dir='ltr'>benedictus</span> <span class='ocrx_word' id='word_1_99' title='bbox 1270 1391 1398 1429; x_wconf 92' lang='lat' dir='ltr'>esse</span> <span class='ocrx_word' id='word_1_100' title='bbox 1443 1375 1532 1428; x_wconf 90' lang='lat' dir='ltr'>vir</span> <span class='ocrx_word' id='word_1_101' title='bbox 1569 1375 1853 1431; x_wconf 87' lang='lat' dir='ltr'>asseritur</span> 
     </span>
    </p>
   </div>
   <div class='ocr_carea' id='block_1_16' title="bbox 189 1462 1850 1537">
    <p class='ocr_par' dir='ltr' id='par_1_16' title="bbox 189 1462 1850 1537">
     <span class='ocr_line' id='line_1_16' title="bbox 189 1462 1850 1537; baseline 0 -19"><span class='ocrx_word' id='word_1_102' title='bbox 189 1464 292 1537; x_wconf 87' lang='lat' dir='ltr'>qui</span> <span class='ocrx_word' id='word_1_103' title='bbox 317 1463 568 1519; x_wconf 88' lang='lat' dir='ltr'>confidit</span> <span class='ocrx_word' id='word_1_104' title='bbox 587 1462 647 1516; x_wconf 89' lang='lat' dir='ltr'>in</span> <span class='ocrx_word' id='word_1_105' title='bbox 673 1462 937 1526; x_wconf 87' lang='lat' dir='ltr'>Domino,</span> <span class='ocrx_word' id='word_1_106' title='bbox 956 1467 1014 1518; x_wconf 87' lang='lat' dir='ltr'>et</span> <span class='ocrx_word' id='word_1_107' title='bbox 1033 1462 1194 1519; x_wconf 90' lang='lat' dir='ltr'>solus</span> <span class='ocrx_word' id='word_1_108' title='bbox 1225 1462 1523 1519; x_wconf 88' lang='lat' dir='ltr'>interdum</span> <span class='ocrx_word' id='word_1_109' title='bbox 1551 1465 1850 1519; x_wconf 78' lang='lat' dir='ltr'>confiden-</span> 
     </span>
    </p>
   </div>
   <div class='ocr_carea' id='block_1_17' title="bbox 186 1551 1850 1624">
    <p class='ocr_par' dir='ltr' id='par_1_17' title="bbox 186 1551 1850 1624">
     <span class='ocr_line' id='line_1_17' title="bbox 186 1551 1850 1624; baseline -0.002 -15"><span class='ocrx_word' id='word_1_110' title='bbox 186 1552 268 1609; x_wconf 84' lang='lat' dir='ltr'>tis</span> <span class='ocrx_word' id='word_1_111' title='bbox 288 1553 544 1608; x_wconf 64' lang='lat' dir='ltr'>affectus</span> <span class='ocrx_word' id='word_1_112' title='bbox 567 1551 873 1624; x_wconf 74' lang='lat' dir='ltr'>praemium</span> <span class='ocrx_word' id='word_1_113' title='bbox 888 1553 1014 1624; x_wconf 86' lang='lat' dir='ltr'>jam</span> <span class='ocrx_word' id='word_1_114' title='bbox 1045 1551 1467 1607; x_wconf 88' lang='lat' dir='ltr'>benedictionis</span> <span class='ocrx_word' id='word_1_115' title='bbox 1496 1551 1850 1624; x_wconf 86' lang='lat' dir='ltr'>assequitur.</span> 
     </span>
    </p>
   </div>
   <div class='ocr_carea' id='block_1_18' title="bbox 188 1639 1850 1713">
    <p class='ocr_par' dir='ltr' id='par_1_18' title="bbox 188 1639 1850 1713">
     <span class='ocr_line' id='line_1_18' title="bbox 188 1639 1850 1713; baseline -0.001 -16"><span class='ocrx_word' id='word_1_116' title='bbox 188 1642 624 1698; x_wconf 77' lang='lat' dir='ltr'>Amantautem</span> <span class='ocrx_word' id='word_1_117' title='bbox 639 1641 928 1696; x_wconf 91' lang='lat' dir='ltr'>immundi</span> <span class='ocrx_word' id='word_1_118' title='bbox 951 1639 1192 1712; x_wconf 79' lang='lat' dir='ltr'>spiritus</span> <span class='ocrx_word' id='word_1_119' title='bbox 1204 1640 1528 1713; x_wconf 89' lang='lat' dir='ltr'>decipiendi</span> <span class='ocrx_word' id='word_1_120' title='bbox 1542 1645 1671 1696; x_wconf 89' lang='lat' dir='ltr'>astu</span> <span class='ocrx_word' id='word_1_121' title='bbox 1687 1657 1850 1712; x_wconf 90' lang='lat' dir='ltr'>spem</span> 
     </span>
    </p>
   </div>
   <div class='ocr_carea' id='block_1_19' title="bbox 1955 485 3606 559">
    <p class='ocr_par' dir='ltr' id='par_1_19' title="bbox 1955 485 3606 559">
     <span class='ocr_line' id='line_1_19' title="bbox 1955 485 3606 559; baseline 0.002 -19"><span class='ocrx_word' id='word_1_122' title='bbox 1955 503 2054 542; x_wconf 92' lang='lat' dir='ltr'>cor</span> <span class='ocrx_word' id='word_1_123' title='bbox 2068 491 2332 541; x_wconf 87' lang='lat' dir='ltr'>nostrum</span> <span class='ocrx_word' id='word_1_124' title='bbox 2355 491 2413 542; x_wconf 92' lang='lat' dir='ltr'>et</span> <span class='ocrx_word' id='word_1_125' title='bbox 2434 491 2646 542; x_wconf 71' lang='lat' dir='ltr'>nostrae</span> <span class='ocrx_word' id='word_1_126' title='bbox 2677 485 3080 559; x_wconf 85' lang='lat' dir='ltr'>cogitationes,</span> <span class='ocrx_word' id='word_1_127' title='bbox 3105 487 3280 543; x_wconf 89' lang='lat' dir='ltr'>etiam</span> <span class='ocrx_word' id='word_1_128' title='bbox 3302 487 3432 559; x_wconf 87' lang='lat' dir='ltr'>ipsa</span> <span class='ocrx_word' id='word_1_129' title='bbox 3451 485 3606 543; x_wconf 83' lang='lat' dir='ltr'>facta</span> 
     </span>
    </p>
   </div>
   <div class='ocr_carea' id='block_1_20' title="bbox 1954 575 3608 648">
    <p class='ocr_par' dir='ltr' id='par_1_20' title="bbox 1954 575 3608 648">
     <span class='ocr_line' id='line_1_20' title="bbox 1954 575 3608 648; baseline 0.001 -18"><span class='ocrx_word' id='word_1_130' title='bbox 1954 580 2011 630; x_wconf 89' lang='lat' dir='ltr'>et</span> <span class='ocrx_word' id='word_1_131' title='bbox 2040 575 2196 630; x_wconf 87' lang='lat' dir='ltr'>dicta</span> <span class='ocrx_word' id='word_1_132' title='bbox 2244 575 2704 647; x_wconf 89' lang='lat' dir='ltr'>comprehendit,</span> <span class='ocrx_word' id='word_1_133' title='bbox 2738 592 2866 646; x_wconf 68' lang='lat' dir='ltr'>quae</span> <span class='ocrx_word' id='word_1_134' title='bbox 2917 577 3172 648; x_wconf 84' lang='lat' dir='ltr'>profecto</span> <span class='ocrx_word' id='word_1_135' title='bbox 3214 593 3282 632; x_wconf 90' lang='lat' dir='ltr'>ex</span> <span class='ocrx_word' id='word_1_136' title='bbox 3328 577 3502 632; x_wconf 88' lang='lat' dir='ltr'>corde</span> <span class='ocrx_word' id='word_1_137' title='bbox 3549 580 3608 632; x_wconf 90' lang='lat' dir='ltr'>et</span> 
     </span>
    </p>
   </div>
   <div class='ocr_carea' id='block_1_21' title="bbox 1955 664 3608 736">
    <p class='ocr_par' dir='ltr' id='par_1_21' title="bbox 1955 664 3608 736">
     <span class='ocr_line' id='line_1_21' title="bbox 1955 664 3608 736; baseline 0.002 -17"><span class='ocrx_word' id='word_1_138' title='bbox 1955 664 2307 735; x_wconf 86' lang='lat' dir='ltr'>cogitatione</span> <span class='ocrx_word' id='word_1_139' title='bbox 2341 665 2686 736; x_wconf 91' lang='lat' dir='ltr'>procedunt.</span> <span class='ocrx_word' id='word_1_140' title='bbox 2721 664 3110 736; x_wconf 74' lang='lat' dir='ltr'>Hieronymus</span> <span class='ocrx_word' id='word_1_141' title='bbox 3132 665 3328 720; x_wconf 89' lang='lat' dir='ltr'>divina</span> <span class='ocrx_word' id='word_1_142' title='bbox 3347 670 3404 722; x_wconf 89' lang='lat' dir='ltr'>et</span> <span class='ocrx_word' id='word_1_143' title='bbox 3424 666 3502 734; x_wconf 86' lang='lat' dir='ltr'>(b)</span> <span class='ocrx_word' id='word_1_144' title='bbox 3523 682 3608 722; x_wconf 90' lang='lat' dir='ltr'>se-</span> 
     </span>
    </p>
   </div>
   <div class='ocr_carea' id='block_1_22' title="bbox 1957 752 3607 826">
    <p class='ocr_par' dir='ltr' id='par_1_22' title="bbox 1957 752 3607 826">
     <span class='ocr_line' id='line_1_22' title="bbox 1957 752 3607 826; baseline 0.002 -18"><span class='ocrx_word' id='word_1_145' title='bbox 1957 752 2138 808; x_wconf 89' lang='lat' dir='ltr'>culari</span> <span class='ocrx_word' id='word_1_146' title='bbox 2171 753 2433 808; x_wconf 90' lang='lat' dir='ltr'>doctrina</span> <span class='ocrx_word' id='word_1_147' title='bbox 2467 754 2794 825; x_wconf 80' lang='lat' dir='ltr'>praecipuus</span> <span class='ocrx_word' id='word_1_148' title='bbox 2823 757 2880 807; x_wconf 94' lang='lat' dir='ltr'>et</span> <span class='ocrx_word' id='word_1_149' title='bbox 2908 753 3066 808; x_wconf 90' lang='lat' dir='ltr'>velut</span> <span class='ocrx_word' id='word_1_150' title='bbox 3103 754 3343 825; x_wconf 90' lang='lat' dir='ltr'>quidam</span> <span class='ocrx_word' id='word_1_151' title='bbox 3395 769 3607 826; x_wconf 80' lang='lat' dir='ltr'>parens</span> 
     </span>
    </p>
   </div>
   <div class='ocr_carea' id='block_1_23' title="bbox 1958 841 3609 914">
    <p class='ocr_par' dir='ltr' id='par_1_23' title="bbox 1958 841 3609 914">
     <span class='ocr_line' id='line_1_23' title="bbox 1958 841 3609 914; baseline 0.001 -17"><span class='ocrx_word' id='word_1_152' title='bbox 1958 859 2089 898; x_wconf 91' lang='lat' dir='ltr'>cum</span> <span class='ocrx_word' id='word_1_153' title='bbox 2122 842 2448 914; x_wconf 86' lang='lat' dir='ltr'>Augustino</span> <span class='ocrx_word' id='word_1_154' title='bbox 2479 841 2886 897; x_wconf 69' lang='lat' dir='ltr'>ecclesiasticae</span> <span class='ocrx_word' id='word_1_155' title='bbox 2917 841 3319 914; x_wconf 77' lang='lat' dir='ltr'>philosophiae,</span> <span class='ocrx_word' id='word_1_156' title='bbox 3344 860 3472 914; x_wconf 67' lang='lat' dir='ltr'>qua:</span> <span class='ocrx_word' id='word_1_157' title='bbox 3505 844 3609 899; x_wconf 87' lang='lat' dir='ltr'>hu-</span> 
     </span>
    </p>
   </div>
   <div class='ocr_carea' id='block_1_24' title="bbox 1959 929 3606 1001">
    <p class='ocr_par' dir='ltr' id='par_1_24' title="bbox 1959 929 3606 1001">
     <span class='ocr_line' id='line_1_24' title="bbox 1959 929 3606 1001; baseline 0.001 -16"><span class='ocrx_word' id='word_1_158' title='bbox 1959 947 2195 985; x_wconf 88' lang='lat' dir='ltr'>manam</span> <span class='ocrx_word' id='word_1_159' title='bbox 2229 947 2333 984; x_wconf 91' lang='lat' dir='ltr'>nec</span> <span class='ocrx_word' id='word_1_160' title='bbox 2368 929 2619 984; x_wconf 90' lang='lat' dir='ltr'>multum</span> <span class='ocrx_word' id='word_1_161' title='bbox 2661 930 2899 1001; x_wconf 91' lang='lat' dir='ltr'>appetit,</span> <span class='ocrx_word' id='word_1_162' title='bbox 2939 946 3039 985; x_wconf 85' lang='lat' dir='ltr'>nec</span> <span class='ocrx_word' id='word_1_163' title='bbox 3070 930 3131 984; x_wconf 90' lang='lat' dir='ltr'>in</span> <span class='ocrx_word' id='word_1_164' title='bbox 3163 931 3438 988; x_wconf 89' lang='lat' dir='ltr'>omnibus</span> <span class='ocrx_word' id='word_1_165' title='bbox 3469 948 3606 987; x_wconf 78' lang='lat' dir='ltr'>con-</span> 
     </span>
    </p>
   </div>
   <div class='ocr_carea' id='block_1_25' title="bbox 1956 1018 3610 1091">
    <p class='ocr_par' dir='ltr' id='par_1_25' title="bbox 1956 1018 3610 1091">
     <span class='ocr_line' id='line_1_25' title="bbox 1956 1018 3610 1091; baseline 0.001 -17"><span class='ocrx_word' id='word_1_166' title='bbox 1956 1019 2188 1085; x_wconf 85' lang='lat' dir='ltr'>temnit,</span> <span class='ocrx_word' id='word_1_167' title='bbox 2213 1018 2582 1091; x_wconf 76' lang='lat' dir='ltr'>Pelagianam</span> <span class='ocrx_word' id='word_1_168' title='bbox 2616 1018 2862 1073; x_wconf 63' lang='lat' dir='ltr'>haresin</span> <span class='ocrx_word' id='word_1_169' title='bbox 2892 1035 3092 1075; x_wconf 88' lang='lat' dir='ltr'>recens</span> <span class='ocrx_word' id='word_1_170' title='bbox 3122 1023 3380 1074; x_wconf 78' lang='lat' dir='ltr'>exortam</span> <span class='ocrx_word' id='word_1_171' title='bbox 3414 1025 3610 1091; x_wconf 88' lang='lat' dir='ltr'>poten-</span> 
     </span>
    </p>
   </div>
   <div class='ocr_carea' id='block_1_26' title="bbox 1958 1107 3609 1179">
    <p class='ocr_par' dir='ltr' id='par_1_26' title="bbox 1958 1107 3609 1179">
     <span class='ocr_line' id='line_1_26' title="bbox 1958 1107 3609 1179; baseline 0.001 -17"><span class='ocrx_word' id='word_1_172' title='bbox 1958 1113 2046 1164; x_wconf 90' lang='lat' dir='ltr'>ter</span> <span class='ocrx_word' id='word_1_173' title='bbox 2075 1107 2392 1163; x_wconf 88' lang='lat' dir='ltr'>debellans.</span> <span class='ocrx_word' id='word_1_174' title='bbox 2429 1107 2509 1173; x_wconf 91' lang='lat' dir='ltr'>Si,</span> <span class='ocrx_word' id='word_1_175' title='bbox 2547 1107 2756 1178; x_wconf 87' lang='lat' dir='ltr'>inquit,</span> <span class='ocrx_word' id='word_1_176' title='bbox 2791 1107 2850 1162; x_wconf 92' lang='lat' dir='ltr'>in</span> <span class='ocrx_word' id='word_1_177' title='bbox 2882 1123 2948 1163; x_wconf 90' lang='lat' dir='ltr'>eo</span> <span class='ocrx_word' id='word_1_178' title='bbox 2991 1112 3222 1162; x_wconf 85' lang='lat' dir='ltr'>tantum</span> <span class='ocrx_word' id='word_1_179' title='bbox 3270 1108 3370 1163; x_wconf 89' lang='lat' dir='ltr'>Dei</span> <span class='ocrx_word' id='word_1_180' title='bbox 3420 1109 3609 1179; x_wconf 88' lang='lat' dir='ltr'>gratia</span> 
     </span>
    </p>
   </div>
   <div class='ocr_carea' id='block_1_27' title="bbox 1959 1195 3610 1268">
    <p class='ocr_par' dir='ltr' id='par_1_27' title="bbox 1959 1195 3610 1268">
     <span class='ocr_line' id='line_1_27' title="bbox 1959 1195 3610 1268; baseline 0 -16"><span class='ocrx_word' id='word_1_181' title='bbox 1959 1201 2067 1264; x_wconf 89' lang='lat' dir='ltr'>est,</span> <span class='ocrx_word' id='word_1_182' title='bbox 2104 1197 2258 1268; x_wconf 91' lang='lat' dir='ltr'>quod</span> <span class='ocrx_word' id='word_1_183' title='bbox 2292 1197 2536 1267; x_wconf 78' lang='lat' dir='ltr'>propriae</span> <span class='ocrx_word' id='word_1_184' title='bbox 2571 1198 2724 1252; x_wconf 72' lang='lat'><strong>223</strong></span> <span class='ocrx_word' id='word_1_185' title='bbox 2755 1213 2861 1251; x_wconf 90' lang='lat' dir='ltr'>nos</span> <span class='ocrx_word' id='word_1_186' title='bbox 2894 1197 3154 1251; x_wconf 89' lang='lat' dir='ltr'>condidit</span> <span class='ocrx_word' id='word_1_187' title='bbox 3179 1195 3520 1266; x_wconf 85' lang='lat' dir='ltr'>voluntatis,</span> <span class='ocrx_word' id='word_1_188' title='bbox 3552 1202 3610 1254; x_wconf 88' lang='lat' dir='ltr'>et</span> 
     </span>
    </p>
   </div>
   <div class='ocr_carea' id='block_1_28' title="bbox 1959 1285 3612 1362">
    <p class='ocr_par' dir='ltr' id='par_1_28' title="bbox 1959 1285 3612 1362">
     <span class='ocr_line' id='line_1_28' title="bbox 1959 1285 3612 1362; baseline 0 -21"><span class='ocrx_word' id='word_1_189' title='bbox 1959 1285 2140 1341; x_wconf 91' lang='lat' dir='ltr'>libero</span> <span class='ocrx_word' id='word_1_190' title='bbox 2168 1285 2406 1340; x_wconf 91' lang='lat' dir='ltr'>arbitrio</span> <span class='ocrx_word' id='word_1_191' title='bbox 2439 1286 2692 1340; x_wconf 89' lang='lat' dir='ltr'>contenti</span> <span class='ocrx_word' id='word_1_192' title='bbox 2724 1302 2956 1362; x_wconf 79' lang='lat' dir='ltr'>sumus,</span> <span class='ocrx_word' id='word_1_193' title='bbox 2989 1302 3096 1341; x_wconf 89' lang='lat' dir='ltr'>nec</span> <span class='ocrx_word' id='word_1_194' title='bbox 3127 1285 3278 1340; x_wconf 88' lang='lat' dir='ltr'>ultra</span> <span class='ocrx_word' id='word_1_195' title='bbox 3307 1288 3434 1357; x_wconf 87' lang='lat' dir='ltr'>ejus</span> <span class='ocrx_word' id='word_1_196' title='bbox 3464 1286 3612 1342; x_wconf 85' lang='lat' dir='ltr'>indi-</span> 
     </span>
    </p>
   </div>
   <div class='ocr_carea' id='block_1_29' title="bbox 1960 1373 3612 1447">
    <p class='ocr_par' dir='ltr' id='par_1_29' title="bbox 1960 1373 3612 1447">
     <span class='ocr_line' id='line_1_29' title="bbox 1960 1373 3612 1447; baseline 0 -18"><span class='ocrx_word' id='word_1_197' title='bbox 1960 1390 2277 1447; x_wconf 89' lang='lat' dir='ltr'>gemus,ne</span> <span class='ocrx_word' id='word_1_198' title='bbox 2309 1374 2355 1429; x_wconf 90' lang='lat' dir='ltr'>si</span> <span class='ocrx_word' id='word_1_199' title='bbox 2387 1373 2818 1446; x_wconf 89' lang='lat' dir='ltr'>indiguerimus</span> <span class='ocrx_word' id='word_1_200' title='bbox 2849 1373 3099 1429; x_wconf 88' lang='lat' dir='ltr'>liberum</span> <span class='ocrx_word' id='word_1_201' title='bbox 3131 1375 3434 1447; x_wconf 83' lang='lat' dir='ltr'>frangatur</span> <span class='ocrx_word' id='word_1_202' title='bbox 3463 1374 3612 1430; x_wconf 89' lang='lat' dir='ltr'>arbi-</span> 
     </span>
    </p>
   </div>
   <div class='ocr_carea' id='block_1_30' title="bbox 1962 1461 3611 1536">
    <p class='ocr_par' dir='ltr' id='par_1_30' title="bbox 1962 1461 3611 1536">
     <span class='ocr_line' id='line_1_30' title="bbox 1962 1461 3611 1536; baseline 0 -18"><span class='ocrx_word' id='word_1_203' title='bbox 1962 1465 2165 1528; x_wconf 89' lang='lat' dir='ltr'>trium,</span> <span class='ocrx_word' id='word_1_204' title='bbox 2197 1479 2333 1536; x_wconf 90' lang='lat' dir='ltr'>ergo</span> <span class='ocrx_word' id='word_1_205' title='bbox 2368 1479 2556 1534; x_wconf 90' lang='lat' dir='ltr'>neque</span> <span class='ocrx_word' id='word_1_206' title='bbox 2589 1461 2745 1517; x_wconf 90' lang='lat' dir='ltr'>ultra</span> <span class='ocrx_word' id='word_1_207' title='bbox 2791 1479 2956 1518; x_wconf 87' lang='lat' dir='ltr'>orare</span> <span class='ocrx_word' id='word_1_208' title='bbox 3006 1463 3289 1518; x_wconf 90' lang='lat' dir='ltr'>debemus</span> <span class='ocrx_word' id='word_1_209' title='bbox 3319 1479 3423 1519; x_wconf 89' lang='lat' dir='ltr'>nec</span> <span class='ocrx_word' id='word_1_210' title='bbox 3448 1463 3611 1518; x_wconf 82' lang='lat' dir='ltr'>illius</span> 
     </span>
    </p>
   </div>
   <div class='ocr_carea' id='block_1_31' title="bbox 1961 1551 3614 1624">
    <p class='ocr_par' dir='ltr' id='par_1_31' title="bbox 1961 1551 3614 1624">
     <span class='ocr_line' id='line_1_31' title="bbox 1961 1551 3614 1624; baseline 0.001 -18"><span class='ocrx_word' id='word_1_211' title='bbox 1961 1552 2330 1608; x_wconf 89' lang='lat' dir='ltr'>clementiam</span> <span class='ocrx_word' id='word_1_212' title='bbox 2354 1551 2625 1624; x_wconf 90' lang='lat' dir='ltr'>precibus</span> <span class='ocrx_word' id='word_1_213' title='bbox 2648 1552 2876 1607; x_wconf 85' lang='lat' dir='ltr'>flectere</span> <span class='ocrx_word' id='word_1_214' title='bbox 2896 1557 2959 1606; x_wconf 92' lang='lat' dir='ltr'>ut</span> <span class='ocrx_word' id='word_1_215' title='bbox 2975 1551 3333 1624; x_wconf 82' lang='lat' dir='ltr'>accipiamus</span> <span class='ocrx_word' id='word_1_216' title='bbox 3353 1552 3614 1624; x_wconf 78' lang='lat' dir='ltr'>quotidie</span> 
     </span>
    </p>
   </div>
   <div class='ocr_carea' id='block_1_32' title="bbox 1963 1640 3430 1714">
    <p class='ocr_par' dir='ltr' id='par_1_32' title="bbox 1963 1640 3430 1714">
     <span class='ocr_line' id='line_1_32' title="bbox 1963 1640 3430 1714; baseline 0.001 -18"><span class='ocrx_word' id='word_1_217' title='bbox 1963 1643 2118 1714; x_wconf 91' lang='lat' dir='ltr'>quod</span> <span class='ocrx_word' id='word_1_218' title='bbox 2150 1641 2328 1697; x_wconf 87' lang='lat' dir='ltr'>semel</span> <span class='ocrx_word' id='word_1_219' title='bbox 2361 1645 2664 1712; x_wconf 89' lang='lat' dir='ltr'>acceptum</span> <span class='ocrx_word' id='word_1_220' title='bbox 2696 1640 2753 1695; x_wconf 91' lang='lat' dir='ltr'>in</span> <span class='ocrx_word' id='word_1_221' title='bbox 2785 1644 2986 1696; x_wconf 85' lang='lat' dir='ltr'>nostra</span> <span class='ocrx_word' id='word_1_222' title='bbox 3012 1644 3102 1696; x_wconf 88' lang='lat' dir='ltr'>est</span> <span class='ocrx_word' id='word_1_223' title='bbox 3131 1645 3430 1712; x_wconf 88' lang='lat' dir='ltr'>potestate.</span> 
     </span>
    </p>
   </div>
   <div class='ocr_carea' id='block_1_33' title="bbox 190 1729 3616 1828">
    <p class='ocr_par' dir='ltr' id='par_1_33' title="bbox 190 1729 3616 1828">
     <span class='ocr_line' id='line_1_33' title="bbox 190 1729 3616 1828; baseline -0.001 -41"><span class='ocrx_word' id='word_1_224' title='bbox 190 1730 512 1787; x_wconf 85' lang='lat' dir='ltr'>hominum</span> <span class='ocrx_word' id='word_1_225' title='bbox 532 1729 593 1784; x_wconf 90' lang='lat' dir='ltr'>in</span> <span class='ocrx_word' id='word_1_226' title='bbox 623 1746 698 1828; x_wconf 41' lang='lat' dir='ltr'>.se</span> <span class='ocrx_word' id='word_1_227' title='bbox 727 1729 1061 1796; x_wconf 74' lang='lat' dir='ltr'>transferre,</span> <span class='ocrx_word' id='word_1_228' title='bbox 1094 1729 1250 1828; x_wconf 77' lang='lat' dir='ltr'>quod</span> <span class='ocrx_word' id='word_1_229' title='bbox 1280 1729 1338 1783; x_wconf 92' lang='lat' dir='ltr'>in</span> <span class='ocrx_word' id='word_1_230' title='bbox 1371 1729 1496 1784; x_wconf 90' lang='lat' dir='ltr'>suis</span> <span class='ocrx_word' id='word_1_231' title='bbox 1528 1729 1848 1784; x_wconf 89' lang='lat' dir='ltr'>cultoribus</span> <span class='ocrx_word' id='word_1_232' title='bbox 1885 1761 1931 1828; x_wconf 77' lang='grc' dir='ltr'><strong>Β</strong></span> <span class='ocrx_word' id='word_1_233' title='bbox 2036 1731 2177 1786; x_wconf 89' lang='lat' dir='ltr'>Item</span> <span class='ocrx_word' id='word_1_234' title='bbox 2209 1733 2343 1802; x_wconf 88' lang='lat' dir='ltr'>post</span> <span class='ocrx_word' id='word_1_235' title='bbox 2372 1729 2706 1802; x_wconf 88' lang='lat' dir='ltr'>aliquanta:</span> <span class='ocrx_word' id='word_1_236' title='bbox 2733 1731 2987 1801; x_wconf 84' lang='lat' dir='ltr'>Agamus</span> <span class='ocrx_word' id='word_1_237' title='bbox 3009 1744 3240 1802; x_wconf 82' lang='lat' dir='ltr'>semper</span> <span class='ocrx_word' id='word_1_238' title='bbox 3269 1730 3487 1802; x_wconf 82' lang='lat' dir='ltr'>gratias</span> <span class='ocrx_word' id='word_1_239' title='bbox 3507 1729 3616 1786; x_wconf 80' lang='lat' dir='ltr'>lar-</span> 
     </span>
    </p>
   </div>
   <div class='ocr_carea' id='block_1_34' title="bbox 193 1814 3620 1891">
    <p class='ocr_par' dir='ltr' id='par_1_34' title="bbox 193 1814 3620 1891">
     <span class='ocr_line' id='line_1_34' title="bbox 193 1814 3620 1891; baseline 0 -16"><span class='ocrx_word' id='word_1_240' title='bbox 193 1816 640 1888; x_wconf 72' lang='lat' dir='ltr'>etfeoerunt,vel</span> <span class='ocrx_word' id='word_1_241' title='bbox 674 1835 743 1872; x_wconf 87' lang='lat' dir='ltr'>ex</span> <span class='ocrx_word' id='word_1_242' title='bbox 772 1817 1026 1888; x_wconf 88' lang='lat' dir='ltr'>quodam</span> <span class='ocrx_word' id='word_1_243' title='bbox 1059 1814 1308 1874; x_wconf 88' lang='lat' dir='ltr'>colludio</span> <span class='ocrx_word' id='word_1_244' title='bbox 1343 1817 1520 1874; x_wconf 89' lang='lat' dir='ltr'>falsas</span> <span class='ocrx_word' id='word_1_245' title='bbox 1551 1819 1856 1890; x_wconf 87' lang='lat' dir='ltr'>opiniones</span> <span class='ocrx_word' id='word_1_246' title='bbox 1890 1814 1931 1828; x_wconf 67' lang='grc' dir='ltr'><strong>ν</strong></span> <span class='ocrx_word' id='word_1_247' title='bbox 1965 1818 2550 1891; x_wconf 85' lang='lat' dir='ltr'>gitori.seiamusque</span> <span class='ocrx_word' id='word_1_248' title='bbox 2576 1835 2684 1874; x_wconf 90' lang='lat' dir='ltr'>nos</span> <span class='ocrx_word' id='word_1_249' title='bbox 2715 1818 2860 1874; x_wconf 90' lang='lat' dir='ltr'>nihil</span> <span class='ocrx_word' id='word_1_250' title='bbox 2893 1833 3024 1874; x_wconf 89' lang='lat' dir='ltr'>esse</span> <span class='ocrx_word' id='word_1_251' title='bbox 3053 1819 3166 1874; x_wconf 88' lang='lat' dir='ltr'>nisi</span> <span class='ocrx_word' id='word_1_252' title='bbox 3195 1820 3350 1890; x_wconf 89' lang='lat' dir='ltr'>quod</span> <span class='ocrx_word' id='word_1_253' title='bbox 3382 1819 3620 1875; x_wconf 86' lang='lat' dir='ltr'>donavit</span> 
     </span>
    </p>
   </div>
   <div class='ocr_carea' id='block_1_35' title="bbox 193 1905 1854 1979">
    <p class='ocr_par' dir='ltr' id='par_1_35' title="bbox 193 1905 1854 1979">
     <span class='ocr_line' id='line_1_35' title="bbox 193 1905 1854 1979; baseline -0.001 -16"><span class='ocrx_word' id='word_1_254' title='bbox 193 1907 503 1963; x_wconf 85' lang='lat' dir='ltr'>mentibus</span> <span class='ocrx_word' id='word_1_255' title='bbox 551 1923 753 1962; x_wconf 90' lang='lat' dir='ltr'>eorum</span> <span class='ocrx_word' id='word_1_256' title='bbox 802 1906 1078 1973; x_wconf 88' lang='lat' dir='ltr'>inserere,</span> <span class='ocrx_word' id='word_1_257' title='bbox 1131 1905 1300 1978; x_wconf 88' lang='lat' dir='ltr'>quasi</span> <span class='ocrx_word' id='word_1_258' title='bbox 1349 1911 1587 1979; x_wconf 89' lang='lat' dir='ltr'>propter</span> <span class='ocrx_word' id='word_1_259' title='bbox 1635 1914 1854 1963; x_wconf 67' lang='lat' dir='ltr'>natura:</span> 
     </span>
    </p>
   </div>
   <div class='ocr_carea' id='block_1_36' title="bbox 193 1994 1854 2070">
    <p class='ocr_par' dir='ltr' id='par_1_36' title="bbox 193 1994 1854 2070">
     <span class='ocr_line' id='line_1_36' title="bbox 193 1994 1854 2070; baseline 0 -18"><span class='ocrx_word' id='word_1_260' title='bbox 193 1997 548 2070; x_wconf 77' lang='lat' dir='ltr'>dignitatem</span> <span class='ocrx_word' id='word_1_261' title='bbox 571 1998 746 2068; x_wconf 87' lang='lat' dir='ltr'>atque</span> <span class='ocrx_word' id='word_1_262' title='bbox 771 1995 1168 2067; x_wconf 69' lang='lat' dir='ltr'>praestantiam</span> <span class='ocrx_word' id='word_1_263' title='bbox 1199 1994 1566 2051; x_wconf 87' lang='lat' dir='ltr'>tutissimum</span> <span class='ocrx_word' id='word_1_264' title='bbox 1592 1995 1667 2052; x_wconf 90' lang='lat' dir='ltr'>sit</span> <span class='ocrx_word' id='word_1_265' title='bbox 1687 1997 1771 2052; x_wconf 88' lang='lat' dir='ltr'>eis</span> <span class='ocrx_word' id='word_1_266' title='bbox 1794 1998 1854 2052; x_wconf 90' lang='lat' dir='ltr'>in</span> 
     </span>
    </p>
   </div>
   <div class='ocr_carea' id='block_1_37' title="bbox 194 2082 1860 2156">
    <p class='ocr_par' dir='ltr' id='par_1_37' title="bbox 194 2082 1860 2156">
     <span class='ocr_line' id='line_1_37' title="bbox 194 2082 1860 2156; baseline 0 -15"><span class='ocrx_word' id='word_1_267' title='bbox 194 2102 258 2141; x_wconf 87' lang='lat' dir='ltr'>se</span> <span class='ocrx_word' id='word_1_268' title='bbox 292 2085 448 2156; x_wconf 82' lang='lat' dir='ltr'>ipsis</span> <span class='ocrx_word' id='word_1_269' title='bbox 497 2099 664 2156; x_wconf 89' lang='lat' dir='ltr'>spem</span> <span class='ocrx_word' id='word_1_270' title='bbox 714 2082 1086 2155; x_wconf 87' lang='lat' dir='ltr'>aliquatenus</span> <span class='ocrx_word' id='word_1_271' title='bbox 1141 2082 1442 2139; x_wconf 89' lang='lat' dir='ltr'>collocare.</span> <span class='ocrx_word' id='word_1_272' title='bbox 1479 2086 1637 2150; x_wconf 90' lang='lat' dir='ltr'>Quod</span> <span class='ocrx_word' id='word_1_273' title='bbox 1675 2089 1762 2141; x_wconf 90' lang='lat' dir='ltr'>est</span> <span class='ocrx_word' id='word_1_274' title='bbox 1790 2102 1860 2142; x_wconf 79' lang='lat' dir='ltr'>ex</span> 
     </span>
    </p>
   </div>
   <div class='ocr_carea' id='block_1_38' title="bbox 193 2172 1858 2244">
    <p class='ocr_par' dir='ltr' id='par_1_38' title="bbox 193 2172 1858 2244">
     <span class='ocr_line' id='line_1_38' title="bbox 193 2172 1858 2244; baseline 0 -15"><span class='ocrx_word' id='word_1_275' title='bbox 193 2190 409 2230; x_wconf 83' lang='lat' dir='ltr'>eorum</span> <span class='ocrx_word' id='word_1_276' title='bbox 445 2172 683 2244; x_wconf 88' lang='lat' dir='ltr'>scriptis</span> <span class='ocrx_word' id='word_1_277' title='bbox 715 2173 1020 2228; x_wconf 87' lang='lat' dir='ltr'>ostendere</span> <span class='ocrx_word' id='word_1_278' title='bbox 1049 2172 1147 2244; x_wconf 90' lang='lat' dir='ltr'>qui</span> <span class='ocrx_word' id='word_1_279' title='bbox 1180 2172 1389 2227; x_wconf 72' lang='lat' dir='ltr'>divina:</span> <span class='ocrx_word' id='word_1_280' title='bbox 1423 2175 1615 2242; x_wconf 80' lang='lat' dir='ltr'>vacui,</span> <span class='ocrx_word' id='word_1_281' title='bbox 1651 2174 1858 2230; x_wconf 89' lang='lat' dir='ltr'>notitia</span> 
     </span>
    </p>
   </div>
   <div class='ocr_carea' id='block_1_39' title="bbox 194 2260 1857 2334">
    <p class='ocr_par' dir='ltr' id='par_1_39' title="bbox 194 2260 1857 2334">
     <span class='ocr_line' id='line_1_39' title="bbox 194 2260 1857 2334; baseline -0.001 -15"><span class='ocrx_word' id='word_1_282' title='bbox 194 2263 520 2319; x_wconf 67' lang='lat' dir='ltr'>mundanae</span> <span class='ocrx_word' id='word_1_283' title='bbox 554 2261 851 2334; x_wconf 76' lang='lat' dir='ltr'>sapientiae</span> <span class='ocrx_word' id='word_1_284' title='bbox 897 2261 1253 2316; x_wconf 88' lang='lat' dir='ltr'>claruerunt.</span> <span class='ocrx_word' id='word_1_285' title='bbox 1289 2260 1518 2318; x_wconf 89' lang='lat' dir='ltr'>Tullius</span> <span class='ocrx_word' id='word_1_286' title='bbox 1551 2263 1708 2330; x_wconf 83' lang='lat' dir='ltr'>facit,</span> <span class='ocrx_word' id='word_1_287' title='bbox 1743 2281 1857 2318; x_wconf 91' lang='lat' dir='ltr'>non</span> 
     </span>
    </p>
   </div>
   <div class='ocr_carea' id='block_1_40' title="bbox 195 2350 1858 2423">
    <p class='ocr_par' dir='ltr' id='par_1_40' title="bbox 195 2350 1858 2423">
     <span class='ocr_line' id='line_1_40' title="bbox 195 2350 1858 2423; baseline -0.001 -14"><span class='ocrx_word' id='word_1_288' title='bbox 195 2352 452 2409; x_wconf 70' lang='lat' dir='ltr'>Laelium</span> <span class='ocrx_word' id='word_1_289' title='bbox 483 2350 570 2406; x_wconf 85' lang='lat' dir='ltr'>vel</span> <span class='ocrx_word' id='word_1_290' title='bbox 600 2351 950 2423; x_wconf 89' lang='lat' dir='ltr'>Scipionem,</span> <span class='ocrx_word' id='word_1_291' title='bbox 986 2367 1112 2422; x_wconf 66' lang='lat' dir='ltr'>quae</span> <span class='ocrx_word' id='word_1_292' title='bbox 1145 2355 1342 2422; x_wconf 89' lang='lat' dir='ltr'>posset</span> <span class='ocrx_word' id='word_1_293' title='bbox 1372 2367 1500 2406; x_wconf 90' lang='lat' dir='ltr'>esse</span> <span class='ocrx_word' id='word_1_294' title='bbox 1531 2352 1732 2422; x_wconf 90' lang='lat' dir='ltr'>dubia,</span> <span class='ocrx_word' id='word_1_295' title='bbox 1757 2354 1858 2408; x_wconf 88' lang='lat' dir='ltr'>sed</span> 
     </span>
    </p>
   </div>
   <div class='ocr_carea' id='block_1_41' title="bbox 191 2427 1863 2507">
    <p class='ocr_par' dir='ltr' id='par_1_41' title="bbox 191 2427 1863 2507">
     <span class='ocr_line' id='line_1_41' title="bbox 191 2427 1863 2507; baseline 0 -10"><span class='ocrx_word' id='word_1_296' title='bbox 191 2442 274 2498; x_wconf 79' lang='grc' dir='ltr'>Μ.</span> <span class='ocrx_word' id='word_1_297' title='bbox 309 2445 594 2496; x_wconf 86' lang='lat' dir='ltr'>Catonem</span> <span class='ocrx_word' id='word_1_298' title='bbox 627 2427 826 2496; x_wconf 79' lang='lat' dir='ltr'>senem</span> <span class='ocrx_word' id='word_1_299' title='bbox 874 2445 1050 2506; x_wconf 86' lang='lat' dir='ltr'>certa,</span> <span class='ocrx_word' id='word_1_300' title='bbox 1084 2439 1192 2494; x_wconf 92' lang='lat' dir='ltr'>hoc</span> <span class='ocrx_word' id='word_1_301' title='bbox 1223 2443 1313 2495; x_wconf 88' lang='lat' dir='ltr'>est</span> <span class='ocrx_word' id='word_1_302' title='bbox 1343 2456 1469 2507; x_wconf 87' lang='lat' dir='ltr'>sua,</span> <span class='ocrx_word' id='word_1_303' title='bbox 1505 2441 1695 2496; x_wconf 88' lang='lat' dir='ltr'>dicere</span> <span class='ocrx_word' id='word_1_304' title='bbox 1726 2459 1863 2497; x_wconf 88' lang='lat' dir='ltr'>sen-</span> 
     </span>
    </p>
   </div>
   <div class='ocr_carea' id='block_1_42' title="bbox 195 2527 1860 2600">
    <p class='ocr_par' dir='ltr' id='par_1_42' title="bbox 195 2527 1860 2600">
     <span class='ocr_line' id='line_1_42' title="bbox 195 2527 1860 2600; baseline 0 -14"><span class='ocrx_word' id='word_1_305' title='bbox 195 2531 407 2588; x_wconf 83' lang='lat' dir='ltr'>tentia.</span> <span class='ocrx_word' id='word_1_306' title='bbox 437 2552 465 2580; x_wconf 82' lang='grc'>‹‹</span> <span class='ocrx_word' id='word_1_307' title='bbox 486 2529 710 2596; x_wconf 87' lang='lat' dir='ltr'>Quibus</span> <span class='ocrx_word' id='word_1_308' title='bbox 738 2529 884 2583; x_wconf 90' lang='lat' dir='ltr'>nihil</span> <span class='ocrx_word' id='word_1_309' title='bbox 911 2532 999 2584; x_wconf 91' lang='lat' dir='ltr'>est</span> <span class='ocrx_word' id='word_1_310' title='bbox 1029 2527 1087 2583; x_wconf 89' lang='lat' dir='ltr'>in</span> <span class='ocrx_word' id='word_1_311' title='bbox 1121 2528 1266 2600; x_wconf 89' lang='lat' dir='ltr'>ipsis</span> <span class='ocrx_word' id='word_1_312' title='bbox 1300 2529 1427 2600; x_wconf 86' lang='lat' dir='ltr'>opis</span> <span class='ocrx_word' id='word_1_313' title='bbox 1458 2529 1529 2584; x_wconf 90' lang='lat' dir='ltr'>ad</span> <span class='ocrx_word' id='word_1_314' title='bbox 1553 2531 1697 2586; x_wconf 91' lang='lat' dir='ltr'>bene</span> <span class='ocrx_word' id='word_1_315' title='bbox 1727 2531 1860 2586; x_wconf 90' lang='lat' dir='ltr'>bea-</span> 
     </span>
    </p>
   </div>
   <div class='ocr_carea' id='block_1_43' title="bbox 195 2617 1860 2693">
    <p class='ocr_par' dir='ltr' id='par_1_43' title="bbox 195 2617 1860 2693">
     <span class='ocr_line' id='line_1_43' title="bbox 195 2617 1860 2693; baseline -0.002 -17"><span class='ocrx_word' id='word_1_316' title='bbox 195 2624 381 2693; x_wconf 84' lang='lat' dir='ltr'>teque</span> <span class='ocrx_word' id='word_1_317' title='bbox 403 2619 744 2684; x_wconf 81' lang='lat' dir='ltr'>vivcndum,</span> <span class='ocrx_word' id='word_1_318' title='bbox 765 2617 858 2673; x_wconf 87' lang='lat' dir='ltr'>his</span> <span class='ocrx_word' id='word_1_319' title='bbox 879 2617 1072 2673; x_wconf 89' lang='lat' dir='ltr'>omnis</span> <span class='ocrx_word' id='word_1_320' title='bbox 1096 2622 1234 2673; x_wconf 68' lang='lat' dir='ltr'>aetas</span> <span class='ocrx_word' id='word_1_321' title='bbox 1265 2617 1456 2690; x_wconf 86' lang='lat' dir='ltr'>gravis</span> <span class='ocrx_word' id='word_1_322' title='bbox 1487 2623 1594 2674; x_wconf 91' lang='lat' dir='ltr'>est.</span> <span class='ocrx_word' id='word_1_323' title='bbox 1621 2620 1727 2685; x_wconf 90' lang='lat' dir='ltr'>Qui</span> <span class='ocrx_word' id='word_1_324' title='bbox 1758 2636 1860 2674; x_wconf 89' lang='lat' dir='ltr'>au-</span> 
     </span>
    </p>
   </div>
   <div class='ocr_carea' id='block_1_44' title="bbox 193 2706 1862 2779">
    <p class='ocr_par' dir='ltr' id='par_1_44' title="bbox 193 2706 1862 2779">
     <span class='ocr_line' id='line_1_44' title="bbox 193 2706 1862 2779; baseline -0.002 -13"><span class='ocrx_word' id='word_1_325' title='bbox 193 2713 319 2766; x_wconf 83' lang='lat' dir='ltr'>tem</span> <span class='ocrx_word' id='word_1_326' title='bbox 355 2706 555 2764; x_wconf 90' lang='lat' dir='ltr'>omnia</span> <span class='ocrx_word' id='word_1_327' title='bbox 592 2708 745 2763; x_wconf 91' lang='lat' dir='ltr'>bona</span> <span class='ocrx_word' id='word_1_328' title='bbox 778 2724 812 2762; x_wconf 91' lang='lat' dir='ltr'>a</span> <span class='ocrx_word' id='word_1_329' title='bbox 842 2706 1051 2778; x_wconf 88' lang='lat' dir='ltr'>seipsis</span> <span class='ocrx_word' id='word_1_330' title='bbox 1083 2710 1308 2779; x_wconf 89' lang='lat' dir='ltr'>petunt,</span> <span class='ocrx_word' id='word_1_331' title='bbox 1338 2706 1432 2762; x_wconf 90' lang='lat' dir='ltr'>his</span> <span class='ocrx_word' id='word_1_332' title='bbox 1462 2707 1606 2762; x_wconf 91' lang='lat' dir='ltr'>nihil</span> <span class='ocrx_word' id='word_1_333' title='bbox 1640 2707 1862 2762; x_wconf 89' lang='lat' dir='ltr'>malum</span> 
     </span>
    </p>
   </div>
   <div class='ocr_carea' id='block_1_45' title="bbox 193 2795 1859 2872">
    <p class='ocr_par' dir='ltr' id='par_1_45' title="bbox 193 2795 1859 2872">
     <span class='ocr_line' id='line_1_45' title="bbox 193 2795 1859 2872; baseline -0.005 -17"><span class='ocrx_word' id='word_1_334' title='bbox 193 2804 400 2872; x_wconf 84' lang='lat' dir='ltr'>potest</span> <span class='ocrx_word' id='word_1_335' title='bbox 428 2797 582 2854; x_wconf 67' lang='lat'>222</span> <span class='ocrx_word' id='word_1_336' title='bbox 606 2796 785 2852; x_wconf 90' lang='lat' dir='ltr'>videri</span> <span class='ocrx_word' id='word_1_337' title='bbox 809 2797 964 2868; x_wconf 92' lang='lat' dir='ltr'>quod</span> <span class='ocrx_word' id='word_1_338' title='bbox 989 2799 1209 2850; x_wconf 67' lang='lat' dir='ltr'>naturae</span> <span class='ocrx_word' id='word_1_339' title='bbox 1242 2795 1561 2852; x_wconf 84' lang='lat' dir='ltr'>necessitas</span> <span class='ocrx_word' id='word_1_340' title='bbox 1583 2796 1804 2852; x_wconf 72' lang='lat' dir='ltr'>afferat.</span> <span class='ocrx_word' id='word_1_341' title='bbox 1832 2818 1859 2846; x_wconf 82' lang='lat'>»</span> 
     </span>
    </p>
   </div>
   <div class='ocr_carea' id='block_1_46' title="bbox 195 2883 1864 2958">
    <p class='ocr_par' dir='ltr' id='par_1_46' title="bbox 195 2883 1864 2958">
     <span class='ocr_line' id='line_1_46' title="bbox 195 2883 1864 2958; baseline -0.002 -14"><span class='ocrx_word' id='word_1_342' title='bbox 195 2885 419 2944; x_wconf 87' lang='lat' dir='ltr'>Omnia</span> <span class='ocrx_word' id='word_1_343' title='bbox 440 2887 594 2942; x_wconf 90' lang='lat' dir='ltr'>bona</span> <span class='ocrx_word' id='word_1_344' title='bbox 611 2903 644 2941; x_wconf 89' lang='lat' dir='ltr'>a</span> <span class='ocrx_word' id='word_1_345' title='bbox 667 2902 800 2940; x_wconf 87' lang='lat' dir='ltr'>vero</span> <span class='ocrx_word' id='word_1_346' title='bbox 821 2884 936 2939; x_wconf 87' lang='lat' dir='ltr'>Deo</span> <span class='ocrx_word' id='word_1_347' title='bbox 970 2901 1083 2939; x_wconf 90' lang='lat' dir='ltr'>non</span> <span class='ocrx_word' id='word_1_348' title='bbox 1107 2900 1140 2939; x_wconf 90' lang='lat' dir='ltr'>a</span> <span class='ocrx_word' id='word_1_349' title='bbox 1161 2901 1224 2958; x_wconf 77' lang='lat' dir='ltr'>se</span> <span class='ocrx_word' id='word_1_350' title='bbox 1247 2883 1390 2955; x_wconf 87' lang='lat' dir='ltr'>ipsis</span> <span class='ocrx_word' id='word_1_351' title='bbox 1422 2888 1646 2956; x_wconf 88' lang='lat' dir='ltr'>petunt,</span> <span class='ocrx_word' id='word_1_352' title='bbox 1675 2885 1864 2941; x_wconf 86' lang='lat' dir='ltr'>Marce</span> 
     </span>
    </p>
   </div>
   <div class='ocr_carea' id='block_1_47' title="bbox 198 2972 1864 3045">
    <p class='ocr_par' dir='ltr' id='par_1_47' title="bbox 198 2972 1864 3045">
     <span class='ocr_line' id='line_1_47' title="bbox 198 2972 1864 3045; baseline -0.002 -13"><span class='ocrx_word' id='word_1_353' title='bbox 198 2975 386 3041; x_wconf 87' lang='lat' dir='ltr'>Tulli,</span> <span class='ocrx_word' id='word_1_354' title='bbox 422 2974 692 3040; x_wconf 79' lang='lat' dir='ltr'>dixisses,</span> <span class='ocrx_word' id='word_1_355' title='bbox 722 2978 779 3029; x_wconf 88' lang='lat' dir='ltr'>et</span> <span class='ocrx_word' id='word_1_356' title='bbox 811 2972 979 3029; x_wconf 91' lang='lat' dir='ltr'>nobis</span> <span class='ocrx_word' id='word_1_357' title='bbox 1011 2990 1126 3028; x_wconf 91' lang='lat' dir='ltr'>non</span> <span class='ocrx_word' id='word_1_358' title='bbox 1158 2977 1278 3028; x_wconf 89' lang='lat' dir='ltr'>tam</span> <span class='ocrx_word' id='word_1_359' title='bbox 1324 2972 1632 3045; x_wconf 88' lang='lat' dir='ltr'>splendore</span> <span class='ocrx_word' id='word_1_360' title='bbox 1662 2974 1864 3029; x_wconf 91' lang='lat' dir='ltr'>verbo-</span> 
     </span>
    </p>
   </div>
   <div class='ocr_carea' id='block_1_48' title="bbox 197 3061 1864 3136">
    <p class='ocr_par' dir='ltr' id='par_1_48' title="bbox 197 3061 1864 3136">
     <span class='ocr_line' id='line_1_48' title="bbox 197 3061 1864 3136; baseline -0.002 -15"><span class='ocrx_word' id='word_1_361' title='bbox 197 3082 342 3121; x_wconf 84' lang='lat' dir='ltr'>rum</span> <span class='ocrx_word' id='word_1_362' title='bbox 375 3081 556 3136; x_wconf 90' lang='lat' dir='ltr'>quam</span> <span class='ocrx_word' id='word_1_363' title='bbox 587 3063 885 3118; x_wconf 68' lang='lat' dir='ltr'>sententia:</span> <span class='ocrx_word' id='word_1_364' title='bbox 915 3061 1156 3117; x_wconf 89' lang='lat' dir='ltr'>veritate</span> <span class='ocrx_word' id='word_1_365' title='bbox 1205 3061 1550 3133; x_wconf 88' lang='lat' dir='ltr'>placuisses.</span> <span class='ocrx_word' id='word_1_366' title='bbox 1583 3062 1864 3134; x_wconf 77' lang='lat' dir='ltr'>Virgilius</span> 
     </span>
    </p>
   </div>
   <div class='ocr_carea' id='block_1_49' title="bbox 1966 1905 3619 1979">
    <p class='ocr_par' dir='ltr' id='par_1_49' title="bbox 1966 1905 3619 1979">
     <span class='ocr_line' id='line_1_49' title="bbox 1966 1905 3619 1979; baseline 0.001 -16"><span class='ocrx_word' id='word_1_367' title='bbox 1966 1909 2025 1964; x_wconf 91' lang='lat' dir='ltr'>in</span> <span class='ocrx_word' id='word_1_368' title='bbox 2051 1909 2220 1964; x_wconf 91' lang='lat' dir='ltr'>nobis</span> <span class='ocrx_word' id='word_1_369' title='bbox 2242 1908 2366 1979; x_wconf 91' lang='lat' dir='ltr'>ipse</span> <span class='ocrx_word' id='word_1_370' title='bbox 2389 1906 2717 1963; x_wconf 83' lang='lat' dir='ltr'>servaverit.</span> <span class='ocrx_word' id='word_1_371' title='bbox 2750 1909 2895 1963; x_wconf 84' lang='lat' dir='ltr'>Item</span> <span class='ocrx_word' id='word_1_372' title='bbox 2929 1905 3065 1962; x_wconf 89' lang='lat' dir='ltr'>alibi</span> <span class='ocrx_word' id='word_1_373' title='bbox 3089 1907 3148 1962; x_wconf 93' lang='lat' dir='ltr'>in</span> <span class='ocrx_word' id='word_1_374' title='bbox 3172 1906 3619 1965; x_wconf 81' lang='lat' dir='ltr'>Deuteronomio</span> 
     </span>
    </p>
   </div>
   <div class='ocr_carea' id='block_1_50' title="bbox 1968 1996 3620 2070">
    <p class='ocr_par' dir='ltr' id='par_1_50' title="bbox 1968 1996 3620 2070">
     <span class='ocr_line' id='line_1_50' title="bbox 1968 1996 3620 2070; baseline 0 -18"><span class='ocrx_word' id='word_1_375' title='bbox 1968 1996 2271 2070; x_wconf 89' lang='lat' dir='ltr'>perspicue</span> <span class='ocrx_word' id='word_1_376' title='bbox 2303 1997 2743 2052; x_wconf 86' lang='lat' dir='ltr'>demonstratur</span> <span class='ocrx_word' id='word_1_377' title='bbox 2762 2012 2876 2050; x_wconf 91' lang='lat' dir='ltr'>non</span> <span class='ocrx_word' id='word_1_378' title='bbox 2901 1996 3175 2067; x_wconf 90' lang='lat' dir='ltr'>operibus</span> <span class='ocrx_word' id='word_1_379' title='bbox 3207 1996 3428 2052; x_wconf 87' lang='lat' dir='ltr'>nostris</span> <span class='ocrx_word' id='word_1_380' title='bbox 3443 2001 3620 2068; x_wconf 87' lang='lat' dir='ltr'>atque</span> 
     </span>
    </p>
   </div>
   <div class='ocr_carea' id='block_1_51' title="bbox 1960 2084 3621 2158">
    <p class='ocr_par' dir='ltr' id='par_1_51' title="bbox 1960 2084 3621 2158">
     <span class='ocr_line' id='line_1_51' title="bbox 1960 2084 3621 2158; baseline -0.001 -17"><span class='ocrx_word' id='word_1_381' title='bbox 1960 2085 2216 2158; x_wconf 88' lang='lat' dir='ltr'>justitia,</span> <span class='ocrx_word' id='word_1_382' title='bbox 2250 2086 2352 2141; x_wconf 90' lang='lat' dir='ltr'>sed</span> <span class='ocrx_word' id='word_1_383' title='bbox 2387 2084 2483 2140; x_wconf 86' lang='lat' dir='ltr'>Dei</span> <span class='ocrx_word' id='word_1_384' title='bbox 2528 2101 2636 2140; x_wconf 89' lang='lat' dir='ltr'>nos</span> <span class='ocrx_word' id='word_1_385' title='bbox 2686 2084 3089 2139; x_wconf 89' lang='lat' dir='ltr'>misericordia</span> <span class='ocrx_word' id='word_1_386' title='bbox 3118 2084 3468 2139; x_wconf 87' lang='lat' dir='ltr'>conservari.</span> <span class='ocrx_word' id='word_1_387' title='bbox 3501 2086 3621 2140; x_wconf 79' lang='lat' dir='ltr'>Non</span> 
     </span>
    </p>
   </div>
   <div class='ocr_carea' id='block_1_52' title="bbox 1959 2171 3620 2247">
    <p class='ocr_par' dir='ltr' id='par_1_52' title="bbox 1959 2171 3620 2247">
     <span class='ocr_line' id='line_1_52' title="bbox 1959 2171 3620 2247; baseline 0 -19"><span class='ocrx_word' id='word_1_388' title='bbox 1959 2176 2187 2247; x_wconf 80' lang='lat' dir='ltr'>justitia</span> <span class='ocrx_word' id='word_1_389' title='bbox 2237 2182 2331 2230; x_wconf 85' lang='lat' dir='ltr'>tua</span> <span class='ocrx_word' id='word_1_390' title='bbox 2390 2175 2653 2229; x_wconf 85' lang='lat' dir='ltr'>Dominus</span> <span class='ocrx_word' id='word_1_391' title='bbox 2710 2173 2848 2227; x_wconf 83' lang='lat' dir='ltr'>Deus</span> <span class='ocrx_word' id='word_1_392' title='bbox 2907 2180 3032 2227; x_wconf 88' lang='lat' dir='ltr'>tuus</span> <span class='ocrx_word' id='word_1_393' title='bbox 3084 2171 3234 2228; x_wconf 81' lang='lat' dir='ltr'>dabit</span> <span class='ocrx_word' id='word_1_394' title='bbox 3279 2174 3381 2228; x_wconf 80' lang='lat' dir='ltr'>tibi</span> <span class='ocrx_word' id='word_1_395' title='bbox 3411 2179 3620 2228; x_wconf 72' lang='lat' dir='ltr'>terram</span> 
     </span>
    </p>
   </div>
   <div class='ocr_carea' id='block_1_53' title="bbox 1969 2261 3621 2335">
    <p class='ocr_par' dir='ltr' id='par_1_53' title="bbox 1969 2261 3621 2335">
     <span class='ocr_line' id='line_1_53' title="bbox 1969 2261 3621 2335; baseline -0.002 -15"><span class='ocrx_word' id='word_1_396' title='bbox 1969 2266 2229 2335; x_wconf 81' lang='lat' dir='ltr'>Optimam</span> <span class='ocrx_word' id='word_1_397' title='bbox 2278 2271 2340 2318; x_wconf 85' lang='lat' dir='ltr'>ut</span> <span class='ocrx_word' id='word_1_398' title='bbox 2383 2261 2657 2334; x_wconf 75' lang='lat' dir='ltr'>possideas</span> <span class='ocrx_word' id='word_1_399' title='bbox 2711 2277 2851 2328; x_wconf 88' lang='lat' dir='ltr'>eam,</span> <span class='ocrx_word' id='word_1_400' title='bbox 2886 2263 3019 2333; x_wconf 90' lang='lat' dir='ltr'>quia</span> <span class='ocrx_word' id='word_1_401' title='bbox 3056 2262 3292 2333; x_wconf 86' lang='lat' dir='ltr'>populus</span> <span class='ocrx_word' id='word_1_402' title='bbox 3323 2261 3476 2316; x_wconf 69' lang='lat' dir='ltr'>durae</span> <span class='ocrx_word' id='word_1_403' title='bbox 3503 2275 3621 2317; x_wconf 86' lang='lat' dir='ltr'>eer-</span> 
     </span>
    </p>
   </div>
   <div class='ocr_carea' id='block_1_54' title="bbox 1968 2350 3622 2422">
    <p class='ocr_par' dir='ltr' id='par_1_54' title="bbox 1968 2350 3622 2422">
     <span class='ocr_line' id='line_1_54' title="bbox 1968 2350 3622 2422; baseline -0.001 -14"><span class='ocrx_word' id='word_1_404' title='bbox 1968 2355 2105 2408; x_wconf 78' lang='lat' dir='ltr'>ricis</span> <span class='ocrx_word' id='word_1_405' title='bbox 2160 2369 2214 2407; x_wconf 90' lang='lat' dir='ltr'>es</span> <span class='ocrx_word' id='word_1_406' title='bbox 2272 2360 2329 2407; x_wconf 86' lang='lat' dir='ltr'>tu</span> <span class='ocrx_word' id='word_1_407' title='bbox 2379 2352 2554 2422; x_wconf 82' lang='lat' dir='ltr'>(Deut.</span> <span class='ocrx_word' id='word_1_408' title='bbox 2588 2354 2686 2416; x_wconf 81' lang='lat' dir='ltr'>Ix).</span> <span class='ocrx_word' id='word_1_409' title='bbox 2721 2351 2867 2405; x_wconf 78' lang='lat' dir='ltr'>Item</span> <span class='ocrx_word' id='word_1_410' title='bbox 2923 2355 3054 2422; x_wconf 90' lang='lat' dir='ltr'>post</span> <span class='ocrx_word' id='word_1_411' title='bbox 3113 2350 3455 2422; x_wconf 86' lang='lat' dir='ltr'>aliquanta:</span> <span class='ocrx_word' id='word_1_412' title='bbox 3515 2352 3622 2407; x_wconf 79' lang='lat' dir='ltr'>Pro</span> 
     </span>
    </p>
   </div>
   <div class='ocr_carea' id='block_1_55' title="bbox 1968 2438 3623 2512">
    <p class='ocr_par' dir='ltr' id='par_1_55' title="bbox 1968 2438 3623 2512">
     <span class='ocr_line' id='line_1_55' title="bbox 1968 2438 3623 2512; baseline -0.001 -16"><span class='ocrx_word' id='word_1_413' title='bbox 1968 2443 2148 2497; x_wconf 78' lang='lat' dir='ltr'>nihilo</span> <span class='ocrx_word' id='word_1_414' title='bbox 2192 2442 2367 2496; x_wconf 88' lang='lat' dir='ltr'>salvos</span> <span class='ocrx_word' id='word_1_415' title='bbox 2412 2441 2580 2510; x_wconf 83' lang='lat' dir='ltr'>facies</span> <span class='ocrx_word' id='word_1_416' title='bbox 2626 2456 2712 2494; x_wconf 90' lang='lat' dir='ltr'>eos</span> <span class='ocrx_word' id='word_1_417' title='bbox 2745 2440 2913 2512; x_wconf 89' lang='lat' dir='ltr'>(Psal.</span> <span class='ocrx_word' id='word_1_418' title='bbox 2948 2442 3053 2507; x_wconf 79' lang='grc' dir='ltr'>ιν),</span> <span class='ocrx_word' id='word_1_419' title='bbox 3090 2441 3155 2509; x_wconf 89' lang='lat' dir='ltr'>(c)</span> <span class='ocrx_word' id='word_1_420' title='bbox 3186 2440 3342 2495; x_wconf 85' lang='lat' dir='ltr'>haud</span> <span class='ocrx_word' id='word_1_421' title='bbox 3374 2438 3623 2494; x_wconf 88' lang='lat' dir='ltr'>dubium</span> 
     </span>
    </p>
   </div>
   <div class='ocr_carea' id='block_1_56' title="bbox 1973 2527 3624 2603">
    <p class='ocr_par' dir='ltr' id='par_1_56' title="bbox 1973 2527 3624 2603">
     <span class='ocr_line' id='line_1_56' title="bbox 1973 2527 3624 2603; baseline -0.001 -18"><span class='ocrx_word' id='word_1_422' title='bbox 1973 2531 2113 2603; x_wconf 91' lang='lat' dir='ltr'>quin</span> <span class='ocrx_word' id='word_1_423' title='bbox 2139 2531 2356 2599; x_wconf 89' lang='lat' dir='ltr'>justos,</span> <span class='ocrx_word' id='word_1_424' title='bbox 2392 2530 2532 2601; x_wconf 89' lang='lat' dir='ltr'>quia</span> <span class='ocrx_word' id='word_1_425' title='bbox 2563 2545 2678 2584; x_wconf 91' lang='lat' dir='ltr'>non</span> <span class='ocrx_word' id='word_1_426' title='bbox 2712 2528 2945 2600; x_wconf 87' lang='lat' dir='ltr'>proprio</span> <span class='ocrx_word' id='word_1_427' title='bbox 2976 2527 3202 2593; x_wconf 89' lang='lat' dir='ltr'>merito,</span> <span class='ocrx_word' id='word_1_428' title='bbox 3238 2529 3340 2583; x_wconf 88' lang='lat' dir='ltr'>sed</span> <span class='ocrx_word' id='word_1_429' title='bbox 3371 2527 3472 2584; x_wconf 89' lang='lat' dir='ltr'>Dei</span> <span class='ocrx_word' id='word_1_430' title='bbox 3504 2527 3624 2584; x_wconf 83' lang='lat' dir='ltr'>sal—</span> 
     </span>
    </p>
   </div>
   <div class='ocr_carea' id='block_1_57' title="bbox 1971 2615 3625 2688">
    <p class='ocr_par' dir='ltr' id='par_1_57' title="bbox 1971 2615 3625 2688">
     <span class='ocr_line' id='line_1_57' title="bbox 1971 2615 3625 2688; baseline -0.001 -14"><span class='ocrx_word' id='word_1_431' title='bbox 1971 2624 2182 2674; x_wconf 90' lang='lat' dir='ltr'>vantur</span> <span class='ocrx_word' id='word_1_432' title='bbox 2211 2618 2539 2674; x_wconf 88' lang='lat' dir='ltr'>clementia.</span> <span class='ocrx_word' id='word_1_433' title='bbox 2597 2622 2738 2673; x_wconf 84' lang='lat' dir='ltr'>Item</span> <span class='ocrx_word' id='word_1_434' title='bbox 2791 2617 2929 2671; x_wconf 89' lang='lat' dir='ltr'>alibi</span> <span class='ocrx_word' id='word_1_435' title='bbox 2984 2615 3041 2670; x_wconf 90' lang='lat' dir='ltr'>in</span> <span class='ocrx_word' id='word_1_436' title='bbox 3091 2616 3446 2688; x_wconf 86' lang='lat' dir='ltr'>expositione</span> <span class='ocrx_word' id='word_1_437' title='bbox 3491 2633 3625 2672; x_wconf 87' lang='lat' dir='ltr'>sen-</span> 
     </span>
    </p>
   </div>
   <div class='ocr_carea' id='block_1_58' title="bbox 1972 2708 3630 2777">
    <p class='ocr_par' dir='ltr' id='par_1_58' title="bbox 1972 2708 3630 2777">
     <span class='ocr_line' id='line_1_58' title="bbox 1972 2708 3630 2777; baseline 0 -15"><span class='ocrx_word' id='word_1_438' title='bbox 1972 2708 2164 2763; x_wconf 71' lang='lat' dir='ltr'>tentia:</span> <span class='ocrx_word' id='word_1_439' title='bbox 2200 2724 2213 2762; x_wconf 92' lang='lat'><strong>:</strong></span> <span class='ocrx_word' id='word_1_440' title='bbox 2245 2713 2361 2765; x_wconf 89' lang='lat' dir='ltr'>Non</span> <span class='ocrx_word' id='word_1_441' title='bbox 2411 2708 2680 2776; x_wconf 78' lang='lat' dir='ltr'>glorietur</span> <span class='ocrx_word' id='word_1_442' title='bbox 2729 2708 2950 2777; x_wconf 87' lang='lat' dir='ltr'>sapiens</span> <span class='ocrx_word' id='word_1_443' title='bbox 3001 2708 3062 2760; x_wconf 84' lang='lat' dir='ltr'>in</span> <span class='ocrx_word' id='word_1_444' title='bbox 3108 2708 3382 2777; x_wconf 81' lang='lat' dir='ltr'>sapientia</span> <span class='ocrx_word' id='word_1_445' title='bbox 3420 2722 3543 2771; x_wconf 83' lang='lat' dir='ltr'>sua,</span> <span class='ocrx_word' id='word_1_446' title='bbox 3576 2714 3630 2762; x_wconf 88' lang='lat' dir='ltr'>et</span> 
     </span>
    </p>
   </div>
   <div class='ocr_carea' id='block_1_59' title="bbox 1973 2794 3624 2868">
    <p class='ocr_par' dir='ltr' id='par_1_59' title="bbox 1973 2794 3624 2868">
     <span class='ocr_line' id='line_1_59' title="bbox 1973 2794 3624 2868; baseline 0 -17"><span class='ocrx_word' id='word_1_447' title='bbox 1973 2814 2085 2851; x_wconf 86' lang='lat' dir='ltr'>non</span> <span class='ocrx_word' id='word_1_448' title='bbox 2114 2798 2379 2864; x_wconf 80' lang='lat' dir='ltr'>glorietur</span> <span class='ocrx_word' id='word_1_449' title='bbox 2412 2798 2576 2868; x_wconf 82' lang='lat' dir='ltr'>fortis</span> <span class='ocrx_word' id='word_1_450' title='bbox 2611 2797 2671 2850; x_wconf 85' lang='lat' dir='ltr'>in</span> <span class='ocrx_word' id='word_1_451' title='bbox 2707 2794 3033 2866; x_wconf 84' lang='lat' dir='ltr'>fortitudine</span> <span class='ocrx_word' id='word_1_452' title='bbox 3060 2810 3182 2860; x_wconf 84' lang='lat' dir='ltr'>sua,</span> <span class='ocrx_word' id='word_1_453' title='bbox 3213 2803 3266 2849; x_wconf 84' lang='lat' dir='ltr'>et</span> <span class='ocrx_word' id='word_1_454' title='bbox 3288 2811 3394 2849; x_wconf 84' lang='lat' dir='ltr'>non</span> <span class='ocrx_word' id='word_1_455' title='bbox 3425 2796 3624 2865; x_wconf 82' lang='lat' dir='ltr'>glorie-</span> 
     </span>
    </p>
   </div>
   <div class='ocr_carea' id='block_1_60' title="bbox 1975 2883 3627 2955">
    <p class='ocr_par' dir='ltr' id='par_1_60' title="bbox 1975 2883 3627 2955">
     <span class='ocr_line' id='line_1_60' title="bbox 1975 2883 3627 2955; baseline -0.001 -15"><span class='ocrx_word' id='word_1_456' title='bbox 1975 2893 2068 2940; x_wconf 86' lang='lat' dir='ltr'>tur</span> <span class='ocrx_word' id='word_1_457' title='bbox 2121 2886 2269 2940; x_wconf 83' lang='lat' dir='ltr'>dives</span> <span class='ocrx_word' id='word_1_458' title='bbox 2314 2886 2372 2939; x_wconf 91' lang='lat' dir='ltr'>in</span> <span class='ocrx_word' id='word_1_459' title='bbox 2431 2884 2643 2939; x_wconf 81' lang='lat' dir='ltr'>divitiis</span> <span class='ocrx_word' id='word_1_460' title='bbox 2691 2885 2828 2950; x_wconf 85' lang='lat' dir='ltr'>suis,</span> <span class='ocrx_word' id='word_1_461' title='bbox 2858 2883 2950 2937; x_wconf 87' lang='lat' dir='ltr'>sed</span> <span class='ocrx_word' id='word_1_462' title='bbox 2995 2885 3056 2938; x_wconf 86' lang='lat' dir='ltr'>in</span> <span class='ocrx_word' id='word_1_463' title='bbox 3100 2883 3199 2938; x_wconf 84' lang='lat' dir='ltr'>hoc</span> <span class='ocrx_word' id='word_1_464' title='bbox 3237 2884 3502 2953; x_wconf 80' lang='lat' dir='ltr'>glorietur</span> <span class='ocrx_word' id='word_1_465' title='bbox 3531 2885 3627 2955; x_wconf 86' lang='lat' dir='ltr'>qui</span> 
     </span>
    </p>
   </div>
   <div class='ocr_carea' id='block_1_61' title="bbox 1974 2971 3627 3042">
    <p class='ocr_par' dir='ltr' id='par_1_61' title="bbox 1974 2971 3627 3042">
     <span class='ocr_line' id='line_1_61' title="bbox 1974 2971 3627 3042; baseline -0.001 -14"><span class='ocrx_word' id='word_1_466' title='bbox 1974 2975 2264 3042; x_wconf 84' lang='lat' dir='ltr'>gloriatur,</span> <span class='ocrx_word' id='word_1_467' title='bbox 2295 2973 2435 3027; x_wconf 83' lang='lat' dir='ltr'>scire</span> <span class='ocrx_word' id='word_1_468' title='bbox 2481 2979 2530 3026; x_wconf 88' lang='lat' dir='ltr'>et</span> <span class='ocrx_word' id='word_1_469' title='bbox 2579 2972 2884 3041; x_wconf 83' lang='lat' dir='ltr'>intelligere</span> <span class='ocrx_word' id='word_1_470' title='bbox 2929 2977 2980 3025; x_wconf 87' lang='lat' dir='ltr'>et</span> <span class='ocrx_word' id='word_1_471' title='bbox 3023 2985 3178 3024; x_wconf 85' lang='lat' dir='ltr'>nosse</span> <span class='ocrx_word' id='word_1_472' title='bbox 3231 2983 3336 3035; x_wconf 79' lang='lat' dir='ltr'>me,</span> <span class='ocrx_word' id='word_1_473' title='bbox 3369 2971 3500 3040; x_wconf 80' lang='lat' dir='ltr'>quia</span> <span class='ocrx_word' id='word_1_474' title='bbox 3529 2985 3627 3038; x_wconf 80' lang='lat' dir='ltr'>ego</span> 
     </span>
    </p>
   </div>
   <div class='ocr_carea' id='block_1_62' title="bbox 1974 3056 3627 3131">
    <p class='ocr_par' dir='ltr' id='par_1_62' title="bbox 1974 3056 3627 3131">
     <span class='ocr_line' id='line_1_62' title="bbox 1974 3056 3627 3131; baseline -0.002 -15"><span class='ocrx_word' id='word_1_475' title='bbox 1974 3078 2095 3117; x_wconf 86' lang='lat' dir='ltr'>sum</span> <span class='ocrx_word' id='word_1_476' title='bbox 2129 3062 2413 3126; x_wconf 83' lang='lat' dir='ltr'>Dominus,</span> <span class='ocrx_word' id='word_1_477' title='bbox 2449 3061 2545 3131; x_wconf 85' lang='lat' dir='ltr'>qui</span> <span class='ocrx_word' id='word_1_478' title='bbox 2565 3061 2709 3130; x_wconf 78' lang='lat' dir='ltr'>facio</span> <span class='ocrx_word' id='word_1_479' title='bbox 2741 3057 3174 3113; x_wconf 81' lang='lat' dir='ltr'>misericordiam</span> <span class='ocrx_word' id='word_1_480' title='bbox 3201 3064 3254 3113; x_wconf 85' lang='lat' dir='ltr'>et</span> <span class='ocrx_word' id='word_1_481' title='bbox 3270 3056 3548 3129; x_wconf 79' lang='lat' dir='ltr'>judicium</span> <span class='ocrx_word' id='word_1_482' title='bbox 3575 3065 3627 3113; x_wconf 85' lang='lat' dir='ltr'>et</span> 
     </span>
    </p>
   </div>
   <div class='ocr_carea' id='block_1_63' title="bbox 199 3129 3626 3224">
    <p class='ocr_par' dir='ltr' id='par_1_63' title="bbox 199 3129 3626 3224">
     <span class='ocr_line' id='line_1_63' title="bbox 199 3129 3626 3224; baseline -0.003 -16"><span class='ocrx_word' id='word_1_483' title='bbox 199 3129 414 3224; x_wconf 65' lang='lat' dir='ltr'>etiam;</span> <span class='ocrx_word' id='word_1_484' title='bbox 434 3157 498 3206; x_wconf 92' lang='lat' dir='ltr'>ut</span> <span class='ocrx_word' id='word_1_485' title='bbox 520 3150 815 3206; x_wconf 84' lang='lat' dir='ltr'>hominem</span> <span class='ocrx_word' id='word_1_486' title='bbox 847 3149 1041 3205; x_wconf 91' lang='lat' dir='ltr'>decuit</span> <span class='ocrx_word' id='word_1_487' title='bbox 1062 3129 1289 3221; x_wconf 77' lang='lat' dir='ltr'>poetica</span> <span class='ocrx_word' id='word_1_488' title='bbox 1313 3150 1590 3222; x_wconf 85' lang='lat' dir='ltr'>ﬁgmenta</span> <span class='ocrx_word' id='word_1_489' title='bbox 1612 3129 1863 3206; x_wconf 80' lang='lat' dir='ltr'>tractan-</span> <span class='ocrx_word' id='word_1_490' title='bbox 1895 3129 1938 3194; x_wconf 67' lang='grc' dir='ltr'>Π</span> <span class='ocrx_word' id='word_1_491' title='bbox 1969 3150 2251 3220; x_wconf 86' lang='lat' dir='ltr'>justitiam</span> <span class='ocrx_word' id='word_1_492' title='bbox 2280 3150 2342 3203; x_wconf 87' lang='lat' dir='ltr'>in</span> <span class='ocrx_word' id='word_1_493' title='bbox 2373 3129 2523 3203; x_wconf 81' lang='lat' dir='ltr'>terra</span> <span class='ocrx_word' id='word_1_494' title='bbox 2555 3129 2689 3219; x_wconf 58' lang='lat' dir='ltr'>(der.</span> <span class='ocrx_word' id='word_1_495' title='bbox 2725 3146 2822 3217; x_wconf 84' lang='lat' dir='ltr'>Ix).</span> <span class='ocrx_word' id='word_1_496' title='bbox 2847 3145 2953 3202; x_wconf 90' lang='lat' dir='ltr'>Ubi</span> <span class='ocrx_word' id='word_1_497' title='bbox 2985 3149 3143 3209; x_wconf 89' lang='lat' dir='ltr'>sunt,</span> <span class='ocrx_word' id='word_1_498' title='bbox 3171 3145 3384 3217; x_wconf 87' lang='lat' dir='ltr'>inquit,</span> <span class='ocrx_word' id='word_1_499' title='bbox 3410 3145 3508 3217; x_wconf 81' lang='lat' dir='ltr'>qui</span> <span class='ocrx_word' id='word_1_500' title='bbox 3543 3144 3626 3201; x_wconf 89' lang='lat' dir='ltr'>di-</span> 
     </span>
    </p>
   </div>
   <div class='ocr_carea' id='block_1_64' title="bbox 193 3237 1865 3312">
    <p class='ocr_par' dir='ltr' id='par_1_64' title="bbox 193 3237 1865 3312">
     <span class='ocr_line' id='line_1_64' title="bbox 193 3237 1865 3312; baseline -0.002 -14"><span class='ocrx_word' id='word_1_501' title='bbox 193 3247 353 3308; x_wconf 82' lang='lat' dir='ltr'>tem,</span> <span class='ocrx_word' id='word_1_502' title='bbox 387 3240 546 3296; x_wconf 86' lang='lat' dir='ltr'>aliud</span> <span class='ocrx_word' id='word_1_503' title='bbox 579 3255 758 3312; x_wconf 81' lang='lat' dir='ltr'>agens</span> <span class='ocrx_word' id='word_1_504' title='bbox 786 3239 900 3294; x_wconf 89' lang='lat' dir='ltr'>tale</span> <span class='ocrx_word' id='word_1_505' title='bbox 931 3237 1070 3310; x_wconf 86' lang='lat' dir='ltr'>quid</span> <span class='ocrx_word' id='word_1_506' title='bbox 1099 3237 1447 3311; x_wconf 86' lang='lat' dir='ltr'>significavit</span> <span class='ocrx_word' id='word_1_507' title='bbox 1473 3239 1664 3310; x_wconf 88' lang='lat' dir='ltr'>potius</span> <span class='ocrx_word' id='word_1_508' title='bbox 1687 3256 1865 3311; x_wconf 87' lang='lat' dir='ltr'>quam</span> 
     </span>
    </p>
   </div>
   <div class='ocr_carea' id='block_1_65' title="bbox 181 3327 1864 3404">
    <p class='ocr_par' dir='ltr' id='par_1_65' title="bbox 181 3327 1864 3404">
     <span class='ocr_line' id='line_1_65' title="bbox 181 3327 1864 3404; baseline -0.004 -16"><span class='ocrx_word' id='word_1_509' title='bbox 181 3330 524 3404; x_wconf 74' lang='lat' dir='ltr'>expressit,</span> <span class='ocrx_word' id='word_1_510' title='bbox 547 3329 675 3401; x_wconf 82' lang='lat' dir='ltr'>Spes</span> <span class='ocrx_word' id='word_1_511' title='bbox 704 3328 812 3384; x_wconf 84' lang='lat' dir='ltr'>sibi</span> <span class='ocrx_word' id='word_1_512' title='bbox 839 3329 1086 3399; x_wconf 85' lang='lat' dir='ltr'>quisque.</span> <span class='ocrx_word' id='word_1_513' title='bbox 1115 3328 1159 3382; x_wconf 93' lang='grc' dir='ltr'>Ο</span> <span class='ocrx_word' id='word_1_514' title='bbox 1191 3327 1415 3382; x_wconf 89' lang='lat' dir='ltr'>utinam</span> <span class='ocrx_word' id='word_1_515' title='bbox 1449 3327 1708 3395; x_wconf 88' lang='lat' dir='ltr'>dixisset,</span> <span class='ocrx_word' id='word_1_516' title='bbox 1745 3329 1864 3383; x_wconf 90' lang='lat' dir='ltr'>cui-</span> 
     </span>
    </p>
   </div>
   <div class='ocr_carea' id='block_1_66' title="bbox 203 3416 1866 3493">
    <p class='ocr_par' dir='ltr' id='par_1_66' title="bbox 203 3416 1866 3493">
     <span class='ocr_line' id='line_1_66' title="bbox 203 3416 1866 3493; baseline -0.002 -17"><span class='ocrx_word' id='word_1_517' title='bbox 203 3437 330 3493; x_wconf 87' lang='lat' dir='ltr'>que</span> <span class='ocrx_word' id='word_1_518' title='bbox 362 3419 520 3474; x_wconf 89' lang='lat' dir='ltr'>Deus</span> <span class='ocrx_word' id='word_1_519' title='bbox 547 3435 718 3473; x_wconf 90' lang='lat' dir='ltr'>verus</span> <span class='ocrx_word' id='word_1_520' title='bbox 749 3434 902 3490; x_wconf 90' lang='lat' dir='ltr'>spes,</span> <span class='ocrx_word' id='word_1_521' title='bbox 937 3420 993 3471; x_wconf 91' lang='lat' dir='ltr'>et</span> <span class='ocrx_word' id='word_1_522' title='bbox 1022 3416 1387 3482; x_wconf 87' lang='lat' dir='ltr'>credidisset,</span> <span class='ocrx_word' id='word_1_523' title='bbox 1421 3433 1524 3472; x_wconf 90' lang='lat' dir='ltr'>nec</span> <span class='ocrx_word' id='word_1_524' title='bbox 1555 3417 1626 3471; x_wconf 93' lang='lat' dir='ltr'>de</span> <span class='ocrx_word' id='word_1_525' title='bbox 1665 3417 1866 3472; x_wconf 69' lang='lat' dir='ltr'>Maece-</span> 
     </span>
    </p>
   </div>
   <div class='ocr_carea' id='block_1_67' title="bbox 197 3503 1864 3577">
    <p class='ocr_par' dir='ltr' id='par_1_67' title="bbox 197 3503 1864 3577">
     <span class='ocr_line' id='line_1_67' title="bbox 197 3503 1864 3577; baseline -0.002 -12"><span class='ocrx_word' id='word_1_526' title='bbox 197 3513 346 3565; x_wconf 69' lang='lat' dir='ltr'>nate</span> <span class='ocrx_word' id='word_1_527' title='bbox 377 3505 696 3577; x_wconf 85' lang='lat' dir='ltr'>adulando,</span> <span class='ocrx_word' id='word_1_528' title='bbox 717 3506 816 3561; x_wconf 90' lang='lat' dir='ltr'>sed</span> <span class='ocrx_word' id='word_1_529' title='bbox 845 3506 916 3560; x_wconf 93' lang='lat' dir='ltr'>de</span> <span class='ocrx_word' id='word_1_530' title='bbox 937 3505 1138 3560; x_wconf 90' lang='lat' dir='ltr'>eodem</span> <span class='ocrx_word' id='word_1_531' title='bbox 1170 3520 1304 3559; x_wconf 88' lang='lat' dir='ltr'>vero</span> <span class='ocrx_word' id='word_1_532' title='bbox 1326 3508 1383 3559; x_wconf 88' lang='lat' dir='ltr'>et</span> <span class='ocrx_word' id='word_1_533' title='bbox 1405 3503 1529 3559; x_wconf 91' lang='lat' dir='ltr'>solo</span> <span class='ocrx_word' id='word_1_534' title='bbox 1557 3509 1666 3560; x_wconf 88' lang='lat' dir='ltr'>Deo</span> <span class='ocrx_word' id='word_1_535' title='bbox 1688 3507 1864 3577; x_wconf 90' lang='lat' dir='ltr'>probe</span> 
     </span>
    </p>
   </div>
   <div class='ocr_carea' id='block_1_68' title="bbox 198 3593 1867 3668">
    <p class='ocr_par' dir='ltr' id='par_1_68' title="bbox 198 3593 1867 3668">
     <span class='ocr_line' id='line_1_68' title="bbox 198 3593 1867 3668; baseline -0.003 -13"><span class='ocrx_word' id='word_1_536' title='bbox 198 3612 565 3668; x_wconf 85' lang='lat' dir='ltr'>summeque</span> <span class='ocrx_word' id='word_1_537' title='bbox 595 3595 855 3651; x_wconf 88' lang='lat' dir='ltr'>canendo</span> <span class='ocrx_word' id='word_1_538' title='bbox 886 3593 1225 3666; x_wconf 90' lang='lat' dir='ltr'>protulisset</span> <span class='ocrx_word' id='word_1_539' title='bbox 1259 3609 1272 3650; x_wconf 90' lang='lat'>:</span> <span class='ocrx_word' id='word_1_540' title='bbox 1311 3595 1374 3648; x_wconf 88' lang='lat' dir='ltr'>Te</span> <span class='ocrx_word' id='word_1_541' title='bbox 1403 3596 1523 3648; x_wconf 85' lang='lat' dir='ltr'>sine</span> <span class='ocrx_word' id='word_1_542' title='bbox 1563 3595 1649 3649; x_wconf 86' lang='lat' dir='ltr'>ml</span> <span class='ocrx_word' id='word_1_543' title='bbox 1689 3595 1867 3650; x_wconf 87' lang='lat' dir='ltr'>altum</span> 
     </span>
    </p>
   </div>
   <div class='ocr_carea' id='block_1_69' title="bbox 175 3682 1864 3754">
    <p class='ocr_par' dir='ltr' id='par_1_69' title="bbox 175 3682 1864 3754">
     <span class='ocr_line' id='line_1_69' title="bbox 175 3682 1864 3754; baseline -0.002 -12"><span class='ocrx_word' id='word_1_544' title='bbox 175 3698 361 3743; x_wconf 70' lang='lat' dir='ltr'>“piens</span> <span class='ocrx_word' id='word_1_545' title='bbox 391 3684 632 3741; x_wconf 80' lang='lat' dir='ltr'>inchoat.</span> <span class='ocrx_word' id='word_1_546' title='bbox 667 3682 860 3739; x_wconf 87' lang='lat' dir='ltr'>Nostri</span> <span class='ocrx_word' id='word_1_547' title='bbox 893 3685 1086 3737; x_wconf 91' lang='lat' dir='ltr'>autem</span> <span class='ocrx_word' id='word_1_548' title='bbox 1122 3685 1410 3747; x_wconf 88' lang='lat' dir='ltr'>auctores,</span> <span class='ocrx_word' id='word_1_549' title='bbox 1436 3682 1603 3737; x_wconf 88' lang='lat' dir='ltr'>facile</span> <span class='ocrx_word' id='word_1_550' title='bbox 1634 3684 1864 3754; x_wconf 81' lang='lat' dir='ltr'>sapien-</span> 
     </span>
    </p>
   </div>
   <div class='ocr_carea' id='block_1_70' title="bbox 183 3769 1863 3845">
    <p class='ocr_par' dir='ltr' id='par_1_70' title="bbox 183 3769 1863 3845">
     <span class='ocr_line' id='line_1_70' title="bbox 183 3769 1863 3845; baseline -0.001 -15"><span class='ocrx_word' id='word_1_551' title='bbox 183 3777 284 3830; x_wconf 78' lang='lat' dir='ltr'>tia</span> <span class='ocrx_word' id='word_1_552' title='bbox 314 3771 671 3845; x_wconf 86' lang='lat' dir='ltr'>superiores,</span> <span class='ocrx_word' id='word_1_553' title='bbox 705 3771 845 3844; x_wconf 90' lang='lat' dir='ltr'>quia</span> <span class='ocrx_word' id='word_1_554' title='bbox 875 3769 1073 3825; x_wconf 90' lang='lat' dir='ltr'>divina</span> <span class='ocrx_word' id='word_1_555' title='bbox 1103 3769 1438 3841; x_wconf 91' lang='lat' dir='ltr'>eloquentia</span> <span class='ocrx_word' id='word_1_556' title='bbox 1465 3787 1656 3842; x_wconf 87' lang='lat' dir='ltr'>pares,</span> <span class='ocrx_word' id='word_1_557' title='bbox 1683 3789 1863 3843; x_wconf 88' lang='lat' dir='ltr'>quam</span> 
     </span>
    </p>
   </div>
   <div class='ocr_carea' id='block_1_71' title="bbox 197 3857 1864 3933">
    <p class='ocr_par' dir='ltr' id='par_1_71' title="bbox 197 3857 1864 3933">
     <span class='ocr_line' id='line_1_71' title="bbox 197 3857 1864 3933; baseline -0.003 -14"><span class='ocrx_word' id='word_1_558' title='bbox 197 3880 344 3920; x_wconf 84' lang='lat' dir='ltr'>eum</span> <span class='ocrx_word' id='word_1_559' title='bbox 371 3861 579 3918; x_wconf 86' lang='lat' dir='ltr'>volunt</span> <span class='ocrx_word' id='word_1_560' title='bbox 608 3864 868 3927; x_wconf 85' lang='lat' dir='ltr'>exerunt,</span> <span class='ocrx_word' id='word_1_561' title='bbox 903 3875 1036 3915; x_wconf 86' lang='lat' dir='ltr'>cum</span> <span class='ocrx_word' id='word_1_562' title='bbox 1081 3857 1286 3913; x_wconf 86' lang='lat' dir='ltr'>volunt</span> <span class='ocrx_word' id='word_1_563' title='bbox 1333 3858 1720 3926; x_wconf 87' lang='lat' dir='ltr'>abscondunt,</span> <span class='ocrx_word' id='word_1_564' title='bbox 1757 3863 1864 3933; x_wconf 84' lang='lat' dir='ltr'>Cy-</span> 
     </span>
    </p>
   </div>
   <div class='ocr_carea' id='block_1_72' title="bbox 197 3947 1867 4026">
    <p class='ocr_par' dir='ltr' id='par_1_72' title="bbox 197 3947 1867 4026">
     <span class='ocr_line' id='line_1_72' title="bbox 197 3947 1867 4026; baseline -0.003 -18"><span class='ocrx_word' id='word_1_565' title='bbox 197 3953 288 4026; x_wconf 84' lang='lat' dir='ltr'>pri</span> <span class='ocrx_word' id='word_1_566' title='bbox 297 3967 484 4007; x_wconf 86' lang='lat' dir='ltr'>auum</span> <span class='ocrx_word' id='word_1_567' title='bbox 505 3949 733 4022; x_wconf 86' lang='lat' dir='ltr'>loquor,</span> <span class='ocrx_word' id='word_1_568' title='bbox 747 3947 1166 4021; x_wconf 81' lang='lat' dir='ltr'>Augustinum,</span> <span class='ocrx_word' id='word_1_569' title='bbox 1181 3947 1867 4019; x_wconf 83' lang='lat' dir='ltr'>Hieronymum,Ambro-</span> 
     </span>
    </p>
   </div>
   <div class='ocr_carea' id='block_1_73' title="bbox 198 4036 1864 4111">
    <p class='ocr_par' dir='ltr' id='par_1_73' title="bbox 198 4036 1864 4111">
     <span class='ocr_line' id='line_1_73' title="bbox 198 4036 1864 4111; baseline -0.003 -13"><span class='ocrx_word' id='word_1_570' title='bbox 198 4043 363 4098; x_wconf 83' lang='lat' dir='ltr'>si&#39;um</span> <span class='ocrx_word' id='word_1_571' title='bbox 395 4042 454 4096; x_wconf 84' lang='lat' dir='ltr'>et</span> <span class='ocrx_word' id='word_1_572' title='bbox 483 4039 772 4111; x_wconf 82' lang='lat' dir='ltr'>quosdam</span> <span class='ocrx_word' id='word_1_573' title='bbox 804 4037 970 4105; x_wconf 88' lang='lat' dir='ltr'>alios,</span> <span class='ocrx_word' id='word_1_574' title='bbox 1003 4041 1061 4092; x_wconf 92' lang='lat' dir='ltr'>et</span> <span class='ocrx_word' id='word_1_575' title='bbox 1089 4041 1347 4091; x_wconf 84' lang='lat' dir='ltr'>mentem</span> <span class='ocrx_word' id='word_1_576' title='bbox 1385 4036 1714 4092; x_wconf 90' lang='lat' dir='ltr'>divinorum</span> <span class='ocrx_word' id='word_1_577' title='bbox 1745 4037 1864 4093; x_wconf 92' lang='lat' dir='ltr'>elo-</span> 
     </span>
    </p>
   </div>
   <div class='ocr_carea' id='block_1_74' title="bbox 201 4125 1865 4204">
    <p class='ocr_par' dir='ltr' id='par_1_74' title="bbox 201 4125 1865 4204">
     <span class='ocr_line' id='line_1_74' title="bbox 201 4125 1865 4204; baseline -0.002 -19"><span class='ocrx_word' id='word_1_578' title='bbox 201 4131 488 4204; x_wconf 79' lang='lat' dir='ltr'>q&#39;uiorum</span> <span class='ocrx_word' id='word_1_579' title='bbox 512 4127 747 4199; x_wconf 86' lang='lat' dir='ltr'>penitus</span> <span class='ocrx_word' id='word_1_580' title='bbox 770 4127 1168 4198; x_wconf 87' lang='lat' dir='ltr'>inspexerunt,</span> <span class='ocrx_word' id='word_1_581' title='bbox 1183 4130 1240 4181; x_wconf 87' lang='lat' dir='ltr'>et</span> <span class='ocrx_word' id='word_1_582' title='bbox 1258 4125 1426 4180; x_wconf 89' lang='lat' dir='ltr'>nobis</span> <span class='ocrx_word' id='word_1_583' title='bbox 1448 4125 1762 4181; x_wconf 74' lang='lat' dir='ltr'>salubriter</span> <span class='ocrx_word' id='word_1_584' title='bbox 1773 4143 1865 4181; x_wconf 86' lang='lat' dir='ltr'>ex-</span> 
     </span>
    </p>
   </div>
   <div class='ocr_carea' id='block_1_75' title="bbox 199 4213 1861 4292">
    <p class='ocr_par' dir='ltr' id='par_1_75' title="bbox 199 4213 1861 4292">
     <span class='ocr_line' id='line_1_75' title="bbox 199 4213 1861 4292; baseline -0.003 -18"><span class='ocrx_word' id='word_1_585' title='bbox 199 4221 574 4292; x_wconf 82' lang='lat' dir='ltr'>presserunt.</span> <span class='ocrx_word' id='word_1_586' title='bbox 596 4215 832 4272; x_wconf 91' lang='lat' dir='ltr'>Scilicet</span> <span class='ocrx_word' id='word_1_587' title='bbox 862 4231 1029 4287; x_wconf 87' lang='lat' dir='ltr'>egere</span> <span class='ocrx_word' id='word_1_588' title='bbox 1062 4230 1167 4270; x_wconf 89' lang='lat' dir='ltr'>nos</span> <span class='ocrx_word' id='word_1_589' title='bbox 1187 4213 1246 4267; x_wconf 88' lang='lat' dir='ltr'>in</span> <span class='ocrx_word' id='word_1_590' title='bbox 1271 4214 1490 4269; x_wconf 90' lang='lat' dir='ltr'>bonum</span> <span class='ocrx_word' id='word_1_591' title='bbox 1525 4213 1764 4269; x_wconf 83' lang='lat' dir='ltr'>arbitrio</span> <span class='ocrx_word' id='word_1_592' title='bbox 1795 4213 1861 4269; x_wconf 88' lang='lat' dir='ltr'>li-</span> 
     </span>
    </p>
   </div>
   <div class='ocr_carea' id='block_1_76' title="bbox 197 4302 1865 4375">
    <p class='ocr_par' dir='ltr' id='par_1_76' title="bbox 197 4302 1865 4375">
     <span class='ocr_line' id='line_1_76' title="bbox 197 4302 1865 4375; baseline -0.002 -12"><span class='ocrx_word' id='word_1_593' title='bbox 197 4305 492 4375; x_wconf 75' lang='lat' dir='ltr'>beraudo,</span> <span class='ocrx_word' id='word_1_594' title='bbox 508 4307 565 4360; x_wconf 91' lang='lat' dir='ltr'>et</span> <span class='ocrx_word' id='word_1_595' title='bbox 577 4304 676 4360; x_wconf 91' lang='lat' dir='ltr'>Dei</span> <span class='ocrx_word' id='word_1_596' title='bbox 692 4303 939 4375; x_wconf 83' lang='lat' dir='ltr'>gratiam</span> <span class='ocrx_word' id='word_1_597' title='bbox 960 4319 1073 4358; x_wconf 80' lang='lat' dir='ltr'>non</span> <span class='ocrx_word' id='word_1_598' title='bbox 1095 4303 1418 4359; x_wconf 88' lang='lat' dir='ltr'>secundum</span> <span class='ocrx_word' id='word_1_599' title='bbox 1437 4302 1646 4357; x_wconf 89' lang='lat' dir='ltr'>merita</span> <span class='ocrx_word' id='word_1_600' title='bbox 1664 4307 1865 4359; x_wconf 89' lang='lat' dir='ltr'>nostra</span> 
     </span>
    </p>
   </div>
   <div class='ocr_carea' id='block_1_77' title="bbox 203 4391 1866 4465">
    <p class='ocr_par' dir='ltr' id='par_1_77' title="bbox 203 4391 1866 4465">
     <span class='ocr_line' id='line_1_77' title="bbox 203 4391 1866 4465; baseline -0.002 -14"><span class='ocrx_word' id='word_1_601' title='bbox 203 4394 357 4451; x_wconf 83' lang='lat' dir='ltr'>dari.</span> <span class='ocrx_word' id='word_1_602' title='bbox 385 4393 587 4465; x_wconf 81' lang='lat' dir='ltr'>Itaque</span> <span class='ocrx_word' id='word_1_603' title='bbox 607 4395 688 4460; x_wconf 93' lang='lat' dir='ltr'>(a)</span> <span class='ocrx_word' id='word_1_604' title='bbox 709 4391 1171 4463; x_wconf 85' lang='lat' dir='ltr'>gloriosissimus</span> <span class='ocrx_word' id='word_1_605' title='bbox 1204 4395 1426 4463; x_wconf 81' lang='lat' dir='ltr'>martyr</span> <span class='ocrx_word' id='word_1_606' title='bbox 1454 4391 1778 4463; x_wconf 81' lang='lat' dir='ltr'>Cyprianus</span> <span class='ocrx_word' id='word_1_607' title='bbox 1809 4396 1866 4448; x_wconf 90' lang='lat' dir='ltr'>et</span> 
     </span>
    </p>
   </div>
   <div class='ocr_carea' id='block_1_78' title="bbox 1977 3234 3625 3310">
    <p class='ocr_par' dir='ltr' id='par_1_78' title="bbox 1977 3234 3625 3310">
     <span class='ocr_line' id='line_1_78' title="bbox 1977 3234 3625 3310; baseline -0.001 -18"><span class='ocrx_word' id='word_1_608' title='bbox 1977 3243 2118 3292; x_wconf 89' lang='lat' dir='ltr'>cunt</span> <span class='ocrx_word' id='word_1_609' title='bbox 2168 3237 2402 3310; x_wconf 89' lang='lat' dir='ltr'>proprio</span> <span class='ocrx_word' id='word_1_610' title='bbox 2461 3236 2760 3291; x_wconf 90' lang='lat' dir='ltr'>hominem</span> <span class='ocrx_word' id='word_1_611' title='bbox 2823 3235 2941 3308; x_wconf 87' lang='lat' dir='ltr'>regi</span> <span class='ocrx_word' id='word_1_612' title='bbox 3001 3234 3261 3302; x_wconf 85' lang='lat' dir='ltr'>arbitrio,</span> <span class='ocrx_word' id='word_1_613' title='bbox 3297 3234 3380 3289; x_wconf 90' lang='lat' dir='ltr'>sic</span> <span class='ocrx_word' id='word_1_614' title='bbox 3427 3234 3625 3290; x_wconf 84' lang='lat' dir='ltr'>datam</span> 
     </span>
    </p>
   </div>
   <div class='ocr_carea' id='block_1_79' title="bbox 1977 3321 3627 3396">
    <p class='ocr_par' dir='ltr' id='par_1_79' title="bbox 1977 3321 3627 3396">
     <span class='ocr_line' id='line_1_79' title="bbox 1977 3321 3627 3396; baseline -0.001 -16"><span class='ocrx_word' id='word_1_615' title='bbox 1977 3326 2142 3381; x_wconf 88' lang='lat' dir='ltr'>liberi</span> <span class='ocrx_word' id='word_1_616' title='bbox 2171 3325 2391 3381; x_wconf 89' lang='lat' dir='ltr'>arbitrii</span> <span class='ocrx_word' id='word_1_617' title='bbox 2428 3329 2769 3396; x_wconf 88' lang='lat' dir='ltr'>potestatem</span> <span class='ocrx_word' id='word_1_618' title='bbox 2804 3329 2871 3379; x_wconf 88' lang='lat' dir='ltr'>ut</span> <span class='ocrx_word' id='word_1_619' title='bbox 2900 3323 2999 3378; x_wconf 90' lang='lat' dir='ltr'>Dei</span> <span class='ocrx_word' id='word_1_620' title='bbox 3033 3322 3434 3378; x_wconf 83' lang='lat' dir='ltr'>misericordia</span> <span class='ocrx_word' id='word_1_621' title='bbox 3461 3321 3627 3379; x_wconf 76' lang='lat' dir='ltr'>tolle-</span> 
     </span>
    </p>
   </div>
   <div class='ocr_carea' id='block_1_80' title="bbox 1975 3411 3627 3486">
    <p class='ocr_par' dir='ltr' id='par_1_80' title="bbox 1975 3411 3627 3486">
     <span class='ocr_line' id='line_1_80' title="bbox 1975 3411 3627 3486; baseline -0.002 -16"><span class='ocrx_word' id='word_1_622' title='bbox 1975 3420 2138 3470; x_wconf 87' lang='lat' dir='ltr'>retur</span> <span class='ocrx_word' id='word_1_623' title='bbox 2161 3419 2337 3486; x_wconf 90' lang='lat' dir='ltr'>atque</span> <span class='ocrx_word' id='word_1_624' title='bbox 2351 3413 2630 3483; x_wconf 85' lang='lat' dir='ltr'>justitia?</span> <span class='ocrx_word' id='word_1_625' title='bbox 2654 3413 2781 3485; x_wconf 89' lang='lat' dir='ltr'>Ipse</span> <span class='ocrx_word' id='word_1_626' title='bbox 2812 3418 3006 3468; x_wconf 87' lang='lat' dir='ltr'>autem</span> <span class='ocrx_word' id='word_1_627' title='bbox 3038 3411 3416 3483; x_wconf 77' lang='lat' dir='ltr'>Augustinus,</span> <span class='ocrx_word' id='word_1_628' title='bbox 3449 3423 3627 3483; x_wconf 83' lang='lat' dir='ltr'>quem</span> 
     </span>
    </p>
   </div>
   <div class='ocr_carea' id='block_1_81' title="bbox 1975 3500 3627 3572">
    <p class='ocr_par' dir='ltr' id='par_1_81' title="bbox 1975 3500 3627 3572">
     <span class='ocr_line' id='line_1_81' title="bbox 1975 3500 3627 3572; baseline -0.002 -14"><span class='ocrx_word' id='word_1_629' title='bbox 1975 3505 2206 3559; x_wconf 89' lang='lat' dir='ltr'>nescias</span> <span class='ocrx_word' id='word_1_630' title='bbox 2239 3509 2436 3558; x_wconf 86' lang='lat' dir='ltr'>utrum</span> <span class='ocrx_word' id='word_1_631' title='bbox 2479 3519 2674 3558; x_wconf 87' lang='lat' dir='ltr'>rerum</span> <span class='ocrx_word' id='word_1_632' title='bbox 2716 3501 3048 3557; x_wconf 89' lang='lat' dir='ltr'>inventione</span> <span class='ocrx_word' id='word_1_633' title='bbox 3074 3500 3263 3572; x_wconf 85' lang='lat' dir='ltr'>magis</span> <span class='ocrx_word' id='word_1_634' title='bbox 3293 3516 3366 3556; x_wconf 90' lang='lat' dir='ltr'>an</span> <span class='ocrx_word' id='word_1_635' title='bbox 3397 3500 3627 3556; x_wconf 80' lang='lat' dir='ltr'>dicendi</span> 
     </span>
    </p>
   </div>
   <div class='ocr_carea' id='block_1_82' title="bbox 1976 3587 3627 3660">
    <p class='ocr_par' dir='ltr' id='par_1_82' title="bbox 1976 3587 3627 3660">
     <span class='ocr_line' id='line_1_82' title="bbox 1976 3587 3627 3660; baseline -0.002 -13"><span class='ocrx_word' id='word_1_636' title='bbox 1976 3593 2250 3648; x_wconf 91' lang='lat' dir='ltr'>felicitate</span> <span class='ocrx_word' id='word_1_637' title='bbox 2281 3590 2533 3656; x_wconf 88' lang='lat' dir='ltr'>mireris,</span> <span class='ocrx_word' id='word_1_638' title='bbox 2567 3591 2638 3645; x_wconf 92' lang='lat' dir='ltr'>de</span> <span class='ocrx_word' id='word_1_639' title='bbox 2668 3590 2849 3645; x_wconf 92' lang='lat' dir='ltr'>libero</span> <span class='ocrx_word' id='word_1_640' title='bbox 2897 3588 3138 3644; x_wconf 90' lang='lat' dir='ltr'>arbitrio</span> <span class='ocrx_word' id='word_1_641' title='bbox 3184 3593 3240 3644; x_wconf 88' lang='lat' dir='ltr'>et</span> <span class='ocrx_word' id='word_1_642' title='bbox 3287 3587 3476 3660; x_wconf 80' lang='lat' dir='ltr'>gratia</span> <span class='ocrx_word' id='word_1_643' title='bbox 3526 3587 3627 3644; x_wconf 86' lang='lat' dir='ltr'>Dei</span> 
     </span>
    </p>
   </div>
   <div class='ocr_carea' id='block_1_83' title="bbox 1974 3675 3628 3751">
    <p class='ocr_par' dir='ltr' id='par_1_83' title="bbox 1974 3675 3628 3751">
     <span class='ocr_line' id='line_1_83' title="bbox 1974 3675 3628 3751; baseline -0.002 -16"><span class='ocrx_word' id='word_1_644' title='bbox 1974 3685 2139 3736; x_wconf 87' lang='lat' dir='ltr'>tanta</span> <span class='ocrx_word' id='word_1_645' title='bbox 2169 3679 2449 3736; x_wconf 90' lang='lat' dir='ltr'>disseruit</span> <span class='ocrx_word' id='word_1_646' title='bbox 2481 3685 2544 3734; x_wconf 90' lang='lat' dir='ltr'>ut</span> <span class='ocrx_word' id='word_1_647' title='bbox 2575 3679 2803 3751; x_wconf 86' lang='lat' dir='ltr'>possint</span> <span class='ocrx_word' id='word_1_648' title='bbox 2830 3678 2926 3733; x_wconf 82' lang='lat' dir='ltr'>vix</span> <span class='ocrx_word' id='word_1_649' title='bbox 2947 3678 3018 3732; x_wconf 91' lang='lat' dir='ltr'>ab</span> <span class='ocrx_word' id='word_1_650' title='bbox 3043 3675 3238 3748; x_wconf 83' lang='lat' dir='ltr'>aliquo</span> <span class='ocrx_word' id='word_1_651' title='bbox 3270 3676 3404 3750; x_wconf 87' lang='lat' dir='ltr'>legi,</span> <span class='ocrx_word' id='word_1_652' title='bbox 3427 3677 3628 3732; x_wconf 80' lang='lat' dir='ltr'>omnia</span> 
     </span>
    </p>
   </div>
   <div class='ocr_carea' id='block_1_84' title="bbox 1970 3765 3626 3839">
    <p class='ocr_par' dir='ltr' id='par_1_84' title="bbox 1970 3765 3626 3839">
     <span class='ocr_line' id='line_1_84' title="bbox 1970 3765 3626 3839; baseline -0.002 -15"><span class='ocrx_word' id='word_1_653' title='bbox 1970 3786 2127 3837; x_wconf 91' lang='lat' dir='ltr'>vero,</span> <span class='ocrx_word' id='word_1_654' title='bbox 2153 3774 2220 3824; x_wconf 91' lang='lat' dir='ltr'>ut</span> <span class='ocrx_word' id='word_1_655' title='bbox 2251 3783 2382 3824; x_wconf 90' lang='lat' dir='ltr'>mea</span> <span class='ocrx_word' id='word_1_656' title='bbox 2413 3770 2522 3823; x_wconf 89' lang='lat' dir='ltr'>fert</span> <span class='ocrx_word' id='word_1_657' title='bbox 2551 3768 2770 3839; x_wconf 89' lang='lat' dir='ltr'>opinio.</span> <span class='ocrx_word' id='word_1_658' title='bbox 2794 3767 2870 3835; x_wconf 90' lang='lat' dir='ltr'>(d)</span> <span class='ocrx_word' id='word_1_659' title='bbox 2903 3781 3242 3838; x_wconf 86' lang='lat' dir='ltr'>quanquam</span> <span class='ocrx_word' id='word_1_660' title='bbox 3273 3765 3394 3821; x_wconf 87' lang='lat' dir='ltr'>sint</span> <span class='ocrx_word' id='word_1_661' title='bbox 3425 3765 3626 3821; x_wconf 81' lang='lat' dir='ltr'>claris-</span> 
     </span>
    </p>
   </div>
   <div class='ocr_carea' id='block_1_85' title="bbox 1973 3854 3622 3920">
    <p class='ocr_par' dir='ltr' id='par_1_85' title="bbox 1973 3854 3622 3920">
     <span class='ocr_line' id='line_1_85' title="bbox 1973 3854 3622 3920; baseline -0.003 -6"><span class='ocrx_word' id='word_1_662' title='bbox 1973 3858 2126 3914; x_wconf 92' lang='lat' dir='ltr'>sima</span> <span class='ocrx_word' id='word_1_663' title='bbox 2151 3863 2206 3914; x_wconf 92' lang='lat' dir='ltr'>et</span> <span class='ocrx_word' id='word_1_664' title='bbox 2235 3857 2572 3920; x_wconf 86' lang='lat' dir='ltr'>utilissima,</span> <span class='ocrx_word' id='word_1_665' title='bbox 2605 3873 2638 3911; x_wconf 89' lang='lat' dir='ltr'>a</span> <span class='ocrx_word' id='word_1_666' title='bbox 2687 3856 2922 3911; x_wconf 91' lang='lat' dir='ltr'>nemine</span> <span class='ocrx_word' id='word_1_667' title='bbox 2978 3855 3264 3911; x_wconf 81' lang='lat' dir='ltr'>memoria</span> <span class='ocrx_word' id='word_1_668' title='bbox 3315 3854 3622 3911; x_wconf 81' lang='lat' dir='ltr'>contineri.</span> 
     </span>
    </p>
   </div>
   <div class='ocr_carea' id='block_1_86' title="bbox 1973 3943 3624 4014">
    <p class='ocr_par' dir='ltr' id='par_1_86' title="bbox 1973 3943 3624 4014">
     <span class='ocr_line' id='line_1_86' title="bbox 1973 3943 3624 4014; baseline -0.002 -12"><span class='ocrx_word' id='word_1_669' title='bbox 1973 3948 2120 4010; x_wconf 89' lang='lat' dir='ltr'>Quid</span> <span class='ocrx_word' id='word_1_670' title='bbox 2143 3948 2298 4002; x_wconf 89' lang='lat' dir='ltr'>enim</span> <span class='ocrx_word' id='word_1_671' title='bbox 2323 3946 2701 4001; x_wconf 88' lang='lat' dir='ltr'>sentiendum</span> <span class='ocrx_word' id='word_1_672' title='bbox 2734 3944 2810 4000; x_wconf 87' lang='lat' dir='ltr'>sit</span> <span class='ocrx_word' id='word_1_673' title='bbox 2843 3945 2912 3999; x_wconf 91' lang='lat' dir='ltr'>de</span> <span class='ocrx_word' id='word_1_674' title='bbox 2943 3943 3123 3999; x_wconf 83' lang='lat' dir='ltr'>libero</span> <span class='ocrx_word' id='word_1_675' title='bbox 3154 3943 3395 3998; x_wconf 78' lang='lat' dir='ltr'>arbitrio</span> <span class='ocrx_word' id='word_1_676' title='bbox 3417 3948 3474 3999; x_wconf 78' lang='lat' dir='ltr'>et</span> <span class='ocrx_word' id='word_1_677' title='bbox 3493 3958 3624 4014; x_wconf 80' lang='lat' dir='ltr'>gra-</span> 
     </span>
    </p>
   </div>
   <div class='ocr_carea' id='block_1_87' title="bbox 1972 4029 3624 4103">
    <p class='ocr_par' dir='ltr' id='par_1_87' title="bbox 1972 4029 3624 4103">
     <span class='ocr_line' id='line_1_87' title="bbox 1972 4029 3624 4103; baseline -0.004 -12"><span class='ocrx_word' id='word_1_678' title='bbox 1972 4037 2055 4091; x_wconf 89' lang='lat' dir='ltr'>tia</span> <span class='ocrx_word' id='word_1_679' title='bbox 2084 4035 2205 4103; x_wconf 91' lang='lat' dir='ltr'>Dei,</span> <span class='ocrx_word' id='word_1_680' title='bbox 2241 4035 2392 4090; x_wconf 86' lang='lat' dir='ltr'>sicut</span> <span class='ocrx_word' id='word_1_681' title='bbox 2424 4050 2592 4089; x_wconf 89' lang='lat' dir='ltr'>nemo</span> <span class='ocrx_word' id='word_1_682' title='bbox 2623 4038 2744 4088; x_wconf 85' lang='lat' dir='ltr'>tam</span> <span class='ocrx_word' id='word_1_683' title='bbox 2776 4031 3069 4088; x_wconf 87' lang='lat' dir='ltr'>laboriosa</span> <span class='ocrx_word' id='word_1_684' title='bbox 3121 4031 3398 4102; x_wconf 87' lang='lat' dir='ltr'>indagine</span> <span class='ocrx_word' id='word_1_685' title='bbox 3443 4029 3624 4086; x_wconf 80' lang='lat' dir='ltr'>vesti-</span> 
     </span>
    </p>
   </div>
   <div class='ocr_carea' id='block_1_88' title="bbox 1973 4118 3622 4197">
    <p class='ocr_par' dir='ltr' id='par_1_88' title="bbox 1973 4118 3622 4197">
     <span class='ocr_line' id='line_1_88' title="bbox 1973 4118 3622 4197; baseline -0.003 -19"><span class='ocrx_word' id='word_1_686' title='bbox 1973 4125 2148 4197; x_wconf 89' lang='lat' dir='ltr'>gavit,</span> <span class='ocrx_word' id='word_1_687' title='bbox 2183 4139 2354 4178; x_wconf 89' lang='lat' dir='ltr'>nemo</span> <span class='ocrx_word' id='word_1_688' title='bbox 2415 4128 2480 4177; x_wconf 86' lang='lat' dir='ltr'>ut</span> <span class='ocrx_word' id='word_1_689' title='bbox 2537 4121 2633 4177; x_wconf 92' lang='lat' dir='ltr'>ille</span> <span class='ocrx_word' id='word_1_690' title='bbox 2692 4120 2897 4175; x_wconf 86' lang='lat' dir='ltr'>tandiu</span> <span class='ocrx_word' id='word_1_691' title='bbox 2938 4121 3094 4176; x_wconf 63' lang='lat'>294</span> <span class='ocrx_word' id='word_1_692' title='bbox 3121 4118 3388 4186; x_wconf 81' lang='lat' dir='ltr'>versavit,</span> <span class='ocrx_word' id='word_1_693' title='bbox 3424 4118 3525 4183; x_wconf 86' lang='lat' dir='ltr'>ita,</span> <span class='ocrx_word' id='word_1_694' title='bbox 3557 4122 3622 4173; x_wconf 89' lang='lat' dir='ltr'>ut</span> 
     </span>
    </p>
   </div>
   <div class='ocr_carea' id='block_1_89' title="bbox 1973 4207 3623 4284">
    <p class='ocr_par' dir='ltr' id='par_1_89' title="bbox 1973 4207 3623 4284">
     <span class='ocr_line' id='line_1_89' title="bbox 1973 4207 3623 4284; baseline -0.004 -16"><span class='ocrx_word' id='word_1_695' title='bbox 1973 4229 2115 4284; x_wconf 91' lang='lat' dir='ltr'>pace</span> <span class='ocrx_word' id='word_1_696' title='bbox 2147 4215 2493 4267; x_wconf 88' lang='lat' dir='ltr'>cunctorum</span> <span class='ocrx_word' id='word_1_697' title='bbox 2541 4207 2808 4273; x_wconf 83' lang='lat' dir='ltr'>dixerim,</span> <span class='ocrx_word' id='word_1_698' title='bbox 2840 4207 3040 4262; x_wconf 79' lang='lat' dir='ltr'>nullus</span> <span class='ocrx_word' id='word_1_699' title='bbox 3095 4210 3413 4277; x_wconf 81' lang='lat' dir='ltr'>utrumque</span> <span class='ocrx_word' id='word_1_700' title='bbox 3457 4211 3623 4262; x_wconf 77' lang='lat' dir='ltr'>tanta</span> 
     </span>
    </p>
   </div>
   <div class='ocr_carea' id='block_1_90' title="bbox 1971 4292 3620 4372">
    <p class='ocr_par' dir='ltr' id='par_1_90' title="bbox 1971 4292 3620 4372">
     <span class='ocr_line' id='line_1_90' title="bbox 1971 4292 3620 4372; baseline -0.004 -16"><span class='ocrx_word' id='word_1_701' title='bbox 1971 4301 2232 4356; x_wconf 88' lang='lat' dir='ltr'>veritatis</span> <span class='ocrx_word' id='word_1_702' title='bbox 2255 4299 2606 4372; x_wconf 87' lang='lat' dir='ltr'>proprietate</span> <span class='ocrx_word' id='word_1_703' title='bbox 2620 4295 2858 4363; x_wconf 89' lang='lat' dir='ltr'>invenit,</span> <span class='ocrx_word' id='word_1_704' title='bbox 2877 4294 3075 4350; x_wconf 89' lang='lat' dir='ltr'>nullus</span> <span class='ocrx_word' id='word_1_705' title='bbox 3095 4299 3258 4349; x_wconf 89' lang='lat' dir='ltr'>tanta</span> <span class='ocrx_word' id='word_1_706' title='bbox 3275 4292 3620 4364; x_wconf 62' lang='lat' dir='ltr'>eloquentis</span> 
     </span>
    </p>
   </div>
   <div class='ocr_carea' id='block_1_91' title="bbox 1973 4381 3622 4455">
    <p class='ocr_par' dir='ltr' id='par_1_91' title="bbox 1973 4381 3622 4455">
     <span class='ocr_line' id='line_1_91' title="bbox 1973 4381 3622 4455; baseline -0.006 -10"><span class='ocrx_word' id='word_1_707' title='bbox 1973 4391 2236 4445; x_wconf 88' lang='lat' dir='ltr'>ubertate</span> <span class='ocrx_word' id='word_1_708' title='bbox 2258 4381 3292 4455; x_wconf 76' lang='lat' dir='ltr'>asseruit,nullusinexpugnabilium</span> <span class='ocrx_word' id='word_1_709' title='bbox 3313 4395 3622 4452; x_wconf 84' lang='lat' dir='ltr'>argumen-</span> 
     </span>
    </p>
   </div>
   <div class='ocr_carea' id='block_1_92' title="bbox 203 4470 3622 4555">
    <p class='ocr_par' dir='ltr' id='par_1_92' title="bbox 203 4470 3622 4555">
     <span class='ocr_line' id='line_1_92' title="bbox 203 4470 3622 4555; baseline -0.004 -16"><span class='ocrx_word' id='word_1_710' title='bbox 203 4483 414 4539; x_wconf 86' lang='lat' dir='ltr'>doctor</span> <span class='ocrx_word' id='word_1_711' title='bbox 441 4479 833 4537; x_wconf 88' lang='lat' dir='ltr'>suavissimus</span> <span class='ocrx_word' id='word_1_712' title='bbox 865 4479 1061 4534; x_wconf 89' lang='lat' dir='ltr'>omnia</span> <span class='ocrx_word' id='word_1_713' title='bbox 1090 4479 1307 4534; x_wconf 86' lang='lat' dir='ltr'>nostris</span> <span class='ocrx_word' id='word_1_714' title='bbox 1327 4479 1550 4535; x_wconf 87' lang='lat' dir='ltr'>viribus</span> <span class='ocrx_word' id='word_1_715' title='bbox 1571 4481 1940 4555; x_wconf 82' lang='lat' dir='ltr'>adimens,=’D</span> <span class='ocrx_word' id='word_1_716' title='bbox 1972 4484 2165 4534; x_wconf 91' lang='lat' dir='ltr'>torum</span> <span class='ocrx_word' id='word_1_717' title='bbox 2215 4477 2380 4549; x_wconf 91' lang='lat' dir='ltr'>copia</span> <span class='ocrx_word' id='word_1_718' title='bbox 2427 4481 2591 4531; x_wconf 87' lang='lat' dir='ltr'>tanta</span> <span class='ocrx_word' id='word_1_719' title='bbox 2639 4471 2916 4528; x_wconf 85' lang='lat' dir='ltr'>defendit.</span> <span class='ocrx_word' id='word_1_720' title='bbox 2953 4470 3199 4526; x_wconf 84' lang='lat' dir='ltr'>Proinde</span> <span class='ocrx_word' id='word_1_721' title='bbox 3248 4485 3383 4524; x_wconf 82' lang='lat' dir='ltr'>cum</span> <span class='ocrx_word' id='word_1_722' title='bbox 3415 4473 3622 4526; x_wconf 83' lang='lat' dir='ltr'>essent</span> 
     </span>
    </p>
   </div>
   <div class='ocr_carea' id='block_1_93' title="bbox 203 4567 1856 4641">
    <p class='ocr_par' dir='ltr' id='par_1_93' title="bbox 203 4567 1856 4641">
     <span class='ocr_line' id='line_1_93' title="bbox 203 4567 1856 4641; baseline -0.002 -13"><span class='ocrx_word' id='word_1_723' title='bbox 203 4571 323 4628; x_wconf 91' lang='lat' dir='ltr'>Deo</span> <span class='ocrx_word' id='word_1_724' title='bbox 338 4569 680 4641; x_wconf 85' lang='lat' dir='ltr'>assignans,</span> <span class='ocrx_word' id='word_1_725' title='bbox 703 4569 1044 4624; x_wconf 90' lang='lat' dir='ltr'>brevissime</span> <span class='ocrx_word' id='word_1_726' title='bbox 1065 4567 1262 4624; x_wconf 90' lang='lat' dir='ltr'>omnia</span> <span class='ocrx_word' id='word_1_727' title='bbox 1278 4583 1491 4640; x_wconf 88' lang='lat' dir='ltr'>genera</span> <span class='ocrx_word' id='word_1_728' title='bbox 1513 4569 1856 4624; x_wconf 88' lang='lat' dir='ltr'>meritorum</span> 
     </span>
    </p>
   </div>
   <div class='ocr_carea' id='block_1_94' title="bbox 202 4655 1856 4730">
    <p class='ocr_par' dir='ltr' id='par_1_94' title="bbox 202 4655 1856 4730">
     <span class='ocr_line' id='line_1_94' title="bbox 202 4655 1856 4730; baseline -0.001 -15"><span class='ocrx_word' id='word_1_729' title='bbox 202 4656 729 4730; x_wconf 80' lang='lat' dir='ltr'>complexus,aitin</span> <span class='ocrx_word' id='word_1_730' title='bbox 748 4656 908 4712; x_wconf 89' lang='lat' dir='ltr'>nullo</span> <span class='ocrx_word' id='word_1_731' title='bbox 930 4655 1564 4729; x_wconf 82' lang='lat' dir='ltr'>gloriandum,quando</span> <span class='ocrx_word' id='word_1_732' title='bbox 1589 4662 1856 4714; x_wconf 87' lang='lat' dir='ltr'>nostrum</span> 
     </span>
    </p>
   </div>
   <div class='ocr_carea' id='block_1_95' title="bbox 204 4745 1854 4818">
    <p class='ocr_par' dir='ltr' id='par_1_95' title="bbox 204 4745 1854 4818">
     <span class='ocr_line' id='line_1_95' title="bbox 204 4745 1854 4818; baseline 0 -16"><span class='ocrx_word' id='word_1_733' title='bbox 204 4747 353 4803; x_wconf 88' lang='lat' dir='ltr'>nihil</span> <span class='ocrx_word' id='word_1_734' title='bbox 376 4745 455 4802; x_wconf 88' lang='lat' dir='ltr'>sit</span> <span class='ocrx_word' id='word_1_735' title='bbox 476 4747 687 4818; x_wconf 82' lang='lat' dir='ltr'>(Cypr.,</span> <span class='ocrx_word' id='word_1_736' title='bbox 713 4745 808 4800; x_wconf 85' lang='lat' dir='ltr'>lib.</span> <span class='ocrx_word' id='word_1_737' title='bbox 834 4762 896 4800; x_wconf 80' lang='grc' dir='ltr'><strong>ιιι</strong></span> <span class='ocrx_word' id='word_1_738' title='bbox 919 4746 1130 4801; x_wconf 79' lang='lat' dir='ltr'>Testim.</span> <span class='ocrx_word' id='word_1_739' title='bbox 1165 4745 1236 4799; x_wconf 84' lang='lat' dir='ltr'>ad</span> <span class='ocrx_word' id='word_1_740' title='bbox 1266 4745 1507 4812; x_wconf 81' lang='lat' dir='ltr'>Quirin.,</span> <span class='ocrx_word' id='word_1_741' title='bbox 1529 4761 1578 4800; x_wconf 90' lang='lat' dir='ltr'>e.</span> <span class='ocrx_word' id='word_1_742' title='bbox 1606 4747 1680 4813; x_wconf 78' lang='grc'>4).</span> <span class='ocrx_word' id='word_1_743' title='bbox 1714 4751 1854 4802; x_wconf 72' lang='grc' dir='ltr'>Αω-</span> 
     </span>
    </p>
   </div>
   <div class='ocr_carea' id='block_1_96' title="bbox 269 4886 1851 4960">
    <p class='ocr_par' dir='ltr' id='par_1_96' title="bbox 269 4886 1851 4960">
     <span class='ocr_line' id='line_1_96' title="bbox 269 4886 1851 4960; baseline 0 -15"><span class='ocrx_word' id='word_1_744' title='bbox 269 4889 350 4960; x_wconf 88' lang='lat' dir='ltr'>(a)</span> <span class='ocrx_word' id='word_1_745' title='bbox 383 4888 690 4945; x_wconf 82' lang='lat' dir='ltr'>Gloriosiss.</span> <span class='ocrx_word' id='word_1_746' title='bbox 721 4895 938 4958; x_wconf 85' lang='lat' dir='ltr'>martyr</span> <span class='ocrx_word' id='word_1_747' title='bbox 985 4886 1146 4958; x_wconf 82' lang='lat' dir='ltr'>Cypr.</span> <span class='ocrx_word' id='word_1_748' title='bbox 1181 4887 1396 4960; x_wconf 80' lang='lat' dir='ltr'>Lupus</span> <span class='ocrx_word' id='word_1_749' title='bbox 1412 4887 1627 4960; x_wconf 28' lang='lat' dir='ltr'>iepist.</span> <span class='ocrx_word' id='word_1_750' title='bbox 1649 4889 1704 4955; x_wconf 93' lang='lat'>3,</span> <span class='ocrx_word' id='word_1_751' title='bbox 1737 4890 1851 4957; x_wconf 82' lang='lat' dir='ltr'>glo-</span> 
     </span>
    </p>
   </div>
   <div class='ocr_carea' id='block_1_97' title="bbox 201 4958 1850 5030">
    <p class='ocr_par' dir='ltr' id='par_1_97' title="bbox 201 4958 1850 5030">
     <span class='ocr_line' id='line_1_97' title="bbox 201 4958 1850 5030; baseline 0 -16"><span class='ocrx_word' id='word_1_752' title='bbox 201 4958 383 5016; x_wconf 80' lang='lat' dir='ltr'>riosus</span> <span class='ocrx_word' id='word_1_753' title='bbox 441 4959 691 5015; x_wconf 87' lang='lat' dir='ltr'>videlicet</span> <span class='ocrx_word' id='word_1_754' title='bbox 751 4966 966 5030; x_wconf 85' lang='lat' dir='ltr'>martyr</span> <span class='ocrx_word' id='word_1_755' title='bbox 1019 4959 1348 5029; x_wconf 85' lang='lat' dir='ltr'>Cyprianus.</span> <span class='ocrx_word' id='word_1_756' title='bbox 1411 4958 1670 5029; x_wconf 86' lang='lat' dir='ltr'>Epistola</span> <span class='ocrx_word' id='word_1_757' title='bbox 1727 4960 1850 5025; x_wconf 68' lang='lat'>428,</span> 
     </span>
    </p>
   </div>
   <div class='ocr_carea' id='block_1_98' title="bbox 201 5029 1854 5114">
    <p class='ocr_par' dir='ltr' id='par_1_98' title="bbox 201 5029 1854 5114">
     <span class='ocr_line' id='line_1_98' title="bbox 201 5029 1854 5114; baseline 0.001 -28"><span class='ocrx_word' id='word_1_758' title='bbox 201 5031 440 5114; x_wconf 70' lang='lat' dir='ltr'>Sanetus</span> <span class='ocrx_word' id='word_1_759' title='bbox 459 5031 814 5102; x_wconf 80' lang='lat' dir='ltr'>Cyprianus,</span> <span class='ocrx_word' id='word_1_760' title='bbox 846 5029 1062 5102; x_wconf 81' lang='lat' dir='ltr'>martyr</span> <span class='ocrx_word' id='word_1_761' title='bbox 1103 5029 1546 5099; x_wconf 84' lang='lat' dir='ltr'>gloriosissimus,</span> <span class='ocrx_word' id='word_1_762' title='bbox 1585 5038 1637 5085; x_wconf 89' lang='lat' dir='ltr'>et</span> <span class='ocrx_word' id='word_1_763' title='bbox 1672 5030 1854 5087; x_wconf 87' lang='lat' dir='ltr'>doctor</span> 
     </span>
    </p>
   </div>
   <div class='ocr_carea' id='block_1_99' title="bbox 202 5117 582 5158">
    <p class='ocr_par' dir='ltr' id='par_1_99' title="bbox 202 5117 582 5158">
     <span class='ocr_line' id='line_1_99' title="bbox 202 5117 582 5158; baseline -0.008 -1"><span class='ocrx_word' id='word_1_764' title='bbox 202 5117 582 5158; x_wconf 78' lang='lat' dir='ltr'>suavissimus.</span> 
     </span>
    </p>
   </div>
   <div class='ocr_carea' id='block_1_100' title="bbox 271 5169 1848 5244">
    <p class='ocr_par' dir='ltr' id='par_1_100' title="bbox 271 5169 1848 5244">
     <span class='ocr_line' id='line_1_100' title="bbox 271 5169 1848 5244; baseline 0 -15"><span class='ocrx_word' id='word_1_765' title='bbox 271 5173 350 5244; x_wconf 82' lang='grc' dir='ltr'>(ὸ)</span> <span class='ocrx_word' id='word_1_766' title='bbox 381 5171 655 5244; x_wconf 64' lang='lat' dir='ltr'>Szeulari</span> <span class='ocrx_word' id='word_1_767' title='bbox 681 5170 948 5244; x_wconf 82' lang='lat' dir='ltr'>doctrina.</span> <span class='ocrx_word' id='word_1_768' title='bbox 980 5171 1042 5244; x_wconf 73' lang='lat' dir='ltr'>Id</span> <span class='ocrx_word' id='word_1_769' title='bbox 1073 5173 1180 5235; x_wconf 87' lang='lat' dir='ltr'>est,</span> <span class='ocrx_word' id='word_1_770' title='bbox 1211 5169 1474 5244; x_wconf 68' lang='lat' dir='ltr'>aemulari</span> <span class='ocrx_word' id='word_1_771' title='bbox 1506 5171 1848 5244; x_wconf 87' lang='lat' dir='ltr'>litteratura,</span> 
     </span>
    </p>
   </div>
   <div class='ocr_carea' id='block_1_101' title="bbox 201 5241 1776 5312">
    <p class='ocr_par' dir='ltr' id='par_1_101' title="bbox 201 5241 1776 5312">
     <span class='ocr_line' id='line_1_101' title="bbox 201 5241 1776 5312; baseline 0 -13"><span class='ocrx_word' id='word_1_772' title='bbox 201 5243 290 5299; x_wconf 76' lang='lat' dir='ltr'>vel</span> <span class='ocrx_word' id='word_1_773' title='bbox 322 5241 676 5308; x_wconf 75' lang='lat' dir='ltr'>eruditione,</span> <span class='ocrx_word' id='word_1_774' title='bbox 708 5247 773 5297; x_wconf 89' lang='lat' dir='ltr'>ut</span> <span class='ocrx_word' id='word_1_775' title='bbox 801 5241 946 5298; x_wconf 87' lang='lat' dir='ltr'>dixit</span> <span class='ocrx_word' id='word_1_776' title='bbox 978 5242 1175 5312; x_wconf 88' lang='lat' dir='ltr'>Lupus</span> <span class='ocrx_word' id='word_1_777' title='bbox 1207 5241 1265 5295; x_wconf 91' lang='lat' dir='ltr'>in</span> <span class='ocrx_word' id='word_1_778' title='bbox 1298 5241 1468 5312; x_wconf 87' lang='lat' dir='ltr'>epist.</span> <span class='ocrx_word' id='word_1_779' title='bbox 1501 5243 1571 5298; x_wconf 92' lang='lat'>30</span> <span class='ocrx_word' id='word_1_780' title='bbox 1603 5248 1657 5296; x_wconf 92' lang='lat' dir='ltr'>et</span> <span class='ocrx_word' id='word_1_781' title='bbox 1685 5246 1776 5299; x_wconf 83' lang='lat'>68.</span> 
     </span>
    </p>
   </div>
   <div class='ocr_carea' id='block_1_102' title="bbox 270 5312 1852 5386">
    <p class='ocr_par' dir='ltr' id='par_1_102' title="bbox 270 5312 1852 5386">
     <span class='ocr_line' id='line_1_102' title="bbox 270 5312 1852 5386; baseline 0.001 -17"><span class='ocrx_word' id='word_1_782' title='bbox 270 5315 342 5385; x_wconf 83' lang='lat' dir='ltr'>(c)</span> <span class='ocrx_word' id='word_1_783' title='bbox 368 5314 529 5386; x_wconf 81' lang='lat' dir='ltr'>Haud</span> <span class='ocrx_word' id='word_1_784' title='bbox 548 5313 787 5386; x_wconf 66' lang='lat' dir='ltr'>dubium</span> <span class='ocrx_word' id='word_1_785' title='bbox 841 5315 975 5386; x_wconf 86' lang='lat' dir='ltr'>quin</span> <span class='ocrx_word' id='word_1_786' title='bbox 1019 5313 1214 5384; x_wconf 85' lang='lat' dir='ltr'>justas.</span> <span class='ocrx_word' id='word_1_787' title='bbox 1250 5312 1732 5386; x_wconf 82' lang='lat' dir='ltr'>Familiarissima</span> <span class='ocrx_word' id='word_1_788' title='bbox 1763 5319 1852 5370; x_wconf 86' lang='lat' dir='ltr'>est</span> 
     </span>
    </p>
   </div>
   <div class='ocr_carea' id='block_1_103' title="bbox 241 5383 1845 5457">
    <p class='ocr_par' dir='ltr' id='par_1_103' title="bbox 241 5383 1845 5457">
     <span class='ocr_line' id='line_1_103' title="bbox 241 5383 1845 5457; baseline 0 -17"><span class='ocrx_word' id='word_1_789' title='bbox 241 5383 437 5457; x_wconf 82' lang='lat' dir='ltr'>brasis</span> <span class='ocrx_word' id='word_1_790' title='bbox 468 5384 670 5457; x_wconf 73' lang='lat' dir='ltr'>isthaec</span> <span class='ocrx_word' id='word_1_791' title='bbox 692 5383 877 5457; x_wconf 22' lang='lat' dir='ltr'>‘Lupo</span> <span class='ocrx_word' id='word_1_792' title='bbox 925 5383 1144 5457; x_wconf 66' lang='lat' dir='ltr'>nostro.</span> <span class='ocrx_word' id='word_1_793' title='bbox 1176 5387 1243 5457; x_wconf 86' lang='lat' dir='ltr'>_In</span> <span class='ocrx_word' id='word_1_794' title='bbox 1276 5383 1521 5457; x_wconf 78' lang='lat' dir='ltr'>epistola</span> <span class='ocrx_word' id='word_1_795' title='bbox 1551 5384 1764 5457; x_wconf 89' lang='lat' dir='ltr'>quippe</span> <span class='ocrx_word' id='word_1_796' title='bbox 1796 5387 1845 5453; x_wconf 79' lang='grc'>4,</span> 
     </span>
    </p>
   </div>
   <div class='ocr_carea' id='block_1_104' title="bbox 201 5400 1851 5526">
    <p class='ocr_par' dir='ltr' id='par_1_104' title="bbox 201 5400 1851 5526">
     <span class='ocr_line' id='line_1_104' title="bbox 201 5400 1845 5509; baseline 0 -69"><span class='ocrx_word' id='word_1_797' title='bbox 201 5400 437 5508; x_wconf 69' lang='lat' dir='ltr'>phrasis</span> <span class='ocrx_word' id='word_1_798' title='bbox 468 5400 670 5439; x_wconf 74' lang='lat' dir='ltr'>istnaec</span> <span class='ocrx_word' id='word_1_799' title='bbox 718 5400 877 5457; x_wconf 69' lang='lat' dir='ltr'>nupo</span> <span class='ocrx_word' id='word_1_800' title='bbox 925 5400 1144 5440; x_wconf 80' lang='lat' dir='ltr'>nostro.</span> <span class='ocrx_word' id='word_1_801' title='bbox 1182 5400 1243 5437; x_wconf 81' lang='grc' dir='ltr'>ιη</span> <span class='ocrx_word' id='word_1_802' title='bbox 1276 5400 1521 5455; x_wconf 77' lang='lat' dir='ltr'>episwla</span> <span class='ocrx_word' id='word_1_803' title='bbox 1551 5400 1764 5509; x_wconf 65' lang='lat' dir='ltr'>quippe</span> <span class='ocrx_word' id='word_1_804' title='bbox 1796 5400 1845 5453; x_wconf 71' lang='grc'>4,</span> 
     </span>
     <span class='ocr_line' id='line_1_105' title="bbox 225 5453 1851 5526; baseline 0.001 -17"><span class='ocrx_word' id='word_1_805' title='bbox 225 5454 667 5526; x_wconf 69' lang='lat' dir='ltr'>sudansloeum</span> <span class='ocrx_word' id='word_1_806' title='bbox 689 5454 871 5509; x_wconf 88' lang='lat' dir='ltr'>istum</span> <span class='ocrx_word' id='word_1_807' title='bbox 892 5470 959 5509; x_wconf 88' lang='lat' dir='ltr'>ex</span> <span class='ocrx_word' id='word_1_808' title='bbox 974 5453 1232 5526; x_wconf 86' lang='lat' dir='ltr'>Epistola</span> <span class='ocrx_word' id='word_1_809' title='bbox 1262 5456 1518 5509; x_wconf 90' lang='lat' dir='ltr'>secunda</span> <span class='ocrx_word' id='word_1_810' title='bbox 1553 5457 1622 5509; x_wconf 89' lang='lat' dir='ltr'>ad</span> <span class='ocrx_word' id='word_1_811' title='bbox 1682 5457 1851 5511; x_wconf 89' lang='lat' dir='ltr'>‘orin-</span> 
     </span>
    </p>
   </div>
   <div class='ocr_carea' id='block_1_105' title="bbox 204 5525 1852 5596">
    <p class='ocr_par' dir='ltr' id='par_1_105' title="bbox 204 5525 1852 5596">
     <span class='ocr_line' id='line_1_106' title="bbox 204 5525 1852 5596; baseline 0.002 -18"><span class='ocrx_word' id='word_1_812' title='bbox 204 5525 396 5596; x_wconf 88' lang='lat' dir='ltr'>thios:</span> <span class='ocrx_word' id='word_1_813' title='bbox 431 5527 675 5581; x_wconf 83' lang='lat' dir='ltr'>Tristitia</span> <span class='ocrx_word' id='word_1_814' title='bbox 703 5526 900 5583; x_wconf 54' lang='lat' dir='ltr'>screnti</span> <span class='ocrx_word' id='word_1_815' title='bbox 926 5525 1153 5582; x_wconf 80' lang='lat' dir='ltr'>mortem</span> <span class='ocrx_word' id='word_1_816' title='bbox 1181 5535 1452 5596; x_wconf 87' lang='lat' dir='ltr'>operatur.</span> <span class='ocrx_word' id='word_1_817' title='bbox 1488 5526 1670 5591; x_wconf 90' lang='lat' dir='ltr'>addit,</span> <span class='ocrx_word' id='word_1_818' title='bbox 1703 5528 1852 5582; x_wconf 84' lang='lat' dir='ltr'>haud</span> 
     </span>
    </p>
   </div>
   <div class='ocr_carea' id='block_1_106' title="bbox 207 5595 1846 5670">
    <p class='ocr_par' dir='ltr' id='par_1_106' title="bbox 207 5595 1846 5670">
     <span class='ocr_line' id='line_1_107' title="bbox 207 5595 1846 5670; baseline 0.002 -20"><span class='ocrx_word' id='word_1_819' title='bbox 207 5595 438 5653; x_wconf 85' lang='lat' dir='ltr'>dubium</span> <span class='ocrx_word' id='word_1_820' title='bbox 478 5598 616 5670; x_wconf 87' lang='lat' dir='ltr'>quin</span> <span class='ocrx_word' id='word_1_821' title='bbox 651 5597 976 5668; x_wconf 74' lang='lat' dir='ltr'>spiritalem.</span> <span class='ocrx_word' id='word_1_822' title='bbox 1007 5597 1076 5653; x_wconf 89' lang='lat' dir='ltr'>Et</span> <span class='ocrx_word' id='word_1_823' title='bbox 1106 5598 1165 5652; x_wconf 90' lang='lat' dir='ltr'>in</span> <span class='ocrx_word' id='word_1_824' title='bbox 1195 5596 1440 5667; x_wconf 87' lang='lat' dir='ltr'>epistola</span> <span class='ocrx_word' id='word_1_825' title='bbox 1467 5597 1555 5664; x_wconf 93' lang='lat'>30,</span> <span class='ocrx_word' id='word_1_826' title='bbox 1591 5613 1722 5668; x_wconf 91' lang='lat' dir='ltr'>pag.</span> <span class='ocrx_word' id='word_1_827' title='bbox 1756 5600 1846 5668; x_wconf 88' lang='lat'>60,</span> 
     </span>
    </p>
   </div>
   <div class='ocr_carea' id='block_1_107' title="bbox 1969 4557 3618 4637">
    <p class='ocr_par' dir='ltr' id='par_1_107' title="bbox 1969 4557 3618 4637">
     <span class='ocr_line' id='line_1_108' title="bbox 1969 4557 3618 4637; baseline -0.005 -15"><span class='ocrx_word' id='word_1_828' title='bbox 1969 4567 2128 4622; x_wconf 91' lang='lat' dir='ltr'>illius</span> <span class='ocrx_word' id='word_1_829' title='bbox 2158 4567 2358 4622; x_wconf 86' lang='lat' dir='ltr'>omnia</span> <span class='ocrx_word' id='word_1_830' title='bbox 2387 4564 2610 4637; x_wconf 87' lang='lat' dir='ltr'>optima</span> <span class='ocrx_word' id='word_1_831' title='bbox 2629 4567 2684 4617; x_wconf 91' lang='lat' dir='ltr'>et</span> <span class='ocrx_word' id='word_1_832' title='bbox 2716 4577 2860 4633; x_wconf 90' lang='lat' dir='ltr'>pene</span> <span class='ocrx_word' id='word_1_833' title='bbox 2890 4559 3221 4626; x_wconf 86' lang='lat' dir='ltr'>innumera,</span> <span class='ocrx_word' id='word_1_834' title='bbox 3253 4557 3618 4614; x_wconf 55' lang='lat' dir='ltr'>haesitarem—</span> 
     </span>
    </p>
   </div>
   <div class='ocr_carea' id='block_1_108' title="bbox 1966 4646 3618 4728">
    <p class='ocr_par' dir='ltr' id='par_1_108' title="bbox 1966 4646 3618 4728">
     <span class='ocr_line' id='line_1_109' title="bbox 1966 4646 3618 4728; baseline -0.006 -17"><span class='ocrx_word' id='word_1_835' title='bbox 1966 4672 2080 4728; x_wconf 88' lang='lat' dir='ltr'>que</span> <span class='ocrx_word' id='word_1_836' title='bbox 2109 4655 2248 4727; x_wconf 90' lang='lat' dir='ltr'>quid</span> <span class='ocrx_word' id='word_1_837' title='bbox 2283 4653 2659 4726; x_wconf 90' lang='lat' dir='ltr'>potissimum</span> <span class='ocrx_word' id='word_1_838' title='bbox 2688 4655 2845 4705; x_wconf 89' lang='lat' dir='ltr'>esset</span> <span class='ocrx_word' id='word_1_839' title='bbox 2891 4647 3249 4720; x_wconf 81' lang='lat' dir='ltr'>eligendum,</span> <span class='ocrx_word' id='word_1_840' title='bbox 3281 4646 3462 4702; x_wconf 83' lang='lat' dir='ltr'>statui</span> <span class='ocrx_word' id='word_1_841' title='bbox 3493 4652 3618 4702; x_wconf 78' lang='lat' dir='ltr'>stu-</span> 
     </span>
    </p>
   </div>
   <div class='ocr_carea' id='block_1_109' title="bbox 1965 4736 3621 4809">
    <p class='ocr_par' dir='ltr' id='par_1_109' title="bbox 1965 4736 3621 4809">
     <span class='ocr_line' id='line_1_110' title="bbox 1965 4736 3621 4809; baseline -0.005 -9"><span class='ocrx_word' id='word_1_842' title='bbox 1965 4745 2199 4800; x_wconf 89' lang='lat' dir='ltr'>diosum</span> <span class='ocrx_word' id='word_1_843' title='bbox 2231 4744 2303 4800; x_wconf 89' lang='lat' dir='ltr'>ad</span> <span class='ocrx_word' id='word_1_844' title='bbox 2335 4742 2571 4798; x_wconf 89' lang='lat' dir='ltr'>illorum</span> <span class='ocrx_word' id='word_1_845' title='bbox 2601 4739 2848 4794; x_wconf 87' lang='lat' dir='ltr'>invitare</span> <span class='ocrx_word' id='word_1_846' title='bbox 2875 4737 3207 4804; x_wconf 79' lang='lat' dir='ltr'>lectionem,</span> <span class='ocrx_word' id='word_1_847' title='bbox 3238 4753 3366 4809; x_wconf 67' lang='lat' dir='ltr'>quis</span> <span class='ocrx_word' id='word_1_848' title='bbox 3400 4736 3621 4793; x_wconf 85' lang='lat' dir='ltr'>nostris</span> 
     </span>
    </p>
   </div>
   <div class='ocr_carea' id='block_1_110' title="bbox 1961 4879 3614 4954">
    <p class='ocr_par' dir='ltr' id='par_1_110' title="bbox 1961 4879 3614 4954">
     <span class='ocr_line' id='line_1_111' title="bbox 1961 4879 3614 4954; baseline -0.007 -9"><span class='ocrx_word' id='word_1_849' title='bbox 1961 4889 2152 4945; x_wconf 87' lang='lat' dir='ltr'>eitans</span> <span class='ocrx_word' id='word_1_850' title='bbox 2163 4885 2356 4942; x_wconf 89' lang='lat' dir='ltr'>locum</span> <span class='ocrx_word' id='word_1_851' title='bbox 2371 4883 2537 4939; x_wconf 91' lang='lat' dir='ltr'>illum</span> <span class='ocrx_word' id='word_1_852' title='bbox 2550 4879 3614 4954; x_wconf 69' lang='lat' dir='ltr'>Augustini,vitam,quidemsuam,etc.</span> 
     </span>
    </p>
   </div>
   <div class='ocr_carea' id='block_1_111' title="bbox 1964 4949 3614 5025">
    <p class='ocr_par' dir='ltr' id='par_1_111' title="bbox 1964 4949 3614 5025">
     <span class='ocr_line' id='line_1_112' title="bbox 1964 4949 3614 5025; baseline -0.005 -11"><span class='ocrx_word' id='word_1_853' title='bbox 1964 4959 2148 5023; x_wconf 90' lang='lat' dir='ltr'>addit,</span> <span class='ocrx_word' id='word_1_854' title='bbox 2181 4957 2328 5011; x_wconf 84' lang='lat' dir='ltr'>haud</span> <span class='ocrx_word' id='word_1_855' title='bbox 2356 4956 2581 5010; x_wconf 83' lang='lat' dir='ltr'>dubium</span> <span class='ocrx_word' id='word_1_856' title='bbox 2614 4949 2748 5025; x_wconf 68' lang='lat' dir='ltr'>quin</span> <span class='ocrx_word' id='word_1_857' title='bbox 2794 4953 3044 5025; x_wconf 76' lang='lat' dir='ltr'>spiritus.</span> <span class='ocrx_word' id='word_1_858' title='bbox 3079 4949 3175 5005; x_wconf 91' lang='lat' dir='ltr'>Sic</span> <span class='ocrx_word' id='word_1_859' title='bbox 3203 4950 3265 5004; x_wconf 88' lang='lat' dir='ltr'>in</span> <span class='ocrx_word' id='word_1_860' title='bbox 3299 4951 3413 5004; x_wconf 83' lang='lat' dir='ltr'>{inc</span> <span class='ocrx_word' id='word_1_861' title='bbox 3432 4949 3614 5025; x_wconf 62' lang='lat' dir='ltr'>istius</span> 
     </span>
    </p>
   </div>
   <div class='ocr_carea' id='block_1_112' title="bbox 1963 5020 3614 5100">
    <p class='ocr_par' dir='ltr' id='par_1_112' title="bbox 1963 5020 3614 5100">
     <span class='ocr_line' id='line_1_113' title="bbox 1963 5020 3614 5100; baseline -0.007 -14"><span class='ocrx_word' id='word_1_862' title='bbox 1963 5031 2063 5086; x_wconf 92' lang='lat' dir='ltr'>lib.</span> <span class='ocrx_word' id='word_1_863' title='bbox 2098 5020 2230 5100; x_wconf 83' lang='lat' dir='ltr'>pag.</span> <span class='ocrx_word' id='word_1_864' title='bbox 2252 5029 2351 5081; x_wconf 82' lang='grc'>241</span> <span class='ocrx_word' id='word_1_865' title='bbox 2378 5020 2644 5100; x_wconf 52' lang='lat' dir='ltr'>efferens;</span> <span class='ocrx_word' id='word_1_866' title='bbox 2647 5020 2838 5100; x_wconf 83' lang='lat' dir='ltr'>locum</span> <span class='ocrx_word' id='word_1_867' title='bbox 2870 5022 3038 5077; x_wconf 92' lang='lat' dir='ltr'>illum</span> <span class='ocrx_word' id='word_1_868' title='bbox 3061 5039 3129 5077; x_wconf 87' lang='lat' dir='ltr'>ex</span> <span class='ocrx_word' id='word_1_869' title='bbox 3152 5038 3279 5100; x_wconf 83' lang='lat' dir='ltr'>cap.</span> <span class='ocrx_word' id='word_1_870' title='bbox 3301 5037 3406 5100; x_wconf 66' lang='lat' dir='ltr'>vui</span> <span class='ocrx_word' id='word_1_871' title='bbox 3432 5020 3614 5100; x_wconf 52' lang='lat' dir='ltr'>Epist,</span> 
     </span>
    </p>
   </div>
   <div class='ocr_carea' id='block_1_113' title="bbox 1963 5091 3618 5170">
    <p class='ocr_par' dir='ltr' id='par_1_113' title="bbox 1963 5091 3618 5170">
     <span class='ocr_line' id='line_1_114' title="bbox 1963 5091 3618 5170; baseline -0.006 -15"><span class='ocrx_word' id='word_1_872' title='bbox 1963 5103 2034 5156; x_wconf 83' lang='lat' dir='ltr'>ad</span> <span class='ocrx_word' id='word_1_873' title='bbox 2067 5091 2310 5154; x_wconf 62' lang='lat' dir='ltr'>Roman.</span> <span class='ocrx_word' id='word_1_874' title='bbox 2337 5097 2740 5170; x_wconf 56' lang='lat' dir='ltr'>propriofilio</span> <span class='ocrx_word' id='word_1_875' title='bbox 2768 5111 2906 5170; x_wconf 63' lang='grc' dir='ltr'>⁸ῃοη</span> <span class='ocrx_word' id='word_1_876' title='bbox 2959 5091 3449 5170; x_wconf 51' lang='lat' dir='ltr'>pepercitfaddit,</span> <span class='ocrx_word' id='word_1_877' title='bbox 3470 5091 3618 5146; x_wconf 82' lang='lat' dir='ltr'>haud</span> 
     </span>
    </p>
   </div>
   <div class='ocr_carea' id='block_1_114' title="bbox 1961 5162 3612 5242">
    <p class='ocr_par' dir='ltr' id='par_1_114' title="bbox 1961 5162 3612 5242">
     <span class='ocr_line' id='line_1_115' title="bbox 1961 5162 3612 5242; baseline -0.008 -14"><span class='ocrx_word' id='word_1_878' title='bbox 1961 5173 2191 5228; x_wconf 82' lang='lat' dir='ltr'>dubium</span> <span class='ocrx_word' id='word_1_879' title='bbox 2220 5162 2354 5242; x_wconf 72' lang='lat' dir='ltr'>quin</span> <span class='ocrx_word' id='word_1_880' title='bbox 2374 5166 2672 5242; x_wconf 78' lang='lat' dir='ltr'>_Deu_s._Si_c_</span> <span class='ocrx_word' id='word_1_881' title='bbox 2687 5166 2745 5220; x_wconf 91' lang='lat' dir='ltr'>in</span> <span class='ocrx_word' id='word_1_882' title='bbox 2767 5166 2900 5242; x_wconf 80' lang='lat' dir='ltr'>Vita</span> <span class='ocrx_word' id='word_1_883' title='bbox 2929 5162 3118 5242; x_wconf 66' lang='lat' dir='ltr'>sancti</span> <span class='ocrx_word' id='word_1_884' title='bbox 3152 5162 3453 5242; x_wconf 67' lang='lat' dir='ltr'>Maximini</span> <span class='ocrx_word' id='word_1_885' title='bbox 3483 5177 3612 5232; x_wconf 83' lang='lat' dir='ltr'>cap.</span> 
     </span>
    </p>
   </div>
   <div class='ocr_carea' id='block_1_115' title="bbox 1961 5236 3307 5314">
    <p class='ocr_par' dir='ltr' id='par_1_115' title="bbox 1961 5236 3307 5314">
     <span class='ocr_line' id='line_1_116' title="bbox 1961 5236 3307 5314; baseline -0.007 -16"><span class='ocrx_word' id='word_1_886' title='bbox 1961 5246 2013 5311; x_wconf 82' lang='grc'>4,</span> <span class='ocrx_word' id='word_1_887' title='bbox 2049 5259 2180 5314; x_wconf 90' lang='lat' dir='ltr'>pag.</span> <span class='ocrx_word' id='word_1_888' title='bbox 2211 5236 2337 5306; x_wconf 72' lang='lat'>279,</span> <span class='ocrx_word' id='word_1_889' title='bbox 2365 5239 2768 5314; x_wconf 77' lang='lat' dir='ltr'>hauddubium</span> <span class='ocrx_word' id='word_1_890' title='bbox 2791 5238 2926 5314; x_wconf 79' lang='lat' dir='ltr'>quin</span> <span class='ocrx_word' id='word_1_891' title='bbox 2956 5236 3307 5314; x_wconf 43' lang='lat' dir='ltr'>quouminus.</span> 
     </span>
    </p>
   </div>
   <div class='ocr_carea' id='block_1_116' title="bbox 2033 5302 3616 5394">
    <p class='ocr_par' dir='ltr' id='par_1_116' title="bbox 2033 5302 3616 5394">
     <span class='ocr_line' id='line_1_117' title="bbox 2033 5302 3616 5394; baseline -0.009 -25"><span class='ocrx_word' id='word_1_892' title='bbox 2033 5302 2104 5394; x_wconf 60' lang='grc' dir='ltr'>(ἃ)</span> <span class='ocrx_word' id='word_1_893' title='bbox 2125 5302 2458 5394; x_wconf 60' lang='grc' dir='ltr'>Ὸηαηιιάηγῃ</span> <span class='ocrx_word' id='word_1_894' title='bbox 2483 5312 2596 5391; x_wconf 77' lang='lat' dir='ltr'>sint</span> <span class='ocrx_word' id='word_1_895' title='bbox 2613 5302 2944 5394; x_wconf 56' lang='lat' dir='ltr'>clarissima.</span> <span class='ocrx_word' id='word_1_896' title='bbox 2960 5305 3271 5394; x_wconf 37' lang='lat' dir='ltr'>augustilni</span> <span class='ocrx_word' id='word_1_897' title='bbox 3293 5302 3463 5394; x_wconf 47' lang='lat' dir='ltr'>verba</span> <span class='ocrx_word' id='word_1_898' title='bbox 3486 5315 3616 5394; x_wconf 66' lang='lat' dir='ltr'>esse</span> 
     </span>
    </p>
   </div>
   <div class='ocr_carea' id='block_1_117' title="bbox 1959 5373 3615 5450">
    <p class='ocr_par' dir='ltr' id='par_1_117' title="bbox 1959 5373 3615 5450">
     <span class='ocr_line' id='line_1_118' title="bbox 1959 5373 3615 5450; baseline -0.01 -11"><span class='ocrx_word' id='word_1_899' title='bbox 1959 5373 2291 5440; x_wconf 70' lang='lat' dir='ltr'>clarissima</span> <span class='ocrx_word' id='word_1_900' title='bbox 2309 5373 2547 5437; x_wconf 58' lang='lat' dir='ltr'>&#39;scribit.</span> <span class='ocrx_word' id='word_1_901' title='bbox 2580 5380 2672 5434; x_wconf 88' lang='lat' dir='ltr'>Sic</span> <span class='ocrx_word' id='word_1_902' title='bbox 2703 5380 2761 5434; x_wconf 92' lang='lat' dir='ltr'>in</span> <span class='ocrx_word' id='word_1_903' title='bbox 2785 5377 3033 5450; x_wconf 87' lang='lat' dir='ltr'>epistola</span> <span class='ocrx_word' id='word_1_904' title='bbox 3052 5373 3152 5450; x_wconf 66' lang='grc' dir='ltr'>ΒΟ,</span> <span class='ocrx_word' id='word_1_905' title='bbox 3184 5377 3254 5430; x_wconf 90' lang='lat' dir='ltr'>de</span> <span class='ocrx_word' id='word_1_906' title='bbox 3279 5373 3482 5450; x_wconf 76' lang='lat' dir='ltr'>eodem</span> <span class='ocrx_word' id='word_1_907' title='bbox 3508 5373 3615 5424; x_wconf 62' lang='lat' dir='ltr'>itu-</span> 
     </span>
    </p>
   </div>
   <div class='ocr_carea' id='block_1_118' title="bbox 1960 5443 3617 5527">
    <p class='ocr_par' dir='ltr' id='par_1_118' title="bbox 1960 5443 3617 5527">
     <span class='ocr_line' id='line_1_119' title="bbox 1960 5443 3617 5527; baseline -0.01 -17"><span class='ocrx_word' id='word_1_908' title='bbox 1960 5455 2192 5527; x_wconf 83' lang='lat' dir='ltr'>gustino</span> <span class='ocrx_word' id='word_1_909' title='bbox 2216 5453 2484 5525; x_wconf 87' lang='lat' dir='ltr'>loquens,</span> <span class='ocrx_word' id='word_1_910' title='bbox 2501 5452 2610 5506; x_wconf 89' lang='lat' dir='ltr'>ait:</span> <span class='ocrx_word' id='word_1_911' title='bbox 2637 5443 2904 5527; x_wconf 66' lang='lat' dir='ltr'>Hactenus</span> <span class='ocrx_word' id='word_1_912' title='bbox 2929 5449 3063 5527; x_wconf 86' lang='lat' dir='ltr'>quid</span> <span class='ocrx_word' id='word_1_913' title='bbox 3091 5449 3209 5527; x_wconf 57' lang='lat' dir='ltr'>haec</span> <span class='ocrx_word' id='word_1_914' title='bbox 3236 5445 3400 5526; x_wconf 66' lang='lat' dir='ltr'>uerba</span> <span class='ocrx_word' id='word_1_915' title='bbox 3429 5443 3617 5496; x_wconf 85' lang='lat' dir='ltr'>obscu-</span> 
     </span>
    </p>
   </div>
   <div class='ocr_carea' id='block_1_119' title="bbox 1957 5518 3613 5596">
    <p class='ocr_par' dir='ltr' id='par_1_119' title="bbox 1957 5518 3613 5596">
     <span class='ocr_line' id='line_1_120' title="bbox 1957 5518 3613 5596; baseline -0.007 -16"><span class='ocrx_word' id='word_1_916' title='bbox 1957 5518 2144 5582; x_wconf 75' lang='lat' dir='ltr'>ritatis</span> <span class='ocrx_word' id='word_1_917' title='bbox 2195 5518 2424 5596; x_wconf 73' lang='lat' dir='ltr'>pariant</span> <span class='ocrx_word' id='word_1_918' title='bbox 2477 5541 2590 5579; x_wconf 81' lang='lat' dir='ltr'>non</span> <span class='ocrx_word' id='word_1_919' title='bbox 2645 5523 2815 5578; x_wconf 82' lang='lat' dir='ltr'>video.</span> <span class='ocrx_word' id='word_1_920' title='bbox 2851 5518 3058 5592; x_wconf 78' lang='lat' dir='ltr'>Quippe</span> <span class='ocrx_word' id='word_1_921' title='bbox 3110 5518 3452 5573; x_wconf 81' lang='lat' dir='ltr'>clarissimus</span> <span class='ocrx_word' id='word_1_922' title='bbox 3507 5529 3613 5570; x_wconf 82' lang='lat' dir='ltr'>au-</span> 
     </span>
    </p>
   </div>
   <div class='ocr_carea' id='block_1_120' title="bbox 1959 5601 2236 5662">
    <p class='ocr_par' dir='ltr' id='par_1_120' title="bbox 1959 5601 2236 5662">
     <span class='ocr_line' id='line_1_121' title="bbox 1959 5601 2236 5662; baseline -0.011 -8"><span class='ocrx_word' id='word_1_923' title='bbox 1959 5606 2096 5662; x_wconf 85' lang='lat' dir='ltr'>ctor,</span> <span class='ocrx_word' id='word_1_924' title='bbox 2127 5601 2236 5652; x_wconf 90' lang='lat' dir='ltr'>etc.</span> 
     </span>
    </p>
   </div>
  </div>
