  <div class='ocr_page' id='page_1' title='image "/cluster/home/n/w/nwhite01/storage/ocr_20150623/119/hvd.32044052820040/323.png"; bbox 0 0 3982 6152; ppageno 0'>
   <div class='ocr_carea' id='block_1_1' title="bbox 437 235 560 304">
    <p class='ocr_par' dir='ltr' id='par_1_1' title="bbox 437 235 560 304">
     <span class='ocr_line' id='line_1_1' title="bbox 437 235 560 304; baseline 0.016 -2"><span class='ocrx_word' id='word_1_1' title='bbox 437 235 560 304; x_wconf 80' lang='lat'><strong>635</strong></span> 
     </span>
    </p>
   </div>
   <div class='ocr_carea' id='block_1_2' title="bbox 1429 234 2863 304">
    <p class='ocr_par' dir='ltr' id='par_1_2' title="bbox 1429 234 2863 304">
     <span class='ocr_line' id='line_1_2' title="bbox 1429 234 2863 304; baseline -0.001 -2"><span class='ocrx_word' id='word_1_2' title='bbox 1429 238 1504 302; x_wconf 92' lang='lat' dir='ltr'><strong>B.</strong></span> <span class='ocrx_word' id='word_1_3' title='bbox 1551 238 1618 303; x_wconf 76' lang='grc' dir='ltr'><strong>Ξ.</strong></span> <span class='ocrx_word' id='word_1_4' title='bbox 1664 238 1846 304; x_wconf 81' lang='lat' dir='ltr'><strong>LUPI</strong></span> <span class='ocrx_word' id='word_1_5' title='bbox 1887 234 2220 302; x_wconf 83' lang='lat' dir='ltr'><strong>ABBATIS</strong></span> <span class='ocrx_word' id='word_1_6' title='bbox 2268 234 2863 302; x_wconf 80' lang='lat' dir='ltr'><strong>FERRARIENSIS.</strong></span> 
     </span>
    </p>
   </div>
   <div class='ocr_carea' id='block_1_3' title="bbox 3673 244 3776 310">
    <p class='ocr_par' dir='ltr' id='par_1_3' title="bbox 3673 244 3776 310">
     <span class='ocr_line' id='line_1_3' title="bbox 3673 244 3776 310; baseline 0.019 -2"><span class='ocrx_word' id='word_1_7' title='bbox 3673 244 3776 310; x_wconf 78' lang='lat'><strong>636</strong></span> 
     </span>
    </p>
   </div>
   <div class='ocr_carea' id='block_1_4' title="bbox 439 369 3780 450">
    <p class='ocr_par' dir='ltr' id='par_1_4' title="bbox 439 369 3780 450">
     <span class='ocr_line' id='line_1_4' title="bbox 439 369 3780 450; baseline 0.001 -18"><span class='ocrx_word' id='word_1_8' title='bbox 439 371 813 450; x_wconf 63' lang='lat' dir='ltr'><strong>praecognitis</strong></span> <span class='ocrx_word' id='word_1_9' title='bbox 842 369 1074 431; x_wconf 79' lang='lat' dir='ltr'><strong>facilius</strong></span> <span class='ocrx_word' id='word_1_10' title='bbox 1102 370 1313 446; x_wconf 88' lang='lat' dir='ltr'><strong>poterit</strong></span> <span class='ocrx_word' id='word_1_11' title='bbox 1334 375 1655 446; x_wconf 86' lang='lat' dir='ltr'><strong>penetrare,</strong></span> <span class='ocrx_word' id='word_1_12' title='bbox 1680 390 1856 447; x_wconf 90' lang='lat' dir='ltr'><strong>quam</strong></span> <span class='ocrx_word' id='word_1_13' title='bbox 1881 372 2084 446; x_wconf 82' lang='lat' dir='ltr'><strong>paucis</strong></span> <span class='ocrx_word' id='word_1_14' title='bbox 2116 373 2167 440; x_wconf 76' lang='grc' dir='ltr'><strong>Α</strong></span> <span class='ocrx_word' id='word_1_15' title='bbox 2197 372 2351 428; x_wconf 90' lang='lat' dir='ltr'><strong>unde</strong></span> <span class='ocrx_word' id='word_1_16' title='bbox 2381 371 2660 428; x_wconf 83' lang='lat' dir='ltr'><strong>inﬂentur</strong></span> <span class='ocrx_word' id='word_1_17' title='bbox 2687 370 2938 442; x_wconf 78' lang='lat' dir='ltr'><strong>liberati,</strong></span> <span class='ocrx_word' id='word_1_18' title='bbox 2970 371 3110 446; x_wconf 91' lang='lat' dir='ltr'><strong>quia</strong></span> <span class='ocrx_word' id='word_1_19' title='bbox 3139 371 3292 446; x_wconf 90' lang='lat' dir='ltr'><strong>quod</strong></span> <span class='ocrx_word' id='word_1_20' title='bbox 3333 389 3445 432; x_wconf 89' lang='lat' dir='ltr'><strong>non</strong></span> <span class='ocrx_word' id='word_1_21' title='bbox 3491 371 3780 437; x_wconf 82' lang='lat' dir='ltr'><strong>meruerant</strong></span> 
     </span>
    </p>
   </div>
   <div class='ocr_carea' id='block_1_5' title="bbox 441 461 2088 538">
    <p class='ocr_par' dir='ltr' id='par_1_5' title="bbox 441 461 2088 538">
     <span class='ocr_line' id='line_1_5' title="bbox 441 461 2088 538; baseline -0.003 -18"><span class='ocrx_word' id='word_1_22' title='bbox 441 462 667 538; x_wconf 82' lang='lat' dir='ltr'><strong>positis,</strong></span> <span class='ocrx_word' id='word_1_23' title='bbox 693 461 989 518; x_wconf 85' lang='lat' dir='ltr'><strong>similibus</strong></span> <span class='ocrx_word' id='word_1_24' title='bbox 1011 461 1420 518; x_wconf 89' lang='lat' dir='ltr'><strong>melioribusve</strong></span> <span class='ocrx_word' id='word_1_25' title='bbox 1451 463 1739 518; x_wconf 90' lang='lat' dir='ltr'><strong>fraudare.</strong></span> <span class='ocrx_word' id='word_1_26' title='bbox 1766 462 1882 518; x_wconf 87' lang='lat' dir='ltr'><strong>Hoc</strong></span> <span class='ocrx_word' id='word_1_27' title='bbox 1903 478 2088 517; x_wconf 90' lang='lat' dir='ltr'><strong>unum</strong></span> 
     </span>
    </p>
   </div>
   <div class='ocr_carea' id='block_1_6' title="bbox 437 549 2088 622">
    <p class='ocr_par' dir='ltr' id='par_1_6' title="bbox 437 549 2088 622">
     <span class='ocr_line' id='line_1_6' title="bbox 437 549 2088 622; baseline -0.002 -14"><span class='ocrx_word' id='word_1_28' title='bbox 437 555 636 608; x_wconf 87' lang='lat' dir='ltr'><strong>tamen</strong></span> <span class='ocrx_word' id='word_1_29' title='bbox 662 550 954 608; x_wconf 88' lang='lat' dir='ltr'><strong>occultare</strong></span> <span class='ocrx_word' id='word_1_30' title='bbox 977 566 1091 606; x_wconf 90' lang='lat' dir='ltr'><strong>non</strong></span> <span class='ocrx_word' id='word_1_31' title='bbox 1125 567 1337 622; x_wconf 90' lang='lat' dir='ltr'><strong>passus</strong></span> <span class='ocrx_word' id='word_1_32' title='bbox 1367 567 1496 605; x_wconf 89' lang='lat' dir='ltr'><strong>sum</strong></span> <span class='ocrx_word' id='word_1_33' title='bbox 1531 551 1686 622; x_wconf 93' lang='lat' dir='ltr'><strong>quod</strong></span> <span class='ocrx_word' id='word_1_34' title='bbox 1719 549 1870 605; x_wconf 90' lang='lat' dir='ltr'><strong>inter</strong></span> <span class='ocrx_word' id='word_1_35' title='bbox 1888 549 2003 606; x_wconf 91' lang='lat' dir='ltr'><strong>alia</strong></span> <span class='ocrx_word' id='word_1_36' title='bbox 2019 550 2088 604; x_wconf 91' lang='lat' dir='ltr'><strong>de</strong></span> 
     </span>
    </p>
   </div>
   <div class='ocr_carea' id='block_1_7' title="bbox 437 638 2083 710">
    <p class='ocr_par' dir='ltr' id='par_1_7' title="bbox 437 638 2083 710">
     <span class='ocr_line' id='line_1_7' title="bbox 437 638 2083 710; baseline -0.002 -14"><span class='ocrx_word' id='word_1_37' title='bbox 437 640 618 697; x_wconf 93' lang='lat' dir='ltr'><strong>libero</strong></span> <span class='ocrx_word' id='word_1_38' title='bbox 673 639 911 696; x_wconf 89' lang='lat' dir='ltr'><strong>arbitrio</strong></span> <span class='ocrx_word' id='word_1_39' title='bbox 959 638 1296 695; x_wconf 82' lang='lat' dir='ltr'><strong>acutissime</strong></span> <span class='ocrx_word' id='word_1_40' title='bbox 1353 638 1752 710; x_wconf 83' lang='lat' dir='ltr'><strong>deprehendit.</strong></span> <span class='ocrx_word' id='word_1_41' title='bbox 1789 639 2083 705; x_wconf 90' lang='lat' dir='ltr'><strong>Liberum,</strong></span> 
     </span>
    </p>
   </div>
   <div class='ocr_carea' id='block_1_8' title="bbox 437 726 2086 802">
    <p class='ocr_par' dir='ltr' id='par_1_8' title="bbox 437 726 2086 802">
     <span class='ocr_line' id='line_1_8' title="bbox 437 726 2086 802; baseline -0.002 -17"><span class='ocrx_word' id='word_1_42' title='bbox 437 729 650 802; x_wconf 90' lang='lat' dir='ltr'><strong>inquit,</strong></span> <span class='ocrx_word' id='word_1_43' title='bbox 679 726 986 784; x_wconf 82' lang='lat' dir='ltr'><strong>arbitrium</strong></span> <span class='ocrx_word' id='word_1_44' title='bbox 1031 727 1404 800; x_wconf 90' lang='lat' dir='ltr'><strong>congenitum</strong></span> <span class='ocrx_word' id='word_1_45' title='bbox 1431 731 1486 782; x_wconf 89' lang='lat' dir='ltr'><strong>et</strong></span> <span class='ocrx_word' id='word_1_46' title='bbox 1515 726 1753 788; x_wconf 85' lang='lat' dir='ltr'><strong>omnino</strong></span> <span class='ocrx_word' id='word_1_47' title='bbox 1786 726 2086 783; x_wconf 87' lang='lat' dir='ltr'><strong>inamissi-</strong></span> 
     </span>
    </p>
   </div>
   <div class='ocr_carea' id='block_1_9' title="bbox 438 815 2088 890">
    <p class='ocr_par' dir='ltr' id='par_1_9' title="bbox 438 815 2088 890">
     <span class='ocr_line' id='line_1_9' title="bbox 438 815 2088 890; baseline -0.002 -16"><span class='ocrx_word' id='word_1_48' title='bbox 438 819 555 875; x_wconf 86' lang='lat' dir='ltr'><strong>bile</strong></span> <span class='ocrx_word' id='word_1_49' title='bbox 586 818 633 873; x_wconf 89' lang='lat' dir='ltr'><strong>si</strong></span> <span class='ocrx_word' id='word_1_50' title='bbox 666 816 1004 890; x_wconf 61' lang='lat' dir='ltr'><strong>quaerimus,</strong></span> <span class='ocrx_word' id='word_1_51' title='bbox 1037 815 1180 871; x_wconf 91' lang='lat' dir='ltr'><strong>illud</strong></span> <span class='ocrx_word' id='word_1_52' title='bbox 1227 822 1316 871; x_wconf 92' lang='lat' dir='ltr'><strong>est</strong></span> <span class='ocrx_word' id='word_1_53' title='bbox 1364 833 1478 886; x_wconf 90' lang='lat' dir='ltr'><strong>quo</strong></span> <span class='ocrx_word' id='word_1_54' title='bbox 1528 817 1679 871; x_wconf 83' lang='lat' dir='ltr'><strong>beati</strong></span> <span class='ocrx_word' id='word_1_55' title='bbox 1725 833 1854 872; x_wconf 89' lang='lat' dir='ltr'><strong>esse</strong></span> <span class='ocrx_word' id='word_1_56' title='bbox 1882 815 2088 871; x_wconf 89' lang='lat' dir='ltr'><strong>volunt</strong></span> 
     </span>
    </p>
   </div>
   <div class='ocr_carea' id='block_1_10' title="bbox 437 903 2080 978">
    <p class='ocr_par' dir='ltr' id='par_1_10' title="bbox 437 903 2080 978">
     <span class='ocr_line' id='line_1_10' title="bbox 437 903 2080 978; baseline -0.001 -16"><span class='ocrx_word' id='word_1_57' title='bbox 437 907 612 963; x_wconf 88' lang='lat' dir='ltr'><strong>etiam</strong></span> <span class='ocrx_word' id='word_1_58' title='bbox 625 905 684 960; x_wconf 91' lang='lat' dir='ltr'><strong>hi</strong></span> <span class='ocrx_word' id='word_1_59' title='bbox 703 904 803 978; x_wconf 87' lang='lat' dir='ltr'><strong>qui</strong></span> <span class='ocrx_word' id='word_1_60' title='bbox 819 922 887 961; x_wconf 91' lang='lat' dir='ltr'><strong>ea</strong></span> <span class='ocrx_word' id='word_1_61' title='bbox 905 903 1110 960; x_wconf 85' lang='lat' dir='ltr'><strong>nolunt</strong></span> <span class='ocrx_word' id='word_1_62' title='bbox 1139 922 1267 976; x_wconf 66' lang='lat' dir='ltr'><strong>que</strong></span> <span class='ocrx_word' id='word_1_63' title='bbox 1299 904 1370 959; x_wconf 89' lang='lat' dir='ltr'><strong>ad</strong></span> <span class='ocrx_word' id='word_1_64' title='bbox 1392 904 1813 960; x_wconf 84' lang='lat' dir='ltr'><strong>beatitudinem</strong></span> <span class='ocrx_word' id='word_1_65' title='bbox 1836 904 2080 960; x_wconf 91' lang='lat' dir='ltr'><strong>ducunt.</strong></span> 
     </span>
    </p>
   </div>
   <div class='ocr_carea' id='block_1_11' title="bbox 436 993 2084 1065">
    <p class='ocr_par' dir='ltr' id='par_1_11' title="bbox 436 993 2084 1065">
     <span class='ocr_line' id='line_1_11' title="bbox 436 993 2084 1065; baseline -0.001 -13"><span class='ocrx_word' id='word_1_66' title='bbox 436 996 552 1052; x_wconf 85' lang='lat' dir='ltr'><strong>Nec</strong></span> <span class='ocrx_word' id='word_1_67' title='bbox 572 994 888 1051; x_wconf 85' lang='lat' dir='ltr'><strong>arbitretur</strong></span> <span class='ocrx_word' id='word_1_68' title='bbox 908 993 1125 1065; x_wconf 85' lang='lat' dir='ltr'><strong>aliquis</strong></span> <span class='ocrx_word' id='word_1_69' title='bbox 1147 998 1246 1048; x_wconf 88' lang='lat' dir='ltr'><strong>aut</strong></span> <span class='ocrx_word' id='word_1_70' title='bbox 1269 996 1461 1048; x_wconf 88' lang='lat' dir='ltr'><strong>tantos</strong></span> <span class='ocrx_word' id='word_1_71' title='bbox 1493 993 1647 1049; x_wconf 89' lang='lat' dir='ltr'><strong>viros</strong></span> <span class='ocrx_word' id='word_1_72' title='bbox 1672 998 1774 1048; x_wconf 90' lang='lat' dir='ltr'><strong>aut</strong></span> <span class='ocrx_word' id='word_1_73' title='bbox 1794 1010 1900 1049; x_wconf 91' lang='lat' dir='ltr'><strong>nos</strong></span> <span class='ocrx_word' id='word_1_74' title='bbox 1931 993 2084 1050; x_wconf 86' lang='lat' dir='ltr'><strong>bona</strong></span> 
     </span>
    </p>
   </div>
   <div class='ocr_carea' id='block_1_12' title="bbox 437 1081 2083 1157">
    <p class='ocr_par' dir='ltr' id='par_1_12' title="bbox 437 1081 2083 1157">
     <span class='ocr_line' id='line_1_12' title="bbox 437 1081 2083 1157; baseline -0.001 -18"><span class='ocrx_word' id='word_1_75' title='bbox 437 1101 565 1157; x_wconf 60' lang='lat' dir='ltr'><strong>qua</strong></span> <span class='ocrx_word' id='word_1_76' title='bbox 594 1085 746 1139; x_wconf 92' lang='lat' dir='ltr'><strong>dono</strong></span> <span class='ocrx_word' id='word_1_77' title='bbox 772 1083 870 1138; x_wconf 88' lang='lat' dir='ltr'><strong>Dei</strong></span> <span class='ocrx_word' id='word_1_78' title='bbox 904 1082 1320 1154; x_wconf 87' lang='lat' dir='ltr'><strong>consequimur</strong></span> <span class='ocrx_word' id='word_1_79' title='bbox 1346 1081 1431 1138; x_wconf 90' lang='lat' dir='ltr'><strong>sic</strong></span> <span class='ocrx_word' id='word_1_80' title='bbox 1461 1082 1614 1136; x_wconf 90' lang='lat' dir='ltr'><strong>dona</strong></span> <span class='ocrx_word' id='word_1_81' title='bbox 1652 1082 1780 1153; x_wconf 89' lang='lat' dir='ltr'><strong>ejus</strong></span> <span class='ocrx_word' id='word_1_82' title='bbox 1823 1099 2083 1138; x_wconf 87' lang='lat' dir='ltr'><strong>asserere</strong></span> 
     </span>
    </p>
   </div>
   <div class='ocr_carea' id='block_1_13' title="bbox 434 1170 2082 1244">
    <p class='ocr_par' dir='ltr' id='par_1_13' title="bbox 434 1170 2082 1244">
     <span class='ocr_line' id='line_1_13' title="bbox 434 1170 2082 1244; baseline -0.001 -16"><span class='ocrx_word' id='word_1_83' title='bbox 434 1177 502 1228; x_wconf 91' lang='lat' dir='ltr'><strong>ut</strong></span> <span class='ocrx_word' id='word_1_84' title='bbox 521 1189 632 1229; x_wconf 93' lang='lat' dir='ltr'><strong>non</strong></span> <span class='ocrx_word' id='word_1_85' title='bbox 657 1172 776 1228; x_wconf 88' lang='lat' dir='ltr'><strong>sint</strong></span> <span class='ocrx_word' id='word_1_86' title='bbox 795 1171 971 1228; x_wconf 89' lang='lat' dir='ltr'><strong>etiam</strong></span> <span class='ocrx_word' id='word_1_87' title='bbox 996 1175 1215 1226; x_wconf 88' lang='lat' dir='ltr'><strong>nostra.</strong></span> <span class='ocrx_word' id='word_1_88' title='bbox 1241 1170 1390 1225; x_wconf 87' lang='lat' dir='ltr'><strong>Sunt</strong></span> <span class='ocrx_word' id='word_1_89' title='bbox 1409 1171 1663 1243; x_wconf 89' lang='lat' dir='ltr'><strong>profecto</strong></span> <span class='ocrx_word' id='word_1_90' title='bbox 1686 1171 1808 1240; x_wconf 92' lang='lat' dir='ltr'><strong>Dei,</strong></span> <span class='ocrx_word' id='word_1_91' title='bbox 1834 1187 1899 1226; x_wconf 91' lang='lat' dir='ltr'><strong>ac</strong></span> <span class='ocrx_word' id='word_1_92' title='bbox 1923 1170 2082 1244; x_wconf 89' lang='lat' dir='ltr'><strong>prin-</strong></span> 
     </span>
    </p>
   </div>
   <div class='ocr_carea' id='block_1_14' title="bbox 434 1258 2082 1335">
    <p class='ocr_par' dir='ltr' id='par_1_14' title="bbox 434 1258 2082 1335">
     <span class='ocr_line' id='line_1_14' title="bbox 434 1258 2082 1335; baseline -0.001 -18"><span class='ocrx_word' id='word_1_93' title='bbox 434 1261 717 1335; x_wconf 89' lang='lat' dir='ltr'><strong>cipaliter,</strong></span> <span class='ocrx_word' id='word_1_94' title='bbox 752 1261 894 1333; x_wconf 89' lang='lat' dir='ltr'><strong>quia</strong></span> <span class='ocrx_word' id='word_1_95' title='bbox 922 1260 994 1315; x_wconf 88' lang='lat' dir='ltr'><strong>ab</strong></span> <span class='ocrx_word' id='word_1_96' title='bbox 1029 1258 1127 1314; x_wconf 91' lang='lat' dir='ltr'><strong>illo</strong></span> <span class='ocrx_word' id='word_1_97' title='bbox 1158 1259 1470 1314; x_wconf 86' lang='lat' dir='ltr'><strong>donantur.</strong></span> <span class='ocrx_word' id='word_1_98' title='bbox 1484 1259 1630 1314; x_wconf 92' lang='lat' dir='ltr'><strong>Sunt</strong></span> <span class='ocrx_word' id='word_1_99' title='bbox 1655 1264 2082 1332; x_wconf 87' lang='lat' dir='ltr'><strong>consequenter</strong></span> 
     </span>
    </p>
   </div>
   <div class='ocr_carea' id='block_1_15' title="bbox 435 1345 2078 1419">
    <p class='ocr_par' dir='ltr' id='par_1_15' title="bbox 435 1345 2078 1419">
     <span class='ocr_line' id='line_1_15' title="bbox 435 1345 2078 1419; baseline -0.002 -12"><span class='ocrx_word' id='word_1_100' title='bbox 435 1355 494 1407; x_wconf 90' lang='lat' dir='ltr'><strong>et</strong></span> <span class='ocrx_word' id='word_1_101' title='bbox 513 1351 666 1406; x_wconf 88' lang='lat' dir='ltr'><strong>bona</strong></span> <span class='ocrx_word' id='word_1_102' title='bbox 695 1355 917 1406; x_wconf 87' lang='lat' dir='ltr'><strong>nostra.</strong></span> <span class='ocrx_word' id='word_1_103' title='bbox 947 1347 1086 1419; x_wconf 88' lang='lat' dir='ltr'><strong>quia</strong></span> <span class='ocrx_word' id='word_1_104' title='bbox 1129 1345 1297 1404; x_wconf 90' lang='lat' dir='ltr'><strong>nobis</strong></span> <span class='ocrx_word' id='word_1_105' title='bbox 1327 1348 1402 1404; x_wconf 90' lang='lat' dir='ltr'><strong>ab</strong></span> <span class='ocrx_word' id='word_1_106' title='bbox 1431 1347 1528 1403; x_wconf 93' lang='lat' dir='ltr'><strong>illo</strong></span> <span class='ocrx_word' id='word_1_107' title='bbox 1560 1364 1688 1403; x_wconf 89' lang='lat' dir='ltr'><strong>esse</strong></span> <span class='ocrx_word' id='word_1_108' title='bbox 1720 1349 2078 1417; x_wconf 88' lang='lat' dir='ltr'><strong>creduntur;</strong></span> 
     </span>
    </p>
   </div>
   <div class='ocr_carea' id='block_1_16' title="bbox 433 1435 2080 1510">
    <p class='ocr_par' dir='ltr' id='par_1_16' title="bbox 433 1435 2080 1510">
     <span class='ocr_line' id='line_1_16' title="bbox 433 1435 2080 1510; baseline -0.001 -15"><span class='ocrx_word' id='word_1_109' title='bbox 433 1445 491 1495; x_wconf 88' lang='lat' dir='ltr'><strong>et</strong></span> <span class='ocrx_word' id='word_1_110' title='bbox 521 1455 654 1494; x_wconf 90' lang='lat' dir='ltr'><strong>cum</strong></span> <span class='ocrx_word' id='word_1_111' title='bbox 700 1437 920 1509; x_wconf 89' lang='lat' dir='ltr'><strong>aliquid</strong></span> <span class='ocrx_word' id='word_1_112' title='bbox 973 1437 1108 1492; x_wconf 89' lang='lat' dir='ltr'><strong>boni</strong></span> <span class='ocrx_word' id='word_1_113' title='bbox 1158 1435 1436 1491; x_wconf 91' lang='lat' dir='ltr'><strong>molimur</strong></span> <span class='ocrx_word' id='word_1_114' title='bbox 1480 1436 1566 1492; x_wconf 87' lang='lat' dir='ltr'><strong>vel</strong></span> <span class='ocrx_word' id='word_1_115' title='bbox 1614 1437 1865 1510; x_wconf 85' lang='lat' dir='ltr'><strong>agimus,</strong></span> <span class='ocrx_word' id='word_1_116' title='bbox 1899 1437 2080 1494; x_wconf 91' lang='lat' dir='ltr'><strong>estin</strong></span> 
     </span>
    </p>
   </div>
   <div class='ocr_carea' id='block_1_17' title="bbox 433 1525 2080 1597">
    <p class='ocr_par' dir='ltr' id='par_1_17' title="bbox 433 1525 2080 1597">
     <span class='ocr_line' id='line_1_17' title="bbox 433 1525 2080 1597; baseline -0.002 -12"><span class='ocrx_word' id='word_1_117' title='bbox 433 1528 603 1584; x_wconf 87' lang='lat' dir='ltr'><strong>nobis</strong></span> <span class='ocrx_word' id='word_1_118' title='bbox 634 1525 882 1582; x_wconf 90' lang='lat' dir='ltr'><strong>liberum</strong></span> <span class='ocrx_word' id='word_1_119' title='bbox 915 1525 1245 1592; x_wconf 87' lang='lat' dir='ltr'><strong>arbitrium,</strong></span> <span class='ocrx_word' id='word_1_120' title='bbox 1281 1525 1419 1597; x_wconf 88' lang='lat' dir='ltr'><strong>quia</strong></span> <span class='ocrx_word' id='word_1_121' title='bbox 1464 1526 1684 1597; x_wconf 88' lang='lat' dir='ltr'><strong>peccati</strong></span> <span class='ocrx_word' id='word_1_122' title='bbox 1732 1527 1940 1581; x_wconf 77' lang='lat' dir='ltr'><strong>affectu</strong></span> <span class='ocrx_word' id='word_1_123' title='bbox 1979 1525 2080 1581; x_wconf 90' lang='lat' dir='ltr'><strong>Dei</strong></span> 
     </span>
    </p>
   </div>
   <div class='ocr_carea' id='block_1_18' title="bbox 433 1614 2079 1689">
    <p class='ocr_par' dir='ltr' id='par_1_18' title="bbox 433 1614 2079 1689">
     <span class='ocr_line' id='line_1_18' title="bbox 433 1614 2079 1689; baseline 0.001 -19"><span class='ocrx_word' id='word_1_124' title='bbox 433 1616 620 1689; x_wconf 90' lang='lat' dir='ltr'><strong>gratia</strong></span> <span class='ocrx_word' id='word_1_125' title='bbox 639 1614 975 1670; x_wconf 88' lang='lat' dir='ltr'><strong>liberatum.</strong></span> <span class='ocrx_word' id='word_1_126' title='bbox 1003 1614 1278 1686; x_wconf 85' lang='lat' dir='ltr'><strong>idemque</strong></span> <span class='ocrx_word' id='word_1_127' title='bbox 1308 1631 1455 1686; x_wconf 90' lang='lat' dir='ltr'><strong>opus</strong></span> <span class='ocrx_word' id='word_1_128' title='bbox 1479 1619 1535 1670; x_wconf 89' lang='lat' dir='ltr'><strong>et</strong></span> <span class='ocrx_word' id='word_1_129' title='bbox 1556 1614 1656 1670; x_wconf 89' lang='lat' dir='ltr'><strong>Dei</strong></span> <span class='ocrx_word' id='word_1_130' title='bbox 1682 1619 1792 1683; x_wconf 89' lang='lat' dir='ltr'><strong>est,</strong></span> <span class='ocrx_word' id='word_1_131' title='bbox 1814 1615 1912 1687; x_wconf 88' lang='lat' dir='ltr'><strong>qui</strong></span> <span class='ocrx_word' id='word_1_132' title='bbox 1945 1632 2079 1688; x_wconf 87' lang='lat' dir='ltr'><strong>ope-</strong></span> 
     </span>
    </p>
   </div>
   <div class='ocr_carea' id='block_1_19' title="bbox 433 1702 2078 1776">
    <p class='ocr_par' dir='ltr' id='par_1_19' title="bbox 433 1702 2078 1776">
     <span class='ocr_line' id='line_1_19' title="bbox 433 1702 2078 1776; baseline -0.001 -17"><span class='ocrx_word' id='word_1_133' title='bbox 433 1709 598 1760; x_wconf 85' lang='lat' dir='ltr'><strong>ratur</strong></span> <span class='ocrx_word' id='word_1_134' title='bbox 617 1703 677 1758; x_wconf 89' lang='lat' dir='ltr'><strong>in</strong></span> <span class='ocrx_word' id='word_1_135' title='bbox 700 1702 902 1771; x_wconf 89' lang='lat' dir='ltr'><strong>nobis;</strong></span> <span class='ocrx_word' id='word_1_136' title='bbox 935 1709 992 1758; x_wconf 90' lang='lat' dir='ltr'><strong>et</strong></span> <span class='ocrx_word' id='word_1_137' title='bbox 1022 1707 1287 1758; x_wconf 89' lang='lat' dir='ltr'><strong>nostrum</strong></span> <span class='ocrx_word' id='word_1_138' title='bbox 1320 1707 1428 1772; x_wconf 89' lang='lat' dir='ltr'><strong>est,</strong></span> <span class='ocrx_word' id='word_1_139' title='bbox 1457 1703 1594 1776; x_wconf 90' lang='lat' dir='ltr'><strong>quia</strong></span> <span class='ocrx_word' id='word_1_140' title='bbox 1623 1703 1917 1760; x_wconf 85' lang='lat' dir='ltr'><strong>voluntate</strong></span> <span class='ocrx_word' id='word_1_141' title='bbox 1939 1704 2078 1760; x_wconf 84' lang='lat' dir='ltr'><strong>faci-</strong></span> 
     </span>
    </p>
   </div>
   <div class='ocr_carea' id='block_1_20' title="bbox 433 1791 2080 1864">
    <p class='ocr_par' dir='ltr' id='par_1_20' title="bbox 433 1791 2080 1864">
     <span class='ocr_line' id='line_1_20' title="bbox 433 1791 2080 1864; baseline 0 -16"><span class='ocrx_word' id='word_1_142' title='bbox 433 1809 568 1848; x_wconf 89' lang='lat' dir='ltr'><strong>mus</strong></span> <span class='ocrx_word' id='word_1_143' title='bbox 599 1793 754 1864; x_wconf 91' lang='lat' dir='ltr'><strong>quod</strong></span> <span class='ocrx_word' id='word_1_144' title='bbox 789 1795 1140 1864; x_wconf 67' lang='lat' dir='ltr'><strong>praeceptum</strong></span> <span class='ocrx_word' id='word_1_145' title='bbox 1172 1795 1261 1846; x_wconf 91' lang='lat' dir='ltr'><strong>est</strong></span> <span class='ocrx_word' id='word_1_146' title='bbox 1291 1791 1887 1864; x_wconf 89' lang='lat' dir='ltr'><strong>nobis.Cogitationes</strong></span> <span class='ocrx_word' id='word_1_147' title='bbox 1917 1793 2080 1848; x_wconf 68' lang='lat' dir='ltr'><strong>bona:</strong></span> 
     </span>
    </p>
   </div>
   <div class='ocr_carea' id='block_1_21' title="bbox 431 1879 2080 1955">
    <p class='ocr_par' dir='ltr' id='par_1_21' title="bbox 431 1879 2080 1955">
     <span class='ocr_line' id='line_1_21' title="bbox 431 1879 2080 1955; baseline 0.001 -18"><span class='ocrx_word' id='word_1_148' title='bbox 431 1881 531 1937; x_wconf 89' lang='lat' dir='ltr'><strong>Dei</strong></span> <span class='ocrx_word' id='word_1_149' title='bbox 554 1884 713 1947; x_wconf 91' lang='lat' dir='ltr'><strong>sunt,</strong></span> <span class='ocrx_word' id='word_1_150' title='bbox 739 1879 877 1952; x_wconf 91' lang='lat' dir='ltr'><strong>quia</strong></span> <span class='ocrx_word' id='word_1_151' title='bbox 897 1880 1065 1936; x_wconf 90' lang='lat' dir='ltr'><strong>nobis</strong></span> <span class='ocrx_word' id='word_1_152' title='bbox 1095 1880 1390 1936; x_wconf 88' lang='lat' dir='ltr'><strong>donantur</strong></span> <span class='ocrx_word' id='word_1_153' title='bbox 1418 1882 1490 1936; x_wconf 91' lang='lat' dir='ltr'><strong>ab</strong></span> <span class='ocrx_word' id='word_1_154' title='bbox 1525 1880 1643 1947; x_wconf 91' lang='lat' dir='ltr'><strong>illo,</strong></span> <span class='ocrx_word' id='word_1_155' title='bbox 1669 1885 1734 1937; x_wconf 89' lang='lat' dir='ltr'><strong>ut</strong></span> <span class='ocrx_word' id='word_1_156' title='bbox 1763 1881 2080 1955; x_wconf 88' lang='lat' dir='ltr'><strong>apostolico</strong></span> 
     </span>
    </p>
   </div>
   <div class='ocr_carea' id='block_1_22' title="bbox 432 1969 2081 2043">
    <p class='ocr_par' dir='ltr' id='par_1_22' title="bbox 432 1969 2081 2043">
     <span class='ocr_line' id='line_1_22' title="bbox 432 1969 2081 2043; baseline 0 -17"><span class='ocrx_word' id='word_1_157' title='bbox 432 1970 705 2043; x_wconf 84' lang='lat' dir='ltr'><strong>superius</strong></span> <span class='ocrx_word' id='word_1_158' title='bbox 725 1969 988 2025; x_wconf 83' lang='lat' dir='ltr'><strong>constitit</strong></span> <span class='ocrx_word' id='word_1_159' title='bbox 1016 1969 1366 2025; x_wconf 90' lang='lat' dir='ltr'><strong>documento</strong></span> <span class='ocrx_word' id='word_1_160' title='bbox 1391 1987 1404 2026; x_wconf 90' lang='lat'><strong>:</strong></span> <span class='ocrx_word' id='word_1_161' title='bbox 1438 1971 1556 2026; x_wconf 84' lang='lat' dir='ltr'><strong>Non</strong></span> <span class='ocrx_word' id='word_1_162' title='bbox 1585 1970 1725 2042; x_wconf 83' lang='lat' dir='ltr'><strong>quod</strong></span> <span class='ocrx_word' id='word_1_163' title='bbox 1751 1972 2081 2043; x_wconf 77' lang='lat' dir='ltr'><strong>sufﬁcientes</strong></span> 
     </span>
    </p>
   </div>
   <div class='ocr_carea' id='block_1_23' title="bbox 428 2057 2081 2130">
    <p class='ocr_par' dir='ltr' id='par_1_23' title="bbox 428 2057 2081 2130">
     <span class='ocr_line' id='line_1_23' title="bbox 428 2057 2081 2130; baseline 0.001 -15"><span class='ocrx_word' id='word_1_164' title='bbox 428 2061 602 2115; x_wconf 85' lang='lat' dir='ltr'><strong>simus</strong></span> <span class='ocrx_word' id='word_1_165' title='bbox 656 2060 894 2128; x_wconf 87' lang='lat' dir='ltr'><strong>cogitare</strong></span> <span class='ocrx_word' id='word_1_166' title='bbox 951 2057 1165 2130; x_wconf 87' lang='lat' dir='ltr'><strong>aliquid</strong></span> <span class='ocrx_word' id='word_1_167' title='bbox 1194 2075 1229 2112; x_wconf 91' lang='lat' dir='ltr'><strong>a</strong></span> <span class='ocrx_word' id='word_1_168' title='bbox 1271 2059 1428 2114; x_wconf 86' lang='lat' dir='ltr'><strong>nobis</strong></span> <span class='ocrx_word' id='word_1_169' title='bbox 1471 2061 1632 2130; x_wconf 82' lang='lat' dir='ltr'><strong>quasi</strong></span> <span class='ocrx_word' id='word_1_170' title='bbox 1674 2076 1744 2115; x_wconf 73' lang='lat' dir='ltr'><strong>ea:</strong></span> <span class='ocrx_word' id='word_1_171' title='bbox 1789 2060 1966 2126; x_wconf 84' lang='lat' dir='ltr'><strong>nobis,</strong></span> <span class='ocrx_word' id='word_1_172' title='bbox 1991 2061 2081 2116; x_wconf 84' lang='lat' dir='ltr'><strong>sed</strong></span> 
     </span>
    </p>
   </div>
   <div class='ocr_carea' id='block_1_24' title="bbox 427 2146 2075 2223">
    <p class='ocr_par' dir='ltr' id='par_1_24' title="bbox 427 2146 2075 2223">
     <span class='ocr_line' id='line_1_24' title="bbox 427 2146 2075 2223; baseline 0 -20"><span class='ocrx_word' id='word_1_173' title='bbox 427 2148 763 2223; x_wconf 82' lang='lat' dir='ltr'><strong>sufﬁcientia</strong></span> <span class='ocrx_word' id='word_1_174' title='bbox 792 2154 980 2203; x_wconf 81' lang='lat' dir='ltr'><strong>nostra</strong></span> <span class='ocrx_word' id='word_1_175' title='bbox 1003 2163 1072 2202; x_wconf 78' lang='lat' dir='ltr'><strong>ea:</strong></span> <span class='ocrx_word' id='word_1_176' title='bbox 1099 2146 1205 2202; x_wconf 89' lang='lat' dir='ltr'><strong>Deo</strong></span> <span class='ocrx_word' id='word_1_177' title='bbox 1241 2155 1320 2202; x_wconf 88' lang='lat' dir='ltr'><strong>est</strong></span> <span class='ocrx_word' id='word_1_178' title='bbox 1369 2147 1442 2219; x_wconf 88' lang='lat' dir='ltr'><strong>(II</strong></span> <span class='ocrx_word' id='word_1_179' title='bbox 1471 2148 1591 2204; x_wconf 82' lang='lat' dir='ltr'><strong>Cor.</strong></span> <span class='ocrx_word' id='word_1_180' title='bbox 1617 2151 1701 2218; x_wconf 80' lang='lat' dir='ltr'><strong>in)</strong></span> <span class='ocrx_word' id='word_1_181' title='bbox 1729 2165 1742 2216; x_wconf 91' lang='lat'><strong>;</strong></span> <span class='ocrx_word' id='word_1_182' title='bbox 1775 2151 1832 2204; x_wconf 89' lang='lat' dir='ltr'><strong>et</strong></span> <span class='ocrx_word' id='word_1_183' title='bbox 1861 2148 2075 2204; x_wconf 80' lang='lat' dir='ltr'><strong>eaedem</strong></span> 
     </span>
    </p>
   </div>
   <div class='ocr_carea' id='block_1_25' title="bbox 430 2234 2078 2308">
    <p class='ocr_par' dir='ltr' id='par_1_25' title="bbox 430 2234 2078 2308">
     <span class='ocr_line' id='line_1_25' title="bbox 430 2234 2078 2308; baseline 0.001 -16"><span class='ocrx_word' id='word_1_184' title='bbox 430 2240 643 2293; x_wconf 67' lang='lat' dir='ltr'><strong>nostrae</strong></span> <span class='ocrx_word' id='word_1_185' title='bbox 674 2240 835 2303; x_wconf 91' lang='lat' dir='ltr'><strong>sunt,</strong></span> <span class='ocrx_word' id='word_1_186' title='bbox 867 2235 1005 2308; x_wconf 85' lang='lat' dir='ltr'><strong>quia</strong></span> <span class='ocrx_word' id='word_1_187' title='bbox 1033 2234 1282 2307; x_wconf 89' lang='lat' dir='ltr'><strong>Spiritus</strong></span> <span class='ocrx_word' id='word_1_188' title='bbox 1330 2235 1426 2290; x_wconf 92' lang='lat' dir='ltr'><strong>Dei</strong></span> <span class='ocrx_word' id='word_1_189' title='bbox 1458 2237 1734 2292; x_wconf 90' lang='lat' dir='ltr'><strong>admonet</strong></span> <span class='ocrx_word' id='word_1_190' title='bbox 1766 2253 1778 2292; x_wconf 93' lang='lat'>:</span> <span class='ocrx_word' id='word_1_191' title='bbox 1810 2239 1962 2293; x_wconf 85' lang='lat' dir='ltr'><strong>Jacta</strong></span> <span class='ocrx_word' id='word_1_192' title='bbox 1989 2253 2078 2293; x_wconf 89' lang='lat' dir='ltr'><strong>c0-</strong></span> 
     </span>
    </p>
   </div>
   <div class='ocr_carea' id='block_1_26' title="bbox 427 2325 2073 2397">
    <p class='ocr_par' dir='ltr' id='par_1_26' title="bbox 427 2325 2073 2397">
     <span class='ocr_line' id='line_1_26' title="bbox 427 2325 2073 2397; baseline -0.001 -17"><span class='ocrx_word' id='word_1_193' title='bbox 427 2326 662 2394; x_wconf 85' lang='lat' dir='ltr'><strong>gitatum</strong></span> <span class='ocrx_word' id='word_1_194' title='bbox 709 2331 864 2379; x_wconf 88' lang='lat' dir='ltr'><strong>tuum</strong></span> <span class='ocrx_word' id='word_1_195' title='bbox 906 2325 967 2378; x_wconf 85' lang='lat' dir='ltr'><strong>in</strong></span> <span class='ocrx_word' id='word_1_196' title='bbox 1015 2325 1272 2390; x_wconf 86' lang='lat' dir='ltr'><strong>Domino,</strong></span> <span class='ocrx_word' id='word_1_197' title='bbox 1304 2332 1354 2379; x_wconf 86' lang='lat' dir='ltr'><strong>et</strong></span> <span class='ocrx_word' id='word_1_198' title='bbox 1400 2326 1512 2396; x_wconf 84' lang='lat' dir='ltr'><strong>ipse</strong></span> <span class='ocrx_word' id='word_1_199' title='bbox 1557 2333 1606 2381; x_wconf 89' lang='lat' dir='ltr'><strong>te</strong></span> <span class='ocrx_word' id='word_1_200' title='bbox 1633 2328 1870 2382; x_wconf 80' lang='lat' dir='ltr'><strong>enutriet</strong></span> <span class='ocrx_word' id='word_1_201' title='bbox 1901 2325 2073 2397; x_wconf 84' lang='lat' dir='ltr'><strong>(Psat.</strong></span> 
     </span>
    </p>
   </div>
   <div class='ocr_carea' id='block_1_27' title="bbox 429 2411 2072 2486">
    <p class='ocr_par' dir='ltr' id='par_1_27' title="bbox 429 2411 2072 2486">
     <span class='ocr_line' id='line_1_27' title="bbox 429 2411 2072 2486; baseline -0.001 -17"><span class='ocrx_word' id='word_1_202' title='bbox 429 2412 560 2484; x_wconf 80' lang='lat' dir='ltr'><strong>LIV).</strong></span> <span class='ocrx_word' id='word_1_203' title='bbox 592 2411 899 2468; x_wconf 88' lang='lat' dir='ltr'><strong>Conversio</strong></span> <span class='ocrx_word' id='word_1_204' title='bbox 958 2416 1161 2467; x_wconf 90' lang='lat' dir='ltr'><strong>nostra</strong></span> <span class='ocrx_word' id='word_1_205' title='bbox 1218 2413 1317 2467; x_wconf 90' lang='lat' dir='ltr'><strong>Dei</strong></span> <span class='ocrx_word' id='word_1_206' title='bbox 1375 2416 1482 2479; x_wconf 89' lang='lat' dir='ltr'><strong>est,</strong></span> <span class='ocrx_word' id='word_1_207' title='bbox 1517 2413 1608 2468; x_wconf 91' lang='lat' dir='ltr'><strong>cui</strong></span> <span class='ocrx_word' id='word_1_208' title='bbox 1666 2413 2072 2486; x_wconf 88' lang='lat' dir='ltr'><strong>supplicatur:</strong></span> 
     </span>
    </p>
   </div>
   <div class='ocr_carea' id='block_1_28' title="bbox 429 2501 2072 2574">
    <p class='ocr_par' dir='ltr' id='par_1_28' title="bbox 429 2501 2072 2574">
     <span class='ocr_line' id='line_1_28' title="bbox 429 2501 2072 2574; baseline -0.001 -16"><span class='ocrx_word' id='word_1_209' title='bbox 429 2501 686 2558; x_wconf 83' lang='lat' dir='ltr'><strong>Converte</strong></span> <span class='ocrx_word' id='word_1_210' title='bbox 730 2517 849 2569; x_wconf 88' lang='lat' dir='ltr'><strong>nos,</strong></span> <span class='ocrx_word' id='word_1_211' title='bbox 900 2504 1048 2556; x_wconf 85' lang='lat' dir='ltr'><strong>Deus</strong></span> <span class='ocrx_word' id='word_1_212' title='bbox 1093 2501 1362 2556; x_wconf 85' lang='lat' dir='ltr'><strong>salutaris</strong></span> <span class='ocrx_word' id='word_1_213' title='bbox 1407 2507 1587 2556; x_wconf 81' lang='lat' dir='ltr'><strong>noster</strong></span> <span class='ocrx_word' id='word_1_214' title='bbox 1624 2502 1795 2570; x_wconf 87' lang='lat' dir='ltr'><strong>(Psal.</strong></span> <span class='ocrx_word' id='word_1_215' title='bbox 1830 2503 2072 2574; x_wconf 78' lang='lat' dir='ltr'><strong>LXXXII);</strong></span> 
     </span>
    </p>
   </div>
   <div class='ocr_carea' id='block_1_29' title="bbox 427 2588 2070 2662">
    <p class='ocr_par' dir='ltr' id='par_1_29' title="bbox 427 2588 2070 2662">
     <span class='ocr_line' id='line_1_29' title="bbox 427 2588 2070 2662; baseline -0.001 -16"><span class='ocrx_word' id='word_1_216' title='bbox 427 2590 716 2646; x_wconf 88' lang='lat' dir='ltr'><strong>eteadem</strong></span> <span class='ocrx_word' id='word_1_217' title='bbox 749 2592 949 2646; x_wconf 91' lang='lat' dir='ltr'><strong>nostra</strong></span> <span class='ocrx_word' id='word_1_218' title='bbox 979 2589 1129 2646; x_wconf 70' lang='lat'><strong>225</strong></span> <span class='ocrx_word' id='word_1_219' title='bbox 1162 2593 1271 2656; x_wconf 89' lang='lat' dir='ltr'><strong>est,</strong></span> <span class='ocrx_word' id='word_1_220' title='bbox 1305 2588 1444 2662; x_wconf 89' lang='lat' dir='ltr'><strong>quia</strong></span> <span class='ocrx_word' id='word_1_221' title='bbox 1481 2589 1762 2646; x_wconf 90' lang='lat' dir='ltr'><strong>divinitus</strong></span> <span class='ocrx_word' id='word_1_222' title='bbox 1782 2591 2029 2662; x_wconf 89' lang='lat' dir='ltr'><strong>jubetur</strong></span> <span class='ocrx_word' id='word_1_223' title='bbox 2057 2608 2070 2645; x_wconf 86' lang='lat'><strong>:</strong></span> 
     </span>
    </p>
   </div>
   <div class='ocr_carea' id='block_1_30' title="bbox 429 2678 2076 2758">
    <p class='ocr_par' dir='ltr' id='par_1_30' title="bbox 429 2678 2076 2758">
     <span class='ocr_line' id='line_1_30' title="bbox 429 2678 2076 2758; baseline -0.001 -22"><span class='ocrx_word' id='word_1_224' title='bbox 429 2680 830 2736; x_wconf 82' lang='lat' dir='ltr'><strong>Convertimini</strong></span> <span class='ocrx_word' id='word_1_225' title='bbox 855 2678 925 2733; x_wconf 90' lang='lat' dir='ltr'><strong>ad</strong></span> <span class='ocrx_word' id='word_1_226' title='bbox 953 2694 1040 2734; x_wconf 84' lang='lat' dir='ltr'><strong>me</strong></span> <span class='ocrx_word' id='word_1_227' title='bbox 1069 2679 1131 2758; x_wconf 82' lang='lat' dir='ltr'><strong>in</strong></span> <span class='ocrx_word' id='word_1_228' title='bbox 1157 2685 1264 2734; x_wconf 88' lang='lat' dir='ltr'><strong>toto</strong></span> <span class='ocrx_word' id='word_1_229' title='bbox 1292 2678 1452 2734; x_wconf 85' lang='lat' dir='ltr'><strong>corde</strong></span> <span class='ocrx_word' id='word_1_230' title='bbox 1478 2687 1652 2736; x_wconf 86' lang='lat' dir='ltr'><strong>vestro</strong></span> <span class='ocrx_word' id='word_1_231' title='bbox 1681 2681 1834 2748; x_wconf 78' lang='lat' dir='ltr'><strong>(Joel.</strong></span> <span class='ocrx_word' id='word_1_232' title='bbox 1868 2683 1952 2748; x_wconf 80' lang='grc' dir='ltr'><strong>η).</strong></span> <span class='ocrx_word' id='word_1_233' title='bbox 1987 2682 2076 2735; x_wconf 84' lang='lat' dir='ltr'><strong>In-</strong></span> 
     </span>
    </p>
   </div>
   <div class='ocr_carea' id='block_1_31' title="bbox 425 2766 2072 2841">
    <p class='ocr_par' dir='ltr' id='par_1_31' title="bbox 425 2766 2072 2841">
     <span class='ocr_line' id='line_1_31' title="bbox 425 2766 2072 2841; baseline 0.001 -17"><span class='ocrx_word' id='word_1_234' title='bbox 425 2767 662 2824; x_wconf 91' lang='lat' dir='ltr'><strong>clinatio</strong></span> <span class='ocrx_word' id='word_1_235' title='bbox 711 2766 904 2824; x_wconf 90' lang='lat' dir='ltr'><strong>cordis</strong></span> <span class='ocrx_word' id='word_1_236' title='bbox 953 2766 1136 2823; x_wconf 87' lang='lat' dir='ltr'><strong>nostri</strong></span> <span class='ocrx_word' id='word_1_237' title='bbox 1185 2767 1257 2822; x_wconf 89' lang='lat' dir='ltr'><strong>ad</strong></span> <span class='ocrx_word' id='word_1_238' title='bbox 1308 2773 1593 2841; x_wconf 65' lang='lat' dir='ltr'><strong>praecepta</strong></span> <span class='ocrx_word' id='word_1_239' title='bbox 1647 2769 1767 2835; x_wconf 90' lang='lat' dir='ltr'><strong>Dei,</strong></span> <span class='ocrx_word' id='word_1_240' title='bbox 1799 2775 1856 2825; x_wconf 91' lang='lat' dir='ltr'><strong>et</strong></span> <span class='ocrx_word' id='word_1_241' title='bbox 1886 2769 2072 2841; x_wconf 88' lang='lat' dir='ltr'><strong>ipsius</strong></span> 
     </span>
    </p>
   </div>
   <div class='ocr_carea' id='block_1_32' title="bbox 423 2855 2066 2931">
    <p class='ocr_par' dir='ltr' id='par_1_32' title="bbox 423 2855 2066 2931">
     <span class='ocr_line' id='line_1_32' title="bbox 423 2855 2066 2931; baseline 0.001 -17"><span class='ocrx_word' id='word_1_242' title='bbox 423 2858 524 2914; x_wconf 89' lang='lat' dir='ltr'><strong>Dei</strong></span> <span class='ocrx_word' id='word_1_243' title='bbox 545 2861 652 2928; x_wconf 91' lang='lat' dir='ltr'><strong>est,</strong></span> <span class='ocrx_word' id='word_1_244' title='bbox 669 2874 702 2930; x_wconf 93' lang='lat' dir='ltr'><strong>q</strong></span> <span class='ocrx_word' id='word_1_245' title='bbox 713 2874 843 2913; x_wconf 90' lang='lat' dir='ltr'><strong>uem</strong></span> <span class='ocrx_word' id='word_1_246' title='bbox 869 2855 1171 2928; x_wconf 88' lang='lat' dir='ltr'><strong>placamus</strong></span> <span class='ocrx_word' id='word_1_247' title='bbox 1183 2856 1277 2914; x_wconf 89' lang='lat' dir='ltr'><strong>his</strong></span> <span class='ocrx_word' id='word_1_248' title='bbox 1289 2857 1360 2912; x_wconf 91' lang='lat' dir='ltr'><strong>ab</strong></span> <span class='ocrx_word' id='word_1_249' title='bbox 1373 2858 1576 2914; x_wconf 89' lang='lat' dir='ltr'><strong>eodem</strong></span> <span class='ocrx_word' id='word_1_250' title='bbox 1597 2858 1750 2914; x_wconf 84' lang='lat' dir='ltr'><strong>docti</strong></span> <span class='ocrx_word' id='word_1_251' title='bbox 1767 2859 2066 2931; x_wconf 88' lang='lat' dir='ltr'><strong>precibus:</strong></span> 
     </span>
    </p>
   </div>
   <div class='ocr_carea' id='block_1_33' title="bbox 424 2947 2065 3020">
    <p class='ocr_par' dir='ltr' id='par_1_33' title="bbox 424 2947 2065 3020">
     <span class='ocr_line' id='line_1_33' title="bbox 424 2947 2065 3020; baseline 0 -17"><span class='ocrx_word' id='word_1_252' title='bbox 424 2947 641 3003; x_wconf 83' lang='lat' dir='ltr'><strong>Inclina</strong></span> <span class='ocrx_word' id='word_1_253' title='bbox 687 2963 780 3003; x_wconf 91' lang='lat' dir='ltr'><strong>cor</strong></span> <span class='ocrx_word' id='word_1_254' title='bbox 824 2962 1007 3002; x_wconf 89' lang='lat' dir='ltr'><strong>meum</strong></span> <span class='ocrx_word' id='word_1_255' title='bbox 1054 2947 1114 3000; x_wconf 90' lang='lat' dir='ltr'><strong>in</strong></span> <span class='ocrx_word' id='word_1_256' title='bbox 1161 2948 1470 3003; x_wconf 84' lang='lat' dir='ltr'><strong>testimonia</strong></span> <span class='ocrx_word' id='word_1_257' title='bbox 1506 2956 1604 3002; x_wconf 89' lang='lat' dir='ltr'><strong>tua</strong></span> <span class='ocrx_word' id='word_1_258' title='bbox 1630 2949 1803 3017; x_wconf 85' lang='lat' dir='ltr'><strong>(Psal.</strong></span> <span class='ocrx_word' id='word_1_259' title='bbox 1836 2950 2065 3020; x_wconf 81' lang='lat' dir='ltr'><strong>cxvm);</strong></span> 
     </span>
    </p>
   </div>
   <div class='ocr_carea' id='block_1_34' title="bbox 421 3034 2070 3108">
    <p class='ocr_par' dir='ltr' id='par_1_34' title="bbox 421 3034 2070 3108">
     <span class='ocr_line' id='line_1_34' title="bbox 421 3034 2070 3108; baseline 0.002 -18"><span class='ocrx_word' id='word_1_260' title='bbox 421 3040 480 3091; x_wconf 90' lang='lat' dir='ltr'><strong>et</strong></span> <span class='ocrx_word' id='word_1_261' title='bbox 497 3037 700 3092; x_wconf 88' lang='lat' dir='ltr'><strong>eadem</strong></span> <span class='ocrx_word' id='word_1_262' title='bbox 725 3034 1024 3091; x_wconf 88' lang='lat' dir='ltr'><strong>inclinatio</strong></span> <span class='ocrx_word' id='word_1_263' title='bbox 1044 3039 1246 3090; x_wconf 89' lang='lat' dir='ltr'><strong>nostra</strong></span> <span class='ocrx_word' id='word_1_264' title='bbox 1264 3039 1371 3102; x_wconf 87' lang='lat' dir='ltr'><strong>est,</strong></span> <span class='ocrx_word' id='word_1_265' title='bbox 1399 3035 1538 3108; x_wconf 89' lang='lat' dir='ltr'><strong>quia</strong></span> <span class='ocrx_word' id='word_1_266' title='bbox 1556 3035 1884 3094; x_wconf 90' lang='lat' dir='ltr'><strong>volentibus</strong></span> <span class='ocrx_word' id='word_1_267' title='bbox 1901 3037 2070 3094; x_wconf 88' lang='lat' dir='ltr'><strong>nobis</strong></span> 
     </span>
    </p>
   </div>
   <div class='ocr_carea' id='block_1_35' title="bbox 2199 462 3781 540">
    <p class='ocr_par' dir='ltr' id='par_1_35' title="bbox 2199 462 3781 540">
     <span class='ocr_line' id='line_1_35' title="bbox 2199 462 3781 540; baseline 0.006 -24"><span class='ocrx_word' id='word_1_268' title='bbox 2199 465 2565 534; x_wconf 90' lang='lat' dir='ltr'><strong>acceperunt.</strong></span> <span class='ocrx_word' id='word_1_269' title='bbox 2589 462 2712 517; x_wconf 89' lang='lat' dir='ltr'><strong>Non</strong></span> <span class='ocrx_word' id='word_1_270' title='bbox 2742 466 2832 518; x_wconf 89' lang='lat' dir='ltr'><strong>est</strong></span> <span class='ocrx_word' id='word_1_271' title='bbox 2852 462 3005 518; x_wconf 93' lang='lat' dir='ltr'><strong>unde</strong></span> <span class='ocrx_word' id='word_1_272' title='bbox 3037 466 3352 534; x_wconf 89' lang='lat' dir='ltr'><strong>querantur</strong></span> <span class='ocrx_word' id='word_1_273' title='bbox 3380 464 3640 534; x_wconf 87' lang='lat' dir='ltr'><strong>damnati,</strong></span> <span class='ocrx_word' id='word_1_274' title='bbox 3667 468 3781 540; x_wconf 87' lang='lat' dir='ltr'><strong>quia</strong></span> 
     </span>
    </p>
   </div>
   <div class='ocr_carea' id='block_1_36' title="bbox 2198 549 3782 623">
    <p class='ocr_par' dir='ltr' id='par_1_36' title="bbox 2198 549 3782 623">
     <span class='ocr_line' id='line_1_36' title="bbox 2198 549 3782 623; baseline 0.005 -18"><span class='ocrx_word' id='word_1_275' title='bbox 2198 549 2343 606; x_wconf 86' lang='lat' dir='ltr'><strong>nihil</strong></span> <span class='ocrx_word' id='word_1_276' title='bbox 2372 549 2483 606; x_wconf 90' lang='lat' dir='ltr'><strong>nisi</strong></span> <span class='ocrx_word' id='word_1_277' title='bbox 2507 551 2660 622; x_wconf 93' lang='lat' dir='ltr'><strong>quod</strong></span> <span class='ocrx_word' id='word_1_278' title='bbox 2687 555 3022 607; x_wconf 89' lang='lat' dir='ltr'><strong>meruerant</strong></span> <span class='ocrx_word' id='word_1_279' title='bbox 3042 551 3294 623; x_wconf 80' lang='lat' dir='ltr'><strong>perferre</strong></span> <span class='ocrx_word' id='word_1_280' title='bbox 3315 553 3491 608; x_wconf 88' lang='lat' dir='ltr'><strong>coacti</strong></span> <span class='ocrx_word' id='word_1_281' title='bbox 3521 560 3661 610; x_wconf 90' lang='lat' dir='ltr'><strong>sunt.</strong></span> <span class='ocrx_word' id='word_1_282' title='bbox 3688 557 3782 613; x_wconf 89' lang='lat' dir='ltr'><strong>Cur</strong></span> 
     </span>
    </p>
   </div>
   <div class='ocr_carea' id='block_1_37' title="bbox 2197 639 3782 716">
    <p class='ocr_par' dir='ltr' id='par_1_37' title="bbox 2197 639 3782 716">
     <span class='ocr_line' id='line_1_37' title="bbox 2197 639 3782 716; baseline 0.005 -22"><span class='ocrx_word' id='word_1_283' title='bbox 2197 643 2393 695; x_wconf 89' lang='lat' dir='ltr'><strong>autem</strong></span> <span class='ocrx_word' id='word_1_284' title='bbox 2412 639 2554 695; x_wconf 90' lang='lat' dir='ltr'><strong>istos</strong></span> <span class='ocrx_word' id='word_1_285' title='bbox 2568 657 2681 696; x_wconf 90' lang='lat' dir='ltr'><strong>non</strong></span> <span class='ocrx_word' id='word_1_286' title='bbox 2708 639 2839 696; x_wconf 90' lang='lat' dir='ltr'><strong>illos</strong></span> <span class='ocrx_word' id='word_1_287' title='bbox 2861 640 3043 696; x_wconf 82' lang='lat' dir='ltr'><strong>salvat</strong></span> <span class='ocrx_word' id='word_1_288' title='bbox 3063 641 3235 707; x_wconf 84' lang='lat' dir='ltr'><strong>Deus,</strong></span> <span class='ocrx_word' id='word_1_289' title='bbox 3262 645 3363 696; x_wconf 90' lang='lat' dir='ltr'><strong>aut</strong></span> <span class='ocrx_word' id='word_1_290' title='bbox 3384 658 3486 697; x_wconf 94' lang='lat' dir='ltr'><strong>cur</strong></span> <span class='ocrx_word' id='word_1_291' title='bbox 3503 659 3607 698; x_wconf 90' lang='lat' dir='ltr'><strong>non</strong></span> <span class='ocrx_word' id='word_1_292' title='bbox 3624 646 3782 716; x_wconf 86' lang='lat' dir='ltr'><strong>potius</strong></span> 
     </span>
    </p>
   </div>
   <div class='ocr_carea' id='block_1_38' title="bbox 2195 726 3776 802">
    <p class='ocr_par' dir='ltr' id='par_1_38' title="bbox 2195 726 3776 802">
     <span class='ocr_line' id='line_1_38' title="bbox 2195 726 3776 802; baseline 0.003 -20"><span class='ocrx_word' id='word_1_293' title='bbox 2195 726 2342 784; x_wconf 90' lang='lat' dir='ltr'><strong>istos</strong></span> <span class='ocrx_word' id='word_1_294' title='bbox 2390 745 2568 800; x_wconf 89' lang='lat' dir='ltr'><strong>quam</strong></span> <span class='ocrx_word' id='word_1_295' title='bbox 2625 727 2779 799; x_wconf 87' lang='lat' dir='ltr'><strong>illos,</strong></span> <span class='ocrx_word' id='word_1_296' title='bbox 2818 729 2945 800; x_wconf 89' lang='lat' dir='ltr'><strong>jam</strong></span> <span class='ocrx_word' id='word_1_297' title='bbox 3005 728 3112 784; x_wconf 90' lang='lat' dir='ltr'><strong>hoc</strong></span> <span class='ocrx_word' id='word_1_298' title='bbox 3161 746 3340 802; x_wconf 87' lang='lat' dir='ltr'><strong>supra</strong></span> <span class='ocrx_word' id='word_1_299' title='bbox 3393 729 3664 786; x_wconf 86' lang='lat' dir='ltr'><strong>hominem</strong></span> <span class='ocrx_word' id='word_1_300' title='bbox 3691 738 3776 796; x_wconf 84' lang='lat' dir='ltr'><strong>est,</strong></span> 
     </span>
    </p>
   </div>
   <div class='ocr_carea' id='block_1_39' title="bbox 2195 817 3781 892">
    <p class='ocr_par' dir='ltr' id='par_1_39' title="bbox 2195 817 3781 892">
     <span class='ocr_line' id='line_1_39' title="bbox 2195 817 3781 892; baseline 0.004 -20"><span class='ocrx_word' id='word_1_301' title='bbox 2195 833 2301 872; x_wconf 90' lang='lat' dir='ltr'><strong>nec</strong></span> <span class='ocrx_word' id='word_1_302' title='bbox 2322 817 2393 889; x_wconf 88' lang='lat' dir='ltr'><strong>(b)</strong></span> <span class='ocrx_word' id='word_1_303' title='bbox 2417 817 2622 873; x_wconf 89' lang='lat' dir='ltr'><strong>secreti</strong></span> <span class='ocrx_word' id='word_1_304' title='bbox 2643 817 2767 888; x_wconf 78' lang='lat' dir='ltr'><strong>Dei,</strong></span> <span class='ocrx_word' id='word_1_305' title='bbox 2792 817 3112 890; x_wconf 69' lang='lat' dir='ltr'><strong>praesertim</strong></span> <span class='ocrx_word' id='word_1_306' title='bbox 3139 818 3304 886; x_wconf 89' lang='lat' dir='ltr'><strong>tanti,</strong></span> <span class='ocrx_word' id='word_1_307' title='bbox 3321 835 3492 875; x_wconf 91' lang='lat' dir='ltr'><strong>causa</strong></span> <span class='ocrx_word' id='word_1_308' title='bbox 3511 824 3781 892; x_wconf 79' lang='lat' dir='ltr'><strong>exspectari</strong></span> 
     </span>
    </p>
   </div>
   <div class='ocr_carea' id='block_1_40' title="bbox 2194 905 3784 978">
    <p class='ocr_par' dir='ltr' id='par_1_40' title="bbox 2194 905 3784 978">
     <span class='ocr_line' id='line_1_40' title="bbox 2194 905 3784 978; baseline 0.004 -18"><span class='ocrx_word' id='word_1_309' title='bbox 2194 905 2366 962; x_wconf 91' lang='lat' dir='ltr'><strong>debet</strong></span> <span class='ocrx_word' id='word_1_310' title='bbox 2393 907 2464 962; x_wconf 88' lang='lat' dir='ltr'><strong>ab</strong></span> <span class='ocrx_word' id='word_1_311' title='bbox 2496 905 2753 962; x_wconf 89' lang='lat' dir='ltr'><strong>homine.</strong></span> <span class='ocrx_word' id='word_1_312' title='bbox 2785 909 2924 978; x_wconf 81' lang='lat' dir='ltr'><strong>Quis</strong></span> <span class='ocrx_word' id='word_1_313' title='bbox 2977 910 3224 977; x_wconf 80' lang='lat' dir='ltr'><strong>cognovit</strong></span> <span class='ocrx_word' id='word_1_314' title='bbox 3278 925 3492 964; x_wconf 84' lang='lat' dir='ltr'><strong>sensum</strong></span> <span class='ocrx_word' id='word_1_315' title='bbox 3532 911 3669 968; x_wconf 71' lang='lat'><strong>226</strong></span> <span class='ocrx_word' id='word_1_316' title='bbox 3705 916 3784 967; x_wconf 85' lang='lat' dir='ltr'><strong>Do-</strong></span> 
     </span>
    </p>
   </div>
   <div class='ocr_carea' id='block_1_41' title="bbox 2191 995 3781 1071">
    <p class='ocr_par' dir='ltr' id='par_1_41' title="bbox 2191 995 3781 1071">
     <span class='ocr_line' id='line_1_41' title="bbox 2191 995 3781 1071; baseline 0.003 -21"><span class='ocrx_word' id='word_1_317' title='bbox 2191 995 2354 1061; x_wconf 88' lang='lat' dir='ltr'><strong>mini,</strong></span> <span class='ocrx_word' id='word_1_318' title='bbox 2412 1005 2510 1051; x_wconf 88' lang='lat' dir='ltr'><strong>aut</strong></span> <span class='ocrx_word' id='word_1_319' title='bbox 2565 997 2690 1067; x_wconf 85' lang='lat' dir='ltr'><strong>quis</strong></span> <span class='ocrx_word' id='word_1_320' title='bbox 2745 997 3098 1052; x_wconf 76' lang='lat' dir='ltr'><strong>consiliarius</strong></span> <span class='ocrx_word' id='word_1_321' title='bbox 3153 997 3271 1069; x_wconf 88' lang='lat' dir='ltr'><strong>ejus</strong></span> <span class='ocrx_word' id='word_1_322' title='bbox 3325 999 3476 1069; x_wconf 77' lang='lat' dir='ltr'><strong>fuit?</strong></span> <span class='ocrx_word' id='word_1_323' title='bbox 3524 1001 3678 1071; x_wconf 74' lang='lat' dir='ltr'><strong>(Rom.</strong></span> <span class='ocrx_word' id='word_1_324' title='bbox 3705 1001 3781 1071; x_wconf 82' lang='lat' dir='ltr'><strong>Ix).</strong></span> 
     </span>
    </p>
   </div>
   <div class='ocr_carea' id='block_1_42' title="bbox 2193 1083 3784 1160">
    <p class='ocr_par' dir='ltr' id='par_1_42' title="bbox 2193 1083 3784 1160">
     <span class='ocr_line' id='line_1_42' title="bbox 2193 1083 3784 1160; baseline 0.004 -20"><span class='ocrx_word' id='word_1_325' title='bbox 2193 1083 2398 1157; x_wconf 85' lang='lat' dir='ltr'><strong>Igitur,</strong></span> <span class='ocrx_word' id='word_1_326' title='bbox 2431 1089 2496 1139; x_wconf 90' lang='lat' dir='ltr'><strong>ut</strong></span> <span class='ocrx_word' id='word_1_327' title='bbox 2521 1085 2676 1140; x_wconf 89' lang='lat' dir='ltr'><strong>idem</strong></span> <span class='ocrx_word' id='word_1_328' title='bbox 2707 1084 2806 1151; x_wconf 89' lang='lat' dir='ltr'><strong>ait,</strong></span> <span class='ocrx_word' id='word_1_329' title='bbox 2851 1086 2917 1158; x_wconf 89' lang='lat' dir='ltr'><strong>(c)</strong></span> <span class='ocrx_word' id='word_1_330' title='bbox 2949 1086 3104 1156; x_wconf 80' lang='lat' dir='ltr'><strong>cujus</strong></span> <span class='ocrx_word' id='word_1_331' title='bbox 3133 1087 3249 1141; x_wconf 84' lang='lat' dir='ltr'><strong>vult</strong></span> <span class='ocrx_word' id='word_1_332' title='bbox 3275 1088 3574 1154; x_wconf 77' lang='lat' dir='ltr'><strong>miseretur,</strong></span> <span class='ocrx_word' id='word_1_333' title='bbox 3598 1096 3644 1144; x_wconf 84' lang='lat' dir='ltr'><strong>et</strong></span> <span class='ocrx_word' id='word_1_334' title='bbox 3658 1105 3784 1160; x_wconf 80' lang='lat' dir='ltr'><strong>quem</strong></span> 
     </span>
    </p>
   </div>
   <div class='ocr_carea' id='block_1_43' title="bbox 2190 1173 3784 1246">
    <p class='ocr_par' dir='ltr' id='par_1_43' title="bbox 2190 1173 3784 1246">
     <span class='ocr_line' id='line_1_43' title="bbox 2190 1173 3784 1246; baseline 0.002 -19"><span class='ocrx_word' id='word_1_335' title='bbox 2190 1173 2308 1228; x_wconf 88' lang='lat' dir='ltr'><strong>vult</strong></span> <span class='ocrx_word' id='word_1_336' title='bbox 2337 1173 2558 1228; x_wconf 86' lang='lat' dir='ltr'><strong>indurat</strong></span> <span class='ocrx_word' id='word_1_337' title='bbox 2590 1174 2761 1240; x_wconf 84' lang='lat' dir='ltr'><strong>(Rom.</strong></span> <span class='ocrx_word' id='word_1_338' title='bbox 2807 1175 2900 1246; x_wconf 83' lang='lat' dir='ltr'><strong>Ix).</strong></span> <span class='ocrx_word' id='word_1_339' title='bbox 2933 1174 3242 1230; x_wconf 89' lang='lat' dir='ltr'><strong>Miseretur</strong></span> <span class='ocrx_word' id='word_1_340' title='bbox 3270 1175 3606 1232; x_wconf 79' lang='lat' dir='ltr'><strong>exuberante</strong></span> <span class='ocrx_word' id='word_1_341' title='bbox 3651 1177 3784 1232; x_wconf 91' lang='lat' dir='ltr'><strong>boni-</strong></span> 
     </span>
    </p>
   </div>
   <div class='ocr_carea' id='block_1_44' title="bbox 2189 1261 3785 1336">
    <p class='ocr_par' dir='ltr' id='par_1_44' title="bbox 2189 1261 3785 1336">
     <span class='ocr_line' id='line_1_44' title="bbox 2189 1261 3785 1336; baseline 0.003 -22"><span class='ocrx_word' id='word_1_342' title='bbox 2189 1263 2328 1328; x_wconf 86' lang='lat' dir='ltr'><strong>tate,</strong></span> <span class='ocrx_word' id='word_1_343' title='bbox 2363 1261 2602 1317; x_wconf 90' lang='lat' dir='ltr'><strong>indurat</strong></span> <span class='ocrx_word' id='word_1_344' title='bbox 2632 1261 2794 1318; x_wconf 90' lang='lat' dir='ltr'><strong>nulla</strong></span> <span class='ocrx_word' id='word_1_345' title='bbox 2823 1262 3215 1319; x_wconf 86' lang='lat' dir='ltr'><strong>intercedente</strong></span> <span class='ocrx_word' id='word_1_346' title='bbox 3247 1262 3566 1336; x_wconf 86' lang='lat' dir='ltr'><strong>iniquitate.</strong></span> <span class='ocrx_word' id='word_1_347' title='bbox 3589 1264 3785 1320; x_wconf 88' lang='lat' dir='ltr'><strong>Indurat</strong></span> 
     </span>
    </p>
   </div>
   <div class='ocr_carea' id='block_1_45' title="bbox 2190 1351 3783 1424">
    <p class='ocr_par' dir='ltr' id='par_1_45' title="bbox 2190 1351 3783 1424">
     <span class='ocr_line' id='line_1_45' title="bbox 2190 1351 3783 1424; baseline 0.003 -20"><span class='ocrx_word' id='word_1_348' title='bbox 2190 1353 2409 1416; x_wconf 89' lang='lat' dir='ltr'><strong>autem,</strong></span> <span class='ocrx_word' id='word_1_349' title='bbox 2442 1367 2559 1406; x_wconf 92' lang='lat' dir='ltr'><strong>non</strong></span> <span class='ocrx_word' id='word_1_350' title='bbox 2615 1351 2687 1406; x_wconf 91' lang='lat' dir='ltr'><strong>ad</strong></span> <span class='ocrx_word' id='word_1_351' title='bbox 2746 1355 3050 1424; x_wconf 89' lang='lat' dir='ltr'><strong>peccatum</strong></span> <span class='ocrx_word' id='word_1_352' title='bbox 3104 1351 3474 1424; x_wconf 90' lang='lat' dir='ltr'><strong>impellendo,</strong></span> <span class='ocrx_word' id='word_1_353' title='bbox 3516 1355 3644 1409; x_wconf 84' lang='lat' dir='ltr'><strong>Deus</strong></span> <span class='ocrx_word' id='word_1_354' title='bbox 3669 1355 3783 1410; x_wconf 80' lang='lat' dir='ltr'><strong>enim</strong></span> 
     </span>
    </p>
   </div>
   <div class='ocr_carea' id='block_1_46' title="bbox 2191 1440 3784 1515">
    <p class='ocr_par' dir='ltr' id='par_1_46' title="bbox 2191 1440 3784 1515">
     <span class='ocr_line' id='line_1_46' title="bbox 2191 1440 3784 1515; baseline 0.004 -22"><span class='ocrx_word' id='word_1_355' title='bbox 2191 1440 2489 1496; x_wconf 83' lang='lat' dir='ltr'><strong>intentator</strong></span> <span class='ocrx_word' id='word_1_356' title='bbox 2530 1440 2806 1496; x_wconf 86' lang='lat' dir='ltr'><strong>malorum</strong></span> <span class='ocrx_word' id='word_1_357' title='bbox 2849 1449 2929 1496; x_wconf 88' lang='lat' dir='ltr'><strong>est</strong></span> <span class='ocrx_word' id='word_1_358' title='bbox 2974 1444 3114 1508; x_wconf 82' lang='lat' dir='ltr'><strong>(Jac.</strong></span> <span class='ocrx_word' id='word_1_359' title='bbox 3152 1444 3214 1510; x_wconf 83' lang='lat'><strong>1),</strong></span> <span class='ocrx_word' id='word_1_360' title='bbox 3249 1442 3351 1498; x_wconf 89' lang='lat' dir='ltr'><strong>sed</strong></span> <span class='ocrx_word' id='word_1_361' title='bbox 3385 1441 3442 1496; x_wconf 92' lang='lat' dir='ltr'><strong>in</strong></span> <span class='ocrx_word' id='word_1_362' title='bbox 3473 1446 3686 1515; x_wconf 86' lang='lat' dir='ltr'><strong>peccato</strong></span> <span class='ocrx_word' id='word_1_363' title='bbox 3709 1444 3784 1499; x_wconf 88' lang='lat' dir='ltr'><strong>de-</strong></span> 
     </span>
    </p>
   </div>
   <div class='ocr_carea' id='block_1_47' title="bbox 2189 1528 3783 1601">
    <p class='ocr_par' dir='ltr' id='par_1_47' title="bbox 2189 1528 3783 1601">
     <span class='ocr_line' id='line_1_47' title="bbox 2189 1528 3783 1601; baseline 0.002 -19"><span class='ocrx_word' id='word_1_364' title='bbox 2189 1528 2456 1596; x_wconf 89' lang='lat' dir='ltr'><strong>serendo,</strong></span> <span class='ocrx_word' id='word_1_365' title='bbox 2481 1528 2620 1600; x_wconf 89' lang='lat' dir='ltr'><strong>quia</strong></span> <span class='ocrx_word' id='word_1_366' title='bbox 2651 1528 2776 1601; x_wconf 90' lang='lat' dir='ltr'><strong>ipse</strong></span> <span class='ocrx_word' id='word_1_367' title='bbox 2796 1545 3047 1601; x_wconf 90' lang='lat' dir='ltr'><strong>quorum</strong></span> <span class='ocrx_word' id='word_1_368' title='bbox 3065 1529 3191 1585; x_wconf 89' lang='lat' dir='ltr'><strong>vult</strong></span> <span class='ocrx_word' id='word_1_369' title='bbox 3210 1529 3406 1586; x_wconf 90' lang='lat' dir='ltr'><strong>solum</strong></span> <span class='ocrx_word' id='word_1_370' title='bbox 3436 1530 3686 1586; x_wconf 82' lang='lat' dir='ltr'><strong>liberator</strong></span> <span class='ocrx_word' id='word_1_371' title='bbox 3701 1535 3783 1586; x_wconf 87' lang='lat' dir='ltr'><strong>est.</strong></span> 
     </span>
    </p>
   </div>
   <div class='ocr_carea' id='block_1_48' title="bbox 2191 1616 3786 1692">
    <p class='ocr_par' dir='ltr' id='par_1_48' title="bbox 2191 1616 3786 1692">
     <span class='ocr_line' id='line_1_48' title="bbox 2191 1616 3786 1692; baseline 0.004 -22"><span class='ocrx_word' id='word_1_372' title='bbox 2191 1616 2258 1670; x_wconf 89' lang='lat' dir='ltr'><strong>Et</strong></span> <span class='ocrx_word' id='word_1_373' title='bbox 2291 1617 2494 1689; x_wconf 89' lang='lat' dir='ltr'><strong>utique</strong></span> <span class='ocrx_word' id='word_1_374' title='bbox 2527 1621 2592 1672; x_wconf 92' lang='lat' dir='ltr'><strong>ut</strong></span> <span class='ocrx_word' id='word_1_375' title='bbox 2619 1622 2708 1673; x_wconf 90' lang='lat' dir='ltr'><strong>est</strong></span> <span class='ocrx_word' id='word_1_376' title='bbox 2736 1619 3150 1690; x_wconf 90' lang='lat' dir='ltr'><strong>quorumdam,</strong></span> <span class='ocrx_word' id='word_1_377' title='bbox 3185 1619 3235 1675; x_wconf 89' lang='lat' dir='ltr'><strong>si</strong></span> <span class='ocrx_word' id='word_1_378' title='bbox 3265 1618 3542 1676; x_wconf 88' lang='lat' dir='ltr'><strong>voluisset</strong></span> <span class='ocrx_word' id='word_1_379' title='bbox 3574 1636 3686 1676; x_wconf 88' lang='lat' dir='ltr'><strong>esse</strong></span> <span class='ocrx_word' id='word_1_380' title='bbox 3711 1636 3786 1692; x_wconf 88' lang='lat' dir='ltr'><strong>po-</strong></span> 
     </span>
    </p>
   </div>
   <div class='ocr_carea' id='block_1_49' title="bbox 2190 1704 3788 1780">
    <p class='ocr_par' dir='ltr' id='par_1_49' title="bbox 2190 1704 3788 1780">
     <span class='ocr_line' id='line_1_49' title="bbox 2190 1704 3788 1780; baseline 0.001 -20"><span class='ocrx_word' id='word_1_381' title='bbox 2190 1704 2400 1761; x_wconf 88' lang='lat' dir='ltr'><strong>tuisset</strong></span> <span class='ocrx_word' id='word_1_382' title='bbox 2429 1711 2486 1761; x_wconf 91' lang='lat' dir='ltr'><strong>et</strong></span> <span class='ocrx_word' id='word_1_383' title='bbox 2515 1706 2802 1762; x_wconf 90' lang='lat' dir='ltr'><strong>omnium.</strong></span> <span class='ocrx_word' id='word_1_384' title='bbox 2836 1707 3046 1763; x_wconf 92' lang='lat' dir='ltr'><strong>Omnia</strong></span> <span class='ocrx_word' id='word_1_385' title='bbox 3077 1706 3234 1762; x_wconf 92' lang='lat' dir='ltr'><strong>enim</strong></span> <span class='ocrx_word' id='word_1_386' title='bbox 3269 1725 3622 1780; x_wconf 63' lang='lat' dir='ltr'><strong>quecunque</strong></span> <span class='ocrx_word' id='word_1_387' title='bbox 3645 1708 3788 1763; x_wconf 88' lang='lat' dir='ltr'><strong>voluit</strong></span> 
     </span>
    </p>
   </div>
   <div class='ocr_carea' id='block_1_50' title="bbox 2193 1792 3787 1853">
    <p class='ocr_par' dir='ltr' id='par_1_50' title="bbox 2193 1792 3787 1853">
     <span class='ocr_line' id='line_1_50' title="bbox 2193 1792 3787 1853; baseline 0.002 -5"><span class='ocrx_word' id='word_1_388' title='bbox 2193 1792 2478 1849; x_wconf 90' lang='lat' dir='ltr'><strong>Dominus</strong></span> <span class='ocrx_word' id='word_1_389' title='bbox 2508 1794 2646 1850; x_wconf 90' lang='lat' dir='ltr'><strong>fecit</strong></span> <span class='ocrx_word' id='word_1_390' title='bbox 2675 1794 2734 1849; x_wconf 92' lang='lat' dir='ltr'><strong>in</strong></span> <span class='ocrx_word' id='word_1_391' title='bbox 2764 1795 2908 1851; x_wconf 73' lang='lat' dir='ltr'><strong>ccelo</strong></span> <span class='ocrx_word' id='word_1_392' title='bbox 2956 1800 3015 1850; x_wconf 90' lang='lat' dir='ltr'><strong>et</strong></span> <span class='ocrx_word' id='word_1_393' title='bbox 3062 1795 3120 1851; x_wconf 93' lang='lat' dir='ltr'><strong>in</strong></span> <span class='ocrx_word' id='word_1_394' title='bbox 3169 1801 3349 1852; x_wconf 90' lang='lat' dir='ltr'><strong>terra.</strong></span> <span class='ocrx_word' id='word_1_395' title='bbox 3381 1797 3489 1852; x_wconf 91' lang='lat' dir='ltr'><strong>Sed</strong></span> <span class='ocrx_word' id='word_1_396' title='bbox 3537 1797 3612 1853; x_wconf 90' lang='lat' dir='ltr'><strong>ita</strong></span> <span class='ocrx_word' id='word_1_397' title='bbox 3646 1796 3787 1852; x_wconf 83' lang='lat' dir='ltr'><strong>voluit</strong></span> 
     </span>
    </p>
   </div>
   <div class='ocr_carea' id='block_1_51' title="bbox 2192 1883 3787 1958">
    <p class='ocr_par' dir='ltr' id='par_1_51' title="bbox 2192 1883 3787 1958">
     <span class='ocr_line' id='line_1_51' title="bbox 2192 1883 3787 1958; baseline 0.002 -22"><span class='ocrx_word' id='word_1_398' title='bbox 2192 1897 2455 1938; x_wconf 90' lang='lat' dir='ltr'><strong>exercere</strong></span> <span class='ocrx_word' id='word_1_399' title='bbox 2503 1883 2989 1952; x_wconf 89' lang='lat' dir='ltr'><strong>misericordiam,</strong></span> <span class='ocrx_word' id='word_1_400' title='bbox 3022 1901 3094 1940; x_wconf 90' lang='lat' dir='ltr'><strong>ne</strong></span> <span class='ocrx_word' id='word_1_401' title='bbox 3151 1884 3211 1940; x_wconf 91' lang='lat' dir='ltr'><strong>in</strong></span> <span class='ocrx_word' id='word_1_402' title='bbox 3273 1884 3468 1958; x_wconf 89' lang='lat' dir='ltr'><strong>aliquo</strong></span> <span class='ocrx_word' id='word_1_403' title='bbox 3518 1884 3787 1941; x_wconf 77' lang='lat' dir='ltr'><strong>intimaret</strong></span> 
     </span>
    </p>
   </div>
   <div class='ocr_carea' id='block_1_52' title="bbox 2181 1971 3784 2046">
    <p class='ocr_par' dir='ltr' id='par_1_52' title="bbox 2181 1971 3784 2046">
     <span class='ocr_line' id='line_1_52' title="bbox 2181 1971 3784 2046; baseline 0.001 -20"><span class='ocrx_word' id='word_1_404' title='bbox 2181 1971 2651 2042; x_wconf 89' lang='lat' dir='ltr'><strong>justitiam.Nam</strong></span> <span class='ocrx_word' id='word_1_405' title='bbox 2675 1973 2828 2044; x_wconf 91' lang='lat' dir='ltr'><strong>quod</strong></span> <span class='ocrx_word' id='word_1_406' title='bbox 2853 1973 3203 2030; x_wconf 87' lang='lat' dir='ltr'><strong>venerabilis</strong></span> <span class='ocrx_word' id='word_1_407' title='bbox 3226 1974 3442 2030; x_wconf 89' lang='lat' dir='ltr'><strong>Paulus</strong></span> <span class='ocrx_word' id='word_1_408' title='bbox 3462 1975 3572 2030; x_wconf 89' lang='lat' dir='ltr'><strong>ait:</strong></span> <span class='ocrx_word' id='word_1_409' title='bbox 3594 1975 3784 2046; x_wconf 85' lang='lat' dir='ltr'><strong>Quivult</strong></span> 
     </span>
    </p>
   </div>
   <div class='ocr_carea' id='block_1_53' title="bbox 2188 2062 3782 2134">
    <p class='ocr_par' dir='ltr' id='par_1_53' title="bbox 2188 2062 3782 2134">
     <span class='ocr_line' id='line_1_53' title="bbox 2188 2062 3782 2134; baseline 0.001 -18"><span class='ocrx_word' id='word_1_410' title='bbox 2188 2075 2371 2116; x_wconf 86' lang='lat' dir='ltr'><strong>omnes</strong></span> <span class='ocrx_word' id='word_1_411' title='bbox 2412 2062 2656 2118; x_wconf 80' lang='lat' dir='ltr'><strong>homines</strong></span> <span class='ocrx_word' id='word_1_412' title='bbox 2683 2063 2861 2118; x_wconf 86' lang='lat' dir='ltr'><strong>salvos</strong></span> <span class='ocrx_word' id='word_1_413' title='bbox 2888 2063 3018 2133; x_wconf 80' lang='lat' dir='ltr'><strong>ﬁeri</strong></span> <span class='ocrx_word' id='word_1_414' title='bbox 3046 2067 3098 2132; x_wconf 88' lang='grc' dir='ltr'><strong>(ι</strong></span> <span class='ocrx_word' id='word_1_415' title='bbox 3131 2065 3268 2119; x_wconf 86' lang='lat' dir='ltr'><strong>Tim.</strong></span> <span class='ocrx_word' id='word_1_416' title='bbox 3304 2066 3387 2134; x_wconf 81' lang='grc' dir='ltr'><strong>ιι),</strong></span> <span class='ocrx_word' id='word_1_417' title='bbox 3420 2080 3530 2119; x_wconf 94' lang='lat' dir='ltr'><strong>non</strong></span> <span class='ocrx_word' id='word_1_418' title='bbox 3569 2064 3642 2120; x_wconf 89' lang='lat' dir='ltr'><strong>sic</strong></span> <span class='ocrx_word' id='word_1_419' title='bbox 3667 2063 3782 2118; x_wconf 90' lang='lat' dir='ltr'><strong>acci-</strong></span> 
     </span>
    </p>
   </div>
   <div class='ocr_carea' id='block_1_54' title="bbox 2188 2149 3782 2226">
    <p class='ocr_par' dir='ltr' id='par_1_54' title="bbox 2188 2149 3782 2226">
     <span class='ocr_line' id='line_1_54' title="bbox 2188 2149 3782 2226; baseline 0.002 -23"><span class='ocrx_word' id='word_1_420' title='bbox 2188 2149 2468 2220; x_wconf 90' lang='lat' dir='ltr'><strong>piendum</strong></span> <span class='ocrx_word' id='word_1_421' title='bbox 2490 2155 2580 2206; x_wconf 89' lang='lat' dir='ltr'><strong>est</strong></span> <span class='ocrx_word' id='word_1_422' title='bbox 2596 2151 2762 2223; x_wconf 90' lang='lat' dir='ltr'><strong>quasi</strong></span> <span class='ocrx_word' id='word_1_423' title='bbox 2777 2167 2911 2206; x_wconf 91' lang='lat' dir='ltr'><strong>cum</strong></span> <span class='ocrx_word' id='word_1_424' title='bbox 2933 2151 3087 2208; x_wconf 93' lang='lat' dir='ltr'><strong>Deus</strong></span> <span class='ocrx_word' id='word_1_425' title='bbox 3105 2151 3247 2208; x_wconf 80' lang='lat' dir='ltr'><strong>velit</strong></span> <span class='ocrx_word' id='word_1_426' title='bbox 3265 2153 3604 2226; x_wconf 86' lang='lat' dir='ltr'><strong>generaliter</strong></span> <span class='ocrx_word' id='word_1_427' title='bbox 3621 2167 3782 2207; x_wconf 86' lang='lat' dir='ltr'><strong>omnes</strong></span> 
     </span>
    </p>
   </div>
   <div class='ocr_carea' id='block_1_55' title="bbox 2187 2237 3784 2314">
    <p class='ocr_par' dir='ltr' id='par_1_55' title="bbox 2187 2237 3784 2314">
     <span class='ocr_line' id='line_1_55' title="bbox 2187 2237 3784 2314; baseline 0.003 -23"><span class='ocrx_word' id='word_1_428' title='bbox 2187 2237 2312 2293; x_wconf 83' lang='lat' dir='ltr'><strong>fieri</strong></span> <span class='ocrx_word' id='word_1_429' title='bbox 2333 2237 2545 2306; x_wconf 90' lang='lat' dir='ltr'><strong>salvos,</strong></span> <span class='ocrx_word' id='word_1_430' title='bbox 2563 2239 2917 2311; x_wconf 89' lang='lat' dir='ltr'><strong>quibusdam</strong></span> <span class='ocrx_word' id='word_1_431' title='bbox 2940 2240 3399 2313; x_wconf 89' lang='lat' dir='ltr'><strong>impedientibus</strong></span> <span class='ocrx_word' id='word_1_432' title='bbox 3427 2241 3784 2314; x_wconf 87' lang='lat' dir='ltr'><strong>impotentissi-</strong></span> 
     </span>
    </p>
   </div>
   <div class='ocr_carea' id='block_1_56' title="bbox 2188 2325 3779 2404">
    <p class='ocr_par' dir='ltr' id='par_1_56' title="bbox 2188 2325 3779 2404">
     <span class='ocr_line' id='line_1_56' title="bbox 2188 2325 3779 2404; baseline 0.003 -24"><span class='ocrx_word' id='word_1_433' title='bbox 2188 2325 2322 2394; x_wconf 90' lang='lat' dir='ltr'><strong>mis,</strong></span> <span class='ocrx_word' id='word_1_434' title='bbox 2355 2344 2468 2382; x_wconf 93' lang='lat' dir='ltr'><strong>non</strong></span> <span class='ocrx_word' id='word_1_435' title='bbox 2502 2326 2691 2384; x_wconf 84' lang='lat' dir='ltr'><strong>valeat</strong></span> <span class='ocrx_word' id='word_1_436' title='bbox 2734 2327 3346 2402; x_wconf 90' lang='lat' dir='ltr'><strong>omnipotentissimus</strong></span> <span class='ocrx_word' id='word_1_437' title='bbox 3393 2330 3621 2404; x_wconf 89' lang='lat' dir='ltr'><strong>implere</strong></span> <span class='ocrx_word' id='word_1_438' title='bbox 3659 2329 3779 2402; x_wconf 87' lang='lat' dir='ltr'><strong>quod</strong></span> 
     </span>
    </p>
   </div>
   <div class='ocr_carea' id='block_1_57' title="bbox 2184 2413 3781 2491">
    <p class='ocr_par' dir='ltr' id='par_1_57' title="bbox 2184 2413 3781 2491">
     <span class='ocr_line' id='line_1_57' title="bbox 2184 2413 3781 2491; baseline 0.003 -24"><span class='ocrx_word' id='word_1_439' title='bbox 2184 2413 2344 2482; x_wconf 88' lang='lat' dir='ltr'><strong>velit,</strong></span> <span class='ocrx_word' id='word_1_440' title='bbox 2367 2415 2467 2471; x_wconf 87' lang='lat' dir='ltr'><strong>sed</strong></span> <span class='ocrx_word' id='word_1_441' title='bbox 2498 2417 2580 2471; x_wconf 90' lang='lat' dir='ltr'><strong>ita</strong></span> <span class='ocrx_word' id='word_1_442' title='bbox 2607 2418 2821 2488; x_wconf 88' lang='lat' dir='ltr'><strong>potius,</strong></span> <span class='ocrx_word' id='word_1_443' title='bbox 2847 2418 3002 2491; x_wconf 91' lang='lat' dir='ltr'><strong>quod</strong></span> <span class='ocrx_word' id='word_1_444' title='bbox 3035 2417 3149 2473; x_wconf 88' lang='lat' dir='ltr'><strong>illis</strong></span> <span class='ocrx_word' id='word_1_445' title='bbox 3181 2418 3306 2475; x_wconf 87' lang='lat' dir='ltr'><strong>sive</strong></span> <span class='ocrx_word' id='word_1_446' title='bbox 3334 2419 3663 2486; x_wconf 89' lang='lat' dir='ltr'><strong>volentibus,</strong></span> <span class='ocrx_word' id='word_1_447' title='bbox 3691 2419 3781 2473; x_wconf 86' lang='lat' dir='ltr'><strong>sive</strong></span> 
     </span>
    </p>
   </div>
   <div class='ocr_carea' id='block_1_58' title="bbox 2185 2502 3781 2580">
    <p class='ocr_par' dir='ltr' id='par_1_58' title="bbox 2185 2502 3781 2580">
     <span class='ocr_line' id='line_1_58' title="bbox 2185 2502 3781 2580; baseline 0.001 -23"><span class='ocrx_word' id='word_1_448' title='bbox 2185 2502 2521 2560; x_wconf 90' lang='lat' dir='ltr'><strong>nolentibus</strong></span> <span class='ocrx_word' id='word_1_449' title='bbox 2546 2508 2705 2573; x_wconf 89' lang='lat' dir='ltr'><strong>(nam</strong></span> <span class='ocrx_word' id='word_1_450' title='bbox 2739 2504 2937 2578; x_wconf 91' lang='lat' dir='ltr'><strong>plures</strong></span> <span class='ocrx_word' id='word_1_451' title='bbox 2964 2506 3022 2561; x_wconf 92' lang='lat' dir='ltr'><strong>in</strong></span> <span class='ocrx_word' id='word_1_452' title='bbox 3056 2506 3313 2562; x_wconf 85' lang='lat' dir='ltr'><strong>infantili</strong></span> <span class='ocrx_word' id='word_1_453' title='bbox 3346 2512 3508 2563; x_wconf 67' lang='lat' dir='ltr'><strong>aetate</strong></span> <span class='ocrx_word' id='word_1_454' title='bbox 3531 2505 3781 2580; x_wconf 84' lang='lat' dir='ltr'><strong>baptizati,</strong></span> 
     </span>
    </p>
   </div>
   <div class='ocr_carea' id='block_1_59' title="bbox 2183 2590 3781 2663">
    <p class='ocr_par' dir='ltr' id='par_1_59' title="bbox 2183 2590 3781 2663">
     <span class='ocr_line' id='line_1_59' title="bbox 2183 2590 3781 2663; baseline 0.002 -17"><span class='ocrx_word' id='word_1_455' title='bbox 2183 2590 2395 2646; x_wconf 91' lang='lat' dir='ltr'><strong>horum</strong></span> <span class='ocrx_word' id='word_1_456' title='bbox 2417 2609 2531 2650; x_wconf 90' lang='lat' dir='ltr'><strong>non</strong></span> <span class='ocrx_word' id='word_1_457' title='bbox 2555 2593 2836 2650; x_wconf 83' lang='lat' dir='ltr'><strong>habentes</strong></span> <span class='ocrx_word' id='word_1_458' title='bbox 2855 2594 3336 2663; x_wconf 86' lang='lat' dir='ltr'><strong>discrimen,mox</strong></span> <span class='ocrx_word' id='word_1_459' title='bbox 3356 2596 3474 2652; x_wconf 83' lang='lat' dir='ltr'><strong>vita</strong></span> <span class='ocrx_word' id='word_1_460' title='bbox 3492 2597 3781 2651; x_wconf 80' lang='lat' dir='ltr'><strong>excedentes</strong></span> 
     </span>
    </p>
   </div>
   <div class='ocr_carea' id='block_1_60' title="bbox 2180 2681 3785 2757">
    <p class='ocr_par' dir='ltr' id='par_1_60' title="bbox 2180 2681 3785 2757">
     <span class='ocr_line' id='line_1_60' title="bbox 2180 2681 3785 2757; baseline 0.002 -23"><span class='ocrx_word' id='word_1_461' title='bbox 2180 2681 2696 2737; x_wconf 83' lang='lat' dir='ltr'><strong>transferunturad</strong></span> <span class='ocrx_word' id='word_1_462' title='bbox 2711 2681 3312 2755; x_wconf 88' lang='lat' dir='ltr'><strong>gloriam),salvantur</strong></span> <span class='ocrx_word' id='word_1_463' title='bbox 3331 2701 3531 2741; x_wconf 89' lang='lat' dir='ltr'><strong>omnes</strong></span> <span class='ocrx_word' id='word_1_464' title='bbox 3545 2699 3785 2757; x_wconf 86' lang='lat' dir='ltr'><strong>quoscun-</strong></span> 
     </span>
    </p>
   </div>
   <div class='ocr_carea' id='block_1_61' title="bbox 2183 2769 3781 2848">
    <p class='ocr_par' dir='ltr' id='par_1_61' title="bbox 2183 2769 3781 2848">
     <span class='ocr_line' id='line_1_61' title="bbox 2183 2769 3781 2848; baseline 0.002 -25"><span class='ocrx_word' id='word_1_465' title='bbox 2183 2785 2295 2841; x_wconf 91' lang='lat' dir='ltr'><strong>que</strong></span> <span class='ocrx_word' id='word_1_466' title='bbox 2327 2769 2423 2826; x_wconf 91' lang='lat' dir='ltr'><strong>ille</strong></span> <span class='ocrx_word' id='word_1_467' title='bbox 2454 2769 2676 2827; x_wconf 89' lang='lat' dir='ltr'><strong>salvare</strong></span> <span class='ocrx_word' id='word_1_468' title='bbox 2704 2770 2968 2828; x_wconf 90' lang='lat' dir='ltr'><strong>voluerit.</strong></span> <span class='ocrx_word' id='word_1_469' title='bbox 3003 2773 3219 2828; x_wconf 87' lang='lat' dir='ltr'><strong>Omnes</strong></span> <span class='ocrx_word' id='word_1_470' title='bbox 3279 2790 3417 2848; x_wconf 89' lang='lat' dir='ltr'><strong>ergo</strong></span> <span class='ocrx_word' id='word_1_471' title='bbox 3472 2773 3589 2829; x_wconf 88' lang='lat' dir='ltr'><strong>vult</strong></span> <span class='ocrx_word' id='word_1_472' title='bbox 3629 2771 3781 2828; x_wconf 85' lang='lat' dir='ltr'><strong>salvos</strong></span> 
     </span>
    </p>
   </div>
   <div class='ocr_carea' id='block_1_62' title="bbox 2181 2858 3779 2936">
    <p class='ocr_par' dir='ltr' id='par_1_62' title="bbox 2181 2858 3779 2936">
     <span class='ocr_line' id='line_1_62' title="bbox 2181 2858 3779 2936; baseline -0.001 -22"><span class='ocrx_word' id='word_1_473' title='bbox 2181 2858 2304 2915; x_wconf 82' lang='lat' dir='ltr'><strong>ﬁeri</strong></span> <span class='ocrx_word' id='word_1_474' title='bbox 2326 2859 2615 2928; x_wconf 89' lang='lat' dir='ltr'><strong>homines,</strong></span> <span class='ocrx_word' id='word_1_475' title='bbox 2631 2860 2733 2916; x_wconf 89' lang='lat' dir='ltr'><strong>sed</strong></span> <span class='ocrx_word' id='word_1_476' title='bbox 2747 2876 2861 2916; x_wconf 90' lang='lat' dir='ltr'><strong>non</strong></span> <span class='ocrx_word' id='word_1_477' title='bbox 2875 2859 3020 2916; x_wconf 91' lang='lat' dir='ltr'><strong>alios</strong></span> <span class='ocrx_word' id='word_1_478' title='bbox 3043 2879 3224 2934; x_wconf 86' lang='lat' dir='ltr'><strong>quam</strong></span> <span class='ocrx_word' id='word_1_479' title='bbox 3246 2864 3348 2936; x_wconf 91' lang='lat' dir='ltr'><strong>qui</strong></span> <span class='ocrx_word' id='word_1_480' title='bbox 3374 2863 3667 2919; x_wconf 85' lang='lat' dir='ltr'><strong>salvantur.</strong></span> <span class='ocrx_word' id='word_1_481' title='bbox 3684 2863 3779 2926; x_wconf 86' lang='lat' dir='ltr'><strong>Quo</strong></span> 
     </span>
    </p>
   </div>
   <div class='ocr_carea' id='block_1_63' title="bbox 2179 2946 3780 3025">
    <p class='ocr_par' dir='ltr' id='par_1_63' title="bbox 2179 2946 3780 3025">
     <span class='ocr_line' id='line_1_63' title="bbox 2179 2946 3780 3025; baseline -0.001 -22"><span class='ocrx_word' id='word_1_482' title='bbox 2179 2946 2521 3004; x_wconf 89' lang='lat' dir='ltr'><strong>elocutionis</strong></span> <span class='ocrx_word' id='word_1_483' title='bbox 2551 2964 2761 3022; x_wconf 87' lang='lat' dir='ltr'><strong>genere</strong></span> <span class='ocrx_word' id='word_1_484' title='bbox 2795 2967 2937 3005; x_wconf 91' lang='lat' dir='ltr'><strong>usus</strong></span> <span class='ocrx_word' id='word_1_485' title='bbox 2963 2956 3054 3006; x_wconf 90' lang='lat' dir='ltr'><strong>est</strong></span> <span class='ocrx_word' id='word_1_486' title='bbox 3082 2952 3445 3025; x_wconf 83' lang='lat' dir='ltr'><strong>evangelista</strong></span> <span class='ocrx_word' id='word_1_487' title='bbox 3463 2952 3694 3008; x_wconf 84' lang='lat' dir='ltr'><strong>Joannes</strong></span> <span class='ocrx_word' id='word_1_488' title='bbox 3708 2947 3780 3003; x_wconf 87' lang='lat' dir='ltr'><strong>his</strong></span> 
     </span>
    </p>
   </div>
   <div class='ocr_carea' id='block_1_64' title="bbox 2178 3037 3783 3108">
    <p class='ocr_par' dir='ltr' id='par_1_64' title="bbox 2178 3037 3783 3108">
     <span class='ocr_line' id='line_1_64' title="bbox 2178 3037 3783 3108; baseline -0.001 -17"><span class='ocrx_word' id='word_1_489' title='bbox 2178 3037 2370 3093; x_wconf 89' lang='lat' dir='ltr'><strong>verbis</strong></span> <span class='ocrx_word' id='word_1_490' title='bbox 2403 3054 2416 3091; x_wconf 90' lang='lat'><strong>:</strong></span> <span class='ocrx_word' id='word_1_491' title='bbox 2448 3039 2561 3108; x_wconf 84' lang='lat' dir='ltr'><strong>Qui</strong></span> <span class='ocrx_word' id='word_1_492' title='bbox 2588 3039 2872 3094; x_wconf 83' lang='lat' dir='ltr'><strong>illuminat</strong></span> <span class='ocrx_word' id='word_1_493' title='bbox 2897 3055 3111 3095; x_wconf 87' lang='lat' dir='ltr'><strong>omnem</strong></span> <span class='ocrx_word' id='word_1_494' title='bbox 3140 3040 3428 3098; x_wconf 79' lang='lat' dir='ltr'><strong>hominem</strong></span> <span class='ocrx_word' id='word_1_495' title='bbox 3453 3042 3722 3096; x_wconf 82' lang='lat' dir='ltr'><strong>venientem</strong></span> <span class='ocrx_word' id='word_1_496' title='bbox 3738 3038 3783 3092; x_wconf 85' lang='lat' dir='ltr'><strong>in</strong></span> 
     </span>
    </p>
   </div>
   <div class='ocr_carea' id='block_1_65' title="bbox 421 3098 3786 3201">
    <p class='ocr_par' dir='ltr' id='par_1_65' title="bbox 421 3098 3786 3201">
     <span class='ocr_line' id='line_1_65' title="bbox 421 3098 3786 3201; baseline 0 -21"><span class='ocrx_word' id='word_1_497' title='bbox 421 3128 528 3180; x_wconf 87' lang='lat' dir='ltr'><strong>est.</strong></span> <span class='ocrx_word' id='word_1_498' title='bbox 554 3124 716 3180; x_wconf 89' lang='lat' dir='ltr'><strong>Unde</strong></span> <span class='ocrx_word' id='word_1_499' title='bbox 749 3140 865 3179; x_wconf 92' lang='lat' dir='ltr'><strong>non</strong></span> <span class='ocrx_word' id='word_1_500' title='bbox 898 3123 1044 3179; x_wconf 88' lang='lat' dir='ltr'><strong>falso</strong></span> <span class='ocrx_word' id='word_1_501' title='bbox 1073 3098 1434 3196; x_wconf 53' lang='lat' dir='ltr'><strong>gloriamur;</strong></span> <span class='ocrx_word' id='word_1_502' title='bbox 1467 3125 1746 3180; x_wconf 82' lang='lat' dir='ltr'><strong>Inclinavi</strong></span> <span class='ocrx_word' id='word_1_503' title='bbox 1770 3142 1863 3181; x_wconf 89' lang='lat' dir='ltr'><strong>cor</strong></span> <span class='ocrx_word' id='word_1_504' title='bbox 1885 3142 2068 3181; x_wconf 88' lang='lat' dir='ltr'><strong>meum</strong></span> <span class='ocrx_word' id='word_1_505' title='bbox 2097 3098 2141 3166; x_wconf 67' lang='grc' dir='ltr'>α</span> <span class='ocrx_word' id='word_1_506' title='bbox 2179 3125 2325 3182; x_wconf 83' lang='lat' dir='ltr'><strong>hunc</strong></span> <span class='ocrx_word' id='word_1_507' title='bbox 2345 3098 2614 3182; x_wconf 66' lang='lat' dir='ltr'><strong>mundum</strong></span> <span class='ocrx_word' id='word_1_508' title='bbox 2643 3129 2820 3195; x_wconf 83' lang='lat' dir='ltr'><strong>(Joan.</strong></span> <span class='ocrx_word' id='word_1_509' title='bbox 2851 3128 2911 3200; x_wconf 82' lang='grc' dir='ltr'><strong>ι),</strong></span> <span class='ocrx_word' id='word_1_510' title='bbox 2947 3145 3061 3184; x_wconf 92' lang='lat' dir='ltr'><strong>non</strong></span> <span class='ocrx_word' id='word_1_511' title='bbox 3109 3145 3224 3201; x_wconf 92' lang='lat' dir='ltr'><strong>quo</strong></span> <span class='ocrx_word' id='word_1_512' title='bbox 3273 3131 3421 3186; x_wconf 84' lang='lat' dir='ltr'><strong>fidei</strong></span> <span class='ocrx_word' id='word_1_513' title='bbox 3466 3129 3587 3186; x_wconf 88' lang='lat' dir='ltr'><strong>luce</strong></span> <span class='ocrx_word' id='word_1_514' title='bbox 3621 3142 3786 3186; x_wconf 85' lang='lat' dir='ltr'><strong>omnes</strong></span> 
     </span>
    </p>
   </div>
   <div class='ocr_carea' id='block_1_66' title="bbox 419 3212 2064 3284">
    <p class='ocr_par' dir='ltr' id='par_1_66' title="bbox 419 3212 2064 3284">
     <span class='ocr_line' id='line_1_66' title="bbox 419 3212 2064 3284; baseline 0.001 -16"><span class='ocrx_word' id='word_1_515' title='bbox 419 3212 492 3269; x_wconf 84' lang='lat' dir='ltr'><strong>ad</strong></span> <span class='ocrx_word' id='word_1_516' title='bbox 529 3212 811 3284; x_wconf 84' lang='lat' dir='ltr'><strong>faciendas</strong></span> <span class='ocrx_word' id='word_1_517' title='bbox 858 3213 1274 3284; x_wconf 79' lang='lat' dir='ltr'><strong>justiﬁcatioues</strong></span> <span class='ocrx_word' id='word_1_518' title='bbox 1325 3220 1448 3268; x_wconf 87' lang='lat' dir='ltr'><strong>tuas</strong></span> <span class='ocrx_word' id='word_1_519' title='bbox 1491 3214 1551 3268; x_wconf 83' lang='lat' dir='ltr'><strong>in</strong></span> <span class='ocrx_word' id='word_1_520' title='bbox 1595 3221 1867 3270; x_wconf 63' lang='lat' dir='ltr'><strong>aeternum</strong></span> <span class='ocrx_word' id='word_1_521' title='bbox 1895 3216 2064 3284; x_wconf 86' lang='lat' dir='ltr'><strong>(Psal.</strong></span> 
     </span>
    </p>
   </div>
   <div class='ocr_carea' id='block_1_67' title="bbox 417 3300 2070 3374">
    <p class='ocr_par' dir='ltr' id='par_1_67' title="bbox 417 3300 2070 3374">
     <span class='ocr_line' id='line_1_67' title="bbox 417 3300 2070 3374; baseline 0.001 -17"><span class='ocrx_word' id='word_1_522' title='bbox 417 3302 579 3373; x_wconf 81' lang='lat' dir='ltr'><strong>exn).</strong></span> <span class='ocrx_word' id='word_1_523' title='bbox 609 3301 905 3357; x_wconf 84' lang='lat' dir='ltr'><strong>Postremo</strong></span> <span class='ocrx_word' id='word_1_524' title='bbox 925 3300 1122 3356; x_wconf 89' lang='lat' dir='ltr'><strong>omnia</strong></span> <span class='ocrx_word' id='word_1_525' title='bbox 1141 3317 1317 3374; x_wconf 91' lang='lat' dir='ltr'><strong>opera</strong></span> <span class='ocrx_word' id='word_1_526' title='bbox 1341 3305 1540 3358; x_wconf 90' lang='lat' dir='ltr'><strong>nostra</strong></span> <span class='ocrx_word' id='word_1_527' title='bbox 1559 3301 1712 3358; x_wconf 90' lang='lat' dir='ltr'><strong>bona</strong></span> <span class='ocrx_word' id='word_1_528' title='bbox 1732 3307 1788 3358; x_wconf 90' lang='lat' dir='ltr'><strong>et</strong></span> <span class='ocrx_word' id='word_1_529' title='bbox 1808 3302 1908 3359; x_wconf 88' lang='lat' dir='ltr'><strong>Dei</strong></span> <span class='ocrx_word' id='word_1_530' title='bbox 1930 3307 2070 3359; x_wconf 91' lang='lat' dir='ltr'><strong>sunt</strong></span> 
     </span>
    </p>
   </div>
   <div class='ocr_carea' id='block_1_68' title="bbox 418 3389 2062 3465">
    <p class='ocr_par' dir='ltr' id='par_1_68' title="bbox 418 3389 2062 3465">
     <span class='ocr_line' id='line_1_68' title="bbox 418 3389 2062 3465; baseline 0 -18"><span class='ocrx_word' id='word_1_531' title='bbox 418 3391 518 3463; x_wconf 90' lang='lat' dir='ltr'><strong>qui</strong></span> <span class='ocrx_word' id='word_1_532' title='bbox 549 3389 696 3446; x_wconf 92' lang='lat' dir='ltr'><strong>dicit</strong></span> <span class='ocrx_word' id='word_1_533' title='bbox 724 3405 738 3444; x_wconf 90' lang='lat'><strong>:</strong></span> <span class='ocrx_word' id='word_1_534' title='bbox 769 3391 906 3447; x_wconf 86' lang='lat' dir='ltr'><strong>Sine</strong></span> <span class='ocrx_word' id='word_1_535' title='bbox 933 3407 1019 3446; x_wconf 87' lang='lat' dir='ltr'><strong>me</strong></span> <span class='ocrx_word' id='word_1_536' title='bbox 1048 3390 1195 3446; x_wconf 83' lang='lat' dir='ltr'><strong>nihil</strong></span> <span class='ocrx_word' id='word_1_537' title='bbox 1245 3392 1467 3462; x_wconf 83' lang='lat' dir='ltr'><strong>potestis</strong></span> <span class='ocrx_word' id='word_1_538' title='bbox 1511 3393 1690 3464; x_wconf 77' lang='lat' dir='ltr'><strong>facere</strong></span> <span class='ocrx_word' id='word_1_539' title='bbox 1721 3392 1902 3464; x_wconf 83' lang='lat' dir='ltr'><strong>(Joan.</strong></span> <span class='ocrx_word' id='word_1_540' title='bbox 1933 3392 2024 3465; x_wconf 79' lang='lat' dir='ltr'><strong>xv)</strong></span> <span class='ocrx_word' id='word_1_541' title='bbox 2049 3412 2062 3461; x_wconf 90' lang='lat'><strong>;</strong></span> 
     </span>
    </p>
   </div>
   <div class='ocr_carea' id='block_1_69' title="bbox 415 3478 2062 3552">
    <p class='ocr_par' dir='ltr' id='par_1_69' title="bbox 415 3478 2062 3552">
     <span class='ocr_line' id='line_1_69' title="bbox 415 3478 2062 3552; baseline 0.001 -17"><span class='ocrx_word' id='word_1_542' title='bbox 415 3485 474 3535; x_wconf 90' lang='lat' dir='ltr'><strong>et</strong></span> <span class='ocrx_word' id='word_1_543' title='bbox 503 3480 705 3536; x_wconf 80' lang='lat' dir='ltr'><strong>eadem</strong></span> <span class='ocrx_word' id='word_1_544' title='bbox 731 3482 932 3535; x_wconf 87' lang='lat' dir='ltr'><strong>nostra</strong></span> <span class='ocrx_word' id='word_1_545' title='bbox 961 3483 1120 3546; x_wconf 89' lang='lat' dir='ltr'><strong>sunt,</strong></span> <span class='ocrx_word' id='word_1_546' title='bbox 1156 3479 1294 3550; x_wconf 89' lang='lat' dir='ltr'><strong>quia</strong></span> <span class='ocrx_word' id='word_1_547' title='bbox 1327 3478 1410 3534; x_wconf 91' lang='lat' dir='ltr'><strong>illi</strong></span> <span class='ocrx_word' id='word_1_548' title='bbox 1435 3480 1773 3552; x_wconf 83' lang='lat' dir='ltr'><strong>prophetica</strong></span> <span class='ocrx_word' id='word_1_549' title='bbox 1803 3480 2016 3536; x_wconf 92' lang='lat' dir='ltr'><strong>dicitur</strong></span> <span class='ocrx_word' id='word_1_550' title='bbox 2050 3499 2062 3537; x_wconf 94' lang='lat'>:</span> 
     </span>
    </p>
   </div>
   <div class='ocr_carea' id='block_1_70' title="bbox 416 3566 2066 3640">
    <p class='ocr_par' dir='ltr' id='par_1_70' title="bbox 416 3566 2066 3640">
     <span class='ocr_line' id='line_1_70' title="bbox 416 3566 2066 3640; baseline 0.002 -18"><span class='ocrx_word' id='word_1_551' title='bbox 416 3568 661 3633; x_wconf 79' lang='lat' dir='ltr'><strong>Domine,</strong></span> <span class='ocrx_word' id='word_1_552' title='bbox 687 3583 883 3638; x_wconf 80' lang='lat' dir='ltr'><strong>pacem</strong></span> <span class='ocrx_word' id='word_1_553' title='bbox 911 3566 981 3622; x_wconf 86' lang='lat' dir='ltr'><strong>da</strong></span> <span class='ocrx_word' id='word_1_554' title='bbox 1007 3567 1185 3630; x_wconf 86' lang='lat' dir='ltr'><strong>nobis,</strong></span> <span class='ocrx_word' id='word_1_555' title='bbox 1216 3569 1405 3623; x_wconf 86' lang='lat' dir='ltr'><strong>omnia</strong></span> <span class='ocrx_word' id='word_1_556' title='bbox 1457 3569 1606 3623; x_wconf 87' lang='lat' dir='ltr'><strong>enim</strong></span> <span class='ocrx_word' id='word_1_557' title='bbox 1659 3585 1827 3640; x_wconf 86' lang='lat' dir='ltr'><strong>opera</strong></span> <span class='ocrx_word' id='word_1_558' title='bbox 1881 3577 2066 3625; x_wconf 83' lang='lat' dir='ltr'><strong>nostra</strong></span> 
     </span>
    </p>
   </div>
   <div class='ocr_carea' id='block_1_71' title="bbox 415 3654 2064 3726">
    <p class='ocr_par' dir='ltr' id='par_1_71' title="bbox 415 3654 2064 3726">
     <span class='ocr_line' id='line_1_71' title="bbox 415 3654 2064 3726; baseline 0.002 -15"><span class='ocrx_word' id='word_1_559' title='bbox 415 3663 668 3726; x_wconf 84' lang='lat' dir='ltr'><strong>operatus</strong></span> <span class='ocrx_word' id='word_1_560' title='bbox 693 3671 748 3710; x_wconf 88' lang='lat' dir='ltr'><strong>es</strong></span> <span class='ocrx_word' id='word_1_561' title='bbox 777 3655 931 3710; x_wconf 79' lang='lat' dir='ltr'><strong>nobis</strong></span> <span class='ocrx_word' id='word_1_562' title='bbox 969 3654 1094 3726; x_wconf 89' lang='lat' dir='ltr'><strong>(lsa.</strong></span> <span class='ocrx_word' id='word_1_563' title='bbox 1127 3656 1298 3726; x_wconf 80' lang='lat' dir='ltr'><strong>xxvr).</strong></span> <span class='ocrx_word' id='word_1_564' title='bbox 1334 3656 1678 3712; x_wconf 88' lang='lat' dir='ltr'><strong>Nostrorum</strong></span> <span class='ocrx_word' id='word_1_565' title='bbox 1711 3661 1906 3713; x_wconf 89' lang='lat' dir='ltr'><strong>autem</strong></span> <span class='ocrx_word' id='word_1_566' title='bbox 1939 3675 2064 3714; x_wconf 90' lang='lat' dir='ltr'><strong>om-</strong></span> 
     </span>
    </p>
   </div>
   <div class='ocr_carea' id='block_1_72' title="bbox 415 3743 2061 3816">
    <p class='ocr_par' dir='ltr' id='par_1_72' title="bbox 415 3743 2061 3816">
     <span class='ocr_line' id='line_1_72' title="bbox 415 3743 2061 3816; baseline 0.002 -18"><span class='ocrx_word' id='word_1_567' title='bbox 415 3743 582 3799; x_wconf 90' lang='lat' dir='ltr'><strong>nium</strong></span> <span class='ocrx_word' id='word_1_568' title='bbox 618 3743 905 3798; x_wconf 89' lang='lat' dir='ltr'><strong>bonorum</strong></span> <span class='ocrx_word' id='word_1_569' title='bbox 941 3743 1037 3798; x_wconf 87' lang='lat' dir='ltr'><strong>Dei</strong></span> <span class='ocrx_word' id='word_1_570' title='bbox 1067 3743 1257 3816; x_wconf 89' lang='lat' dir='ltr'><strong>gratia</strong></span> <span class='ocrx_word' id='word_1_571' title='bbox 1286 3747 1489 3800; x_wconf 90' lang='lat' dir='ltr'><strong>auctor</strong></span> <span class='ocrx_word' id='word_1_572' title='bbox 1518 3749 1575 3799; x_wconf 91' lang='lat' dir='ltr'><strong>et</strong></span> <span class='ocrx_word' id='word_1_573' title='bbox 1603 3761 1783 3802; x_wconf 87' lang='lat' dir='ltr'><strong>causa</strong></span> <span class='ocrx_word' id='word_1_574' title='bbox 1804 3747 2061 3802; x_wconf 90' lang='lat' dir='ltr'><strong>est.Nam</strong></span> 
     </span>
    </p>
   </div>
   <div class='ocr_carea' id='block_1_73' title="bbox 415 3831 2064 3905">
    <p class='ocr_par' dir='ltr' id='par_1_73' title="bbox 415 3831 2064 3905">
     <span class='ocr_line' id='line_1_73' title="bbox 415 3831 2064 3905; baseline 0.003 -18"><span class='ocrx_word' id='word_1_575' title='bbox 415 3835 550 3904; x_wconf 90' lang='lat' dir='ltr'><strong>post</strong></span> <span class='ocrx_word' id='word_1_576' title='bbox 581 3834 883 3904; x_wconf 88' lang='lat' dir='ltr'><strong>peccatum</strong></span> <span class='ocrx_word' id='word_1_577' title='bbox 917 3832 1074 3899; x_wconf 79' lang='lat' dir='ltr'><strong>Adae,</strong></span> <span class='ocrx_word' id='word_1_578' title='bbox 1107 3831 1167 3886; x_wconf 92' lang='lat' dir='ltr'><strong>in</strong></span> <span class='ocrx_word' id='word_1_579' title='bbox 1197 3848 1312 3903; x_wconf 91' lang='lat' dir='ltr'><strong>quo</strong></span> <span class='ocrx_word' id='word_1_580' title='bbox 1359 3848 1564 3888; x_wconf 87' lang='lat' dir='ltr'><strong>omnes</strong></span> <span class='ocrx_word' id='word_1_581' title='bbox 1609 3835 1976 3905; x_wconf 89' lang='lat' dir='ltr'><strong>peccavimus</strong></span> <span class='ocrx_word' id='word_1_582' title='bbox 2007 3841 2064 3892; x_wconf 92' lang='lat' dir='ltr'><strong>et</strong></span> 
     </span>
    </p>
   </div>
   <div class='ocr_carea' id='block_1_74' title="bbox 405 3917 2061 3993">
    <p class='ocr_par' dir='ltr' id='par_1_74' title="bbox 405 3917 2061 3993">
     <span class='ocr_line' id='line_1_74' title="bbox 405 3917 2061 3993; baseline 0.003 -18"><span class='ocrx_word' id='word_1_583' title='bbox 405 3917 570 3993; x_wconf 84' lang='lat' dir='ltr'><strong>juste</strong></span> <span class='ocrx_word' id='word_1_584' title='bbox 599 3919 859 3975; x_wconf 89' lang='lat' dir='ltr'><strong>damnati</strong></span> <span class='ocrx_word' id='word_1_585' title='bbox 907 3937 1116 3976; x_wconf 89' lang='lat' dir='ltr'><strong>sumus</strong></span> <span class='ocrx_word' id='word_1_586' title='bbox 1147 3921 1364 3992; x_wconf 88' lang='lat' dir='ltr'><strong>(rectus</strong></span> <span class='ocrx_word' id='word_1_587' title='bbox 1418 3925 1508 3976; x_wconf 91' lang='lat' dir='ltr'><strong>est</strong></span> <span class='ocrx_word' id='word_1_588' title='bbox 1562 3921 1718 3977; x_wconf 92' lang='lat' dir='ltr'><strong>enim</strong></span> <span class='ocrx_word' id='word_1_589' title='bbox 1777 3923 2061 3981; x_wconf 90' lang='lat' dir='ltr'><strong>Dominus</strong></span> 
     </span>
    </p>
   </div>
   <div class='ocr_carea' id='block_1_75' title="bbox 413 4008 2062 4084">
    <p class='ocr_par' dir='ltr' id='par_1_75' title="bbox 413 4008 2062 4084">
     <span class='ocr_line' id='line_1_75' title="bbox 413 4008 2062 4084; baseline 0.002 -18"><span class='ocrx_word' id='word_1_590' title='bbox 413 4009 567 4066; x_wconf 88' lang='lat' dir='ltr'><strong>Deus</strong></span> <span class='ocrx_word' id='word_1_591' title='bbox 591 4010 807 4075; x_wconf 87' lang='lat' dir='ltr'><strong>noster,</strong></span> <span class='ocrx_word' id='word_1_592' title='bbox 827 4012 884 4064; x_wconf 89' lang='lat' dir='ltr'><strong>et</strong></span> <span class='ocrx_word' id='word_1_593' title='bbox 904 4025 1019 4065; x_wconf 92' lang='lat' dir='ltr'><strong>non</strong></span> <span class='ocrx_word' id='word_1_594' title='bbox 1041 4013 1130 4064; x_wconf 85' lang='lat' dir='ltr'><strong>est</strong></span> <span class='ocrx_word' id='word_1_595' title='bbox 1159 4008 1438 4082; x_wconf 85' lang='lat' dir='ltr'><strong>iniquitas</strong></span> <span class='ocrx_word' id='word_1_596' title='bbox 1454 4010 1510 4066; x_wconf 94' lang='lat' dir='ltr'><strong>in</strong></span> <span class='ocrx_word' id='word_1_597' title='bbox 1529 4011 1647 4082; x_wconf 86' lang='lat' dir='ltr'><strong>eo);</strong></span> <span class='ocrx_word' id='word_1_598' title='bbox 1673 4012 1814 4084; x_wconf 89' lang='lat' dir='ltr'><strong>quid</strong></span> <span class='ocrx_word' id='word_1_599' title='bbox 1846 4030 2062 4069; x_wconf 89' lang='lat' dir='ltr'><strong>merea-</strong></span> 
     </span>
    </p>
   </div>
   <div class='ocr_carea' id='block_1_76' title="bbox 409 4093 2062 4172">
    <p class='ocr_par' dir='ltr' id='par_1_76' title="bbox 409 4093 2062 4172">
     <span class='ocr_line' id='line_1_76' title="bbox 409 4093 2062 4172; baseline 0.003 -20"><span class='ocrx_word' id='word_1_600' title='bbox 409 4100 510 4152; x_wconf 91' lang='lat' dir='ltr'><strong>tur</strong></span> <span class='ocrx_word' id='word_1_601' title='bbox 537 4093 719 4152; x_wconf 88' lang='lat' dir='ltr'><strong>totius</strong></span> <span class='ocrx_word' id='word_1_602' title='bbox 749 4094 980 4168; x_wconf 89' lang='lat' dir='ltr'><strong>gencris</strong></span> <span class='ocrx_word' id='word_1_603' title='bbox 1010 4095 1253 4151; x_wconf 90' lang='lat' dir='ltr'><strong>humani</strong></span> <span class='ocrx_word' id='word_1_604' title='bbox 1285 4096 1465 4153; x_wconf 89' lang='lat' dir='ltr'><strong>series</strong></span> <span class='ocrx_word' id='word_1_605' title='bbox 1507 4097 1710 4154; x_wconf 87' lang='lat' dir='ltr'><strong>vitiata</strong></span> <span class='ocrx_word' id='word_1_606' title='bbox 1739 4104 1795 4155; x_wconf 92' lang='lat' dir='ltr'><strong>et</strong></span> <span class='ocrx_word' id='word_1_607' title='bbox 1824 4105 2062 4172; x_wconf 89' lang='lat' dir='ltr'><strong>propter</strong></span> 
     </span>
    </p>
   </div>
   <div class='ocr_carea' id='block_1_77' title="bbox 411 4183 2063 4261">
    <p class='ocr_par' dir='ltr' id='par_1_77' title="bbox 411 4183 2063 4261">
     <span class='ocr_line' id='line_1_77' title="bbox 411 4183 2063 4261; baseline 0.004 -21"><span class='ocrx_word' id='word_1_608' title='bbox 411 4183 696 4257; x_wconf 88' lang='lat' dir='ltr'><strong>originale</strong></span> <span class='ocrx_word' id='word_1_609' title='bbox 726 4188 1030 4256; x_wconf 90' lang='lat' dir='ltr'><strong>peccatum</strong></span> <span class='ocrx_word' id='word_1_610' title='bbox 1061 4185 1341 4240; x_wconf 89' lang='lat' dir='ltr'><strong>damnata</strong></span> <span class='ocrx_word' id='word_1_611' title='bbox 1361 4189 1418 4241; x_wconf 89' lang='lat' dir='ltr'><strong>et</strong></span> <span class='ocrx_word' id='word_1_612' title='bbox 1447 4191 1683 4259; x_wconf 90' lang='lat' dir='ltr'><strong>pr0pter</strong></span> <span class='ocrx_word' id='word_1_613' title='bbox 1702 4190 1936 4261; x_wconf 88' lang='lat' dir='ltr'><strong>propria</strong></span> <span class='ocrx_word' id='word_1_614' title='bbox 1965 4191 2063 4245; x_wconf 89' lang='lat' dir='ltr'><strong>ad-</strong></span> 
     </span>
    </p>
   </div>
   <div class='ocr_carea' id='block_1_78' title="bbox 409 4273 2057 4347">
    <p class='ocr_par' dir='ltr' id='par_1_78' title="bbox 409 4273 2057 4347">
     <span class='ocr_line' id='line_1_78' title="bbox 409 4273 2057 4347; baseline 0.004 -19"><span class='ocrx_word' id='word_1_615' title='bbox 409 4273 551 4338; x_wconf 89' lang='lat' dir='ltr'><strong>dita,</strong></span> <span class='ocrx_word' id='word_1_616' title='bbox 584 4273 633 4328; x_wconf 89' lang='lat' dir='ltr'><strong>si</strong></span> <span class='ocrx_word' id='word_1_617' title='bbox 666 4273 738 4327; x_wconf 92' lang='lat' dir='ltr'><strong>ad</strong></span> <span class='ocrx_word' id='word_1_618' title='bbox 769 4273 1019 4328; x_wconf 91' lang='lat' dir='ltr'><strong>activam</strong></span> <span class='ocrx_word' id='word_1_619' title='bbox 1058 4277 1284 4329; x_wconf 65' lang='lat' dir='ltr'><strong>aetatem</strong></span> <span class='ocrx_word' id='word_1_620' title='bbox 1337 4275 1668 4342; x_wconf 89' lang='lat' dir='ltr'><strong>accesserit,</strong></span> <span class='ocrx_word' id='word_1_621' title='bbox 1700 4277 2057 4347; x_wconf 91' lang='lat' dir='ltr'><strong>damnanda,</strong></span> 
     </span>
    </p>
   </div>
   <div class='ocr_carea' id='block_1_79' title="bbox 409 4359 2057 4438">
    <p class='ocr_par' dir='ltr' id='par_1_79' title="bbox 409 4359 2057 4438">
     <span class='ocr_line' id='line_1_79' title="bbox 409 4359 2057 4438; baseline 0.004 -22"><span class='ocrx_word' id='word_1_622' title='bbox 409 4359 524 4416; x_wconf 89' lang='lat' dir='ltr'><strong>nisi</strong></span> <span class='ocrx_word' id='word_1_623' title='bbox 554 4359 911 4433; x_wconf 88' lang='lat' dir='ltr'><strong>sempiterna</strong></span> <span class='ocrx_word' id='word_1_624' title='bbox 939 4360 1269 4432; x_wconf 84' lang='lat' dir='ltr'><strong>supplicia?</strong></span> <span class='ocrx_word' id='word_1_625' title='bbox 1291 4363 1419 4418; x_wconf 62' lang='lat' dir='ltr'><strong>Hac</strong></span> <span class='ocrx_word' id='word_1_626' title='bbox 1450 4363 1640 4434; x_wconf 88' lang='lat' dir='ltr'><strong>plane,</strong></span> <span class='ocrx_word' id='word_1_627' title='bbox 1666 4369 1730 4420; x_wconf 91' lang='lat' dir='ltr'><strong>ut</strong></span> <span class='ocrx_word' id='word_1_628' title='bbox 1761 4383 1939 4438; x_wconf 89' lang='lat' dir='ltr'><strong>supra</strong></span> <span class='ocrx_word' id='word_1_629' title='bbox 1969 4384 2057 4423; x_wconf 86' lang='lat' dir='ltr'><strong>re-</strong></span> 
     </span>
    </p>
   </div>
   <div class='ocr_carea' id='block_1_80' title="bbox 2177 3213 3783 3292">
    <p class='ocr_par' dir='ltr' id='par_1_80' title="bbox 2177 3213 3783 3292">
     <span class='ocr_line' id='line_1_80' title="bbox 2177 3213 3783 3292; baseline 0.001 -23"><span class='ocrx_word' id='word_1_630' title='bbox 2177 3213 2238 3268; x_wconf 91' lang='lat' dir='ltr'><strong>in</strong></span> <span class='ocrx_word' id='word_1_631' title='bbox 2253 3215 2410 3270; x_wconf 91' lang='lat' dir='ltr'><strong>hunc</strong></span> <span class='ocrx_word' id='word_1_632' title='bbox 2434 3216 2724 3271; x_wconf 88' lang='lat' dir='ltr'><strong>mundum</strong></span> <span class='ocrx_word' id='word_1_633' title='bbox 2749 3215 3046 3273; x_wconf 86' lang='lat' dir='ltr'><strong>venientes</strong></span> <span class='ocrx_word' id='word_1_634' title='bbox 3077 3217 3382 3275; x_wconf 84' lang='lat' dir='ltr'><strong>illuminat</strong></span> <span class='ocrx_word' id='word_1_635' title='bbox 3410 3219 3578 3292; x_wconf 85' lang='lat' dir='ltr'><strong>(quod</strong></span> <span class='ocrx_word' id='word_1_636' title='bbox 3609 3215 3783 3274; x_wconf 80' lang='lat' dir='ltr'><strong>sentire</strong></span> 
     </span>
    </p>
   </div>
   <div class='ocr_carea' id='block_1_81' title="bbox 2175 3304 3784 3381">
    <p class='ocr_par' dir='ltr' id='par_1_81' title="bbox 2175 3304 3784 3381">
     <span class='ocr_line' id='line_1_81' title="bbox 2175 3304 3784 3381; baseline 0 -22"><span class='ocrx_word' id='word_1_637' title='bbox 2175 3319 2458 3375; x_wconf 89' lang='lat' dir='ltr'><strong>perquam</strong></span> <span class='ocrx_word' id='word_1_638' title='bbox 2480 3305 2804 3360; x_wconf 88' lang='lat' dir='ltr'><strong>absurdum</strong></span> <span class='ocrx_word' id='word_1_639' title='bbox 2826 3309 2935 3377; x_wconf 89' lang='lat' dir='ltr'><strong>est,</strong></span> <span class='ocrx_word' id='word_1_640' title='bbox 2958 3307 3192 3378; x_wconf 90' lang='lat' dir='ltr'><strong>quando</strong></span> <span class='ocrx_word' id='word_1_641' title='bbox 3213 3309 3457 3380; x_wconf 88' lang='lat' dir='ltr'><strong>quidem</strong></span> <span class='ocrx_word' id='word_1_642' title='bbox 3488 3307 3668 3381; x_wconf 86' lang='lat' dir='ltr'><strong>plures</strong></span> <span class='ocrx_word' id='word_1_643' title='bbox 3683 3304 3784 3361; x_wconf 82' lang='lat' dir='ltr'><strong>inll-</strong></span> 
     </span>
    </p>
   </div>
   <div class='ocr_carea' id='block_1_82' title="bbox 2175 3391 3783 3466">
    <p class='ocr_par' dir='ltr' id='par_1_82' title="bbox 2175 3391 3783 3466">
     <span class='ocr_line' id='line_1_82' title="bbox 2175 3391 3783 3466; baseline -0.001 -19"><span class='ocrx_word' id='word_1_644' title='bbox 2175 3391 2434 3448; x_wconf 90' lang='lat' dir='ltr'><strong>delitatis</strong></span> <span class='ocrx_word' id='word_1_645' title='bbox 2465 3393 2722 3450; x_wconf 88' lang='lat' dir='ltr'><strong>tenebris</strong></span> <span class='ocrx_word' id='word_1_646' title='bbox 2752 3394 3182 3466; x_wconf 90' lang='lat' dir='ltr'><strong>obscurentur),</strong></span> <span class='ocrx_word' id='word_1_647' title='bbox 3206 3397 3310 3452; x_wconf 89' lang='lat' dir='ltr'><strong>sed</strong></span> <span class='ocrx_word' id='word_1_648' title='bbox 3333 3413 3432 3452; x_wconf 89' lang='lat' dir='ltr'><strong>eos</strong></span> <span class='ocrx_word' id='word_1_649' title='bbox 3449 3395 3694 3452; x_wconf 87' lang='lat' dir='ltr'><strong>videlicet</strong></span> <span class='ocrx_word' id='word_1_650' title='bbox 3705 3392 3783 3465; x_wconf 87' lang='lat' dir='ltr'><strong>qui</strong></span> 
     </span>
    </p>
   </div>
   <div class='ocr_carea' id='block_1_83' title="bbox 2175 3479 3782 3550">
    <p class='ocr_par' dir='ltr' id='par_1_83' title="bbox 2175 3479 3782 3550">
     <span class='ocr_line' id='line_1_83' title="bbox 2175 3479 3782 3550; baseline 0.002 -16"><span class='ocrx_word' id='word_1_651' title='bbox 2175 3479 2754 3550; x_wconf 91' lang='lat' dir='ltr'><strong>illuminantur,dum</strong></span> <span class='ocrx_word' id='word_1_652' title='bbox 2778 3499 2894 3538; x_wconf 90' lang='lat' dir='ltr'><strong>non</strong></span> <span class='ocrx_word' id='word_1_653' title='bbox 2917 3483 2990 3538; x_wconf 90' lang='lat' dir='ltr'><strong>ab</strong></span> <span class='ocrx_word' id='word_1_654' title='bbox 3013 3482 3125 3538; x_wconf 90' lang='lat' dir='ltr'><strong>alio</strong></span> <span class='ocrx_word' id='word_1_655' title='bbox 3148 3483 3263 3539; x_wconf 91' lang='lat' dir='ltr'><strong>nisi</strong></span> <span class='ocrx_word' id='word_1_656' title='bbox 3292 3485 3368 3542; x_wconf 92' lang='lat' dir='ltr'><strong>ab</strong></span> <span class='ocrx_word' id='word_1_657' title='bbox 3390 3481 3782 3542; x_wconf 86' lang='lat' dir='ltr'><strong>illoillumiuau-</strong></span> 
     </span>
    </p>
   </div>
   <div class='ocr_carea' id='block_1_84' title="bbox 2174 3569 3778 3644">
    <p class='ocr_par' dir='ltr' id='par_1_84' title="bbox 2174 3569 3778 3644">
     <span class='ocr_line' id='line_1_84' title="bbox 2174 3569 3778 3644; baseline 0.002 -21"><span class='ocrx_word' id='word_1_658' title='bbox 2174 3573 2287 3623; x_wconf 91' lang='lat' dir='ltr'><strong>tur.</strong></span> <span class='ocrx_word' id='word_1_659' title='bbox 2311 3569 2528 3624; x_wconf 88' lang='lat' dir='ltr'><strong>Omnes</strong></span> <span class='ocrx_word' id='word_1_660' title='bbox 2548 3575 2746 3626; x_wconf 90' lang='lat' dir='ltr'><strong>autem</strong></span> <span class='ocrx_word' id='word_1_661' title='bbox 2771 3587 2884 3627; x_wconf 91' lang='lat' dir='ltr'><strong>non</strong></span> <span class='ocrx_word' id='word_1_662' title='bbox 2917 3588 3150 3644; x_wconf 90' lang='lat' dir='ltr'><strong>semper</strong></span> <span class='ocrx_word' id='word_1_663' title='bbox 3178 3573 3612 3630; x_wconf 83' lang='lat' dir='ltr'><strong>universitatem</strong></span> <span class='ocrx_word' id='word_1_664' title='bbox 3639 3587 3778 3644; x_wconf 85' lang='lat' dir='ltr'><strong>gene-</strong></span> 
     </span>
    </p>
   </div>
   <div class='ocr_carea' id='block_1_85' title="bbox 2173 3657 3781 3736">
    <p class='ocr_par' dir='ltr' id='par_1_85' title="bbox 2173 3657 3781 3736">
     <span class='ocr_line' id='line_1_85' title="bbox 2173 3657 3781 3736; baseline 0.002 -25"><span class='ocrx_word' id='word_1_665' title='bbox 2173 3657 2599 3725; x_wconf 89' lang='lat' dir='ltr'><strong>raliter,verum</strong></span> <span class='ocrx_word' id='word_1_666' title='bbox 2614 3658 2929 3732; x_wconf 88' lang='lat' dir='ltr'><strong>aliquando</strong></span> <span class='ocrx_word' id='word_1_667' title='bbox 2943 3661 3345 3733; x_wconf 83' lang='lat' dir='ltr'><strong>exceptionem</strong></span> <span class='ocrx_word' id='word_1_668' title='bbox 3361 3662 3662 3736; x_wconf 82' lang='lat' dir='ltr'><strong>quamdam</strong></span> <span class='ocrx_word' id='word_1_669' title='bbox 3672 3675 3781 3733; x_wconf 72' lang='lat' dir='ltr'><strong>par-</strong></span> 
     </span>
    </p>
   </div>
   <div class='ocr_carea' id='block_1_86' title="bbox 2170 3745 3774 3824">
    <p class='ocr_par' dir='ltr' id='par_1_86' title="bbox 2170 3745 3774 3824">
     <span class='ocr_line' id='line_1_86' title="bbox 2170 3745 3774 3824; baseline 0.001 -24"><span class='ocrx_word' id='word_1_670' title='bbox 2170 3745 2491 3802; x_wconf 87' lang='lat' dir='ltr'><strong>ticulariter</strong></span> <span class='ocrx_word' id='word_1_671' title='bbox 2538 3747 3051 3820; x_wconf 89' lang='lat' dir='ltr'><strong>comprehendere,</strong></span> <span class='ocrx_word' id='word_1_672' title='bbox 3085 3750 3263 3807; x_wconf 88' lang='lat' dir='ltr'><strong>etiam</strong></span> <span class='ocrx_word' id='word_1_673' title='bbox 3316 3751 3444 3824; x_wconf 90' lang='lat' dir='ltr'><strong>ipse</strong></span> <span class='ocrx_word' id='word_1_674' title='bbox 3487 3747 3774 3823; x_wconf 85' lang='lat' dir='ltr'><strong>Apostolus,</strong></span> 
     </span>
    </p>
   </div>
   <div class='ocr_carea' id='block_1_87' title="bbox 2171 3834 3775 3906">
    <p class='ocr_par' dir='ltr' id='par_1_87' title="bbox 2171 3834 3775 3906">
     <span class='ocr_line' id='line_1_87' title="bbox 2171 3834 3775 3906; baseline 0 -17"><span class='ocrx_word' id='word_1_675' title='bbox 2171 3835 2242 3890; x_wconf 91' lang='lat' dir='ltr'><strong>de</strong></span> <span class='ocrx_word' id='word_1_676' title='bbox 2263 3837 2433 3906; x_wconf 86' lang='lat' dir='ltr'><strong>cujus</strong></span> <span class='ocrx_word' id='word_1_677' title='bbox 2453 3834 2810 3892; x_wconf 89' lang='lat' dir='ltr'><strong>deliberatur</strong></span> <span class='ocrx_word' id='word_1_678' title='bbox 2831 3837 3138 3904; x_wconf 89' lang='lat' dir='ltr'><strong>sententia,</strong></span> <span class='ocrx_word' id='word_1_679' title='bbox 3160 3837 3414 3896; x_wconf 87' lang='lat' dir='ltr'><strong>idoneus</strong></span> <span class='ocrx_word' id='word_1_680' title='bbox 3437 3841 3577 3898; x_wconf 69' lang='grc' dir='ltr'><strong>υτ</strong></span> <span class='ocrx_word' id='word_1_681' title='bbox 3611 3839 3775 3893; x_wconf 82' lang='lat' dir='ltr'><strong>auctor</strong></span> 
     </span>
    </p>
   </div>
   <div class='ocr_carea' id='block_1_88' title="bbox 2169 3923 3776 3998">
    <p class='ocr_par' dir='ltr' id='par_1_88' title="bbox 2169 3923 3776 3998">
     <span class='ocr_line' id='line_1_88' title="bbox 2169 3923 3776 3998; baseline 0.002 -21"><span class='ocrx_word' id='word_1_682' title='bbox 2169 3928 2258 3978; x_wconf 90' lang='lat' dir='ltr'><strong>est</strong></span> <span class='ocrx_word' id='word_1_683' title='bbox 2287 3923 2384 3978; x_wconf 91' lang='lat' dir='ltr'><strong>ubi</strong></span> <span class='ocrx_word' id='word_1_684' title='bbox 2416 3923 2496 3979; x_wconf 89' lang='lat' dir='ltr'><strong>ait</strong></span> <span class='ocrx_word' id='word_1_685' title='bbox 2527 3940 2540 3978; x_wconf 89' lang='lat'><strong>:</strong></span> <span class='ocrx_word' id='word_1_686' title='bbox 2574 3925 2729 3980; x_wconf 86' lang='lat' dir='ltr'><strong>Sicut</strong></span> <span class='ocrx_word' id='word_1_687' title='bbox 2780 3940 2874 3996; x_wconf 85' lang='lat' dir='ltr'><strong>ego</strong></span> <span class='ocrx_word' id='word_1_688' title='bbox 2929 3942 3028 3997; x_wconf 85' lang='lat' dir='ltr'><strong>per</strong></span> <span class='ocrx_word' id='word_1_689' title='bbox 3082 3929 3274 3982; x_wconf 85' lang='lat' dir='ltr'><strong>omnia</strong></span> <span class='ocrx_word' id='word_1_690' title='bbox 3327 3927 3574 3985; x_wconf 77' lang='lat' dir='ltr'><strong>onmibus</strong></span> <span class='ocrx_word' id='word_1_691' title='bbox 3620 3925 3776 3998; x_wconf 79' lang='lat' dir='ltr'><strong>placeo</strong></span> 
     </span>
    </p>
   </div>
   <div class='ocr_carea' id='block_1_89' title="bbox 2169 4011 3777 4090">
    <p class='ocr_par' dir='ltr' id='par_1_89' title="bbox 2169 4011 3777 4090">
     <span class='ocr_line' id='line_1_89' title="bbox 2169 4011 3777 4090; baseline -0.002 -22"><span class='ocrx_word' id='word_1_692' title='bbox 2169 4012 2218 4083; x_wconf 93' lang='lat' dir='ltr'><strong>(I</strong></span> <span class='ocrx_word' id='word_1_693' title='bbox 2235 4013 2355 4068; x_wconf 84' lang='lat' dir='ltr'><strong>Cor.</strong></span> <span class='ocrx_word' id='word_1_694' title='bbox 2379 4017 2478 4082; x_wconf 76' lang='lat' dir='ltr'><strong>vr).</strong></span> <span class='ocrx_word' id='word_1_695' title='bbox 2503 4013 2769 4085; x_wconf 85' lang='lat' dir='ltr'><strong>Namque</strong></span> <span class='ocrx_word' id='word_1_696' title='bbox 2806 4017 2871 4068; x_wconf 92' lang='lat' dir='ltr'><strong>ut</strong></span> <span class='ocrx_word' id='word_1_697' title='bbox 2909 4019 3134 4070; x_wconf 90' lang='lat' dir='ltr'><strong>taceam</strong></span> <span class='ocrx_word' id='word_1_698' title='bbox 3166 4015 3237 4071; x_wconf 91' lang='lat' dir='ltr'><strong>de</strong></span> <span class='ocrx_word' id='word_1_699' title='bbox 3270 4018 3493 4090; x_wconf 80' lang='lat' dir='ltr'><strong>majore</strong></span> <span class='ocrx_word' id='word_1_700' title='bbox 3516 4014 3688 4072; x_wconf 88' lang='lat' dir='ltr'><strong>adhuc</strong></span> <span class='ocrx_word' id='word_1_701' title='bbox 3712 4011 3777 4065; x_wconf 88' lang='lat' dir='ltr'><strong>in-</strong></span> 
     </span>
    </p>
   </div>
   <div class='ocr_carea' id='block_1_90' title="bbox 2169 4100 3772 4176">
    <p class='ocr_par' dir='ltr' id='par_1_90' title="bbox 2169 4100 3772 4176">
     <span class='ocr_line' id='line_1_90' title="bbox 2169 4100 3772 4176; baseline -0.001 -21"><span class='ocrx_word' id='word_1_702' title='bbox 2169 4100 2430 4156; x_wconf 78' lang='lat' dir='ltr'><strong>fidelium</strong></span> <span class='ocrx_word' id='word_1_703' title='bbox 2452 4105 2634 4173; x_wconf 90' lang='lat' dir='ltr'><strong>parte,</strong></span> <span class='ocrx_word' id='word_1_704' title='bbox 2659 4101 2876 4173; x_wconf 89' lang='lat' dir='ltr'><strong>quibus</strong></span> <span class='ocrx_word' id='word_1_705' title='bbox 2894 4103 3150 4173; x_wconf 77' lang='lat' dir='ltr'><strong>profecto</strong></span> <span class='ocrx_word' id='word_1_706' title='bbox 3174 4102 3408 4176; x_wconf 88' lang='lat' dir='ltr'><strong>placere</strong></span> <span class='ocrx_word' id='word_1_707' title='bbox 3429 4120 3541 4160; x_wconf 91' lang='lat' dir='ltr'><strong>non</strong></span> <span class='ocrx_word' id='word_1_708' title='bbox 3569 4102 3772 4175; x_wconf 82' lang='lat' dir='ltr'><strong>poterat,</strong></span> 
     </span>
    </p>
   </div>
   <div class='ocr_carea' id='block_1_91' title="bbox 2169 4189 3774 4264">
    <p class='ocr_par' dir='ltr' id='par_1_91' title="bbox 2169 4189 3774 4264">
     <span class='ocr_line' id='line_1_91' title="bbox 2169 4189 3774 4264; baseline -0.002 -20"><span class='ocrx_word' id='word_1_709' title='bbox 2169 4206 2284 4244; x_wconf 92' lang='lat' dir='ltr'><strong>non</strong></span> <span class='ocrx_word' id='word_1_710' title='bbox 2314 4189 2579 4262; x_wconf 89' lang='lat' dir='ltr'><strong>placebat</strong></span> <span class='ocrx_word' id='word_1_711' title='bbox 2610 4189 2703 4246; x_wconf 92' lang='lat' dir='ltr'><strong>his</strong></span> <span class='ocrx_word' id='word_1_712' title='bbox 2731 4207 2766 4245; x_wconf 91' lang='lat' dir='ltr'><strong>a</strong></span> <span class='ocrx_word' id='word_1_713' title='bbox 2795 4190 3012 4262; x_wconf 93' lang='lat' dir='ltr'><strong>quibus</strong></span> <span class='ocrx_word' id='word_1_714' title='bbox 3035 4192 3390 4261; x_wconf 68' lang='lat' dir='ltr'><strong>caedebatur,</strong></span> <span class='ocrx_word' id='word_1_715' title='bbox 3406 4211 3520 4249; x_wconf 91' lang='lat' dir='ltr'><strong>non</strong></span> <span class='ocrx_word' id='word_1_716' title='bbox 3550 4189 3774 4264; x_wconf 87' lang='lat' dir='ltr'><strong>placebat</strong></span> 
     </span>
    </p>
   </div>
   <div class='ocr_carea' id='block_1_92' title="bbox 2167 4273 3774 4354">
    <p class='ocr_par' dir='ltr' id='par_1_92' title="bbox 2167 4273 3774 4354">
     <span class='ocr_line' id='line_1_92' title="bbox 2167 4273 3774 4354; baseline -0.002 -22"><span class='ocrx_word' id='word_1_717' title='bbox 2167 4276 2260 4334; x_wconf 89' lang='lat' dir='ltr'><strong>his</strong></span> <span class='ocrx_word' id='word_1_718' title='bbox 2276 4295 2310 4332; x_wconf 91' lang='lat' dir='ltr'><strong>a</strong></span> <span class='ocrx_word' id='word_1_719' title='bbox 2334 4277 2550 4350; x_wconf 90' lang='lat' dir='ltr'><strong>quibus</strong></span> <span class='ocrx_word' id='word_1_720' title='bbox 2578 4278 2935 4334; x_wconf 89' lang='lat' dir='ltr'><strong>obruebatur</strong></span> <span class='ocrx_word' id='word_1_721' title='bbox 2961 4278 3279 4351; x_wconf 87' lang='lat' dir='ltr'><strong>lapidibus,</strong></span> <span class='ocrx_word' id='word_1_722' title='bbox 3301 4298 3417 4338; x_wconf 92' lang='lat' dir='ltr'><strong>non</strong></span> <span class='ocrx_word' id='word_1_723' title='bbox 3448 4280 3690 4354; x_wconf 87' lang='lat' dir='ltr'><strong>placebat</strong></span> <span class='ocrx_word' id='word_1_724' title='bbox 3703 4273 3774 4331; x_wconf 79' lang='lat' dir='ltr'><strong>his</strong></span> 
     </span>
    </p>
   </div>
   <div class='ocr_carea' id='block_1_93' title="bbox 2166 4365 3770 4442">
    <p class='ocr_par' dir='ltr' id='par_1_93' title="bbox 2166 4365 3770 4442">
     <span class='ocr_line' id='line_1_93' title="bbox 2166 4365 3770 4442; baseline -0.004 -22"><span class='ocrx_word' id='word_1_725' title='bbox 2166 4366 2417 4438; x_wconf 88' lang='lat' dir='ltr'><strong>denique</strong></span> <span class='ocrx_word' id='word_1_726' title='bbox 2445 4383 2480 4420; x_wconf 90' lang='lat' dir='ltr'><strong>a</strong></span> <span class='ocrx_word' id='word_1_727' title='bbox 2505 4365 2722 4437; x_wconf 89' lang='lat' dir='ltr'><strong>quibus</strong></span> <span class='ocrx_word' id='word_1_728' title='bbox 2755 4367 2899 4422; x_wconf 92' lang='lat' dir='ltr'><strong>urbe</strong></span> <span class='ocrx_word' id='word_1_729' title='bbox 2941 4366 3102 4422; x_wconf 90' lang='lat' dir='ltr'><strong>velut</strong></span> <span class='ocrx_word' id='word_1_730' title='bbox 3150 4374 3424 4425; x_wconf 90' lang='lat' dir='ltr'><strong>mortuus</strong></span> <span class='ocrx_word' id='word_1_731' title='bbox 3469 4367 3770 4442; x_wconf 87' lang='lat' dir='ltr'><strong>pellebatur.</strong></span> 
     </span>
    </p>
   </div>
   <div class='ocr_carea' id='block_1_94' title="bbox 409 4448 3774 4529">
    <p class='ocr_par' dir='ltr' id='par_1_94' title="bbox 409 4448 3774 4529">
     <span class='ocr_line' id='line_1_94' title="bbox 409 4448 3774 4529; baseline 0 -24"><span class='ocrx_word' id='word_1_732' title='bbox 409 4449 596 4506; x_wconf 89' lang='lat' dir='ltr'><strong>latum</strong></span> <span class='ocrx_word' id='word_1_733' title='bbox 624 4453 733 4516; x_wconf 88' lang='lat' dir='ltr'><strong>est,</strong></span> <span class='ocrx_word' id='word_1_734' title='bbox 759 4452 995 4521; x_wconf 83' lang='lat' dir='ltr'><strong>peccato</strong></span> <span class='ocrx_word' id='word_1_735' title='bbox 1019 4448 1220 4504; x_wconf 89' lang='lat' dir='ltr'><strong>vitiata</strong></span> <span class='ocrx_word' id='word_1_736' title='bbox 1241 4454 1363 4506; x_wconf 89' lang='lat' dir='ltr'><strong>tota</strong></span> <span class='ocrx_word' id='word_1_737' title='bbox 1383 4452 1562 4524; x_wconf 87' lang='lat' dir='ltr'><strong>stirps</strong></span> <span class='ocrx_word' id='word_1_738' title='bbox 1592 4452 1898 4510; x_wconf 89' lang='lat' dir='ltr'><strong>hominum</strong></span> <span class='ocrx_word' id='word_1_739' title='bbox 1930 4471 2056 4526; x_wconf 90' lang='lat' dir='ltr'><strong>per-</strong></span> <span class='ocrx_word' id='word_1_740' title='bbox 2085 4463 2132 4529; x_wconf 83' lang='lat' dir='ltr'><strong>D</strong></span> <span class='ocrx_word' id='word_1_741' title='bbox 2168 4453 2434 4510; x_wconf 90' lang='lat' dir='ltr'><strong>Placebat</strong></span> <span class='ocrx_word' id='word_1_742' title='bbox 2455 4459 2649 4510; x_wconf 88' lang='lat' dir='ltr'><strong>autem</strong></span> <span class='ocrx_word' id='word_1_743' title='bbox 2681 4454 2821 4511; x_wconf 90' lang='lat' dir='ltr'><strong>solis</strong></span> <span class='ocrx_word' id='word_1_744' title='bbox 2843 4455 3135 4522; x_wconf 82' lang='lat' dir='ltr'><strong>ﬁdelibus,</strong></span> <span class='ocrx_word' id='word_1_745' title='bbox 3159 4457 3261 4528; x_wconf 92' lang='lat' dir='ltr'><strong>qui</strong></span> <span class='ocrx_word' id='word_1_746' title='bbox 3293 4461 3378 4514; x_wconf 89' lang='lat' dir='ltr'><strong>tot</strong></span> <span class='ocrx_word' id='word_1_747' title='bbox 3409 4461 3570 4514; x_wconf 90' lang='lat' dir='ltr'><strong>erant</strong></span> <span class='ocrx_word' id='word_1_748' title='bbox 3597 4459 3656 4510; x_wconf 92' lang='lat' dir='ltr'><strong>ut</strong></span> <span class='ocrx_word' id='word_1_749' title='bbox 3680 4465 3774 4507; x_wconf 86' lang='lat' dir='ltr'><strong>me-</strong></span> 
     </span>
    </p>
   </div>
   <div class='ocr_carea' id='block_1_95' title="bbox 407 4537 2052 4611">
    <p class='ocr_par' dir='ltr' id='par_1_95' title="bbox 407 4537 2052 4611">
     <span class='ocr_line' id='line_1_95' title="bbox 407 4537 2052 4611; baseline 0.004 -18"><span class='ocrx_word' id='word_1_750' title='bbox 407 4537 526 4610; x_wconf 89' lang='lat' dir='ltr'><strong>peti</strong></span> <span class='ocrx_word' id='word_1_751' title='bbox 547 4543 868 4610; x_wconf 89' lang='lat' dir='ltr'><strong>cogeretur,</strong></span> <span class='ocrx_word' id='word_1_752' title='bbox 885 4537 995 4593; x_wconf 90' lang='lat' dir='ltr'><strong>nisi</strong></span> <span class='ocrx_word' id='word_1_753' title='bbox 1019 4554 1087 4593; x_wconf 86' lang='lat' dir='ltr'><strong>ex</strong></span> <span class='ocrx_word' id='word_1_754' title='bbox 1106 4538 1308 4593; x_wconf 89' lang='lat' dir='ltr'><strong>eadem</strong></span> <span class='ocrx_word' id='word_1_755' title='bbox 1333 4539 1514 4611; x_wconf 75' lang='lat' dir='ltr'><strong>stirpe</strong></span> <span class='ocrx_word' id='word_1_756' title='bbox 1535 4542 1800 4597; x_wconf 85' lang='lat' dir='ltr'><strong>eamdem</strong></span> <span class='ocrx_word' id='word_1_757' title='bbox 1814 4559 2052 4599; x_wconf 91' lang='lat' dir='ltr'><strong>causam</strong></span> 
     </span>
    </p>
   </div>
   <div class='ocr_carea' id='block_1_96' title="bbox 407 4624 2053 4701">
    <p class='ocr_par' dir='ltr' id='par_1_96' title="bbox 407 4624 2053 4701">
     <span class='ocr_line' id='line_1_96' title="bbox 407 4624 2053 4701; baseline 0.004 -21"><span class='ocrx_word' id='word_1_758' title='bbox 407 4624 806 4680; x_wconf 88' lang='lat' dir='ltr'><strong>damnationis</strong></span> <span class='ocrx_word' id='word_1_759' title='bbox 855 4625 1128 4693; x_wconf 86' lang='lat' dir='ltr'><strong>habente,</strong></span> <span class='ocrx_word' id='word_1_760' title='bbox 1159 4625 1257 4681; x_wconf 92' lang='lat' dir='ltr'><strong>alii</strong></span> <span class='ocrx_word' id='word_1_761' title='bbox 1291 4626 1365 4700; x_wconf 91' lang='lat' dir='ltr'><strong>(a)</strong></span> <span class='ocrx_word' id='word_1_762' title='bbox 1397 4627 1620 4683; x_wconf 87' lang='lat' dir='ltr'><strong>occulto</strong></span> <span class='ocrx_word' id='word_1_763' title='bbox 1661 4629 1887 4701; x_wconf 90' lang='lat' dir='ltr'><strong>judicio</strong></span> <span class='ocrx_word' id='word_1_764' title='bbox 1936 4633 2053 4700; x_wconf 90' lang='lat' dir='ltr'><strong>Dei,</strong></span> 
     </span>
    </p>
   </div>
   <div class='ocr_carea' id='block_1_97' title="bbox 408 4713 2055 4788">
    <p class='ocr_par' dir='ltr' id='par_1_97' title="bbox 408 4713 2055 4788">
     <span class='ocr_line' id='line_1_97' title="bbox 408 4713 2055 4788; baseline 0.006 -23"><span class='ocrx_word' id='word_1_765' title='bbox 408 4728 750 4784; x_wconf 87' lang='lat' dir='ltr'><strong>quanquam</strong></span> <span class='ocrx_word' id='word_1_766' title='bbox 775 4713 1124 4782; x_wconf 90' lang='lat' dir='ltr'><strong>rectissimo,</strong></span> <span class='ocrx_word' id='word_1_767' title='bbox 1150 4731 1252 4786; x_wconf 91' lang='lat' dir='ltr'><strong>per</strong></span> <span class='ocrx_word' id='word_1_768' title='bbox 1261 4715 1558 4788; x_wconf 89' lang='lat' dir='ltr'><strong>justitiam</strong></span> <span class='ocrx_word' id='word_1_769' title='bbox 1581 4717 1711 4788; x_wconf 89' lang='lat' dir='ltr'><strong>ejus</strong></span> <span class='ocrx_word' id='word_1_770' title='bbox 1730 4717 1790 4773; x_wconf 93' lang='lat' dir='ltr'><strong>in</strong></span> <span class='ocrx_word' id='word_1_771' title='bbox 1813 4719 2055 4775; x_wconf 86' lang='lat' dir='ltr'><strong>damna-</strong></span> 
     </span>
    </p>
   </div>
   <div class='ocr_carea' id='block_1_98' title="bbox 407 4799 2058 4874">
    <p class='ocr_par' dir='ltr' id='par_1_98' title="bbox 407 4799 2058 4874">
     <span class='ocr_line' id='line_1_98' title="bbox 407 4799 2058 4874; baseline 0.006 -20"><span class='ocrx_word' id='word_1_772' title='bbox 407 4799 567 4855; x_wconf 89' lang='lat' dir='ltr'><strong>tione</strong></span> <span class='ocrx_word' id='word_1_773' title='bbox 614 4799 812 4856; x_wconf 90' lang='lat' dir='ltr'><strong>debita</strong></span> <span class='ocrx_word' id='word_1_774' title='bbox 867 4800 1355 4874; x_wconf 90' lang='lat' dir='ltr'><strong>relinquerentur,</strong></span> <span class='ocrx_word' id='word_1_775' title='bbox 1403 4803 1501 4860; x_wconf 92' lang='lat' dir='ltr'><strong>alii</strong></span> <span class='ocrx_word' id='word_1_776' title='bbox 1558 4822 1690 4861; x_wconf 89' lang='lat' dir='ltr'><strong>vero</strong></span> <span class='ocrx_word' id='word_1_777' title='bbox 1743 4807 2058 4865; x_wconf 83' lang='lat' dir='ltr'><strong>manifesta</strong></span> 
     </span>
    </p>
   </div>
   <div class='ocr_carea' id='block_1_99' title="bbox 406 4887 2058 4961">
    <p class='ocr_par' dir='ltr' id='par_1_99' title="bbox 406 4887 2058 4961">
     <span class='ocr_line' id='line_1_99' title="bbox 406 4887 2058 4961; baseline 0.006 -18"><span class='ocrx_word' id='word_1_778' title='bbox 406 4887 596 4960; x_wconf 87' lang='lat' dir='ltr'><strong>gratia</strong></span> <span class='ocrx_word' id='word_1_779' title='bbox 626 4904 730 4961; x_wconf 88' lang='lat' dir='ltr'><strong>per</strong></span> <span class='ocrx_word' id='word_1_780' title='bbox 759 4889 886 4960; x_wconf 85' lang='lat' dir='ltr'><strong>ejus</strong></span> <span class='ocrx_word' id='word_1_781' title='bbox 918 4889 1382 4948; x_wconf 87' lang='lat' dir='ltr'><strong>misericordiam</strong></span> <span class='ocrx_word' id='word_1_782' title='bbox 1413 4892 1796 4950; x_wconf 87' lang='lat' dir='ltr'><strong>salvarentur.</strong></span> <span class='ocrx_word' id='word_1_783' title='bbox 1822 4895 1946 4952; x_wconf 86' lang='lat' dir='ltr'><strong>Non</strong></span> <span class='ocrx_word' id='word_1_784' title='bbox 1969 4901 2058 4953; x_wconf 89' lang='lat' dir='ltr'><strong>est</strong></span> 
     </span>
    </p>
   </div>
   <div class='ocr_carea' id='block_1_100' title="bbox 477 5066 2057 5149">
    <p class='ocr_par' dir='ltr' id='par_1_100' title="bbox 477 5066 2057 5149">
     <span class='ocr_line' id='line_1_100' title="bbox 477 5066 2057 5149; baseline 0.006 -28"><span class='ocrx_word' id='word_1_785' title='bbox 477 5066 789 5149; x_wconf 72' lang='lat' dir='ltr'><strong>(a)_Qcculto</strong></span> <span class='ocrx_word' id='word_1_786' title='bbox 801 5068 1016 5149; x_wconf 71' lang='lat' dir='ltr'><strong>judicio</strong></span> <span class='ocrx_word' id='word_1_787' title='bbox 1035 5071 1162 5149; x_wconf 58' lang='lat' dir='ltr'><strong>Dei.</strong></span> <span class='ocrx_word' id='word_1_788' title='bbox 1186 5070 1265 5149; x_wconf 69' lang='lat' dir='ltr'><strong>Et</strong></span> <span class='ocrx_word' id='word_1_789' title='bbox 1283 5070 1404 5126; x_wconf 67' lang='lat' dir='ltr'><strong>haec</strong></span> <span class='ocrx_word' id='word_1_790' title='bbox 1434 5087 1668 5149; x_wconf 79' lang='lat' dir='ltr'><strong>quoque</strong></span> <span class='ocrx_word' id='word_1_791' title='bbox 1700 5072 1935 5143; x_wconf 89' lang='lat' dir='ltr'><strong>phrasis</strong></span> <span class='ocrx_word' id='word_1_792' title='bbox 1967 5079 2057 5130; x_wconf 90' lang='lat' dir='ltr'><strong>est</strong></span> 
     </span>
    </p>
   </div>
   <div class='ocr_carea' id='block_1_101' title="bbox 405 5137 2057 5217">
    <p class='ocr_par' dir='ltr' id='par_1_101' title="bbox 405 5137 2057 5217">
     <span class='ocr_line' id='line_1_101' title="bbox 405 5137 2057 5217; baseline 0.005 -23"><span class='ocrx_word' id='word_1_793' title='bbox 405 5137 867 5217; x_wconf 77' lang='lat' dir='ltr'><strong>familiarissima</strong></span> <span class='ocrx_word' id='word_1_794' title='bbox 901 5145 1076 5217; x_wconf 84' lang='lat' dir='ltr'><strong>Lupo.</strong></span> <span class='ocrx_word' id='word_1_795' title='bbox 1107 5141 1402 5217; x_wconf 56' lang='lat' dir='ltr'><strong>Epist-1v,</strong></span> <span class='ocrx_word' id='word_1_796' title='bbox 1435 5137 2057 5217; x_wconf 45' lang='grc' dir='ltr'><strong>ῥεθύξοιιαηῳιατη</strong></span> 
     </span>
    </p>
   </div>
   <div class='ocr_carea' id='block_1_102' title="bbox 403 5211 2051 5286">
    <p class='ocr_par' dir='ltr' id='par_1_102' title="bbox 403 5211 2051 5286">
     <span class='ocr_line' id='line_1_102' title="bbox 403 5211 2051 5286; baseline 0.004 -21"><span class='ocrx_word' id='word_1_797' title='bbox 403 5211 630 5286; x_wconf 82' lang='lat' dir='ltr'><strong>occulto,</strong></span> <span class='ocrx_word' id='word_1_798' title='bbox 653 5212 886 5286; x_wconf 77' lang='lat' dir='ltr'><strong>minime</strong></span> <span class='ocrx_word' id='word_1_799' title='bbox 912 5211 1097 5266; x_wconf 86' lang='lat' dir='ltr'><strong>tamen</strong></span> <span class='ocrx_word' id='word_1_800' title='bbox 1122 5211 1323 5286; x_wconf 68' lang='lat' dir='ltr'><strong>injuste</strong></span> <span class='ocrx_word' id='word_1_801' title='bbox 1347 5211 1579 5286; x_wconf 74' lang='lat' dir='ltr'><strong>judicio.</strong></span> <span class='ocrx_word' id='word_1_802' title='bbox 1613 5211 1796 5286; x_wconf 80' lang='lat' dir='ltr'><strong>Epist.</strong></span> <span class='ocrx_word' id='word_1_803' title='bbox 1830 5211 2051 5285; x_wconf 73' lang='lat' dir='ltr'><strong>inrxw,</strong></span> 
     </span>
    </p>
   </div>
   <div class='ocr_carea' id='block_1_103' title="bbox 404 5281 2057 5407">
    <p class='ocr_par' dir='ltr' id='par_1_103' title="bbox 404 5281 2057 5407">
     <span class='ocr_line' id='line_1_103' title="bbox 404 5281 2057 5407; baseline 0.004 -70"><span class='ocrx_word' id='word_1_804' title='bbox 404 5298 536 5407; x_wconf 42' lang='lat' dir='ltr'><strong>pii}.</strong></span> <span class='ocrx_word' id='word_1_805' title='bbox 570 5282 695 5365; x_wconf 41' lang='lat'><strong>.496.</strong></span> <span class='ocrx_word' id='word_1_806' title='bbox 734 5283 844 5362; x_wconf 80' lang='lat' dir='ltr'><strong>Diu</strong></span> <span class='ocrx_word' id='word_1_807' title='bbox 891 5289 970 5336; x_wconf 73' lang='lat' dir='ltr'><strong>est</strong></span> <span class='ocrx_word' id='word_1_808' title='bbox 1026 5281 1187 5352; x_wconf 76' lang='lat' dir='ltr'><strong>quod</strong></span> <span class='ocrx_word' id='word_1_809' title='bbox 1223 5281 1367 5338; x_wconf 76' lang='lat' dir='ltr'><strong>Deus</strong></span> <span class='ocrx_word' id='word_1_810' title='bbox 1424 5281 1818 5368; x_wconf 50' lang='lat' dir='ltr'><strong>occultofjusto</strong></span> <span class='ocrx_word' id='word_1_811' title='bbox 1876 5281 2057 5343; x_wconf 81' lang='lat' dir='ltr'><strong>tamen</strong></span> 
     </span>
     <span class='ocr_line' id='line_1_104' title="bbox 404 5352 2048 5407; baseline 0 0"><span class='ocrx_word' id='word_1_812' title='bbox 404 5369 423 5407; x_wconf 82' lang='lat'><strong><em>1</em></strong></span> <span class='ocrx_word' id='word_1_813' title='bbox 506 5369 630 5407; x_wconf 72' lang='lat' dir='ltr'><strong>tcto.</strong></span> <span class='ocrx_word' id='word_1_814' title='bbox 665 5352 848 5407; x_wconf 85' lang='lat' dir='ltr'><strong>Emst.</strong></span> <span class='ocrx_word' id='word_1_815' title='bbox 883 5367 1112 5407; x_wconf 85' lang='lat' dir='ltr'><strong>cxxvm.</strong></span> <span class='ocrx_word' id='word_1_816' title='bbox 1163 5368 1296 5407; x_wconf 67' lang='lat' dir='ltr'><strong>nae.</strong></span> <span class='ocrx_word' id='word_1_817' title='bbox 1351 5353 1470 5407; x_wconf 79' lang='grc'><strong>186.</strong></span> <span class='ocrx_word' id='word_1_818' title='bbox 1521 5369 1768 5407; x_wconf 79' lang='lat' dir='ltr'><strong>auamvzs</strong></span> <span class='ocrx_word' id='word_1_819' title='bbox 1823 5360 2048 5407; x_wconf 49' lang='lat' dir='ltr'><strong>occulto-</strong></span> 
     </span>
    </p>
   </div>
   <div class='ocr_carea' id='block_1_104' title="bbox 397 5352 2050 5428">
    <p class='ocr_par' dir='ltr' id='par_1_104' title="bbox 397 5352 2050 5428">
     <span class='ocr_line' id='line_1_105' title="bbox 397 5352 2050 5428; baseline 0.004 -21"><span class='ocrx_word' id='word_1_820' title='bbox 397 5352 630 5428; x_wconf 70' lang='lat' dir='ltr'><strong>judicio.</strong></span> <span class='ocrx_word' id='word_1_821' title='bbox 665 5352 1131 5428; x_wconf 26' lang='lat' dir='ltr'><strong>Epist.‘c_x_xvm,_</strong></span> <span class='ocrx_word' id='word_1_822' title='bbox 1163 5368 1296 5428; x_wconf 79' lang='lat' dir='ltr'><strong>pag.</strong></span> <span class='ocrx_word' id='word_1_823' title='bbox 1351 5353 1470 5420; x_wconf 79' lang='grc'><strong>186,</strong></span> <span class='ocrx_word' id='word_1_824' title='bbox 1521 5352 1768 5425; x_wconf 80' lang='lat' dir='ltr'><strong>quamvis</strong></span> <span class='ocrx_word' id='word_1_825' title='bbox 1823 5360 2050 5428; x_wconf 85' lang='lat' dir='ltr'><strong>occulto,</strong></span> 
     </span>
    </p>
   </div>
   <div class='ocr_carea' id='block_1_105' title="bbox 395 5421 2053 5506">
    <p class='ocr_par' dir='ltr' id='par_1_105' title="bbox 395 5421 2053 5506">
     <span class='ocr_line' id='line_1_106' title="bbox 395 5421 2053 5506; baseline 0.005 -29"><span class='ocrx_word' id='word_1_826' title='bbox 395 5421 543 5494; x_wconf 51' lang='lat' dir='ltr'><strong>&#39;justo</strong></span> <span class='ocrx_word' id='word_1_827' title='bbox 826 5421 1275 5506; x_wconf 67' lang='lat' dir='ltr'><strong>judicio._Epis£</strong></span> <span class='ocrx_word' id='word_1_828' title='bbox 1308 5439 1497 5506; x_wconf 44' lang='lat' dir='ltr'><strong>axitia,</strong></span> <span class='ocrx_word' id='word_1_829' title='bbox 1529 5421 1663 5506; x_wconf 63' lang='lat' dir='ltr'><strong>pag.</strong></span> <span class='ocrx_word' id='word_1_830' title='bbox 1699 5427 1819 5506; x_wconf 39' lang='lat'><strong>1.91“,</strong></span> <span class='ocrx_word' id='word_1_831' title='bbox 1873 5421 2053 5501; x_wconf 58' lang='lat' dir='ltr'><strong>quan;</strong></span> 
     </span>
    </p>
   </div>
   <div class='ocr_carea' id='block_1_106' title="bbox 403 5494 2050 5618">
    <p class='ocr_par' dir='ltr' id='par_1_106' title="bbox 403 5494 2050 5618">
     <span class='ocr_line' id='line_1_107' title="bbox 403 5494 2050 5618; baseline 0.007 -72"><span class='ocrx_word' id='word_1_832' title='bbox 403 5509 572 5618; x_wconf 42' lang='grc' dir='ltr'><strong>ἔξω</strong></span> <span class='ocrx_word' id='word_1_833' title='bbox 616 5495 840 5575; x_wconf 75' lang='lat' dir='ltr'><strong>occulto,</strong></span> <span class='ocrx_word' id='word_1_834' title='bbox 863 5494 1013 5566; x_wconf 86' lang='lat' dir='ltr'><strong>justo</strong></span> <span class='ocrx_word' id='word_1_835' title='bbox 1069 5501 1252 5576; x_wconf 75' lang='lat' dir='ltr'><strong>tamen</strong></span> <span class='ocrx_word' id='word_1_836' title='bbox 1295 5494 1547 5577; x_wconf 58' lang='lat' dir='ltr'><strong>judiciof</strong></span> <span class='ocrx_word' id='word_1_837' title='bbox 1563 5494 1658 5551; x_wconf 85' lang='lat' dir='ltr'><strong>Sic</strong></span> <span class='ocrx_word' id='word_1_838' title='bbox 1717 5494 1894 5554; x_wconf 68' lang='lat' dir='ltr'><strong>ini&#39;ra&#39;</strong></span> <span class='ocrx_word' id='word_1_839' title='bbox 1917 5517 2050 5574; x_wconf 89' lang='lat' dir='ltr'><strong>pag.</strong></span> 
     </span>
     <span class='ocr_line' id='line_1_108' title="bbox 518 5565 2050 5618; baseline 0 0"><span class='ocrx_word' id='word_1_840' title='bbox 518 5603 531 5617; x_wconf 94' lang='lat'><strong>.</strong></span> <span class='ocrx_word' id='word_1_841' title='bbox 563 5565 734 5618; x_wconf 76' lang='lat' dir='ltr'><strong>Cuius</strong></span> <span class='ocrx_word' id='word_1_842' title='bbox 763 5581 1079 5618; x_wconf 84' lang='lat' dir='ltr'><strong>auanauam</strong></span> <span class='ocrx_word' id='word_1_843' title='bbox 1104 5572 1176 5618; x_wconf 75' lang='lat' dir='ltr'><strong>stt</strong></span> <span class='ocrx_word' id='word_1_844' title='bbox 1199 5565 1430 5618; x_wconf 72' lang='lat' dir='ltr'><strong>subinde</strong></span> <span class='ocrx_word' id='word_1_845' title='bbox 1457 5567 1746 5618; x_wconf 85' lang='lat' dir='ltr'><strong>occultum-</strong></span> <span class='ocrx_word' id='word_1_846' title='bbox 1768 5586 2050 5618; x_wconf 79' lang='lat' dir='ltr'><strong>nunnuam</strong></span> 
     </span>
    </p>
   </div>
   <div class='ocr_carea' id='block_1_107' title="bbox 518 5564 2054 5643">
    <p class='ocr_par' dir='ltr' id='par_1_107' title="bbox 518 5564 2054 5643">
     <span class='ocr_line' id='line_1_109' title="bbox 518 5564 2054 5643; baseline 0.007 -26"><span class='ocrx_word' id='word_1_847' title='bbox 518 5603 531 5617; x_wconf 96' lang='lat'><strong>.</strong></span> <span class='ocrx_word' id='word_1_848' title='bbox 563 5564 734 5634; x_wconf 87' lang='lat' dir='ltr'><strong>Cujus</strong></span> <span class='ocrx_word' id='word_1_849' title='bbox 763 5564 1079 5640; x_wconf 81' lang='lat' dir='ltr'><strong>quanquam</strong></span> <span class='ocrx_word' id='word_1_850' title='bbox 1104 5566 1176 5622; x_wconf 83' lang='lat' dir='ltr'><strong>sit</strong></span> <span class='ocrx_word' id='word_1_851' title='bbox 1199 5564 1430 5622; x_wconf 77' lang='lat' dir='ltr'><strong>subinde</strong></span> <span class='ocrx_word' id='word_1_852' title='bbox 1457 5567 1746 5640; x_wconf 83' lang='lat' dir='ltr'><strong>occultum,</strong></span> <span class='ocrx_word' id='word_1_853' title='bbox 1768 5564 2054 5643; x_wconf 63' lang='lat' dir='ltr'><strong>nunquam</strong></span> 
     </span>
    </p>
   </div>
   <div class='ocr_carea' id='block_1_108' title="bbox 2167 4542 3774 4619">
    <p class='ocr_par' dir='ltr' id='par_1_108' title="bbox 2167 4542 3774 4619">
     <span class='ocr_line' id='line_1_110' title="bbox 2167 4542 3774 4619; baseline -0.002 -22"><span class='ocrx_word' id='word_1_854' title='bbox 2167 4542 2276 4599; x_wconf 90' lang='lat' dir='ltr'><strong>rito</strong></span> <span class='ocrx_word' id='word_1_855' title='bbox 2298 4543 2411 4599; x_wconf 90' lang='lat' dir='ltr'><strong>dici</strong></span> <span class='ocrx_word' id='word_1_856' title='bbox 2435 4546 2675 4616; x_wconf 90' lang='lat' dir='ltr'><strong>possent</strong></span> <span class='ocrx_word' id='word_1_857' title='bbox 2705 4559 2932 4610; x_wconf 88' lang='lat' dir='ltr'><strong>omnes,</strong></span> <span class='ocrx_word' id='word_1_858' title='bbox 2956 4545 3174 4618; x_wconf 86' lang='lat' dir='ltr'><strong>quique</strong></span> <span class='ocrx_word' id='word_1_859' title='bbox 3195 4545 3256 4600; x_wconf 90' lang='lat' dir='ltr'><strong>in</strong></span> <span class='ocrx_word' id='word_1_860' title='bbox 3279 4544 3381 4602; x_wconf 89' lang='lat' dir='ltr'><strong>illo</strong></span> <span class='ocrx_word' id='word_1_861' title='bbox 3410 4542 3774 4619; x_wconf 81' lang='lat' dir='ltr'><strong>gloriﬁcabant</strong></span> 
     </span>
    </p>
   </div>
   <div class='ocr_carea' id='block_1_109' title="bbox 2165 4630 3770 4706">
    <p class='ocr_par' dir='ltr' id='par_1_109' title="bbox 2165 4630 3770 4706">
     <span class='ocr_line' id='line_1_111' title="bbox 2165 4630 3770 4706; baseline -0.001 -19"><span class='ocrx_word' id='word_1_862' title='bbox 2165 4633 2348 4688; x_wconf 91' lang='lat' dir='ltr'><strong>Deum</strong></span> <span class='ocrx_word' id='word_1_863' title='bbox 2379 4632 2535 4704; x_wconf 89' lang='lat' dir='ltr'><strong>quod</strong></span> <span class='ocrx_word' id='word_1_864' title='bbox 2566 4632 3027 4704; x_wconf 88' lang='lat' dir='ltr'><strong>persecutionem</strong></span> <span class='ocrx_word' id='word_1_865' title='bbox 3059 4632 3470 4706; x_wconf 69' lang='lat' dir='ltr'><strong>praedicatione</strong></span> <span class='ocrx_word' id='word_1_866' title='bbox 3506 4630 3770 4688; x_wconf 76' lang='lat' dir='ltr'><strong>mutasset.</strong></span> 
     </span>
    </p>
   </div>
   <div class='ocr_carea' id='block_1_110' title="bbox 2164 4714 3774 4793">
    <p class='ocr_par' dir='ltr' id='par_1_110' title="bbox 2164 4714 3774 4793">
     <span class='ocr_line' id='line_1_112' title="bbox 2164 4714 3774 4793; baseline -0.001 -17"><span class='ocrx_word' id='word_1_867' title='bbox 2164 4721 2486 4777; x_wconf 88' lang='lat' dir='ltr'><strong>Possumus</strong></span> <span class='ocrx_word' id='word_1_868' title='bbox 2517 4720 2714 4788; x_wconf 90' lang='lat' dir='ltr'><strong>etiam,</strong></span> <span class='ocrx_word' id='word_1_869' title='bbox 2747 4723 2846 4793; x_wconf 87' lang='lat' dir='ltr'><strong>qui</strong></span> <span class='ocrx_word' id='word_1_870' title='bbox 2867 4722 2986 4777; x_wconf 89' lang='lat' dir='ltr'><strong>vult</strong></span> <span class='ocrx_word' id='word_1_871' title='bbox 3011 4738 3192 4778; x_wconf 82' lang='lat' dir='ltr'><strong>omnes</strong></span> <span class='ocrx_word' id='word_1_872' title='bbox 3216 4723 3462 4780; x_wconf 81' lang='lat' dir='ltr'><strong>homines</strong></span> <span class='ocrx_word' id='word_1_873' title='bbox 3489 4722 3652 4777; x_wconf 87' lang='lat' dir='ltr'><strong>salvos</strong></span> <span class='ocrx_word' id='word_1_874' title='bbox 3675 4714 3774 4788; x_wconf 70' lang='lat' dir='ltr'><strong>ﬁeri</strong></span> 
     </span>
    </p>
   </div>
   <div class='ocr_carea' id='block_1_111' title="bbox 2164 4799 3770 4882">
    <p class='ocr_par' dir='ltr' id='par_1_111' title="bbox 2164 4799 3770 4882">
     <span class='ocr_line' id='line_1_113' title="bbox 2164 4799 3770 4882; baseline -0.007 -17"><span class='ocrx_word' id='word_1_875' title='bbox 2164 4811 2212 4879; x_wconf 90' lang='grc' dir='ltr'><strong>(ι</strong></span> <span class='ocrx_word' id='word_1_876' title='bbox 2247 4813 2390 4865; x_wconf 86' lang='lat' dir='ltr'><strong>Tim.</strong></span> <span class='ocrx_word' id='word_1_877' title='bbox 2423 4812 2509 4878; x_wconf 84' lang='lat' dir='ltr'><strong>Il),</strong></span> <span class='ocrx_word' id='word_1_878' title='bbox 2537 4807 2619 4863; x_wconf 88' lang='lat' dir='ltr'><strong>sic</strong></span> <span class='ocrx_word' id='word_1_879' title='bbox 2641 4825 2785 4864; x_wconf 89' lang='lat' dir='ltr'><strong>sano</strong></span> <span class='ocrx_word' id='word_1_880' title='bbox 2809 4825 2984 4865; x_wconf 89' lang='lat' dir='ltr'><strong>sensu</strong></span> <span class='ocrx_word' id='word_1_881' title='bbox 3019 4809 3365 4882; x_wconf 73' lang='lat' dir='ltr'><strong>intelligam,</strong></span> <span class='ocrx_word' id='word_1_882' title='bbox 3389 4809 3541 4882; x_wconf 91' lang='lat' dir='ltr'><strong>quod</strong></span> <span class='ocrx_word' id='word_1_883' title='bbox 3561 4825 3624 4864; x_wconf 81' lang='lat' dir='ltr'><strong>ex</strong></span> <span class='ocrx_word' id='word_1_884' title='bbox 3641 4799 3770 4861; x_wconf 90' lang='lat' dir='ltr'><strong>omni</strong></span> 
     </span>
    </p>
   </div>
   <div class='ocr_carea' id='block_1_112' title="bbox 2162 4895 3770 4972">
    <p class='ocr_par' dir='ltr' id='par_1_112' title="bbox 2162 4895 3770 4972">
     <span class='ocr_line' id='line_1_114' title="bbox 2162 4895 3770 4972; baseline -0.004 -18"><span class='ocrx_word' id='word_1_885' title='bbox 2162 4913 2373 4972; x_wconf 86' lang='lat' dir='ltr'><strong>genere</strong></span> <span class='ocrx_word' id='word_1_886' title='bbox 2398 4895 2706 4952; x_wconf 89' lang='lat' dir='ltr'><strong>hominum</strong></span> <span class='ocrx_word' id='word_1_887' title='bbox 2735 4895 2970 4970; x_wconf 85' lang='lat' dir='ltr'><strong>colligat</strong></span> <span class='ocrx_word' id='word_1_888' title='bbox 2988 4898 3060 4953; x_wconf 86' lang='lat' dir='ltr'><strong>ad</strong></span> <span class='ocrx_word' id='word_1_889' title='bbox 3085 4897 3360 4970; x_wconf 89' lang='lat' dir='ltr'><strong>salutem,</strong></span> <span class='ocrx_word' id='word_1_890' title='bbox 3376 4898 3484 4954; x_wconf 93' lang='lat' dir='ltr'><strong>hoc</strong></span> <span class='ocrx_word' id='word_1_891' title='bbox 3495 4900 3599 4962; x_wconf 89' lang='lat' dir='ltr'><strong>est,</strong></span> <span class='ocrx_word' id='word_1_892' title='bbox 3622 4906 3770 4966; x_wconf 86' lang='lat' dir='ltr'><strong>quos-</strong></span> 
     </span>
    </p>
   </div>
   <div class='ocr_carea' id='block_1_113' title="bbox 2163 5074 3061 5158">
    <p class='ocr_par' dir='ltr' id='par_1_113' title="bbox 2163 5074 3061 5158">
     <span class='ocr_line' id='line_1_115' title="bbox 2163 5074 3061 5158; baseline -0.006 -24"><span class='ocrx_word' id='word_1_893' title='bbox 2163 5083 2449 5158; x_wconf 70' lang='lat' dir='ltr'><strong>tamen_est</strong></span> <span class='ocrx_word' id='word_1_894' title='bbox 2477 5075 2744 5158; x_wconf 63' lang='lat' dir='ltr'><strong>injustam</strong></span> <span class='ocrx_word' id='word_1_895' title='bbox 2763 5074 3061 5156; x_wconf 75' lang='lat' dir='ltr'><strong>judicium.</strong></span> 
     </span>
    </p>
   </div>
   <div class='ocr_carea' id='block_1_114' title="bbox 2235 5137 3769 5220">
    <p class='ocr_par' dir='ltr' id='par_1_114' title="bbox 2235 5137 3769 5220">
     <span class='ocr_line' id='line_1_116' title="bbox 2235 5137 3769 5220; baseline -0.008 -16"><span class='ocrx_word' id='word_1_896' title='bbox 2235 5149 2309 5220; x_wconf 78' lang='grc' dir='ltr'><strong>(ὁ)</strong></span> <span class='ocrx_word' id='word_1_897' title='bbox 2331 5137 2672 5220; x_wconf 76' lang='lat' dir='ltr'><strong>Secretipei.</strong></span> <span class='ocrx_word' id='word_1_898' title='bbox 2698 5137 2920 5218; x_wconf 75' lang='lat' dir='ltr'><strong>Quippe</strong></span> <span class='ocrx_word' id='word_1_899' title='bbox 2956 5148 3182 5220; x_wconf 81' lang='lat' dir='ltr'><strong>secreta</strong></span> <span class='ocrx_word' id='word_1_900' title='bbox 3201 5143 3302 5201; x_wconf 90' lang='lat' dir='ltr'><strong>Dei</strong></span> <span class='ocrx_word' id='word_1_901' title='bbox 3325 5143 3659 5220; x_wconf 74' lang='lat' dir='ltr'><strong>investigare</strong></span> <span class='ocrx_word' id='word_1_902' title='bbox 3686 5137 3769 5192; x_wconf 87' lang='lat' dir='ltr'><strong>ho-</strong></span> 
     </span>
    </p>
   </div>
   <div class='ocr_carea' id='block_1_115' title="bbox 2165 5215 3766 5288">
    <p class='ocr_par' dir='ltr' id='par_1_115' title="bbox 2165 5215 3766 5288">
     <span class='ocr_line' id='line_1_117' title="bbox 2165 5215 3766 5288; baseline -0.004 -14"><span class='ocrx_word' id='word_1_903' title='bbox 2165 5215 2383 5274; x_wconf 85' lang='lat' dir='ltr'><strong>minem</strong></span> <span class='ocrx_word' id='word_1_904' title='bbox 2408 5234 2520 5288; x_wconf 91' lang='lat' dir='ltr'><strong>non</strong></span> <span class='ocrx_word' id='word_1_905' title='bbox 2543 5218 2736 5285; x_wconf 89' lang='lat' dir='ltr'><strong>decet;</strong></span> <span class='ocrx_word' id='word_1_906' title='bbox 2757 5215 2829 5272; x_wconf 77' lang='lat' dir='ltr'><strong>ut</strong></span> <span class='ocrx_word' id='word_1_907' title='bbox 2840 5215 3318 5288; x_wconf 11' lang='lat' dir='ltr'><strong>gravitergmonet</strong></span> <span class='ocrx_word' id='word_1_908' title='bbox 3345 5215 3641 5272; x_wconf 81' lang='lat' dir='ltr'><strong>Salvianus</strong></span> <span class='ocrx_word' id='word_1_909' title='bbox 3658 5221 3766 5288; x_wconf 56' lang='lat' dir='ltr'><strong>p98-</strong></span> 
     </span>
    </p>
   </div>
   <div class='ocr_carea' id='block_1_116' title="bbox 2163 5284 3770 5359">
    <p class='ocr_par' dir='ltr' id='par_1_116' title="bbox 2163 5284 3770 5359">
     <span class='ocr_line' id='line_1_118' title="bbox 2163 5284 3770 5359; baseline -0.005 -14"><span class='ocrx_word' id='word_1_910' title='bbox 2163 5291 2250 5359; x_wconf 69' lang='grc'><strong>44,</strong></span> <span class='ocrx_word' id='word_1_911' title='bbox 2285 5287 2557 5346; x_wconf 87' lang='lat' dir='ltr'><strong>editionis</strong></span> <span class='ocrx_word' id='word_1_912' title='bbox 2589 5292 2821 5359; x_wconf 59' lang='lat' dir='ltr'><strong>nostris,</strong></span> <span class='ocrx_word' id='word_1_913' title='bbox 2845 5284 2991 5359; x_wconf 66' lang='lat' dir='ltr'><strong>nam</strong></span> <span class='ocrx_word' id='word_1_914' title='bbox 3021 5286 3276 5359; x_wconf 86' lang='lat' dir='ltr'><strong>Salviani</strong></span> <span class='ocrx_word' id='word_1_915' title='bbox 3307 5287 3466 5342; x_wconf 90' lang='lat' dir='ltr'><strong>locus</strong></span> <span class='ocrx_word' id='word_1_916' title='bbox 3495 5284 3770 5353; x_wconf 80' lang='lat' dir='ltr'><strong>corruptus</strong></span> 
     </span>
    </p>
   </div>
   <div class='ocr_carea' id='block_1_117' title="bbox 2163 5357 3385 5433">
    <p class='ocr_par' dir='ltr' id='par_1_117' title="bbox 2163 5357 3385 5433">
     <span class='ocr_line' id='line_1_119' title="bbox 2163 5357 3385 5433; baseline -0.004 -17"><span class='ocrx_word' id='word_1_917' title='bbox 2163 5357 2620 5433; x_wconf 20' lang='lat' dir='ltr'><strong>ac‘depravatus</strong></span> <span class='ocrx_word' id='word_1_918' title='bbox 2641 5358 2818 5433; x_wconf 80' lang='lat' dir='ltr'><strong>estin</strong></span> <span class='ocrx_word' id='word_1_919' title='bbox 2850 5357 2982 5414; x_wconf 89' lang='lat' dir='ltr'><strong>aliis</strong></span> <span class='ocrx_word' id='word_1_920' title='bbox 3007 5357 3385 5433; x_wconf 67' lang='lat' dir='ltr'><strong>editionibus.</strong></span> 
     </span>
    </p>
   </div>
   <div class='ocr_carea' id='block_1_118' title="bbox 2235 5422 3770 5504">
    <p class='ocr_par' dir='ltr' id='par_1_118' title="bbox 2235 5422 3770 5504">
     <span class='ocr_line' id='line_1_120' title="bbox 2235 5422 3770 5504; baseline -0.012 -15"><span class='ocrx_word' id='word_1_921' title='bbox 2235 5432 2302 5504; x_wconf 91' lang='lat' dir='ltr'><strong>(c)</strong></span> <span class='ocrx_word' id='word_1_922' title='bbox 2330 5422 2497 5504; x_wconf 61' lang='lat' dir='ltr'><strong>Cujus</strong></span> <span class='ocrx_word' id='word_1_923' title='bbox 2526 5428 3218 5504; x_wconf 61' lang='lat' dir='ltr'><strong>vultmiseretur.Eadem</strong></span> <span class='ocrx_word' id='word_1_924' title='bbox 3262 5422 3770 5504; x_wconf 71' lang='lat' dir='ltr'><strong>verba_repetuntur</strong></span> 
     </span>
    </p>
   </div>
   <div class='ocr_carea' id='block_1_119' title="bbox 2161 5499 3498 5576">
    <p class='ocr_par' dir='ltr' id='par_1_119' title="bbox 2161 5499 3498 5576">
     <span class='ocr_line' id='line_1_121' title="bbox 2161 5499 3498 5576; baseline -0.007 -15"><span class='ocrx_word' id='word_1_925' title='bbox 2161 5503 2220 5561; x_wconf 91' lang='lat' dir='ltr'><strong>in</strong></span> <span class='ocrx_word' id='word_1_926' title='bbox 2247 5499 2422 5576; x_wconf 56' lang='lat' dir='ltr'><strong>epist}</strong></span> <span class='ocrx_word' id='word_1_927' title='bbox 2459 5502 2578 5569; x_wconf 78' lang='lat'><strong>128,</strong></span> <span class='ocrx_word' id='word_1_928' title='bbox 2613 5503 2671 5556; x_wconf 91' lang='lat' dir='ltr'><strong>et</strong></span> <span class='ocrx_word' id='word_1_929' title='bbox 2701 5500 2760 5555; x_wconf 90' lang='lat' dir='ltr'><strong>in</strong></span> <span class='ocrx_word' id='word_1_930' title='bbox 2791 5499 3172 5567; x_wconf 88' lang='lat' dir='ltr'><strong>Collectaneo,</strong></span> <span class='ocrx_word' id='word_1_931' title='bbox 3204 5517 3335 5574; x_wconf 88' lang='lat' dir='ltr'><strong>pag.</strong></span> <span class='ocrx_word' id='word_1_932' title='bbox 3362 5499 3498 5554; x_wconf 82' lang='lat'><strong>252.</strong></span> 
     </span>
    </p>
   </div>
  </div>
