3956 6160
165 308 288 372 637

1234 302 1380 366 LIB.
1427 303 1530 366 DE
1571 301 1857 366 TRIBUS
1901 303 2522 378 QUESTIONIBUS.

3465 304 3588 374 638

161 443 308 500 dam
326 439 668 499 Judteorum
685 441 862 511 atque
874 433 1498 511 gentilium,quosdam
1517 434 1825 508 utriusque
1855 437 1907 504 Α
1937 440 2003 492 ut
2031 435 2312 494 salutaria
2339 435 2540 510 velint,
2571 440 2628 496 et
2659 437 2718 495 in
2750 436 2834 496 eis
2862 436 3199 513 proficiant;
3223 445 3496 515 operatur
3524 445 3586 502 in

163 549 372 598 sexus,
404 529 722 586 nonnullos
752 527 1206 600 magistratuum
1237 528 1294 581 et
1322 524 1823 597 privatorum,ali-

162 638 322 694 quos
354 619 729 676 dominorum
761 621 933 689 atque
963 631 1283 680 servorum,
1318 613 1462 670 alios
1494 613 1823 686 ingenioso-

160 728 302 766 rum
337 715 518 782 atque
546 707 847 773 hebetum,
879 709 936 761 et
963 720 1446 778 quarumcunque
1478 701 1825 759 differentia-

159 816 303 855 rum
333 797 608 854 homines
637 798 888 867 possunt
909 811 942 850 a
967 792 1260 850 subtiliter
1290 791 1824 864 contemplantibus

161 883 684 960 deprehendi,qui
732 882 998 939 omnium
1036 881 1317 937 vocabulo
1366 899 1482 936 non
1533 879 1825 936 immerito

161 979 548 1033 censeantur.
583 972 885 1045 Siquidem
915 971 1119 1027 eadem
1152 971 1388 1026 notione
1427 970 1582 1026 idem
1613 985 1826 1025 nomen

160 1066 229 1121 in
279 1061 596 1136 Evangelio
640 1062 828 1118 Lucas
876 1060 1117 1133 posuit:
1163 1060 1253 1118 Vae
1297 1061 1466 1128 vobis,
1520 1059 1821 1123 Pharisaei,

163 1155 270 1228 qui
337 1153 624 1209 decimatis
688 1151 964 1206 mentham
1034 1158 1084 1205 et
1145 1158 1328 1205 rutam
1389 1158 1441 1206 et
1497 1165 1654 1205 omne
1709 1148 1827 1204 olus

169 1241 327 1314 (Luc.
362 1240 465 1311 xx).
494 1239 694 1312 Neque
723 1238 880 1293 enim
909 1236 1177 1293 omnium
1217 1253 1497 1310 generum
1547 1235 1677 1292 olus
1725 1253 1830 1308 per

168 1344 415 1387 omnem
449 1332 614 1383 terra:
645 1325 1096 1399 amplitudinem
1126 1325 1403 1382 Pharisaei
1433 1324 1822 1382 decimabant:

169 1419 275 1474 sed
309 1434 487 1474 omne
517 1415 849 1484 olus,omne
879 1431 1066 1488 genus
1089 1413 1312 1471 olerum
1337 1415 1492 1486 quod
1506 1413 1825 1480 habebant,

168 1512 264 1563 est
290 1507 520 1579 absque
567 1504 843 1576 scrupulo
876 1503 1268 1560 sentiendum.
1317 1503 1432 1559 Nec
1474 1502 1572 1558 ille
1620 1519 1829 1558 sensus

169 1596 454 1652 abhorret
482 1613 517 1651 a
545 1597 780 1662 vero,ut
808 1592 1045 1665 quivult
1069 1592 1336 1649 homines
1349 1591 1538 1648 salvos
1562 1590 1706 1660 ﬁeri,
1727 1591 1828 1663 qui

166 1684 321 1742 velle
343 1701 453 1741 nos
471 1683 628 1752 facit,
643 1698 848 1739 omnes
869 1682 1136 1738 homines
1158 1680 1485 1738 salvoslieri
1499 1681 1828 1754 significare

167 1773 450 1830 voluerit.
483 1772 557 1828 Ut
585 1771 928 1863 quinsumus
960 1771 1179 1863 multos
1204 1775 1458 1836 vocatos,
1472 1787 1690 1863 paucos
1721 1787 1828 1826 au-
1861 1799 1908 1863 Β

168 1867 294 1919 tem
322 1861 566 1928 electos,
599 1859 758 1916 nullo
809 1859 1147 1916 discrimine
1193 1877 1464 1932 separare
1509 1859 1827 1928 valeamus,

173 1967 388 2008 omnes
418 1949 820 2006 indill'erenter
861 1948 1111 2004 velimus
1161 1947 1285 2004 ﬁeri
1333 1947 1543 2004 salvos.
1579 1949 1724 2004 Nam
1777 1952 1835 2004 et

173 2040 235 2097 in
258 2039 540 2096 eumdem
565 2038 803 2094 modum
825 2036 1157 2093 invenimus
1178 2037 1332 2109 apud
1344 2037 1835 2110 Apostolumzlpse

172 2130 414 2202 spiritus
440 2127 680 2200 postulat
704 2143 804 2199 pro
832 2127 988 2182 nobis
1029 2127 1319 2195 gemitibus
1364 2128 1836 2182 inenarrabilibus

176 2220 360 2290 (Rom.
393 2218 480 2288 ιι),
513 2215 624 2272 hoc
661 2220 770 2283 est,
804 2215 1098 2288 postulare
1147 2231 1253 2271 nos
1302 2215 1456 2270 facit.
1492 2216 1650 2271 Hanc
1683 2215 1836 2273 228

175 2312 382 2364 autem
416 2305 813 2378 gratiam,qua
843 2321 950 2360 nos
981 2320 1185 2359 omnes
1217 2303 1315 2376 qui
1345 2303 1640 2360 salvamur
1655 2305 1838 2377 gratis

176 2393 770 2469 eripimur,pluribus
799 2391 1018 2449 relictis
1047 2391 1106 2448 in
1132 2393 1708 2465 damnatione,quam
1733 2410 1839 2449 nos

177 2500 423 2557 quoque
475 2481 820 2550 meruimus,
868 2481 1289 2537 commendans
1339 2498 1441 2536 vas
1489 2481 1836 2538 electionis:

176 2574 339 2628 Sicut
361 2572 528 2642 elegit
557 2586 675 2636 nos,
708 2569 919 2641 inquit,
957 2570 1016 2624 in
1045 2569 1160 2639 ipso
1191 2574 1315 2622 ante
1343 2567 1537 2622 mundi
1579 2570 1841 2624 constitu-

179 2664 415 2727 tionem,
451 2667 512 2715 ut
537 2675 770 2715 essemus
798 2659 978 2714 sancti
1003 2665 1053 2713 et
1083 2657 1426 2712 immaculati
1456 2659 1514 2712 in
1559 2666 1845 2729 conspectu

179 2753 301 2824 ejus
338 2751 400 2805 in
420 2750 704 2813 charitate,
728 2749 826 2820 qui
849 2746 1261 2819 praedestinavit
1284 2762 1380 2802 nos
1412 2748 1470 2802 in
1503 2747 1844 2817 adoptionem

184 2842 444 2911 ﬁliorum
488 2855 590 2910 per
633 2842 822 2895 Jesum
873 2836 1147 2892 Christum
1197 2837 1256 2890 in
1305 2837 1486 2907 ipsum
1529 2836 1740 2907 (Ephes.
1780 2837 1843 2904 ι).

188 2930 272 2986 Ne
305 2929 595 2984 adversus
625 2927 808 2983 Deum
840 2942 910 2982 ex
939 2927 1067 2998 ejus
1097 2941 1340 2980 munere
1370 2923 1846 2991 inflaremur,an-

1933 527 2232 583 mentibus
2262 526 2576 599 impiorum
2604 529 3034 596 deserendo,ne
3065 530 3182 586 nisi
3209 532 3381 588 noxia
3409 533 3589 591 velint

1933 618 1992 670 et
2020 614 2078 668 in
2107 616 2304 687 pejora
2335 614 2628 672 labantur.
2664 617 2723 672 Id
2763 617 3049 689 Propheta
3080 618 3583 694 intelligensorat:

1933 702 2141 776 Adjuva
2168 720 2271 771 me,
2303 712 2354 759 et
2399 706 2584 760 salvus
2634 721 2726 762 ero
2757 705 2924 777 (Psal.
2952 712 3168 775 cxvm).
3203 710 3283 765 De
3323 711 3588 783 reprobis

1933 809 2067 848 vero
2097 797 2306 864 sponte
2335 794 2713 864 peccantibus
2744 795 3117 852 etdeserente
3139 797 3366 867 judicio
3399 801 3587 857 Deiad

1935 880 2223 936 deteriora
2249 881 2553 937 ruentibus
2586 883 2670 937 ait
2695 883 3007 954 Apostolus
3031 901 3045 940 :
3073 885 3218 952 Quia
3246 903 3352 942 non
3387 892 3589 959 proba-

1933 978 2130 1026 verunt
2162 974 2334 1026 Deum
2365 971 2561 1027 habere
2590 973 2650 1026 in
2688 973 2967 1039 notitiam,
3000 973 3232 1031 tradidit
3279 977 3404 1032 illos
3448 979 3590 1036 Deus

1937 1060 1997 1114 in
2022 1060 2313 1130 reprobum
2337 1075 2576 1124 sensum,
2607 1067 2667 1116 ut
2691 1062 2900 1132 faciant
2930 1079 3051 1133 quae
3087 1079 3198 1119 non
3245 1067 3587 1122 conveniunt

1938 1147 2473 1220 (Rom.1).Utrosque
2506 1147 2786 1204 discernit
2813 1148 3103 1216 voluntas,
3125 1150 3214 1207 vel
3247 1152 3589 1211 misericor-

1936 1234 2035 1290 dia
2064 1234 2166 1291 Dei
2195 1235 2509 1308 adjuta,vel
2533 1237 2760 1308 judicio
2787 1254 2904 1292 non
2935 1239 3344 1310 adjuta.Deum
3366 1241 3586 1316 itaque,

1938 1323 2038 1396 qui
2069 1325 2307 1395 adjuvat
2337 1329 2400 1379 ut
2431 1324 2672 1380 bonasit
2686 1324 3054 1395 voluntas,et
3068 1327 3588 1402 voluntatisipsius

1937 1418 1995 1469 et
2024 1413 2291 1468 omnium
2325 1430 2450 1484 qua
2482 1429 2551 1470 ex
2577 1430 2646 1469 ea
2668 1415 2956 1485 prodeunt
2986 1415 3273 1472 bonorum
3295 1435 3517 1475 necnon
3531 1423 3591 1476 et

1939 1518 2064 1574 quae
2078 1503 2200 1558 haac
2219 1501 2379 1558 nullo
2393 1502 2702 1559 dubitante
2723 1508 3167 1576 consequuntur
3190 1508 3585 1578 praemiorum,

1939 1608 2110 1647 nemo
2139 1595 2228 1647 est
2257 1595 2377 1646 tam
2411 1590 2676 1664 ingratus
2707 1591 2807 1664 qui
2823 1610 2937 1647 non
2957 1593 3155 1649 credat
3170 1598 3226 1649 et
3241 1595 3592 1653 confiteatur

1939 1685 2256 1738 auctorem.
2290 1679 2647 1736 Perditorem
2685 1696 2818 1737 vero
2868 1681 3035 1737 malae
3082 1682 3404 1741 voluntatis
3453 1702 3589 1742 eum

1939 1787 2068 1827 esse
2097 1775 2397 1826 auctorem
2429 1785 2600 1826 nemo
2632 1769 3006 1827 nisiinsanus
3019 1775 3077 1827 et
3089 1772 3592 1845 perditusopinari

1940 1857 2196 1914 audebit.
2222 1858 2348 1914 Non
2380 1857 2535 1914 enim
2567 1859 2736 1930 cujus
2765 1857 3034 1916 voluntas
3067 1876 3298 1917 summe
3325 1862 3479 1917 bona
3505 1866 3596 1918 est

1943 1946 2160 2002 malam
2193 1961 2322 2002 esse
2351 1946 2490 2002 facit
2518 1945 2779 2003 alterius.
2809 1950 3024 2004 Auctor
3051 1948 3252 2022 itaque
3289 1950 3444 2006 sicut
3475 1968 3591 2008 non

1943 2039 2031 2092 est
2063 2034 2228 2090 mala;
2259 2034 2580 2091 voluntatis
2609 2035 3036 2108 impiorum,ita
3058 2054 3164 2093 nec
3185 2038 3433 2094 aliorum
3457 2057 3596 2112 quo-

1946 2123 2226 2180 rumlibet
2254 2129 2625 2196 peccatorum
2655 2141 2780 2197 quae
2812 2141 2881 2181 ex
2910 2142 2977 2181 ea
3009 2127 3351 2197 procedunt.
3375 2127 3593 2184 Verum

1947 2213 2045 2285 qui
2080 2230 2194 2269 non
2224 2217 2312 2268 est
2342 2217 2545 2269 auctor
2574 2213 2756 2270 ullius
2786 2213 3026 2270 omnino
3066 2220 3284 2284 reatus,
3317 2221 3408 2272 est
3456 2234 3597 2289 pro-

1947 2303 2094 2358 fecto
2135 2319 2343 2357 censor
2389 2306 2446 2357 et
2486 2302 2686 2372 judex.
2720 2301 2792 2358 Ut
2841 2307 3036 2358 autem
3085 2321 3218 2360 reus
3270 2305 3598 2376 majestatis

1949 2389 2265 2445 damnatus
2295 2407 2410 2445 non
2439 2395 2589 2446 recte
2618 2390 2732 2446 nisi
2764 2391 2875 2447 sibi
2907 2396 3008 2446 aut
3028 2392 3204 2448 sociis
3217 2391 3600 2450 criminisim-

1953 2482 2120 2551 putat
2150 2479 2302 2550 quod
2337 2480 2596 2550 punitur,
2628 2478 2712 2535 ita
2733 2480 2960 2551 judicio
2993 2480 3093 2536 Dei
3135 2481 3452 2539 damnatus
3481 2500 3599 2540 non

1952 2571 2104 2623 recte
2123 2572 2310 2638 potest
2326 2567 2384 2622 in
2403 2585 2536 2624 cum
2557 2567 2831 2640 supplicii
2853 2569 2944 2624 sui
2970 2573 3304 2642 retorquere
3317 2570 3600 2629 invidiam

1953 2655 2046 2711 cui
2079 2672 2448 2728 nequaquam
2477 2657 2628 2712 valet
2671 2657 2900 2714 obicere
2930 2659 3148 2730 peccati
3201 2665 3407 2732 sponte
3455 2679 3489 2716 a
3541 2678 3603 2717 se

1953 2745 2250 2802 commissi
2285 2747 2440 2803 280
2469 2745 2848 2802 calumniam.
2882 2749 3136 2818 Imputet
3167 2749 3344 2821 igitur
3363 2750 3474 2806 sibi
3498 2750 3602 2806 ho-

1954 2850 2070 2900 mo,
2103 2834 2192 2890 vel
2223 2834 2270 2890 si
2317 2835 2507 2906 placet
2555 2835 2815 2896 Diabolo,
2845 2835 2939 2890 cui
2987 2839 3204 2892 temere
3247 2837 3511 2907 credidit,
3546 2843 3605 2895 et

1954 2926 2258 2994 peccatum
2290 2925 2346 2978 et
2371 2921 2686 2978 vindictam
2719 2922 2960 2995 peccati,
2993 2924 3101 2980 hoc
3132 2929 3240 2991 est,
3274 2930 3333 2981 et
3363 2942 3604 2982 causam

190 3025 441 3091 tequam
470 3016 719 3072 oriretur
747 3014 1032 3087 superbia
1063 3013 1512 3086 morbus,quam
1531 3013 1734 3069 efﬁcax
1762 3016 1852 3069 est
1957 3011 2372 3080 damnationis,
2405 3015 2462 3066 et
2489 3010 2678 3082 ipsam
2710 3011 3167 3077 damnationem,
3202 3013 3318 3070 Deo
3366 3031 3498 3071 vero
3547 3020 3606 3071 et

189 3104 527 3163 remedium
559 3100 1138 3175 procuratum.Eligit
1168 3118 1276 3156 nos
1305 3101 1457 3156 Deus
1488 3104 1620 3156 ante
1641 3098 1848 3155 mundi
1885 3165 1918 3175 Α
1959 3098 2179 3154 bonum
2209 3115 2356 3170 opus
2387 3102 2444 3154 et
2473 3099 2671 3170 ipsum
2703 3100 2839 3156 boni
2859 3100 3479 3173 operispraamiumAd
3494 3103 3604 3160 hoc

189 3193 707 3261 constitutionem,
734 3207 851 3246 non
883 3189 1022 3262 quia
1051 3206 1286 3246 eramus
1315 3188 1502 3244 sancti
1533 3192 1591 3244 et
1632 3187 1844 3244 imma-
1878 3165 1920 3231 ί)
1960 3188 2180 3243 bonum
2212 3205 2382 3244 nemo
2415 3187 2607 3244 malus
2628 3188 2740 3244 nisi
2756 3189 3480 3262 discessurusaccessit,ad
3495 3193 3604 3248 hoc

188 3283 512 3346 culati,aut
543 3281 680 3355 quia
711 3279 891 3335 futuri
923 3295 1157 3334 eramus
1185 3279 1368 3333 sancti
1393 3276 1845 3346 etimmaculati,

187 3371 460 3445 alioquin
487 3388 600 3427 non
623 3374 742 3425 tam
757 3386 876 3424 sua;
893 3368 1092 3441 gratia:
1110 3367 1328 3422 donum
1345 3365 1656 3439 largiretur
1668 3383 1847 3439 quam

188 3466 400 3518 nostro
434 3457 642 3515 merito
661 3457 750 3514 vel
765 3455 1032 3530 praesenti
1053 3454 1139 3511 vel
1165 3455 1359 3510 futuro
1372 3453 1679 3526 praemium
1693 3453 1849 3510 velut

188 3567 256 3606 ex
287 3547 496 3604 debito
528 3546 792 3612 referret;
827 3546 929 3601 sed
955 3543 1131 3616 elegit
1160 3559 1268 3598 nos
1317 3546 1450 3598 ante
1479 3541 1846 3598 constitutio-

191 3655 331 3694 nem
364 3635 598 3701 mundi,
639 3640 702 3690 ut
731 3651 996 3691 essemus
1026 3631 1210 3688 sancti
1240 3636 1296 3687 et
1325 3629 1712 3698 immaculati,
1745 3632 1846 3704 qui

187 3728 308 3784 nisi
340 3724 647 3792 vellet,nec
678 3722 780 3779 ulli
814 3722 1051 3795 quidem
1081 3737 1209 3778 esse
1232 3720 1847 3794 possemus.Caaterum

189 3817 539 3886 ubicunque
568 3813 637 3868 de
667 3811 966 3878 electione,
998 3809 1087 3865 vel
1119 3809 1506 3882 praescientia,
1539 3809 1658 3865 sive
1702 3827 1846 3881 prae-

191 3903 590 3961 destinatione
618 3899 876 3974 Apostoli
906 3899 1248 3971 loquuntur,
1279 3896 1618 3970 quicunque
1661 3898 1846 3953 Deum

191 3997 506 4068 propterea
559 3989 806 4063 elegisse
860 3987 1162 4061 praescisse
1231 3991 1334 4042 aut
1401 3985 1849 4058 praedestinasse

190 4079 491 4156 quoslibet
520 4081 793 4135 asserunt
813 4078 968 4150 quod
1001 4075 1318 4149 praescierit
1342 4092 1440 4130 eos
1466 4075 1703 4130 devotos
1735 4074 1848 4130 sibi

190 4171 430 4227 futuros
459 4173 517 4224 et
546 4167 606 4222 in
646 4167 847 4223 eadem
899 4165 1201 4222 devotione
1249 4180 1580 4230 mansuros,
1614 4162 1849 4219 tametsi

191 4260 320 4316 sint
352 4258 412 4314 in
438 4256 570 4313 aliis
616 4271 842 4329 magnae
874 4252 1258 4321 auctoritatis,
1291 4251 1350 4307 in
1400 4251 1508 4308 hac
1557 4251 1850 4308 sententia

191 4365 315 4405 non
367 4349 509 4402 sunt
555 4345 790 4418 penitus
840 4342 1136 4411 audiendi,
1169 4357 1243 4396 ne
1287 4343 1597 4396 evacuetur
1641 4339 1848 4396 divinae

192 4435 400 4509 gratiae
431 4435 676 4501 donum,
711 4432 761 4488 si
793 4432 1117 4489 secundum
1153 4429 1476 4485 humanum
1508 4445 1849 4501 quanquam

1956 3277 2177 3332 bonum
2210 3293 2380 3333 nemo
2409 3278 2600 3334 bonus
2631 3277 2743 3334 nisi
2773 3281 2997 3335 tractus
3015 3279 3603 3353 pervenitSiquidem

1957 3381 2134 3437 quam
2166 3382 2368 3422 verum
2396 3371 2506 3433 est,
2545 3384 2616 3423 ea:
2641 3369 2799 3423 nobis
2841 3369 3116 3433 exierunt,
3147 3367 3238 3424 sed
3283 3385 3391 3426 non
3445 3377 3606 3426 erant

1954 3469 2024 3510 ea:
2052 3454 2209 3510 nobis
2236 3457 2286 3524 (I
2323 3457 2482 3512 Joan.
2515 3460 2598 3523 ιι),
2631 3460 2753 3512 tam
2781 3471 3006 3522 verum,
3038 3471 3196 3512 nemo
3240 3458 3388 3514 venit
3422 3459 3492 3514 ad
3522 3474 3607 3516 me

1955 3544 2067 3598 nisi
2097 3549 2270 3600 Pater
2298 3547 2399 3616 qui
2423 3547 2578 3600 misit
2617 3561 2701 3600 me
2728 3547 2962 3600 traxerit
2988 3561 3114 3600 eum
3143 3546 3321 3614 (Joan.
3361 3550 3463 3616 vx).
3495 3547 3604 3604 Ubi

1958 3632 2218 3704 pravitas
2249 3638 2460 3690 nostras
2492 3637 2735 3701 naturae,
2757 3650 2933 3706 quam
2967 3638 3164 3690 tamen
3195 3633 3479 3692 translato
3506 3652 3603 3692 vo-

1957 3720 2185 3787 cabulo,
2218 3722 2276 3777 id
2325 3727 2436 3788 est,
2467 3721 2786 3795 improprio
2835 3726 3086 3790 utentes,
3121 3726 3393 3779 naturam
3433 3725 3606 3795 juxta

1954 3809 2299 3882 Apostolum
2331 3811 2604 3879 dicimus,
2637 3810 2738 3883 qui
2769 3810 2888 3866 ait:
2921 3812 3151 3868 Eramus
3179 3829 3277 3869 nos
3308 3814 3606 3886 aliquando

1955 3906 2160 3954 natura
2205 3901 2319 3970 ﬁlii
2364 3901 2488 3967 iraa,
2519 3902 2662 3956 sicut
2704 3907 2758 3956 et
2800 3903 2990 3958 caeteri
3027 3901 3242 3973 (Ephes.
3279 3901 3359 3972 ιι),
3391 3919 3604 3959 vocans

1957 3991 2232 4043 naturam
2264 4005 2390 4060 qua:
2424 3988 2637 4045 habeat
2655 3989 2783 4060 jam
2806 3994 3107 4061 peccatum
3131 3991 3286 4061 quod
3312 3990 3388 4046 sit
3403 3995 3607 4047 contra

1955 4078 2388 4142 naturam,cum
2422 4093 2552 4132 vere
2582 4082 2640 4132 et
2668 4077 2902 4149 proprie
2933 4081 3144 4133 natura
3174 4077 3402 4133 dicatur
3421 4077 3607 4134 incor-

1957 4167 2148 4235 rupta,
2175 4164 2230 4218 in
2265 4181 2381 4236 qua
2411 4163 2680 4220 conditus
2711 4169 2800 4220 est
2826 4164 3318 4232 Adam.Pravitas,
3336 4165 3601 4237 inquam,

1957 4256 2170 4307 nostra
2199 4257 2418 4306 natura:
2449 4252 2794 4318 ostenditur,
2831 4269 2958 4325 quae
3004 4257 3067 4308 ut
3106 4253 3244 4308 alibi
3278 4253 3607 4310 declaratur

1953 4357 2120 4396 sensu
2147 4348 2199 4396 et
2227 4342 2549 4411 cogitatione
2576 4341 2753 4396 cordis
2793 4341 2862 4397 ad
2889 4342 3100 4396 malum
3131 4358 3307 4413 prona
3355 4343 3425 4397 ab
3473 4342 3603 4398 ado-

1959 4429 2234 4495 lescentia,
2259 4428 2368 4484 hoc
2389 4433 2498 4497 est,
2530 4445 2598 4484 ex
2627 4445 2742 4500 quo
2769 4433 2960 4501 potest
2992 4428 3359 4485 discretionis
3390 4429 3602 4486 habere

195 4526 466 4581 futurum
502 4522 776 4578 meritum
805 4519 1318 4594 dispensetur.Nec
1347 4517 1728 4590 indignentur
1755 4517 1849 4574 his
1879 4531 1928 4596 ι)
1960 4517 2270 4588 iudicium,
2293 4517 2364 4573 ad
2398 4517 2672 4573 virtutem
2705 4517 2998 4574 reluctans
3026 4517 3278 4574 trahitur
3313 4521 3370 4574 et
3400 4517 3601 4576 invita.

194 4612 454 4688 praeponi
488 4611 830 4684 Apostolum
859 4610 1196 4680 quicunque
1217 4624 1332 4662 non
1359 4607 1631 4663 nesciunt
1657 4606 1717 4661 in
1741 4607 1850 4663 hoc

195 4701 357 4775 loqui
390 4700 588 4774 potius
617 4699 933 4766 Christum,
959 4698 1058 4771 qui
1089 4713 1170 4764 se,
1206 4696 1704 4768 quemadmodum
1736 4700 1846 4763 est,

194 4790 501 4848 veritatem
534 4804 662 4846 esse
692 4792 958 4844 testatur.
982 4786 1051 4842 Hi
1083 4787 1207 4842 sola
1235 4783 1424 4858 gratia
1453 4785 1847 4856 prmdestinati

197 4885 338 4936 sunt
368 4878 676 4948 omnes,de
705 4877 922 4949 quibus
953 4875 1034 4931 ait
1063 4874 1326 4932 Salvator
1358 4889 1370 4927 :
1407 4872 1590 4929 Omnis
1619 4875 1719 4945 qui
1745 4891 1848 4929 au-

197 4969 336 5025 divit
365 4986 401 5023 a
430 4970 596 5023 Patre
623 4974 675 5022 et
698 4965 912 5031 didicit,
943 4966 1119 5021 veniet
1147 4963 1219 5019 ad
1265 4978 1353 5018 me
1383 4963 1554 5034 (Joan.
1587 4963 1683 5034 νι).
1720 4963 1849 5018 Haec

199 5061 397 5113 autem
428 5055 639 5112 salutis
663 5053 1075 5126 doctrina,qua
1098 5051 1330 5108 venitur
1359 5051 1429 5106 ad
1460 5050 1710 5123 gratiam
1735 5051 1849 5107 sal-

199 5146 412 5211 vantis,
439 5143 607 5200 valde
639 5144 793 5200 229
825 5147 1047 5198 remota
1072 5145 1161 5198 est
1189 5158 1224 5197 a
1268 5138 1538 5196 sensibus
1570 5139 1849 5212 corporis.

200 5232 322 5290 Non
357 5231 602 5289 auribus
633 5229 1090 5304 apprehenditur
1119 5227 1467 5286 sonantibus
1502 5228 1714 5296 verbis,
1749 5228 1850 5284 sed

202 5321 501 5378 mentibus
530 5320 816 5376 Creatoris
849 5319 1152 5385 instinctu,
1186 5317 1362 5373 etiam
1411 5315 1472 5370 in
1504 5315 1587 5372 eis
1629 5317 1851 5389 absque

201 5409 447 5483 strepitu
476 5409 630 5480 quod
663 5407 944 5481 placuerit
965 5404 1371 5480 operantis,ve1
1392 5403 1848 5460 misericordiam

202 5503 262 5554 ut
289 5499 478 5554 vocati
511 5495 945 5564 liberentur,vel
970 5495 1261 5567 judicium
1292 5498 1357 5549 ut
1372 5491 1556 5548 relicti
1576 5493 1851 5548 damnen-

203 5587 610 5660 tur.0peratur
639 5585 810 5658 plane
843 5585 902 5641 in
935 5584 1231 5642 mentibus
1261 5582 1850 5655 piorum,adjuvando

1960 4607 2073 4663 Sed
2105 4610 2169 4662 ut
2197 4607 2268 4662 ad
2300 4607 2661 4679 propositum
2695 4610 3073 4672 revertamur,
3088 4607 3160 4662 ad
3194 4607 3414 4663 bonum
3446 4612 3503 4664 et
3531 4608 3602 4664 ad

1956 4695 2092 4752 boni
2119 4694 2422 4768 praemium
2438 4711 2610 4751 nemo
2624 4695 2735 4751 nisi
2750 4699 2882 4752 ante
2895 4695 3102 4751 mundi
3124 4696 3604 4754 constitutionem

1955 4784 2144 4858 gratia
2173 4783 2410 4851 electus,
2437 4785 2624 4856 gratia
2655 4784 2978 4856 praescitus,
3003 4785 3193 4858 gratia
3221 4785 3604 4858 praadestina-

1955 4877 2074 4938 tus,
2106 4871 2482 4928 intromissus
2514 4876 2622 4938 est,
2655 4871 2807 4928 sicut
2838 4872 3032 4928 divino
3062 4873 3272 4945 spiritu
3315 4875 3605 4946 pandente

1955 4959 2371 5034 comperimus.
2406 4959 2619 5016 Electio
2641 4976 2756 5016 non
2784 4960 3182 5028 omnium,sed
3213 4964 3605 5034 quorumdam

1956 5051 2271 5106 confitetur
2309 5047 2579 5105 salutem.
2630 5048 2999 5106 Praescientia
3038 5050 3393 5119 futurorum,
3437 5053 3606 5109 nobis

1960 5139 2261 5205 duntaxat,
2287 5154 2424 5192 nam
2441 5137 2555 5193 Deo
2569 5137 2746 5193 simul
2764 5142 2973 5210 prastu
2987 5143 3127 5195 sunt
3137 5139 3355 5211 omnia,
3382 5157 3604 5212 praeno-

1957 5226 2172 5282 tionem
2189 5225 2469 5281 insinuat.
2480 5225 3050 5283 Praedestinationem
3065 5232 3259 5284 autem
3271 5227 3328 5283 in
3345 5229 3496 5284 bono
3510 5244 3603 5298 po-

1960 5314 2132 5370 sitam
2145 5313 2399 5370 dicimus
2411 5315 2714 5370 ostendere
2727 5314 2785 5370 in
2801 5315 3241 5371 sanctislitteris
3253 5315 3451 5388 gratiae
3464 5332 3603 5386 pra;-

1958 5402 2320 5476 parationem
2343 5420 2356 5469 ;
2375 5401 2622 5475 gratiam
2635 5404 2971 5476 veroipsam
3003 5405 3327 5476 exprimere
3339 5402 3602 5459 donatio-

1957 5509 2113 5548 nem.
2141 5490 2375 5547 Praescit
2408 5491 2562 5548 Deus
2592 5509 2956 5565 quaecunque
2984 5497 3084 5547 aut
3110 5492 3372 5546 facturus
3391 5494 3482 5546 est
3502 5495 3604 5548 aut

1959 5580 2630 5654 permissurus,utraque
2643 5580 2804 5638 nulla
2817 5579 3334 5647 necessitate,281
3353 5577 3601 5638 alterum
