3982 6152
188 251 296 313 6H

1250 247 1394 310 LIB.
1441 251 1545 312 DE
1586 246 1870 311 TRJBUS
1913 243 2533 320 QUIESTIONIBUS.

3475 253 3594 316 θη

187 384 554 455 increpatus,
590 386 652 436 ut
684 399 787 454 par
819 381 944 450 fuit,
980 382 1195 455 insigni
1239 383 1459 448 dolone,
1488 385 1706 454 peccavi
1733 387 1839 438 Do-
1871 385 1927 449 Α
1959 383 2110 438 236
2140 367 2364 447 debeat,
2400 378 2727 436 malitiosus
2776 396 2893 436 non
2942 379 3197 436 inveniat
3245 383 3305 437 in
3341 401 3408 439 eo
3438 388 3592 456 quod

184 474 340 528 mino
371 471 520 527 dixit
552 473 624 544 (Il
659 471 781 541 Reg.
814 472 934 542 xu),
969 477 1026 527 et
1056 473 1132 543 (a)
1161 471 1512 530 translatum
1545 488 1677 527 mox
1710 487 1842 543 pec-

186 566 526 626 catum,nec
557 577 619 616 se
645 559 997 616 moriturum
1022 560 1220 616 audire
1244 561 1457 616 meruit
1488 577 1500 615 :
1537 561 1682 616 alter
1710 577 1843 616 vero

187 655 496 723 respectus
528 650 601 706 ab
627 666 695 705 eo
719 649 820 721 qui
846 648 1142 722 paulisper
1153 655 1437 706 averterat
1457 650 1527 705 ab
1551 667 1616 705 eo
1637 650 1844 705 faciem

186 756 386 806 suam,
421 745 478 794 et
522 744 830 811 propterea
877 739 1064 793 factus
1097 739 1286 794 fuerat
1317 739 1721 806 conturbatus,
1758 756 1846 794 rc-

187 832 454 902 spectus,
489 828 756 900 inquam,
817 827 875 882 id
925 833 1014 884 est
1065 826 1125 882 in
1174 828 1446 884 affectum
1495 827 1847 900 puznitentiae

187 918 500 984 excitatus,
534 916 861 990 negationis
909 916 1006 972 Dei
1038 916 1350 984 maculam,
1384 921 1614 972 tantum
1661 917 1844 984 nefas,

189 1007 349 1062 dicto
400 1006 576 1062 citius
624 1005 844 1061 amaris
891 1004 1168 1078 lacrymis
1215 1006 1408 1073 diluit,
1461 1005 1728 1062 abolevit.
1777 1009 1851 1062 At

189 1097 240 1152 si
274 1096 416 1168 quis
448 1100 747 1151 tantorum
779 1095 1035 1150 virorum
1069 1093 1560 1166 contemplatione
1583 1095 1853 1166 despera-

191 1186 421 1240 tionem
452 1202 632 1256 quam
663 1183 1050 1240 imitationem
1085 1184 1521 1256 concipit,quod
1553 1183 1634 1254 hi,
1659 1201 1850 1255 quan—

192 1291 379 1346 quam
414 1273 1228 1329 maximacriminavirtutum
1272 1273 1437 1345 copia
1474 1272 1850 1346 propulsave—

191 1364 316 1418 rint
332 1368 512 1434 atque
525 1362 945 1434 Oppresserint,
969 1379 1032 1419 se
1060 1368 1255 1418 autem
1283 1362 1424 1417 solis
1456 1367 1675 1418 scatere
1695 1359 1852 1416 vitiis

192 1451 781 1524 ingemiscat,saltem
796 1449 1262 1507 illumlatronem
1280 1449 1546 1523 aspiciat,
1573 1450 1674 1522 qui
1705 1467 1851 1522 sup-

191 1540 444 1613 plicium
467 1540 656 1596 crucis
673 1540 830 1595 haud
851 1540 1028 1596 dubie
1050 1539 1345 1595 sceleratis
1367 1540 1595 1595 actibus
1617 1539 1851 1605 meruit,

191 1636 246 1686 et
269 1647 380 1702 per
401 1629 589 1686 solam
617 1630 948 1701 ﬁdemque:
969 1628 1162 1684 subito
1180 1629 1604 1684 confessionem
1629 1628 1855 1700 peperit

191 1725 373 1791 atque
405 1718 658 1791 spem,in
689 1719 884 1774 media
902 1721 1087 1774 morte
1109 1719 1286 1774 vitam
1309 1717 1852 1774 invenit.Postremo
1882 1754 1930 1820 Β

191 1809 239 1864 si
257 1807 446 1862 sciret
458 1822 520 1862 se
534 1805 748 1878 aliquis
765 1811 885 1861 tam
914 1804 1223 1861 infeliciter
1234 1805 1534 1860 addictum
1548 1808 1613 1860 ut
1630 1805 1854 1875 absque

193 1895 319 1950 ulla
333 1895 634 1950 dubietate
647 1894 1020 1949 damnandus
1031 1898 1317 1962 esset,cur
1328 1910 1444 1948 non
1459 1898 1574 1948 tem
1583 1895 1855 1964 perareta

189 1983 388 2039 vitiis?
401 1983 555 2040 285
569 1999 676 2038 cur
687 1999 802 2038 non
815 1983 990 2038 etiam
1005 1981 1330 2038 elaboraret
1341 1982 1552 2038 sectari
1565 1983 1716 2036 bona
1729 1997 1855 2053 quas

190 2075 496 2145 posset,ut
526 2070 732 2127 saltem
751 2087 886 2126 eum
908 2069 1085 2126 levior
1117 2087 1288 2142 pcsna
1309 2074 1510 2142 postea
1541 2069 1857 2142 plecteret?

188 2162 346 2228 Quis
377 2160 564 2232 hujus
588 2159 717 2214 vita:
747 2159 934 2232 pcsnis
967 2160 1350 2232 torquendus,
1382 2159 1431 2215 si
1481 2158 1725 2214 facultas
1755 2159 1854 2213 de-

187 2256 315 2317 tur,
353 2266 476 2306 non
515 2250 774 2304 minores
823 2248 1018 2321 eligat,
1054 2249 1305 2320 majores
1344 2247 1640 2304 declinet?
1670 2248 1854 2303 Mino-

187 2357 286 2396 res
321 2344 527 2394 autem
560 2354 762 2411 pmnas
780 2337 1126 2404 minoribus,
1160 2337 1414 2408 majores
1446 2336 1696 2409 peccatis
1730 2353 1860 2391 ma-

178 2427 432 2500 joribus
467 2425 700 2498 rependi
749 2424 946 2480 divina
975 2424 1275 2496 Scriptura
1305 2423 1573 2480 consulta
1615 2441 1857 2496 respon-

188 2517 315 2572 det.
356 2515 585 2582 Reddes,
616 2514 812 2586 inquit
839 2513 1146 2586 Propheta,
1180 2515 1478 2585 unicuique
1499 2514 1667 2584 juxta
1695 2529 1859 2584 opera

185 2623 293 2661 sua
329 2606 514 2674 (Psal.
541 2609 671 2672 LXI),
704 2620 808 2676 pro
841 2603 1120 2675 qualitate
1153 2602 1373 2658 scilicet
1417 2602 1704 2658 honorum
1738 2602 1860 2657 sive

188 2694 502 2750 malorum
534 2692 776 2765 przsmia
806 2692 1140 2764 quibusque
1171 2692 1348 2764 digna
1369 2691 1782 2748 restitues.Sed
1806 2690 1857 2745 si

175 2784 310 2855 jam
353 2781 582 2854 aliquid
615 2781 673 2837 in
705 2782 1112 2855 persuadenda
1140 2783 1295 2838 bona
1316 2795 1418 2853 spe
1441 2783 1632 2837 favore
1660 2780 1858 2837 divino

186 2871 786 2945 promovimus,sitne
814 2870 1103 2927 malorum
1136 2871 1566 2944 praedestinatio
1598 2869 1862 2926 sentien-

184 2962 439 3033 da,post
471 2959 977 3016 ratiocinationem
1028 2977 1206 3032 quam
1255 2959 1667 3032 praemisimus,
1703 2958 1856 3013 beati

181 3048 516 3124 Augustini
531 3049 849 3105 assertione
866 3051 1216 3121 pandamus.
1231 3049 1305 3120 (ὁ)
1321 3049 1422 3105 Hic
1447 3052 1651 3104 auctor
1662 3047 1858 3103 certis-

184 3123 564 3211 simus,quia
593 3139 923 3194 divinarum
957 3138 1394 3212 Scripturarum
1416 3137 1858 3195 observantissi-
1888 3123 1931 3191 C

185 3246 352 3296 mus,
411 3227 726 3284 scribendo
786 3227 1048 3299 profecit.
1100 3228 1262 3284 Unde
1316 3229 1514 3300 culpat
1570 3227 1856 3299 quosdam

182 3319 244 3373 in
278 3318 446 3372 libro
479 3317 550 3372 de
580 3315 1089 3388 predestinatione
1120 3322 1458 3372 sanctorum
1513 3317 1665 3388 quod
1707 3316 1860 3372 sicut

184 3407 576 3463 studuissent
620 3405 808 3479 ipsius
839 3405 1023 3461 libros
1050 3405 1262 3477 legere,
1287 3423 1402 3460 non
1433 3406 1611 3460 etiam
1642 3409 1859 3460 certas-

185 3501 326 3552 sent
359 3511 508 3551 cum
540 3494 666 3566 ipso
715 3495 1012 3566 proﬁcere,
1057 3499 1114 3549 et
1170 3494 1543 3566 proﬁcienter
1598 3493 1855 3566 scripsit,

184 3602 296 3641 nec
330 3589 546 3639 tamen
579 3599 682 3639 suo
723 3581 948 3654 judicio
1000 3582 1072 3637 ad
1121 3582 1532 3654 perfectionem
1577 3581 1854 3653 pervenit.

183 3674 468 3729 Tenebat
497 3671 837 3743 enim,quod
861 3672 1038 3728 etiam
1070 3672 1130 3726 in
1162 3688 1268 3726 suo
1295 3669 1548 3726 mirabili
1579 3671 1649 3725 de
1671 3687 1859 3743 gram-

184 3762 422 3817 matica
448 3777 620 3832 Opere
637 3762 704 3832 (ε)
720 3761 1056 3816 Priscianus
1076 3759 1519 3832 intelligit,nihil
1539 3760 1857 3832 perfectum

182 3868 253 3906 ex
295 3850 478 3906 omni
527 3854 689 3922 parte
735 3849 795 3904 in
844 3849 1122 3905 humanis
1171 3848 1567 3904 locutionibus
1613 3846 1857 3903 inveniri

182 3957 394 4013 posse.
429 3939 575 4004 Imo,
609 3939 764 4010 quod
815 3942 1013 3993 noster
1060 3936 1142 3992 ait
1184 3936 1501 4009 Apostolus
1534 3953 1546 3992 :
1580 3939 1663 3991 Em
1702 3945 1860 4008 parte

180 4030 600 4101 cognoscimus,
650 4035 702 4081 et
744 4043 813 4082 ea:
851 4035 1007 4098 parte
1043 4028 1430 4098 prophetamus
1479 4026 1520 4096 (ι
1560 4024 1680 4080 Cor.
1713 4025 1857 4096 xui).

183 4119 304 4173 Hoc
340 4118 412 4171 in
461 4115 832 4171 exactissimo
877 4115 1026 4170 libro
1077 4116 1150 4170 de
1198 4115 1350 4170 bono
1394 4113 1856 4186 perseverantiae,

182 4223 375 4278 quem
413 4209 552 4277 post
578 4204 665 4259 vel
690 4205 840 4259 inter
864 4202 1045 4259 libros
1067 4204 1546 4260 retractationum
1569 4201 1863 4270 edidit,di-

179 4301 419 4368 gnatur
450 4293 704 4365 ingenue
733 4293 1018 4348 conﬁteri.
1055 4296 1117 4347 In
1151 4291 1316 4347 libris
1357 4297 1552 4348 autem
1583 4295 1858 4347 retracta-

179 4383 683 4454 tionum,quibus
704 4398 820 4437 non
853 4381 1086 4437 erubuit
1102 4380 1400 4453 publicare
1422 4379 1480 4435 in
1504 4381 1860 4452 quibuscun-

1943 471 2103 542 juste
2135 469 2540 541 reprehendat.
2565 467 2704 534 Quis
2734 467 2834 524 illo
2865 469 3127 541 pressius
3156 469 3295 526 vitia
3313 475 3597 530 resecuit.’

1953 559 2090 622 Quis
2122 559 2192 615 ad
2239 557 2483 613 virtutes
2531 557 2827 630 potentiUs
2875 557 3196 630 instigavit,
3228 558 3366 627 imo,
3411 566 3474 616 ut
3503 580 3596 618 ve-

1954 650 2078 705 rius
2107 648 2366 720 eloquar,
2399 645 2668 718 impulit?
2693 646 2832 709 Quis
2865 646 2961 701 illo
2995 645 3218 703 felicius
3240 665 3388 720 quos
3417 649 3604 708 voluit

1954 737 2290 810 persuasit?
2321 735 2580 808 Cumque
2611 734 2779 803 sit,ut
2799 735 2880 790 ait
2910 735 3158 802 Tullius,
3183 737 3498 794 minimum
3529 741 3608 796 de

1956 831 2077 883 arte
2108 826 2286 896 loqui,
2317 824 2502 880 multo
2533 824 2855 879 maximum
2887 841 2955 879 ex
2983 828 3107 880 arte
3136 825 3346 894 dicere,
3379 845 3448 883 ex
3477 833 3606 885 arte

1957 915 2225 987 quotiens
2271 913 2456 969 voluit
2504 913 2754 984 perfecte
2805 913 3051 985 loquens
3081 917 3368 970 oratorem
3401 915 3603 988 imple.-

1954 1005 2073 1071 vit;
2107 1005 2176 1059 de
2206 1007 2329 1058 arte
2359 1007 2555 1058 autem
2604 1001 2880 1074 praeclara
2923 1003 3282 1073 adjumenta,
3323 1004 3441 1060 vim
3472 1007 3608 1078 ejus

1957 1092 2242 1166 aperiens,
2287 1091 2347 1146 in
2395 1094 2602 1163 quarto
2653 1092 2724 1146 de
2767 1091 3030 1146 doctrina
3075 1091 3403 1149 Christiana
3451 1093 3600 1152 libro

1958 1181 2270 1253 capacibus
2318 1180 2607 1252 praestitit.
2660 1178 2802 1244 Quis
2851 1179 2961 1235 hoc
3011 1179 3088 1234 sit
3134 1181 3407 1250 sanctior,
3468 1183 3612 1255 quis

1958 1270 2198 1337 cautior,
2232 1269 2364 1340 quis
2392 1267 2653 1324 auctior?
2674 1266 2776 1323 Hic
2807 1267 3004 1340 itaque
3047 1273 3131 1324 tot
3178 1269 3389 1326 divinis
3429 1289 3601 1328 orna~

1957 1363 2052 1415 tus
2102 1358 2463 1426 muneribus,
2525 1375 2640 1412 non
2695 1357 3036 1426 dubitando,
3093 1376 3209 1415 non
3268 1363 3604 1432 quaerendo,

1959 1465 2074 1504 non
2095 1447 2580 1520 argumentando,
2614 1447 2713 1502 sed
2746 1445 2916 1518 plane
2945 1446 3102 1502 velut
3143 1449 3471 1520 professum
3504 1451 3603 1507 do-

1959 1539 2164 1603 cendo,
2199 1536 2485 1592 malorum
2535 1535 3106 1607 praedestinationem
3139 1555 3267 1593 esse
3317 1537 3601 1596 insinuat.

1958 1628 2149 1682 Verba
2177 1627 2306 1697 ejus
2349 1626 2517 1698 posui
2567 1642 2635 1680 ex
2664 1624 2811 1680 libro
2864 1643 3040 1697 quem
3090 1625 3467 1684 Enchiridion
3517 1629 3604 1684 di-

1960 1715 2162 1783 xit,cul
2193 1717 2250 1769 in
2281 1714 2687 1770 retractatione
2733 1731 2868 1770 cum
2914 1714 3086 1770 vellet
3125 1732 3461 1787 supremam
3493 1716 3606 1773 im-

1963 1821 2195 1877 ponere,
2229 1807 2292 1858 ut
2324 1803 2507 1871 aiunt,
2543 1819 2804 1871 manum,
2838 1803 2983 1858 nihil
3032 1805 3185 1875 quod
3213 1805 3489 1871 adiceret,
3522 1806 3607 1861 ni-

1961 1892 2043 1948 hil
2092 1893 2246 1965 quod
2293 1891 2640 1960 detraheret,
2674 1890 2817 1946 nihil
2868 1892 3022 1963 quod
3068 1896 3324 1949 mutaret
3363 1894 3606 1952 invenit.

1963 1982 2091 2037 Haec
2122 1985 2261 2036 sunt
2286 1998 2486 2052 magna
2527 1997 2689 2051 opera
2738 1981 2980 2048 Domini,
3013 1983 3286 2052 exquisita
3336 1985 3394 2037 in
3424 1999 3613 2039 omnes.
3661 2039 3664 2044 ,

1961 2072 2259 2126 voluntates
2289 2073 2404 2142 ejus
2434 2070 2602 2139 (Psal.
2635 2069 2808 2140 cx),et
2839 2073 2958 2124 tam
2980 2069 3273 2141 sapienter
3295 2072 3608 2143 exquisita,

1963 2165 2029 2214 ut
2059 2176 2195 2214 cum
2225 2158 2487 2231 angelica
2518 2161 2574 2212 et
2602 2157 2863 2212 humana
2903 2161 3169 2213 creatura
3197 2164 3518 2229 peccasset,
3546 2160 3606 2220 id

1963 2252 2069 2314 est,
2104 2264 2220 2302 non
2254 2247 2409 2319 quod
2461 2245 2575 2314 ille,
2610 2245 2709 2300 sed
2744 2246 2899 2317 quod
2948 2245 3130 2300 voluit
3177 2246 3303 2318 ipse
3352 2247 3604 2317 fecisset,

1964 2337 2139 2392 etiam
2171 2353 2274 2408 per
2301 2336 2566 2391 cam‘dem
2618 2339 2892 2390 creaturas
2935 2333 3316 2404 voluntatem,
3367 2353 3486 2409 qua
3523 2337 3607 2393 fa-

1966 2432 2124 2482 ctum
2157 2430 2245 2481 est
2273 2425 2426 2497 quod
2479 2425 2713 2480 Creator
2744 2423 2952 2491 noluit,
2987 2423 3255 2496 impleret
3294 2426 3417 2496 ipse
3451 2426 3620 2498 quod.

1965 2515 2168 2581 voluit,
2200 2515 2345 2570 bene
2380 2518 2548 2568 utens
2587 2517 2642 2568 et
2684 2512 2858 2568 malis
2911 2516 3192 2584 tanquam
3243 2530 3471 2569 summe
3502 2515 3609 2570 bo-

1967 2621 2078 2659 nus
2110 2604 2180 2658 ad
2213 2621 2415 2659 eorum
2459 2603 2916 2670 damnationem,
2952 2619 3100 2674 quos
3143 2604 3305 2673 juste
3354 2604 3610 2674 praedes-

1964 2693 2170 2749 tinavit
2198 2694 2269 2748 ad
2302 2709 2553 2765 pcenam,
2589 2697 2647 2747 et
2695 2693 2765 2747 ad
2795 2709 2996 2748 eorum
3047 2691 3297 2748 salutem
3329 2709 3476 2764 quos
3509 2693 3610 2750 be-

1965 2783 2139 2854 nigne
2166 2781 2598 2853 praedestinavit
2626 2781 2694 2836 ad
2731 2779 3074 2852 gloriam.Et
3105 2798 3176 2836 ne
3205 2780 3313 2836 hoc
3342 2781 3424 2836 illi
3457 2782 3609 2838 exei-

1967 2872 2124 2926 disse
2173 2869 2497 2936 arbitreris,
2539 2885 2605 2924 ac
2658 2886 2774 2924 non
2817 2885 2920 2940 pro
2965 2872 3262 2941 comperto
3310 2871 3366 2924 et
3413 2869 3614 2926 certis-

1966 2960 2114 3016 simo
2147 2959 2612 3031 comprobatum,
2648 2974 2782 3012 cum
2813 2975 2881 3012 ex
2927 2955 3132 3013 multis
3171 2956 3451 3014 librorum
3481 2960 3609 3031 ejus

1965 3049 2107 3104 locis
2137 3054 2263 3104 tum
2297 3065 2360 3104 es
2391 3046 2552 3102 illius
2605 3047 2773 3118 cujus
2823 3046 2930 3102 feci
2980 3044 3152 3118 paulo
3193 3043 3326 3101 ante
3357 3047 3610 3103 mentio-

1966 3155 2099 3194 nem
2129 3137 2228 3210 qui
2260 3135 2598 3193 inscribitur
2625 3137 2695 3192 de
2721 3135 2881 3191 Dono
2933 3136 3394 3208 perseverantiae,
3434 3153 3610 3208 quem

1966 3232 2131 3284 aetate
2188 3232 2418 3282 matura
2475 3227 2760 3296 ﬁrmoque
2816 3224 3036 3296 judicio
3093 3224 3613 3282 exercitatissimus

1967 3319 2113 3374 281
2145 3316 2348 3383 edidit,
2403 3315 2613 3388 poterit
2649 3313 3005 3369 conﬁrmari.
3040 3337 3066 3362 «
3098 3313 3344 3382 Quibus,
3395 3314 3608 3386 inquit,

1968 3424 2083 3463 non
2116 3405 2240 3460 vult
2272 3403 2579 3460 subvenire
2609 3419 2725 3457 non
2761 3402 3050 3470 subvenit,
3070 3401 3141 3456 de
3169 3401 3382 3473 quibus
3412 3402 3470 3457 in
3504 3419 3614 3464 sua

1964 3495 2497 3569 praedestinatione,
2542 3490 2765 3548 occulte
2816 3489 3075 3562 quidem,
3110 3491 3210 3545 sed
3233 3490 3416 3561 juste.
3452 3490 3620 3547 aliud.

1959 3585 2265 3657 judicavit.
2300 3583 2425 3638 Non
2471 3586 2557 3637 est
2602 3579 2758 3636 enim
2811 3580 3096 3652 iniquitas
3138 3579 3294 3651 apud
3342 3579 3546 3642 Deum.
3582 3602 3614 3631 ι)

1971 3675 2111 3729 Huic
2143 3689 2259 3728 non
2292 3669 2605 3726 dissimilia
2636 3669 2692 3724 S.
2721 3668 3035 3742 Gregorius
3065 3685 3236 3740 papa,
3273 3667 3615 3740 Fulgentius

1968 3765 2344 3833 Isidorusquo
2401 3761 2756 3816 senserunt:
2810 3774 3062 3829 quorum
3119 3774 3224 3829 ego
3282 3757 3618 3815 testimonia

1968 3868 2180 3926 ponere
2213 3847 2534 3920 supersedi,
2570 3862 2642 3901 ne
2675 3846 2774 3900 diu
2805 3845 3056 3926 aliorum
3088 3844 3320 3918 scriptis
3347 3850 3619 3910 extentus

1966 3938 2122 3988 esset
2153 3934 2347 3986 noster
2373 3928 2538 3983 labor
2567 3926 2872 3997 ingratior.
2907 3925 3088 3997 Cujus
3136 3930 3334 3982 autem
3381 3927 3458 3982 sit
3496 3943 3617 3982 mo-

1969 4021 2149 4077 menti
2179 4017 2542 4092 Augustinus
2574 4015 2646 4088 (d)
2671 4013 2978 4070 Caelestino
3001 4031 3152 4086 papa
3172 4015 3411 4070 docente
3432 4014 3617 4071 disca-

1971 4127 2121 4166 mus.
2158 4131 2185 4159 «
2219 4105 2634 4179 Augustinum,
2680 4103 2891 4174 inquit,
2943 4106 3161 4158 sanctae
3195 4101 3621 4159 recordationis.

1965 4199 2155 4254 virum
2188 4213 2291 4268 pro
2315 4195 2436 4249 vita
2463 4210 2572 4248 sua
2587 4196 2762 4262 atque
2786 4190 3008 4245 meritis
3030 4191 3088 4243 in
3121 4193 3321 4245 nostra
3349 4205 3613 4246 commu-

1969 4287 2141 4341 nione
2172 4299 2404 4353 semper
2425 4279 2877 4346 habuimus,nec
2907 4277 3340 4350 unquamhunc
3360 4277 3620 4334 sinistre

1969 4371 2322 4446 suspicionis
2371 4385 2575 4424 rumor
2618 4367 2869 4438 aspersit
2897 4384 3071 4438 quem
3129 4371 3302 4422 tanta:
3359 4365 3614 4422 scientia

179 4491 298 4545 que
333 4489 412 4528 se
463 4471 853 4543 deprehendit
890 4487 1116 4526 errasse
1159 4474 1217 4525 et
1258 4470 1520 4525 censoria
1558 4469 1859 4525 severitate
1886 4495 1934 4559 Β
1969 4465 2106 4521 olim
2140 4462 2322 4517 fuisse
2348 4457 2732 4514 meminimus
2754 4460 2818 4511 ut
2847 4455 3000 4512 inter
3031 4455 3342 4528 magistros
3373 4453 3548 4510 etiam
3579 4471 3617 4513 ι

178 4564 573 4627 damnare,et
588 4559 1200 4632 adhibitaubicunque
1212 4557 1400 4630 potuit
1420 4575 1625 4614 norma
1646 4557 1852 4612 divinae

177 4649 575 4707 auctoritatis
619 4653 675 4704 et
705 4649 975 4704 acumine
1006 4647 1362 4704 cautissimas
1401 4647 1857 4719 argumentatio-

178 4741 275 4797 nis
309 4738 645 4810 corrigere.
678 4755 744 4792 ee
779 4754 962 4810 usque
999 4736 1244 4810 profecit
1269 4740 1334 4792 ut
1357 4736 1655 4792 studiosus
1697 4735 1857 4806 quis-

178 4847 300 4901 que
359 4825 733 4899 singularem
783 4827 911 4897 ejus
955 4826 1282 4882 doctrinam
1333 4841 1572 4881 securus
1620 4823 1854 4879 haurire

252 4972 340 5042 (a)
386 4969 741 5042 Translatum
749 4976 1053 5042 peccatum.
1078 4968 1136 5024 Id
1163 4971 1253 5024 est
1272 4966 1536 5042 pavidis:
1561 4965 1730 5042 cujus
1748 4963 1856 5042 cri-

178 5037 331 5098 men
361 5042 433 5095 in
465 5038 588 5112 ﬁlio
620 5037 876 5112 primum
901 5039 1391 5112 vindicatur,dein
1407 5055 1539 5112 vero
1560 5037 1619 5092 in
1643 5037 1854 5092 Davide

177 5113 433 5170 insoEt
460 5109 747 5166 videndus
776 5111 1013 5166 omnino
1043 5110 1350 5166 Salvianus
1378 5111 1439 5164 in
1465 5109 1611 5164 libro
1643 5125 1853 5164 secun-

219 5204 255 5241 ο
289 5187 373 5240 de
411 5182 846 5237 Gubernatione
877 5181 996 5250 Dei,
1030 5198 1162 5254 pag.
1195 5183 1275 5254 387
1294 5186 1351 5236 et
1375 5197 1494 5254 seq.

252 5257 336 5328 (ὁ)
377 5255 486 5328 [[ic
517 5261 710 5328 auctor
731 5250 1381 5328 certissimuslgoquitur
1409 5250 1479 5328 de
1500 5250 1848 5328 Augustino,

176 5321 373 5411 qu'er'n
405 5323 752 5411 inﬂepisto'la
782 5341 1014 5411 queque
1039 5321 1313 5411 429vocat
1334 5321 1625 5411 auctorem
1655 5321 1854 5411 certis-

174 5393 555 5475 simum._Sic'
568 5393 630 5451 in
651 5393 1150 5475 episti30l'oquens
1181 5396 1250 5475 de
1269 5395 1470 5475 eodem
1500 5393 1853 5475 Augustino,

175 5471 262 5525 ait
298 5487 313 5525 :
357 5493 390 5516 ‹‹
427 5467 656 5538 Quippe
685 5465 1052 5538 clarissimus
1101 5473 1300 5522 auctor
1329 5466 1467 5538 quia
1505 5465 1710 5519 divinae
1743 5481 1851 5519 au-

172 5539 493 5596 ctoritatis
525 5537 1103 5593 observantissimus.
1138 5560 1166 5587 »

252 5616 334 5686 (ο)
353 5608 893 5671 Priscianuaﬂuuc
924 5607 1206 5670 Prisciani
1231 5607 1424 5667 locum
1452 5605 1652 5666 laudat
1675 5605 1852 5664 etiam

1967 4554 2114 4610 meis
2162 4566 2393 4622 semper
2437 4545 2847 4603 decessoribus
2908 4544 3238 4600 haberetur.
3295 4548 3445 4598 Bene
3476 4559 3612 4619 ergo

1963 4643 2034 4697 de
2062 4658 2128 4696 eo
2159 4656 2362 4696 omnes
2411 4637 2473 4691 in
2518 4651 2828 4690 commune
2873 4637 3202 4701 senserunt,
3260 4636 3462 4705 utpote
3509 4631 3611 4704 qui

1961 4730 2181 4801 ubique
2210 4725 2435 4782 cunctis
2481 4728 2537 4779 et
2584 4723 2766 4778 amori
2796 4721 2971 4777 fuerit
3000 4725 3055 4777 et
3085 4720 3311 4778 honori.
3339 4743 3368 4770 »
3389 4720 3612 4782 Verum

1962 4837 2053 4887 ne,
2079 4817 2232 4890 quod
2267 4813 2589 4870 cavendum
2621 4810 2797 4866 etiam
2828 4808 3204 4866 saecularibus
3229 4809 3438 4866 litteris
3468 4810 3610 4865 dum

1961 4965 2159 5034 Lupus
2190 4959 2248 5014 in
2281 4956 2544 5034 epist.311.
2564 4953 2853 5034 Sedquod
2868 4953 2970 5034 hic
2990 4953 3198 5034 legitur
3219 4953 3609 5034 locationibus,

1961 5023 2068 5107 pro
2097 5023 2597 5107 inyenttanitguspt‘
2609 5029 2707 5107 est
2718 5023 2886 5107 apud
2913 5023 3304 5107 Priscian‘um,
3325 5025 3471 5107 etin
3494 5023 3612 5107 edi:

1958 5095 2116 5161 tione
2147 5099 2351 5158 Donati
2383 5096 2660 5164 Candidi;
2693 5096 2750 5150 id
2773 5095 2849 5168 ex
2875 5113 2940 5152 co
2972 5097 3294 5168 profectum
3325 5102 3434 5162 est,
3451 5095 3605 5167 quod

1960 5173 2255 5251 Sirinondi
2305 5168 2617 5251 editionem
2670 5167 2835 5251 sequi
2879 5167 3213 5251 studuinus,
3263 5180 3606 5251 quanquam

1960 5250 2084 5320 ipse
2114 5242 2460 5302 Sirmondus
2521 5235 2830 5295 admonuit
2884 5239 3021 5294 alibi
3082 5238 3216 5312 legi,
3275 5235 3606 5292 inventioni-

1965 5321 2079 5376 bus.

2033 5389 2103 5473 (ά)
2135 5387 2601 5473 munerare:
2636 5375 3605 5473 IesseaPausistrati?

1960 5446 2263 5535 ϐρίεἱιοροε
2296 5446 2632 5535 (galliarum.
2670 5446 2834 5535 Hunc
2865 5446 3608 5535 autemﬂco‘ele‘stinilocum

1959 5520 2178 5664 iizisélem'
2219 5527 2410 5586 verbis
2468 5526 2643 5585 refert
2701 5525 2901 5599 Lupus
2953 5524 3012 5582 in
3056 5520 3437 5592 Collectaneo,
3470 5534 3606 5597 pag.
