3982 6152
427 248 556 309 643

1405 239 1477 304 Β.
1522 241 1588 304 S.
1633 237 1813 302 LUPI
1857 235 2195 298 ABBATIS
2237 235 2834 302 FERRARIENSIS.

3663 241 3765 302 6M

427 379 828 452 imbueremulr
883 373 1282 449 cognovimus,
1337 390 1533 430 amore
1593 373 1900 429 doctorum
1953 387 2070 426 am-
2099 370 2153 436 Α
2186 370 2352 426 tum?
2384 370 2528 426 Item
2561 371 2617 426 in
2650 370 2960 445 Evangelio
2990 370 3337 426 immutabili
3365 371 3631 426 sententia
3656 389 3771 445 pra:-

428 467 599 538 plecti
625 465 966 538 judicemur
1011 479 1236 519 errores
1265 478 1466 518 eorum
1499 461 1675 535 (unde
1705 460 1884 534 probe
1916 459 2072 514 idem

424 555 790 629 Augustinus
862 553 1206 609 dehortatur
1269 550 1327 606 in
1395 554 1716 607 memorato
1781 549 1852 604 de
1908 547 2071 604 Dono

427 642 868 719 perseverantiae
899 641 1046 697 libro
1072 640 1166 696 his
1194 639 1386 696 verbis
1420 656 1433 694 :
1459 661 1488 690 «
1511 640 1858 710 Quanquam
1892 635 2072 691 nemi-

428 751 562 790 nem
587 730 761 788 velim
795 731 877 788 sic
909 728 1181 802 amplecti
1204 728 1398 784 omnia
1422 744 1551 783 mea
1567 731 1632 782 ut
1652 743 1745 782 me
1765 730 2067 798 sequatur,

427 821 541 878 nisi
567 820 625 876 in
657 820 749 876 his
765 818 826 874 in
845 818 1058 890 quibus
1081 834 1174 873 me
1196 834 1311 873 non
1333 831 1526 872 errare
1547 813 1982 888 perspexerit,»)
2004 829 2070 868 ac

426 928 540 967 non
573 909 766 983 potius
795 908 952 964 unde
980 905 1354 980 potissimum
1387 904 1765 977 quaerendum
1789 905 1878 957 est
1895 899 2070 956 vesti-

425 1015 561 1073 gare
598 997 922 1064 veritatem,
975 995 1252 1068 procedat
1298 993 1514 1049 Paulus
1561 992 1621 1047 in
1670 991 1952 1058 medium,
2004 994 2072 1044 ut

422 1089 652 1161 detegat
699 1087 808 1143 hoc
839 1086 1075 1142 tandem
1125 1100 1230 1140 suo
1284 1098 1552 1140 sermone
1604 1084 1890 1137 secretum
1927 1095 1939 1134 :
1978 1079 2069 1135 Vo-

423 1178 557 1242 lens,
593 1176 801 1248 inquit,
835 1176 970 1231 Deus
1011 1172 1287 1230 ostendere
1317 1174 1463 1226 iram
1499 1179 1550 1227 et
1578 1170 1944 1225 demonstrare
1968 1184 2065 1239 po-

421 1267 644 1323 tentiam
675 1281 854 1331 sitam,
887 1263 1073 1318 attulit
1118 1264 1178 1317 in
1225 1262 1403 1316 multa
1447 1260 1715 1331 patientia
1760 1274 1892 1312 vasa
1940 1258 2063 1322 irae,

420 1370 546 1427 qua?
570 1361 810 1427 perfecta
846 1355 923 1421 (ιι)
942 1359 1072 1406 sunt
1093 1352 1153 1406 in
1198 1349 1577 1422 perditionem,
1611 1356 1670 1403 ut
1711 1353 1870 1403 notas
1898 1347 2070 1417 faciat

419 1444 641 1500 divitias
667 1443 867 1514 gloriae
893 1456 1012 1496 suae
1041 1441 1096 1495 in
1132 1456 1252 1494 vasa
1283 1436 1676 1494 misericordia
1705 1452 1818 1508 qua:
1841 1450 2064 1507 praepa-

419 1535 563 1589 ravit
592 1534 651 1588 in
679 1532 934 1600 gtoriam.
968 1530 1111 1585 Ecce
1156 1544 1298 1583 vasa
1340 1526 1437 1582 ira:
1473 1526 1728 1599 perfecta
1759 1523 2066 1580 conﬁrmat

417 1622 620 1678 doctor
675 1618 939 1692 gentium
970 1617 1030 1672 in
1088 1615 1492 1690 perditionem.
1554 1615 1623 1670 Et
1673 1617 1849 1681 certe,
1909 1612 2062 1668 288

419 1713 706 1782 quantum
733 1707 805 1763 ad
848 1706 1169 1762 humanam
1215 1707 1440 1778 spectat
1487 1702 1842 1775 opinionem,
1894 1717 2059 1773 pres-

416 1797 542 1853 sius
571 1800 660 1852 cst
686 1795 876 1852 dicere
908 1795 1227 1868 perfectum
1254 1792 1473 1865 aliquid
1502 1808 1628 1848 esse
1651 1807 1825 1863 quam
1849 1789 2064 1862 praede-

418 1886 720 1942 stinatum.
756 1887 1050 1951 Quantum
1099 1882 1255 1939 enim
1289 1883 1359 1938 ad
1391 1882 1784 1937 humanorum
1815 1894 2058 1934 casuum

413 1974 772 2044 vaiietatem,
815 1973 1134 2046 perfectum
1183 1972 1462 2028 infectum
1505 1985 1634 2026 esse
1683 1985 1798 2024 non
1847 1970 2056 2040 potest,

415 2063 892 2138 praedestinatum
961 2065 1156 2118 autem
1214 2060 1429 2117 mutari
1471 2058 1788 2131 aliquando
1846 2059 2057 2129 potest.

413 2155 710 2220 Quantum
727 2156 920 2208 autem
949 2151 1020 2206 ad
1046 2150 1158 2206 Dei!
1169 2149 1420 2222 pertinet
1442 2147 1838 2204 continentem
1863 2144 2060 2200 omnia

413 2243 802 2313 majestatem,
833 2240 986 2295 idem
1037 2238 1120 2293 illi
1172 2243 1230 2294 et
1257 2237 1577 2310 perfectum
1627 2239 1734 2301 est,
1757 2233 1897 2306 quia
1927 2233 2062 2289 fecit

414 2348 540 2402 quae
573 2331 771 2384 futura
801 2331 1023 2394 sunt,et
1054 2324 1700 2400 praedestinatum,quia
1726 2327 1816 2379 est
1842 2321 2057 2377 immu-

412 2418 577 2475 tabili
599 2417 837 2474 veritate
854 2414 1447 2487 complendum.lram
1471 2429 1600 2468 vero
1623 2411 1783 2466 illam
1806 2409 2060 2484 appellat

413 2522 530 2578 qua
589 2503 816 2576 reprobi
875 2503 1222 2574 puniuntur,
1285 2517 1410 2572 quae
1471 2499 1687 2554 talibus
1743 2497 1936 2553 verbis
1997 2496 2058 2550 in

411 2593 721 2667 Evangelio
753 2591 1103 2648 terminatur
1133 2607 1147 2644 :
1180 2591 1293 2660 Qui
1323 2588 1633 2644 incredulus
1661 2594 1738 2642 est
1777 2587 1919 2642 Filio
1948 2601 2059 2641 non

413 2684 611 2741 videbit
637 2684 825 2750 vitam,
856 2680 948 2737 sed
968 2681 1055 2735 ira
1072 2681 1172 2735 Dei
1187 2685 1372 2734 manet
1396 2694 1561 2750 super
1587 2693 1712 2733 eum
1738 2677 1917 2745 (Joan.
1949 2675 2054 2746 ιιι).

411 2773 571 2829 Hanc
603 2775 668 2827 ut
715 2770 959 2826 evitaret
1008 2767 1212 2824 orabat
1260 2766 1546 2840 Propheta
1578 2784 1590 2822 :
1624 2766 1871 2832 Domine,
1900 2781 1968 2820 ne
2000 2766 2060 2819 in

409 2863 598 2934 furore
653 2876 855 2932 arguas
910 2874 1015 2925 me,
1064 2873 1238 2930 neque
1280 2859 1339 2913 in
1386 2857 1475 2911 ira
1521 2862 1622 2911 tua
1666 2855 1933 2926 corripias
1975 2869 2060 2908 me

412 2951 577 3024 (Psal.
611 2950 838 3021 xxxv").
886 2947 997 3004 Sed
1038 2947 1188 3002 forte
1236 2962 1341 3001 nec
1389 2961 1459 3001 ex
1501 2943 1609 3001 hoc
1650 2943 1776 2999 loco
1830 2943 2060 2999 diversa

410 3039 788 3096 sentientium
820 3037 1084 3110 aopiatur
1112 3033 1536 3105 intentio,quia
1566 3031 1842 3105 pleraque
1874 3047 2059 3087 exem-

2183 458 2484 516 scribitur:
2510 461 2628 531 Qui
2646 477 2761 517 non
2777 461 2958 518 credit
2968 461 3095 531 jam
3101 461 3400 532 judicatus
3419 469 3497 516 est
3514 460 3772 532 (locum).

2179 548 2263 602 Ad
2295 548 2436 621 quid
2468 549 2908 619 arbitraris,nisi
2941 550 3012 606 ad
3035 549 3435 622 puniendum?
3455 549 3771 621 Cur,queso,

2181 635 2294 692 nisi
2326 635 2464 710 quia
2494 638 2552 694 in
2574 639 2760 694 Adam
2781 655 2890 694 sua
2914 642 3120 711 sponte
3141 641 3414 710 peccante
3433 637 3777 710 peccavit,uec

2180 724 2338 782 hunc
2385 727 2487 784 Dei
2526 728 2716 800 gratia
2757 718 3066 784 liberavit?
3102 729 3189 782 An
3237 730 3295 782 et
3337 725 3471 782 inde
3513 725 3775 783 cumulum

2180 813 2290 870 sibi
2325 815 2718 873 damnationis
2748 816 3029 872 conscivit
3059 816 3216 888 quod
3247 815 3307 870 in
3329 813 3650 871 inﬁdelitate
3675 831 3775 887 per-

2180 921 2414 962 manere
2445 905 2692 978 delegit?
2723 906 2808 961 Ita
2828 922 2960 962 vero
2972 905 3199 962 est.Sed
3213 921 3320 960 cur
3347 903 3572 974 credere
3589 902 3778 959 noluit?

2177 995 2408 1066 quia,ut
2437 994 2722 1068 scriptum
2752 999 2864 1063 est,
2884 1010 2995 1050 non
3024 994 3280 1051 omnium
3311 1002 3398 1048 est
3421 991 3582 1065 ﬁdes.
3613 994 3671 1049 At
3695 1009 3779 1048 cur

2178 1100 2294 1138 non
2327 1083 2405 1139 sit
2433 1084 2579 1139 ﬁdes
2609 1083 2896 1152 omnium,
2931 1087 3128 1139 certus
3157 1087 3246 1139 est
3274 1082 3464 1150 limes,
3497 1098 3657 1154 quem
3687 1082 3781 1140 nisi

2175 1171 2393 1245 impius
2422 1173 2694 1230 excedere
2724 1171 2924 1241 nullus
2971 1173 3226 1229 audeat?
3255 1171 3396 1244 quia
3422 1169 3538 1226 illis
3581 1187 3683 1226 non
3710 1176 3784 1228 est

2175 1262 2401 1317 datum.
2435 1261 2739 1334 Siquidem
2771 1278 2877 1317 cur
2919 1261 3002 1316 eis
3035 1277 3150 1316 non
3182 1259 3260 1316 sit
3289 1260 3511 1328 datum,
3543 1257 3686 1314 illius
3709 1265 3781 1314 est

2175 1350 2360 1407 solius
2371 1350 2785 1423 consiliicujus
2796 1367 3135 1424 quanquam
3155 1349 3491 1406 sitsubinde
3503 1347 3777 1416 occultum,

2174 1457 2479 1513 nunquam
2508 1443 2706 1496 tamen
2733 1445 2820 1497 est
2851 1440 3137 1512 injustum
3160 1438 3632 1511 judicium.Hanc
3655 1454 3780 1494 seve-

2174 1526 2402 1583 ritatem
2435 1526 2748 1584 verisimile
2779 1533 2870 1584 est
2896 1527 3058 1584 illam
3087 1544 3323 1600 quoque
3354 1543 3557 1582 sonare
3583 1530 3778 1582 senten-

2172 1615 2313 1672 tiam
2343 1633 2356 1670 :
2381 1616 2455 1688 (b)
2482 1616 2800 1673 Considera
2820 1632 3000 1686 opera
3020 1617 3295 1689 Dei,qu
3313 1631 3480 1672 nemo
3499 1615 3661 1685 possit
3675 1629 3777 1670 ror-

2173 1705 2365 1776 rigere
2393 1721 2560 1779 quem
2591 1706 2688 1761 ille
2703 1706 3031 1778 despexerit
3047 1707 3239 1778 (Eccli.
3258 1705 3362 1777 vn)
3389 1723 3404 1770 ;
3426 1705 3574 1777 quod
3594 1703 3779 1759 scilicet

2170 1811 2272 1850 vas
2304 1793 2401 1849 ira:
2433 1799 2636 1866 aptum
2671 1795 2728 1849 in
2759 1793 3082 1861 interitum,
3118 1793 3201 1850 vel
3248 1794 3568 1867 perfectum
3595 1791 3646 1847 in
3674 1809 3776 1865 per-

2172 1882 2673 1951 ditionem,malus
2704 1883 2995 1939 obstinate
3027 1883 3086 1938 in
3120 1882 3276 1938 malo
3307 1898 3538 1954 semper
3580 1881 3774 1947 hiet-eat,

2169 1973 2278 2028 etsi
2309 1973 2574 2028 videatur
2602 1973 2674 2028 ad
2705 1976 2939 2044 tempus
2969 1971 3392 2029 correctionem
3413 1967 3778 2041 simulare,sic-

2170 2064 2236 2116 ut
2267 2061 2430 2118 canis
2479 2062 2548 2117 ad
2582 2061 2889 2129 vomitum,
2924 2061 3009 2116 sic
3050 2060 3176 2134 ipse
3217 2060 3295 2115 ad
3345 2064 3634 2132 peccatum
3666 2075 3776 2114 con-

2169 2150 2472 2206 sciscenda
2503 2149 2614 2206 sibi
2645 2155 2895 2206 mortem
2926 2149 3280 2206 recurrat.ln
3307 2149 3510 2205 eadem
3535 2146 3777 2203 sententia

2169 2237 2550 2311 studiosi,qui
2581 2240 2650 2311 (ο)
2665 2238 2826 2294 cultu
2854 2237 3133 2295 orationis
3158 2237 3484 2310 plurimum
3524 2235 3773 2292 delectan-

2168 2331 2282 2396 tur,
2292 2327 2992 2402 recognoscantlicet,non
3007 2326 3353 2400 eloquentiae
3368 2327 3604 2382 nitorem
3619 2324 3774 2380 solum

2169 2417 2268 2472 sed
2301 2419 2476 2472 etiam
2510 2416 2834 2473 clausulam
2867 2433 3180 2472 numerose
3209 2417 3538 2471 cadentem.
3569 2413 3684 2470 Jam
3701 2430 3776 2469 er-

2168 2522 2241 2578 go
2273 2523 2407 2561 cum
2440 2524 2532 2562 res
2562 2507 2620 2560 in
2665 2510 2790 2561 tuto
2839 2505 2934 2574 sit,
2981 2521 3271 2577 ponamus
3326 2504 3624 2560 verborum
3666 2519 3776 2556 con-

2167 2595 2501 2663 troversias,
2534 2611 2606 2650 ne
2655 2593 2863 2666 puerili
2907 2594 3288 2649 animositate
3335 2596 3535 2648 contra
3570 2592 3774 2646 invicem

2169 2700 2272 2756 pro
2301 2682 2463 2739 inani
2493 2685 2746 2740 victoriae
2788 2683 3074 2756 jactantia
3102 2683 3410 2755 litigantes
3438 2680 3777 2752 corripiamur

2169 2773 2242 2827 ab
2290 2771 2565 2844 Apostolo
2618 2773 2845 2828 dicente
2879 2789 2892 2828 :
2923 2772 3056 2828 Noli
3101 2772 3294 2828 verbis
3342 2770 3681 2828 contendere.
3713 2767 3777 2822 Ad

2166 2861 2317 2918 nihil
2345 2862 2496 2918 enim
2517 2863 2654 2918 utile
2673 2861 2902 2928 est,nisi
2919 2862 2998 2917 ad
3013 2861 3447 2917 subversionem
3461 2858 3775 2916 audieutium

2170 2951 2219 3022 (Ι
2234 2951 2382 3008 Tim.
2404 2950 2463 3023 ιι)
2474 2950 2639 3006 .Nam
2652 2967 2787 3005 eum
2801 2950 3062 3005 sitnobis
3072 2965 3226 3004 unus
3242 2945 3774 3021 magisteremlestis,

2170 3039 2310 3111 quid
2335 3043 2425 3095 est
2443 3056 2614 3094 verus
2634 3043 2691 3094 et
2704 3037 2938 3106 veritas,
2955 3038 3109 3094 unde
3132 3037 3446 3110 accipitur,
3479 3041 3534 3092 et
3561 3052 3664 3108 quo
3703 3050 3774 3088 re.

411 3126 739 3200 plaria,non
771 3107 908 3181 vasa
931 3123 1027 3179 ira:
1051 3123 1304 3196 perfecta
1322 3122 1384 3176 in
1417 3121 1803 3194 perditionem
1820 3120 2058 3185 habent,

2172 3128 2408 3184 ferenda
2439 3128 2592 3184 240
2609 3131 2699 3182 est
2713 3125 2904 3183 omnis
2917 3125 3222 3194 veritas,eu
3232 3107 3386 3198 r‘pro
3400 3107 3605 3182 nostris
3617 3123 3776 3178 inven-

411 3216 512 3272 sed
543 3232 677 3272 vasa
697 3213 794 3269 irae
817 3217 955 3286 apta
977 3212 1036 3267 in
1063 3210 1568 3276 interitum.Quasi
1597 3225 1730 3265 vero
1753 3212 2059 3280 propterea

412 3321 528 3361 non
559 3303 789 3377 possint
816 3318 954 3358 vasa
982 3300 1079 3356 irae
1127 3298 1526 3372 praedestinari
1566 3298 1625 3353 in
1672 3296 2056 3371 perditionem

413 3394 569 3467 quod
619 3397 754 3465 apta
799 3391 918 3447 sint
957 3390 1015 3446 in
1076 3389 1397 3445 interitum.
1456 3388 1706 3443 Accedat
1762 3403 1899 3460 ergo
1948 3391 2057 3441 Do-

412 3482 609 3539 minus
635 3482 809 3538 Jesus
851 3485 908 3536 et
935 3479 1154 3535 nodum
1188 3476 1529 3550 quaestionis
1580 3476 1707 3548 ipse
1755 3473 2055 3530 dissolvat.

412 3571 673 3642 Denique
707 3570 830 3643 ipse
873 3569 1015 3624 dicit
1063 3568 1119 3623 in
1168 3565 1478 3639 Evangelio
1513 3583 1526 3620 :
1562 3567 1714 3622 Vobis
1766 3564 1952 3620 datum
1981 3572 2059 3619 est

411 3676 569 3715 nosse
595 3661 918 3730 mysterium
965 3658 1124 3728 regni
1169 3657 1446 3721 caelorum,
1481 3655 1594 3709 illis
1622 3662 1804 3709 autem
1844 3669 1955 3708 non
1985 3659 2062 3708 est

413 3749 603 3805 datum
657 3747 867 3817 (Matth.
922 3748 1066 3813 xm).
1102 3744 1277 3800 Vobis
1335 3744 1538 3798 datum
1595 3746 1704 3806 est,
1755 3739 2060 3814 discipulis

412 3835 695 3910 loquitur,
717 3833 834 3890 illis
854 3838 1050 3890 autem
1084 3849 1198 3888 non
1231 3836 1320 3888 est
1345 3833 1572 3898 datum,
1595 3831 1703 3886 hoc
1731 3835 1820 3886 est
1849 3831 1919 3886 de
1949 3847 2062 3885 un-

415 3926 723 3998 dequaque
771 3922 1203 3979 confluentibus
1243 3921 1451 3976 turbis.
1486 3920 1544 3975 Si
1579 3921 1724 3976 bene
1754 3921 2058 3976 docentem

415 4014 601 4087 capio,
632 4030 731 4069 eos
763 4012 980 4085 quibus
1009 4011 1212 4067 datum
1244 4014 1333 4066 est
1369 4007 1767 4065 misericordia
1797 4007 2058 4081 colligiti,

415 4104 631 4177 quibus
653 4119 767 4158 non
797 4105 888 4157 est
918 4101 1121 4156 datum
1145 4098 1368 4172 judicio
1401 4097 1646 4171 repellit,
1679 4097 1788 4153 hoc
1830 4101 1919 4153 est
1944 4114 2058 4153 non

415 4193 744 4265 adjuvando
776 4189 1070 4263 relinquit.
1106 4187 1504 4245 Praedestinati
1538 4191 1732 4243 autem
1781 4191 1922 4244 sunt
1951 4185 2063 4243 ele-

414 4281 738 4355 cti,quibus
768 4281 972 4336 datum
1004 4282 1372 4351 est,quorum
1401 4281 1597 4334 certus
1626 4279 1716 4332 est
1755 4292 2058 4332 numerus.

412 4370 613 4444 Neque
641 4369 797 4426 enim
829 4369 984 4425 Deus
1015 4367 1456 4440 praedestinaret
1487 4382 1585 4422 eos
1615 4382 1865 4437 quorum
1897 4381 2062 4421 sum-

2165 3217 2241 3273 tis
2263 3215 2704 3283 dimicemus,ut
2733 3215 3001 3288 idipsum
3023 3215 3295 3270 dicamus
3315 3212 3681 3285 omnes,quod
3700 3226 3776 3266 uo-

2167 3311 2355 3362 strum
2387 3322 2500 3362 non
2535 3305 2611 3361 sit
2639 3304 3170 3374 commentum,sed
3193 3302 3359 3360 illius
3380 3304 3772 3360 documentum:

2167 3394 2407 3468 pacifiee
2438 3397 2614 3466 atque
2643 3391 2946 3449 humiliter
2975 3391 3116 3464 quid
3135 3392 3213 3447 sit
3239 3391 3630 3460 rectissimum
3648 3404 3777 3462 repe-

2168 3483 2410 3539 riamus.
2444 3483 2502 3538 Si
2553 3481 2653 3554 qui
2701 3498 2836 3538 vero
2880 3480 3060 3538 tantis
3100 3487 3416 3537 moventur
3461 3477 3774 3537 auctoritati-

2167 3572 2298 3638 bus,
2318 3588 2497 3642 seque
2529 3588 2640 3626 non
2674 3576 2876 3626 nostra
2900 3569 3240 3638 assertione,
3275 3587 3482 3626 verum
3511 3567 3778 3642 perspicua

2169 3664 2474 3732 superatos
2533 3658 2868 3732 intelligunt
2919 3659 3180 3731 veritate,
3243 3676 3364 3715 non
3432 3659 3777 3731 dedignentur

2169 3765 2337 3805 suam
2360 3752 2587 3804 mutare
2617 3748 3135 3820 sententiam,quia
3163 3765 3277 3803 non
3318 3753 3439 3804 tam
3470 3747 3776 3804 erubescen-

2168 3837 2309 3892 dum
2341 3841 2431 3891 est
2461 3835 2684 3890 homini
2723 3852 2949 3891 errasse
2987 3851 3165 3907 quam
3215 3836 3519 3909 cognitum
3558 3845 3772 3890 errorem

2169 3926 2249 3995 (ά)
2281 3924 2434 3980 nolle
2462 3923 2662 3980 vitare.
2698 3925 2861 3990 Quod
2905 3923 3128 3980 utiliter
3173 3924 3582 3997 amplissimus
3617 3923 3776 3977 orator

2166 4014 2393 4072 Tullius
2423 4031 2528 4070 suo
2559 4013 2852 4087 proposito
2882 4011 3179 4069 subtiliter
3207 4018 3503 4070 monstrat
3529 4005 3775 4080 exemplo.

2169 4104 2228 4162 Si
2263 4109 2499 4170 temere,
2530 4101 2744 4174 inquit,
2794 4100 3039 4173 aliquid,
3071 4100 3328 4173 alicujus
3361 4100 3672 4176 praeterisse
3697 4097 3777 4151 aut

2170 4211 2284 4249 non
2317 4193 2461 4249 satis
2491 4191 2785 4264 eleganter
2812 4191 2996 4247 secuti
3027 4189 3382 4258 videbimur,
3409 4190 3558 4248 docti
3603 4188 3667 4244 ab
3692 4183 3775 4240 ali-

2170 4298 2286 4354 quo
2316 4279 2484 4336 facile
2513 4284 2570 4336 et
2605 4278 2852 4335 libenter
2897 4278 3246 4335 sententiam
3290 4277 3775 4336 commutabimus.

2169 4371 2294 4426 Non
2327 4369 2484 4425 enim
2515 4385 2722 4441 parum
2753 4367 3095 4440 cognovisse
3139 4368 3239 4423 sed
3271 4368 3332 4423 in
3385 4384 3588 4441 parum
3617 4358 3778 4434 cogni-

414 4475 573 4516 mam
615 4458 885 4516 nesciret.
948 4456 1132 4530 lgitur
1179 4472 1314 4510 eum
1363 4455 1432 4510 ad
1496 4471 1698 4510 eorum
1749 4470 2060 4510 numerum
2091 4474 2138 4540 D
2169 4462 2228 4514 ιο
2259 4456 2526 4538 ειυιίθει
2555 4456 2656 4511 diu
2703 4472 3102 4528 perseverasse
3149 4461 3322 4530 turpe
3355 4461 3468 4524 est,
3515 4457 3778 4529 propterea

414 4548 672 4620 aspirare
705 4565 822 4604 non
853 4545 1082 4620 possint
1112 4542 1511 4618 reprobi,quia
1532 4547 1596 4598 ut
1623 4541 1920 4598 salventur
1944 4559 2060 4598 non

416 4637 570 4694 289
599 4640 690 4692 est
717 4635 803 4692 eis
836 4634 1204 4707 datum,quis
1233 4632 1419 4706 possit
1447 4631 1925 4703 ostendere,quis
1957 4648 2061 4687 au-

415 4724 549 4780 deat
577 4723 872 4780 amrmare
903 4728 967 4779 ut
995 4723 1350 4779 damnentur
1379 4737 1497 4777 non
1523 4736 1652 4777 esse
1683 4719 2060 4793 praedestina-

416 4937 562 5067 i2Si)
591 4938 837 5010 Perfecta
890 4945 1022 4992 sunt
1079 4938 1142 4992 in
1189 4936 1392 5008 perdit.
1451 4933 1595 4991 Vide
1651 4932 1822 5006 epist.
1875 4934 1977 4989 128
2006 4939 2064 4990 et

485 5081 560 5153 (b)
591 5079 887 5153 Considera
915 5095 1077 5153 opera
1103 5077 1420 5153 Dei._Hunc
1449 5075 1854 5153 Ecclesiastici‘
1868 5075 2061 5133 locum

411 5147 748 5210 iisdemmet
768 5147 960 5208 verbis
990 5149 1194 5206 laudat
1223 5149 1422 5220 Lupus
1460 5147 1735 5220 ingepistﬁ.
1760 5149 1882 5220 129.

484 5225 552 5298 (c)
583 5223 751 5281 Cultu
777 5223 1062 5298 orationis.
1098 5217 1494 5298 Lupus—epist.
1645 5241 1673 5269 «
1698 5218 1926 5275 Etenim
1949 5217 2065 5291 ple-

412 5289 581 5369 rique
600 5312 690 5369 ea
702 5311 776 5369 ea
801 5293 1027 5369 cultum
1053 5289 1712 5369 sermonis_:qua3rim_us.
1747 5311 1777 5339 »

481 5359 560 5437 id)
589 5366 745 5423 Nolle
771 5361 1304 5437 uitare.Lactantiu_s
1335 5359 1438 5416 lib.
1472 5376 1535 5437 iii
1567 5359 1744 5437 divin.
1779 5361 2033 5420 Institut.

413 5405 682 5510 cap/23v:
714 5460 734 5510 ς
770 5435 876 5499 Qui
907 5433 1097 5510 dicam
1129 5433 1218 5510 ‘de
1247 5431 1322 5510 iis
1352 5429 1552 5510 nescio
1567 5430 1686 5510 nqui
1717 5405 2062 5490 cum-ama

413 5499 830 5575 aberraverint,
875 5507 1212 5562 constanter
1262 5503 1318 5576 in
1350 5499 1620 5576 stultitia
1668 5510 2060 5576 perseverant,

414 5582 472 5642 et
499 5578 664 5641 vanis
693 5572 844 5638 vana
874 5576 1216 5647 defendunt,
1249 5573 1364 5634 nisi
1413 5572 1570 5652 quod
1619 5572 1718 5633 eos
1763 5572 2060 5638 interdum

2170 4546 2326 4620 quod
2357 4535 2607 4601 alterum
2639 4544 2937 4600 communi
2964 4544 3273 4601 hominum
3297 4543 3643 4608 inﬁrmitati,
3669 4537 3779 4594 alte-

2170 4652 2301 4691 rum
2331 4633 2614 4708 singulari
2645 4633 3118 4705 uniuscujusque
3143 4633 3284 4689 vitio
3321 4638 3414 4690 est
3443 4631 3774 4688 attributum.

2240 4721 2669 4789 Quiestionibus
2729 4721 2982 4788 duabus,
3041 4721 3151 4777 hoc
3207 4726 3319 4789 est,
3381 4722 3452 4777 de
3507 4719 3676 4775 libero
3708 4728 3776 4768 ar-

2168 4941 2312 5010 puto
2341 4941 2444 4993 aut
2461 4936 2581 5010 joci
2607 4933 3253 5010 causaphilospphari,
3273 4939 3373 4992 aut
3402 4935 3702 5010 prudentes
3731 4929 3777 5007 et

2170 5003 2321 5080 scies
2353 5003 2659 5080 mendacia
2704 5003 3070 5080 defendenda
3100 5003 3424 5080 suseipere:
3461 5003 3622 5079 quasi
3649 5003 3774 5080 utin

2169 5079 2344 5152 malis
2361 5078 2815 5152 rebusingenia
2843 5095 2950 5152 sua
2981 5077 3284 5152 exerceant
3311 5077 3399 5134 vel
3427 5077 3737 5152 ostentent.
3754 5090 3776 5117 υ

2169 5151 2525 5208 Claudianus
2551 5139 2870 5206 Mamertus
2885 5149 2988 5204 lib.
3022 5165 3042 5206 ι
3072 5150 3144 5205 de
3168 5154 3324 5206 statu
3340 5149 3570 5216 animae,
3599 5139 3737 5217 capt
3762 5154 3774 5217 ξ

2172 5224 2294 5278 «Et
2331 5223 2610 5295 quoniam
2647 5221 3136 5295 humanitusper
3168 5219 3618 5295 imprudentiam
3653 5219 3776 5295 ᾏςιρει

2171 5297 2331 5361 sunt,
2347 5285 2576 5366 eligunt
2601 5291 2908 5366 audaciam
2921 5285 3112 5366 culpas
3125 5309 3244 5349 sua:
3255 5285 3541 5366 pervicaci
3551 5285 3778 5346 obstina-

2169 5366 2326 5447 t‘ipne
2361 5362 2692 5447 defendere,
2736 5379 2810 5418 ne
2847 5362 3156 5447 videantur
3201 5362 3462 5447 potuisse
3499 5369 3780 5447 peccarit-:3

2170 5437 2477 5510 Eleganter
2504 5435 2562 5510 ip
2591 5428 3000 5510 hujuscemodi
3023 5428 3713 5510 virosinvehitur'l‘ullius
3731 5428 3780 5478 in

2170 5506 2300 5568 loco
2321 5523 2496 5587 quem
2526 5507 2726 5584 Lupus
2757 5506 2957 5564 statim
2989 5506 3246 5582 subjicit.
