3982 6152
430 273 547 336 6U

1418 264 1489 327 Β.
1537 265 1606 327 S.
1648 261 1831 329 LUPl
1875 263 2206 327 ABBA’l‘lS
2251 266 2847 331 FEBRARIENSIS.

3673 273 3779 351 ea

430 405 570 460 ditis
598 400 828 461 valeant
846 400 1396 466 demonstrare,non
1412 396 1603 452 solum
1624 396 1967 452 resistamus
1999 397 2079 452 ni-
2107 400 2162 469 Α
2193 415 2403 470 ponam
2436 416 2619 455 unum
2653 401 2807 474 quod
2841 417 2974 457 cum
3006 401 3090 459 eis
3126 402 3296 460 faciat
3322 402 3705 474 testimonium,
3729 411 3779 471 et

429 492 536 559 hil,
560 507 760 549 verum
783 490 940 547 2M
957 487 1133 545 etiam
1154 486 1403 544 libenter
1419 485 1479 542 in
1501 502 1704 543 eorum
1728 484 2080 543 sententiam

430 587 823 639 transeamus.
840 577 988 634 Nam
1019 576 1069 632 si
1099 574 1188 634 sol
1221 592 1423 642 caecos,
1439 591 1781 648 quanquam
1813 591 1928 630 non
1950 574 2081 631 illu-

430 670 635 738 minat,
668 672 867 725 tamen
898 666 1068 733 fovet,
1093 681 1198 720 cur
1227 681 1344 721 non
1377 662 1670 737 potentior
1699 662 1808 730 sol,
1837 664 1946 719 etsi
1963 680 2081 720 non

431 758 616 815 salvat
643 774 750 814 suo
781 753 987 812 merito
1016 756 1333 810 excaecatos
1364 757 1539 825 atque
1574 752 1905 819 damnatos,
1931 752 2080 809 tanti

430 846 601 920 pretii
634 843 840 902 merito
872 842 1070 900 minus
1101 841 1349 916 puniat?
1372 841 1431 902 Si
1463 844 1657 898 tamen
1677 840 1787 897 hoc
1809 841 2083 898 admittat

430 934 657 995 consilii
685 934 815 1005 ejus
837 929 1255 998 benevolentia,
1282 930 1374 986 cui
1398 929 1629 986 canitur
1653 947 1666 984 :
1688 931 1886 987 Suavis
1897 930 2080 986 Domi-

426 1041 532 1081 nus
555 1023 848 1091 universis,
874 1029 928 1079 et
953 1021 1334 1079 miserationes
1364 1019 1482 1091 ejus
1511 1035 1676 1091 super
1702 1021 1889 1075 omnia
1919 1036 2082 1092 opera

426 1114 543 1188 ejus
563 1113 737 1182 (Psul.
770 1109 1105 1182 cxuv).Sed
1135 1108 1272 1164 huic
1303 1106 1565 1181 opinioni
1594 1107 1823 1164 videtur
1842 1110 2082 1182 Aposto-

425 1200 521 1257 lus
552 1198 851 1274 refragari,
876 1197 976 1254 uhi
1009 1198 1087 1253 ait
1119 1214 1131 1252 :
1166 1199 1277 1270 Ego
1306 1197 1513 1253 Paulus
1542 1197 1661 1253 dico
1690 1198 1864 1264 vobis,
1880 1199 2013 1269 quia
2031 1199 2083 1253 si

424 1288 919 1356 circwncidamiai,
936 1286 1180 1345 Christus
1200 1287 1350 1342 vobis
1379 1286 1525 1342 nihil
1547 1285 1792 1358 proderit
1815 1284 2078 1358 (Gal.m).

425 1379 573 1435 Nam
602 1378 652 1435 si
686 1375 832 1434 nihil
864 1374 1123 1449 proderit
1151 1375 1417 1430 Christus
1448 1373 1760 1447 baptizutis
1782 1374 1882 1446 qui
1904 1374 2080 1431 etiam

427 1468 709 1542 Spiritum
741 1471 1014 1521 sanctum
1045 1462 1394 1536 acceperint,
1415 1463 1567 1518 sicut
1588 1463 1743 1520 idem
1767 1462 2083 1535 Apostolus

424 1555 681 1617 declarat
709 1554 803 1610 his
831 1554 1024 1609 verbis
1058 1569 1070 1608 :
1105 1554 1189 1608 Ea:
1218 1553 1471 1623 operibus
1501 1552 1636 1621 legis
1656 1554 1914 1624 spiritum
1930 1570 2079 1610 acce-

419 1646 604 1717 pistis,
637 1660 710 1698 an
738 1659 808 1698 ea:
836 1641 1030 1697 auditu
1055 1640 1187 1712 ﬁdei
1215 1639 1354 1713 (Gal.
1388 1639 1482 1709 v)?
1522 1639 1601 1708 Si,
1635 1640 1898 1712 inquam,
1931 1641 2079 1697 nihil

424 1731 685 1805 proderit
712 1729 979 1787 Christus
1010 1727 1229 1784 talibus
1257 1728 1568 1801 baptizatis
1600 1746 1634 1784 a
1663 1729 1776 1785 fide
1814 1727 2076 1787 resilien-

425 1820 606 1889 tibus,
624 1817 1122 1892 quemadmodum
1154 1816 1411 1888 proderit
1441 1816 1661 1889 aliquid
1693 1817 2004 1890 baptizatis
2022 1823 2081 1875 et

426 1909 670 1982 relapsis
699 1907 760 1962 in
791 1907 1038 1963 crimina
1068 1923 1174 1962 nec
1205 1905 1478 1962 correctis
1529 1909 1586 1962 et
1635 1907 1972 1981 quibusque
2019 1907 2079 1963 in

425 1996 766 2054 infidelitate
794 1994 1127 2052 defunctis?
1158 1994 1375 2050 Verum
1408 2011 1480 2052 ne
1510 2011 1602 2051 me
1631 1995 2001 2052 irridendum
2025 2000 2081 2053 et

425 2085 821 2161 respuendum
853 2084 1235 2156 pronuntient
1265 2084 1493 2157 quibus
1511 2083 1699 2156 placet
1729 2101 1935 2141 omnes
1961 2084 2080 2141 sive

423 2175 608 2232 bonos
641 2174 762 2231 sive
784 2172 971 2229 malos
990 2172 1390 2231 inditl'erenter
1416 2191 1450 2230 a
1470 2173 1699 2230 Christo
1723 2174 2079 2247 redemptos,

424 2326 850 2356 τετε-ξεεὲ

2188 503 2288 543 eos
2321 504 2547 555 omnes,
2572 492 2637 543 ut
2657 489 2882 563 Opinor,
2906 490 2967 546 in
2996 490 3245 565 gratiam
3266 492 3781 553 reduxere..loannes

2190 574 2895 650 Constantinopolitanus,
2930 579 3198 636 doctrina
3239 585 3294 636 et
3337 581 3622 639 sanctitate
3641 583 3784 655 juxta

2190 662 2442 736 insignis
2463 663 2867 737 episcopus,ut
2890 666 3079 740 gratia
3100 665 3203 723 Dei
3222 683 3322 740 pro
3345 666 3601 724 omnibus
3618 672 3784 741 gusta-

2188 752 2336 808 verit
2366 756 2637 822 mortem,
2666 755 2820 828 quod
2851 771 3030 829 supra
3050 756 3179 827 jam
3203 756 3390 828 posui,
3419 755 3499 811 sic
3526 757 3780 830 exposuit,

2190 840 2442 912 qualiter
2461 842 2651 915 gratia
2670 842 2770 898 Dei
2796 859 2900 915 pro
2922 843 3197 901 omnibus
3216 842 3524 918 gustaverit
3549 849 3787 913 mortem,

2191 947 2307 985 non
2337 947 2442 1003 pro
2474 930 2745 988 ﬁdelibus
2774 935 3027 1000 tantum,
3042 934 3144 990 sed
3175 950 3279 1007 pro
3300 933 3514 989 mundo
3534 933 3786 991 universo.

2188 1020 2260 1075 Et
2289 1018 2415 1092 ipse
2444 1019 2682 1092 quidem
2714 1037 2818 1095 pro
2850 1022 3125 1078 omnibus
3146 1026 3414 1079 mortuus
3440 1022 3691 1088 est.0uid
3708 1039 3788 1080 au-

2188 1111 2306 1165 tem
2338 1107 2387 1163 si
2420 1125 2537 1165 non
2557 1126 2760 1166 omnes
2783 1110 3069 1168 credunt?
3090 1110 3192 1168 Ille
3212 1111 3367 1188 quod
3389 1127 3554 1169 suum
3576 1115 3687 1167 erat
3705 1110 3789 1167 im-

2189 1196 2385 1268 plevit.
2418 1219 2446 1249 »
2479 1196 2670 1271 Eligat
2701 1215 2864 1268 sane,
2881 1198 3284 1272 superioribus
3313 1202 3477 1256 acute
3506 1197 3791 1255 considera-

2187 1285 2284 1353 tis,
2311 1286 2723 1360 unusquisque
2752 1287 2908 1359 quod
2938 1288 3227 1360 optimum
3249 1287 3302 1344 ei
3326 1287 3476 1344 Deus
3496 1285 3701 1345 occulta
3718 1287 3789 1343 in-

2189 1374 2509 1448 spiratione
2539 1376 2918 1450 suggesserit,
2945 1381 3047 1433 aut
3079 1376 3364 1451 magistra
3391 1376 3515 1449 ejus
3533 1375 3791 1449 Scriptura

2189 1464 2499 1521 manifesta
2530 1465 2752 1521 ratione
2780 1464 3108 1539 protulerit.

2259 1554 2410 1611 245
2444 1553 2573 1609 Haec
2605 1553 2783 1611 habui
2815 1572 2941 1627 quae
2989 1555 3062 1610 de
3109 1554 3299 1611 tribus
3348 1572 3460 1610 non
3490 1552 3789 1628 spernendis

2187 1641 2610 1714 quaestionibus
2641 1642 2915 1710 dicerem,
2948 1646 3124 1716 atque
3154 1642 3382 1699 utinam
3412 1646 3529 1700 tam
3572 1641 3788 1716 proﬁcue

2188 1747 2365 1803 quam
2396 1730 2636 1804 prolixe.
2669 1731 2803 1796 Quae
2851 1731 2901 1788 si
2951 1747 3302 1806 cognoscere
3333 1748 3448 1788 non
3488 1729 3791 1788 fastidierint

2189 1818 2807 1893 studiosi,quanquam
2828 1820 3151 1894 approbare
3173 1838 3290 1877 non
3322 1821 3545 1894 possint
3561 1821 3786 1877 obtusam

2189 1907 2593 1981 incultumque
2622 1925 2814 1967 meam
2846 1909 3328 1983 disputationem,
3359 1914 3550 1968 tamen
3594 1908 3788 1983 quando

2186 1996 2518 2054 volentibus
2544 1999 2697 2071 quod
2733 1997 2875 2054 utile
2923 1998 3121 2072 putavi
3163 1999 3441 2057 benevole
3486 2013 3788 2074 cognoscen-

2189 2087 2332 2142 dum
2355 2087 2744 2159 exposui.non
2763 2086 3203 2161 improbabunt,
3217 2087 3589 2159 credo,talem
3609 2085 3791 2143 scilicet

2185 2174 2476 2232 volentem
2506 2176 2786 2248 prodesse
2815 2176 3201 2233 devotionem.

851 2325 3785 2357 Μ

1402 2474 1540 2583 Β.
1636 2476 2376 2584 εειινΑτι
2463 2477 2867 2581 ιυιιι

1700 2671 2220 2729 FEBRARIENSIS
2257 2673 2564 2730 ABBATIS
3310 2679 3315 2683 ’

840 2830 1012 2885 ³⁸⁸
1046 2836 1869 2987 COLLECTANEUM
1945 2840 2079 2987 Illi
2148 2839 2535 2988 TRIBUS
2605 2839 3351 3014 QU/ESTIONIBIJ

490 3211 1369 3270 Multislaudabiliterstudiosis
1383 3212 1849 3268 desiderantibus
1863 3229 2070 3286 cogno-
2099 3215 2141 3282 (ἶ
2180 3214 2364 3270 amori
2397 3214 2569 3270 fuerit
2599 3219 2655 3271 et
2684 3214 2909 3272 honori.
2933 3238 2962 3266 »
2994 3215 3094 3271 Hic
3122 3215 3186 3288 (τ’)
3208 3215 3572 3273 clarissimus
3601 3215 3782 3278 doctor,

418 3320 578 3359 scere
608 3302 753 3376 ipsis
782 3304 1087 3357 auctorum
1129 3301 1319 3356 verbis
1353 3317 1528 3373 quem
1558 3300 1775 3358 exitum
1808 3300 2066 3357 habeant

418 3390 768 3464 quaestiones
800 3391 868 3445 de
899 3389 1405 3462 praedestinatione
1454 3406 1520 3444 ac
1573 3388 1755 3445 libero
1805 3389 2068 3457 arbitrio,

418 3496 643 3535 necnon
676 3479 747 3535 de
778 3476 1181 3551 redemptione
1208 3478 1518 3550 sanguinis
1564 3477 1798 3542 Christi,
1822 3477 2072 3533 ﬁdeliter

372 3590 379 3595 ·
417 3582 640 3629 morem
673 3565 857 3639 gessi;
891 3569 956 3621 ut
985 3569 1042 3622 et
1085 3565 1177 3637 pie
1227 3565 1612 3638 quaarentium
1664 3566 1910 3621 eruditio
1950 3564 2070 3620 lar-

414 3656 609 3728 giente
639 3654 738 3709 Dei
788 3653 977 3727 gratia
1023 3654 1215 3725 capiat
1266 3654 1713 3723 incrementum,
1745 3658 1802 3710 et
1843 3653 2071 3709 diversa

414 3742 795 3799 sentientium
829 3740 1207 3797 contradictio
1239 3741 1559 3815 mitigetur.
1581 3742 1695 3799 Nec
1728 3742 2070 3815 aspernabi-

412 3836 510 3886 tur
540 3828 857 3886 benevolus
881 3834 937 3884 et
960 3830 1220 3900 prudens
1248 3828 1502 3897 lector,si
1521 3830 1775 3886 deferam
1800 3848 1902 3903 per
1922 3847 2068 3903 quos

413 3917 631 3992 profeci
662 3921 719 3973 et
748 3916 986 3990 proficio
1006 3917 1293 3989 doctores,
1306 3916 1397 3974 vel
1431 3920 1476 3976 si
1512 3936 1714 3975 eorum
1750 3919 2069 3992 assignatis

411 4005 852 4064 obscurioribus
902 4005 1213 4062 sententiis
1263 4004 1486 4079 aliquid
1538 4006 1689 4063 lucis
1731 4007 2064 4076 infundam,

413 4111 548 4150 cum
580 4110 781 4151 eorum
811 4093 1052 4150 honoris
1084 4111 1314 4151 mecum
1345 4094 1557 4152 habere
1578 4096 1786 4153 debeat
1807 4097 2070 4153 conside-

413 4181 719 4250 rationem,
754 4185 811 4237 et
838 4180 1117 4239 facillime
1149 4183 1336 4255 possit
1365 4183 1682 4255 advertere,
1704 4188 1782 4254 (a)
1824 4202 1940 4241 non
1973 4202 2068 4241 os-

411 4271 750 4328 tentationis
778 4271 1053 4338 vanitate,
1084 4273 1184 4328 sed
1218 4273 1593 4330 ostendendae
1620 4274 1882 4331 veritatis
1912 4278 2065 4340 voto,

414 4376 509 4416 me
566 4358 931 4432 deprehensa
978 4363 1326 4416 monstrum.
1370 4360 1499 4417 Jam
1555 4361 1754 4435 itaque
1812 4363 2067 4420 narratio

413 4448 779 4522 propositum
812 4453 1188 4521 exsequatur.

485 4537 560 4611 (b)
580 4537 931 4594 Caelestinus
946 4555 1098 4611 papa
1109 4538 1347 4594 beatum
1360 4539 1755 4611 Augustinum
1768 4539 1861 4596 his
1877 4540 2066 4596 verbis

415 4627 787 4683 commendat
817 4626 993 4699 (epist.
1038 4629 1092 4697 8,
1125 4626 1195 4683 ad
1224 4628 1494 4700 episcopos
1525 4628 1873 4701 Galliarum).
1899 4652 1927 4679 ‹‹
1957 4631 2066 4684 Au-

413 4714 720 4787 gustinum
771 4718 985 4770 sanctae
1012 4715 1430 4773 recordationis
1459 4715 1648 4772 virum
1681 4734 1784 4790 pro
1814 4717 1931 4772 vita
1959 4734 2070 4773 sua

413 4807 590 4875 atque
618 4802 844 4858 meritis
862 4802 922 4858 in
945 4808 1145 4860 nostra
1165 4805 1576 4861 communione
1606 4822 1838 4878 semper
1855 4805 2066 4862 habui-

413 4907 686 4959 mus,nec
717 4908 979 4965 unquam
1014 4892 1171 4949 hunc
1201 4894 1452 4951 sinistrae
1477 4894 1831 4968 suscipionis
1853 4894 2063 4951 saltem

414 4994 618 5035 rumor
646 4981 915 5053 aspersit.
950 4983 1131 5047 Quem
1161 4985 1341 5038 tanta!
1389 4982 1645 5039 scientiae
1695 4983 1834 5039 olim
1884 4983 2067 5040 fuisse

414 5066 896 5138 meminimus,ut
928 5069 1079 5126 inter
1104 5071 1419 5144 magistros
1449 5073 1597 5129 241
1625 5072 1799 5128 etiam
1844 5089 1878 5128 a
1919 5073 2067 5129 meis

412 5155 822 5212 decessorihus
852 5154 1183 5213 haberetur.
1204 5162 1356 5214 Bene
1386 5174 1522 5232 ergo
1554 5159 1625 5215 de
1656 5175 1721 5215 eo
1753 5175 1957 5215 omnes
2005 5159 2066 5215 in

414 5260 729 5301 commune
759 5250 1094 5313 senserunt,
1128 5249 1329 5318 utpote
1359 5246 1459 5318 qui
1489 5247 1709 5320 ubique
1740 5248 1969 5305 cunctis
2011 5251 2070 5305 et

484 5371 563 5437 (ιι)
584 5372 705 5449 ζνρη
731 5374 977 5448 ostentat.
1000 5370 1256 5449 vanitate.
1288 5369 1374 5449 In.
1407 5368 1652 5449 epistola
1673 5440 1683 5449 _
1698 5371 1840 5449 i285
1868 5394 1896 5421 «
1928 5371 2064 5449 Nec,

414 5443 481 5493 ut
510 5438 751 5522 quidam
787 5438 1076 5522 suspicari
1109 5455 1182 5521 se
1201 5438 1506 5522 simulant.
1528 5440 1799 5508 inaniter,
1824 5441 1932 5522 hoc
1957 5438 2065 5513 est,

412 5508 573 5564 una:
604 5508 801 5583 glorias
827 5508 1022 5566 studio
1052 5509 1224 5583 cupio
1267 5511 1722 5571 innotescere...
1756 5514 1857 5572 sed
1908 5508 2068 5573 asse;

416 5578 608 5642 renda:
638 5581 901 5641 veritatis
933 5580 1174 5660 intuitu,
1208 5604 1238 5636 ››
1270 5585 1379 5642 etc.

2179 3303 2335 3359 sedis
2357 3304 2687 3377 apostolicae
2707 3308 2874 3360 tanto
2895 3304 3184 3377 praeconio
3202 3303 3559 3373 laudatus,iu
3580 3302 3709 3357 libro
3727 3298 3783 3354 ad

2178 3391 2554 3448 Laurentium
2604 3393 2675 3449 de
2706 3393 2863 3462 Fide,
2896 3393 3029 3466 Spe,
3061 3397 3118 3449 et
3142 3392 3463 3460 Charitate,
3496 3408 3655 3466 quem
3683 3389 3783 3462 jam

2178 3479 2488 3554 episcopus
2518 3486 2575 3537 et
2602 3498 2778 3538 senex
2828 3482 3032 3548 edidit,
3063 3482 3513 3554 praedestinatos
3553 3482 3714 3535 bonos
3742 3479 3787 3530 et

2179 3568 2367 3625 malos
2396 3571 2477 3625 ita
2507 3570 2769 3626 insinuat
2790 3571 3127 3639 (Enchiridii
3152 3586 3270 3643 cap.
3296 3571 3495 3644 400).«
3516 3569 3633 3627 Hec
3652 3568 3779 3632 sunt.

2176 3656 2389 3729 inquit,
2421 3675 2623 3730 magna
2652 3675 2815 3731 opera
2847 3660 3089 3723 Domini,
3120 3661 3402 3731 exquisita
3434 3662 3494 3716 in
3524 3672 3690 3713 omnes
3712 3668 3783 3709 vo-

2179 3746 2413 3802 luntates
2434 3748 2569 3818 ejus,
2586 3750 2642 3803 et
2678 3753 2801 3803 tam
2833 3747 3126 3821 sapienter
3153 3749 3467 3820 exquisita,
3482 3753 3545 3804 ut
3564 3761 3680 3803 cum
3701 3758 3782 3798 an-

2176 3833 2361 3905 gelica
2408 3839 2465 3889 et
2508 3834 2769 3891 humana
2818 3839 3083 3892 creatura
3131 3841 3455 3909 peccasset,
3486 3836 3540 3891 id
3569 3838 3664 3899 est,
3692 3844 3783 3885 non

2176 3923 2332 3994 quod
2365 3921 2483 3992 ille,
2518 3925 2618 3980 sed
2651 3925 2808 3996 quod
2833 3924 3018 3980 voluit
3046 3923 3174 3996 ipsa
3220 3924 3477 3993 fecisset,
3510 3922 3668 3980 etiam
3704 3930 3786 3991 per

2177 4010 2444 4067 eamdem
2474 4015 2749 4068 creatura:
2770 4011 3152 4081 voluntatem,
3177 4029 3290 4085 qua
3327 4013 3545 4069 factum
3564 4013 3642 4066 est
3657 4003 3781 4080 quod

2176 4098 2411 4155 Creator
2438 4098 2924 4172 noluit,impleret
2945 4100 3071 4173 ipse
3091 4101 3245 4173 quod
3266 4100 3474 4168 voluit,
3490 4100 3626 4154 bene
3644 4100 3783 4150 utens

2175 4191 2233 4244 et
2261 4187 2453 4256 malis,
2486 4192 2770 4261 tanquam
2800 4205 3033 4245 summe
3064 4190 3273 4254 bonus,
3298 4190 3376 4245 ad
3408 4203 3603 4246 eorum
3648 4184 3785 4238 dam-

2176 4275 2473 4332 nationem
2506 4293 2655 4349 quos
2677 4277 2839 4349 juste
2868 4277 3299 4349 praedestinavit
3319 4278 3397 4334 ad
3418 4274 3709 4350 penam,et
3724 4266 3781 4339 ad

2175 4381 2377 4420 eorum
2407 4364 2657 4422 salutem
2687 4383 2835 4438 quos
2866 4366 3114 4439 benigne
3140 4365 3574 4439 praedestinavit
3599 4361 3662 4418 ad
3680 4355 3785 4432 glo-

2176 4470 2323 4509 riam
2333 4495 2345 4508 .
2381 4475 2410 4505 »

2246 4542 2407 4597 Idem
2440 4540 2500 4596 in
2530 4541 2736 4599 ultimo
2779 4543 2851 4599 de
2879 4542 3118 4600 Civitate
3163 4541 3263 4599 Dei
3293 4542 3465 4613 libro,
3500 4555 3658 4614 quem
3679 4536 3781 4608 jam

2177 4630 2484 4704 episcopus
2516 4633 2866 4704 composuit,
2883 4636 3247 4705 expresserat
3277 4632 3399 4705 (lib.
3426 4647 3560 4698 χχιι,
3580 4622 3777 4698 capit.

2174 4722 2275 4776 sub
2285 4721 2492 4792 tinent).
2508 4744 2536 4770 «
2552 4720 3127 4793 Haac,inquit,omnia
3148 4720 3495 4777 miserorum
3517 4713 3787 4774 suntdam-

2173 4813 2562 4881 natorumque
2583 4808 2929 4877 solatia,non
2963 4808 3203 4882 praemia
3226 4807 3685 4871 beatorum.0um
3703 4796 3785 4870 igi-

2171 4901 2270 4952 tur
2298 4896 2401 4952 illa
2431 4903 2590 4966 sunt,
2618 4898 2667 4954 si
2698 4902 2783 4954 tot
2813 4902 2869 4954 et
2898 4897 3014 4955 alia
3044 4916 3111 4955 ac
3142 4902 3304 4954 tanta
3332 4902 3477 4955 sunt
3505 4883 3781 4955 istaiouid

2175 4986 2337 5041 dabit
2357 4986 2440 5041 eis
2463 5002 2611 5057 quos
2634 4987 2899 5057 praedesti
2909 4986 3067 5043 navit
3093 4987 3164 5043 ad
3194 4986 3502 5058 vitam,qui
3523 4984 3637 5040 haec
3654 4973 3786 5035 dedit

2174 5073 2350 5130 etiam
2381 5074 2466 5130 eis
2496 5090 2642 5146 quos
2681 5076 3112 5147 praedestinavit
3140 5077 3209 5131 ad
3242 5073 3529 5132 mortem?
3557 5092 3585 5123 »
3615 5069 3670 5124 In
3704 5076 3783 5147 90f

2175 5162 2429 5218 nultimo
2461 5167 2657 5219 autem
2683 5146 2949 5234 ejusdem
2978 5168 3101 5220 tam
3136 5163 3415 5221 elaborati
3462 5166 3519 5218 et
3566 5146 3785 5214 mirandi

2175 5250 2370 5322 operis
2399 5249 2549 5306 libro
2581 5251 2665 5307 sic
2687 5251 2963 5309 docuerat
2982 5269 2997 5309 :
3017 5251 3147 5309 Haec
3164 5268 3342 5309 causa
3361 5267 3479 5324 qua
3499 5248 3565 5304 fit
3584 5248 3643 5300 ut
3656 5250 3786 5297 nunc

2248 5374 2560 5447 (blcwlﬂt.
2589 5392 2756 5447 papa.
2789 5376 3074 5447 Eumdem
3122 5374 3315 5432 locum
3362 5374 3529 5431 affert
3567 5369 3622 5424 in
3662 5364 3784 5421 libro

2178 5446 2464 5520 detribus
2495 5446 2944 5520 Quaestionibus,
2979 5463 3110 5520 pug.
3136 5448 3266 5520 237.
3364 5516 3377 5520 Α
3490 5516 3499 5520 _
3666 5505 3698 5520 η

2248 5517 2317 5591 (c)
2350 5518 2702 5595 Clarissimus
2751 5511 2951 5595 doctor.
2979 5511 3320 5595 ‘quuiturg
3347 5516 3418 5595 de
3471 5511 3783 5595 Augu‘stinog.

2179 5574 2354 5667 quem
2382 5588 2781 5649 clarissimum
2828 5574 3124 5665 auctorem
3165 5593 3331 5652 vocat
3361 5587 3425 5646 in
3451 5574 3685 5661 spiritale
3707 5574 3784 5633 30.
