3982 6152
432 332 547 395 651

1420 332 1491 393 Β.
1540 332 1604 392 S.
1649 330 1835 394 LUPI
1880 328 2209 392 ABBATIS
2254 328 2850 391 FERRARIENSIS.

3656 335 3752 397 652

432 484 504 522 ne
537 462 1736 537 fertequisaudiensmalosprmdestinalos
1766 461 2159 530 arbitroturA
2192 460 2516 533 paululum,
2580 460 2840 515 refutans
2910 458 2968 514 id
3040 460 3190 532 quod
3244 459 3495 516 Julianus
3553 465 3759 538 scripse-

431 557 618 611 Deum
645 557 940 609 auctorem
994 551 1336 624 perditionis
1376 568 1598 619 eorum,
1632 551 1782 606 sicut
1813 553 1957 608 251
1999 556 2088 607 est

433 648 636 701 auctor
686 640 896 698 salutis
941 657 1141 696 eorum
1191 657 1339 712 quos
1389 639 1820 711 praedestinavit
1858 640 1929 695 ad
1960 638 2084 712 glo-

434 732 603 798 riam,
637 730 962 786 consideret
993 729 1143 801 quod
1176 727 1331 784 idem
1363 729 1518 784 Deus
1540 730 1614 799 (a)
1649 729 1826 784 Adam
1859 732 2083 783 rectum

435 821 588 887 fecit,
623 820 763 875 etin
796 835 861 875 eo
892 817 1253 890 originaliter
1282 822 1470 873 rectos
1499 835 1606 873 nos
1648 833 1852 872 omnes
1883 816 2082 872 condi-

436 909 533 965 cit.
562 911 638 977 (ὁ)
674 907 804 963 Fuit
832 907 988 963 enim
1020 907 1227 970 Adam,
1260 911 1327 960 ut
1356 906 1439 961 ait
1470 906 1674 961 beatus
1713 904 2080 971 Ambrosius,

436 1001 493 1053 et
540 998 598 1052 in
655 1012 722 1053 eo
777 995 997 1051 fuimus
1046 1011 1279 1050 omnes:
1336 994 1506 1066 periit
1534 995 1741 1060 Adam,
1774 999 1832 1048 et
1874 993 1934 1048 in
1986 992 2083 1048 illo

436 1102 640 1143 omnes
668 1084 1136 1158 perierunt.Cum
1166 1083 1363 1156 itaque
1391 1100 1594 1139 omnes
1624 1082 1767 1138 recti
1818 1099 2083 1137 essemus

434 1171 494 1227 in
526 1171 838 1239 Adam,illo
869 1173 1091 1243 absque
1124 1170 1244 1226 ulla
1276 1171 1619 1226 necessitate
1648 1170 2084 1241 peccante,sine

434 1261 612 1317 dubio
642 1260 898 1332 corrupti
930 1276 1140 1315 sumus
1170 1262 1404 1331 peccato
1422 1263 1480 1314 et
1496 1259 1690 1314 divino
1716 1257 1976 1314 damnati
1990 1260 2084 1329 ju-

434 1348 603 1405 dicio.
638 1351 718 1405 Ex
750 1349 858 1404 hac
890 1348 1070 1403 totius
1102 1347 1333 1420 generis
1363 1346 1606 1402 humani
1638 1364 1837 1403 massa
1876 1346 2082 1402 merito

432 1438 709 1495 damnata
740 1454 872 1492 cum
909 1438 1057 1491 fiunt
1088 1454 1224 1491 vasa
1254 1436 1312 1491 in
1348 1436 1649 1502 honorem,
1675 1436 1783 1492 hoc
1815 1442 1921 1502 est,
1947 1454 2080 1491 cum

431 1528 764 1583 formantur
793 1525 1265 1591 electi,exuberat
1299 1525 1394 1580 Dei
1429 1525 1846 1591 misericordia,
1879 1530 1936 1581 et
1962 1523 2085 1582 sola

431 1617 559 1688 ejus
589 1616 777 1687 gratia
805 1618 1083 1686 corrupta
1116 1613 1377 1669 salvatur
1408 1620 1635 1669 natura.
1670 1614 1817 1686 Ergo
1847 1618 1905 1669 et
1927 1613 2083 1685 quod

431 1709 704 1761 creantur
733 1709 787 1759 et
818 1705 966 1775 quod
1003 1702 1302 1758 salvantur
1323 1703 1422 1758 Dei
1447 1708 1812 1775 est,quorum
1836 1702 2083 1758 alterum

432 1793 941 1867 opiﬁcio,alterum
977 1794 1107 1864 ejus
1139 1792 1416 1847 beneficio
1435 1792 1921 1865 deputatur.Cum
1952 1808 2084 1846 vero

432 1899 501 1939 ex
530 1883 733 1938 eadem
767 1898 964 1938 massa
983 1881 1135 1936 fiunt
1152 1898 1290 1937 vasa
1312 1881 1369 1936 in
1404 1880 1957 1946 contumeliam,hoc
1975 1883 2082 1946 est,
2116 1850 2159 1915 Β

433 1988 548 2027 non
581 1970 843 2027 salvandi
870 1969 1451 2043 producuntur,nihil
1472 1969 1687 2024 mirum
1708 1969 1888 2024 videri
1915 1969 2085 2024 debet

433 2061 570 2133 quia
602 2060 907 2133 spontanei
939 2060 1161 2132 peccati
1197 2061 1403 2115 merito
1433 2059 1712 2113 damnata
1758 2065 1846 2113 est
1890 2073 2086 2112 massa

429 2150 586 2206 unde
614 2148 1148 2221 creantur.(c)Quod
1170 2165 1307 2220 ergo
1339 2153 1628 2215 creantur,
1653 2147 1755 2203 Dei
1786 2151 1901 2214 est;
1927 2146 2082 2218 quod

430 2240 809 2308 damnantur,
844 2238 1129 2310 ipsorum.
1164 2239 1234 2292 Et
1287 2237 1428 2310 quia
1470 2238 1696 2292 nesciat
1730 2236 2081 2292 creationem

430 2328 746 2399 cujuslibet
776 2327 1103 2392 rei,nedum
1135 2325 1412 2393 hominis,
1446 2326 1662 2380 bonam
1695 2341 1843 2391 esse,
1877 2329 2082 2396 sponte

428 2432 562 2471 vero
595 2415 922 2472 commissa
954 2415 1137 2485 culpae
1187 2414 1467 2469 ultionem
1509 2415 1735 2485 justam
1790 2412 2080 2468 existere?

429 2504 575 2560 Cum
609 2504 806 2575 itaque
823 2504 1006 2558 bonos
1029 2503 1470 2575 prmdestinatos
1483 2501 2079 2567 audimus,creantem

428 2593 633 2661 Deum,
668 2596 726 2647 et
751 2608 820 2647 ex
850 2592 1058 2647 merito
1091 2592 1370 2647 damnata
1400 2606 1598 2646 massa
1626 2607 1724 2647 eos
1755 2607 1863 2645 sua
1892 2588 2081 2663 gratia

426 2681 771 2737 liberantem
804 2680 1165 2748 intueamur;
1199 2681 1332 2735 eum
1348 2697 1481 2735 vero
1505 2678 1689 2734 malos
1710 2679 2081 2751 praedestina-

423 2770 683 2837 tos,item
717 2773 1013 2825 creantem
1044 2786 1143 2825 eos
1173 2769 1444 2837 Deum,et
1472 2769 1530 2823 in
1564 2768 1771 2824 merito
1802 2768 2080 2823 damnata

425 2876 625 2915 massa
645 2858 874 2930 judicio
900 2856 1323 2930 relinquentem
1356 2857 1891 2913 eonsideremus.Et
1911 2856 1995 2912 sic
2016 2856 2075 2911 in

425 2948 696 3020 utrisque
727 2946 1038 3003 creationis
1069 2947 1288 3002 bonum
1311 2962 1542 3019 semper
1562 2946 1731 3002 nobis
1762 2945 2075 3013 constabit,

425 3040 481 3094 et
492 3035 578 3092 vel
597 3035 657 3092 in
679 3037 1003 3108 assumptis
1017 3035 1528 3105 misericordia,vel
1544 3036 1599 3089 in
1615 3034 2077 3106 relictisjustitia

426 3125 932 3197 eminebit.Neque
959 3125 1116 3181 enim
1149 3125 1303 3180 Deus
1334 3140 1481 3195 quos
1512 3124 1769 3179 condidit
1801 3124 1857 3178 in
1882 3123 2074 3196 perdi-

2195 554 2284 605 rat
2336 566 2348 603 :
2402 550 2585 604 Pietas
2631 550 2950 620 explanavit
2993 557 3044 605 et
3088 550 3229 605 ratio
3279 551 3437 606 Deum
3484 567 3643 608 meum
3686 571 3763 609 ne-

2192 640 2403 694 minem
2452 639 2513 692 in
2563 638 2949 694 contumeliam
2996 640 3254 709 femore.
3286 660 3312 688 «
3360 638 3416 694 Si
3458 639 3596 696 Deus
3634 645 3763 714 tuus,

2193 727 2410 799 inquit,
2472 726 2532 782 in
2597 725 3012 782 contumeliam
3081 727 3366 783 neminem
3419 726 3627 799 format,
3676 747 3766 786 non

2192 820 2283 872 est
2313 816 2440 888 ipse
2472 814 2636 871 Pauli
2667 814 2913 886 apostoli
2935 814 3216 871 Deus.llle
3236 814 3440 888 quippe
3467 817 3531 871 de
3549 816 3648 872 Deo
3664 835 3769 875 vero

2193 904 2469 960 dicebat:
2506 905 2543 959 0
2591 904 2768 975 homo,
2816 911 2875 959 tu
2924 905 3048 975 quis
3089 920 3143 959 es
3189 906 3282 976 qui
3324 905 3617 974 respondeas
3657 907 3775 963 Deo?

2191 992 2452 1065 Nunquid
2499 990 2636 1047 dicit
2677 993 3000 1063 ﬁgmentum
3026 994 3081 1048 ei
3108 994 3204 1064 qui
3248 1008 3304 1048 se
3343 994 3513 1064 ﬁnxit.
3552 994 3672 1061 Quid
3707 1012 3774 1051 me

2190 1083 2374 1154 fecisti
2417 1082 2536 1137 sic?
2589 1085 2786 1137 Annon
2830 1082 2989 1136 habet
3031 1089 3338 1153 potestatem
3375 1082 3561 1152 ﬁgulus
3601 1084 3689 1139 luti
3723 1100 3777 1140 ex

2192 1172 2381 1227 eadem
2423 1188 2609 1226 massa
2652 1170 2808 1226 aliud
2856 1169 3074 1242 quidem
3114 1188 3214 1226 vas
3253 1171 3431 1242 facere
3467 1173 3520 1227 in
3547 1170 3776 1239 honorem,

2193 1259 2349 1315 aliud
2381 1261 2440 1315 in
2467 1259 2896 1316 contumeliam?
2927 1260 3101 1327 (Rom.
3142 1258 3240 1331 1x.)
3285 1259 3392 1315 Sed
3439 1263 3517 1325 tu,
3561 1258 3779 1316 videlicet

2193 1348 2397 1404 artifex
2428 1348 2933 1421 magnus,profors
2964 1365 3032 1403 ex
3062 1348 3296 1404 ofﬁcina
3312 1346 3599 1421 Pelagiana
3616 1348 3780 1405 melio-

2194 1455 2315 1493 rem
2350 1437 2662 1509 Dcum,qui
2698 1437 2926 1493 nullum
2960 1455 3061 1494 vas
3091 1438 3228 1493 fecit
3253 1437 3309 1493 in
3342 1436 3781 1493 contumeliam.»

2193 1526 2333 1582 ltom
2364 1530 2496 1598 post
2524 1524 2827 1597 aliquanta
2855 1528 2999 1597 (cap.
3035 1526 3154 1598 182)
3193 1543 3243 1580 :u
3266 1526 3388 1582 Non
3413 1525 3644 1581 abstinet
3660 1526 3781 1583 Deus

2193 1616 2414 1670 bonum
2449 1614 2816 1670 formationis
2850 1614 3002 1671 258
3030 1631 3149 1670 sua:
3182 1616 3356 1672 etiam
3380 1616 3449 1670 ab
3476 1614 3637 1687 stirpe
3657 1615 3783 1671 dam-

2196 1703 2467 1759 nata.Sed
2493 1703 2541 1758 si
2562 1703 2665 1758 tibi
2691 1702 2962 1776 displicet
2990 1703 3175 1759 Deum
3200 1719 3393 1759 creare
3412 1720 3552 1775 quos
3570 1704 3782 1769 damnet,

2192 1791 2491 1848 contradic
2518 1791 2592 1857 ei,
2617 1792 2664 1847 si
2698 1796 2972 1864 potes,ne
3002 1796 3157 1848 creet
3187 1808 3287 1848 eos
3318 1809 3463 1865 quos
3486 1790 3651 1847 malos
3671 1792 3785 1846 futu-

2193 1898 2287 1937 ros
2317 1884 2374 1935 et
2402 1881 2463 1936 in
2496 1880 2858 1952 malignitate
2891 1898 3077 1954 usque
3097 1881 3158 1936 in
3181 1881 3358 1937 finem
3380 1884 3786 1953 perseveratum

2193 1974 2249 2025 et
2264 1969 2335 2025 ob
2350 1969 2457 2025 hoc
2479 1970 2605 2026 sine
2629 1970 2990 2025 dubitatione
3012 1969 3510 2044 damnandosesse
3531 1968 3785 2042 praescivit;

2193 2062 2297 2113 aut
2326 2058 2377 2114 ei
2413 2075 2678 2131 suggere,
2708 2059 2757 2114 si
2788 2058 3111 2125 videtur,ut
3140 2063 3229 2114 tot
3259 2057 3442 2113 millia
3467 2055 3783 2131 parvulorum

2192 2164 2310 2202 non
2343 2146 2772 2219 baptizatorum
2804 2164 2952 2220 quos
2996 2147 3154 2203 novit
3184 2148 3407 2219 perdite
3437 2165 3558 2203 esse
3576 2147 3786 2202 victuma

2190 2241 2247 2291 et
2276 2236 2335 2290 in
2361 2241 2643 2291 aeternum
2676 2235 2871 2309 ignem
2903 2237 3222 2292 damnante
3271 2238 3397 2310 ipso
3446 2234 3571 2292 cum
3599 2234 3786 2291 diabolo

2189 2323 2398 2389 ituros,
2433 2324 2556 2396 rapi
2588 2328 2741 2380 vetet
2768 2341 2837 2380 ex
2864 2324 2974 2381 hac
3001 2325 3121 2380 vita
3150 2325 3295 2380 dum
3328 2329 3465 2381 sunt
3504 2325 3786 2380 innocentes

2190 2417 2248 2467 et
2277 2413 2434 2468 boni.
2470 2436 2498 2463 »
2532 2414 2600 2468 Et
2630 2413 2832 2485 paucis
2862 2413 3225 2487 interpositis
3258 2430 3273 2471 :
3308 2437 3336 2465 α
3364 2414 3504 2470 Cum
3536 2413 3693 2479 enim,
3718 2411 3784 2467 in-

2191 2501 2403 2573 quit,te
2422 2501 2705 2558 invidiose
2726 2503 2917 2559 dicere
2947 2503 3249 2575 putaveris
3274 2503 3455 2560 Deum
3477 2519 3651 2559 creare
3670 2518 3786 2573 quos

2188 2589 2448 2656 damnet,
2505 2589 2696 2663 cogita
2741 2594 2958 2663 quanto
3009 2591 3359 2649 invidiosius
3415 2591 3589 2665 possit
3635 2590 3787 2646 dicere

2187 2676 2339 2734 alius
2371 2678 2640 2735 similiter
2659 2697 2804 2735 vane
2827 2680 3010 2736 Deum
3045 2697 3388 2753 regenerare
3408 2680 3548 2754 quas
3574 2678 3785 2744 damnet,

2185 2780 2321 2820 cum
2353 2766 2433 2821 sit
2465 2766 2524 2821 in
2556 2767 2684 2838 ejus
2714 2766 3153 2839 omnipotentiae
3185 2772 3493 2840 potestate,
3522 2770 3786 2838 antequam

2184 2854 2549 2911 damnabiles
2576 2855 2845 2922 ﬁant,eos
2868 2856 2937 2911 de
2968 2855 3398 2913 tentationibus
3430 2854 3671 2912 mortalis
3687 2853 3785 2908 vitae

2183 2942 2363 3014 hujus
2394 2943 2642 3000 auferre.
2675 2945 2731 2999 Si
2761 2949 2956 3001 autem
2990 2962 3104 3002 non
3138 2949 3309 3017 potes
3341 2944 3452 3001 ista
3480 2945 3668 3007 dicere,
3703 2957 3783 2997 nec

2184 3032 2299 3088 Deo
2330 3031 2743 3105 contradicere,
2777 3051 2882 3090 nec
2912 3033 2997 3089 illi
3029 3035 3331 3107 sapientiae
3376 3038 3536 3090 tuum
3578 3032 3787 3106 prebere

2184 3120 2496 3177 consilium
2524 3124 2693 3194 (Quis
2722 3139 2870 3178 enim
2898 3125 3147 3193 cognovit
3189 3140 3417 3179 sensum
3459 3122 3680 3186 Domini,
3714 3126 3789 3174 aut

424 3214 641 3270 tionem
674 3213 943 3286 impellit,
977 3214 1077 3269 sed
1110 3229 1257 3284 quos
1288 3230 1403 3268 non
1451 3213 1659 3268 liberat
1688 3230 1721 3266 a
1751 3212 2074 3285 perditione
2106 3215 2148 3281 C
2186 3210 2307 3281 quis
2363 3211 2716 3267 consiliarius
2771 3212 2888 3284 ejus
2941 3211 3093 3283 fuit?
3124 3212 3215 3283 (Is.
3269 3216 3383 3283 XL),
3431 3211 3617 3269 desine
3653 3206 3788 3265 nobis

425 3318 528 3375 per
557 3303 806 3377 gratiam
838 3301 1118 3374 relinquit
1165 3301 1224 3356 in
1270 3302 1614 3373 perditione,
1649 3318 1827 3373 quam
1860 3300 1946 3357 vel
1982 3319 2079 3357 na-

423 3393 638 3448 scendo
686 3390 774 3446 vel
827 3396 1030 3464 postea
1076 3391 1316 3446 vivendo
1365 3396 1722 3458 meruerunt,
1765 3391 1917 3447 252
1975 3407 2077 3462 per

421 3480 496 3552 (d)
525 3480 949 3547 occultam,nec
980 3484 1175 3535 tamen
1200 3478 1736 3551 reprehendendam
1753 3479 2070 3551 justitiam.

420 3569 507 3623 Ita
524 3569 867 3640 Deus,juxta
882 3570 1118 3625 beatum
1130 3566 1469 3640 Apostolum
1483 3569 1651 3640 ,cujas
1664 3568 1778 3623 vult
1788 3570 2076 3624 miseretur

418 3664 469 3712 et
494 3672 653 3727 quem
680 3658 797 3712 vult
823 3658 1055 3713 obdurat
1084 3658 1256 3728 (Rom.
1290 3657 1388 3727 Ix),
1422 3656 1520 3729 qui
1555 3656 1753 3712 omnia
1797 3673 2071 3728 quaecun-

420 3761 533 3816 que
562 3745 744 3800 voluit
772 3746 906 3800 fecit
935 3745 995 3799 in
1027 3744 1168 3800 ccelo
1201 3750 1258 3800 et
1289 3746 1346 3799 in
1380 3750 1552 3801 terra.
1590 3746 1800 3800 Rectus
1839 3749 1928 3801 est
1974 3762 2072 3801 au-

420 3837 540 3888 tem
571 3833 857 3888 Dominus
889 3838 1039 3888 Deus
1062 3838 1339 3899 noster,et
1361 3850 1475 3890 non
1498 3838 1587 3890 est
1607 3834 1960 3906 iniquitasin
1982 3852 2068 3890 eo.

417 3925 497 3977 De
528 3920 621 3977 hic
651 3922 749 3993 qui
783 3921 1107 3978 liberantur
1135 3921 1355 3978 dictum
1387 3928 1476 3978 est
1510 3940 1521 3977 :
1557 3924 1732 3979 Nolite
1761 3925 2072 3995 timcre.pu-

415 4011 579 4066 sillus
606 4026 761 4080 grex,
797 4012 929 4083 quia
954 4012 1283 4082 complacuit
1332 4014 1493 4067 Patri
1532 4019 1705 4068 vestro
1752 4011 1884 4068 dare
1926 4014 2070 4069 vobis

416 4115 648 4169 regnum
671 4099 821 4172 (Luc.
848 4102 970 4167 xu).
1004 4099 1082 4155 De
1113 4099 1205 4156 his
1236 4104 1432 4155 autem
1465 4099 1565 4173 qui
1605 4099 2019 4173 relinquuntur
2052 4118 2065 4156 :

412 4191 638 4249 Dimisit
663 4205 751 4246 eos
779 4190 1076 4246 secundum
1122 4189 1392 4245 desideria
1438 4189 1615 4245 cordis
1666 4206 1873 4256 eorum,
1912 4192 2069 4246 ibunt

415 4281 477 4335 in
504 4279 988 4335 adinventionibus
1017 4280 1135 4333 suis
1164 4279 1339 4346 (Psat.
1374 4281 1559 4347 axx).

486 4370 650 4424 Hunc
680 4384 922 4425 sensum
969 4367 1177 4421 beatus
1223 4366 1589 4439 Augustinus
1637 4368 1694 4422 in
1747 4373 2067 4425 memorato

411 4455 581 4525 libro,
615 4472 812 4528 quem,
848 4458 913 4509 ut
939 4453 1189 4524 ostendi,
1222 4453 1499 4509 ultimum
1532 4455 1686 4521 fecit,
1733 4455 1825 4511 his
1872 4457 2065 4512 verbis

412 4545 555 4602 satis
609 4544 838 4617 aperuit
883 4544 1003 4613 (lib.
1037 4560 1075 4607 1,
1108 4559 1155 4598 ο.
1194 4543 1297 4597 126
1330 4560 1342 4598 :
1382 4565 1409 4593 υ
1458 4543 1603 4598 Cum
1654 4542 1950 4611 dicuntur,
1983 4545 2068 4600 in-

410 4633 557 4706 quit,
577 4651 782 4689 omnes
812 4649 879 4688 ex
909 4649 1027 4688 uno
1057 4632 1116 4686 in
1142 4630 1851 4705 condemnationem,ipsa
1872 4649 2070 4690 massa

410 4721 776 4794 significatur
804 4739 872 4776 ex
903 4738 1020 4793 qua
1050 4720 1200 4776 fiunt
1230 4737 1264 4775 a
1293 4720 1471 4794 ﬁgulo
1504 4720 1617 4777 alia
1638 4738 1776 4778 vasa
1802 4721 1864 4777 in
1881 4722 2064 4779 hono-

408 4808 619 4876 rem,id
650 4813 738 4865 est
768 4824 894 4880 quae
926 4814 1314 4865 assumuntur
1343 4809 1401 4863 in
1436 4809 1831 4883 gratiam,alia
1852 4808 1911 4865 in
1934 4828 2067 4867 cou-

406 4896 668 4964 tumelia,
704 4896 760 4951 id
805 4901 895 4952 est
942 4913 1068 4969 qua:
1118 4898 1189 4953 ad
1242 4897 1523 4954 luendum
1574 4898 1840 4955 debitum
1891 4899 2062 4955 relin-

407 4991 690 5058 quuntur,
723 4991 787 5041 ut
817 4986 919 5040 filii
955 4987 1151 5059 gratiae
1192 4986 1251 5042 id
1299 4987 1378 5043 ibi
1430 4987 1635 5044 donari
1665 4987 1872 5053 sciant,
1906 4989 2062 5060 quod

405 5074 455 5131 si
512 5075 837 5148 exigeretur
892 5092 1007 5130 non
1075 5079 1230 5130 esset
1285 5075 1596 5147 injustum,
1658 5093 1726 5131 ac
1793 5076 1877 5131 sic
1944 5094 2061 5133 non

402 5162 465 5220 in
514 5179 575 5219 se
624 5162 787 5235 ipsis,
823 5164 923 5220 sed
969 5164 1026 5218 in
1076 5163 1320 5219 Domino
1372 5163 1716 5236 glorientur.
1754 5187 1783 5214 »
1817 5165 1887 5220 Et
1929 5170 2063 5237 post

476 5270 549 5343 (a)
580 5270 751 5326 Adam
780 5278 983 5343 rectum
1008 5271 1157 5341 fecit.
1191 5269 1511 5343 Epist.A128
1543 5287 1555 5323 :
1592 5294 1618 5321 ‹‹
1669 5270 1823 5326 Deus
1869 5272 2055 5327 Adam

401 5340 626 5416 rectum
643 5340 1015 5416 _condidit,ut
1040 5344 1243 5395 sancta
1271 5340 1569 5410 Scriptura
1588 5343 1851 5416 _docet,et
1882 5343 2056 5416 origi-

400 5412 615 5469 naliter
640 5412 695 5466 in
729 5429 794 5468 eo
826 5429 931 5467 nos
962 5426 1166 5466 omnes
1198 5416 1386 5466 rectos
1417 5411 1650 5466 creavit.
1684 5434 1712 5462 ››

469 5486 547 5558 (a)
577 5485 702 5558 Fuit
734 5483 931 5539 Adam.
964 5481 1182 5537 Eadem
1214 5498 1453 5553 prorsus
1487 5484 1815 5539 referuntur
1845 5484 1904 5540 in
1936 5484 2054 5558 epi-

398 5554 553 5713 Βιῖὲδῗ
760 5641 888 5700 ergo
918 5631 1193 5699 creantur,
1243 5623 1344 5686 Dm
1394 5641 1509 5684 ss'r.
1560 5625 1741 5701 Epist.
1792 5627 1893 5683 128
1926 5644 1939 5685 :
1978 5627 2048 5685 Hi

2184 3297 2554 3354 introducere
2585 3298 2830 3355 alterum
2864 3301 3110 3373 figulum
3143 3302 3247 3374 qui
3280 3320 3396 3359 non
3432 3301 3561 3358 facit
3585 3316 3703 3356 vasa
3741 3297 3785 3351 in

2184 3388 2692 3457 contumeliam,et
2722 3390 2794 3445 ab
2827 3390 2937 3445 isto
2970 3390 3071 3463 qui
3099 3408 3167 3447 ea
3197 3391 3342 3448 facit
3371 3386 3789 3465 reprehendendo

2183 3475 2475 3543 cohibere,
2495 3481 2550 3532 et
2578 3493 2827 3550 agnosce
2858 3479 3085 3551 te,quia
3114 3484 3181 3535 ut
3208 3484 3269 3535 te
3302 3498 3416 3536 non
3450 3478 3689 3551 implices
3705 3475 3789 3530 hoc

2184 3565 2510 3639 sacrilegio,
2568 3566 2696 3622 ideo
2748 3567 2853 3622 tibi
2905 3568 3047 3623 dicit
3091 3568 3455 3640 Apostolus:
3490 3568 3527 3623 0
3556 3569 3709 3631 homo,
3744 3571 3788 3619 tu

2183 3655 2305 3725 quis
2334 3671 2388 3709 es
2420 3662 2479 3710 ut
2506 3655 2825 3727 respondeas
2877 3658 3030 3712 Deo?
3071 3657 3244 3729 (Rom.
3301 3662 3404 3727 1x.)
3452 3658 3790 3713 Recurramus

2181 3743 2373 3813 posita
2402 3745 2775 3801 contentione
2800 3746 2871 3800 ad
2905 3744 3240 3817 apostolum
3271 3746 3595 3814 Paulum,ct
3616 3744 3791 3800 obscu-

2181 3848 2311 3885 rum
2346 3830 2536 3887 locum
2569 3833 2696 3903 ejus
2728 3838 2888 3889 tanto
2913 3839 3149 3891 auctore
3172 3834 3505 3892 illustrante
3526 3832 3791 3891 salubriter

2180 3918 2598 3993 intelligamus.
2634 3922 2787 3990 Quod
2814 3924 2868 3979 si
2896 3924 3076 3980 volens
3116 3925 3260 3980 Deus
3309 3924 3580 3981 Ostendcrc
3608 3925 3731 3978 iram
3750 3926 3789 3973 et

2178 4016 2367 4064 notam
2391 4012 2574 4081 facere
2598 4013 2899 4082 potentiam
2922 4030 3101 4078 suam,
3127 4006 3397 4070 sustinuit
3442 4017 3503 4070 in
3540 4012 3695 4068 multa
3719 4025 3791 4081 pa-

2177 4099 2369 4154 tientia
2400 4116 2527 4155 vasu
2560 4102 2664 4157 irw
2693 4109 2820 4173 apta
2851 4103 2911 4156 in
2940 4103 3247 4171 interitum,
3274 4111 3336 4159 ut
3365 4102 3651 4160 ostenderet
3672 4098 3786 4153 divi—

2178 4187 2283 4242 tias
2314 4188 2512 4256 gloriae
2538 4205 2657 4247 sua?
2685 4192 2745 4244 in
2776 4207 2903 4245 vasa
2923 4191 3328 4250 misericordia:
3348 4208 3474 4266 quae
3495 4187 3789 4265 pra'paravit

2178 4278 2239 4332 in
2267 4277 2502 4348 gloriam
2532 4278 2733 4349 (ibid).

2249 4365 2395 4421 Nam
2420 4366 2491 4422 de
2520 4365 2614 4421 his
2642 4366 2798 4423 vasis
2828 4368 2924 4423 ira:
2950 4372 3007 4425 et
3035 4368 3191 4425 vasis
3233 4368 3638 4427 misericordiae
3665 4361 3791 4421 254

2178 4458 2235 4509 et
2263 4470 2413 4527 sape
2440 4453 2583 4512 alias
2613 4461 2670 4512 et
2700 4456 2760 4512 in
2792 4456 3039 4530 epistola
3070 4459 3142 4514 ad
3175 4458 3459 4531 Optatum
3490 4458 3788 4531 episcopum

2176 4545 2354 4614 (epist.
2391 4545 2515 4613 157)
2546 4546 2686 4616 quid
2721 4546 2799 4601 sit
2828 4545 3226 4615 sentiendum,
3249 4540 3409 4605 idem
3441 4552 3637 4605 auctor
3656 4542 3789 4599 lucu-

2178 4630 2367 4688 lenter
2422 4634 2752 4706 expressit:
2789 4658 2817 4687 «
2849 4639 2962 4691 Cur
3011 4640 3231 4703 autem,
3284 4637 3501 4710 inquit,
3558 4634 3792 4691 creantur

2178 4721 2353 4799 etiam
2387 4720 2472 4776 illi
2503 4739 2648 4794 quos
2675 4723 2909 4780 Creator
2936 4725 3095 4780 novit
3124 4726 3196 4781 ad
3229 4724 3679 4792 damnationem,
3696 4732 3789 4773 non

2175 4810 2246 4865 ad
2277 4810 2526 4882 gratiam
2558 4811 2863 4883 pertinere,
2897 4813 3102 4869 beatus
3128 4815 3447 4887 Apostolus
3495 4817 3650 4869 tanto
3678 4823 3789 4863 suc-

2172 4898 2416 4954 cinctori
2447 4899 2725 4956 brevitate
2755 4905 2973 4973 quanto
3019 4903 3239 4974 majore
3288 4903 3628 4959 auctoritate
3655 4910 3787 4953 com-

2173 4993 2479 5043 memorat.
2515 4989 2697 5045 Deum
2742 4989 2921 5057 enim,
2974 4991 3132 5060 dicit,
3182 4991 3476 5048 volentem
3523 4986 3788 5046 ostendere

2170 5074 2318 5130 iram
2350 5081 2407 5131 et
2436 5077 2836 5135 demonstrare
2867 5079 3188 5151 potentiam
3240 5097 3433 5147 suam,
3467 5076 3715 5136 attulisse
3739 5069 3786 5125 in

2171 5164 2359 5219 multa
2388 5165 2670 5237 patientia
2696 5184 2837 5224 vasa
2866 5168 2964 5224 ira
2997 5185 3123 5241 quae
3154 5169 3411 5242 perfecta
3440 5166 3650 5225 suntin
3678 5178 3788 5235 per-

2168 5269 2325 5345 quod
2359 5274 2650 5345 creantur,
2686 5271 2785 5327 Dei
2835 5273 3057 5329 donum
3108 5278 3232 5344 est;
3265 5274 3423 5345 quod
3476 5270 3788 5345 puniuntur,

2166 5339 2390 5414 malum
2421 5340 2708 5414 ipsorum.
2743 5364 2771 5393 »

2235 5411 2311 5479 (tl)
2345 5406 2638 5489 Occultam,
2665 5430 2769 5489 nec
2798 5423 2976 5489 tamen
3010 5416 3200 5489 rep.Et
3229 5417 3350 5489 haec
3382 5433 3452 5471 ex
3481 5406 3789 5489 familiaria:

2161 5481 2327 5611 gibus
2359 5488 2416 5539 et
2428 5484 2628 5611 2szt‘ilsetis
2665 5485 2810 5559 Lupi
2842 5480 3119 5560 loquendi
3148 5487 3370 5556 formis,
3389 5490 3456 5543 ut
3485 5486 3697 5542 dictum
3716 5480 3789 5535 est

2264 5571 2395 5628 pas.
2465 5571 2476 5581 '
2540 5598 2552 5610 -

2306 5571 2395 5628 ag.
2428 5571 2552 5611 ας).
