3982 6152
190 327 289 387 653

1098 326 1469 390 COLLEC'I‘.
1516 325 1620 389 DE
1662 324 1946 389 TRIBUS
1993 328 2620 400 QUESTIONIBUS.

3441 347 3559 407 654

190 457 461 519 ditionem,
485 456 1534 531 utnotasfaccrctdivitiasgloriasua
1569 460 1626 514 in
1658 476 1797 515 vasa
1828 460 1878 526 Α
1913 452 2147 517 ηαῑὶὀηθ
2179 463 2551 518 redimuntur
2580 464 2689 520 hoc
2723 466 2904 523 fuisse
2936 469 3197 525 debitum
3233 489 3437 529 massa
3478 476 3559 531 illi

189 545 762 616 misericordia,quem
789 546 1064 617 superius
1092 548 1621 621 dixerat,tanquam
1653 553 1798 621 tigu-

187 637 291 692 lum
320 633 511 701 luti,ex
537 633 743 689 eadem
773 650 972 690 massa
1000 634 1191 691 facere
1221 635 1377 692 aliud
1397 654 1499 693 vas
1530 637 1588 692 in
1621 637 1798 694 hono-

186 722 464 789 rem,aliud
491 721 549 775 in
580 721 1019 779 contumeliam.
1042 724 1247 780 Merito
1278 728 1474 781 autem
1505 726 1799 782 videretur

186 813 440 883 injustum
470 811 621 883 quod
652 811 803 866 fiunt
831 810 969 867 inde
998 829 1137 868 vasa
1167 813 1265 868 ira
1281 815 1353 870 ad
1384 814 1792 886 perditionem,

185 901 223 957 si
244 918 345 957 non
374 902 521 955 esset
549 898 679 971 ipsa
700 900 971 956 universa
984 916 1052 956 ex
1064 902 1251 958 Adam
1279 920 1477 959 massa
1491 904 1790 959 damnata.

183 990 318 1055 Quod
346 1005 474 1061 ergo
505 988 654 1043 ﬁunt
684 988 818 1045 inde
841 991 1134 1046 nascendo
1164 1008 1302 1047 vasa
1323 992 1420 1047 ira
1443 992 1693 1064 pertinet
1719 993 1794 1048 ad

182 1077 402 1135 debitam
432 1079 845 1149 poenam;quod
879 1083 1076 1134 autem
1108 1080 1258 1135 fiunt
1278 1082 1635 1138 renascendo
1655 1098 1796 1138 vasa

183 1165 579 1233 misericordia,
602 1166 935 1238 pertinetad
951 1167 1272 1224 indebitam
1290 1170 1562 1242 gratiam.
1586 1170 1790 1226 Osten-

182 1255 251 1311 dit
273 1269 397 1327 ergo
426 1254 581 1310 Deus
610 1254 759 1311 iram
788 1272 1101 1324 suam,non
1137 1259 1340 1330 utique
1360 1258 1540 1314 animi
1568 1263 1794 1331 pertur-

180 1344 455 1410 bationem,
487 1343 645 1398 sicut
674 1347 764 1399 est
794 1361 921 1416 qua
959 1343 1047 1401 ira
1086 1345 1344 1402 hominis
1392 1352 1788 1419 nuncupatur,

180 1433 260 1488 sed
290 1434 500 1503 justam
553 1432 846 1504 fixamque
896 1432 1237 1503 vindictam,
1288 1436 1445 1507 quod
1492 1437 1563 1492 de
1610 1436 1793 1508 stirpe

178 1520 542 1577 inobedientia
557 1520 795 1577 ducitur
810 1538 1064 1595 propago
1078 1525 1295 1595 peccati
1310 1530 1482 1596 atque
1495 1524 1787 1597 supplicii;

178 1615 222 1668 et
244 1610 398 1666 homo
427 1613 605 1665 natus
629 1627 700 1666 ex
734 1609 1166 1678 muliere,sicut
1193 1613 1254 1667 in
1284 1611 1433 1669 libro
1463 1613 1573 1669 Job
1604 1614 1790 1686 scrip-

177 1704 280 1755 tum
303 1703 383 1756 est
410 1699 525 1766 (Job
556 1699 699 1771 xw),
723 1699 912 1756 brevis
948 1705 1037 1756 est
1063 1701 1193 1756 vita
1222 1708 1279 1757 et
1317 1701 1526 1774 plenus
1557 1703 1787 1759 iracun-

178 1788 264 1842 dia
291 1805 304 1843 :
334 1788 454 1862 ejus
485 1787 646 1843 enim
679 1787 761 1844 rei
791 1806 895 1845 vas
933 1794 1022 1845 est
1070 1806 1188 1862 qua
1234 1790 1443 1863 plenus
1489 1797 1599 1859 est,
1632 1792 1788 1848 unde
1818 1825 1866 1889 Β

173 1894 285 1932 vasa
328 1877 417 1932 ira
461 1876 763 1933 dicuntur.
813 1878 1081 1934 Ostendit
1126 1884 1182 1934 et
1236 1880 1555 1951 potentiam
1593 1897 1784 1949 suam,

174 1982 267 2037 qua
291 1966 423 2021 bene
454 1966 646 2022 utitur
677 1966 855 2022 etiam
871 1965 1066 2034 malis,
1087 1967 1475 2025 multainillis
1496 1969 1789 2026 naturalia

172 2059 217 2109 et
240 2053 565 2126 temporalia
592 2055 746 2112 bona
774 2055 1380 2129 largiens,eorumque
1393 2057 1678 2115 malitiam
1711 2060 1785 2116 ad

171 2143 478 2199 exercendos
504 2148 569 2199 et
597 2144 1036 2217 comparatione
1059 2146 1459 2203 admonendos
1493 2149 1674 2204 bonos
1696 2165 1786 2205 ac-

170 2231 534 2298 commodans,
567 2235 633 2287 ut
661 2231 722 2286 in
776 2232 863 2289 eis
905 2232 1138 2289 discant
1186 2251 1357 2307 agere
1401 2236 1620 2308 gratias
1669 2237 1785 2293 Deo

171 2321 297 2391 quod
321 2321 389 2375 ab
411 2321 643 2386 eis,non
676 2320 807 2375 suis
831 2320 1083 2391 meritis,
1116 2339 1243 2395 qua
1285 2323 1346 2378 in
1377 2325 1581 2380 eadem
1622 2326 1787 2397 paria

168 2408 490 2476 fuerunt,sed
522 2409 587 2465 in
618 2410 782 2465 illius
808 2411 1433 2469 miserationediscreti
1457 2415 1785 2480 sunt.Quod

168 2498 380 2553 maxime
408 2498 562 2556 255
595 2503 839 2571 apparet
870 2498 928 2554 in
968 2500 1228 2572 parvulis
1257 2520 1269 2569 ;
1304 2502 1373 2557 de
1404 2503 1619 2574 quibus
1651 2520 1785 2559 cum

167 2602 250 2659 per
272 2586 468 2643 Christi
497 2588 753 2662 gratiam
785 2592 1203 2656 renascuntur,
1230 2595 1288 2647 et
1308 2590 1482 2646 istam
1511 2592 1690 2648 vitam
1723 2592 1781 2648 in

166 2674 245 2731 illa
268 2681 450 2733 tenera
475 2682 648 2733 atate
693 2676 963 2734 ﬁnientes
1010 2678 1072 2733 in
1130 2684 1345 2735 aterna
1392 2683 1700 2736 transeunt
1727 2686 1785 2737 et

166 2764 380 2832 beatam,
409 2765 519 2822 dici
555 2783 673 2822 non
706 2771 898 2839 potest
946 2767 1105 2840 quod
1140 2767 1322 2823 libero
1370 2769 1783 2825 discernuntur

165 2853 365 2910 arbitrio
392 2855 461 2911 ab
491 2854 630 2910 aliis
660 2855 990 2911 infantibus
1020 2857 1122 2927 qui
1175 2857 1301 2913 sine
1350 2857 1458 2914 hac
1503 2858 1692 2932 gratia
1721 2859 1780 2914 in

164 2940 317 3012 ipsius
343 2960 547 3000 massa
602 2943 976 3001 damnatione
1009 2944 1360 3001 moriuntur.
1398 2945 1460 3001 Si
1492 2950 1688 3002 autem
1719 2946 1780 3001 hi

164 3030 248 3086 soli
272 3037 599 3089 crearentur
625 3049 695 3089 ex
722 3034 906 3088 Adam
936 3034 1038 3104 qui
1069 3039 1267 3090 essent
1297 3051 1401 3106 per
1429 3034 1679 3107 gratiam
1697 3052 1784 3091 re-

162 3119 436 3186 creandi,et
463 3125 678 3194 prater
703 3120 834 3177 illos
863 3120 964 3193 qui
992 3121 1054 3177 in
1086 3122 1187 3179 Dei
1217 3122 1372 3179 filios
1402 3123 1775 3195 adoptantur,

163 3206 282 3263 nulli
307 3208 395 3265 alii
422 3192 696 3267 homines
735 3192 1137 3277 nascerentur,
1170 3211 1380 3268 lateret
1422 3212 1774 3270 beneﬁcium
1806 3192 1848 3260 (ἶ

164 3298 289 3367 quod
315 3299 629 3355 donaretur
657 3297 1084 3372 indignis,quia
1110 3300 1290 3357 nullis
1306 3318 1376 3356 ex
1391 3302 1592 3358 eadem
1615 3303 1778 3358 dam-

163 3388 308 3443 nabili
335 3389 509 3462 stirpe
521 3387 897 3444 venientibus
908 3389 1176 3445 debitum
1188 3389 1542 3462 supplicium
1569 3392 1773 3448 redde-

163 3481 307 3532 retur.
335 3477 475 3533 Cum
503 3494 646 3533 vero
676 3476 874 3532 attulit
901 3478 961 3531 in
993 3476 1180 3533 multa
1202 3477 1482 3550 patientia
1506 3496 1645 3535 vasa
1675 3480 1773 3536 ira

164 3580 264 3636 qua
289 3568 531 3639 perfecta
563 3570 707 3621 sunt
728 3566 789 3621 in
809 3565 1335 3638 perditionem,non
1369 3566 1561 3624 solum
1584 3572 1774 3624 osten-

162 3652 229 3708 dit
250 3655 382 3712 iram
411 3661 469 3713 et
504 3654 934 3713 demonstravit
983 3655 1305 3728 potentiam
1353 3673 1544 3724 suam,
1577 3658 1772 3713 redhi-

163 3741 317 3800 bendo
356 3745 698 3808 vindictam,
732 3748 789 3800 et
837 3745 982 3801 bene
1013 3745 1230 3800 utendo
1278 3763 1393 3801 non
1444 3746 1633 3814 bouis,
1668 3747 1767 3802 sed

160 3830 303 3888 etiam
330 3839 491 3890 notas
520 3834 664 3890 fecit
690 3832 924 3889 divitias
951 3832 1150 3906 gloria
1180 3833 1370 3890 suain
1384 3851 1521 3891 vasa
1541 3835 1771 3891 miseri-

162 3921 352 3977 cordia.
383 3923 468 3978 Ita
495 3922 659 3978 enim
689 3920 830 3993 quid
861 3921 973 3977 sibi
1022 3926 1331 3995 prastetur
1368 3923 1542 3979 discit
1587 3923 1770 3996 gratis

154 4007 494 4080 justiﬁcatus,
527 4011 675 4067 dum
708 4027 826 4066 non
858 4027 965 4067 suo
992 4011 1330 4078 merito,scd
1361 4011 1545 4085 gloria
1565 4012 1771 4086 largis-

161 4095 291 4153 sime
340 4100 437 4157 Dei
490 4098 907 4156 misericordia
966 4099 1322 4156 discernitur
1378 4118 1413 4156 a
1468 4100 1767 4168 damnato,

160 4200 267 4242 cum
290 4205 397 4261 quo
427 4191 637 4246 eadem
656 4187 894 4260 justitia
922 4188 1112 4244 fuerat
1141 4194 1197 4245 et
1225 4188 1351 4261 ipse
1374 4189 1767 4246 damnandus.

161 4273 276 4331 Tam
303 4278 514 4336 multos
543 4282 742 4334 autem
792 4278 1042 4333 creando
1072 4277 1234 4333 nasci
1280 4276 1483 4343 voluit,
1516 4295 1664 4350 quos
1695 4280 1766 4334 ad

159 4378 296 4419 suam
324 4366 570 4439 gratiam
599 4382 717 4421 non
748 4364 1038 4437 pertinere
1066 4362 1372 4436 prascivit,
1406 4368 1470 4419 ut
1508 4364 1771 4420 multitu-

159 4450 266 4507 dine
293 4452 733 4527 incomparabili
764 4452 963 4526 plures
991 4452 1111 4509 sint
1135 4452 1221 4509 eis
1240 4469 1389 4524 quos
1418 4452 1479 4508 in
1496 4452 1588 4509 sui
1606 4454 1769 4527 regni

154 4538 364 4611 gloriam
392 4542 547 4599 filios
577 4541 990 4615 promissionis
1030 4541 1444 4613 pradestinare
1490 4540 1769 4614 dignatus
1797 4557 1845 4623 D

156 4633 242 4695 est,
268 4635 328 4686 ut
354 4631 531 4688 etiam
564 4630 695 4704 ipsa
723 4631 1072 4703 rejectorum
1104 4629 1478 4686 multitudine
1508 4632 1771 4688 ostende-

156 4720 287 4774 retur
310 4737 483 4793 quam
510 4719 735 4776 nullius
768 4719 1050 4775 momenti
1071 4718 1147 4774 sit
1162 4719 1317 4791 apud
1334 4719 1519 4775 Deum
1533 4720 1767 4790 justum

155 4809 480 4874 quantalibet
510 4808 907 4865 numerositas
946 4807 1279 4879 justissima
1328 4807 1762 4866 damnatorum.

153 4893 307 4966 Atque
333 4904 396 4954 ut
422 4898 565 4955 hinc
595 4912 829 4969 quoque
858 4895 1191 4969 intelligant
1219 4895 1318 4968 qui
1345 4913 1413 4952 ex
1442 4896 1571 4969 ipsa
1600 4898 1765 4954 dam-

208 5021 280 5094 (a)_
301 5023 388 5079 Vir
412 5023 846 5080 sanctus.Locus
878 5020 1207 5094 Hieronymi
1231 5020 1623 5094 Augustinum
1646 5021 1768 5078 lau-

155 5088 333 5166 dantis.
363 5096 433 5150 Et
462 5098 696 5151 constat
721 5088 1115 5166 Augustinum
1157 5088 1350 5166 fuisse
1386 5095 1762 5165 superstitem

153 5158 484 5237 Hieronymo.
535 5166 737 5237 Itaque
784 5158 1179 5237 Augustinum
1216 5164 1405 5237 etiam
1434 5158 1765 5237 viventem,

154 5235 386 5292 sanctum
414 5239 541 5310 viro
571 5235 736 5310 vocat
774 5235 900 5310 pro“
930 5252 1090 5291 more
1124 5235 1229 5310 sui
1273 5235 1496 5310 saeculi,
1528 5237 1598 5291 de
1649 5254 1765 5310 quo

152 5317 414 5382 morcnos
461 5308 731 5382 pluribus
757 5305 1019 5382 diximus
1070 5307 1142 5361 ad
1170 5305 1764 5382 _Salvianum,‘neque

153 5378 305 5453 repeti
335 5376 622 5453 estopus.
650 5379 876 5453 Addere
902 5383 1098 5453 tamen
1129 5376 1441 5453 visu_m_est
1470 5376 1763 5451 insignem

150 5439 311 5524 locum
342 5467 409 5505 ex
434 5439 585 5524 lier
615 5451 804 5524 primo
832 5450 1017 5524 sancti
1035 5447 1377 5524 Gregoriide
1399 5448 1548 5524 Cura
1569 5439 1763 5524 pasto-

151 5516 256 5598 rali,
283 5537 404 5603 cap.
441 5523 529 5603 lii.
564 5516 832 5603 Loquens
863 5522 1019 5603 enim
1054 5516 1427 5603 vir's‘anctus
1474 5521 1545 5575 de
1569 5516 1765 5603 '_malis

151 5587 430 5670 episcopis,
477 5593 600 5677 hac
646 5587 1050 5677 gemebundus
1116 5590 1440 5677 inclamat:
1500 5614 1528 5642 «
1569 5593 1762 5675 .Nemo

149 5662 337 5737 qnippe
361 5662 616 5739 amplius
644 5662 709 5724 in
739 5665 997 5724 Ecclesia
1034 5667 1223 5737 nocet,
1256 5679 1435 5743 quam
1480 5663 1581 5739 qui
1629 5680 1765 5741 per-

1910 550 2193 606 universae
2238 552 2393 623 quod
2448 557 2569 608 tam
2619 571 2843 627 magna
2896 558 3049 629 parti
3103 561 3230 630 ejus
3269 564 3561 620 redditum

1907 644 2231 705 cernerent,
2266 656 2382 695 non
2415 641 2608 697 solum
2639 643 2699 699 in
2731 645 2817 700 eis
2859 647 2960 717 qui
3011 647 3278 720 originali
3328 657 3562 722 peccato

1906 725 2093 782 multa
2158 728 2384 784 addunt
2430 730 2596 785 mala
2656 731 2974 790 voluntatis
3034 736 3297 805 arbitrio,
3360 756 3560 795 verum

1903 813 2079 870 etiam
2112 815 2170 870 in
2200 820 2322 872 tam
2354 819 2630 889 parvulis,
2664 820 2818 878 256
2850 824 2950 894 qui
2992 828 3404 883 tantummodo
3434 830 3559 885 vin-

1904 902 2034 959 culo
2085 906 2306 976 peccati
2353 906 2654 979 originalis
2713 910 2978 967 obstricti
3028 914 3154 970 sine
3200 917 3388 988 gratia
3434 935 3558 982 me;

1903 990 2145 1049 diatoris
2192 1011 2261 1050 ex
2308 995 2416 1051 hac
2462 996 2594 1052 luce
2633 998 2963 1070 rapiuntur.
2998 1003 3144 1058 Tota
3192 1004 3408 1077 quippe
3442 1006 3558 1064 ista

1903 1098 2101 1137 massa
2121 1084 2297 1153 justa
2340 1085 2737 1143 damnationis
2785 1089 3067 1162 reciperet
3118 1092 3406 1160 debitum,
3438 1095 3553 1151 nisi

1901 1184 1970 1224 ex
1994 1186 2061 1225 ea
2090 1170 2326 1239 faceret,
2361 1189 2477 1228 non
2509 1173 2700 1229 solum
2724 1175 2950 1245 justus,
2983 1178 3083 1233 sed
3115 1180 3290 1236 etiam
3322 1182 3551 1238 miseri-

1901 1274 2031 1313 cors
2060 1259 2295 1332 tigulus,
2329 1260 2443 1317 alia
2470 1280 2610 1319 vasa
2641 1263 2701 1319 in
2732 1263 3013 1321 honorem
3056 1269 3380 1325 secundum
3411 1287 3550 1343 gra-

1899 1346 2063 1416 tiam,
2118 1366 2233 1404 non
2283 1351 2607 1406 secundum
2661 1352 2949 1420 debitum,
2998 1355 3140 1410 dum
3191 1360 3248 1412 et
3293 1358 3551 1429 parvulis

1900 1436 2187 1505 subvenit,
2241 1456 2492 1510 quorum
2544 1439 2707 1497 nulla
2757 1443 2968 1499 merita
3011 1444 3125 1499 dici
3174 1452 3443 1518 possunt,
3495 1453 3552 1504 et

1900 1525 2153 1595 majores
2201 1526 2498 1598 praevenit,
2542 1534 2608 1583 ut
2660 1529 2873 1585 habere
2913 1530 3115 1604 aliqua
3161 1535 3371 1591 merita
3416 1554 3553 1608 pos-

1899 1612 2038 1668 sint.
2075 1636 2104 1663 >>

1968 1702 2418 1762 Pradeetinatos
2449 1706 2636 1763 malos
2667 1707 2726 1763 in
2759 1726 2930 1781 opere
2959 1710 3114 1767 beati
3135 1712 3445 1785 Augustini
3477 1715 3549 1771 ad

1901 1789 2303 1848 Marcellinum
2336 1795 2625 1863 (Adversus
2652 1797 2985 1869 Pelagianos
3016 1799 3164 1856 libro
3208 1819 3293 1868 111,
3322 1801 3382 1857 in
3415 1803 3551 1874 ﬁne)

1898 1877 2263 1938 clarissimus
2292 1889 2496 1939 auctor
2520 1883 2906 1959 Hieronymus
2932 1886 3155 1961 lcgit,et
3186 1890 3243 1944 id
3267 1907 3414 1963 opus
3434 1909 3549 1948 non

1896 1968 2088 2024 solum
2114 1987 2231 2025 non
2254 1972 2855 2044 reprehendit,verum
2886 1976 3063 2033 etiam
3096 1978 3328 2051 magnis
3358 1979 3549 2036 laudi-

1894 2056 2007 2114 bus
2031 2057 2449 2116 extulit.Verba
2476 2062 2606 2133 ejus
2637 2062 2757 2117 hac
2786 2069 2959 2120 sunt:
2986 2088 3013 2115 ‹‹
3048 2066 3293 2139 Scripsit
3319 2068 3545 2124 dudum

1892 2145 1967 2218 (α)
1999 2146 2087 2202 vir
2115 2152 2353 2204 sanctus
2382 2153 2438 2205 et
2467 2149 2746 2222 eloquens
2759 2152 3069 2224 episcopus
3086 2155 3455 2227 Augustinus
3473 2158 3545 2212 ad

1895 2233 2437 2310 Marcellinum,qui
2470 2244 2671 2310 postea
2700 2241 2810 2295 sub
2840 2240 3060 2297 invidia
3089 2243 3417 2314 tyrannidis
3442 2245 3547 2301 He-

1894 2322 2163 2380 racliana
2192 2326 2264 2380 ab
2295 2326 2583 2383 haereticis
2613 2328 2896 2386 innocens
2923 2346 3107 2386 casus
3152 2336 3261 2399 est,
3294 2332 3442 2393 duos
3473 2333 3545 2389 li-

1894 2411 2031 2467 bros
2060 2414 2132 2469 de
2162 2413 2487 2471 infantibus
2517 2416 2884 2489 baptizandis
2915 2424 3118 2475 contra
3148 2419 3418 2477 haresim
3448 2440 3545 2479 ve-

1893 2505 2100 2569 stram,
2132 2520 2236 2575 per
2266 2520 2443 2575 quam
2475 2505 2652 2560 vultis
2679 2524 2936 2563 asserere
2967 2508 3247 2580 baptizari
3293 2509 3548 2569 infantes

1894 2606 2009 2644 non
2042 2590 2101 2645 in
2149 2592 2559 2649 remissionem
2610 2600 3002 2667 peccatorum,
3036 2598 3137 2669 sed
3186 2598 3245 2652 in
3297 2616 3545 2672 regnum

1891 2677 2455 2736 calorum.Tertium
2487 2698 2720 2755 quoque
2751 2685 2820 2740 ad
2846 2687 3118 2741 eumdem
3140 2687 3543 2746 Marcellinum

1890 2772 2090 2822 contra
2118 2785 2217 2824 eos
2237 2768 2555 2841 quidicunt
2574 2770 2730 2827 idem
2751 2774 2907 2844 quod
2926 2775 3559 2846 vos,possehominem_

1889 2855 2016 2911 sine
2045 2861 2281 2928 peccato
2311 2874 2460 2925 esse,
2490 2859 2539 2914 si
2569 2859 2725 2929 velit,
2758 2862 2980 2933 absque
3010 2863 3110 2918 Dei
3141 2864 3349 2935 gratia.
3377 2865 3541 2922 Unde

1888 2946 2386 3015 supersedendum
2419 2945 2555 3002 huic
2586 2947 2771 3004 labori
2803 2966 3111 3018 censeo,ne
3139 2950 3370 3008 dicatur
3389 2954 3534 3009 mihi

1887 3031 2030 3087 illud
2063 3033 2280 3088 Horatii
2316 3050 2328 3089 :
2361 3036 2426 3089 In
2460 3036 2663 3090 silvam
2708 3053 2777 3093 ne
2826 3038 2977 3109 ligna
3017 3041 3185 3110 feras.
3217 3042 3333 3095 Aut
3378 3041 3534 3098 enim

1889 3122 2094 3177 eadem
2126 3121 2396 3178 dicemus
2426 3140 2496 3179 ex
2526 3125 2844 3197 superfluo,
2877 3131 2981 3182 aut
3012 3127 3062 3181 si
3094 3144 3242 3184 nova
3287 3129 3537 3187 volueri-

1890 3226 2023 3265 mus
2071 3209 2283 3279 dicere,
2326 3228 2361 3267 a
2408 3210 2735 3269 clarissimo
2784 3213 3021 3287 ingenio
3069 3220 3352 3289 occupata
3398 3222 3539 3275 sunt

1886 3297 2148 3354 meliora.
2185 3321 2212 3348 ››

1957 3388 2114 3444 Idem
2146 3388 2346 3444 doctor
2377 3389 2488 3446 alio
2519 3390 2692 3446 verbo
2723 3408 2964 3448 sensum
3008 3393 3536 3467 pradestinationis

1882 3476 2167 3548 expressit
2193 3476 2249 3531 in
2282 3476 2688 3550 explanatione
2719 3480 2893 3551 primi
2924 3482 3135 3553 psalmi
3169 3499 3182 3538 :
3216 3485 3328 3553 Qui
3354 3492 3537 3539 autem

1879 3582 1991 3621 non
2020 3565 2210 3634 credit,
2246 3565 2458 3636 inquit,
2473 3566 2598 3638 jam
2648 3566 2901 3624 udicatus
2930 3576 3035 3625 est:
3059 3571 3185 3641 jam
3217 3570 3374 3627 enim
3396 3588 3537 3643 pra-

1873 3653 2178 3725 judicatus
2210 3654 2281 3710 ad
2312 3671 2543 3726 panam
2575 3659 2720 3712 est.»
2750 3658 2819 3712 Et
2849 3662 2981 3730 post
3009 3675 3270 3730 paucam
3301 3665 3423 3717 Non
3448 3677 3533 3717 re-

1878 3751 2131 3813 surgunt,
2166 3743 2377 3815 inquit,
2411 3745 2573 3816 impii
2603 3746 2664 3799 in
2683 3744 2919 3816 judicio,
2952 3762 3069 3801 non
3118 3752 3432 3821 resurgunt
3470 3752 3536 3804 ut

1873 3830 2237 3901 judicentur,
2270 3830 2369 3903 qui
2393 3830 2521 3901 jam
2542 3831 2795 3903 judicati
2827 3837 2988 3889 sunt.
3021 3834 3169 3891 257
3218 3835 3325 3901 Qui
3374 3836 3533 3892 enim

1879 3935 1995 3974 non
2027 3919 2212 3975 credit
2239 3918 2299 3974 in
2330 3936 2444 3988 me,
2468 3919 2597 3991 jam
2619 3920 2923 3991 judicatus
2954 3925 3062 3977 est.
3100 3945 3126 3971 ››

1950 4008 2095 4064 Item
2122 4007 2182 4062 in
2214 4006 2452 4080 Dialogo
2486 4024 2499 4062 :
2535 4030 2562 4058 ‹‹
2592 4007 2765 4064 Aliud
2796 4014 2885 4065 est
2910 4011 3128 4067 cadere
3158 4012 3429 4085 magistri
3475 4018 3535 4070 et

1879 4096 2140 4169 parentis
2171 4097 2402 4164 affectu,
2438 4095 2594 4152 aliud
2639 4101 2843 4153 contra
2890 4099 3256 4156 adversarios
3307 4101 3529 4156 crudeli

1878 4184 2074 4240 animo
2128 4183 2421 4240 desavire.
2472 4184 2656 4248 Quam
2706 4185 2777 4240 ob
2836 4201 3077 4241 causam
3120 4191 3178 4242 et
3222 4185 3281 4240 in
3340 4186 3530 4259 primo

1878 4272 2105 4345 psalmo
2135 4272 2312 4339 canit,
2336 4273 2615 4344 quoniam
2647 4288 2763 4327 non
2794 4278 3110 4346 resurgunt
3141 4273 3306 4346 impii
3338 4275 3398 4329 in
3434 4276 3531 4347 ju-

1877 4361 2098 4417 dicium
2132 4379 2145 4418 :
2168 4362 2295 4433 jam
2328 4360 2486 4416 enim
2517 4359 2578 4416 in
2601 4360 2890 4431 judicium
2929 4362 3291 4433 prajudicati
3322 4368 3526 4418 sunt.»

1878 4451 2039 4506 Idem
2068 4448 2130 4504 in
2177 4448 2582 4522 explanatione
2609 4449 2771 4506 Isaia
2822 4449 3116 4522 propheta
3146 4454 3293 4523 (cap.
3324 4455 3476 4520 xxnv)
3512 4468 3525 4507 :

1876 4562 1903 4589 ‹‹
1941 4539 2047 4595 Pro
2089 4539 2358 4612 dissipata
2405 4547 2554 4595 terra
2605 4556 2713 4594 Lxx
2758 4546 3075 4610 corruptum
3117 4540 3301 4594 orbem
3349 4540 3529 4595 inter-

1876 4628 2089 4700 pretati
2118 4632 2278 4696 sunt;
2297 4631 2354 4683 et
2381 4644 2485 4699 pro
2515 4629 2723 4699 afﬂicta
2752 4629 2896 4699 facie
2926 4628 3101 4695 illius,
3126 4627 3185 4683 id
3216 4632 3306 4684 est
3336 4631 3523 4698 terra,

1876 4716 2052 4773 iidem
2109 4715 2555 4783 transtulerunt,
2606 4723 2657 4771 et
2704 4716 2965 4771 reuelabit
3017 4717 3217 4785 faciem
3272 4717 3411 4789 ejus,
3462 4720 3528 4773 ut

1875 4807 2194 4878 procedant
2231 4804 2447 4861 mortui
2477 4805 2548 4861 de
2595 4803 2881 4877 sepulcris
2927 4805 3092 4875 suis;
3127 4805 3247 4862 sive
3293 4806 3531 4862 nudabit

1873 4899 2086 4964 eam,ut
2115 4893 2314 4950 omnia
2345 4910 2520 4965 opera
2547 4894 2675 4964 ejus
2704 4894 3079 4965 proferantur
3103 4894 3164 4950 in
3196 4893 3521 4967 publicum,

1872 5036 2035 5076 verse
2065 5036 2264 5091 agens,
2298 5033 2512 5073 nomen
2544 5016 2632 5091 vel
2663 5016 2927 5074 ordinem
2961 5020 3290 5075 sanctitatis
3320 5019 3521 5075 habet.

1874 5089 2317 5165 Delinquentem
2334 5105 2590 5165 namque
2621 5089 2776 5165 hunc
2808 5106 2979 5165 nemo
2999 5091 3523 5165 redarguerepra-

1874 5160 2139 5230 sumitiet
2169 5161 2228 5215 in
2259 5160 2589 5233 exemplum
2602 5161 2773 5233 culpa
2784 5160 3158 5233 vehementer
3169 5160 3520 5231 éxtenditur,

1875 5235 2106 5305 quando
2155 5250 2258 5304 pro
2304 5232 2625 5306 reverentia
2683 5232 3225 5306 ordinispeccator
3271 5234 3521 5306 honora-

1872 5302 2032 5379 tur»)
2067 5305 2130 5360 In
2156 5302 2431 5379 eumdem
2465 5305 2808 5379 modumde
2836 5302 3211 5379 religiosis,id
3242 5310 3332 5361 est
3363 5302 3525 5379 cleri-

1874 5377 1978 5445 cis,
2012 5376 2069 5448 in
2103 5375 2441 5448 universum
2472 5376 2617 5448 dixit
2646 5375 3086 5433 Salvianus'lib.
3120 5395 3175 5445 ν,
3209 5392 3342 5448 pag.
3378 5376 3520 5428 117:

1875 5471 1902 5529 ε(
1936 5447 2053 5529 ριιί¹
2075 5446 2682 5529 scilicet,inqui‘t,po_st.
2708 5446 3353 5529 veterumtlagitiorum
3380 5459 3524 5529 pro-

1873 5521 1977 5575 bra
2007 5524 2062 5575 et
2092 5516 2342 5573 crimina
2371 5516 2807 5573 titulo—sibimet
2838 5516 3166 5574 sanctitatis
3215 5516 3521 5588 inscripto,

1873 5607 1988 5648 non
2022 5590 2458 5647 conversatione
2489 5588 2754 5661 aliis,_=ed
2778 5588 3134 5661 professione
3165 5602 3379 5644 nomen
3400 5591 3527 5647 tan-

1869 5666 1998 5722 tum
2030 5662 2421 5734 demutavere,
2457 5676 2572 5720 non
2602 5659 2799 5719 vitam}
2841 5681 2869 5712 »
