3956 6160
436 325 553 383 655

1433 320 1499 379 Β.
1548 319 1614 379 S.
1662 316 1839 380 LUPI
1884 315 2217 379 ABBATIS
2258 316 2857 380 FERRARIENSIS.
3660 324 3755 383 656

430 461 488 512 et
520 456 934 528 disperguntur
966 454 1325 509 habitatores
1347 452 1407 507 in
1433 447 2083 523 diversaloca,prseiniis
2111 451 2166 516 Α
2198 447 2358 505 Unde
2389 465 2627 507 necesse
2662 455 2772 517 est,
2805 450 3017 507 fratres
3066 450 3408 516 eharissimi,
3438 455 3496 508 ut
3533 452 3586 508 in
3625 470 3781 511 omne.

432 546 522 600 vel
556 544 863 616 suppliciis
893 541 1189 599 destinati.
1224 564 1252 592 ››

504 634 631 689 Non
662 632 1127 689 contemnendus
1158 630 1392 686 auditor
1435 629 1702 701 ejusdem
1751 627 2087 700 Hieronymi

437 721 740 795 Philippus
769 720 828 775 in
862 719 1223 791 expositione
1255 717 1557 774 sententia:
1589 717 1741 773 beati
1772 717 2088 772 JobzAnte-

437 828 601 884 quam
646 810 761 865 dies
802 809 919 881 ejus
970 808 1309 879 impleantur
1350 808 1556 879 peribit
1604 805 1719 876 (Job
1767 809 1881 872 xv).
1924 805 2087 860 Tunc

438 901 582 967 dies,
640 897 856 969 inquit,
916 897 1310 969 unicujusque
1378 894 1608 967 impleri
1678 893 1892 949 dicitur
1950 910 2085 949 cum

437 989 724 1043 bonorum
749 986 1056 1043 hominum
1088 1003 1154 1041 ac
1184 985 1475 1040 malorum
1509 982 1812 1039 retributio
1842 982 2082 1037 venerit.

436 1078 539 1132 Hic
567 1094 704 1150 ergo
735 1076 930 1144 homo,
965 1077 1085 1132 sive
1114 1075 1404 1140 diabolus,
1440 1078 1576 1128 ante
1606 1071 1926 1144 perspicuae
1958 1088 2088 1125 sen-

436 1164 626 1220 tentia
658 1165 814 1220 diem
853 1181 1032 1236 quam
1082 1162 1135 1219 ei
1183 1163 1468 1218 Dominus
1514 1161 1573 1215 in
1624 1162 1820 1215 futuro
1860 1157 2085 1230 judicio

438 1254 685 1310 daturus
715 1259 821 1321 est,
858 1253 1162 1327 praescitus
1193 1251 1252 1306 in
1294 1249 1801 1323 praedestinatione
1849 1247 2081 1319 peribit,

436 1342 589 1399 sicut
616 1348 673 1398 et
701 1343 772 1397 de
799 1341 1118 1398 incredulis
1145 1340 1432 1412 Propheta
1456 1338 1626 1393 dicit:
1658 1340 1773 1394 Non
1802 1344 2086 1406 resurgent

434 1435 597 1505 impii
622 1434 682 1487 in
701 1432 914 1504 judicio
947 1431 1120 1497 (I’sal.
1156 1434 1198 1497 1)
1225 1447 1237 1496 ;
1271 1429 1357 1484 vel
1388 1427 1674 1483 Dominus
1705 1427 1787 1482 ait
1818 1426 1874 1481 in
1907 1426 2085 1481 Evan—

435 1523 638 1595 gelio:
690 1522 801 1590 Qui
853 1528 1037 1574 tmtem
1092 1535 1200 1573 non
1261 1518 1450 1581 credit,
1502 1518 1623 1588 jam
1671 1516 1953 1586 judicatus
2006 1522 2086 1570 est

438 1615 613 1681 (Joan.
649 1612 757 1681 III).

509 1701 766 1754 Sanctus
830 1714 978 1770 papa
1037 1695 1350 1769 Gregorius
1409 1693 1850 1767 prmdestinatos
1897 1692 2083 1748 malos

440 1787 727 1860 pressiore
756 1787 947 1841 adhuc
978 1786 1150 1841 verbo
1181 1785 1444 1841 insinuat
1473 1784 1593 1852 (lib.
1620 1800 1812 1849 χχχιιι,
1834 1799 1953 1854 cap.
1974 1783 2080 1849 11).

441 1902 466 1925 ‹‹
520 1875 856 1941 Leviathan,
908 1875 1103 1947 inquit
1148 1874 1268 1940 ille,
1301 1875 1401 1945 qui
1452 1889 1585 1928 cum
1632 1871 1915 1927 membris
1960 1871 2085 1926 suis

439 1966 667 2022 aeternis
697 1969 787 2020 est
814 1963 1171 2019 cruciatibus
1202 1963 1599 2034 deputatus,et
1628 1959 1873 2016 dolusin
1907 1975 2084 2015 manu

437 2054 567 2125 ejus
597 2052 888 2125 dirigitur,
909 2057 963 2107 et
994 2052 1052 2106 in
1084 2050 1227 2107 cmlo
1258 2051 1386 2122 ejus
1419 2048 1695 2106 fortitudo
1724 2048 2082 2116 demoratur,

435 2143 543 2199 hoc
575 2142 728 2213 quod
761 2140 1163 2214 temporaliter
1193 2138 1874 2212 perversacontrabonos
1890 2136 2088 2192 volun-

436 2234 552 2286 tate
600 2230 914 2295 desiderat,
965 2229 1320 2301 perversiore
1376 2226 1649 2283 facultate
1691 2228 2084 2291 consummat,

436 2319 590 2376 258
622 2324 688 2373 ut
714 2322 879 2373 tanto
912 2318 963 2373 ei
994 2318 1066 2373 de
1114 2317 1464 2373 adversitate
1510 2315 1571 2370 in
1620 2315 1889 2386 praesenti
1941 2313 2085 2369 nihil

436 2407 628 2462 obstet
656 2406 892 2477 quando
923 2406 973 2460 ei
1005 2404 1064 2459 in
1101 2409 1403 2477 posterum
1434 2403 1505 2458 de
1536 2402 1918 2475 prosperitate
1940 2401 2085 2457 nihil

438 2499 720 2549 remanet.
756 2516 783 2543 »
820 2494 1034 2548 Eadem
1066 2498 1262 2547 tamen
1294 2491 1724 2564 prmdestinatio
1765 2490 1852 2545 vel
1901 2492 2084 2562 depu-

437 2584 599 2651 tatio,
634 2582 1134 2654 quemadmodum
1167 2582 1245 2637 sit
1276 2580 1653 2652 intelligenda
1700 2596 1993 2651 exponens
2027 2580 2085 2634 in

437 2672 758 2727 Moralibus
793 2688 805 2727 :
850 2694 876 2721 ‹‹
910 2673 1025 2727 Νοη
1075 2673 1251 2743 quasi,
1283 2669 1494 2741 inquit,
1528 2668 1766 2723 crudelis
1813 2669 2085 2725 suscitabo

434 2778 579 2818 eum.
613 2762 746 2829 Quis
774 2761 922 2816 enim
972 2761 1223 2816 resistere
1255 2766 1428 2831 potest
1474 2757 1656 2813 vultui
1698 2773 1835 2825 meo,
1865 2765 1917 2813 et
1965 2758 2087 2829 quis

434 2859 561 2906 ante
587 2849 737 2906 dedit
762 2850 903 2905 mihi
930 2857 992 2904 ut
1021 2848 1246 2904 reddam
1273 2850 1327 2905 ei
1345 2852 1371 2902 .9
1402 2851 1598 2920 aperte
1646 2845 1925 2902 insinuat.
1959 2847 2084 2901 Non

436 2939 984 3012 eum,inquit,quasi
1019 2937 1271 2994 crudelis
1304 2936 1689 3008 suscito,quia
1717 2936 1789 2991 de
1818 2937 1946 3009 ejus
1979 2937 2087 2991 for-

438 3028 690 3084 titudine
721 3032 779 3083 et
809 3026 1020 3084 electos
1051 3043 1211 3083 meos
1233 3030 1498 3098 potenter
1525 3025 1728 3098 eripio,
1761 3029 1818 3081 et
1849 3041 2085 3081 rursum

2197 538 2351 610 quod
2386 538 3063 612 agimus,omnipotentis
3084 556 3258 612 super
3276 556 3379 596 nos
3396 540 3598 597 Domini
3616 545 3767 599 consi-

2197 625 2275 681 lia
2305 626 2533 682 occulta
2561 626 2996 696 timeamus;ne,
3020 628 3163 683 dum
3193 645 3355 684 mens
3373 632 3769 689 nostraexterius

2195 716 2330 770 fusa
2359 732 2393 770 a
2423 732 2532 770 sua
2560 732 2624 772 se
2653 715 2951 772 voluntate
2996 733 3113 772 non
3162 721 3397 787 revocat,
3426 717 3570 773 intus
3609 724 3772 776 contra

2195 821 2324 860 eam
2348 804 2532 875 judex
2561 805 2900 861 terribiliter
2927 806 3173 862 adversa
3199 806 3634 877 disponat.0uod
3656 808 3773 865 bene

2196 891 2508 948 Psalmista
2532 892 2770 949 intuens
2807 894 2889 950 ait
2921 911 2935 949 :
2997 894 3179 951 Venite
3219 903 3270 950 et
3310 895 3476 950 valete
3513 911 3656 967 Opera
3691 897 3771 952 Do-

2192 983 2356 1047 mini,
2385 997 2552 1053 quam
2581 984 2847 1039 terribilis
2878 985 2935 1038 in
2974 984 3223 1039 consiliis
3264 1000 3421 1056 super
3461 984 3591 1054 ﬁlios
3633 986 3773 1041 banti-

2194 1086 2329 1124 num
2355 1071 2530 1137 (Psal.
2565 1075 2713 1141 va).
2747 1072 2905 1127 Vidit
2934 1088 3190 1144 namque
3217 1073 3371 1145 quod
3407 1072 3548 1127 alius
3590 1073 3775 1129 miseri-

2194 1157 2446 1214 corditer
2474 1164 2733 1229 vocatur,
2768 1160 2919 1216 alius
2938 1161 3177 1231 justitia
3203 1162 3459 1235 exigente
3503 1160 3774 1235 repellitur.

2192 1246 2263 1302 Et
2291 1248 2432 1319 quia
2461 1246 2578 1304 alia
2604 1250 2894 1321 parcendo
2924 1250 3231 1318 Dominus,
3247 1249 3360 1307 alia
3382 1251 3655 1307 irascendo
3678 1251 3776 1306 dis-

2194 1336 2379 1407 ponit,
2410 1337 2638 1409 expavit
2667 1339 2823 1410 quod
2856 1343 3159 1410 penetrare
3189 1356 3305 1395 non
3337 1339 3533 1412 potuit,
3563 1343 3615 1395 et
3638 1355 3778 1412 quem

2196 1441 2311 1480 non
2324 1424 2517 1481 solum
2543 1426 3007 1500 investigabilem
3023 1427 3080 1483 in
3095 1428 3449 1501 quibusdam
3469 1428 3583 1483 suis
3593 1432 3779 1484 senten-

2195 1513 2314 1581 tiis,
2367 1514 2469 1570 sed
2518 1514 2693 1571 etiam
2747 1515 3126 1572 inﬂexibilem
3183 1517 3348 1583 vidit,
3403 1517 3687 1573 terribilem
3732 1517 3780 1574 in

2195 1602 2455 1659 consiliis
2502 1620 2634 1660 esse
2685 1605 3049 1661 memoravit.
3088 1628 3110 1657 ι
3161 1606 3335 1675 Beda,
3371 1605 3567 1662 divinis
3613 1604 3778 1662 litteris

2196 1690 2458 1763 impense
2507 1693 2735 1762 doctas,
2786 1694 2969 1750 bonos
3029 1694 3334 1768 malosque
3377 1694 3777 1767 praedestinatos,

2192 1796 2488 1851 exponens
2519 1780 2662 1837 illud
2693 1782 2935 1839 Genesis
2967 1799 2979 1836 :
3012 1786 3253 1855 Surgite,
3284 1783 3596 1854 egredimini
3617 1783 3674 1839 de
3696 1784 3780 1839 loco

2196 1870 2317 1936 isto,
2349 1872 2483 1941 quia
2527 1870 2727 1926 delebit
2775 1874 3037 1928 Dominus
3084 1874 3360 1929 civitatem
3403 1874 3555 1939 hanc,
3583 1880 3631 1928 et
3669 1874 3780 1928 visus

2193 1967 2275 2013 est
2315 1961 2395 2014 eis
2438 1962 2599 2031 quasi
2643 1960 2836 2017 ludens
2884 1962 3037 2033 loqui
3082 1962 3236 2034 (Gen.
3267 1965 3403 2034 XIX),
3443 1961 3782 2018 indubitanter

2193 2046 2465 2103 asseruit.
2500 2070 2529 2099 «
2563 2050 2726 2114 Quod
2778 2049 3019 2116 ostium,
3053 2050 3268 2123 inquit,
3315 2052 3419 2107 Lot
3464 2049 3781 2107 obcluserunt

2195 2135 2406 2209 angeli,
2441 2153 2512 2192 ne
2541 2136 2627 2192 vel
2655 2138 2849 2210 ipsum
2880 2138 2966 2195 vel
3008 2139 3267 2212 aliquem
3317 2140 3387 2197 de
3432 2139 3595 2196 domo
3634 2138 3781 2212 ipsius

2194 2230 2434 2296 pessent
2462 2226 2533 2282 ad
2564 2227 2930 2298 perdendum
2960 2245 3167 2301 rapere
3218 2228 3543 2294 Sodomitas,
3570 2232 3783 2300 patenter

2194 2312 2456 2369 insinuat
2488 2314 2627 2386 quia
2658 2314 2887 2372 nullum
2919 2317 2991 2373 de
3042 2316 3246 2375 electis
3283 2318 3382 2374 Dei
3432 2316 3697 2391 perditura
3717 2320 3783 2371 est

2195 2401 2466 2473 impietas
2497 2406 2555 2458 et
2585 2404 2911 2475 persecutio
2941 2406 3568 2477 reproborum,dicente
3587 2403 3783 2461 Domino

2194 2490 2265 2546 de
2321 2491 2527 2547 ovibus
2578 2492 2749 2549 suis:
2798 2494 2865 2549 Et
2929 2510 3027 2564 ego
3081 2495 3256 2551 vitam
3309 2509 3566 2553 aeterm
3610 2492 3668 2550 do
3716 2494 3784 2556 iis,

2192 2588 2244 2637 et
2286 2596 2397 2636 non
2447 2582 2709 2652 peribunt
2776 2585 2836 2638 in
2891 2592 3180 2650 aeternum,
3252 2593 3307 2641 et
3368 2600 3474 2641 non
3528 2585 3683 2656 rapiet
3722 2597 3786 2637 eos

2193 2671 2485 2740 quisquam
2537 2670 2603 2726 de
2666 2688 2843 2727 manu
2904 2688 3027 2728 mea
3086 2676 3275 2745 (Joan.
3334 2677 3411 2742 x).
3471 2672 3619 2737 Quod
3676 2670 3785 2726 item

2195 2759 2322 2826 Lot,
2356 2757 2635 2815 facultate
2666 2760 2741 2815 ab
2771 2760 2995 2835 angelis
3033 2762 3190 2829 data,
3225 2762 3454 2819 nullum
3499 2763 3565 2818 de
3605 2760 3784 2817 civibus

2194 2847 2453 2919 perfidis,
2487 2865 2559 2904 ne
2586 2849 2657 2904 de
2687 2848 2811 2905 suis
2842 2849 3081 2922 quidem
3131 2851 3402 2924 cognatis
3447 2851 3559 2907 sive
3600 2847 3785 2912 amicis,

2195 2936 2267 3008 (α)
2298 2937 2610 2993 tamenetsi
2642 2938 2895 2993 multum
2938 2945 3209 3007 conatus,
3245 2940 3433 3014 potuit
3474 2940 3542 2996 ad
3581 2937 3784 2996 salutem

2195 3041 2481 3093 revocare,
2507 3026 2802 3101 significat
2846 3029 3004 3100 quod
3037 3028 3262 3085 nullius
3292 3028 3455 3086 labor
3483 3025 3706 3085 hominis
3729 3024 3782 3080 ad

440 3118 718 3189 reprobos
762 3133 879 3172 non
910 3116 1129 3187 injuste
1160 3116 1261 3171 sed
1305 3114 1731 3171 rationabiliter
1758 3114 1993 3178 damno,
2027 3114 2084 3169 id
2131 3188 2158 3190 Ψ
2197 3131 2507 3170 numerum
2541 3116 3082 3187 praedestinatorum
3099 3116 3782 3190 quianteconstitutionem

442 3188 554 3274 est,
584 3210 641 3261 et
668 3222 767 3260 eos
798 3221 945 3277 quos
976 3204 1223 3276 benigne
1275 3203 1425 3276 eligo
1474 3202 1694 3275 eripere
1743 3202 2090 3257 mirabiliter
2118 3188 2160 3254 C
2202 3203 2408 3259 mundi
2440 3204 2595 3260 260
2624 3204 2789 3261 electi
2820 3211 2961 3262 sunt
2989 3223 3024 3262 a
3052 3188 3422 3274 Domino,vel
3455 3222 3616 3262 unam
3643 3201 3786 3276 possit
3898 3258 3899 3261 η

442 3311 710 3367 possum,
744 3298 800 3347 et
829 3310 929 3349 eos
958 3309 1106 3365 quos
1148 3309 1358 3364 respuo
1410 3308 1526 3348 non
1571 3290 1791 3363 injuste
1840 3289 2090 3346 derelin-

443 3400 579 3455 quo.
615 3405 644 3432 »
692 3382 761 3437 Et
807 3386 937 3453 post
983 3381 1331 3453 aliquanta:
1390 3380 1597 3436 «Miro
1645 3381 1840 3452 modo,
1877 3379 2089 3452 inquit,

442 3489 646 3545 aequus
674 3472 949 3527 omnibus
979 3470 1255 3526 Conditor
1299 3475 1357 3525 et
1395 3470 1680 3542 quosdam
1725 3469 2007 3542 prmeligit
2035 3473 2094 3525 et

443 3560 730 3632 quosdam
746 3560 803 3613 in
818 3559 941 3615 suis
955 3558 1218 3630 reprobis
1233 3559 1497 3614 moribus
1504 3560 1664 3630 juste
1679 3558 2089 3630 derelinquit.»

444 3648 583 3703 ltem
616 3648 677 3701 in
712 3646 1031 3702 Moralibus
1061 3663 1356 3718 exponens
1387 3647 1598 3714 (Morel.
1631 3646 1734 3701 lib.
1762 3664 1822 3712 II,
1846 3646 2088 3718 cap.5):

442 3734 504 3789 Si
549 3734 899 3799 destruxerit,
928 3751 1085 3789 nemo
1132 3743 1210 3790 est
1256 3736 1353 3805 qui
1400 3735 1675 3804 aediﬁcet;
1702 3736 1754 3790 si
1803 3735 2093 3791 incluserit

442 3823 738 3888 hominem,
769 3824 959 3877 nullus
988 3830 1064 3877 cst
1091 3824 1188 3893 qui
1216 3824 1427 3894 aperiat
1456 3824 1570 3893 (Job
1595 3822 1716 3893 xu).
1752 3846 1778 3873 ‹‹
1812 3822 2089 3895 Omnipo-

444 3910 979 3983 tens,inquit,Deus
1007 3910 1338 3966 humanum
1361 3927 1460 3966 cor
1489 3910 1739 3967 destruit
1758 3928 1892 3967 cum
1919 3912 2089 3968 relin-

442 3998 999 4072 quit,aadiﬁcatdum
1013 3998 1418 4071 replet.Neque
1431 3999 1587 4055 enim
1600 3998 1920 4056 humanam
1934 4017 2093 4057 men-

441 4093 558 4144 tem
573 4087 919 4145 debellando
933 4087 1201 4153 destruit,
1226 4088 1323 4143 sed
1341 4088 1680 4156 recedendo,
1705 4089 1845 4161 quia
1867 4089 1937 4145 ad
1962 4106 2089 4163 per-

440 4177 723 4234 ditionem
774 4195 943 4233 suam
994 4176 1212 4233 sufﬁcit
1260 4176 1369 4234 sibi
1421 4178 1687 4234 dimissa.
1724 4201 1753 4228 »
1787 4178 1928 4235 Item
1960 4183 2092 4251 post

441 4266 744 4340 aliquanta
800 4267 938 4340 (cap.
994 4266 1136 4336 eod.)
1180 4283 1192 4322 :
1248 4290 1275 4317 «
1330 4268 1397 4324 Si
1450 4268 1737 4324 incluserit
1790 4268 2085 4336 hominem,

436 4357 626 4412 nullus
654 4364 734 4412 est
762 4357 894 4427 quia
916 4354 2090 4429 aperiat.Quiasicutnemoobsistitlargi-

437 4445 545 4502 tati
573 4445 942 4512 vocantis,ita
972 4443 1172 4500 nullus
1203 4443 1395 4499 obviat
1415 4444 1660 4517 justitiaa
1682 4445 2085 4517 relinquentis.

436 4533 738 4591 Includerc
770 4535 968 4607 itaque
998 4532 1098 4589 Dei
1128 4537 1237 4601 est,
1271 4532 1486 4588 clausis
1517 4549 1632 4588 non
1665 4533 2086 4606 aperire.Unde

437 4627 494 4679 et
524 4624 597 4679 ad
628 4624 863 4696 Moysen
895 4624 1112 4680 dicitur
1160 4623 1230 4679 de
1279 4621 1599 4691 Pharaone,
1633 4639 1739 4695 ego
1785 4623 2084 4680 obdurabo

438 4727 537 4765 cor
583 4712 730 4780 ejus.
769 4712 1068 4769 Obdurare
1115 4711 1331 4785 quippe
1379 4728 1482 4783 per
1519 4710 1816 4783 justitiam
1869 4712 2084 4767 dicitur

438 4798 671 4869 quando
703 4815 801 4854 cor
830 4802 1142 4871 reprobum
1176 4818 1279 4873 per
1306 4800 1555 4875 gratiam
1586 4817 1700 4857 non
1730 4799 1975 4856 emollit.
2007 4823 2035 4851 »

510 4886 666 4941 Idem
750 4888 806 4942 in
884 4889 1286 4960 explanatione
1369 4889 1711 4963 evangelica:
1784 4889 2082 4946 sententia

438 4976 649 5046 (homil.
685 4992 759 5041 1v,
796 4979 853 5031 in
884 4979 1114 5049 Evung.)
1141 4996 1153 5033 :
1189 4982 1250 5034 In
1280 4982 1428 5035 m'am
1457 4982 1709 5048 gentium
1738 4996 1806 5036 ne
1834 4980 2084 5035 abieritis

438 5065 650 5132 (Matth.
709 5066 844 5132 10):
898 5088 925 5115 ι(
976 5067 1208 5132 Subtili,
1261 5069 1361 5135 ait,
1412 5070 1754 5142 occultoque
1796 5069 2019 5140 judicio
2049 5086 2083 5125 a

435 5154 829 5227 quorumdam
862 5153 1101 5209 auribus
1126 5157 1622 5227 prrsdicatio259
1636 5162 1838 5214 sancta
1859 5158 2086 5213 subtra-

433 5244 616 5311 hitur,
650 5243 789 5316 quia
838 5242 1106 5298 suscitari
1138 5260 1241 5315 per
1289 5245 1537 5318 gratiam
1595 5265 1709 5304 non
1760 5251 2078 5303 merentur.

503 5389 580 5461 (ιι)
617 5389 936 5463 Tamenetsi.
962 5387 1069 5443 Pro
1100 5392 1346 5446 tametsi:
1384 5406 1560 5463 quam
1585 5408 1937 5463 vocem,quae
1953 5392 2080 5463 jam

435 5461 517 5516 ita
546 5460 921 5534 excoleverat,
956 5463 1021 5514 ut
1056 5476 1235 5531 prope
1284 5478 1317 5516 a
1367 5460 1597 5534 nemine
1647 5460 2080 5534 agnosceretur,

434 5532 671 5587 retraxit
700 5549 769 5588 ex
788 5531 937 5590 fuga
969 5548 1243 5586 summus
1267 5538 1470 5587 etcum
1487 5532 1602 5589 illis
1620 5531 1911 5590 veteribus
1928 5531 2081 5589 com;

429 5604 728 5681 parandus
757 5604 811 5664 J.
840 5601 900 5662 (Σ
923 5602 1180 5666 Jacobus
1212 5601 1579 5679 cuiaciusmt
1604 5604 1865 5663 Muretus
1885 5609 2083 5664 uoster

2201 3292 2459 3348 animam
2493 3293 2766 3365 adjicere.
2799 3296 2969 3352 Novit
2998 3296 3155 3352 enim
3189 3298 3348 3353 Deus
3377 3296 3475 3370 qui
3519 3300 3644 3352 sunt
3665 3292 3782 3363 ejus.

2199 3380 2414 3437 Verum
2442 3382 2550 3438 etsi
2591 3388 2851 3440 nostram
2885 3384 3261 3459 fragilitatem
3296 3385 3397 3458 qui
3427 3386 3497 3440 ad
3524 3383 3784 3440 electorum

2201 3474 2414 3527 sortem
2448 3472 2743 3544 pertinent
2772 3472 2933 3539 latet,
2966 3490 3081 3530 non
3113 3479 3313 3531 tamen
3346 3475 3418 3530 ab
3453 3472 3655 3545 agenda
3676 3482 3785 3524 cura

2201 3563 2411 3615 nostrae
2466 3560 2675 3618 salutis
2740 3562 3111 3630 cessandum,
3174 3579 3283 3620 nec
3354 3563 3429 3619 ab
3490 3554 3787 3617 instruendis

2198 3648 2480 3719 proximis
2512 3648 2714 3723 lingua
2743 3654 2833 3706 est
2862 3650 3245 3720 continenda;
3280 3652 3382 3708 sed
3417 3652 3487 3708 ad
3516 3644 3788 3719 exemplum

2198 3736 2353 3791 beati
2406 3736 2511 3792 Lot
2557 3742 2615 3793 et
2657 3738 2827 3794 nobis
2874 3742 3031 3795 caste
3069 3739 3412 3809 vivendum,
3445 3744 3499 3795 et
3525 3733 3787 3794 errantium

2200 3841 2432 3897 quoque
2463 3827 2805 3882 correctioni
2836 3827 3096 3884 ofﬁcium
3115 3822 3787 3902 pietatisimpendendum.

2200 3914 2437 3970 Constat
2465 3914 2621 3970 enim
2652 3916 2809 3987 quod
2839 3916 2949 3973 etsi
2982 3918 3429 3989 praedestinatos
3456 3916 3525 3974 ad
3540 3912 3788 3971 interitum

2199 4001 2423 4059 salvare
2453 4004 3005 4076 nequimus,nostrse
3038 4010 3237 4063 tamen
3262 4004 3786 4079 benignitatis,un

2198 4106 2338 4163 erga
2365 4090 2599 4148 illorum
2627 4092 2877 4150 salutem
2906 4093 3328 4166 impendimus,
3362 4093 3664 4151 mercedem
3702 4099 3787 4142 non

2199 4180 2524 4252 perdimus.
2557 4203 2586 4232 ››

2270 4270 2519 4326 Sanctus
2540 4269 2803 4344 Fulgenti
2816 4272 3233 4344 us,Ruspensis
3246 4268 3785 4346 provincizeAt‘ricana

2196 4359 2507 4431 episcopus
2555 4359 2641 4431 (ut
2687 4360 2891 4416 scribit
2936 4361 3196 4419 Joannes
3257 4364 3525 4419 Romanis
3568 4350 3784 4415 Ecclesia

2198 4448 2601 4515 diaconus),in
2628 4448 2776 4505 libro
2806 4449 2879 4505 ad
2914 4449 3147 4506 Petrum
3179 4452 3251 4508 de
3284 4451 3501 4525 Regula
3522 4463 3650 4507 velte
3665 4437 3783 4525 ﬁdeig

2118 4557 2164 4621 ι)
2198 4537 2269 4592 de
2299 4537 2751 4609 praedestinatis,
2785 4539 2895 4596 hoc
2927 4541 3102 4596 modo
3147 4522 3446 4597 disserunt
3474 4538 3550 4613 (de
3588 4522 3784 4621 Fids‘ad

2200 4631 2367 4695 Petr.,
2393 4643 2442 4682 c.
2464 4629 2584 4696 35):
2607 4651 2633 4678 «
2662 4627 3025 4685 Firmissime
3040 4632 3172 4686 tene
3183 4635 3240 4686 et
3256 4629 3581 4687 nullatenus
3599 4618 3782 4678 dubites

2191 4731 2395 4771 omnes
2432 4732 2580 4787 quos
2628 4733 2768 4772 vasa
2815 4717 3230 4774 misericordiae
3279 4718 3531 4791 gratuita
3575 4706 3780 4768 bonitate

2190 4804 2343 4860 Deus
2362 4804 2498 4863 facit
2513 4808 2645 4861 ante
2662 4805 3139 4862 constitutionem
3160 4807 3363 4862 mundi
3384 4807 3441 4861 in
3469 4801 3779 4873 adoptionem

2193 4893 2449 4949 ﬁliorum
2497 4894 2597 4949 Dei
2648 4895 3094 4967 praedestinatos
3148 4913 3183 4951 a
3230 4896 3369 4962 Deo,
3423 4907 3595 4965 neque
3636 4882 3779 4967 Peri“?

2192 4999 2363 5056 posse
2388 4966 2880 5056 aliquemieorum
2913 5001 3062 5056 quos
3092 4985 3245 5041 Deus
3290 4976 3689 5057 praedestinavit
3723 4966 3777 5024 ad

2194 5089 2460 5148 regnum,
2486 5089 2591 5126 nec
2623 5088 2981 5144 quemquam
3001 5090 3204 5129 eorum
3223 5089 3373 5145 quos
3391 5073 3646 5128 Deusnon
3666 5074 3776 5134 pw-

2191 5160 2503 5216 destinavit
2534 5160 2606 5215 ad
2632 5160 2810 5216 vitam
2845 5160 2963 5217 ulla
2976 5178 3149 5234 posse
3181 5162 3403 5218 ratione
3432 5150 3774 5215 salvari.Pra-

2191 5249 2501 5306 destinatio
2533 5249 2689 5305 enim
2724 5249 2823 5307 :lla
2851 5252 3117 5324 gratuita:
3144 5248 3469 5308 donationis
3488 5251 3569 5303 est
3591 5250 3774 5314 μερι-

2191 5393 2273 5447 ait
2300 5392 2360 5447 in
2394 5391 2540 5465 libro
2570 5410 2627 5465 xi
2656 5391 3003 5465 Var.7Lect.,
3040 5410 3166 5465 cap.
3202 5395 3285 5459 17,
3322 5391 3418 5447 ubi
3449 5388 3602 5444 atl'ert
3626 5374 3770 5465 plmj‘

2192 5481 2288 5537 ma
2336 5464 2691 5529 testimonia,
2725 5464 2939 5537 quibus
2982 5459 3192 5537 probet
3235 5479 3365 5537 eam
3384 5475 3527 5537 kesse
3567 5459 3770 5510 retinen-

2191 5535 2348 5594 dam.
2384 5537 2463 5592 Ea
2496 5533 2950 5593 rursum'utitur
2977 5533 3176 5612 Lupus
3207 5533 3314 5591 col.
3347 5534 3416 5589 25
3454 5574 3466 5588 .
