3982 6152
208 333 310 396 661

1132 334 1502 399 COLLECT.
1549 338 1652 400 DE
1694 336 1978 404 TRIBUS
2022 339 2644 433 QUIESTIONIBUS.

3472 347 3589 410 662

208 486 332 527 cum
363 466 460 525 illo
490 470 687 541 postea
715 483 854 541 pace
881 484 1213 542 regnemus,
1256 471 1513 543 profecto
1544 470 1657 528 nisi
1680 472 1835 528 Deus
1865 483 1918 547 Α
1948 474 2163 542 decuit,
2195 476 2496 533 universos
2528 476 2798 534 instituit.
2834 479 2916 535 Ex
2959 479 3087 552 ejus
3134 478 3379 538 decretis
3417 483 3594 539 verba

206 559 369 624 adsit,
391 575 556 614 nemo
584 563 674 615 est
702 557 945 615 idoneus
977 563 1198 615 certare
1227 576 1362 616 cum
1392 560 1568 630 vitiis,
1603 578 1676 617 ne
1705 561 1833 618 sine

206 648 508 706 certamine
529 648 903 720 pertrahatur
933 649 1005 704 ab
1036 649 1257 714 eis,aut
1277 667 1351 706 ne
1363 651 1489 722 jam
1523 656 1750 707 certans
1773 651 1833 707 in

204 738 323 810 ipsa
341 754 537 793 eorum
557 737 986 794 conflictatione
1005 737 1291 794 vincatur.
1318 739 1450 795 Ideo
1489 739 1545 794 in
1571 739 1679 796 hoc
1700 757 1833 813 ago-

204 844 267 883 ne
286 826 468 900 magis
491 843 596 882 nos
617 826 772 882 Deus
800 826 983 883 voluit
1011 826 1373 884 orationibus
1396 822 1617 885 certare
1653 847 1831 902 quam

202 915 582 989 viribus,quia
610 920 668 972 et
696 915 858 989 ipsas
884 915 1325 988 vires,quantas
1354 917 1451 973 hic
1481 917 1695 975 habere
1726 936 1833 976 nos

203 1005 480 1078 competit,
497 1005 622 1078 ipse
652 1004 1063 1061 subministrat
1091 1005 1449 1062 certantibus
1472 1024 1646 1080 quem
1670 1025 1833 1082 roga-

202 1094 411 1149 mus.Si
442 1109 578 1165 ergo
606 1092 645 1147 ii
678 1110 927 1166 quorum
960 1098 1161 1150 contra
1181 1111 1417 1151 carnem
1441 1096 1566 1167 jam
1590 1095 1832 1169 spiritus

202 1181 545 1255 concupiscit
572 1183 643 1237 ad
676 1182 940 1256 singulos
988 1187 1153 1239 actus
1201 1183 1464 1258 indigent
1495 1185 1593 1240 Dei
1645 1185 1832 1259 gratia

200 1289 262 1330 ne
286 1269 606 1337 vincantur,
631 1271 863 1344 qualem
894 1272 1220 1329 libertatem
1250 1273 1565 1329 voluntatis
1617 1273 1833 1329 habere

200 1366 429 1435 possunt
457 1361 560 1434 qui
580 1362 842 1418 nondum
865 1362 934 1418 de
958 1366 1243 1434 potestate
1262 1362 1409 1419 eruti
1434 1363 1829 1434 tenebrarum,

200 1451 521 1515 dominante
549 1450 877 1524 iniquitate,
903 1468 1008 1507 nec
1038 1456 1257 1508 certare
1289 1456 1607 1523 coeperunt,
1632 1455 1733 1507 aut
1780 1452 1829 1508 si

198 1546 395 1596 certare
425 1539 755 1607 voluerunt,
790 1541 1050 1596 nondum
1071 1540 1326 1595 liberatae
1356 1539 1673 1596 voluntatis
1709 1558 1828 1597 ser-

193 1629 356 1685 vitute
384 1628 741 1685 vincuntur?
773 1651 803 1679 »
838 1631 981 1685 Item
1021 1630 1081 1685 in
1128 1629 1276 1685 libro
1330 1629 1827 1685 Retractationum

197 1717 411 1791 priore:
456 1738 483 1765 ε
515 1717 816 1786 Perfectio,
858 1717 1066 1791 inquit,
1095 1717 1233 1774 boni
1278 1722 1368 1775 est
1424 1722 1489 1773 ut
1545 1736 1650 1775 nec
1699 1719 1829 1791 ipsa

196 1806 652 1880 concupiscentia
680 1807 900 1879 peccati
930 1807 1008 1864 sit
1028 1806 1089 1863 in
1120 1807 1387 1876 homine;
1421 1807 1513 1863 cui
1562 1808 1821 1881 quidem,

194 1898 406 1969 quando
436 1897 591 1953 bene
633 1895 862 1965 vivitur,
896 1914 1013 1953 non
1062 1896 1352 1953 consentit
1395 1896 1693 1966 voluntas;
1730 1915 1824 1953 ve-

194 1989 509 2041 rumtamen
541 2001 658 2041 non
707 1985 933 2058 perficit
977 1985 1225 2052 bonum;
1253 1986 1392 2058 quia
1444 1986 1595 2042 inest
1635 1986 1825 2041 adhuc

190 2073 666 2147 concupiscentia,
698 2075 792 2130 cui
826 2079 1110 2147 repugnat
1137 2074 1430 2131 voluntas.
1464 2074 1644 2146 Cujus
1687 2093 1827 2131 con-

189 2163 544 2235 cupiscentias
577 2167 771 2218 reatus
802 2163 860 2218 in
892 2164 1242 2236 baptismate
1290 2163 1555 2235 solvitur,
1585 2165 1687 2220 sed
1736 2164 1824 2219 in-

187 2252 413 2309 ﬁrmitas
466 2256 688 2319 manet,
721 2252 835 2320 cui,
869 2253 1052 2309 donec
1102 2258 1363 2321 sanetur,
1395 2254 1587 2310 omnis
1636 2254 1825 2311 ﬁdelis

185 2341 269 2414 qui
298 2342 439 2398 bene
476 2340 710 2414 proficit
740 2340 1174 2398 studiosissime
1206 2342 1544 2398 reluctatur.
1573 2365 1600 2392 »

240 2428 500 2487 Alterum
531 2431 610 2503 (α)
640 2430 839 2486 lumen
888 2434 1275 2487 tractatorum
1325 2432 1711 2505 Hieronymus
1765 2432 1824 2487 in

186 2518 403 2593 Dialogo
427 2537 439 2575 :
475 2546 499 2569 α
515 2520 641 2576 Non
660 2519 1293 2594 ideo,inquit,peccavit
1310 2521 1496 2576 Adam
1521 2522 1659 2594 quia
1672 2521 1824 2577 Deus

188 2607 282 2664 hoc
303 2609 571 2665 futurum
595 2614 852 2676 noverat,
874 2610 975 2665 sed
999 2609 1288 2682 praescivit
1308 2610 1462 2666 Deus
1486 2610 1653 2682 quasi
1673 2611 1825 2666 Deus

188 2698 319 2769 quod
352 2696 447 2754 ille
484 2703 613 2754 erat
667 2699 903 2772 propria
949 2698 1247 2757 voluntate
1292 2699 1574 2756 facturus.
1610 2722 1637 2749 »
1679 2700 1823 2755 Item

188 2792 303 2857 post
331 2787 639 2860 aliquanta
669 2803 683 2842 :
717 2810 745 2836 ‹‹
778 2787 1063 2842 Dominus
1102 2786 1296 2853 inquit
1342 2789 1415 2843 ad
1456 2787 1776 2861 discipulos
1806 2804 1819 2844 :

187 2876 281 2947 Ego
307 2894 425 2932 sum
454 2878 609 2943 vitis,
642 2893 730 2931 vos
763 2877 935 2944 rami;
971 2877 1068 2948 qui
1092 2883 1277 2931 manet
1323 2878 1383 2931 in
1423 2893 1527 2943 me,
1558 2886 1611 2932 et
1637 2894 1731 2948 ego
1762 2878 1821 2931 in

187 2981 255 3033 eo,
286 2969 381 3022 iste
407 2966 604 3039 aﬁ'cret
630 2968 874 3037 fructum
917 2966 1174 3031 multum,
1206 2968 1337 3037 quia
1383 2968 1503 3021 sine
1547 2982 1633 3020 me
1676 2966 1823 3021 nihil

183 3056 380 3125 potestis
406 3059 596 3128 facere
623 3056 799 3128 (Joan.
829 3057 946 3122 xv).
978 3054 1140 3110 Sicut
1187 3053 1335 3110 rami
1362 3058 1419 3110 et
1449 3054 1585 3110 folia
1614 3053 1820 3109 vitium

187 3141 322 3198 illico
338 3144 769 3200 contabescunt
785 3160 919 3199 cum
936 3143 1149 3199 fuerint
1165 3161 1199 3199 a
1216 3144 1455 3199 matrice
1472 3143 1822 3215 przecisa,ita

1857 1854 1904 1919 B

1946 562 2068 619 hinc
2099 568 2238 620 sunt
2264 565 2403 637 (cap.
2436 567 2489 638 3)
2517 583 2529 621 :
2556 590 2583 617 «
2616 568 2680 623 In
2704 568 3589 642 praevaricatione,inquit,Adze,

1942 669 2145 709 omnes
2178 653 2446 710 homines
2479 656 2808 711 naturalem
2835 657 3287 730 possibilitatem
3337 664 3393 715 et
3424 660 3591 717 inno-

1942 742 2193 797 centiam
2224 744 2547 816 perdidisse
2578 746 2801 802 clarum
2825 752 2932 815 est,
2957 752 3013 803 et
3042 749 3337 804 neminem
3357 750 3427 805 de
3459 767 3590 823 pro-

1940 830 2121 887 fundo
2151 832 2309 889 illius
2341 834 2521 889 ruinae
2545 852 2714 907 posse
2737 853 3085 910 consurgere
3110 836 3223 892 nisi
3246 854 3378 893 eum
3403 838 3593 910 gratia

1942 919 2273 977 miserentis
2305 923 2403 978 Dei
2435 925 2741 980 erexerit.»
2771 926 2911 981 Item
2946 927 3083 999 (cap.
3119 927 3172 998 6)
3199 943 3211 981 :
3240 927 3588 984 «Neminem

1939 1009 2733 1085 etiam,inquit,baptismatis
2749 1014 2937 1087 gratia
2954 1019 3291 1070 renovatum
3309 1015 3585 1074 idoneum

1939 1114 2066 1154 esse
2097 1099 2169 1155 ad
2200 1103 2563 1173 superandas
2591 1102 2805 1158 diaboli
2831 1103 3073 1159 insidias
3103 1110 3160 1160 et
3180 1106 3251 1160 ad
3270 1105 3586 1162 vincendas

1939 1187 2132 1243 carnis
2165 1191 2689 1262 concupiscentias,
2722 1191 2833 1247 nisi
2865 1210 2966 1265 per
2994 1194 3400 1265 quotidianum
3424 1195 3587 1266 adju-

1938 1276 2152 1333 torium
2187 1278 2285 1334 Dei
2309 1280 2796 1351 perseverantiam
2829 1282 2991 1336 bonae
3014 1283 3471 1341 conversationis
3497 1302 3587 1341 ac-

1939 1367 2209 1437 ceperit.»
2255 1368 2397 1423 Item
2430 1372 2571 1440 (cap.
2601 1371 2694 1436 7):
2721 1371 2875 1441 quod
2910 1387 3080 1426 nemo
3112 1372 3226 1427 nisi
3252 1390 3356 1444 per
3385 1372 3587 1430 Chris-

1936 1458 2063 1509 tum
2096 1454 2276 1512 libero
2297 1456 2442 1511 bene
2460 1461 2657 1512 utatur
2676 1458 3081 1527 arbitrio,hinc
3103 1464 3158 1515 et
3182 1461 3582 1517 Innocentium

1936 1560 2149 1615 papam
2176 1544 2414 1601 adhibet
2442 1549 2649 1602 testem
2684 1547 2873 1619 posita
2901 1549 3027 1619 ejus
3079 1551 3366 1606 sententia
3398 1551 3583 1623 (Inno-

1935 1635 2142 1689 centius
2191 1636 2252 1689 in
2300 1636 2454 1707 epist.
2504 1636 2576 1691 ad
2621 1636 3001 1693 Milevitanum
3045 1640 3379 1694 concilium:
3413 1663 3440 1689 ‹‹
3472 1641 3583 1695 Ad-

1935 1726 2090 1777 vorte
2122 1723 2379 1789 tandem,
2414 1742 2445 1779 o
2476 1725 2955 1797 pravissimarum
2990 1727 3275 1783 mentium
3314 1745 3584 1800 perversa

1937 1811 2224 1879 doctrina,
2258 1813 2413 1884 quod
2447 1814 2702 1886 primum
2745 1814 3042 1870 hominem
3075 1814 3156 1871 ita
3185 1815 3424 1872 libertas
3455 1817 3584 1888 ipsa

1935 1900 2160 1971 decepit
2192 1904 2255 1956 ut
2282 1901 2425 1957 dum
2456 1902 2857 1977 indulgentius
2883 1904 3063 1961 frenis
3107 1906 3234 1976 ejus
3284 1905 3486 1973 utitur,
3521 1907 3580 1961 in

1934 1988 2465 2060 praevaricationem
2514 1994 2968 2064 praesumptione
2998 1994 3334 2051 conciderit.
3368 1996 3483 2050 Nec
3513 2012 3582 2052 ex

1934 2077 2042 2132 hac
2072 2078 2262 2150 potuit
2290 2080 2435 2147 erui,
2469 2080 2581 2136 nisi
2612 2080 2661 2136 ei
2713 2082 3075 2153 providentia
3123 2083 3580 2155 regenerationis

1934 2169 2152 2221 statum
2182 2168 2437 2240 pristina:
2468 2168 2754 2225 libertatis
2809 2172 2961 2227 269
2982 2171 3193 2227 Christi
3229 2171 3459 2227 Domini
3492 2190 3578 2229 re-

1935 2255 2244 2312 formasset
2274 2257 2614 2315 adventus.»
2649 2259 2792 2314 Item
2823 2259 3168 2316 C(Blestinus
3197 2265 3348 2329 (Post
3364 2262 3522 2334 epist.
3546 2264 3580 2317 3

1935 2344 2228 2415 Ctetestini,
2263 2363 2391 2419 cap.
2424 2350 2499 2416 8),
2535 2372 2561 2399 ‹‹
2597 2350 2754 2421 quod
2786 2349 2986 2404 omnia
3034 2349 3230 2404 studia
3278 2355 3340 2405 et
3384 2349 3583 2406 omnia

1934 2451 2109 2506 opera
2140 2452 2206 2490 ac
2237 2436 2446 2492 merita
2468 2441 2805 2492 sanctorum
2828 2438 2897 2493 ad
2925 2437 3022 2493 Dei
3047 2438 3291 2511 gloriam
3317 2439 3583 2495 laudem-

1935 2540 2047 2595 que
2074 2524 2374 2580 referenda
2407 2531 2565 2592 sunt,
2581 2526 2720 2599 quia
2743 2543 2912 2583 nemo
2935 2527 2985 2581 ei
3007 2526 3245 2583 aliunde
3266 2527 3453 2600 placet
3469 2528 3583 2585 nisi

1934 2629 2003 2669 ex
2022 2630 2087 2669 eo
2110 2614 2263 2685 quod
2284 2613 2408 2686 ipse
2432 2615 2885 2688 donaverit(cap.
2910 2616 3021 2683 9).»
3048 2616 3191 2671 Item
3218 2634 3230 2670 :
3255 2641 3280 2665 ‹‹
3315 2618 3471 2688 quod
3504 2618 3586 2673 ita

1934 2701 2087 2757 Deus
2106 2702 2164 2756 in
2186 2704 2459 2759 cordibus
2482 2704 2787 2760 hominum
2810 2709 2983 2776 atque
3008 2706 3065 2777 in
3090 2704 3219 2778 ipso
3240 2704 3421 2761 libero
3448 2723 3584 2779 ope-

1933 2795 2097 2847 retur
2125 2791 2366 2848 arbitrio
2394 2796 2457 2847 ut
2488 2799 2692 2851 sancta
2721 2793 3017 2866 cogitatio,
3051 2794 3214 2866 pium
3234 2794 3579 2863 consilium,

1931 2878 2467 2951 omnisque.motus
2497 2880 2660 2935 bona:
2694 2880 3010 2936 voluntatis
3056 2898 3124 2937 ex
3170 2886 3283 2937 Deo
3314 2883 3409 2949 sit,
3443 2883 3583 2953 quia

1932 2984 2045 3022 non
2079 2967 2191 3023 nisi
2223 2985 2325 3040 per
2357 2966 2523 3022 illum
2557 2968 2776 3041 aliquid
2810 2970 2944 3024 boni
2970 2971 3441 3042 possumus,sine
3463 2988 3578 3043 quo

1931 3054 2077 3109 nihil
2108 3073 2444 3128 possumus.
2482 3082 2506 3127 ιι¹
2542 3057 2683 3113 Item
2717 3062 2855 3130 (cap.
2891 3059 2977 3129 10)
3013 3076 3025 3113 :
3064 3057 3390 3130 «Quisquis
3421 3059 3578 3114 dixe-

1930 3144 2024 3211 rit,
2056 3143 2186 3200 ideo
2219 3146 2385 3202 nobis
2416 3146 2660 3220 gratiam
2687 3146 3127 3219 justificationis
3159 3146 3304 3214 dari,
3338 3149 3574 3220 utquod

185 3231 358 3287 omnis
385 3231 697 3288 hominum
724 3231 998 3287 fortitudo
1011 3232 1161 3289 268
1176 3232 1552 3288 marcessitet
1572 3230 1812 3304 deperit,
1848 3221 1891 3288 C
1930 3233 2115 3290 facere
2137 3235 2421 3306 jubemur
2444 3253 2547 3308 per
2564 3235 2819 3292 liberum
2842 3236 3174 3304 arbitrium,
3190 3235 3419 3293 facilius
3441 3255 3575 3310 pos-

184 3318 227 3373 si
253 3336 283 3374 a
309 3320 407 3376 Dei
440 3319 662 3376 auxilio
693 3321 1016 3376 deseratur.
1065 3322 1249 3390 Nemo,
1279 3321 1491 3393 inquit,
1517 3330 1690 3393 potest
1730 3337 1817 3376 ve-

181 3408 289 3464 nire
329 3409 398 3464 ad
442 3426 537 3465 me
583 3411 700 3465 nisi
747 3415 932 3475 Pater,
959 3411 1057 3481 qui
1098 3411 1255 3465 misit
1281 3427 1388 3476 me,
1420 3412 1654 3466 traxerit
1697 3427 1821 3466 eum

181 3496 345 3563 (toan.
376 3497 477 3557 v1).
508 3496 751 3562 Quando
781 3494 942 3563 dicit,
975 3512 1132 3552 nemo
1160 3506 1331 3569 potest
1374 3500 1558 3553 venire
1604 3497 1674 3553 ad
1712 3515 1818 3561 me,

181 3582 375 3656 frangit
391 3582 835 3657 superbientem
853 3584 1077 3640 arbitrii
1093 3584 1604 3658 libertatem,quod
1624 3585 1835 3652 etiam-ﬂ

183 3670 223 3725 si
250 3672 378 3728 velit
407 3673 482 3728 ad
520 3672 816 3729 Christum
866 3689 1123 3746 pergere,
1159 3674 1273 3730 nisi
1325 3673 1425 3729 fiat
1472 3674 1615 3730 illud
1665 3676 1819 3747 quod

184 3760 453 3831 sequitur,
472 3761 647 3817 Pater
666 3778 834 3817 meus
852 3761 1103 3818 caelestis
1137 3762 1375 3818 traxerit
1403 3780 1637 3839 eum,ne
1660 3763 1824 3836 quid-

182 3864 341 3918 quam
367 3849 593 3923 cupiat,
622 3850 840 3906 frustra
869 3850 1110 3906 nitatur.
1127 3850 1313 3907 Simul
1346 3856 1402 3906 et
1422 3844 1531 3908 hoc
1561 3853 1824 3909 animad-

182 3940 511 3994 vertendum
547 3939 703 4010 quod
731 3940 831 4011 qui
864 3939 1267 4007 trahitur,non
1286 3945 1490 4015 sponte
1513 3941 1821 4009 currit,sed

182 4031 269 4080 aut
296 4031 648 4096 retractans,
684 4033 785 4083 aut
812 4029 1040 4097 tardus,
1072 4032 1174 4084 aut
1223 4029 1439 4086 invitus
1491 4030 1820 4086 adducitur.

183 4114 274 4178 Qui
304 4133 418 4171 non
452 4120 650 4189 potest
671 4115 798 4173 suis
826 4116 1050 4173 viribus
1081 4122 1139 4174 et
1165 4117 1361 4175 labore
1402 4118 1594 4174 venire
1625 4120 1696 4175 ad
1728 4120 1822 4175 Je-

181 4219 318 4271 sum,
351 4206 652 4277 quomodo
684 4209 874 4278 potest
902 4208 1104 4262 omnia
1131 4206 1307 4263 simul
1338 4212 1574 4280 peccata
1623 4208 1822 4284 vitare,

181 4296 229 4346 et
254 4292 429 4350 vitare
454 4295 516 4349 in
538 4299 886 4369 perpetuum
901 4295 930 4351 ?
962 4319 991 4345 κ

240 4383 308 4454 (b)
342 4382 698 4439 Ccelestinus
720 4384 895 4440 etiam
914 4385 1323 4459 papa,magnis
1343 4386 1826 4442 annumerandus

181 4469 619 4539 doctoribus,de
650 4470 833 4529 libero
865 4472 1198 4543 arbitrio,ut
1226 4478 1457 4530 tantum
1488 4475 1824 4546 pontificem

1929 3322 2117 3379 simus
2136 3322 2379 3397 implere
2400 3342 2502 3397 per
2522 3327 3080 3399 gratiam,tanquam
3113 3325 3218 3382 etsi
3250 3326 3437 3400 gratia
3457 3344 3575 3383 non

1929 3412 2184 3478 daretur,
2218 3429 2335 3467 non
2367 3412 2617 3485 quietem
2654 3413 2839 3482 facile,
2875 3415 2975 3469 sed
3022 3417 3219 3470 tamen
3268 3432 3576 3487 possemus

1929 3500 2103 3555 etiam
2128 3501 2253 3555 sine
2284 3500 2386 3556 illa
2415 3501 2657 3573 implere
2688 3502 2885 3557 divina
2933 3504 3230 3572 mandata,
3266 3504 3580 3559 anathema

1931 3588 2024 3644 sit.
2041 3589 2119 3644 De
2145 3589 2433 3645 fructibus
2455 3590 2612 3645 enim
2647 3593 3056 3647 mandatorum
3078 3592 3364 3649 Dominus
3383 3592 3576 3665 loque-

1931 3677 2121 3744 batur,
2155 3677 2253 3735 ubi
2278 3696 2391 3734 non
2419 3679 2519 3746 ait,
2541 3679 2668 3735 sine
2700 3697 2792 3735 me
2822 3680 3121 3737 difficilius
3152 3682 3415 3755 potestis,
3447 3681 3571 3751 sed,

1932 3767 2059 3823 sine
2092 3785 2182 3822 me
2214 3768 2359 3823 nihil
2392 3769 2634 3841 potestis
2666 3771 2874 3825 facere.
2914 3793 2934 3819 υ

2004 3858 2251 3913 Sanctus
2277 3874 2507 3930 quoque
2539 3875 2689 3930 papa
2718 3858 3055 3933 Gregorius,
3089 3859 3257 3915 bonis
3307 3859 3583 3915 omnibus

1934 3946 2124 4000 Latini
2144 3946 2429 4015 sermonis
2452 3947 2766 4017 capacibus
2789 3965 3024 4020 suaeque
3049 3948 3323 4003 doctrinae
3351 3948 3443 4020 pie
3465 3953 3585 4003 stu-

1935 4033 2116 4090 diosis
2136 4033 2459 4106 plurimum
2484 4034 3074 4101 collaturus,humani
3090 4035 3312 4090 arbitrii
3332 4036 3586 4107 proprie-

1933 4125 2111 4177 tatem
2144 4121 2439 4177 subtiliter
2460 4139 2525 4178 ac
2549 4124 2832 4179 suavitate
2856 4123 3025 4179 solita
3056 4122 3300 4178 homilia
3331 4141 3483 4178 nona
3522 4124 3581 4178 in

1936 4210 2292 4266 Ezechielem
2324 4212 2609 4282 expressit
2644 4228 2656 4264 :
2694 4233 2720 4260 ‹‹
2756 4212 2985 4278 Audivi,
3020 4211 3230 4283 inquit,
3278 4227 3455 4266 vocem
3498 4227 3581 4266 se-

1935 4303 2167 4371 quentis,
2184 4308 2233 4355 et
2262 4300 2407 4355 dixit
2435 4299 2504 4353 ad
2523 4316 2608 4355 me
2632 4319 2649 4355 :
2671 4301 2806 4355 Filii
2830 4300 3089 4367 hominis,
3122 4309 3207 4356 sta
3234 4316 3398 4371 super
3420 4298 3582 4370 pedes

1936 4396 2075 4454 tuos,
2098 4394 2146 4443 et
2177 4388 2372 4459 loquar
2389 4396 2563 4444 tecum
2580 4389 2804 4458 '(Ewch.
2831 4388 2912 4461 ιι).
2939 4388 3047 4444 Ubi
3076 4389 3265 4444 adhuc
3286 4386 3579 4455 subditur,

1935 4485 1987 4532 et
2018 4479 2292 4547 ingressus
2321 4485 2399 4533 est
2439 4479 2498 4533 in.
2527 4495 2611 4533 me
2656 4477 2897 4550 Spiritus
2939 4486 3223 4551 postquam
3270 4478 3478 4533 locutus
3507 4484 3586 4532 est

240 4597 564 4673 (a)_[.umen_
579 4604 963 4673 tractatorum.
985 4596 1079 4653 Sic
1105 4598 1375 4673 eumdem
1413 4598 1825 4669 Hieronymum
1859 4585 1905 4650 D
1936 4605 2113 4656 ctant.
2151 4624 2177 4651 »
2210 4602 2533 4673 Cyprianus
2566 4618 2696 4657 vero
2730 4601 2787 4655 in
2818 4600 3065 4673 epistola
3090 4602 3180 4666 52,
3208 4597 3583 4673 adAAntonia-

180 4663 528 4743 Claudianus
545 4666 864 4743 Mamertus
877 4672 1045 4743 vocat
1052 4668 1428 4743 potissimum
1445 4663 1825 4743 tractatorum

179 4736 228 4789 in
258 4736 402 4793 libro
436 4739 701 4810 secundo
731 4739 802 4795 de
832 4744 991 4795 statu
1021 4736 1265 4805 Knimte,
1297 4755 1422 4810 cap.
1454 4740 1509 4794 9.
1534 4741 1829 4797 Tractatu-

180 4822 262 4883 res
284 4815 485 4864 autem
520 4809 684 4883 dicti,
711 4827 1011 4883 sacrarum
1036 4809 1741 4883 litterarum’interpretes
1773 4818 1830 4869 et

181 4876 456 4954 doctores,
484 4876 825 4954 cuiusmodi
856 4881 966 4936 fuit
995 4881 1400 4954 Hieronymus,
1426 4876 1690 4954 utetiam
1727 4885 1828 4939 do-

179 4954 257 5003 cet
286 4951 492 5024 Lupus
520 4949 580 5006 in
614 4952 857 5024 epistola
890 4949 1459 5024 tertia.Vocal)ulum
1493 4952 1601 5008 hoc
1626 4960 1826 5010 natum

214 5025 331 5075 utat
350 5023 706 5078 Sirmondus
735 5041 851 5079 aavo
874 5023 1159 5079 Vincentii
1188 5023 1614 5089 Lirinensis,ob
1648 5025 1827 5081 istum

198 5106 359 5147 ocum
413 5110 485 5149 ex
533 5094 989 5150 Commonitorio
1042 5095 1338 5168 Peregrtni
1373 5112 1386 5150 :
1421 5096 1832 5168 Dgc_tores,rq~ui

179 5169 491 5238 tractatore:
507 5182 658 5238 nunc
673 5168 1041 5238 appellantur.
1058 5166 1279 5238 Tamen
1303 5170 1435 5223 ante
1456 5166 1829 5224 Vincentium

180 5235 462 5291 tractandi
485 5237 660 5311 verbo
681 5235 963 5311 usi_erant
983 5237 1386 5311 Tertullianus
1405 5241 1469 5311 et
1484 5239 1827 5311 Cyprianus,

180 5317 274 5383 pro
302 5321 371 5361 eo
389 5308 564 5383 quod
595 5324 703 5364 nos
720 5308 988 5383 Adicimus
1012 5309 1217 5383 (locere.
1253 5308 1651 5383 Tertullian'us
1673 5310 1830 5375 enim

180 5378 232 5429 in
274 5378 469 5449 capite
522 5380 776 5453 secundo
827 5379 959 5435 libri
1007 5381 1079 5453 de
1123 5380 1568 5453 Resurrectione
1614 5383 1829 5453 carnis,

181 5461 550 5524 mynqueyens
588 5450 662 5524 de
705 5453 962 5524 versutia
1012 5451 1437 5524 hmreticorum,
1473 5451 1573 5523 qui
1603 5450 1834 5524 semper

179 5517 443 5594 obscuris
476 5519 624 5594 falsa
650 5521 1048 5591 involvunt,ne
1070 5517 1656 5594 intelligantur,’neve
1679 5517 1832 5578 latus

179 5590 467 5663 aperiant,
491 5590 896 5650 defensoribus
936 5611 1082 5650 verae
1135 5590 1288 5661 Iidei',
1322 5594 1401 5648 ait
1437 5611 1448 5647 :
1486 5618 1508 5643 τι
1544 5594 1830 5663 Πιενθιὶοί,

179 5673 242 5715 ex
268 5660 633 5720 conscientia
663 5665 1045 5736 inﬁrmitatis,
1073 5682 1378 5736 nunquam
1410 5665 1699 5722 ordinaris
1724 5660 1834 5722 tra-

1940 4690 2103 4751 num,
2141 4671 2427 4751 tractandi
2455 4671 2993 4751 vocemmanit'este
3024 4671 3337 4751 usurpavit
3374 4686 3476 4751 pro
3517 4685 3583 4724 eo

1939 4746 2094 4816 quod
2144 4743 2315 4816 vulgo
2345 4744 2531 4799 docere
2561 4742 2833 4797 dicimus.
2868 4743 2956 4797 Ait
2989 4742 3155 4816 (enim
3179 4760 3205 4816 _:
3237 4766 3263 4791 ‹‹
3300 4742 3584 4816 Episcopo

1939 4812 2223 4869 tractante
2249 4812 2631 4886 cognoveram
2686 4831 2800 4868 non
2840 4813 3299 4886 sacrificandum
3333 4812 3526 4886 idolis.
3559 4834 3586 4860 »

1939 4887 2007 4940 Et
2041 4886 2247 4940 iterum
2282 4884 2605 4957 irncpistola
2634 4886 2748 4957 56‘:
2786 4908 2813 4935 ‹‹
2835 4885 2949 4941 Nec
2993 4885 3326 4957 quisquam.
3378 4884 3587 4957 fratres

1940 4956 2330 5029 dilectissimi,
2364 4972 2497 5009 cum
2550 4955 2829 5029 populum
2888 4955 3165 5029 nostrum
3205 4956 3591 5029 l'ugaricons-

1940 5027 2156 5099 pexerit
2187 5032 2345 5099 metu
2378 5028 2799 5099 persecutionis
2848 5032 2905 5081 et
2944 5028 3163 5099 spargi,
3189 5027 3587 5093 conturbatur,

1940 5096 2090 5171 quod
2125 5097 2423 5171 collectam
2462 5098 2880 5171 fraternitatem
2916 5096 3031 5155 non
3058 5096 3264 5167 videat,
3298 5116 3404 5154 nec
3437 5103 3591 5171 trac-

1939 5168 2132 5225 tantes
2163 5168 2464 5240 episcopos
2504 5168 2787 5240 audiat.»
2820 5170 2961 5226 Vide
3004 5171 3276 5228 Juretum
3326 5171 3383 5225 in
3438 5168 3591 5224 notis

1941 5242 2013 5296 ad
2034 5238 2337 5312 epistolam
2372 5238 2680 5312 septimam
2708 5243 2899 5299 Ivonis
2930 5243 3321 5300 Carnotensis.

2015 5308 2089 5383 (ti)
2124 5308 2633 5387 Qtelestiuus'papa.
2684 5313 2828 5369 Hinc
2871 5319 3036 5387 patet
3075 5314 3440 5387 existimasse
3484 5308 3593 5387 Eu:

1942 5378 2100 5457 puni
2129 5381 2443 5457 leestini
2470 5378 2610 5457 :es'se
2667 5378 2939 5457 excerpta
2980 5385 3081 5440 illa
3126 5386 3207 5457 de
3247 5380 3449 5457 pratia
3488 5378 3590 5433 Dei

1942 5452 1999 5509 et
2045 5454 2226 5510 libero
2266 5454 2522 5510 homibis
2571 5452 2975 5511 arbitrio-Sed
3027 5461 3083 5510 et
3122 5454 3263 5508 illud
3297 5452 3591 5505 affirmare

1944 5543 2206 5597 possum,
2238 5525 2296 5580 in
2347 5543 2415 5580 ea
2459 5543 2593 5597 quat
2623 5544 2691 5581 ue
2744 5527 3033 5582 sententia
3082 5525 3263 5579 fuisse
3306 5538 3590 5603 magnum

1944 5598 2152 5652 virum.
2190 5598 2423 5652 Petrum
2455 5599 2526 5652 de
2557 5545 2750 5652 lidarca
2780 5597 3283 5652 archiepisconum
3308 5593 3590 5649 Parisien-

1941 5593 2152 5667 i'irum,
2190 5598 2423 5653 Petrum
2455 5593 2526 5653 de
2557 5593 2750 5653 Marca
2780 5597 3283 5667 archiepiscopum
3308 5593 3591 5649 Parisien-

1942 5684 2087 5725 sem.
