3982 6152
191 280 305 347 ass

1438 279 1542 343 DE
1583 279 1768 343 Vl'l‘A
1816 279 1882 344 S.
1927 278 2331 344 MAXIMINI.
2419 309 2433 325 -

3467 282 3587 347 666

184 414 455 492 appellari
484 412 741 472 hominis
769 420 822 471 et
845 411 980 471 dare
1006 413 1256 470 animam
1294 429 1451 471 suam
1498 414 1822 486 redemptio-
1852 417 1906 483 Α
1932 415 2759 485 catorum.(b)Joannestamen
2772 412 3588 490 Constantinopolitanusepi-

180 524 299 563 nem
323 522 428 579 pro
457 504 900 577 multis,quando
935 504 1181 560 formam
1203 504 1351 559 servi
1375 505 1692 577 accepit,ut
1713 521 1817 576 pro

184 595 396 651 mundo
429 593 771 666 sanguinem
800 593 1160 649 funderet.Et
1189 609 1305 647 non
1338 592 1501 660 dixit,
1526 593 1663 648 dare
1691 592 1817 648 ani-

182 700 331 740 mam
363 699 532 738 suam
571 681 1032 753 redemptionem
1084 698 1187 754 pro
1238 682 1533 746 omnibus,
1568 682 1670 737 sed
1716 697 1815 754 pro

179 772 379 838 multis,
412 770 469 825 id
499 774 606 840 est,
632 787 734 842 pro
765 769 859 826 bis
888 770 987 842 qui
1019 771 1251 826 credere
1279 770 1634 826 voluerint.»
1667 771 1811 826 Item

180 860 554 931 Hieronymus
587 859 915 916 edisserens
946 858 1089 915 illud
1122 857 1333 932 psalmi
1361 860 1535 931 (XLIII)
1569 877 1582 915 :
1622 859 1814 917 Vendi-

178 950 300 1006 disti
324 946 596 1022 populum
625 955 781 1003 tuum
806 950 927 1005 sine
945 951 1120 1021 pretio
1151 967 1169 1004 :
1200 971 1228 999 «
1262 947 1457 1021 Usque
1506 966 1681 1018 nunc,
1720 949 1814 1004 in-

178 1038 391 1111 quit,de
421 1053 486 1092 se
518 1035 695 1092 locuti
726 1039 877 1095 218
909 1041 1048 1093 sunt
1087 1042 1391 1111 martyres,
1426 1054 1581 1093 nunc
1608 1038 1678 1093 de
1706 1037 1815 1093 Ju-

178 1129 425 1183 dzeorum
460 1125 672 1198 populo
703 1124 1147 1199 dicunt,quibus
1176 1124 1396 1181 dictum
1427 1131 1516 1181 est
1548 1144 1560 1182 :
1596 1131 1663 1182 In
1688 1143 1816 1198 pec-

177 1217 296 1272 catis
327 1216 523 1271 vestris
548 1214 757 1271 uenditi
781 1217 941 1283 estis;
966 1220 1023 1270 et
1043 1215 1171 1271 ideo
1193 1217 1314 1271 sine
1332 1215 1677 1288 pretio,quia
1698 1232 1814 1272 non

179 1310 256 1360 est
282 1304 510 1360 effusus
538 1304 684 1376 Agni
718 1305 960 1377 sanguis
989 1320 1094 1377 pro
1119 1304 1224 1360 eis.
1251 1324 1277 1355 ι)

241 1392 492 1448 Sanctus
521 1391 836 1465 Gregorius
865 1409 1014 1464 papa
1042 1392 1100 1447 in
1134 1392 1453 1449 Moralibus
1485 1394 1624 1461 (Lib.
1658 1411 1733 1464 ιν,
1764 1410 1812 1449 c.

178 1481 280 1550 ll),
308 1496 608 1552 exponens
637 1478 832 1535 locum
864 1480 1053 1548 illum,
1082 1498 1193 1537 non
1220 1490 1555 1554 computetur
1603 1484 1665 1538 in
1699 1482 1816 1538 die-

181 1570 265 1625 bus
289 1572 428 1624 anni
456 1571 582 1637 (Job
611 1569 755 1642 xm),
787 1570 1062 1626 eumdem
1094 1587 1334 1626 sensum
1358 1570 1565 1626 asserit
1585 1570 1678 1626 his
1699 1586 1818 1626 ver-

176 1658 309 1715 bis.«
327 1661 570 1713 Annum
594 1658 1060 1730 praedicationem
1083 1676 1348 1732 supernae
1372 1658 1572 1733 gratia:
1596 1676 1710 1715 non
1732 1659 1818 1715 in-

178 1746 576 1803 convenienter
601 1747 928 1819 accipimus
951 1764 964 1803 :
990 1747 1129 1820 quia
1158 1747 1311 1804 sicut
1340 1748 1399 1803 in
1429 1765 1581 1804 anno
1612 1765 1817 1822 conge-
1851 1784 1893 1847 Β

178 1836 274 1893 stis
301 1835 516 1892 diebus
546 1840 785 1908 tempus
815 1837 1222 1909 perficitur,ita
1252 1837 1311 1892 in
1342 1854 1599 1910 superna
1627 1839 1817 1911 gratia

178 1925 443 1981 virtutum
482 1924 789 1998 multiplex
818 1926 935 1981 vita
964 1925 1307 1999 completur.
1342 1926 1536 1983 Potest
1581 1943 1681 1999 per
1709 1944 1818 1981 an-

181 2029 308 2069 num
337 2013 524 2069 etiam
554 2013 872 2071 multitudo
902 2014 1146 2087 intelligi
1176 2015 1613 2088 redemptorum
1642 2032 1655 2069 :
1684 2015 1822 2087 quia

184 2103 320 2157 sicut
346 2119 415 2157 ex
447 2102 683 2158 dierum
717 2102 1095 2161 multitudine
1124 2121 1316 2160 annus
1355 2104 1609 2172 ducitur,
1644 2104 1724 2159 ita
1753 2121 1823 2160 ex

184 2190 515 2247 collectione
548 2191 832 2248 bonorum
863 2192 1261 2263 omniumilla
1288 2192 1605 2249 electorum
1650 2193 1822 2250 innu-

185 2279 473 2353 merpbilis
508 2279 857 2336 universitas
885 2279 1170 2352 expletur.
1205 2303 1234 2331 »

243 2368 353 2425 Nec
384 2368 732 2424 mirandum
763 2370 878 2424 duo
899 2369 1230 2426 clarissima
1247 2368 1474 2425 lumina
1494 2371 1819 2439 doctorum,

184 2458 404 2514 beatum
434 2457 837 2531 Augustinum
887 2463 942 2514 et
980 2458 1419 2531 Hieronymum,
1451 2465 1508 2515 et
1537 2464 1668 2531 post
1697 2458 1827 2515 illos

184 2546 519 2621 Gregorium
550 2553 608 2603 et
632 2548 871 2613 Bedam,
903 2547 964 2603 in
1004 2547 1113 2603 hoc
1161 2565 1341 2604 sensu
1386 2548 1654 2615 inveniri,
1688 2566 1823 2604 cum

183 2652 367 2691 eorum
396 2635 672 2711 doctrina
694 2652 763 2692 ex
792 2636 1126 2709 evangelica
1164 2638 1413 2708 pendeat
1460 2638 1823 2693 auctoritate.

188 2723 243 2779 In
272 2742 384 2797 qua
413 2725 658 2797 quidem
693 2725 847 2797 apud
871 2727 948 2797 (a)
982 2725 1322 2781 Matthmum
1355 2726 1437 2781 sic
1488 2725 1779 2782 invenitur
1809 2743 1822 2781 :

184 2813 350 2869 Bibite
378 2830 450 2869 ex
477 2813 579 2869 hoc
608 2830 809 2870 omnes.
842 2817 943 2871 Hic
982 2822 1061 2871 est
1089 2818 1239 2871 enim
1260 2816 1489 2885 sanguis
1514 2833 1666 2872 meus
1694 2816 1831 2872 Novi

190 2904 629 2975 Testamenti,qui
650 2920 753 2974 pro
779 2904 972 2959 multis
992 2904 1304 2975 e/fundetur
1345 2906 1405 2960 in
1450 2906 1830 2961 remissionem

182 3000 519 3062 peccatorum
566 2992 777 3063 (Matth.
827 2992 1001 3063 xxvi).
1052 2993 1216 3065 Apud
1270 2993 1529 3048 Marcum
1583 2997 1825 3048 autem:

1927 521 2142 575 scopus
2172 503 2493 577 explanans
2516 503 2709 560 locum
2734 503 2903 559 illum
2925 502 3199 576 Epistolis
3222 505 3293 560 ad
3318 506 3587 563 Hebrzeos

1928 594 2111 664 (Hebr.
2145 594 2228 664 ιι),
2281 592 2537 665 qualiter
2585 592 2772 665 gratia
2817 592 2917 648 Dei
2969 610 3073 666 pro
3104 594 3260 651 214
3312 594 3588 651 omnibus

1925 683 2246 755 gustaverit
2278 686 2524 737 mortem
2558 698 2571 735 :
2606 705 2633 731 ‹‹
2660 681 2786 736 Non
2820 698 2923 753 pro
2947 681 3219 738 ﬁdelibus
3244 682 3587 750 tantum,in-

1926 770 2073 842 quit,
2109 771 2207 826 sed
2242 787 2344 842 pro
2371 771 2591 826 mundo
2626 770 2918 837 universo,
2954 775 3011 826 et
3042 770 3166 843 ipse
3212 771 3451 843 quidem
3484 788 3587 844 pro

1924 859 2200 915 omnibus
2231 865 2496 915 mortuus
2527 863 2635 915 est.
2668 859 2815 924 Quid
2858 863 3054 914 autem
3108 860 3155 915 si
3209 877 3325 916 non
3378 878 3584 918 omnes

1924 948 2213 1003 credunt?
2244 947 2344 1003 Ille
2390 948 2547 1020 quod
2599 964 2775 1003 suum
2820 952 2944 1004 erat
2995 947 3277 1020 implevit.
3312 972 3340 999 ››
3367 948 3585 1006 Verum

1924 1036 2077 1092 hanc
2110 1036 2551 1109 intelligentiam
2585 1037 2798 1091 divinis
2831 1053 2947 1092 non
2980 1037 3271 1093 roboravit
3311 1037 3580 1111 eloquiis.

1923 1129 1994 1195 (c)
2026 1126 2279 1181 Faustus
2308 1125 2484 1182 etiam
2517 1125 2867 1197 quidam,ex
2897 1126 3105 1182 abbate
3135 1125 3433 1183 Lerinensi
3468 1127 3582 1183 Re-

1922 1215 2121 1288 gensis
2152 1214 2347 1271 Galliae
2378 1215 2708 1287 episcopus,
2742 1215 2813 1270 de
2862 1214 2953 1271 bis
3005 1215 3199 1282 rebus,
3234 1216 3345 1273 hoc
3396 1221 3485 1273 est
3510 1217 3582 1273 de

1923 1304 2432 1376 praedestinatione
2459 1308 2517 1359 et
2538 1303 2719 1359 libero
2743 1303 2983 1360 arbitrio
3007 1308 3063 1359 et
3085 1304 3396 1377 sanguinis
3419 1304 3584 1361 Chri-

1923 1392 1998 1448 sti
2031 1392 2626 1465 redemptione,longe
2659 1392 2888 1449 diversa
2914 1393 3318 1465 superioribus
3348 1388 3587 1465 praecel-

1921 1480 2266 1537 lentissimis
2289 1482 2626 1537 auctoribus
2652 1481 3025 1553 scripsit.Sed
3052 1480 3475 1555 intelligentius
3502 1483 3587 1539 in-

1923 1576 2125 1643 specta
2154 1571 2485 1626 divinorum
2508 1570 2876 1643 eloquiorum
2902 1569 3211 1643 integritas
3232 1572 3464 1627 errandi
3490 1589 3588 1628 oc-

1923 1660 2220 1716 casionem
2250 1659 2482 1732 penitus
2512 1660 2780 1726 abstulit,
2803 1664 2859 1715 et
2890 1659 3405 1717 reverentissimus
3436 1679 3589 1735 papa

1924 1748 2192 1805 Gelasius
2223 1765 2359 1804 cum
2390 1749 2765 1821 septuaginta
2787 1748 3081 1822 episcopis
3103 1749 3243 1805 viris
3260 1750 3591 1807 eruditissi-

1929 1839 2043 1893 mis
2065 1843 2331 1893 statuens
2348 1838 2448 1910 qui
2465 1837 2782 1910 scriptores
2815 1842 3012 1894 essent
3032 1837 3117 1893 vel
3141 1856 3256 1894 non
3284 1844 3479 1895 essent
3497 1856 3589 1896 re-

1927 1926 2200 2000 cipiendi,
2235 1931 2367 1998 post
2396 1925 2885 1999 approbationem
2908 1927 3224 2001 Augustini
3258 1933 3316 1984 et
3346 1928 3588 2001 amplis-

1929 2016 2112 2072 simas
2141 2015 2347 2072 laudes
2380 2015 2737 2088 Hieronymi,
2772 2021 3167 2072 memoratum
3202 2017 3484 2073 Faustum
3517 2019 3590 2074 ab

1931 2105 2277 2162 auctoritate
2334 2104 2428 2161 his
2487 2104 2679 2161 verbis
2739 2104 3027 2161 removit:
3064 2105 3339 2178 Opuscula
3396 2109 3594 2163 Fausti

1930 2195 2184 2264 Regensis
2215 2193 2361 2250 Galli
2405 2194 2736 2266 apocrypha.
2769 2193 2887 2248 Nos
2944 2191 3129 2265 igitur
3182 2193 3590 2267 incorruptum

1933 2287 2268 2338 sanctarum
2298 2282 2736 2355 Scripturarum
2768 2286 3079 2354 sequentes
3119 2280 3501 2350 intellectum,
3534 2290 3593 2341 et

1934 2372 2011 2444 (ἀ)
2041 2370 2372 2444 apostolicae
2404 2370 2562 2427 sedis
2606 2371 2957 2444 gravitatem
3003 2371 3416 2445 suscipientes,
3451 2373 3590 2445 quid

1934 2460 2091 2516 aliud
2118 2459 2385 2516 dicamus
2410 2458 2524 2516 nisi
2549 2477 2561 2515 :
2588 2461 2802 2516 Taceat
2824 2461 3077 2517 Faustus
3098 2466 3157 2516 et
3177 2460 3449 2519 similiter
3468 2479 3595 2519 sen-

1934 2548 2181 2616 tientes;
2215 2548 2533 2622 loquantur
2559 2566 2693 2605 cum
2725 2550 2851 2605 suis
2901 2549 3272 2606 consortibus
3312 2550 3593 2624 Hierony-

1936 2655 2071 2693 mus
2088 2643 2143 2693 et
2160 2637 2788 2711 Augustinus.Scilicet
2808 2637 2966 2694 illius
2988 2638 3273 2711 proverbii
3294 2640 3487 2696 record
3497 2657 3597 2695 an-

1934 2732 2024 2784 tes
2057 2745 2070 2783 :
2106 2730 2475 2784 Conticescant
2505 2742 2661 2784 ranae
2690 2728 2821 2782 dum
2862 2728 3058 2783 caelum
3107 2736 3276 2784 tonat.
3310 2730 3499 2800 Atque
3530 2733 3595 2784 ut

1936 2816 2095 2872 hunc
2113 2821 2377 2872 nostrum
2397 2816 2656 2872 laborem
2679 2817 3046 2872 fructuosum
3063 2817 3286 2873 caeteris
3303 2816 3595 2887 relinqua-

1939 2922 2074 2960 mus
2105 2904 2249 2960 illud
2280 2921 2513 2974 semper
2548 2904 2833 2959 memoria
2859 2905 3176 2959 tenendum
3209 2905 3281 2959 de
3332 2905 3594 2976 reprobis

1939 3009 2248 3049 monemus
2283 3010 2296 3047 :
2332 2992 2437 3061 Qui
2462 2992 2718 3063 elongant
2747 3007 2805 3047 se
2834 3008 2867 3047 a
2898 2998 2967 3058 te,
2985 2992 3283 3063 peribunt:
3306 2992 3377 3047 de
3397 2991 3594 3048 electis

187 3080 273 3135 llic
299 3088 376 3135 est
399 3082 639 3149 sanguis
666 3097 819 3136 meus
856 3081 993 3136 Novi
1019 3083 1363 3151 Testamenti,
1393 3084 1491 3155 qui
1510 3098 1613 3154 pro
1641 3082 1831 3137 multis
1870 3149 1902 3155 Α
1939 3098 2074 3137 vero
2100 3098 2112 3135 :
2139 3081 2196 3136 In
2228 3082 2382 3136 omni
2407 3088 2565 3151 gente
2594 3080 2693 3152 qui
2722 3082 2874 3136 timet
2905 3080 3091 3147 Deum,
3124 3087 3175 3136 et
3217 3082 3354 3152 facit
3400 3080 3593 3136 volun-

187 3168 435 3240 fundetur
466 3167 655 3242 (Marc.
688 3169 823 3241 xw).
846 3170 1016 3243 Apud
1048 3171 1265 3226 Lucam
1297 3149 1428 3228 vero
1462 3188 1475 3227 :
1510 3149 1607 3228 llic
1633 3180 1712 3228 est
1738 3189 1832 3227 ca-
1862 3149 1902 3215 (ἶ
1942 3178 2101 3227 tatem
2145 3171 2283 3243 ejus,
2314 3149 2561 3241 acceptus
2588 3149 2668 3226 est
2694 3170 2803 3225 illi.
2838 3170 2907 3225 Et
2936 3173 3001 3224 ut
3025 3169 3097 3224 ab
3129 3149 3248 3225 illis
3278 3169 3380 3225 Dei
3409 3170 3598 3242 gratia

190 3258 264 3312 lix
296 3260 508 3314 Novum
560 3260 953 3314 Testamentum
1003 3261 1063 3315 in
1109 3262 1379 3330 sanguine
1423 3277 1561 3328 meo,
1593 3262 1692 3332 qui
1733 3278 1835 3333 pro

189 3348 323 3403 vobis
344 3346 640 3420 fundatur.
673 3347 837 3404 Unde
867 3349 1288 3405 concordantes
1330 3349 1516 3417 Lucae,
1545 3366 1679 3405 eum
1713 3367 1835 3406 rem

191 3434 435 3492 divinam
488 3436 747 3510 agimus,
780 3437 838 3492 in
876 3454 1066 3509 prece,
1100 3438 1194 3493 hic
1224 3442 1314 3494 est
1344 3437 1494 3494 calix
1527 3437 1837 3511 sanguinis

194 3523 295 3581 mei
323 3525 465 3581 Novi
502 3530 563 3581 et
589 3526 785 3581 aeterni
814 3526 1172 3583 Testamenti
1204 3526 1546 3599 mysterium
1581 3528 1711 3583 fidei
1742 3530 1839 3600 qui

188 3629 278 3684 pro
325 3617 496 3681 vobis,
529 3615 902 3671 concinentes
960 3620 1157 3672 autem
1220 3616 1491 3672 Matthzeo
1538 3621 1597 3672 et
1643 3617 1836 3674 Marco

193 3701 478 3770 addimus,
509 3720 609 3776 pro
634 3706 823 3760 multis
870 3705 1182 3777 eﬁundetur
1224 3707 1284 3783 in
1314 3707 1688 3762 remissionem
1711 3723 1834 3779 pec-

250 3836 319 3906 (α)
351 3835 512 3914 Apud
558 3835 1056 3914 Matthmum._Hzec
1110 3838 1291 3914 trium
1342 3838 1833 3914 evangelistamm

332 3904 515 3981 refert
543 3908 719 3981 etiam
753 3909 812 3981 in
843 3908 1090 3981 epistola
1128 3912 1243 3981 I27.
1492 3904 1524 3914 ν
1754 3960 1757 3965 ,

253 3979 322 4048 (ὁ)
345 3980 589 4053 Joannes
618 3980 711 4051 Cp.
743 3979 1140 4053 cognomento
1170 3980 1830 4053 Chrysostomus.Eum-

189 4048 323 4124 dem»
340 4067 518 4124 porro
550 4048 745 4124 locum
776 4048 985 4124 laudat,
1011 4052 1211 4124 Lupus
1241 4048 1307 4107 in
1331 4051 1578 4124 epistola
1620 4054 1742 4119 128,
1777 4057 1834 4108 et

190 4118 241 4175 in
270 4118 415 4195 lib—ro
446 4122 524 4177 de
554 4121 745 4195 tribus
776 4118 1229 4195 Quaestionibus,
1265 4118 1397 4195 pag.
1427 4124 1555 4195 244.

248 4193 315 4266 te)
345 4195 603 4266 Faustus.
634 4192 975 4266 Videnotas
1000 4195 1073 4250 ad
1100 4192 1407 4266 epistolam
1441 4194 1563 4248 112.

251 4263 322 4333 (d)
351 4262 688 4336 Apostolicae
703 4264 935 4336 sedist
957 4262 1649 4336 est,Romanaa_.Quamvis
1671 4263 1830 4336 enim

188 4346 380 4392 omnes
390 4334 565 4392 sedes
577 4334 940 4408 episcopales
960 4336 1292 4393 dicerentur
1312 4334 1453 4392 olim
1476 4335 1827 4408 apostolicae,

1944 3259 2218 3332 separati,
2252 3259 2383 3315 istis
2412 3260 2615 3314 eadem
2649 3257 2750 3315 Dei
2780 3257 2973 3330 gratia
3001 3258 3313 3325 sociemur,
3338 3256 3595 3314 assiduis

1946 3349 2219 3420 precibus
2250 3347 2641 3404 communiter
2670 3345 3128 3420 implorandum.
3148 3346 3295 3402 Nam
3329 3347 3427 3419 qui
3462 3363 3595 3419 par-

1944 3436 2097 3492 vulis
2127 3436 2760 3510 regeneratis,moxque
2790 3435 2906 3491 vita
2934 3434 3369 3501 excedentibus,
3394 3430 3593 3491 ineffa-

1945 3526 2049 3581 bili
2083 3525 2292 3598 pietate
2324 3525 2745 3581 beatitudinem
2776 3523 3045 3597 largitur,
3069 3522 3243 3579 etiam
3273 3540 3475 3580 eorum
3507 3541 3596 3580 sa-

1944 3615 2051 3671 luti
2078 3615 2326 3687 benigne
2358 3614 2651 3687 prospexit
2680 3614 2899 3686 quibus
2919 3614 3171 3685 perfecte
3192 3612 3250 3667 in
3276 3629 3337 3668 se
3358 3629 3594 3699 sperare

1945 3705 2202 3760 donavit.

1946 3838 2209 3893 Romana
2228 3841 2423 3892 tamen
2448 3833 2684 3907 speciali
2709 3835 2963 3907 quodam
2987 3833 3160 3907 modo
3175 3832 3333 3888 dicta
3353 3836 3443 3907 est
3463 3849 3599 3906 apo-

1944 3908 2172 3977 stolica,
2205 3909 2362 3980 quod
2411 3904 2571 3962 illam
2602 3904 2807 3980 Petrus
2837 3904 3161 3980 et_Paulus,
3195 3904 3595 3980 apostplorum

1941 3976 2209 4036 videlicet
2225 3976 2555 4050 principes,
2583 3976 3012 4050 constituerint,
3040 3981 3098 4050 et
3142 3976 3300 4050 apud
3338 3976 3594 4050 Romam

1943 4050 2154 4106 Christi
2188 4045 2466 4112 martyrio
2498 4049 2713 4104 fuerint
2760 4045 3102 4112 consecrati,
3138 4045 3204 4100 ut
3234 4045 3491 4101 diximus
3519 4047 3591 4100 ad

1941 4121 2316 4177 Vincentium
2344 4114 2732 4174 Lirinensem.
2767 4119 2995 4181 Quanta
3041 4120 3236 4171 autem
3271 4114 3409 4171 olim
3440 4120 3596 4171 esset

1944 4191 2398 4264 apostolicarum
2430 4190 2658 4264 aedium
2691 4188 2951 4264 dignitas
2981 4193 3041 4264 et
3064 4185 3593 4264 auctoritaspluri-

1942 4257 2074 4330 bus,
2114 4268 2224 4318 Deo
2256 4263 2453 4326 dante,
2486 4257 2862 4315 dicemus-Ad
2894 4258 3292 4330 Agobardum.
3316 4257 3468 4326 (Vide
3486 4257 3593 4313 Pa-

1942 4336 2067 4391 trol.
2100 4343 2230 4389 tom.
2265 4333 2424 4404 CIV.)

1054 4586 1273 4651 ’⁷⁵⁸
1343 4599 1615 4709 VITA
1682 4597 2080 4713 SANCTI
2150 4596 2710 4707 MAXIMINI

1542 4812 1802 4860 EPISCOPI
1843 4811 2235 4858 TREVIRENSIS

1371 4953 1779 5020 AUCTORE
1822 4954 2157 5018 SANCTO
2201 4952 2425 5017 ιι]Ρο
3294 5028 3297 5029 ί
3373 4914 3463 5013 5;.

3405 5044 3511 5059 .~.

252 5206 457 5279 Lupus
486 5209 758 5268 Waldoni
789 5229 895 5268 suo
924 5212 1172 5269 salutem

250 5296 491 5353 Amicos
518 5298 784 5357 honestis
829 5306 1048 5358 certare
1095 5300 1325 5369 officiis,
1357 5318 1535 5376 seque
1582 5301 1829 5360 invicem

236 5419 330 5500 λα)
363 5417 525 5500 Hanc
555 5423 751 5480 Sancti
792 5425 1113 5500 Maximini,
1144 5424 1504 5500 Trevirensis
1548 5426 1826 5500 episcopi,

186 5483 373 5562 Vitam
407 5493 637 5562 primus
666 5498 915 5552 omnium
944 5483 1125 5552 edidit
1153 5483 1696 5554 Surius.Assenlior
1724 5483 1827 5555 a‘u-I

188 5558 299 5613 tem
328 5558 731 5624 eruditissimo
760 5568 882 5624 viro
918 5568 1125 5626 Joanni
1175 5569 1426 5625 Gerardo
1474 5568 1700 5642 Vossio,
1732 5574 1830 5643 qui

1861 5216 1907 5281 D
1936 5215 2081 5272 velle
2111 5209 2356 5269 sinceris
2388 5208 2701 5283 praevenire
2741 5207 3061 5281 obsequiis,
3094 5207 3248 5264 inter
3294 5205 3591 5279 praecipua

1939 5304 2211 5359 humanae
2229 5300 2355 5356 vita:
2376 5298 2607 5372 negotia
2623 5315 2739 5354 non
2758 5297 3051 5354 immerito
3069 5290 3589 5370 deputatur.0uip-

1939 5432 2170 5502 Lupum
2193 5426 2463 5502 abbatem
2485 5424 2914 5502 Ferrariensem
2932 5424 3074 5502 Vitae
3097 5420 3277 5502 istius
3293 5421 3587 5502 auctorem

1937 5486 2067 5559 esse
2098 5503 2283 5563 putat.
2318 5496 2636 5552 Valdonem
2664 5500 2883 5563 autem,
2903 5494 2996 5551 cui
3028 5510 3156 5563 eam
3186 5486 3459 5563 inscribit
3485 5486 3589 5563 l_.u-

1938 5591 2071 5647 pus,
2099 5559 2260 5627 bauvl
2311 5567 2490 5625 alium
2530 5584 2659 5623 esse
2691 5584 2818 5623 reor
2850 5559 3026 5637 quam
3059 5562 3380 5618 Valdonem
3412 5559 3592 5617 abba-
