3956 6160
402 307 516 371 671

1396 308 1467 373 Β.
1516 309 1578 373 S.
1624 310 1805 375 LUPI
1849 308 2181 375 ABBATIS
2229 313 2821 380 FERRARIENSIS.

3636 324 3732 386 672

402 443 626 516 przefati
661 441 986 500 Constantii
1017 441 1169 517 regis
1224 441 1430 499 fultam
1466 443 1750 517 praesidio,
1775 461 2044 517 persecu-
2079 445 2124 513 Α
2159 447 2294 502 terit
2324 448 2734 506 aastimariﬁed
2758 449 2844 507 eis
2867 448 2967 506 ille
2997 465 3113 506 non
3135 454 3428 509 content-us
3453 468 3561 510 rem
3576 452 3742 512 intulit

403 540 527 590 tam
552 534 791 599 exsiliis,
826 535 1240 590 carceribus.et
1258 535 1434 588 variis
1456 534 1836 590 afflictionum
1863 536 2052 590 modis

405 624 661 696 primum
692 623 1101 687 Athanasium,
1125 623 1334 677 deinde
1365 640 1569 678 omnes
1591 641 1704 678 non
1729 641 1846 678 suae
1870 625 2052 696 partis

403 714 706 785 episcopos
737 711 1110 776 declarasset,
1132 711 1335 783 paucis
1355 711 1697 782 interjectis,
1721 714 1863 767 sexti
1891 714 2048 780 anni,

403 803 452 857 si
485 820 611 874 quae
642 803 786 856 forte
817 802 1084 864 fuissent,
1118 818 1211 855 res
1261 802 1670 856 memorabiles
1719 807 2048 870 notaturus,

401 894 756 958 Maximinus,
785 891 995 963 inquit,
1035 893 1388 946 Trererorum
1432 892 1712 963 episcopus
1739 893 1923 946 clarus
1953 892 2051 948 ha-

403 983 645 1036 bebaiur.

1037 1069 1266 1124 CAPUT
1307 1070 1400 1125 III.

470 1161 571 1217 Hic
590 1161 637 1216 si
662 1161 794 1233 quis
813 1159 1085 1231 inspiciat
1102 1159 1387 1214 insaniam
1402 1158 1596 1213 Ariani
1623 1159 1904 1230 principis
1925 1164 2049 1215 tum

398 1268 577 1324 quam
613 1250 864 1305 maxime
897 1249 1237 1304 eiferbuisse
1271 1247 1435 1302 facile
1472 1248 1750 1321 intelligit
1780 1265 2054 1320 persecu-

397 1341 682 1406 tionibus,
699 1356 825 1410 quae
844 1338 1016 1406 vulgo
1037 1337 1274 1392 verisim
1285 1337 1667 1408 portabantur
1680 1337 2050 1409 praesulibus,

397 1434 666 1485 sanctum
684 1444 916 1498 quoque
937 1426 1317 1480 Maximinum
1335 1425 1604 1480 alacriter
1616 1427 2047 1498 participatum,

397 1535 462 1573 ac
484 1517 705 1572 violatzu
743 1515 871 1569 lidei
903 1532 1016 1568 non
1050 1513 1373 1569 declinasse
1407 1515 1578 1568 modo
1627 1515 1915 1586 contagia,
1949 1516 2048 1570 sed

395 1605 570 1662 etiam
594 1609 952 1658 assertorem
975 1603 1104 1672 ejus
1127 1602 1413 1673 perversis
1435 1619 1500 1657 ac
1520 1602 1787 1658 violentis
1808 1603 2054 1659 molitio-

396 1695 571 1750 nibus
601 1692 1008 1747 obviasseNec
1041 1691 1184 1745 adeo
1218 1692 1404 1745 fuerat
1433 1708 1743 1762 operosum
1774 1709 1872 1747 eas
1904 1692 2050 1748 cele-

2164 537 2435 592 maximis
2459 539 2821 609 meojudicio
2841 539 3116 596 laudibus
3138 544 3624 614 prosequendam..4
3641 562 3742 617 quo,

2163 625 2376 698 inquit,
2411 628 2485 698 (ιι)
2520 628 2671 683 haud
2696 629 2942 684 dubium
2965 630 3109 701 quin
3139 629 3746 696 Maximino,Alhanasiu:

2165 717 2572 774 Alexandrina?
2615 719 2897 775 Ecclesiae’
2925 721 3222 790 episcopus,
3254 735 3373 774 cum
3417 738 3448 774 a
3484 721 3748 779 Constantio

2163 814 2504 876 quwreremr
2532 805 2602 860 ad
2631 823 2863 878 pthiam,
2903 809 3192 878 honon'ﬁce
3231 819 3491 880 susceptus
3516 819 3600 866 est.
3628 812 3664 866 0
3687 813 3750 866 vi-

2165 910 2294 948 rum
2327 894 3141 969 beatissimum,summisque
3161 897 3512 970 principibus
3530 899 3754 956 Ecclesia:

2165 982 2374 1038 merito
2403 985 2846 1055 coaequandum,
2866 985 2968 1058 qui
2992 985 3161 1058 regia:
3192 986 3489 1058 potestatis
3514 987 3753 1059 injustum

2163 1072 2774 1144 spreveritimpetum,
2807 1079 2866 1130 et
2913 1091 3046 1129 cum
3095 1075 3366 1146 periculo,
3416 1075 3461 1131 si
3491 1093 3593 1131 non
3633 1077 3753 1145 vitaz,

2161 1164 2316 1214 certe
2345 1160 2668 1232 dignitatis,
2702 1162 3006 1235 amplexus
3053 1163 3133 1217 sit
3171 1163 3487 1219 custodiam
3515 1166 3756 1220 mandate

2164 1247 2444 1304 divinitus
2487 1250 2812 1305 charitatis.
2849 1252 2956 1306 Fac
3003 1251 3157 1306 enim
3211 1253 3364 1308 280
3404 1252 3754 1324 imperatorem

2161 1337 2376 1392 furiata
2405 1343 2600 1393 mente
2633 1339 2980 1410 proditionis
3010 1341 3250 1412 praemia
3292 1347 3695 1414 proponentem,
3721 1343 3756 1397 si

2165 1427 2392 1497 opinari
2420 1427 2706 1499 potuisset
2728 1428 2846 1482 fore
2867 1428 3123 1499 aliquem
3147 1429 3269 1500 qui,
3292 1446 3420 1484 cum
3451 1429 3757 1498 valeret,non

2171 1514 2361 1570 solun:
2399 1515 2786 1571 Athanasium
2810 1516 3052 1572 minime
3075 1519 3465 1589 proderet,sed
3495 1519 3652 1573 etiam
3671 1525 3761 1575 stu-

2167 1605 2331 1660 diose
2363 1604 2597 1671 celaret,
2633 1621 2781 1676 quas
2811 1607 3287 1678 proscriptiones,
3308 1625 3431 1679 qua:
3461 1607 3759 1679 exsilia,que

2161 1697 2461 1748 tormenta
2476 1693 2807 1748 minaturus
2829 1694 3535 1768 fuisset,deprehensoque
3551 1702 3761 1768 postmo-

396 1783 536 1837 riter
567 1781 916 1880 penitusque
940 1779 1293 1881 subvertere,
1318 1779 1656 1881 nisimerito
1678 1781 2051 1881 exsecrabilis
2083 1816 2128 1881 Β
2163 1783 2306 1836 dum
2344 1782 2662 1881 illaturus?
2693 1787 2751 1881 et
2778 1782 3010 1881 liquido
3033 1785 3340 1881 apparebit
3368 1791 3633 1856 quantum
3659 1802 3767 1856 pon-

392 1870 714 1942 impietatis
748 1867 1158 1924 miserabiliter
1187 1868 1453 1924 excaecati
1486 1869 1644 1924 illius
1686 1869 1890 1924 nefarii
1923 1887 2047 1925 sce-

393 1959 529 2015 leris
558 1958 647 2014 vel
677 1959 1003 2012 inventores
1047 1955 1134 2012 vel
1183 1957 1519 2012 defensores
1566 1957 1765 2014 lumen
1805 1959 2046 2015 rationis

393 2064 768 2120 nequaquam
801 2046 1106 2101 admittere
1124 2045 1580 2102 consensissent.
1605 2047 1750 2102 Nam
1783 2047 1918 2120 quis
1943 2065 2048 2102 un-

390 2155 594 2209 quam,
626 2153 845 2208 quaaso,
879 2135 950 2190 de
981 2134 1592 2191 consubstantialitate
1633 2137 1821 2192 Patris
1837 2142 1895 2192 et
1917 2136 2041 2192 Filii

388 2227 476 2283 vel
511 2243 612 2297 per
641 2225 898 2298 quietem
925 2224 1002 2279 sit
1040 2241 1221 2279 ausus
1271 2223 1561 2290 dubitare,
1593 2224 1705 2280 nisi
1747 2225 1846 2296 qui
1881 2225 2041 2282 illam

390 2313 889 2369 evidentissimam
935 2312 1033 2366 Dei
1077 2311 1427 2367 sententiam
1469 2314 1649 2368 surda
1704 2314 2044 2385 praeterierit

388 2418 568 2456 aure:
603 2402 710 2470 Ego
739 2409 792 2455 et
841 2402 1006 2454 Pater
1051 2416 1224 2454 unum
1270 2405 1500 2454 sumus?
1532 2402 1705 2472 (Joan.
1753 2406 1834 2469 x.)
1867 2404 2042 2459 Unum

389 2491 545 2545 enim
573 2489 736 2556 dixit,
762 2492 994 2542 tantum
1027 2504 1088 2542 se
1111 2489 1367 2559 profecto
1390 2488 1586 2544 volens
1618 2491 1770 2545 219
1795 2491 2040 2564 intelligi

389 2581 647 2650 quantus
679 2576 846 2630 Pater
871 2591 998 2630 esse
1029 2575 1668 2648 cognoscitur.Scilicet
1694 2579 2038 2649 mysterium

388 2664 762 2738 baptismatis
787 2663 846 2718 in
876 2664 1111 2719 nomine
1137 2663 1320 2719 Patris
1346 2670 1402 2719 et
1432 2682 1536 2720 suo
1580 2683 1645 2720 ac
1677 2666 1873 2721 Sancti
1905 2667 2036 2740 Spi-

387 2755 536 2810 ritus
569 2771 682 2809 non
715 2753 882 2807 aliter
897 2753 1332 2822 tradijussisset
1360 2754 1768 2816 ﬁdelibus,nisi
1793 2772 1953 2826 mque
1975 2761 2040 2811 ut

307 2861 320 2868 ‘
387 2843 541 2899 Patri
574 2837 893 2914 sanctoque
941 2840 1204 2912 Spiritui,
1237 2842 1347 2897 sibi
1382 2859 1613 2914 quoque
1635 2843 1914 2900 voluisset
1939 2847 2036 2900 de-

385 2931 758 2989 ferri.Verum
781 2929 915 3002 quis
931 2930 1062 2985 illos
1076 2930 1250 2986 ferret
1279 2949 1393 2986 non
1413 2932 1611 2986 minus
1634 2932 1844 2988 stultos
1860 2951 2034 3006 quam

386 3021 598 3094 impios
615 3019 906 3091 ?Denique
937 3036 1069 3074 cum
1103 3019 1228 3091 ipse
1261 3019 1441 3076 Filius
1469 3020 1718 3088 dicat,Ut
1746 3039 1927 3078 omnes
1948 3024 2039 3080 ho-

382 3112 671 3182 norificent
718 3110 923 3164 Filium
976 3111 1119 3163 sicut
1174 3108 1540 3179 honoriﬁcam
1601 3116 1826 3167 Patrem
1859 3113 2032 3183 (Joan.

382 3199 461 3271 v),
494 3181 553 3254 in
585 3202 810 3253 tantam
855 3195 1279 3267 imperitissimi
1336 3197 1604 3254 homines
1651 3181 2036 3272 proruperant
2064 3181 2106 3246 C

384 3286 688 3342 audaciam
715 3291 778 3339 ut
801 3284 1086 3339 minorem
1124 3285 1282 3340 Patre
1315 3285 1524 3340 Filium
1569 3302 1696 3342 esse
1722 3289 2033 3344 contende-

383 3374 607 3431 rent.Hi
632 3372 859 3429 callidis
880 3377 1361 3444 argumentorum
1384 3376 1730 3431 commentis
1753 3393 1860 3432 sua
1881 3377 2034 3432 nite-

383 3465 599 3520 bantur
647 3468 926 3519 astruere.
987 3461 1200 3517 Contra
1251 3480 1354 3534 per
1401 3463 1809 3532 Athanasium,
1859 3470 2035 3538 atque

385 3552 769 3608 Maximinum
793 3557 1146 3622 ceterosque
1162 3558 1622 3624 propugnatores
1644 3571 1710 3609 ac
1724 3555 1903 3610 duces
1923 3556 2035 3611 cla-

384 3641 654 3694 rissimos
683 3639 1010 3710 apostolica:
1044 3640 1325 3694 doctrinae
1343 3657 1574 3712 semper
1604 3645 1919 3713 superabat
1937 3663 2035 3699 au-

384 3727 640 3783 ctoritas.
659 3727 970 3782 Laboriose
991 3727 1361 3782 mendacium
1386 3729 1695 3799 exquisitis
1717 3733 2037 3788 ornabatur

384 3814 712 3872 sententiis.
748 3815 852 3868 Per
883 3831 944 3869 se
979 3815 1123 3869 satis
1155 3815 1639 3886 decora,simplex
1659 3819 1870 3874 veritas
1891 3821 2032 3875 emi-

384 3905 581 3959 nebat.
618 3907 914 3957 Postremo
932 3908 1188 3974 potestas
1208 3902 1466 3959 humana
1500 3905 1836 3962 fortissimis
1861 3908 2034 3964 bella-

382 3991 610 4048 toribus
632 3990 1037 4047 turbulentum
1071 3991 1384 4063 minaxque
1414 3992 1628 4048 bellum
1663 3996 2030 4055 conﬂaverat.

382 4081 589 4138 Divina
621 4081 899 4151 maiestas
931 4079 1218 4146 animum,
1243 4080 1412 4147 vires,
1469 4099 1653 4151 arma,
1705 4085 1920 4156 quibus
1951 4086 2030 4142 illi

380 4170 680 4226 vincerent
709 4168 1105 4224 ministrabat.

1029 4258 1258 4314 CAPUT
1300 4258 1389 4313 IV.

452 4349 530 4403 Ex
559 4347 652 4402 his
683 4363 809 4420 quae
842 4345 1234 4418 praemisimus
1265 4348 1416 4402 beati
1457 4347 1789 4423 Hieronymi
1818 4354 2028 4420 verbis,

378 4437 487 4495 etsi
519 4453 706 4510 pauca
734 4435 874 4506 sint,
896 4441 1095 4491 tamen
1125 4435 1268 4490 satis
1299 4436 1598 4492 Maximini
1631 4441 1910 4498 sanctitas
1930 4460 2031 4514 po-

448 4616 524 4684 (ιι)
554 4615 710 4693 Haud
739 4614 970 4693 dubium
997 4615 1480 4693 qu_i_n_Maa:imi_no.
1516 4616 1845 4693 Familiaris
1869 4620 2030 4693 Lupo

378 4685 656 4758 loquendi
687 4686 918 4752 modus,
952 4692 1018 4742 ut
1046 4685 1303 4742 diximus
1335 4687 1406 4740 ad
1436 4703 1564 4758 pag.
1599 4689 1724 4742 223.

451 4755 844 4830 (b)_thebram
873 4765 1154 4830 praetore.
1181 4758 1284 4812 Hic
1308 4755 1538 4830 Lupum
1569 4759 1940 4830 reprehendit
1966 4763 2031 4817 il-

379 4825 776 4901 lustrissimus
796 4825 1110 4901 cardinalis
1132 4825 1415 4901 Baronius
1439 4831 1595 4901 quod
1617 4825 2032 4890 existimaverit

379 4901 521 4979 tunc
551 4898 622 4951 ad
656 4898 923 4979 'lj‘reviros
944 4900 1271 4979 accessisse
1315 4898 1698 4979 Athanasium
1731 4919 1864 4958 cum
1895 4907 2031 4979 fuga

379 4968 586 5047 lapsus
617 4985 651 5022 a
679 4969 1017 5047 Constantio
1046 4971 1560 5047 imp.Con_sta_ntini
1585 4973 1704 5047 ﬁlio
1735 4968 2027 5047 expetere-

379 5044 479 5112 tur
509 5039 582 5092 ad
615 5056 835 5110 pcenas.
867 5044 1106 5112 Jurenﬁe,
1136 5039 1211 5095 an
1231 5041 1619 5112 injuria,eum
1645 5039 1924 5102 Baroﬁius
1950 5065 2030 5103 re-

380 5111 652 5182 darguat,
688 5126 802 5164 non
832 5116 921 5185 est
950 5111 1072 5185 mei
1110 5111 1391 5185 similium
1451 5116 1846 5185 pronuntiare.
1879 5119 2027 5174 lllud

376 5187 607 5260 tantum
653 5182 1002 5260 monuerim,
1060 5183 1252 5237 locum
1301 5182 1634 5260 Hieronymi
1692 5189 1862 5260 paulo
1893 5196 2030 5246 ante

419 5254 671 5329 relatum
705 5253 885 5329 videri
919 5253 1103 5329 facere
1126 5270 1227 5329 pro
1259 5253 1546 5329 sententia
1574 5253 2027 5329 Lup‘i.Czeterum

419 5272 671 5309 relatum
705 5272 885 5307 Vlﬂel'l
919 5272 1103 5308 lacero
1126 5272 1227 5324 pro
1259 5272 1546 5310 sententia
1574 5272 2027 5329 Lup1.Czeterum

377 5272 632 5381 I-Iilarius
661 5323 921 5378 validum
952 5324 1089 5378 hinc
1118 5324 1300 5379 telum
1330 5325 1610 5382 adversus
1639 5328 1838 5387 hostes
1858 5334 2031 5388 Atha-

377 5397 524 5452 nasii
569 5395 754 5451 sumit
802 5396 956 5467 quod
1009 5395 1068 5467 ei
1113 5396 1448 5450 communio
1507 5399 1734 5455 reddita
1781 5404 1954 5459 fuerit
1995 5422 2030 5460 ο.

377 5467 712 5543 Maximino.
748 5466 948 5543 ulp0t_e
974 5466 1096 5543 qui,
1133 5471 1337 5537 praeter
1362 5469 1639 5543 proprias
1672 5472 1934 5543 virtutes,
1968 5476 2027 5530 in

376 5537 864 5612 excellentissima
895 5537 1264 5612 Trevirorum
1290 5539 1430 5612 urbe
1452 5537 1761 5612 episcopus
1784 5537 2029 5603 erat'Sic

379 5607 534 5690 enim
560 5610 648 5690 ait
668 5610 726 5664 in
759 5610 1131 5690 fragmentis;
1168 5631 1193 5660 ‹‹
1228 5609 1355 5690 Sed.
1387 5607 1694 5690 ignorasse
1721 5631 2029 5690 vos_nega-

379 5679 514 5734 bitis
544 5679 882 5752 Athanasio:
897 5683 1066 5754 cujus
1100 5679 1534 5738 damnationem
1557 5700 1592 5740 a
1607 5684 1770 5741 vobis
1792 5679 2024 5757 Valens,

2157 1872 2270 1926 dus
2293 1870 2536 1942 justitia:
2571 1871 2748 1926 tribui
2768 1872 2978 1927 debeat
2999 1871 3134 1928 huic
3155 1873 3514 1928 S.Maximini
3539 1878 3763 1928 constan-

2153 1959 2264 2015 tiae.
2302 1960 2560 2014 Proiecto
2591 1960 2806 2016 fiducia
2855 1977 2923 2017 ex
2970 1961 3185 2017 divinis
3242 1962 3487 2035 eloquiis
3533 1969 3763 2034 concepta

2153 2047 2350 2103 docuit
2384 2053 2676 2119 quatenus
2707 2049 2785 2104 sit
2816 2048 3199 2106 saecularibus
3241 2052 3619 2122 potestatibus
3635 2051 3762 2106 obse-

2151 2138 2682 2209 quendum.Neque
2713 2138 2869 2193 enim
2891 2137 3017 2210 ipse
3039 2139 3194 2195 Deus
3217 2141 3386 2211 justa
3412 2140 3759 2214 precipientes

2151 2227 2559 2282 contemnendi
2577 2226 2918 2282 hominibus
2932 2232 3034 2282 aut
3051 2245 3412 2301 quemquam
3432 2230 3761 2300 imperatores

2151 2313 2373 2384 injuste
2394 2315 2671 2386 jubentes
2702 2314 2978 2370 audiendi
2999 2321 3351 2387 potestatem
3377 2317 3657 2374 fecit.Nam
3676 2315 3758 2372 etsi

2148 2403 2505 2475 praescripsit
2532 2408 2597 2457 ut
2625 2403 2831 2458 Caesari
2864 2421 2991 2476 qua:
3022 2409 3161 2460 sunt
3191 2406 3434 2462 Caesaris
3462 2411 3517 2462 et
3535 2407 3638 2461 Deo
3652 2422 3750 2477 qua

2144 2497 2288 2547 sunt
2342 2492 2442 2547 Dei
2493 2493 2810 2548 reddamus
2878 2494 3094 2564 (Matth.
3155 2499 3333 2564 xxxx),
3393 2496 3541 2568 quod
3592 2500 3752 2550 tamen

2147 2580 2203 2634 id
2236 2581 2382 2636 citra
2410 2580 2778 2636 violationem
2797 2598 3040 2637 suorum
3070 2582 3194 2638 ﬁeri
3228 2584 3472 2640 voluerit
3502 2585 3756 2639 mandato-

2147 2686 2278 2724 rum
2308 2669 2619 2740 Apostolus
2649 2670 3088 2742 declaravit,qui
3121 2673 3392 2728 dicturus
3423 2674 3601 2744 Regem
3624 2673 3755 2727 hono-

2144 2760 2373 2828 riﬁcate,
2407 2760 2578 2813 Deum
2606 2760 2786 2814 timete
2815 2761 2860 2826 (I
2890 2761 3597 2832 Petr.n),praamittendum
3627 2778 3754 2815 cura—
3902 2760 3903 2834 ᾗ

2143 2846 2242 2902 vit.
2277 2848 2385 2902 Sed
2419 2865 2450 2902 ο
2479 2848 2661 2902 nostri
2696 2848 2980 2919 temporis
3001 2866 3195 2905 mores
3227 2851 3538 2923 degeneres
3559 2850 3754 2905 lOmnes

2143 2951 2290 3008 pene
2314 2937 2438 3007 jam
2459 2935 2616 2990 nervi
2649 2935 3122 3008 pristiniroboris
3139 2937 3754 2995 conciderunt.Levibus

2141 3024 2464 3080 terroribus
2497 3024 2676 3080 fracta
2708 3025 2888 3080 cessit
2931 3027 3286 3082 constantia.
3319 3026 3505 3084 Pluris
3548 3024 3755 3099 pecunia

2145 3130 2322 3184 quam
2345 3112 2597 3184 justitia,
2631 3117 2975 3169 aestimatur.
3010 3115 3149 3180 Quis
3173 3115 3304 3185 jam
3349 3115 3754 3188 imperatoribus

2143 3201 2474 3257 divinorum
2507 3208 2924 3274 praeceptorum
2957 3220 3218 3259 reserare
3249 3204 3562 3260 salutarem
3587 3201 3756 3259 severi-

2143 3294 2322 3346 tatem
2355 3307 2471 3346 non
2504 3290 2886 3346 reformidet?
2915 3290 3056 3356 Quis
3088 3291 3173 3347 eis
3237 3311 3346 3349 sua
3393 3292 3634 3365 pericula
3658 3287 3753 3344 zelo

2144 3379 2322 3434 divini
2353 3379 2583 3435 timoris
2612 3396 2894 3436 accensus
2913 3381 3137 3453 absque
3151 3381 3285 3437 fuco
3302 3380 3752 3449 adulationisape-

2145 3467 2300 3522 riat?
2329 3469 2447 3539 Ego
2479 3466 2650 3538 plane
2682 3485 2797 3524 non
2819 3485 2952 3523 sum
2982 3468 3221 3536 dubius,
3250 3475 3355 3526 aut
3381 3470 3756 3534 neminem,aut

2145 3574 2342 3612 rarum
2391 3574 2547 3612 nunc
2590 3573 2738 3624 esse,
2773 3557 2873 3629 qui
2923 3556 2971 3612 si
3031 3558 3377 3628 quemlibet,
3414 3565 3475 3614 ut
3501 3556 3754 3630 quondam

2143 3663 2395 3718 magnus
2426 3645 2562 3701 fecit
2590 3645 2968 3710 Athanasius,
3002 3645 3240 3718 iniquos
3270 3654 3464 3704 motus
3495 3648 3756 3718 imperato-

2143 3751 2275 3790 rum
2308 3735 2445 3805 fuga
2496 3733 2885 3789 declinantem
2935 3735 3177 3801 videret,
3213 3737 3288 3804 ei,
3326 3742 3391 3792 ut
3422 3735 3754 3798 Maximinus,

2142 3822 2431 3896 gremium
2464 3822 2907 3889 charitatis,Deo
2938 3823 3102 3890 ﬁsus,
3124 3826 3382 3896 aperiret
3405 3825 3537 3895 ;imo
3563 3826 3628 3896 (b)
3648 3822 3757 3878 late-

2141 3912 2308 3967 bram
2342 3915 2616 3982 praestare
2637 3911 2725 3966 vel
2749 3911 3182 3968 remotissimus
3215 3914 3468 3986 quisque
3491 3914 3752 3984 refugeret;

2143 4018 2235 4066 ne,
2269 4001 2409 4055 dum
2437 3998 2616 4054 alium
2673 4003 2866 4072 tegere
2925 3999 3252 4069 moliretur,
3288 4003 3653 4076 semetipsum
3691 3999 3754 4053 la-

2143 4089 2309 4161 queis
2329 4087 2679 4144 calamitatis
2710 4094 3038 4160 exponeret.
3070 4091 3144 4144 At
3175 4091 3531 4147 Maximinus
3560 4091 3611 4145 in
3633 4087 3755 4144 cele-

2143 4178 2397 4234 berrima
2428 4178 2573 4233 28]
2610 4177 2934 4249 eademque
2964 4181 3105 4234 tunc
3137 4179 3202 4250 (ο)
3237 4181 3399 4253 regia
3428 4179 3640 4237 civitate
3666 4177 3754 4232 for-

2139 4267 2438 4323 tissimum
2469 4266 2761 4338 excipiens
2779 4265 3362 4336 Confessorem,dum
3392 4271 3518 4342 ejus
3545 4268 3756 4340 ingenue

2141 4354 2597 4411 communicavit
2643 4353 2924 4426 periculo,
2974 4355 3355 4429 participium
3413 4357 3521 4414 sibi
3570 4353 3755 4430 peperit

2141 4443 2336 4518 gloria:
2369 4442 2759 4515 sempiternae.

2140 4621 2454 4696 Ursqacius,
2467 4619 2820 4696 Saturninus
2850 4621 3110 4696 exigunt,
3145 4623 3230 4696 ab,
3251 4624 3409 4690 Osio,
3465 4619 3753 4696 Maximino.

2139 4694 2298 4752 Julio
2320 4692 2608 4748 redditam
2640 4690 3172 4749 communionem.»
3198 4695 3241 4750 E
3258 4697 3489 4751 diverso
3510 4690 3754 4763 Sulpitius

2141 4769 2388 4838 Severus
2418 4763 2555 4838 hinc
2584 4779 2817 4838 quoque
2868 4764 3302 4838 Priscillianum
3333 4768 3574 4838 ejusque
3599 4760 3756 4838 socios

2141 4840 2199 4893 in
2233 4836 2407 4908 culpa
2436 4833 2736 4910 fuisse'eit—
2757 4837 2944 4910 ςμιοᾶ⁸
2964 4838 3283 4910 Damasum
3315 4833 3640 4910 episcopum
3669 4833 3754 4887 Ro-

2140 4906 2385 4989 manum
2418 4912 2477 4989 et.
2515 4906 2885 4989 Ambrosium
2927 4906 3446 4989 Medi-olanensem,
3478 4906 3752 4989 {quorum

2140 4997 2209 5037 ea
2237 4979 2350 5036 lem
2359 4982 2578 5050 pestate
2602 4994 2839 5050 summa
2865 4980 3186 5036 auctoritas
3215 4985 3360 5050 erat,
3399 5005 3426 5028 »ι
3456 4977 3569 5036 sibi
3591 4977 3755 5032 adver-

2139 5057 2338 5109 santes
2359 5048 2704 5104 habuerint.

2209 5122 2280 5193 (c)
2315 5123 2483 5193 Regia
2511 5121 2750 5176 civitate.
2777 5119 2841 5193 Id
2872 5123 2963 5193 est
2992 5121 3343 5189 Trevirensi,
3379 5122 3752 5193 cujusmagua

2139 5183 2274 5249 tum,
2298 5183 2554 5265 dignitas
2585 5196 2708 5265 erat
2739 5192 2811 5246 ob
2835 5192 3034 5265 sedem
3057 5193 3310 5264 praefecti
3331 5183 3596 5265 pre-torio
3637 5183 3751 5265 Gal-

2139 5258 2502 5320 liarum'illic
2535 5279 2569 5317 a
2598 5262 2962 5318 Constantini
2987 5258 3197 5338 Magno
3245 5258 3630 5338 constitutam.
3662 5258 3749 5337 Ita:

2139 5353 2254 5408 que
2288 5341 2480 5410 Lupus
2513 5351 2626 5390 non
2651 5339 2771 5410 tam
2820 5332 3192 5410 respexit:ad
3240 5332 3748 5410 aetatemMaximini

2139 5405 2317 5471 quam
2349 5405 2420 5461 ad
2452 5405 2761 5476 sequentia
2781 5405 3042 5478 tempora
3069 5407 3362 5462 Treverim
3392 5405 3549 5478 enim
3561 5405 3748 5473 regiam

2139 5479 2434 5534 civitatem
2459 5475 2659 5548 postea
2693 5478 2824 5548 fecit
2847 5475 3139 5532 Maximus
3167 5479 3479 5548 imperator
3504 5475 3749 5548 circana-

2140 5567 2282 5605 num
2313 5542 2536 5621 383,ὐῄ
2591 5547 2796 5603 scribit
2850 5549 3164 5621 Gregorius
3223 5542 3572 5605 Turonensis
3606 5542 3692 5598 lib.
3715 5555 3747 5602 ι.

2139 5622 2310 5687 Hist.,
2344 5637 2469 5691 cap.
2505 5620 2593 5674 38.
