3956 6160
113 305 218 368 677

1362 302 1465 366 DE
1506 301 1692 366 VITA
1738 303 1803 364 S.
1851 298 2255 363 MAXIMINI.

3398 306 3519 368 6'18

117 438 381 503 ecclesia},
416 436 647 494 nomine
699 436 999 501 Gosberto,
1035 437 1103 492 ad
1140 437 1391 511 sepulcri
1432 435 1752 511 penetralia
1781 438 1831 504 Α
1863 435 2283 490 sumcndorum
2300 432 2714 489 alimentorum
2730 435 2840 490 sibi
2858 434 3244 508 possibilitate
3263 438 3517 495 sublata’

116 525 598 595 intromissus,ibi
623 542 685 583 se
716 525 1022 582 confestim
1053 526 1204 583 lucis
1235 526 1655 584 commercium
1676 541 1759 580 re-

119 617 327 692 perisse
351 616 603 672 miratus
615 619 723 670 est.
739 616 970 671 Poterat
985 615 1364 672 beatissimus
1381 616 1588 671 Petrus
1608 631 1757 671 caeco

121 722 341 763 summa
370 704 649 760 facilitate
690 704 843 776 quod
894 704 1201 777 petebatur
1232 709 1524 777 praestare,
1556 720 1756 759 verum

121 794 355 870 gloriam
379 791 649 849 miraculi
682 793 997 848 transferre
1021 794 1092 848 ad
1117 792 1504 849 Maximinum
1528 790 1755 856 maluit,

125 888 182 939 ut
208 882 548 938 meritorum
580 882 710 953 ejus
734 882 1030 938 evidenter
1058 881 1288 938 cunctis
1318 882 1598 956 panderet
1621 896 1762 951 qua-

125 972 355 1028 litatem.

752 1077 981 1134 CAPUT
1025 1078 1119 1134 XI.

191 1186 463 1241 Praeterea
484 1185 547 1241 in
574 1188 778 1258 crypta
808 1184 907 1241 ubi
938 1201 1074 1242 ossa
1108 1184 1421 1242 venerandi
1470 1183 1762 1257 pontificis

128 1275 343 1331 condita
364 1274 598 1331 fuerant
620 1273 923 1346 interjectu
946 1274 1229 1348 temporis
1249 1291 1402 1346 aqua
1424 1273 1483 1329 in
1506 1272 1763 1329 latitudi-

131 1381 245 1419 nem
262 1362 438 1419 unius
454 1363 636 1420 cubiti
660 1363 935 1431 excrevit;
962 1363 1239 1436 dictuque
1262 1361 1547 1431 mirabile,
1573 1362 1655 1417 ita
1678 1379 1755 1417 se.

132 1453 377 1526 pulcrum
410 1470 588 1509 omne
619 1469 729 1509 suo
761 1452 986 1508 ambitu
1020 1452 1302 1520 cinxit,ut
1323 1457 1519 1508 tamen
1543 1452 1614 1507 ab
1631 1452 1761 1522 ejus

135 1542 406 1615 crepidine
431 1541 751 1607 absistens,
768 1559 880 1596 non
910 1559 1152 1614 parvum
1187 1540 1553 1597 intuentibus
1569 1545 1764 1613 stupo-

137 1647 239 1686 rem
267 1631 554 1703 injiceret.
579 1629 763 1703 Igitur
784 1629 1142 1686 venerabiles
1170 1629 1427 1703 episcopi
1446 1628 1761 1699 (a)llildul-

138 1720 286 1792 phus,
308 1718 581 1776 Clemens
611 1722 784 1791 atque
813 1718 1156 1784 Gosbertus,
1180 1716 1585 1773 convenientes
1607 1716 1663 1770 in
1697 1734 1763 1773 u-

140 1825 279 1876 num,
306 1812 361 1863 et
384 1808 548 1880 quod
581 1809 868 1872 evenerat,
902 1805 1213 1879 diligenter
1241 1806 1659 1872 examinantes,
1692 1805 1767 1877 (b)
1798 1807 1846 1874 Β

139 1898 519 1953 transferenda
533 1895 689 1952 beati
704 1894 811 1951 viri
826 1911 961 1951 ossa
972 1912 1040 1951 ex
1056 1898 1379 1952 memorata
1398 1900 1617 1968 crypta,
1632 1900 1688 1949 et
1712 1894 1769 1949 in

141 1985 246 2041 loco
258 1985 521 2041 ubinunc
538 1990 678 2041 sunt
691 1984 802 2041 sita
807 1983 1142 2056 judicavcre
1155 1982 1610 2055 ponenda.Quod
1625 2000 1769 2053 quo-

142 2074 278 2130 niam
293 2091 358 2130 ex
374 2073 581 2130 divina
599 2071 898 2129 voluntate
919 2073 1293 2129 decreverant
1312 2072 1631 2145 procedens
1653 2071 1772 2127 exi-

146 2168 227 2219 tus
240 2162 530 2220 indicavit.
551 2162 673 2229 His,
689 2161 986 2234 ut0pinor,
1003 2178 1118 2216 non
1142 2160 1609 2217 inconvenienter
1620 2161 1688 2215 ad
1689 2160 1772 2232 ji-

147 2252 435 2325 citurquod
452 2251 727 2325 quaadam
744 2250 1209 2316 femina,Franca
1229 2250 1483 2315 natione,
1497 2251 1628 2305 dom
1641 2250 1772 2321 ique

148 2341 352 2407 nobilis,
384 2342 660 2397 Rodoara
682 2338 986 2408 vocabulo,
1011 2340 1103 2395 cui
1134 2339 1337 2395 tibiam
1372 2343 1545 2411 atque
1568 2339 1772 2412 pedem

146 2429 333 2486 humor
377 2430 594 2486 noxius
643 2429 976 2495 arefecerat,
1009 2429 1079 2484 ad
1113 2429 1456 2484 memoriam
1489 2427 1638 2483 beati
1668 2427 1773 2483 viri

149 2519 398 2588 accessit;
432 2518 641 2591 ibique
689 2534 888 2591 preces
940 2533 1155 2590 magna
1199 2534 1333 2572 cum
1382 2517 1775 2573 obstinatione

150 2607 489 2674 continuans,
524 2606 614 2663 ita
658 2611 785 2662 uta
816 2606 940 2662 suis
988 2606 1059 2661 ad
1112 2605 1575 2678 desperationem
1623 2606 1774 2662 obti-

153 2698 327 2753 nenda:
357 2696 634 2753 sanitatis
666 2694 920 2768 impulsa
954 2699 1020 2750 ut
1046 2694 1181 2750 inde
1208 2695 1497 2750 recederet
1520 2711 1777 2751 monere-

153 2790 249 2853 tur,
279 2786 417 2843 287
453 2785 562 2841 diu
594 2783 987 2840 desideratam
1039 2782 1349 2839 sanitatem
1400 2783 1777 2857 stupentibus

156 2875 353 2933 cunctis
380 2874 769 2949 recuperavit.

759 2997 991 3055 CAPUT
1032 2998 1154 3054 XII.

1867 524 1958 578 vix
1989 523 2167 578 vitam
2199 522 2383 579 solius
2414 540 2577 595 aquaa
2610 523 2827 580 haustu
2860 524 3184 582 retinuerit.
3210 527 3372 583 Escis
3411 528 3519 584 ita-

1866 629 1980 685 que
2009 611 2551 684 sumptis,amissas
2585 612 2770 669 redire
2803 612 2952 669 vires
2982 616 3299 687 persensit;
3322 615 3523 687 hujus-

1868 717 1981 773 que
2035 717 2151 755 non
2209 701 2522 756 immemcr
2590 701 2876 770 beneficii,
2934 702 3264 758 ccenobium
3330 704 3520 760 sancti
3572 726 3579 730 δ

1867 788 2169 844 Maximini
2197 787 2428 861 praediis
2455 789 2648 844 auxit:
2673 806 2926 861 quorum
2958 806 3141 845 unum
3174 791 3520 863 Patriosala,

1867 876 2027 933 aliud
2084 877 2355 934 Witmari
2412 877 2675 945 ecclesia,
2710 878 2948 934 tertium
3007 879 3368 937 Comiciacus
3421 899 3523 938 vo-

1868 969 2053 1021 catur.
2101 965 2314 1021 Sancto
2373 968 2570 1021 autem
2633 967 2794 1023 Petro
2855 966 3249 1023 Andaclanam
3307 969 3526 1027 obtulit

1866 1053 2086 1110 villam.

2395 1179 2547 1237 288
2587 1179 2816 1237 CAPUT
2854 1181 3003 1238 XIII.

1939 1321 2104 1393 Apud
2128 1321 2500 1393 smpedictam
2535 1322 2881 1377 memoriim
2909 1323 3086 1378 etiam
3120 1324 3248 1379 dum
3272 1325 3526 1392 feminae,

1870 1425 2122 1482 quarum
2152 1409 2335 1465 altera
2364 1409 2704 1476 Weltrudis,
2738 1409 2923 1466 altera
2964 1412 3266 1468 dicebatur
3295 1414 3527 1469 Elitbil-

1871 1499 1982 1565 dis,
1999 1497 2138 1553 olim
2163 1515 2448 1554 manuum
2480 1504 2657 1571 atque
2689 1499 2903 1571 pedum
2936 1500 3243 1556 debilitate
3269 1500 3527 1569 inutiles,

1869 1585 2200 1641 interventu
2233 1585 2647 1658 gloriosissimi
2679 1588 3033 1643 confessoris
3073 1590 3411 1646 communia
3441 1605 3531 1645 re-

1871 1679 2151 1747 ceperunt
2169 1675 2381 1731 officia.
2405 1674 2509 1730 Vir
2529 1674 2770 1747 quidam
2796 1675 3083 1732 oriundus
3107 1677 3289 1745 Friso,
3315 1678 3407 1733 cui
3433 1695 3534 1733 no-

1876 1779 2009 1817 men
2031 1762 2175 1817 Albo
2201 1762 2330 1828 fuit,
2353 1779 2415 1819 se
2436 1779 2725 1835 suamque
2740 1764 3135 1820 substantiam
3156 1766 3324 1822 beato
3352 1766 3532 1821 Maxi-

1884 1851 2041 1906 mino
2072 1851 2327 1907 donavit.
2362 1853 2486 1917 Quo
2520 1852 2691 1919 facto,
2721 1869 2856 1907 cum
2891 1853 3139 1909 fratrum
3172 1853 3535 1911 utilitatibus

1881 1940 2214 2008 desudaret,
2247 1956 2483 1995 necesse
2513 1941 2625 1995 fuit
2654 1945 2719 1995 ut
2748 1942 3084 2014 negotiandi
3123 1944 3314 2015 gratia
3342 1948 3533 1999 trans-

1882 2028 2169 2084 marinam
2219 2032 2440 2101 peteret
2487 2029 2804 2102 regionem.
2840 2032 2924 2085 Ita
2962 2030 3136 2086 classi
3170 2047 3269 2086 sex
3300 2031 3535 2087 navium

1882 2118 2159 2186 sociatus,
2192 2117 2497 2191 ingressus
2526 2123 2615 2174 est
2646 2135 2823 2174 mare.
2856 2119 2919 2174 ln
2949 2119 3134 2174 altum
3167 2124 3365 2176 autem
3398 2136 3534 2177 cum

1884 2205 2327 2279 processissent,
2346 2211 2667 2279 tempestas
2689 2212 2925 2279 repente
2946 2207 3151 2263 oborta
3171 2208 3405 2264 easdem
3437 2225 3538 2266 sex

1884 2312 2060 2351 naves
2082 2294 2400 2367 quassavit,
2424 2311 2491 2351 ac
2515 2295 2683 2350 undae
2705 2300 3003 2351 tumentes
3026 2297 3295 2368 protinus
3310 2295 3536 2353 solutas

1885 2383 2270 2440 involverunt.
2297 2385 2410 2439 lloc
2438 2384 2583 2439 Albo
2614 2384 3016 2455 deprehensus
3047 2384 3414 2441 necessitatis
3444 2403 3536 2442 ar-

1885 2473 2085 2538 ticulo,
2101 2477 2311 2528 nautas
2332 2472 2602 2530 hortatus
2622 2479 2712 2529 est
2731 2478 2798 2529 ut
2818 2490 3018 2530 secum
3033 2475 3219 2531 sancti
3235 2474 3539 2531 Maximini

1885 2561 2231 2635 suffragium
2262 2560 2929 2633 implorarent.0uibus,
2944 2567 3010 2618 ut
3028 2579 3136 2636 par
3164 2563 3381 2631 erat,id
3403 2565 3540 2620 sub-

1886 2651 2066 2706 misse
2094 2650 2426 2722 agentibus,
2448 2649 2592 2706 Albo
2622 2650 2809 2706 virum
2844 2651 3031 2707 instar
3060 2651 3203 2709 solis
3232 2652 3540 2725 splenden-

1885 2743 2003 2795 tem
2022 2743 2081 2794 et
2094 2754 2275 2811 supra
2291 2754 2452 2793 mare
2473 2754 2588 2794 non
2621 2738 2834 2794 infusis
2866 2740 3114 2811 pedibus
3136 2740 3537 2797 ambulantem

1888 2826 2084 2883 subito
2114 2826 2381 2899 aspexit:
2417 2826 2517 2898 qui
2566 2826 2840 2882 fiduciam
2893 2828 3190 2883 confitenti
3241 2844 3538 2891 resumere

1879 2916 2121 2987 jubens,
2149 2931 2285 2971 cum
2333 2914 2708 2975 formidinem
2755 2931 2892 2975 voce
2922 2915 3165 2988 pepulit,
3198 2921 3326 2972 tum
3358 2918 3535 2973 etiam

1890 3021 1998 3061 sua
2018 3002 2329 3077 praesentia
2368 3002 2852 3079 tranquillitatem
2884 3004 3131 3060 reduxit.
3160 3005 3253 3060 Sic
3284 3006 3421 3062 facti
3454 3022 3539 3062 re-

214 3106 328 3162 λειω
356 3124 486 3164 νει-ο
515 3105 669 3162 illud
703 3122 881 3177 quam
909 3109 999 3162 est
1020 3103 1288 3160 mirabile
1308 3105 1462 3177 quod
1486 3104 1554 3177 (ε)
1578 3103 1779 3160 Carolo
1870 3093 2089 3162 'duces,
2113 3090 2336 3148 auctori
2360 3096 2479 3148 tam
2503 3092 2827 3148 manifestae
2849 3092 3060 3149 salutis
3084 3094 3197 3149 Deo
3219 3099 3537 3167 sanctoque

161 3195 373 3269 principi
402 3195 670 3268 obtigit?
699 3176 963 3267 Namque
1007 3193 1058 3250 is
1104 3211 1239 3250 cum
1296 3176 1473 3268 ιοηεα
1529 3176 1777 3250 febrium
1809 3176 1852 3244 C
1892 3180 2568 3237 Maximinolaudescum
2587 3181 3217 3239 summaexsultatione
3239 3183 3534 3239 fuderunt.

160 3290 424 3340 vexaretur
453 3283 753 3350 molestia,
787 3287 846 3339 et
873 3282 991 3338 cibi
1022 3286 1313 3355 potusque
1373 3282 1606 3338 fastidio
1652 3282 1782 3338 vitae.

163 3372 446 3441 periculum
470 3371 844 3438 incurrisset,
861 3370 913 3427 ei
935 3372 1141 3426 beatus
1164 3370 1519 3427 Maximinus
1531 3370 1781 3443 capienti

165 3476 403 3517 somnum
434 3461 733 3535 apparuit,
769 3465 950 3532 utque
981 3476 1043 3515 se
1073 3460 1143 3514 ad
1177 3476 1344 3515 suam
1370 3460 1681 3515 abeuntem
1701 3475 1786 3515 se-

167 3553 405 3618 queretur
431 3549 783 3606 memoriam
830 3548 1274 3605 demonstravit.
1303 3548 1784 3622 Exspergefactus

168 3635 369 3694 Carolus
398 3638 709 3696 satellitem
742 3638 841 3711 qui
863 3637 974 3693 sibi
1006 3637 1152 3692 forte
1173 3637 1469 3693 assidebat
1490 3641 1788 3710 perconta-

168 3729 245 3779 tur
268 3728 309 3781 si
335 3727 539 3783 viderit
566 3728 800 3783 beatum
834 3726 1243 3793 Maximinum,
1268 3727 1365 3798 qui
1382 3742 1588 3796 secum
1613 3727 1785 3798 paulo

172 3820 277 3870 ante
296 3816 634 3873 contulisset
654 3832 1007 3872 sermonem.
1036 3814 1138 3870 Illo
1160 3832 1292 3870 vero
1317 3815 1782 3888 negante,Modo,

173 3901 349 3975 inquit,
382 3905 530 3961 foras
567 3905 888 3978 egreditur,
924 3908 1097 3975 atque
1130 3903 1434 3975 imperavit
1464 3908 1529 3959 ut
1557 3920 1618 3959 se
1648 3921 1786 3960 con-

172 3990 306 4049 tinuo
328 4010 625 4066 sequerer,
644 3994 797 4066 apud
821 3994 950 4064 ejus
979 3990 1275 4047 tumulum
1308 3990 1518 4047 salutis
1549 4008 1787 4065 compos

175 4078 389 4137 futurus.
423 4084 507 4138 ita
557 4081 656 4137 illo
707 4080 912 4137 lectica
942 4081 1310 4153 deportatum
1344 4084 1401 4135 et
1428 4079 1486 4134 in
1519 4092 1787 4152 soporem

176 4160 458 4226 resolutum
489 4174 735 4227 sanctus
784 4169 1138 4225 Maximinus
1184 4168 1397 4247 iterum
1447 4167 1785 4241 alloquitur,

177 4271 321 4329 seque
341 4276 438 4331 pro
459 4258 560 4316 illo
583 4257 817 4315 Domini
848 4256 1181 4331 postulasse
1210 4256 1583 4313 clementiam
1601 4261 1788 4313 osten-

179 4342 262 4411 dit,
289 4346 443 4403 illum
469 4365 605 4405 vero
638 4364 711 4404 ne
747 4364 811 4403 se
860 4334 1015 4403 ultra
1061 4346 1238 4403 dedat
1283 4345 1443 4401 vitiis
1489 4346 1786 4425 admonet.

180 4429 284 4513 Mox
309 4433 477 4508 igitur
504 4441 572 4492 ut
600 4434 894 4515 evigilavit
921 4434 1181 4504 Carolus,
1215 4435 1574 4502 exsurrexit;
1607 4440 1663 4491 et
1684 4451 1788 4507 pro

1893 3270 2147 3327 Maxima
2171 3273 2311 3325 sunt
2340 3275 2397 3326 et
2429 3270 2563 3339 Deo,
2587 3270 2688 3342 qui
2714 3288 2817 3344 per
2846 3288 3041 3328 servos
3072 3289 3211 3328 suos
3240 3276 3535 3344 operatur,

1892 3360 2068 3433 digna
2097 3358 2400 3424 miracula,
2417 3364 2592 3432 atque
2620 3360 2825 3416 celebri
2859 3361 3145 3433 praconio
3176 3362 3247 3416 ad
3277 3366 3539 3433 posteros

1890 3448 2362 3504 transmittenda.
2394 3446 2611 3503 Verum
2658 3448 2804 3505 illud
2835 3449 3240 3522 scrupulosius
3278 3454 3367 3506 est
3396 3467 3539 3506 con-

1894 3536 2296 3605 siderandum,
2329 3538 2482 3608 quod
2517 3542 2725 3610 praeter
2753 3541 2977 3594 tantam
3010 3540 3333 3595 ubertatem
3357 3539 3539 3595 virtu-

1891 3630 2041 3694 tum,
2076 3623 2315 3698 perinde
2366 3627 2537 3698 quasi
2595 3626 2831 3699 speciali
2889 3628 3096 3699 gratia,
3146 3628 3540 3701 fugandorum

1894 3716 2226 3791 daemonum
2260 3720 2516 3787 potestas
2549 3715 2715 3770 beato
2750 3716 3066 3772 Maximino
3116 3717 3405 3789 permissa
3431 3722 3537 3773 est.

1895 3793 2058 3871 Quod
2086 3821 2153 3859 ex
2186 3804 2684 3875 consequentibus
2713 3804 2879 3860 facile
2926 3805 3248 3877 apparebit.
3284 3805 3544 3861 Dixerint

1895 3893 2032 3949 hinc
2055 3892 2266 3948 melius
2283 3891 2402 3960 alii,
2418 3909 2567 3965 quos
2590 3893 2717 3948 vitae
2740 3893 3044 3950 sinceritas
3065 3892 3387 3951 ccelestium
3411 3895 3546 3951 fecit

1895 3982 2161 4038 conscios
2189 3982 2342 4037 289
2373 3997 2739 4038 arcanorum.
2773 3981 3053 4038 Caeterum
3099 3999 3240 4038 meae
3272 3984 3543 4040 tenuitati

1892 4070 2124 4126 videtur
2152 4070 2309 4125 hunc
2340 4070 2531 4125 virum
2559 4087 2627 4126 ea
2655 4087 2834 4126 causa
2866 4069 3011 4125 illud
3039 4069 3407 4144 privilegium
3427 4088 3544 4128 me-

1896 4161 2085 4216 ruisse
2115 4159 2272 4230 quod
2304 4159 2442 4214 dum
2474 4176 2847 4215 communem
2881 4163 3077 4233 ageret
3103 4160 3302 4228 vitam,
3335 4158 3409 4215 ab
3448 4159 3543 4217 his

1894 4248 2185 4321 praecipue
2206 4247 2378 4303 fuerit
2397 4238 2554 4303 vitiis
2583 4246 2809 4303 alienus
2829 4246 3045 4319 quibus
3078 4252 3353 4321 apostataa
3372 4247 3543 4320 spiri-

1894 4341 1993 4393 tus
2022 4326 2323 4408 elegerunt
2350 4335 2867 4392 inconvertibiliter
2891 4335 3234 4409 mancipari,
3270 4337 3546 4409 superbia

1893 4423 2163 4483 videlicet
2192 4429 2248 4480 et
2276 4424 2512 4495 invidia,
2546 4442 2897 4498 aequumque
2926 4424 3115 4480 visum
3148 4425 3328 4481 fuisse
3348 4424 3543 4480 divino

180 4512 300 4577 votis
326 4524 627 4596 promissis
656 4511 1072 4580 in'sacrarium
1099 4523 1359 4590 secessit,
1393 4523 1622 4597 sibique
1651 4524 1790 4579 oti‘e-
1820 4546 1865 4612 Β
1898 4512 2143 4571 consilio
2174 4517 2239 4569 ut
2269 4513 2367 4586 qui
2401 4512 2736 4587 superbiam
2768 4511 3098 4569 humilitate
3128 4512 3420 4584 dejecerit,
3454 4513 3542 4569 in~

182 4611 356 4667 rendos
377 4612 531 4670 cibos
555 4611 964 4687 poposcit;qui
986 4611 1229 4686 triginta
1254 4612 1461 4669 diebus
1480 4612 1782 4684 proximis,

238 4742 304 4810 (α)
322 4746 670 4818 Hildulphus.
695 4746 826 4818 Sive
853 4745 1142 4802 Hildolfus
1173 4745 1546 4818 Trevirorum
1572 4744 1792 4818 episco-

185 4816 409 4891 pus,_qui
439 4816 548 4891 sub
579 4817 987 4891 Pippino__rege
1026 4817 1239 4873 ﬂoruit.
1273 4817 1471 4891 Exstat
1501 4816 1633 4891 ejus
1657 4816 1789 4891 Vita

186 4883 567 4966 apud_Su_rium
598 4883 758 4946 torno
790 4888 882 4966 1_V,
904 4883 973 4966 ξι
993 4905 1115 4966 qua
1139 4890 1380 4966 apparet
1397 4883 1587 4966 vir-uin
1609 4888 1790 4945 fuisse

187 4958 584 5032 sanctissimum
616 4978 631 5017 :
665 4960 823 5032 quod
850 4958 1027 5015 etiam
1054 4958 1554 5032 docét‘lticherius
1576 4977 1789 5032 mona-

188 5021 305 5078 chus
326 5027 542 5104 inlibro
564 5021 1035 5104 primthronici
1048 5029 1442 5104 Senoniensis.
1457 5030 1521 5104 Ei
1538 5029 1790 5104 aliisque

189 5097 726 5175 nonnullisgpartium
753 5102 988 5175 illarum
1029 5101 1319 5175 episcopis
1350 5097 1789 5175 Stephanus-III

190 5182 209 5247 ξ(
231 5170 493 5247 commisit
510 5174 661 5247 vices
673 5191 823 5247 suas
836 5174 916 5247 _ad
949 5170 1365 5247 experiendum
1397 5170 1584 5247 actus,
1606 5174 1788 5247 virtu-

189 5236 587 5319 iesvgtgesta'ac
608 5244 894 5319 miracula
922 5236 1107 5313 san'cti
1140 5240 1436 5319 S_w_i_be‘rti_,
1462 5246 1533 5300 ad
1558 5236 1791 5319 canoni-

190 5309 403 5397 Esndu'i'n
432 5314 621 5397 ipsum
652 5312 947 5397 Sanctum,
970 5310 1085 5397 aut
1105 5317 1177 5397 ad
1210 5309 1533 5397 Ptixfridum
1554 5317 1789 5397 episco-

223 5392 306 5433 um
345 5383 762 5467 Trajectensem
789 5383 1015 5444 seribit
1045 5389 1103 5443 S.
1138 5387 1260 5442 Lud
1305 5404 1441 5442 erus
1479 5383 1788 5459 episcopus

223 5444 642 5512 [onasteriensis
659 5458 868 5512 Factus
887 5464 976 5512 est
996 5463 1190 5512 autem
1214 5404 1569 5512 Hﬁdulnhus
1599 5457 1788 5512 Trevi-

1267 5477 1280 5513 l

240 5456 875 5540 enasteriensis.,l’actus_
887 5464 976 5527 est
996 5456 1569 5540 autemOHildulphu‘s
1592 5456 1790 5540 Trevi-

195 5529 356 5604 ῐβτιέφ
377 5524 1029 5604 archiepiscopatum
1048 5524 1555 5604 Pippiniresispt
1575 5529 1788 5604 diserte

196 5547 356 5601 aut'uitt
377 5547 562 5601 arente
604 5547 1029 5604 ιεοφρυελιιῆειι
1048 5547 1108 5602 ξι
1198 5547 1277 5584 1m
1300 5547 1555 5602 “3818,111.
1575 5547 1788 5585 αιεθινιθ

193 5587 340 5651 tradit
380 5600 501 5673 ejus
543 5547 685 5661 little
730 5596 980 5681 scriptor
1011 5618 1029 5663 :
1060 5547 1250 5673 «iiii:
1278 5599 1455 5673 fama,
1488 5599 1698 5677 inquit,
1728 5600 1788 5659 in

1895 4604 2228 4677 vidiamque
2251 4603 2533 4659 charitate
2545 4601 3232 4669 contriverit,dominium
3245 4602 3544 4674 possideat

1898 4738 2032 4819 aula
2061 4738 2431 4819 regis_Pipini
2451 4735 2865 4819 patris-garoli
2896 4736 3115 4819 “Magni
3141 4807 3154 4819 _
3174 4739 3503 4819 percrebuit
3527 4758 3541 4809 ;

1898 4816 2070 4883 atque
2091 4807 2628 4883 exejussententia
2657 4808 2931 4883 Hildulph
2942 4826 3009 4883 us
3021 4807 3545 4883 'arcliiepiscopatu

1897 4880 2113 5008 sig—Tuus
2144 4880 2493 4950 declaratur,
2525 4886 2582 4936 et
2611 4882 2681 4937 ad
2714 4881 2772 4936 id
2803 4880 3106 4953 dignitatis
3150 4880 3546 4939 assumendus

1939 4971 1953 5006 ι
2004 4971 2081 5007 1m
2116 4970 2202 5007 ur.
2240 4975 2268 5001 ››
2745 4979 2752 4985 -

1939 4953 2202 5007 illinitur.
2240 4975 2268 5001 »
2745 4979 2752 4985 -

1960 5024 2033 5095 (ὁ)
2054 5023 2662 5095 Traml‘erenda.llujus
2674 5023 3074 5081 translationis
3087 5024 3541 5082 meminitetiam

1897 5094 2101 5151 auctor
2121 5094 2261 5151 Vitae
2283 5095 2468 5169 sancti
2501 5094 2800 5169 Hildulphi
2819 5096 2911 5151 his
2942 5095 3172 5169 verbis:
3214 5117 3235 5145 ι
3259 5098 3364 5153 Hic
3394 5098 3546 5169 inter

1898 5172 2107 5241 caztera
2119 5165 2618 5241 magnificaopeira
2639 5165 2747 5241 sua
2768 5184 2894 5241 qua:
2917 5167 3119 5241 gessit,
3134 5184 3345 5241 corpus
3359 5166 3544 5224 sancti

1898 5237 3081 5312 MaximiniprazsulisTrevirodsisaloco
3114 5237 3390 5312 quo—eum
3412 5254 3541 5293 san-

1897 5313 2027 5364 etus
2057 5308 2335 5365 Paulinus
2364 5310 2694 5385 Aquitanus
2724 5310 3029 5385 sepelierat
3058 5311 3116 5365 in
3133 5308 3205 5366 eo
3236 5326 3352 5381 quo
3384 5324 3537 5363 nunc

1896 5385 2204 5437 veneratur
2234 5381 2552 5437 transtulit.
2590 5406 2618 5432 ››

1968 5453 2260 5525 (ώσω-010
2285 5455 2548 5525 principi.
2581 5453 2683 5510 Cui
2739 5453 3002 5511 Martello
3050 5467 3369 5525 cognomen
3408 5449 3537 5525 fuit,

1896 5522 2125 5600 Pippini
2156 5522 2330 5600 regis,
2362 5522 2533 5599 cujus
2560 5524 2732 5601 paulo
2763 5531 2895 5585 ante
2933 5522 3330 5595 meminimus,
3364 5522 3537 5599 patri.
