3982 6152
181 391 284 456 689

1410 391 1513 454 DE
1556 392 1742 456 VITA
1786 391 1853 454 S.
1897 392 2319 456 WIGBERTI.

3446 398 3568 463 690

180 524 322 582 niam
356 538 522 580 suam
556 521 692 597 fuge
721 522 967 598 repetito
1017 520 1333 582 certamine
1382 523 1707 599 cupientes,
1742 541 1809 581 ac
1836 527 1893 594 Α
1923 524 2115 583 sciens
2144 523 2416 583 reddidit.
2450 525 2797 585 Sanctorum
2829 545 3063 603 quoque
3116 528 3394 603 reliquim,
3418 548 3567 606 quas

176 615 340 670 victor
368 614 532 686 prius
557 613 805 670 victores
829 615 898 669 ad
922 631 1106 670 unum
1129 613 1341 684 delere,
1358 614 1489 687 ipsa
1517 618 1685 671 nocte
1716 615 1811 670 cui

180 708 281 759 tam
313 701 566 759 credulis
596 703 813 777 negotii
837 704 959 760 dies
991 703 1216 760 elucere
1247 703 1813 776 sperabatur,incre-

181 791 325 848 dibili
355 796 589 865 repente
620 791 871 864 perculsi
893 792 1225 860 formidine,
1259 794 1390 849 fusa
1420 792 1650 849 ccelitus
1695 792 1811 850 cla-

182 879 398 937 rissima
423 881 554 936 luce
584 880 792 936 ambiri
825 881 1240 954 conspicantur
1286 881 1591 938 ecclesiam
1642 884 1812 955 cujus

179 970 444 1025 memoria
465 971 590 1041 jam
625 987 806 1042 supra
826 970 975 1025 facta
1004 974 1111 1036 est,
1140 974 1197 1026 et
1225 988 1328 1043 per
1367 970 1527 1026 illius
1576 970 1811 1027 culmen

179 1060 309 1116 305
342 1058 639 1131 insignem
673 1059 987 1130 quemdam
1021 1058 1396 1115 lineamentis
1430 1060 1669 1133 quidem
1701 1060 1812 1116 hu-

178 1148 313 1204 mani
351 1147 613 1221 corporis
646 1147 1220 1221 circumsriptum,at
1265 1149 1582 1205 valentiam
1626 1149 1814 1222 digni-

177 1242 458 1309 tatemque
488 1236 827 1292 mortalium
856 1236 1026 1310 longe
1055 1237 1606 1310 praestantem,albis
1635 1238 1809 1294 etiam

174 1326 419 1383 vestibus
442 1325 744 1392 amictum,
779 1325 889 1380 hac
919 1330 976 1381 et
1006 1324 1138 1382 illac
1167 1326 1565 1383 deambulare'
1608 1325 1811 1383 Divino

174 1415 348 1488 itaque
382 1419 555 1481 nutu,
588 1418 643 1470 et
673 1414 853 1485 hujus
879 1413 1120 1470 visionis
1170 1415 1427 1471 exterriti
1481 1417 1807 1488 majestate,

175 1504 370 1562 relictis
391 1498 834 1576 impedimentis
867 1507 924 1559 et
953 1503 1229 1559 omnibus
1267 1503 1397 1560 aliis
1432 1505 1803 1574 necessariis,

171 1594 280 1649 vite
328 1596 570 1650 tantum
628 1591 933 1649 consulere
981 1591 1349 1662 festinantes,
1385 1593 1457 1649 ad
1510 1594 1713 1667 fugam
1748 1610 1809 1650 se

172 1683 338 1739 denuo
372 1679 695 1738 contulere.

768 1787 962 1844 CAPIT.
1001 1788 1199 1846 XVIII.

677 1882 754 1934 De
782 1877 1054 1934 divisione
1078 1877 1307 1950 prada.

230 1987 393 2044 Mane
427 1984 611 2058 igitur
638 1984 921 2058 oppidum
951 1985 1172 2058 egressi
1206 1985 1307 2058 qui
1339 1984 1525 2042 clausi
1550 1984 1809 2042 hostium

175 2075 449 2149 impetum
498 2074 881 2131 morabantur
920 2074 1151 2146 objectu
1209 2090 1535 2141 murorum,
1586 2077 1651 2130 ut
1711 2090 1809 2130 eos

173 2164 388 2235 abiisse,
425 2163 548 2219 imo
591 2162 749 2219 velut
799 2163 989 2220 nudos
1039 2163 1268 2220 cunctis
1317 2162 1490 2236 vulgo
1547 2162 1810 2219 dimissis

171 2254 430 2327 effugisse
460 2256 890 2326 compererunt,
925 2252 1132 2308 divinae
1163 2251 1574 2309 muniﬁcentiae
1610 2255 1809 2326 gratu-

167 2342 352 2410 lantes,
388 2342 864 2399 adversariorum
915 2341 1103 2415 spolia
1146 2341 1367 2398 viritim
1417 2340 1617 2415 partiti
1650 2345 1809 2409 sunt,

167 2431 580 2505 inopinumque
601 2430 887 2504 gaudium
918 2434 1280 2488 revexerunt.

798 2555 989 2612 CAPIT.
1030 2555 1172 2611 XIX.

397 2651 485 2703 De
513 2647 731 2701 homine
756 2647 1010 2717 paralysi
1032 2645 1265 2717 perenni
1283 2644 1558 2700 mulctato.

231 2753 428 2826 Neque
462 2751 544 2807 ita
565 2750 749 2807 multo
783 2755 933 2825 post,
969 2768 1101 2806 cum
1132 2751 1311 2806 iidem
1344 2754 1599 2806 Saxones
1630 2766 1813 2805 rever-

176 2842 386 2910 tissent,
405 2839 796 2896 instauraturi
830 2839 980 2894 male
1013 2837 1180 2895 toties
1208 2843 1441 2912 experta
1469 2837 1811 2903 certamina,

171 2949 307 2986 unus
354 2946 568 2986 eorum
621 2928 775 3001 capit
804 2928 1301 3002 ignem,fomenta
1348 2927 1610 2999 subjicit,
1639 2925 1815 2981 eccle-

175 3021 306 3075 siam
340 3017 709 3090 conflagrare
733 3018 859 3089 jam
883 3018 1099 3073 dictam
1123 3015 1381 3073 molitur.
1398 3016 1510 3072 Sed
1541 3032 1706 3071 casso
1729 3015 1815 3070 in-

174 3109 425 3181 fectoque
482 3107 638 3173 nisu,
686 3107 883 3162 divina
928 3106 1142 3161 virtute
1185 3122 1289 3178 per
1336 3103 1813 3161 intercessionem

173 3198 339 3253 sancti
358 3195 734 3269 W’igberchti
766 3193 1062 3267 repulsus,
1093 3194 1402 3249 conatibus
1433 3209 1564 3249 vere
1588 3189 1816 3247 sacrile-

171 3288 249 3358 gis
279 3287 460 3359 digna
494 3283 692 3340 retulit
720 3283 982 3356 praemia,
1016 3280 1267 3356 paralysi
1319 3281 1545 3337 scilicet
1574 3280 1812 3355 perenni
1844 3271 1886 3338 C

175 3375 508 3431 mulctatus.

725 3479 879 3535 306
917 3481 1106 3534 CAPIT.
1148 3478 1261 3533 XX.

506 3573 587 3625 De
618 3576 833 3642 raptore
860 3584 1024 3624 sensu
1052 3576 1103 3624 et
1122 3569 1241 3624 visu
1261 3570 1494 3640 privato.

232 3679 517 3734 Eamdem
542 3675 721 3732 etiam
744 3676 985 3731 domum
1006 3674 1245 3747 quidam
1269 3692 1337 3730 ex
1359 3673 1477 3730 illis
1498 3672 1821 3746 exspoliare

175 3765 702 3835 conatus,defracta
713 3765 900 3836 janua
919 3764 1463 3837 irrupit,crucisque
1485 3766 1819 3836 argenteam

172 3854 445 3911 laminam
474 3854 695 3910 aﬂ‘abre
724 3853 1054 3909 inauratam
1086 3851 1283 3924 rapuit
1310 3851 1688 3924 profanisque
1706 3868 1825 3906 ma-

174 3944 335 4000 nibus
365 3958 749 4015 nequaquam
784 3940 984 3997 efferre
1016 3943 1325 3995 cunctatus
1353 3943 1461 3995 est.
1490 3941 1562 3994 At
1592 3939 1822 3995 confes-

174 4031 268 4088 tim
298 4032 508 4089 divina
535 4031 679 4086 ultio
710 4029 975 4086 insecuta
1002 4029 1084 4083 ita
1126 4028 1284 4083 hunc
1328 4027 1583 4083 reddidit
1629 4027 1822 4099 impo-

173 4123 280 4176 tem
311 4122 405 4178 sui
438 4125 512 4176 ut
541 4120 781 4174 brutum
813 4117 1003 4191 magis
1036 4115 1253 4172 animal
1303 4132 1478 4188 quam
1527 4114 1824 4170 hominem

172 4209 428 4267 duceres.
465 4210 567 4266 Sic
589 4224 725 4264 cum
756 4205 978 4263 lamina
1007 4206 1160 4262 circa
1203 4204 1511 4261 ecclesiam
1559 4208 1826 4276 repertus

173 4299 475 4368 oberrans,
507 4297 664 4370 quod
697 4295 889 4352 sciens
947 4294 1098 4351 male
1147 4292 1498 4372 sublegerat,
1523 4293 1684 4365 juste
1728 4309 1827 4349 ne-

174 4441 409 4497 storiam
439 4441 618 4495 istam
636 4441 804 4511 putat
845 4437 1127 4511 distingui
1150 4437 1359 4493 debere
1381 4437 1454 4493 ab
1485 4453 1553 4511 ea
1573 4452 1830 4511 quaeex-

175 4517 282 4585 stat
303 4513 467 4585 apud
486 4508 993 4585 Regibongmjlgo
1014 4508 1270 4585 namque
1298 4525 1505 4564 censeo
1527 4508 1622 4585 hic
1644 4508 1737 4581 agi
1759 4509 1830 4563 de

175 4580 417 4640 ecclesia
448 4580 795 4638 monasterii
837 4580 1316 4647 Friteslariensis,
1350 4596 1548 4652 quam,
1577 4583 1832 4636 Saxones

175 4652 436 4731 adhibito
462 4654 609 4731 igne
638 4668 983 4731 consumere
1022 4641 1387 4731 tentarunt.
1401 4651 1557 4731 quod
1579 4655 1737 4731 patet
1765 4668 1834 4706 ex
1864 4641 1909 4705 D
1943 4641 2298 4731 quibusdam
2329 4649 2809 4731 Christiunisqui
2840 4641 3094 4731 erantin
3125 4641 3249 4704 cast

176 4742 294 4797 cap.
323 4727 422 4793 23,
460 4721 723 4797 it'emque
748 4740 817 4797 ex
839 4723 970 4797 aliis
1001 4723 1265 4797 ejusdem
1294 4721 1437 4797 titaé
1488 4721 1652 4797 locis.
1671 4722 1830 4797 Item

175 4792 393 4875 gestam
424 4814 468 4875 An
479 4792 877 4875 δι’ῃῖὓῇᾳεὶηο
899 4794 992 4875 his
1010 4792 1203 4875 verbis
1230 4811 1242 4848 :
1273 4816 1299 4842 ‹‹
1320 4794 1485 4875 Anno
1516 4792 1831 4875 Qo‘min‘icm

175 4863 601 4922 incarnationis
630 4863 772 4933 8711;
791 4883 889 4922 rex
912 4866 1053 4921 dum
1085 4865 1203 4921 illis
1234 4863 1498 4936 partibus
1531 4864 1611 4935 (id
1653 4868 1742 4920 est
1772 4864 1832 4918 in

178 4937 358 5007 Italia)
382 4956 499 5011 pro
514 4937 856 5009 bujusmodi
890 4937 1121 5009 negotio
1151 4953 1376 5011 moram
1411 4936 1832 5011 faceret,Saxo-

175 5026 273 5081 nes
303 5006 619 5065 occasione
658 5012 914 5081 accepta,
948 5006 1287 5081 postpositis
1337 5006 1742 5074 sacramentis,
1772 5006 1833 5081 in

176 5080 393 5137 finibus
428 5078 1104 5151 Francorum—impetum
1127 5079 1416 5151 fecerunt,
1450 5081 1507 5133 et
1546 5095 1731 5150 usque
1762 5078 1835 5134 ad

177 5156 438 5231 castrum
465 5151 620 5231 quod
645 5149 984 5231 nominatur
1004 5149 1331 5231 Buriaburg
1346 5149 1660 5231 venerunti
1684 5166 1837 5231 quo.-

176 5239 304 5277 rum
337 5220 664 5278 adventum
696 5221 897 5277 incolae
929 5220 1036 5277 loci
1067 5220 1731 5293 persentientes,injam
1755 5221 1839 5275 di-

176 5296 327 5349 ctam
349 5293 747 5349 munitionem
771 5309 832 5348 se
856 5291 1216 5365 receperunt.
1234 5291 1417 5365 Igitur
1442 5307 1575 5348 cum
1599 5294 1839 5365 praefata

175 5380 319 5437 gens
348 5364 602 5420 saeviens
625 5365 895 5435 coepisset
919 5362 1242 5437 forinsecus
1267 5362 1838 5437 :villarumgaediﬁcia

175 5434 578 5506 concremare,
610 5434 909 5506 venierunt
944 5435 1017 5506 ad
1066 5435 1382 5506 quamdam
1440 5434 1741 5489 basilicam
1775 5434 1835 5488 in

175 5504 440 5586 loco-qui.
475 5506 690 5586 dicitur
727 5505 1057 5572 Friedislar,
1084 5504 1269 5586 quam
1300 5509 1513 5560 sancta:
1544 5506 1837 5586 memoria:

176 5575 522 5650 Beniiacius
546 5575 1173 5650 martyriconsccravit,
1204 5580 1379 5646 atque
1411 5593 1511 5650 per
1542 5575 1839 5650 propheti-

176 5664 313 5704 cum
338 5648 623 5720 spiritum
642 5646 908 5720 pr'azdixit
929 5649 1083 5720 quod
1108 5646 1695 5720 nunquamiucendio
1714 5664 1838 5720 crc-

176 5717 474 5777 maretur.
492 5717 799 5793 Coeperunt
818 5717 1013 5776 autem
1036 5719 1258 5791 praefati
1291 5718 1547 5773 Saxones
1568 5717 1727 5772 omni
1750 5718 1841 5772 in-

1919 614 2096 671 iidem
2154 620 2613 689 asportaverant,
2646 617 2704 673 in
2754 617 2892 676 villa
2949 620 3235 689 Gesmari,
3271 637 3397 695 qua;
3449 638 3567 678 non

1919 704 2089 779 longe
2119 705 2301 774 abest,
2335 710 2571 778 repertae
2598 711 2737 763 sunt
2766 707 3022 782 integrae.

2559 840 2752 897 CAPIT.
2784 842 2923 898 XXI.

2306 933 2387 985 De
2421 930 2725 1001 ine/fectiva
2748 933 2995 1003 potentia
3021 935 3187 1002 ignis.

1990 1025 2105 1080 Nec
2135 1024 2282 1081 illud
2313 1027 2839 1101 transierim,quod
2871 1029 3165 1103 saepedicti
3187 1035 3440 1088 Saxones
3471 1032 3570 1089 ad-

1919 1112 2105 1169 hibito
2153 1113 2274 1187 igni
2322 1120 2378 1170 et
2428 1115 2736 1189 multiplici
2787 1118 3004 1185 fomite,
3037 1119 3226 1175 amica
3273 1137 3414 1176 sane
3444 1120 3566 1193 igni

1920 1203 2166 1259 materia
2194 1204 2531 1276 frequenter
2560 1205 2911 1262 inculcatam
2934 1208 3172 1264 domum
3194 1208 3355 1265 illius
3384 1208 3566 1265 eccle-

1918 1290 2017 1347 siae
2066 1292 2405 1348 comburere
2455 1295 2644 1349 conati
2694 1298 2861 1364 sunt;
2896 1297 2997 1352 sed
3044 1297 3370 1353 interventu
3410 1297 3569 1354 beati

1918 1379 2275 1453 Wigberchti
2334 1381 2540 1438 delusa
2584 1386 2673 1439 est
2714 1383 2947 1440 illorum
2980 1385 3229 1442 insania.
3262 1386 3566 1459 Siquidem

1917 1472 2149 1525 tantum
2184 1470 2374 1526 abfuit
2402 1471 2641 1527 effectus
2673 1473 2744 1529 ab
2773 1490 2975 1529 eorum
3006 1473 3306 1531 molitione
3328 1478 3394 1531 ut
3421 1492 3567 1549 prea-

1918 1562 2006 1613 ter
2034 1557 2095 1614 in
2128 1561 2392 1631 subjecta
2418 1561 2675 1617 fomenta
2698 1561 2779 1617 nil
2808 1562 2962 1636 ignis
2991 1562 3089 1619 ille
3118 1562 3365 1620 valuerit
3390 1580 3566 1637 quem

1918 1648 2118 1704 furens
2150 1664 2362 1705 manus
2393 1646 2740 1707 adhibuerat
2769 1652 3174 1708 barbarorum.
3205 1651 3445 1709 Videres
3495 1652 3567 1708 li-

1918 1752 2170 1809 gnorum
2201 1737 2531 1811 simplicem
2565 1739 3005 1809 materiam,nec
3035 1758 3277 1814 prorsus
3308 1739 3567 1798 alumine

1918 1824 2181 1894 oblitam,
2212 1824 2370 1883 velut
2397 1827 2626 1884 amoliri
2654 1846 2689 1884 a
2718 1846 2780 1885 se
2811 1829 2964 1903 ignis
2995 1830 3337 1903 potentiam,
3372 1833 3429 1886 et
3473 1828 3567 1887 cui

1835 1898 1884 1964 B
1912 1914 2077 1986 prius
2128 1920 2283 1972 esset
2327 1916 2577 1973 obnoxia
2626 1919 2723 1974 Dei
2772 1898 3071 1975 voluntate
3100 1919 3217 1975 vim
3259 1898 3567 1977 resistendi

1917 2002 2164 2061 inditam
2198 2005 2310 2062 sibi
2341 2010 2633 2064 ostentare
2663 2008 3037 2065 mirantibus.

2444 2122 2593 2178 307
2637 2124 2828 2179 CAPIT.
2869 2122 3038 2179 XXII.

2027 2208 2174 2278 Quod
2203 2209 2426 2267 ecclesia
2452 2212 2572 2283 ipsa
2601 2211 2774 2338 nullus
2801 2212 3150 2339 aquatoribus
3176 2213 3451 2269 maculari

2617 2299 2687 2337 va
2711 2299 2831 2339 ueri
2859 2325 2871 2339 .

2617 2299 2871 2339 valuerit.

1991 2370 2286 2426 Saxonum
2318 2374 2453 2444 post
2481 2370 2810 2447 discessum
2841 2390 2977 2446 pars
3006 2373 3164 2430 haud
3195 2373 3404 2447 exigua
3422 2373 3567 2431 Has-

1919 2475 2132 2515 sonum
2172 2459 2487 2531 (Hassones
2541 2460 2758 2534 quippe
2817 2461 3094 2518 dicuntur
3147 2463 3246 2535 qui
3304 2461 3569 2520 incolunt

1917 2546 2114 2620 ipsum
2138 2549 2741 2622 pagum)mundatum
2769 2549 3074 2606 ecclesiam
3098 2566 3569 2619 convenere,sor-

1919 2637 2056 2692 dere
2074 2634 2236 2692 illam
2256 2654 2433 2710 quam
2453 2637 2797 2710 gravissime
2814 2638 3393 2712 ferentes,propterea
3413 2638 3568 2712 quod

1920 2725 2178 2781 Saxones
2209 2742 2493 2798 equorum
2527 2726 2585 2781 in
2616 2744 2684 2783 ea
2713 2728 2994 2805 praesepia
3023 2727 3569 2801 fecerant,nihilque

1920 2813 2188 2887 religioni
2209 2815 2558 2870 detulerant.
2574 2819 2789 2871 Verum
2806 2816 3148 2890 introgressi
3166 2816 3312 2872 nihil
3334 2817 3568 2889 penitus

1922 2903 2077 2975 quod
2110 2907 2263 2958 esset
2291 2904 2609 2958 verendum
2640 2903 2961 2960 inveniunt.
2990 2906 3077 2960 Ita
3104 2905 3368 2961 sordium
3389 2921 3568 2977 squa-

1918 2989 2110 3046 lorum
2133 2991 2331 3045 divina
2356 2990 2543 3047 virtus
2567 2992 2904 3048 deterserat.
2930 2991 3102 3049 Nulla
3129 3010 3379 3066 usquam
3401 2992 3571 3049 vesti-

1921 3078 2017 3152 gia
2046 3078 2435 3135 immunditiis
2464 3080 2644 3137 totius
2674 3082 3027 3137 resederunt.

2542 3214 2731 3271 CAPIT.
2771 3215 2964 3271 XXIII.

2000 3322 2125 3376 llaec
2157 3320 2493 3393 obtigerunt
2523 3321 2678 3377 circa
2707 3320 3013 3378 ecclesiam
3047 3324 3181 3379 ante
3230 3338 3407 3395 quam
3447 3338 3573 3378 mo-

1927 3413 2275 3464 numentum
2308 3408 2467 3465 illius
2498 3409 2597 3464 diu
2629 3410 2919 3466 mansisse
2948 3410 3428 3467 monstravimus.
3462 3412 3574 3467 Cse-

1927 3502 2118 3554 terum
2150 3502 2461 3570 postquam
2496 3500 2553 3553 in
2578 3498 2858 3573 oppidum
2880 3516 3013 3556 ossa
3040 3499 3198 3555 illius
3217 3499 3577 3572 transposita

1929 3590 2086 3653 sunt,
2119 3591 2185 3641 ut
2237 3592 2603 3659 ungueutum
2652 3586 3168 3660 pretiosissimum,
3201 3588 3437 3660 quando
3484 3589 3576 3643 est

1929 3674 2236 3749 agitatum,
2267 3675 2635 3748 gratissimos
2665 3675 2779 3731 late
2825 3676 3050 3750 spargit
3094 3677 3322 3746 odores,
3355 3676 3439 3733 ita
3463 3673 3575 3732 viri

1928 3763 2110 3835 hujus
2140 3768 2309 3819 motae
2340 3763 2599 3837 reliquiae
2640 3764 2893 3821 ubertim
2924 3763 3343 3821 miraculorum
3384 3765 3574 3838 spira-

1928 3869 2060 3908 vere
2091 3852 2491 3925 fragrantiam.
2516 3853 2758 3925 Aperuit
2778 3854 3059 3910 nimirum
3087 3871 3260 3910 verus
3289 3852 3507 3910 arbiter
3521 3857 3580 3909 et

1930 3940 2197 4011 intimus,
2231 3940 2515 3997 labefacta
2545 3943 2665 4014 jam
2702 3942 2965 3999 humana
3012 3943 3341 3999 conditione
3390 3959 3579 3999 mem-

1931 4029 2172 4084 brorum
2205 4045 2504 4102 compage,
2537 4029 2632 4085 cui
2664 4032 2960 4102 quondam
3005 4031 3126 4087 haec
3172 4047 3379 4104 regens
3425 4029 3581 4086 beati

1932 4117 2318 4191 Wigberchtii
2359 4118 2620 4189 paruerit
2666 4117 2930 4190 spiritus,
2956 4118 3231 4191 dignatus
3282 4135 3418 4174 eum
3470 4119 3585 4174 frc-

1934 4210 2180 4278 quenter
2210 4206 2369 4262 intra
2395 4206 2641 4261 biduum
2674 4206 3006 4263 triduumve
3035 4206 3343 4264 collatione
3380 4222 3587 4264 novem

1937 4293 2263 4366 signorum.

1938 4435 2196 4493 tentione
2226 4438 2445 4491 certare
2477 4435 2756 4491 adversus
2777 4435 3042 4490 eamdem
3066 4431 3369 4506 basilicam
3392 4449 3594 4506 quem-

1939 4507 2257 4562 admodum
2284 4522 2433 4579 ream
2483 4523 2586 4578 per
2633 4506 2934 4579 quodlibet
2972 4505 3271 4579 ingenium
3303 4504 3437 4578 igne
3467 4521 3590 4562 cre-

1942 4595 2103 4634 mare
2135 4577 2498 4650 potuissent.’
2514 4579 2584 4632 Et
2615 4577 2757 4633 dum
2808 4577 2930 4633 haec
2977 4577 3237 4660 agerent,
3268 4592 3591 4703 apparuere

1943 4650 2298 4703 Quibusdam
2329 4649 2679 4703 Christiunis
2708 4649 2809 4703 aui
2840 4654 3006 4703 erant
3033 4666 3094 4703 In
3125 4648 3301 4703 castel
3329 4665 3383 4703 o.
3407 4648 3587 4703 simul

3251 4648 3383 4713 e116,
3407 4648 3587 4713 simul

1985 4721 2298 4777 uibusdam
2328 4720 2575 4793 paganis
2606 4721 2705 4791 qui
2751 4720 2814 4793 in
2863 4720 3067 4793 eodem
3115 4724 3282 4793 erant
3311 4724 3585 4793 exercitu,

1985 4738 2298 4777 umusoam
2328 4738 2575 4793 paganis
2606 4738 2705 4791 qui
2756 4738 2814 4773 in
2863 4738 3067 4775 eouem
3115 4738 3282 4774 erant
3311 4738 3585 4788 exercItu,

1941 4738 2057 4848 auo
2084 4794 2325 4862 juvenes
2356 4792 2414 4846 in
2445 4791 2594 4846 albis
2620 4790 3002 4858 vestimentis,
3035 4790 3135 4863 qui
3167 4792 3356 4863 ipsam
3389 4789 3590 4847 basili-

1942 4881 2072 4946 cam
2103 4865 2174 4918 ab
2206 4863 2342 4944 igne
2371 4863 2782 4946 protegebant;
2817 4866 2875 4917 et
2905 4869 3208 4946 propterea
3236 4878 3352 4917 non
3382 4867 3592 4934 potue—

1943 4939 2082 4990 runt
2111 4932 2298 5005 neque
2329 4932 2812 5006 interius__neque
2858 4932 3113 5006 exterius
3158 4933 3355 5006 ignem
3385 4932 3589 4990 accen-

1943 5007 2107 5078 dere.
2132 5003 2358 5078 Interea
2386 5008 2533 5059 nutu
2565 5003 2758 5078 divino
2787 5005 3112 5076 majestatis
3136 5003 3348 5077 pavore
3377 5010 3593 5078 perter-

1946 5076 2061 5159 riti,
2095 5076 2155 5159 in
2193 5076 2394 5159 fugam
2425 5075 2686 5159 conversi
2707 5075 3156 5159 ‘sunt,'nemine_
3180 5075 3591 5159 persequente.

1944 5149 2220 5204 Inventus
2249 5151 2338 5203 est
2367 5150 2563 5206 autem
2595 5151 2796 5219 postea
2826 5165 2981 5204 unus
3029 5165 3098 5204 ex
3144 5149 3365 5204 eisdem
3411 5149 3592 5219 Saxo-

1946 5220 2120 5275 nibus
2148 5222 2417 5292 mortuus
2439 5218 2613 5289 juxta
2638 5221 2840 5292 ipsam
2859 5219 3185 5289 basilicam,
3220 5219 3382 5275 ﬂexis
3426 5218 3589 5292 geni-

1946 5292 2075 5364 bus,
2113 5290 2349 5364 acc_l_ivis
2380 5289 2797 5364 suprape—des,
2830 5291 3052 5347 habens
3094 5292 3298 5364 ignem
3343 5289 3597 5364 et__ligna

1947 5362 2007 5416 in
2064 5361 2340 5415 manibus
2394 5358 2473 5417 et'
2496 5358 2653 5435 velut
2692 5380 2789 5435 ore
2834 5364 3000 5419 flaret
3048 5358 3237 5435 ipsam
3287 5358 3591 5435 basilicam

1948 5448 2226 5488 cremare.
2290 5454 2318 5481 »
2380 5434 2659 5489 Eamdem
2719 5433 3022 5490 historiam
3070 5432 3328 5487 narrant
3391 5432 3598 5483 auctor

1948 5502 2308 5583 Yitmﬁaroli
2344 5504 2561 5583 Magni,
2594 5511 2797 5583 auctor
2824 5504 3133 5583 Annalium
3185 5499 3593 5583 ﬁuldensium.

1948 5573 2320 5646 Eginhardus
2371 5570 2822 5631 in'Annalibus.
2860 5575 3154 5631 Marianus
3208 5573 3431 5646 Scotus,
3457 5570 3594 5646 _alii.

1948 5640 2253 5726 Ejusvero
2285 5647 2491 5725 paucis
2517 5648 2787 5726 meminit
2816 5646 3160 5701 Lambertus
3199 5640 3599 5700 Schafnabur-

1950 5733 2167 5788 genSIs.
