3956 6160
432 330 553 397 6ῧὸ
576 340 587 344 “

1419 337 1490 398 Β.
1539 336 1601 398 S.
1647 334 1827 400 LUPl
1874 330 2208 396 ABBATIS
2249 332 2851 398 FERRARIENSIS.

3654 340 3753 403 696

433 483 592 537 mus,
625 466 778 527 sicut
806 471 865 525 et
893 467 1092 526 illi.Et;
1128 466 1258 526 ideo
1307 466 1599 541 siquidem
1629 466 1945 524 altithrono
1970 466 2085 522 Deo
2117 465 2179 533 Α
2198 482 2354 522 nunc
2385 466 2579 539 specie
2604 466 2867 540 gerimus
2895 482 3092 523 rerum
3119 465 3347 524 veritate
3373 466 3760 541 capiamualiec

435 561 669 617 nostras
692 556 1032 631 impollutas
1059 556 1349 630 imagines
1372 558 1612 614 reddere
1630 554 2115 631 debemus,sicut/

436 646 575 709 alibi
607 646 784 725 dicit:
820 646 1017 719 Imago
1049 644 1290 703 Caesaris
1320 647 1602 702 reddatur
1630 646 1861 714 Caesari,
1897 647 2091 717 imago

441 735 540 803 Dei
570 736 847 793 reddatur
877 736 997 793 Deo‘
1014 735 1227 809 (Matth.
1258 753 1435 792 xxxn.
1471 740 1648 793 Marc.
1681 753 1781 802 xu,
1814 738 1940 791 Luc.
1972 734 2087 807 xx).

439 825 501 897 Si
530 841 637 883 nos
662 824 725 880 in
743 824 1177 897 comparatione
1196 822 1434 880 illorum
1456 823 1812 881 lutulentum
1835 840 1938 897 pro
1962 841 2094 880 san-

441 912 638 970 ctitate
668 911 955 971 habemus
984 912 1185 981 vitam,
1216 916 1413 979 tamen
1475 914 1689 986 quippe
1736 914 1797 969 in
1827 913 2095 985 despera-

440 1000 680 1073 tionem,
714 1017 842 1074 quas
872 999 1199 1073 periculosa
1237 1005 1344 1069 est,
1380 1002 1586 1058 cadere
1639 1000 1869 1058 Domini
1905 1001 2094 1057 admi-

443 1082 639 1146 niculo
670 1107 785 1145 non
818 1089 1120 1158 debemus,
1154 1089 1294 1162 quia
1320 1093 1595 1148 universae
1624 1093 1731 1148 viae
1748 1092 1969 1148 Domini
1996 1092 2096 1146 mi-

441 1178 743 1235 sericordia
767 1185 819 1234 et
855 1180 1057 1234 veritas
1097 1179 1267 1249 (Psal.
1298 1178 1449 1251 XXIV)
1484 1195 1591 1235 suo
1641 1180 1756 1237 fine
1806 1179 2094 1237 distinctae

446 1266 843 1324 sunt.Etenim
873 1267 1295 1340 omnipotentis
1316 1266 1571 1341 benigna
1592 1273 1765 1340 atque
1784 1267 2097 1324 inell'abilis

444 1356 716 1412 voluntas
747 1354 829 1411 nil
847 1354 1127 1411 discernit
1146 1354 1261 1412 nisi
1279 1355 1422 1412 illud
1446 1357 1600 1428 quod
1617 1357 1950 1434 justissima
1968 1374 2101 1433 con-

445 1444 622 1501 venit.
637 1444 818 1501 Nemo
845 1460 981 1500 vero
1011 1445 1081 1500 de
1113 1462 1292 1518 supra
1322 1445 1661 1502 memoratis
1710 1445 1928 1502 sanctis
1976 1450 2099 1502 tam

446 1535 654 1591 doctus
685 1534 1077 1606 [leg.sanctus]
1111 1533 1221 1590 fuit
1251 1534 1351 1606 qui
1374 1551 1612 1591 summa
1631 1552 1747 1592 non
1778 1535 2099 1609 iudignerit

446 1622 866 1681 misericordia.
916 1622 1042 1678 Non
1097 1622 1255 1679 enim
1310 1624 1399 1696 ita
1440 1622 1549 1679 ulli.
1585 1623 1917 1681 divinorum
1946 1624 2137 1693 816,

448 1713 737 1769 bonorum
751 1711 1051 1768 sufﬁciunt
1062 1716 1377 1785 augmenta
1398 1716 1462 1767 ut
1478 1729 1593 1768 non
1607 1730 1839 1786 semper
1848 1712 2101 1785 amplius

2198 572 2332 611 vero
2362 553 2613 611 strictim
2644 556 3009 629 breviterque
3039 555 3355 630 attigimus.
3381 560 3627 615 Caeterum
3650 561 3763 632 quid

2203 643 2452 709 felicius,
2487 644 2696 716 quidve
2724 645 3044 712 saiubrius,
3092 663 3268 718 quam
3313 646 3511 703 servire
3551 652 3663 717 Deo,
3686 650 3763 721 qui

2201 733 2491 789 mundum
2525 734 2704 789 tantis
2732 733 3147 806 gubernaculis
3170 735 3335 808 regit,
3366 740 3425 792 et
3444 752 3603 792 omnes
3631 737 3769 792 homi-

2200 838 2294 879 nes
2318 823 2436 878 vult
2463 824 2637 879 salvos
2666 823 2789 893 ﬁeri
2816 830 2867 879 et
2896 824 2967 879 ad
3005 825 3339 894 agnitionem
3386 826 3604 881 veritatis
3627 828 3770 881 venire

2204 910 2250 980 (Ι
2283 912 2417 966 Tim.
2451 913 2548 978 n):
2584 914 2874 983 quatenus
2915 929 3077 979 sane,
3109 929 3243 968 cum
3284 911 3550 985 generalis
3574 914 3773 969 advene-

2203 998 2279 1054 rit
2308 998 2452 1068 dies,
2486 1016 2688 1056 omnes
2719 999 2833 1055 laeti
2865 1018 2969 1073 pro
3000 1001 3170 1057 bonis
3200 1001 3480 1074 operibus,
3507 1004 3557 1057 et
3582 1002 3667 1057 Dei
3685 1003 3775 1066 suf-

2202 1088 2385 1161 fragio
2442 1089 2707 1161 protecti,
2759 1093 3035 1146 aeternam
3089 1090 3495 1146 beatitudinem
3548 1106 3651 1146 una
3672 1106 3774 1146 cum

2204 1176 2425 1235 sanctis
2454 1177 2580 1234 suis
2611 1178 2871 1252 accipere
2902 1196 3249 1236 mereamur.

2826 1320 3131 1377 HOMILIA
3169 1321 3240 1377 ΙΙ.

2278 1442 2481 1497 Restat
2508 1441 2687 1516 igitur
2715 1443 2908 1500 adhuc
2958 1443 3180 1517 aliquid
3222 1445 3293 1500 de
3322 1447 3510 1500 sancto
3538 1442 3781 1517 Wigberto

2207 1531 2365 1587 brevi
2396 1548 2664 1589 sermone
2694 1549 2932 1589 narrare
2956 1534 3075 1606 ;qui
3107 1534 3290 1591 tantis
3312 1534 3371 1589 in
3395 1532 3497 1589 hoc
3518 1532 3785 1588 mundobe-

2208 1619 2432 1676 neﬁciis
2461 1621 2853 1694 omnibusque
2882 1621 3248 1678 Christicolis
3295 1621 3513 1687 claruit,
3542 1625 3601 1675 ut
3626 1620 3783 1675 merito

2209 1712 2367 1765 totus
2391 1709 2758 1766 Christianus
2789 1709 3041 1783 populus
3099 1728 3335 1767 summa
3387 1710 3714 1766 veneratione
3735 1709 3785 1763 de

451 1800 705 1874 supersit
734 1800 888 1873 quod
920 1817 1086 1856 mens
1109 1804 1336 1856 armata
1365 1800 1578 1857 divinis
1608 1802 1905 1876 suffragiis
1924 1806 1981 1857 et
2011 1800 2101 1856 in-
2133 1836 2180 1902 Β
2211 1797 2580 1854 solemnitate
2627 1797 2785 1855 illius
2817 1800 3108 1872 gaudeat;
3144 1799 3394 1855 maxime
3442 1814 3667 1871 namque
3690 1814 3783 1852 nos.

449 1888 834 1963 telligendum
873 1888 1162 1949 desideret
1210 1893 1267 1945 et
1319 1890 1664 1963 gerendum.
1713 1891 2103 1956 Quamobrem

451 1994 625 2059 nemo
640 1978 713 2035 de
732 1976 1530 2051 magnitudineiniquitatum
1556 1996 1800 2036 suarum
1813 1980 2105 2052 desperet,

451 2066 602 2125 sicut
631 2064 770 2131 alibi
791 2064 968 2122 dicit:
1003 2066 1140 2123 Nolo
1185 2073 1410 2124 mortem
1453 2067 1869 2139 peeeatoris,sed
1898 2076 1960 2123 ut
1976 2084 2104 2124 con-

451 2163 713 2224 vertatur,
747 2162 800 2213 et
841 2156 989 2213 vivat
1020 2155 1233 2226 (Bacch.
1283 2155 1503 2227 χχχιιι).
1548 2157 1659 2214 Sed
1689 2161 1887 2213 tamen
1942 2154 2105 2212 vide-

450 2243 589 2303 licet
600 2242 977 2305 acceleranda
997 2247 1085 2299 est
1099 2243 1393 2301 medicina
1402 2244 1798 2302 conversionis
1810 2245 1881 2302 ad
1896 2245 2077 2302 Deum
2087 2285 2102 2310 ,

455 2349 529 2391 ne
557 2336 794 2404 tempus
823 2331 1196 2389 correctionis
1225 2336 1403 2405 atque
1433 2334 1862 2390 emendationis
1909 2337 2108 2407 pereat

455 2420 729 2485 tarditate
757 2423 932 2492 atque
981 2419 1359 2492 negligentia,
1393 2421 1533 2493 quia
1578 2422 1798 2478 nemini
1838 2428 2107 2479 nostrum

457 2508 671 2573 ultima
698 2508 826 2573 dies
857 2511 995 2563 nota
1023 2508 1389 2580 est.Ideoque
1409 2509 1677 2566 veridicis
1697 2509 1857 2567 Pauli
1879 2515 2109 2568 senten-

456 2597 558 2659 tiis
589 2613 761 2665 aures
783 2594 975 2653 cordis
1026 2597 1559 2666 accommodemus,
1593 2597 1692 2653 ubi
1735 2598 1910 2654 dicit:
1947 2599 2109 2671 Abji—

457 2689 669 2754 ciamus
698 2701 834 2758 jergo
880 2700 1045 2758 opera
1081 2684 1451 2750 tenebrarum,
1510 2695 1562 2743 et
1617 2687 1922 2744 induamur
1952 2705 2111 2745 arma

460 2777 623 2843 lueis.
651 2774 803 2843 Sient
848 2776 908 2830 in
955 2774 1045 2830 die
1100 2773 1318 2831 honeste
1371 2774 1712 2835 ambulemus
1744 2776 1915 2848 (Rom.
1963 2778 2106 2848 xm).

460 2864 633 2927 Nulla
660 2863 817 2923 enim
849 2863 1080 2921 Domini
1113 2862 1297 2920 nostri
1327 2864 1465 2921 Jesu
1499 2864 1712 2922 Christi
1735 2882 1911 2938 opera
1940 2866 2111 2923 mise-

456 2952 713 3019 ricordia
738 2956 965 3020 vacant,
999 2952 1235 3024 quando
1260 2952 1485 3010 homini
1507 2957 1565 3011 et
1594 2953 1961 3028 indulgentia
1980 2971 2113 3012 con-

460 3041 603 3103 sulit
626 3046 686 3099 et
713 3041 1094 3115 castigatione
1119 3044 1198 3110 ;et
1217 3041 1672 3100 misericorditer
1689 3043 1950 3117 providet
1969 3048 2113 3101 tem-

460 3130 721 3206 poralem
750 3130 1173 3198 austeritatem,
1205 3147 1278 3186 ne
1307 3137 1581 3189 aeternam
1603 3133 1766 3204 juste
1794 3133 2007 3190 inferat
2024 3133 2110 3190 ul-

458 3204 699 3287 tionem.
736 3218 807 3279 Et
836 3218 964 3283 ideo
994 3234 1164 3283 nemo
1193 3218 1252 3273 in
1274 3218 1453 3292 hujus
1484 3219 1611 3277 vitae
1640 3219 1846 3276 itinere
1868 3225 2112 3294 torpeat,
2146 3204 2188 3270 (ἶ

2182 3338 2190 3343 -
2223 3308 2322 3372 dit,
2355 3323 2482 3379 quae
2506 3310 2850 3379 prwparavit
2891 3310 3033 3364 Deus
3077 3308 3443 3379 diligentibus
3477 3326 3533 3366 se
3557 3309 3601 3377 (I
3626 3308 3724 3364 Cor.
3747 3303 3808 3369 ιι).

463 3327 541 3371 ιιιιιΔ
562 3309 627 3371 in
652 3307 842 3383 patria
877 3307 1346 3387 amoenissimum
1394 3309 1598 3381 perdat
1643 3308 1862 3367 locum.
1895 3311 2115 3369 Idcirco

465 3398 782 3479 quipeum
813 3397 1018 3471 quaerit
1044 3398 1199 3455 bona
1226 3396 1543 3467 voluntate,
1579 3397 1638 3453 in
1683 3415 1799 3471 quo
1840 3403 1929 3456 est
1950 3417 2113 3457 sum-

465 3504 629 3551 murn
658 3487 947 3545 bonorum
976 3486 1242 3545 omnium
1275 3488 1485 3543 cuncta
1515 3486 1670 3543 intra
1711 3504 1774 3544 se
1802 3489 1958 3545 bona
1987 3506 2114 3562 per-

464 3577 732 3647 fectaque
757 3573 1237 3641 continens,nihil
1267 3573 1424 3631 aliud
1456 3573 1663 3646 quaerit
1682 3575 1795 3632 nisi
1817 3576 2118 3649 sempiter~

464 3681 606 3723 num
638 3664 697 3718 in
724 3662 869 3725 ,cmlo
891 3662 1195 3741 gaudium.
1219 3662 1560 3726 Quaeramus
1607 3680 1744 3736 ergo
1775 3664 2111 3734 Dominum,

461 3752 617 3813 sicut
644 3751 851 3830 beatus
879 3749 989 3811 iste
1014 3750 1115 3807 Dei
1146 3749 1407 3809 famulus
1455 3751 1610 3818 fecit,
1641 3756 1700 3807 et
1740 3758 1974 3827 propter
2004 3753 2115 3811 hoc

461 3855 659 3901 coram
688 3843 802 3901 Deo
822 3841 879 3894 et
897 3837 1239 3909 hominibus
1252 3841 2113 3907 coronatur.0uaeramusillum

462 3927 643 3990 armis
671 3943 809 3990 cum,
828 3925 1044 4000 quibus
1084 3942 1219 3982 eum
1268 3926 1526 3985 invenire
1572 3929 1891 4001 possimus,
1926 3931 2110 3988 Deum

460 4015 776 4096 diligendo,
827 4014 1276 4089 praximumque
1347 4017 1622 4087 amando,
1685 4018 2111 4093 eleemosynam

459 4103 980 4171 dando,ecclesiarr
1020 4101 1652 4163 assiduisorationibus
1668 4105 2111 4179 frequentando,

459 4192 759 4266 armisque
788 4206 1020 4265 semper
1066 4191 1370 4251 diabolicis
1421 4193 1667 4250 Domino
1697 4194 1951 4251 donante
1971 4195 2114 4251 resi-

460 4282 688 4351 stendo,
722 4280 862 4354 quia
888 4280 1066 4338 etiam
1106 4296 1209 4353 per
1237 4280 1427 4339 varios
1457 4298 1629 4339 casus
1681 4281 1945 4339 mortalis
1974 4283 2112 4351 vita,

460 4370 633 4446 quasi
664 4370 871 4435 mundi
920 4369 1128 4437 orbita,
1175 4368 1489 4426 concurrit.
1537 4371 1717 4429 Nemo
1740 4371 1800 4427 in
1856 4372 1966 4429 hac
1996 4372 2115 4430 vita

460 4460 679 4534 gaudia
706 4458 882 4516 habet
909 4456 1185 4517 caelestia.
1215 4458 1327 4514 Sed
1368 4458 1442 4514 ab
1490 4458 1655 4515 initio
1690 4460 1893 4516 mundi
1927 4478 2113 4534 usque

2210 1886 2382 1959 quiin
2405 1888 2750 1959 suum'apud
2776 1892 2961 1944 Deum
2981 1887 3377 1959 patrocinium
3394 1888 3485 1945 hic
3495 1891 3548 1944 et
3563 1887 3615 1943 in
3637 1887 3786 1945 futuro

2211 1975 2584 2032 conﬁdimus.
2619 1974 2924 2033 Credimus
2953 1978 3107 2034 818
3140 1976 3602 2050 siquidemillum
3627 1976 3679 2031 in
3694 1992 3794 2047 pra-

2213 2064 2401 2121 sentia
2428 2063 2657 2120 Domini
2691 2065 2875 2121 nostri
2904 2065 3043 2122 Jesu
3056 2066 3273 2122 Christi
3289 2066 3483 2123 omnia
3495 2081 3647 2139 posse
3664 2066 3797 2136 impe

2212 2157 2367 2209 trare
2378 2153 2449 2209 de
2461 2152 2676 2225 quibus
2692 2152 2861 2209 illum
2877 2154 2990 2226 piis
3013 2155 3356 2228 devotisque
3370 2156 3549 2228 poscit
3566 2153 3795 2226 precibus,

2213 2241 2355 2298 dum
2383 2244 2550 2297 tanta
2570 2240 2635 2297 in
2668 2241 2981 2314 praesentia
3012 2242 3214 2315 populi
3241 2242 3521 2299 miracula
3544 2242 3676 2298 sicut
3688 2254 3800 2311 saepe

2216 2329 2489 2398 audistis,
2524 2347 2628 2402 pro
2659 2332 2786 2401 ejus
2835 2330 3010 2388 laude
3060 2330 3409 2389 nobilitavit:
3459 2331 3661 2387 Videtis
3686 2343 3801 2401 ergo,

2216 2418 2422 2475 fratres
2452 2417 2807 2485 charissimi,
2827 2424 3050 2492 quanta
3079 2418 3346 2477 humano
3375 2420 3562 2495 generi
3578 2416 3805 2493 gloriaest

2216 2508 2401 2564 Deum
2423 2507 2630 2563 devota
2658 2512 2853 2564 mente
2878 2508 3175 2581 sequi,qui
3207 2526 3517 2583 nunquam
3539 2510 3591 2565 in
3621 2504 3805 2563 tribula-

2214 2595 2475 2652 tionibus
2506 2594 2855 2667 derelinquit
2882 2600 3184 2668 sperantes
3213 2597 3278 2653 in
3312 2614 3397 2666 se,
3418 2598 3516 2655 sed
3544 2612 3716 2654 omnes
3728 2593 3806 2651 scr

2216 2684 2354 2741 licet
2381 2685 2482 2757 qui
2503 2701 2606 2757 pro
2623 2701 2821 2741 amore
2852 2684 3011 2742 illius
3033 2687 3343 2744 ﬂorentem
3365 2686 3803 2760 despiciuntmun-

2217 2774 2357 2830 dum
2389 2772 2620 2830 aeternis
2652 2773 2711 2827 in
2744 2772 2887 2830 ccelo
2919 2775 3156 2847 gaudiis
3204 2775 3523 2833 honoriﬁce
3567 2772 3805 2835 sublimat,

2219 2862 2372 2920 sicut
2398 2862 2529 2935 ipsa
2554 2862 2783 2918 Veritas
2814 2866 3066 2920 testatur
3096 2864 3305 2923 dicens
3325 2882 3338 2921 :
3361 2866 3464 2934 Qui
3482 2872 3645 2920 autem
3667 2861 3810 2929 diligit

2217 2968 2322 3019 me,
2350 2952 2613 3021 diligetur
2660 2970 2695 3006 a
2730 2958 2897 3008 Patre
2928 2969 3069 3020 meo,
3100 2960 3154 3010 et
3207 2971 3308 3026 ego
3364 2955 3585 3024 diligam
3619 2968 3735 3013 eum,
3773 2954 3809 3002 et

2217 3043 2579 3113 manifestabo
2609 3042 2666 3096 ei
2693 3058 2779 3097 me
2810 3044 2993 3113 ipsum
3021 3043 3197 3115 (Joan.
3232 3047 3379 3113 xlv).
3403 3040 3604 3099 Paulus
3631 3052 3807 3113 quoque

2222 3129 2521 3203 apostolus
2551 3130 2621 3185 de
2652 3129 3035 3203 diligentibus
3068 3136 3254 3188 Deum
3305 3132 3483 3188 dixit:
3517 3130 3649 3200 Quod
3669 3126 3808 3184 oculus

2225 3235 2332 3275 non
2368 3219 2522 3287 vidit,
2555 3234 2653 3274 nec
2683 3220 2837 3275 auris
2866 3218 3201 3287 audiuit,nee
3233 3223 3298 3278 iu
3326 3237 3419 3279 eor.
3442 3221 3659 3277 hominis
3675 3229 3810 3272 ascen-

2223 3394 2362 3450 Erat
2391 3394 2607 3467 quippe
2640 3392 2727 3449 vir
2752 3394 2861 3451 iste
2893 3399 3136 3453 sanctus
3164 3396 3670 3472 Wigbertus,sicut
3690 3405 3813 3450 sacra

2225 3483 2383 3539 fama
2413 3486 2634 3548 narrat,
2667 3481 2827 3538 omni
2859 3483 3146 3556 dignitate
3205 3485 3543 3557 praeclarus,
3571 3483 3716 3541 corde
3738 3493 3812 3551 pro
3904 3504 3905 3557 ,

2224 3571 2325 3627 Dei
2359 3588 2556 3627 amore
2583 3571 2771 3639 lsetus,
2815 3572 3079 3629 moribus
3122 3589 3362 3648 semper
3416 3572 3750 3647 compositus,
3770 3566 3812 3621 in
3904 3574 3905 3613 ἒ

2224 3660 2383 3715 omni
2410 3677 2584 3732 opere
2616 3660 2711 3716 Dei
2746 3664 3043 3717 strenuus.
3076 3661 3217 3734 Ejus
3248 3680 3385 3720 vero
3415 3667 3623 3729 secreta
3639 3672 3813 3715 conver-
3904 3684 3905 3687 η

2223 3750 2370 3805 satio
2401 3748 2459 3804 in
2489 3748 2705 3822 vigiliis
2733 3752 2794 3806 et
2814 3748 3298 3817 orationibus,vel
3329 3752 3503 3809 etiam
3524 3750 3578 3806 in
3601 3743 3810 3823 jejuniiS.

2224 3836 2284 3893 in
2316 3836 2621 3894 sanctitate
2649 3837 2803 3904 vitm,
2838 3841 2895 3893 et
2927 3837 3233 3909 signorum
3268 3840 3597 3897 ostensione
3624 3830 3812 3903 intelllgi

2222 3925 2779 3983 datur.Charitatem
2813 3925 3109 3998 siquidem
3129 3928 3416 3987 assiduus
3434 3929 3592 3986 labor
3614 3920 3812 3983 ostendit

2222 4032 2398 4087 quem
2430 4014 2690 4088 quotidie
2710 4032 2812 4087 pro
2837 4015 3051 4073 Christi
3071 4017 3314 4074 nomine
3335 4016 3814 4083 sustinuit.Semper

2221 4104 2378 4161 enim
2408 4120 2613 4160 omnes
2625 4103 2751 4160 dies
2782 4104 2910 4159 vitae
2926 4120 3044 4159 sua:
3064 4104 3134 4163 .in
3159 4104 3360 4163 divino
3380 4098 3671 4179 proficiens
3685 4112 3813 4173 opere

2222 4193 2333 4249 fuit
2363 4192 2750 4265 omnipotenti
2782 4192 3057 4251 amabilis
3083 4211 3186 4265 pro
3215 4195 3450 4253 eximiis
3498 4186 3754 4267 operibus,
3774 4188 3814 4240 et

2222 4281 2381 4337 omni
2400 4281 2612 4354 populo
2636 4280 3051 4353 placabilis.Ab
3074 4282 3325 4341 infantia
3345 4284 3500 4341 enim
3518 4286 3705 4339 cuncta
3719 4289 3814 4349 qua

2222 4369 2436 4425 habere
2466 4369 2658 4442 potuit
2686 4370 2759 4425 ad
2794 4370 3028 4441 pietatis
3076 4387 3226 4444 opus
3287 4372 3572 4446 largiﬂuis
3598 4366 3815 4426 manibus

2220 4457 2445 4525 tribuit,
2479 4463 2546 4513 ut
2586 4457 2906 4524 Christum,
2958 4476 3062 4530 pro
3113 4460 3286 4518 nobis
3327 4462 3545 4517 factum
3598 4468 3811 4532 egenum.

461 4550 610 4613 ³17
641 4610 645 4614 _
673 4547 815 4605 huc
846 4545 1019 4602 multi
1074 4545 1451 4602 deviaverunt
1520 4563 1623 4618 per
1691 4547 2111 4623 ignorantiam,
2145 4568 2189 4632 Ι)
2222 4546 2544 4620 egensipse
2593 4552 2955 4617 sequeretur.
3002 4546 3146 4613 Quis
3183 4549 3345 4605 enim
3395 4553 3515 4605 tam
3570 4540 3813 4632 loquasin

459 4635 599 4709 quia
616 4635 774 4697 inter
801 4634 988 4693 multa
1022 4633 1363 4691 turbulenta
1392 4640 1450 4690 et
1479 4634 1708 4692 fallacia
1728 4637 1911 4693 Deum
1941 4654 2111 4695 nosse
2145 4628 2180 4632 —
2221 4635 2423 4710 lingua
2451 4640 2515 4690 ut
2545 4634 2887 4708 singillatim
2920 4636 3120 4692 omnia
3148 4637 3466 4704 mirabilia,
3479 4636 3560 4694 vel
3591 4628 3814 4691 beneﬁcia

432 4728 518 4781 .et
540 4740 742 4788 amare
767 4723 1005 4789 difﬁcile
1042 4727 1151 4781 est.
1206 4724 1446 4797 Propter
1484 4724 1593 4780 hoc
1645 4724 1927 4782 faciamus
1957 4727 2111 4784 sicut

460 4811 744 4886 propheta
770 4811 947 4873 dicit:
980 4815 1225 4883 Qumrite
1254 4814 1542 4871 Dominum
1584 4814 1717 4870 dum
1745 4815 1986 4872 inveniri
2009 4832 2105 4888 po-

459 4909 577 4968 test,
611 4902 852 4965 invocate
880 4917 1004 4957 cum
1029 4900 1160 4959 dum
1186 4918 1352 4975 prope
1385 4912 1482 4960 est.
1525 4904 1875 4978 Derelinquat
1906 4907 2109 4978 impius

459 4992 610 5048 viam
635 5007 812 5058 suam,
844 4998 895 5045 et
919 4990 1004 5045 vir
1033 4992 1256 5062 iniquus
1284 4994 1636 5061 cogitationes
1667 5009 1815 5061 suas,
1847 5002 1898 5050 et
1928 5012 2105 5051 rever-

460 5075 610 5135 tatur
660 5078 730 5133 ad
775 5079 1084 5157 Dominum,
1134 5087 1186 5135 et
1232 5081 1581 5137 miserebitur
1635 5083 1754 5153 ejus
1814 5083 1941 5154 (Isa.
1994 5083 2103 5155 ιν).

459 5165 710 5247 Ωιιωτᾷῐθ
738 5164 919 5238 igitur
944 5164 1165 5223 bonum
1196 5166 1321 5223 sine
1351 5169 1484 5237 fine,
1518 5174 1576 5226 et
1604 5171 1901 5243 persistite
1931 5172 1988 5228 in
2024 5189 2108 5229 re-

457 5246 789 5332 perto;quia
806 5268 1002 5310 veram
1025 5255 1200 5312 etiam
1222 5256 1642 5315 beatitudinem
1655 5259 1715 5315 in
1738 5277 1971 5319 summo
1990 5262 2105 5317 Deo

458 5347 634 5405 sitam
662 5360 792 5403 esse
821 5358 1058 5399 necesse
1077 5347 1187 5413 est,
1219 5345 1372 5416 quod
1406 5347 1722 5403 contradici
1754 5348 1915 5406 nullo
1933 5352 2105 5407 modo

460 5439 666 5509 potest.
700 5435 900 5513 Neque
922 5430 1085 5515 enim
1118 5432 1206 5487 fas
1237 5437 1329 5488 est
1359 5433 1579 5490 homini
1609 5443 1851 5495 cunctas
1898 5439 2104 5495 divinae

457 5523 813 5597 operationis
844 5521 1147 5580 machinas
1186 5521 1273 5577 vel
1327 5522 1560 5595 ingenio
1614 5528 2105 5598 comprehendere

458 5611 555 5667 vel"
573 5614 858 5686 explicare
871 5610 1373 5672 sermone.Veniet
1384 5615 1615 5685 tempus
1638 5618 1873 5685 quando
1894 5635 1960 5675 ea
1976 5636 2102 5691 qua:

2218 4742 2345 4797 quae
2379 4741 2479 4796 per
2505 4723 2675 4780 illum
2706 4724 2860 4781 Deus
2892 4729 3165 4796 operatur
3194 4726 3455 4783 assiduis
3482 4722 3815 4797 explieareva-

2216 4812 2333 4870 leat
2361 4815 2515 4875 819,
2540 4811 2731 4869 verbis
2754 4814 2782 4868 ‘?
2813 4813 2940 4868 Non
2971 4814 3128 4871 enim
3158 4815 3235 4872 de.
3278 4815 3536 4873 crastino
3581 4809 3809 4883 cogitari“.

2217 4905 2320 4961 sed
2351 4921 2581 4976 semper
2611 4903 2936 4960 secundum
2954 4903 3334 4977 Evangelium
3357 4905 3428 4960 de
3461 4897 3811 4960 Deiconﬁdens

2216 4993 2546 5057 clementia,
2580 5009 2785 5048 omnes
2815 4993 2886 5048 ad
2920 5010 2981 5048 se
3008 4993 3308 5049 venientes
3347 4992 3572 5049 aeternis
3591 4982 3812 5062 pascebat

2215 5079 2716 5140 ferculis.Nullum
2741 5081 2963 5137 scilicet
2992 5081 3050 5136 in
3070 5098 3179 5141 sua
3195 5081 3552 5155 despiciebat
3567 5071 3809 5150 augustia;

2215 5172 2316 5229 sed
2347 5186 2580 5244 semper
2610 5169 2803 5226 divino
2825 5175 3063 5227 maestos
3096 5170 3393 5228 reficiebat
3431 5161 3812 5231 solamine,fra-

2212 5266 2378 5317 terno
2409 5258 2686 5317 suffultus
2715 5275 2950 5327 amore;
3002 5260 3349 5331 cunctisque
3396 5260 3622 5332 propter
3665 5252 3810 5307 Deum

2211 5351 2488 5423 prodesse
2519 5348 2840 5421 satagebat.
2875 5346 3070 5405 Mente
3118 5348 3390 5405 videlicet
3438 5351 3495 5403 et
3521 5354 3734 5415 corpore
3756 5333 3809 5390 ad

2212 5437 2492 5497 sublimia
2519 5436 2989 5509 erectus,hospes
3012 5435 3491 5510 ctinopsmundo
3509 5431 3809 5496 fuit.Quam-

2211 5528 2297 5585 vis
2328 5543 2582 5598 namque
2610 5526 2857 5582 terrenis
2890 5526 3147 5583 nutritus
3177 5531 3334 5583 esset
3365 5525 3584 5588 usibus,
3600 5518 3720 5574 totis
3745 5517 3808 5567 ta-

2213 5633 2347 5674 men
2380 5630 2611 5687 semper
2637 5613 2862 5672 viribus
2882 5613 3141 5673 coelestia
3160 5604 3808 5679 tractabat.Quamobrem
