3956 6160
146 338 255 398 705

1632 338 2012 401 CAPITULA
2025 384 2038 398 .

3419 344 3537 406 706

147 471 213 526 ad
245 468 541 525 dexteram
572 468 785 536 Patris,
815 471 876 524 et
904 467 1042 541 quia
1090 471 1371 523 venturus
1418 467 1495 523 sit
1514 468 1781 539 judicare
1810 470 1865 538 Α
1895 470 2051 527 aliud
2086 476 2296 546 praeter
2312 473 2663 530 vestimenta
2689 474 3082 532 ecclesiastica
3103 480 3158 530 et
3177 491 3317 531 vasa
3337 480 3540 533 sancta

146 574 345 617 omnes
363 557 634 615 homines
656 561 893 630 propter
913 556 1122 613 merita
1150 556 1404 629 propria,
1427 560 1484 612 et
1504 558 1784 630 quoniam

146 664 343 704 omnes
360 645 577 702 mortui
595 646 654 701 in
668 662 807 702 vera
822 662 995 702 carne
1011 650 1336 718 resurgant,
1362 645 1527 719 impii
1552 652 1788 720 propter

146 735 358 794 scelera
380 752 489 791 sua
508 751 643 790 cum
665 733 895 791 diabolo
911 735 972 790 in
989 734 1183 807 ignem
1199 733 1466 789 mittendi
1480 738 1783 804 aeternum,

138 824 279 897 justi
308 840 445 880 vero
476 840 612 880 cum
640 823 867 879 Christo
888 827 1098 880 etcum
1129 822 1354 896 angelis
1379 823 1504 880 suis
1526 824 1583 879 in
1605 824 1786 880 vitam

143 912 515 972 consociandi
546 917 842 969 aeternam.

306 1139 396 1192 De
427 1135 645 1191 honore
672 1140 729 1191 et
758 1137 1188 1192 restauratione
1216 1134 1613 1193 ecclesiarum.

209 1225 361 1298 (Lib.
395 1242 413 1281 ι
445 1222 813 1296 Capitular.,
848 1241 972 1298 cap.
1006 1226 1097 1291 67,
1128 1229 1184 1281 et
1221 1224 1323 1281 lib.
1356 1244 1434 1293 v1,
1480 1243 1604 1298 cap.
1637 1226 1789 1294 377.)

146 1314 367 1371 Placuit
412 1313 582 1369 nobis
638 1314 952 1369 admonere
1010 1314 1217 1370 fratres
1259 1317 1315 1369 et
1346 1315 1789 1371 consacerdotes

146 1407 375 1461 nostros
398 1408 464 1459 ut
491 1401 734 1460 ecclesia
765 1402 867 1459 Dei
896 1420 1000 1475 per
1023 1402 1256 1459 illorum
1286 1402 1591 1476 parochias
1612 1419 1789 1458 suum

144 1493 353 1549 habeat
373 1492 674 1559 honorem,
691 1497 745 1547 et
765 1490 974 1548 altaria
994 1493 1319 1548 secundum
1343 1509 1512 1549 suam
1536 1492 1789 1565 dignita-

145 1589 254 1638 tem
270 1585 631 1638 venerentur
645 1585 702 1636 et
713 1584 1082 1645 exornentur,
1096 1582 1425 1654 domusque
1446 1581 1545 1637 Dei
1564 1585 1621 1637 et
1642 1580 1792 1636 alta-

146 1671 223 1727 ria
254 1674 491 1727 sacrata
518 1687 634 1726 non
666 1669 785 1725 sint
816 1670 1021 1726 avibus
1051 1674 1108 1726 et
1137 1669 1383 1726 canibus
1406 1670 1623 1743 pervia,
1647 1674 1703 1725 et
1727 1674 1793 1724 ut

148 1759 448 1817 saecularia
468 1759 700 1833 negotia
719 1762 775 1814 et
792 1758 1127 1832 vaniloquia
1150 1759 1205 1813 in
1220 1758 1480 1816 ecclesiis
1494 1776 1608 1815 non
1622 1776 1795 1831 agan-

148 1855 250 1917 tur,
274 1848 423 1921 quia
443 1849 655 1904 domus
674 1846 775 1904 Dei
796 1849 1008 1904 domus
1029 1847 1310 1904 orationis
1330 1848 1500 1904 debet
1522 1865 1791 1915 esse,non
1822 1848 1869 1912 B

149 1938 425 2010 spelunca
452 1937 747 1993 latronum
779 1936 986 2009 (Matth.
1018 1942 1155 2005 xxx),
1204 1941 1261 1993 et
1309 1954 1425 1993 non
1484 1938 1557 1993 ob
1615 1936 1791 1993 aliam

148 2044 385 2084 causam
418 2027 477 2081 in
506 2025 810 2082 ecclesiam
844 2024 1149 2082 convenire
1180 2027 1389 2082 debere
1421 2025 1533 2081 nisi
1563 2027 1633 2080 ad
1664 2025 1794 2080 lau-

145 2117 406 2172 dandum
423 2115 610 2171 Deum
641 2119 698 2171 et
716 2115 844 2187 ejus
866 2114 1166 2172 servitium
1190 2114 1539 2171 faciendum.
1557 2114 1795 2187 (Capitu-

149 2206 257 2261 lare
314 2203 613 2275 Theodulﬁ,
673 2220 801 2276 cap.
856 2206 967 2273 10.)
1025 2203 1485 2276 Disceptationes
1539 2221 1671 2259 vero
1739 2206 1796 2259 et

149 2293 441 2350 tumultus
472 2297 528 2349 et
555 2291 890 2366 vaniloquia
910 2293 1308 2349 etscurrilitas
1331 2297 1795 2364 caeteraequetur—

147 2399 242 2455 pes
262 2383 528 2439 actiones
550 2383 621 2438 ab
645 2382 847 2439 eodem
871 2386 1072 2438 sancto
1092 2381 1217 2438 loco
1234 2381 1467 2454 penitus
1480 2381 1793 2455 prohiben-

150 2471 216 2527 da
235 2475 401 2527 sunt.
427 2470 534 2526 Ubi
556 2471 713 2526 enim
735 2470 835 2527 Dei
854 2488 1068 2528 nomen
1092 2472 1413 2538 invocatur,
1439 2470 1793 2527 sacriﬁcium

148 2560 256 2616 Deo
277 2560 546 2625 offertur,
573 2558 912 2633 angelorum
933 2559 1468 2633 frequentiainesse
1493 2577 1607 2616 non
1630 2559 1796 2615 dubi-

148 2654 317 2716 tatur,
359 2647 754 2721 pcriculosum
784 2652 873 2705 est
901 2649 1016 2705 tale
1045 2648 1267 2722 aliquid
1298 2650 1489 2706 dicere
1518 2648 1604 2706 vei
1626 2666 1795 2723 agere

149 2740 294 2812 quod
329 2736 461 2793 loco
496 2754 609 2794 non
640 2738 927 2794 convenit.
969 2738 1026 2793 Si
1059 2738 1215 2794 enim
1247 2738 1533 2795 Dominus
1562 2738 1695 2795 illos
1724 2739 1796 2795 de

146 2828 366 2901 templo
395 2826 566 2899 ejecit
594 2826 693 2899 qui
723 2827 989 2882 victimas
1020 2844 1165 2899 quas
1196 2826 1276 2883 ibi
1305 2828 1625 2884 offerebant
1645 2845 1797 2884 eme-

147 2917 279 2972 bant
310 2920 375 2973 et
408 2916 735 2972 vendebant
766 2915 967 2989 (Matth.
997 2918 1137 2985 xxr),
1171 2920 1390 2988 quanto
1440 2916 1628 2989 magis
1661 2916 1797 2972 illos

146 3003 326 3061 iratus
357 3005 594 3076 abjiciet
624 3003 723 3076 qui
756 3002 1800 3076 mendaciis,vaniloquiis,risibus,et

147 3094 491 3167 hujusmodi
523 3093 695 3168 nugis
726 3093 917 3150 locum
957 3093 1153 3150 divino
1185 3093 1364 3149 cultui
1398 3094 1797 3166 mancipatum

149 3182 407 3239 fcedant?
421 3183 727 3238 Monemus
747 3184 926 3282 etiam
948 3187 1012 3238 ut
1035 3183 1340 3255 praedictas
1362 3181 1638 3282 ecclesias
1654 3183 1799 3240 bene
1829 3216 1871 3282 Ο

150 3277 496 3329 construant
515 3276 572 3328 et
592 3272 902 3327 emendent
915 3273 1085 3343 juxta
1108 3289 1302 3328 rerum
1324 3272 1796 3345 possibilitatem,

152 3359 542 3417 etluminaria
570 3360 654 3415 eis
684 3360 966 3430 tribuant,
982 3360 1133 3417 sicut
1153 3361 1339 3427 decet,
1364 3361 1501 3417 utin
1525 3362 1800 3417 omnibus

152 3449 573 3506 honoriﬁcetur
601 3449 775 3517 Deus,
810 3457 865 3506 et
893 3449 1150 3506 Ecclesia
1187 3455 1389 3506 sancta
1420 3450 1634 3507 Christi
1666 3469 1801 3507 san-

150 3539 321 3610 guine
358 3542 615 3594 mercata
642 3542 969 3607 veneretur,
1002 3538 1411 3612 magnificetur
1439 3543 1613 3612 atque
1644 3539 1800 3597 exal-

150 3631 299 3684 tetur
330 3627 486 3697 (Lib.
520 3644 560 3682 ιι
591 3628 925 3699 Capitular.,
958 3644 1083 3700 cap.
1116 3630 1193 3701 5).

796 3753 1026 3809 CAPUT
1064 3753 1160 3808 III.

152 3847 216 3900 Ut
237 3845 799 3916 missainequaquam
813 3840 969 3899 alibi
982 3843 1101 3916 nisi
1113 3842 1435 3916 inrecclesia
1450 3843 1797 3900 celebretur.

393 3915 460 3969 Et
484 3912 547 3969 ιὶι
581 3912 649 3969 iri
668 3912 934 3970 ecclesiis
962 3913 1231 3970 cellaria
1260 3932 1374 3970 non
1398 3918 1567 3984 ﬁam.

212 4030 590 4103 (Capitulare
608 4029 1202 4102 Theodulphi,cap.ll
1216 4032 1255 4097 .)
1269 4029 1580 4086 Missarum
1594 4031 1803 4087 solem-

150 4115 242 4171 nia
253 4133 639 4189 nequaquam
652 4116 791 4172 alibi
805 4116 916 4172 nisi
930 4116 991 4171 in
1007 4116 1251 4173 ecclesia
1271 4117 1618 4174 celebranda
1639 4124 1798 4187 sunt,

149 4221 261 4262 non
294 4206 361 4261 in
395 4204 757 4278 quibuslibet
785 4205 1059 4261 domibus
1089 4209 1146 4261 et
1173 4205 1231 4260 in
1258 4205 1471 4261 vilibus
1503 4206 1666 4276 locis,
1701 4209 1799 4264 sed

152 4293 207 4349 in
238 4293 372 4350 loco
420 4310 597 4366 quem
646 4294 886 4367 elegerit
939 4294 1245 4360 Dominus,
1271 4295 1440 4365 juxta
1469 4293 1613 4349 illud
1647 4296 1800 4369 quod

150 4382 439 4455 scriptum
452 4387 568 4439 est:
588 4384 740 4440 Vide
750 4399 821 4439 ne
841 4382 1058 4457 offeras
1080 4382 1424 4443 holocausta
1447 4389 1553 4440 tua
1566 4386 1629 4440 in
1643 4386 1806 4441 omni

154 4468 281 4527 loco
296 4489 473 4544 quem
489 4472 834 4541 videris,sed
853 4474 916 4528 in
932 4471 1059 4528 loco
1074 4488 1234 4546 quem
1247 4471 1495 4544 elegerit
1516 4477 1803 4531 Dominus

1892 566 1951 616 et
1966 561 2148 618 libros
2163 566 2220 618 et
2237 579 2305 619 ea
2318 580 2444 635 quae
2458 563 2664 621 honori
2677 569 3010 638 congruunt
3028 564 3117 619 vel
3141 582 3254 620 non
3278 565 3541 621 ofﬁciunt

1893 648 2286 708 ecclesiastico
2327 653 2710 719 recondatur;
2745 669 2818 708 ne
2848 652 2993 708 forte
3023 653 3071 708 si
3107 653 3220 709 alia
3236 652 3327 708 sibi
3361 670 3539 725 quam

1893 741 2121 809 oportet
2149 740 2384 812 negotia
2412 744 2809 809 exerceantur,
2842 758 2875 796 a
2906 741 3154 797 Domino
3187 741 3498 798 audiamus
3523 758 3537 796 :

1894 831 2108 883 Domus
2138 845 2271 885 mea
2298 829 2502 885 domus
2530 831 2764 885 oration
2775 832 2826 885 is
2855 831 3177 886 vocabitur.
3202 835 3316 886 Vos
3344 841 3542 887 autem

1892 915 2258 989 fecistiseam
2270 917 2609 989 speluncam
2630 917 2948 975 latronum.
2963 920 3255 975 Etiterum
3272 937 3284 974 :
3301 920 3543 995 Auferte

1894 1006 2014 1061 ista
2045 1005 2193 1074 hinc,
2208 1012 2262 1062 et
2277 1005 2460 1063 nolite
2472 1009 2677 1079 facere
2689 1008 2927 1065 domum
2944 1009 3144 1065 Patris
3173 1009 3286 1065 mei
3304 1010 3539 1065 domum

1892 1097 2339 1167 negotiationis.

2536 1186 2768 1243 CAPUT
2807 1186 2900 1241 1V.

1902 1277 1978 1329 Ut
2010 1275 2069 1329 in
2101 1273 2364 1331 ecclesiis
2390 1275 2999 1417 deincepmep’ulturm
3044 1283 3397 1333 mortuorum
3430 1293 3544 1334 non

2724 1365 2761 1403 η
2795 1390 2807 1403 .

2724 1354 2807 1403 nt.

1968 1451 2336 1524 (Capitulare
2392 1453 2722 1527 Theodulﬁ,
2774 1471 2899 1527 cap.
2930 1457 3011 1524 9.)
3041 1455 3332 1528 Antiquus
3361 1455 3418 1511 in
3451 1456 3544 1513 his

1898 1542 2233 1615 regionibus
2273 1545 2331 1599 in
2378 1545 2621 1601 ecclesia
2662 1544 3129 1618 sepeliendorum
3176 1551 3543 1604 mortuorum

1900 1647 2041 1687 usus
2065 1632 2256 1701 fuit,et
2273 1632 2617 1706 plerumque
2635 1633 2761 1690 loca
2782 1634 2977 1690 divino
3009 1634 3189 1690 cultui
3215 1637 3547 1709 mancipata

1899 1724 1954 1775 et
1971 1721 2040 1776 ad
2064 1722 2388 1778 offerendas
2412 1724 2527 1778 Deo
2548 1723 2771 1779 hostias
2789 1728 3113 1797 praeparata
3128 1724 3415 1781 cimiteria
3428 1724 3546 1782 sive

1900 1809 2239 1883 polyandria
2272 1802 2421 1867 facta
2447 1817 2603 1869 sunt.
2623 1813 2871 1885 (a)Unde
2892 1812 3163 1870 volumus
3178 1818 3243 1869 ut
3256 1814 3327 1871 ab
3358 1815 3468 1872 hac
3490 1832 3550 1872 re

1901 1897 2174 1972 deinceps
2198 1900 2580 1967 abstineatur,
2604 1905 2660 1957 et
2680 1918 2851 1959 nemo
2874 1902 2933 1957 in
2956 1901 3200 1959 ecclesia
3212 1902 3548 1976 sepeliatur,

1903 1986 2015 2041 nisi
2033 1988 2178 2044 forte
2208 1988 2341 2045 talis
2373 1990 2449 2045 sit
2478 2006 2727 2062 persona
2756 1990 3075 2046 sacerdotis
3106 1994 3208 2047 aut
3235 1991 3552 2063 cujuslibet

1893 2076 2041 2147 justi
2056 2076 2311 2133 hominis
2330 2078 2429 2151 qui
2446 2094 2549 2151 per
2565 2079 2693 2134 vitae
2710 2079 2984 2135 meritum
2997 2079 3173 2135 talem
3186 2080 3429 2136 vivendo
3443 2098 3549 2138 suo

1902 2165 2128 2237 corpori
2178 2167 2448 2223 defuncto
2506 2166 2697 2224 locum
2757 2167 3082 2240 acquisivit.
3117 2169 3372 2242 Corpora
3414 2186 3551 2225 vero

1903 2271 2030 2326 quae
2061 2255 2385 2327 antiquitus
2408 2256 2466 2311 in
2489 2256 2749 2313 ecclesiis
2771 2256 3000 2329 sepulta
3022 2261 3550 2332 suntnequaquam

1902 2343 2314 2414 projiciantur;
2338 2346 2441 2401 sed
2462 2344 2675 2402 tumuli
2698 2346 2798 2418 qui
2820 2348 3104 2419 apparent
3122 2345 3472 2418 profundius
3490 2346 3552 2401 in

1903 2434 2117 2487 terram
2150 2432 2481 2501 mittantur,
2501 2438 2557 2490 et
2570 2434 2902 2506 pavimento
2935 2434 3186 2507 desuper
3213 2433 3554 2504 facto,nullo

1905 2520 2266 2577 tumulorum
2295 2522 2541 2595 vestigio
2572 2526 2907 2596 apparente,
2942 2522 3196 2579 ecclesia:
3237 2523 3558 2580 reverentia

1904 2615 2293 2665 conservetur.
2313 2610 2418 2666 Ubi
2435 2627 2567 2666 vero
2588 2614 2753 2667 tanta
2765 2614 2853 2667 est
2870 2610 3188 2667 multitudo
3208 2612 3556 2668 cadaverum

1906 2702 1970 2752 ut
2000 2698 2107 2753 hoc
2156 2698 2345 2753 facere
2399 2697 2635 2754 difficile
2682 2699 2778 2767 sit,
2812 2699 2977 2755 locus
3009 2698 3105 2754 ille
3137 2716 3241 2772 pro
3273 2699 3557 2756 cimiterio

1904 2785 2210 2853 habeatur,
2246 2787 2456 2842 abbato
2488 2787 2623 2843 inde
2648 2788 2917 2854 altari,et
2948 2788 3007 2842 in
3039 2804 3106 2843 eo
3136 2786 3263 2842 loco
3296 2792 3558 2844 constru-

1905 2878 1995 2928 cto
2042 2874 2141 2929 ubi
2195 2874 2461 2948 religiose
2491 2878 2548 2930 et
2578 2892 2724 2947 pure
2773 2876 2889 2932 Deo
2949 2874 3304 2931 sacriﬁcium
3366 2876 3558 2933 oﬂ'erri

1904 2961 2110 3018 valeat.

2559 3052 2791 3107 CAPUT
2829 3052 2897 3109 V.

1909 3145 1988 3196 De
2011 3140 2055 3195 li
2059 3142 2170 3197 bris
2186 3146 2242 3196 et
2262 3142 2615 3197 vestimentis
2626 3140 3048 3199 ecclesiasticis
3061 3159 3124 3199 ve
3134 3141 3157 3197 ι
3165 3142 3473 3200 sacerdota
3481 3142 3557 3200 li-

2387 3216 2486 3268 bus
2513 3221 2569 3269 et
2596 3215 2669 3269 (Ie
2696 3216 2856 3270 vasis
2881 3216 3091 3272 sacris.

1979 3319 2122 3383 (Lib.
2158 3337 2175 3375 ι
2211 3318 2572 3389 Capitular.,
2607 3336 2733 3392 cap.
2764 3321 2854 3388 68,
2892 3322 3014 3390 103,
3066 3325 3123 3377 et
3180 3320 3280 3377 lib.
3332 3339 3385 3390 v,
3428 3338 3556 3395 cap.

1906 3409 2058 3476 229.)
2086 3408 2451 3465 Admonendi
2484 3408 2660 3465 etiam
2694 3412 2838 3465 sunt
2870 3411 3201 3466 sacerdotes
3228 3414 3293 3466 ut
3323 3427 3559 3483 operam

1909 3498 2048 3552 dent
2059 3501 2347 3570 quatenus
2361 3496 2659 3554 missalem
2673 3501 2730 3554 et
2743 3497 3171 3568 lectionarium,
3191 3499 3559 3573 psalterium,

1910 3586 2028 3641 sive
2049 3585 2193 3642 alios
2214 3585 2441 3644 libellos
2463 3587 2575 3643 sibi
2593 3588 2959 3644 necessarios
2981 3588 3129 3645 bene
3148 3593 3440 3645 correctos
3464 3588 3564 3645 ha-

1908 3676 2101 3743 beant,
2137 3675 2275 3748 quia
2300 3692 2451 3748 sape
2485 3676 2626 3731 dum
2659 3676 2804 3732 bene
2851 3675 3073 3749 aliquid
3124 3677 3308 3733 Deum
3360 3693 3564 3750 rogare

1909 3765 2172 3837 cupiunt,
2215 3781 2317 3837 per
2358 3765 2763 3822 inemendatos
2808 3765 2990 3822 libros
3039 3765 3191 3822 male
3236 3770 3463 3839 rogant.
3496 3766 3566 3821 Et

1911 3870 2121 3927 pueros
2141 3872 2281 3911 suos
2301 3871 2418 3910 non
2440 3854 2637 3910 sinant
2658 3854 2744 3909 vel
2770 3854 3015 3928 legendo
3031 3854 3119 3911 vel
3134 3855 3442 3911 scribendo
3466 3871 3565 3911 eos

1909 3960 2300 4017 corrumpere,
2335 3944 2916 4016 corrigore,vasaque
2947 3944 3063 4001 Deo
3093 3948 3319 4000 sacrata
3350 3961 3566 4018 magna

1908 4033 2275 4089 veneratione
2306 4032 2650 4087 habeantur.
2666 4034 2736 4087 Et
2767 4050 2881 4088 non
2915 4032 3086 4088 liceat
3117 4032 3289 4088 alicui
3322 4031 3562 4087 calicem

1911 4125 2012 4176 aut
2043 4124 2311 4193 patenam
2343 4125 2444 4176 aut
2475 4120 2773 4193 quodlibet
2803 4138 2904 4177 vas
2939 4124 3235 4176 sacratum
3265 4125 3321 4175 et
3368 4120 3562 4175 divino

1910 4210 2092 4266 cultui
2115 4210 2513 4282 mancipatum
2537 4210 2607 4264 ad
2640 4208 2784 4264 alios
2816 4227 2963 4264 usus
2995 4212 3348 4281 retorquere.
3376 4206 3561 4279 (Capi-

1910 4301 2088 4356 tulare
2112 4298 2400 4369 Theodulﬁ,
2433 4314 2559 4370 cap.
2597 4298 2705 4368 18.)
2730 4297 2874 4352 Nam
2910 4296 3248 4369 quicunque
3279 4296 3350 4351 de
3385 4295 3563 4352 calice

1911 4391 2136 4445 sacrato
2158 4386 2317 4443 aliud
2340 4385 2487 4442 bibit
2509 4388 2715 4457 printer
2736 4384 2952 4441 Christi
2975 4385 3345 4458 sanguinem,
3372 4384 3472 4456 qui
3502 4384 3561 4440 in

1911 4479 2276 4534 sacramento
2304 4474 2607 4546 accipitur,
2621 4478 2679 4529 et
2698 4478 2969 4547 patenam
3002 4474 3074 4529 ad
3108 4472 3268 4529 aliud
3297 4472 3558 4528 ofﬁcium

150 4569 211 4615 ut
238 4566 431 4630 ponat
463 4576 670 4617 nomen
699 4577 872 4617 suum
901 4561 1024 4629 ibi;
1056 4566 1294 4632 excepta
1341 4561 1560 4618 ratione
1599 4579 1801 4619 eorum
1837 4587 1880 4652 ο
1911 4567 2087 4623 habet
2107 4581 2284 4637 quam
2307 4564 2379 4619 ad
2402 4562 2603 4619 altaris
2634 4562 3051 4632 ministerium,
3072 4561 3458 4618 deterrendus
3474 4565 3565 4617 est

150 4648 247 4719 qui
273 4649 336 4703 in
361 4648 677 4704 exercitum
702 4653 1007 4723 pergentes
1029 4650 1099 4705 ad
1124 4649 1233 4705 hoc
1264 4667 1410 4722 opus
1432 4650 1649 4707 habent
1675 4656 1803 4708 ten-

152 4737 299 4791 toria
314 4740 376 4793 et
396 4735 607 4793 altaria
636 4738 901 4794 dedicata
920 4737 980 4793 in
1004 4738 1216 4810 quibus
1247 4739 1565 4795 missarum
1589 4739 1801 4797 solem-

151 4823 247 4879 nia
268 4825 563 4897 expleant.
577 4826 862 4883 Videmus
877 4827 1054 4884 etiam
1076 4827 1278 4883 crebro
1300 4827 1360 4882 in
1373 4827 1636 4885 ecclesiis
1656 4846 1804 4886 mes-

151 4929 265 4979 ses,
297 4914 526 4984 vinum,
562 4916 784 4985 fenum,
819 4922 876 4972 et
913 4922 1251 4973 caeterarum
1296 4917 1533 4990 frugum
1579 4919 1802 4990 species

150 5003 409 5076 congeri.
429 5004 806 5077 (Capitulare
824 5004 1155 5078 Theodulﬁ,
1176 5022 1303 5079 cap.
1321 5007 1401 5076 8.)
1414 5005 1575 5063 Unde
1596 5006 1805 5065 horrea

150 5089 238 5145 vel
257 5090 493 5149 cellaria
510 5094 707 5165 potius
738 5111 916 5166 quam
948 5093 1201 5150 ecclesiis
1231 5112 1359 5151 esse
1381 5095 1720 5168 probantur.
1737 5099 1806 5154 Et

151 5179 223 5235 ob
253 5180 388 5251 hoc,
420 5183 575 5254 quod
609 5184 771 5239 nefas
802 5188 913 5250 est,
945 5183 1280 5250 homicidia,
1296 5183 1601 5253 adulteria,
1627 5187 1804 5255 furta,

152 5271 634 5339 comessationes,
648 5272 979 5340 ebrietates,
998 5271 1376 5345 turpiloquia,
1395 5278 1451 5328 et
1467 5273 1560 5330 his
1591 5276 1808 5333 similia

152 5355 382 5428 illicita,
415 5376 542 5434 quae
571 5362 700 5418 visu
732 5367 791 5419 et
817 5362 1024 5419 auditu
1081 5362 1331 5418 obscena
1389 5367 1529 5418 sunt
1564 5364 1645 5420 ibi
1680 5366 1805 5421 ﬁeri

152 5462 309 5519 saepe
344 5463 378 5504 a
404 5448 677 5521 plurimis
708 5451 1046 5509 didicimus.
1067 5453 1429 5524 Quapropter
1446 5451 1718 5509 volumus
1745 5460 1805 5511 ut

150 5533 261 5591 hoc
294 5537 534 5608 penitus
582 5539 923 5598 observetur
973 5544 1265 5615 quatenus
1294 5539 1355 5596 in
1386 5538 1631 5599 ecclesia
1660 5542 1804 5601 nihil

218 5650 307 5727 (a)
338 5648 478 5713 Vide
507 5653 686 5721 Notas
716 5656 789 5716 ad
820 5656 1200 5735 Reginonem,
1231 5672 1365 5737 pag.
1399 5656 1525 5717 557.

1913 4653 2176 4727 exemplo
2207 4652 2533 4719 Balthasar,
2567 4651 2667 4724 qui
2718 4652 2860 4706 dum
2892 4668 3031 4706 vasa
3061 4650 3292 4706 Domini
3326 4650 3385 4705 in
3417 4667 3562 4706 usus

1912 4760 2255 4801 communes
2277 4742 2621 4814 assumpsit,
2639 4739 2818 4796 vitam
2842 4740 3057 4813 pariter
3073 4756 3207 4796 cum
3227 4755 3405 4813 regno
3422 4740 3565 4796 ami-

1911 4833 2349 4890 sit.Statuimus
2380 4846 2612 4902 quoque
2629 4833 2693 4884 ut
2708 4846 2843 4885 cum
2879 4845 3112 4886 summo
3136 4829 3329 4884 studio
3360 4827 3563 4885 lintea-

1911 4924 2074 4979 mina
2104 4920 2287 4976 nitida
2315 4919 2599 4975 altaribus
2621 4923 2966 4991 praeparent,
2993 4921 3050 4974 et
3080 4915 3460 4974 sacerdotalia
3479 4916 3564 4972 in-

1913 5014 2194 5069 dumenta
2230 5025 2365 5064 cum
2396 5007 2613 5080 quibus
2644 5007 3006 5063 sacriﬁcatur
3036 5008 3261 5080 optima
3290 5024 3396 5079 pro
3426 5007 3562 5062 viri-

1913 5103 2024 5158 bus
2055 5105 2111 5156 et
2140 5098 2364 5154 munda
2420 5097 2635 5153 habere
2691 5100 2982 5170 satagant,
3014 5101 3071 5152 et
3101 5096 3219 5151 sive
3252 5113 3401 5152 nova
3440 5096 3562 5150 sive

1910 5193 2196 5247 vetustate
2214 5187 2475 5244 confecta
2492 5186 2564 5243 ad
2581 5185 2725 5242 alios
2750 5203 2894 5242 usus
2916 5185 3166 5242 transire
3197 5185 3357 5241 nullo
3387 5184 3560 5239 modo

1914 5280 2130 5337 sinant.

2552 5364 2780 5420 CAPUT
2823 5365 2919 5422 VI.

2499 5457 2570 5511 De
2608 5456 2969 5512 Eucharistia.

1985 5547 2131 5623 (Lib.
2162 5562 2181 5603 ι
2213 5544 2549 5621 Ccpitular.,
2581 5560 2708 5621 cap.
2742 5545 2866 5603 455.
2896 5542 3215 5620 σαρὶιιιιανθ
3262 5535 3556 5619 Theodulfi,
