3956 6160
474 308 594 369 707

478 528 841 595 charistiam,
858 531 922 583 ut
937 526 1169 599 quando
1197 524 1445 597 quisque
1468 520 1865 587 inﬁrmaverit,
1884 522 1983 574 aut
2000 535 2130 589 par-

476 618 651 674 vulus
673 617 945 673 infirmus
978 614 1170 684 fuerit,
1204 612 1403 669 statim
1436 628 1534 667 eos
1565 610 2021 673 communicent,
2057 623 2128 661 ne

481 708 609 763 siue
637 704 1049 760 communione
1078 702 1423 757 moriantur.
1460 701 1645 755 Panes
1688 698 1842 753 enim
1893 711 2040 767 quos
2066 695 2126 749 in

480 794 765 851 sacrificio
784 792 1132 859 oti'ertis,aut
1152 807 1185 847 a
1204 790 1369 846 vobis
1391 789 1535 861 ipsis
1557 792 1657 843 aut
1678 804 1711 842 a
1730 785 1939 842 vestris
1961 783 2132 838 mini-

480 882 619 939 stris
651 882 721 937 ad
755 881 810 936 id
846 881 1138 953 agendum
1179 878 1404 935 idoneis
1435 893 1631 934 coram
1661 874 1824 930 vobis
1853 873 2032 928 nitide
2063 888 2128 926 ac

479 971 742 1026 studiose
774 970 936 1036 fiant,
968 973 1026 1024 et
1056 967 1368 1040 diligenter
1410 966 1751 1022 observetur
1779 968 1845 1017 ut
1875 960 2043 1034 panis
2073 964 2129 1015 et

476 1059 679 1113 vinum
710 1062 767 1113 et
795 1074 969 1129 aqua,
1005 1057 1132 1112 sine
1165 1055 1382 1127 quibus
1415 1055 1609 1108 missae
1650 1055 1951 1123 nequeunt
1980 1049 2127 1105 cele-

477 1147 657 1212 brari,
673 1145 1062 1202 mundissime
1083 1149 1258 1216 atque
1276 1142 1537 1199 studiose
1555 1144 1895 1206 tractentur,
1911 1144 1968 1194 et
1981 1138 2126 1193 nihil

478 1236 539 1290 in
577 1236 672 1291 his
716 1234 846 1301 vile,
882 1233 1027 1288 nihil
1086 1230 1543 1304 reprehensihile
1597 1229 1946 1296 inveniatur,
1980 1231 2035 1282 et
2063 1230 2128 1282 ut

477 1322 765 1381 sacrificia
795 1322 1159 1378 sanctificata
1200 1337 1334 1376 cum
1369 1336 1582 1391 magna
1611 1317 1916 1391 diligentia
1945 1316 2016 1371 ab
2043 1316 2128 1372 eis

476 1411 829 1485 colligantur
861 1410 957 1483 qui
994 1409 1155 1483 digni
1188 1413 1345 1474 sunt,
1378 1413 1435 1463 et
1459 1407 1773 1464 honorifice
1800 1408 2122 1461 serventur.

476 1502 625 1570 (Lib.
659 1519 676 1556 1
711 1500 997 1572 Capitular
1027 1542 1039 1565 ,
1076 1515 1201 1569 cap.
1230 1500 1346 1566 67.)
1374 1497 1458 1552 Ab
1491 1496 1767 1551 omnibus
1805 1498 1998 1550 autem
2031 1510 2123 1548 ca-

476 1589 731 1643 vendum
765 1602 1136 1654 summopere
1167 1602 1294 1640 esse
1324 1600 1633 1640 monemus
1665 1587 1728 1637 ut
1758 1599 1871 1637 non
1903 1581 2125 1636 diutius

476 1681 889 1742 serventur,ne
922 1677 1063 1729 forte
1094 1674 1330 1745 putrida
1358 1679 1414 1728 et
1444 1672 1755 1728 inhonesta
1783 1673 2121 1743 appareant,

476 1766 575 1819 sed
609 1764 811 1819 tandiu
839 1764 894 1817 in
914 1779 1049 1817 vase
1081 1763 1471 1818 mundissimo
1503 1762 1909 1817 custodiantur
1936 1776 2125 1831 usque
2154 1796 2201 1861 B

480 1855 622 1908 dum
656 1853 725 1907 ad
758 1852 872 1907 alia
904 1852 1092 1907 dicata
1123 1852 1459 1907 succedant.

1109 2010 1339 2067 CAPUT
1379 2011 1497 2066 νυ.

823 2104 897 2158 De
920 2104 1033 2158 vita
1063 2110 1114 2157 et
1139 2101 1382 2156 moribus
1418 2098 1776 2155 sacerdotum.

492 2260 501 2271 -
547 2237 887 2309 (Capitulare
919 2235 1210 2307 Theodnlﬁ,
1244 2251 1370 2306 cap.
1403 2235 1481 2308 2.)
1512 2235 1748 2306 Oportet
1795 2233 2124 2289 sacerdotes

476 2326 576 2382 Dei
605 2326 1011 2382 assiduitatem
1044 2324 1256 2380 habere
1286 2322 1939 2397 legendietinstantiam
1955 2339 2123 2378 oran-

476 2415 532 2471 di
552 2413 1117 2487 ;quiavitavirijusti
1137 2412 1382 2468 lectione
1406 2411 1737 2479 instruitur,
1754 2412 2012 2466 oratione
2034 2429 2123 2466 or-

477 2509 672 2569 natur,
695 2507 753 2559 et
782 2501 1127 2558 assiduitate
1158 2500 1423 2556 lectionis
1455 2501 1737 2566 munitur,
1756 2501 1926 2571 juxta
1957 2499 2123 2555 illum

477 2592 577 2665 qui
609 2591 838 2648 dicebat
869 2607 882 2645 :
918 2593 976 2647 In
1008 2589 1166 2645 corde
1192 2606 1310 2645 meo
1349 2588 1607 2644 abscondi
1654 2590 1870 2660 eloquia
1918 2596 2030 2657 tua,
2068 2597 2129 2645 ut

476 2699 587 2738 non
609 2696 818 2752 peccem
845 2680 965 2735 tibi.
1000 2679 1129 2733 Ilazc
1170 2683 1308 2734 sunt
1358 2695 1541 2744 arma,
1579 2676 1745 2733 lectio
1775 2677 2040 2732 videlicet
2071 2682 2126 2733 et

477 2768 682 2838 oratio,
696 2768 911 2841 quibus
926 2767 1193 2823 diabolus
1211 2773 1594 2839 expugnatur.
1616 2768 1739 2821 Haec
1758 2765 2125 2821 suntinstru-

478 2862 673 2915 menta
705 2858 922 2929 quibus
952 2857 1249 2913 beatitudo
1295 2856 1638 2929 acquiritur.
1674 2854 1855 2927 (ibid.,
1886 2873 2012 2928 cap.
2046 2857 2123 2926 3.)

476 2948 579 3003 His
593 2946 773 3001 armis
797 2945 931 3001 vitia
947 2945 1437 3018 comprimuntur,
1454 2944 1546 2999 his
1569 2944 1861 3000 alimentis
1878 2945 2123 3001 virtutes

480 3036 926 3094 nutriuntur.Et
948 3036 993 3090 si
1027 3034 1575 3107 quandoalectione
1608 3034 1693 3089 vel
1728 3035 1987 3089 oratione
2007 3052 2125 3089 ces-

478 3127 658 3190 satur,
684 3123 852 3177 debet
874 3137 1156 3175 manuum
1180 3122 1434 3192 operatio
1454 3120 1754 3192 subsequi,
1775 3122 1913 3192 quia
1933 3122 2125 3177 otiosi-
2154 3164 2193 3192 ,π

476 3216 566 3267 tas
599 3210 837 3265 inimica
867 3214 955 3264 est
985 3210 1213 3277 animm,
1248 3214 1303 3264 et
1334 3210 1613 3280 antiquus
1665 3210 1853 3266 hostis
1884 3227 2056 3278 quem
2089 3228 2123 3266 a
2153 3205 2195 3228 υ

476 3300 721 3355 lectione
753 3298 871 3354 sive
902 3299 974 3352 ab
1003 3299 1262 3354 oratione
1294 3315 1397 3353 seu
1441 3299 1774 3371 operatione
1822 3304 2123 3354 vacantem

476 3389 761 3445 invenerit
785 3386 950 3443 facile
975 3388 1044 3443 ad
1068 3386 1187 3442 ima
1211 3388 1380 3458 rapit.
1402 3387 1787 3459 Debetitaque
1810 3388 2020 3443 Christi
2040 3406 2126 3444 sa-

478 3479 682 3533 cerdos
729 3475 1069 3548 compositis
1114 3476 1398 3544 moribus,
1432 3476 1593 3531 vultu
1633 3476 1825 3544 hilari,
1858 3494 2124 3532 sermone

479 3567 760 3636 proficuo,
780 3564 1042 3636 exemplo
1074 3564 1317 3631 salubri,
1343 3564 1569 3637 placido
1603 3564 1962 3633 animo,sine
1993 3564 2124 3620 dolo

480 3651 943 3719 etsimulatione,
968 3657 1143 3724 atque
1175 3653 1447 3707 omnibus
1479 3653 1538 3707 in
1560 3670 1868 3708 commune
1899 3654 2124 3708 virtuti-

480 3742 592 3795 bus
623 3739 860 3807 clarere,
896 3746 1185 3810 quatenus
1235 3741 1345 3795 sibi
1395 3740 1740 3795 commissos
1784 3758 1899 3796 non
1930 3741 2127 3797 livoris

481 3832 657 3900 atque
688 3826 1099 3882 amaritudinis
1137 3827 1257 3882 zelo
1307 3828 1606 3900 pertrahat
1636 3830 1707 3884 ad
1745 3830 1994 3898 ruinam,
2026 3831 2125 3885 sed

483 3914 786 3971 charitatis
818 3918 992 3986 atque
1021 3915 1348 3971 dulcedinis
1380 3917 1741 3988 providentia
1770 3924 2038 3990 provocet
2054 3920 2125 3974 ad

484 4003 758 4061 salutem.

1097 4135 1325 4192 CAPUT
1364 4136 1513 4192 VIII.

709 4230 793 4283 De
821 4227 1067 4283 doctrina
1095 4235 1145 4282 et
1174 4228 1519 4282 observantia
1548 4227 1902 4283 sacerdotum.

552 4361 740 4431 (Lib.1
775 4361 1105 4427 Capitular.,
1139 4361 1398 4432 cap.66.)
1432 4360 1503 4415 Ut
1533 4362 1851 4434 presbyteri
1887 4362 1984 4433 qui
2019 4360 2130 4416 sibi

480 4456 536 4507 et
569 4449 790 4506 caeteris
818 4449 1093 4522 prodesse
1125 4449 1337 4503 debent
1365 4466 1734 4520 summopere
1766 4451 2041 4505 studeant
2070 4454 2131 4504 ut

1507 300 1843 362 RODULFI
1886 291 2426 357 BITURICENSIS
2470 291 2848 361 EPISCOPI.

476 456 604 512 cap.
627 438 793 500 5.)Ut
822 436 1142 510 presbyteri
1174 450 1406 507 semper
1438 433 1692 488 habeant
1722 435 1984 503 paratam
2016 445 2122 484 eu-
2156 429 2207 492 Α

3700 294 3801 359 708

2878 423 3109 478 CAPUT
3151 423 3236 478 IX.

2238 516 2301 572 Ut
2331 515 2459 568 laici
2490 515 2727 569 seniores
2757 513 2949 567 domus
2979 512 3318 567 sacerdotum
3360 514 3541 584 aliqua
3580 519 3807 574 occasione

2305 602 2428 711 gum
2454 587 2679 656 femmis
2709 594 2757 641 et
2780 586 3008 641 canibus
3040 584 3324 639 habitandi
3369 601 3577 639 causam
3614 603 3706 642 non
3730 590 3806 643 ha-

2340 664 2485 713 eant.

2340 673 2485 712 eant.

2308 788 2524 844 Omnes
2556 790 2615 844 in
2644 805 2957 846 commune
2987 789 3245 845 seniores
3295 788 3648 845 ecclesiarum
3675 790 3811 849 laicos

2236 893 2547 933 monemus
2576 880 2640 931 ut
2668 877 2729 933 in
2761 877 3036 934 domibus
3068 877 3453 946 sacerdotum,
3485 894 3602 950 qum
3630 882 3811 937 munda

2235 982 2301 1020 ac
2333 969 2504 1021 castae
2533 971 2591 1021 et
2613 965 2896 1039 religiose
2928 965 3142 1023 debent
3171 982 3465 1032 esse,cum
3497 966 3810 1025 uxoribusvel

2235 1054 2365 1109 aliis
2381 1054 2612 1110 feminis
2627 1070 2729 1111 seu
2759 1054 3004 1111 canibus
3025 1054 3290 1112 habitare
3310 1054 3628 1111 nullatenus
3644 1072 3812 1128 presu-

2235 1148 2400 1198 mant
2431 1161 2443 1198 :
2481 1143 2757 1215 quoniam
2791 1142 3059 1199 illicitum
3090 1150 3181 1200 est
3206 1161 3342 1201 eum
3373 1145 3472 1216 qui
3503 1143 3812 1201 soliDeoser-

2232 1232 2352 1287 vire
2365 1232 2609 1303 jubetur
2627 1232 2944 1289 luxuriosis
2964 1232 3155 1289 verbis
3173 1237 3351 1305 atque
3367 1232 3660 1307 superﬂuis
3674 1234 3813 1307 impli-

2234 1321 2349 1376 cari
2384 1321 2758 1387 tumultibus,
2792 1326 2849 1377 et
2892 1322 3192 1378 commissi
3225 1322 3405 1378 officii
3434 1321 3677 1395 praeﬁxas
3702 1325 3812 1395 psal-

2232 1407 2413 1476 lendi,
2446 1409 2746 1482 vigilandi,
2780 1410 3008 1476 orandi,
3040 1410 3230 1475 aut,si
3263 1411 3575 1468 necessitas
3602 1413 3812 1479 evenerit,

2233 1498 2963 1571 baptizandi,inﬁrmisque
2984 1504 3040 1554 et
3061 1499 3470 1556 deficientibus
3483 1501 3813 1565 subveniendi,

2234 1603 2608 1659 corrumpere
2640 1592 2846 1644 metas.
2867 1591 2987 1644 Hoc
3000 1605 3133 1644 vero
3153 1589 3319 1645 nefas
3350 1590 3615 1662 deinceps
3635 1589 3734 1644 ﬁeri
3750 1606 3814 1646 γε·

2231 1679 2448 1742 tamus,
2471 1692 2541 1731 ne
2573 1676 2673 1730 Dei
2696 1676 2949 1732 ministri
2983 1677 3244 1733 saeculari
3281 1677 3813 1750 oppressioneledan-

2232 1769 2345 1831 tur,
2382 1769 2438 1820 et
2469 1764 2683 1820 Christi
2725 1782 2863 1838 grex
2907 1765 3256 1822 charissimo
3290 1767 3475 1839 pretio
3514 1771 3815 1838 comparatus

2236 1852 2589 1925 negligentia
2611 1854 2889 1927 pastorali
2915 1860 3101 1911 morte
3122 1856 3442 1911 damnetur
3460 1861 3671 1912 (eterna.
3692 1855 3738 1910 Si
3751 1873 3816 1910 au-

2233 1947 2350 1999 tem
2384 1943 2455 1998 ab
2488 1943 2623 1998 hinc
2655 1943 2767 1999 tale
2797 1943 3016 2016 aliquid
3051 1948 3284 2018 gestum
3314 1944 3504 2013 fuerit,
3521 1945 3585 2000 ad
3614 1948 3813 2000 nostram

2232 2030 2406 2086 citius
2458 2032 2754 2103 perveniat
2798 2032 3087 2099 notitiam,
3122 2037 3185 2087 ut
3214 2035 3556 2090 auctoritate
3583 2033 3745 2088 divina
3766 2033 3811 2087 ad

2232 2121 2641 2193 corrigendum
2673 2120 2760 2177 vel
2794 2121 2957 2176 inviti
2991 2122 3363 2178 deducantur
3405 2128 3813 2195 transgressores.

2891 2263 3123 2319 CAPUT
3162 2264 3229 2320 X.

2404 2352 2516 2419 Quo
2545 2350 2736 2408 ordine
2765 2370 2799 2407 a
2823 2354 3157 2424 presbyteris
3196 2354 3371 2409 missa
3404 2354 3691 2410 celebretur.

2304 2466 2647 2539 (Capitulure
2678 2469 3023 2540 Theodulphi,
3057 2485 3183 2542 cap.
3206 2471 3292 2541 7.)
3325 2471 3599 2526 Sacerdos
3628 2469 3813 2524 missam

2233 2555 2394 2611 solus
2425 2573 2797 2629 nequaquam
2830 2556 3273 2629 celebretzquia
3303 2559 3458 2615 sicut
3479 2558 3573 2613 illa
3600 2556 3814 2613 celebrari

2234 2661 2346 2699 non
2383 2649 2574 2716 potest
2603 2644 2729 2699 sine
2759 2645 3110 2701 salutatione
3143 2648 3486 2713 sacerdotis,
3510 2645 3815 2718 responsione

2233 2732 2439 2805 plebis,
2475 2732 2872 2787 admonitione
2905 2734 3248 2799 sacerdotis,
3276 2736 3637 2808 responsione
3664 2730 3818 2787 nihilo-

2233 2822 2429 2875 minus
2450 2820 2656 2892 plebis,
2682 2822 2761 2876 ita
2794 2822 3071 2877 nimirum
3095 2840 3474 2896 nequaquam
3493 2823 3560 2878 ab
3578 2839 3675 2876 uno
3690 2821 3815 2874 debet

2230 2909 2531 2975 celebrari,
2566 2927 2694 2964 esse
2724 2915 2918 2965 autem
2968 2911 3180 2966 debent
3210 2913 3333 2966 duo
3365 2919 3465 2967 aut
3495 2917 3603 2966 tres
3627 2909 3710 2980 qui
3734 2906 3815 2960 cir-

2232 3003 2549 3065 cumstent,
2583 3016 2731 3070 quos
2761 2999 2856 3053 ille
2888 2999 3171 3065 salutet,a
3202 3000 3423 3071 quibus
3452 3000 3500 3055 ei
3533 2997 3814 3070 respondea-

2232 3093 2345 3141 tur.
2366 3088 2432 3141 Et
2462 3093 2527 3142 ut
2558 3087 2863 3160 epistolam
2900 3087 3096 3143 nullus
3128 3088 3318 3144 laicus
3352 3089 3536 3162 legere
3566 3087 3814 3160 praesumat

2235 3193 2337 3230 nec
2380 3175 2647 3242 clericus,
2682 3176 2792 3231 nisi
2844 3177 3006 3248 prius
3059 3177 3520 3233 subdiaconatus
3562 3171 3815 3245 susceperit

2234 3263 2514 3319 cilicium.
2548 3265 2710 3319 Sicut
2738 3267 2891 3320 enim
2927 3267 3169 3321 missam
3204 3268 3537 3323 sacerdotes
3565 3270 3616 3320 et
3637 3275 3818 3333 evange-

2234 3353 2378 3408 lium
2408 3353 2595 3426 legere
2628 3354 2851 3409 diaconi
2872 3354 3280 3424 jubentur,ita
3299 3355 3597 3428 epistolam
3625 3366 3819 3426 pronun-

2234 3443 2377 3498 tiare
2408 3442 2559 3497 inter
2597 3460 2761 3497 sacra
2821 3444 3138 3499 missarum
3197 3444 3490 3499 solemnia
3544 3434 3815 3499 subdiaconi

2236 3535 2580 3587 noscuntur.
2616 3531 2761 3586 Nam
2793 3531 2841 3587 si
2869 3531 3268 3588 subdiaconus
3300 3532 3566 3599 defuerit,
3588 3525 3819 3586 autadia-

2236 3636 2381 3676 cono
2412 3624 2513 3674 aut
2543 3620 2615 3674 ab
2646 3620 2771 3691 ipso
2803 3619 3031 3692 legatur
3060 3621 3503 3694 presbytero,ut
3524 3637 3628 3676 non
3655 3617 3817 3685 vitupe-

2237 3712 2396 3763 retur
2418 3707 2811 3764 ministerium
2834 3725 3088 3774 sacrum,
3104 3710 3205 3765 sed
3231 3711 3291 3765 in
3312 3711 3581 3768 omnibus
3609 3700 3819 3763 honoriﬁ-

2236 3802 2400 3852 cetur
2420 3797 2591 3853 Deus.
2616 3797 2799 3866 (ibid.,
2825 3814 2951 3869 cap.
2974 3799 3054 3869 6.)
3080 3798 3333 3854 Feminae
3366 3804 3555 3855 autem
3585 3792 3817 3852 sacerdote

2236 3886 2482 3941 missam
2514 3884 2844 3941 celebrante
2874 3903 3248 3958 nequaquam
3274 3888 3347 3943 ad
3380 3887 3556 3943 altare
3582 3882 3816 3945 accedant,

2237 3991 2341 4030 nec
2372 3990 2511 4030 vasa
2539 3991 2705 4030 sacra
2735 3974 3094 4047 contingant,
3128 3976 3228 4031 sed
3262 3977 3323 4031 in
3366 3976 3507 4033 locis
3554 3974 3664 4030 suis
3688 3972 3816 4026 stent.

2238 4064 2523 4119 Memores
2554 4062 2711 4119 enim
2743 4080 2872 4120 esse
2903 4065 3116 4121 debent
3136 4065 3369 4120 feminae
3391 4059 3718 4120 infirmitatis
3734 4070 3816 4111 sua:

2237 4156 2293 4207 et
2313 4167 2484 4208 sexus
2505 4151 2943 4208 imbecillitatis.
2967 4153 3037 4207 Et
3056 4152 3273 4209 idcirco
3305 4158 3507 4209 sancta
3537 4143 3818 4224 quaelibetin

2238 4240 2563 4297 ministerio
2594 4240 2848 4297 ecclesiae
2893 4242 3233 4315 contingere
3285 4242 3697 4315 pertimescant.
3723 4233 3820 4296 Ουεε

2237 4330 2409 4385 etiam
2431 4328 2563 4385 laici
2581 4329 2685 4384 viri
2703 4328 3111 4401 pertimescere
3131 4331 3367 4397 debent,
3387 4348 3458 4387 ne
3480 4331 3623 4387 Ozan
3644 4335 3820 4399 pinnam

2239 4420 2505 4485 subeant,
2528 4418 2627 4490 qui
2647 4419 2787 4473 dum
2808 4436 3003 4474 arcam
3038 4420 3272 4475 Domini
3301 4424 3463 4476 extra
3493 4414 3720 4475 ordinari
3739 4406 3821 4477 (sic)

480 4497 1059 4595 doctrinamrrectam
1093 4542 1347 4605 teneant,
1381 4542 1436 4593 et
1466 4497 1758 4608 baptisma
1780 4538 2128 4594 catholicum
2162 4529 2209 4595 Ι)
2240 4507 2701 4608 Ρθίξυδίθηίθτθ
2741 4507 2945 4575 vomit’
2978 4509 3079 4563 sed
3126 4511 3369 4565 Domino
3411 4506 3733 4582 pemmieme
3758 4513 3822 4549 m-

483 4628 808 4695 observent,
844 4630 902 4682 et
931 4627 1251 4682 missarum
1282 4642 1481 4696 preces
1513 4626 1662 4681 bene
1692 4626 2041 4699 intelligant,
2074 4633 2129 4682 et

483 4715 657 4770 horas
689 4716 1001 4771 canonicas
1032 4717 1276 4771 diurnas
1307 4713 1395 4770 vel
1430 4719 1743 4771 nocturnas
1774 4716 2130 4783 custodiant,

485 4800 841 4873 etutpsalmi
857 4803 1031 4874 digne
1044 4804 1367 4860 secundum
1392 4803 1704 4859 divisiones
1724 4821 1997 4859 versuum
2014 4822 2133 4861 mo-

486 4886 781 4956 dulentur,
814 4894 871 4945 et
920 4891 1283 4947 Dominicam
1334 4893 1657 4948 orationem
1708 4898 1765 4949 et
1803 4894 2132 4966 symbolum

488 4980 663 5046 atque
694 4977 1113 5048 expositionem
1146 4981 1257 5051 ipsi
1288 4987 1531 5037 noscant
1562 4982 1909 5038 etomnibus
1929 4982 2135 5055 praedi-

488 5068 620 5119 cent
643 5064 1100 5138 intelligendam,
1122 5074 1177 5122 et
1198 5070 1603 5142 unusquisque
1632 5070 1779 5127 sciat
1807 5071 1944 5143 quid
1964 5088 1997 5126 a
2018 5071 2133 5127 Deo

487 5157 684 5226 petat;
718 5158 1011 5225 quatenus
1060 5172 1256 5211 eorum
1306 5158 1586 5214 doctrinis
1634 5165 1808 5232 atque
1855 5160 2135 5231 exemplis

488 5241 657 5298 multi
693 5241 1106 5314 pertrahantur
1131 5245 1200 5299 ad
1232 5246 1537 5302 servitium
1568 5248 1689 5316 Dei,
1709 5250 1863 5305 sicut
1888 5250 2011 5322 ipse
2029 5250 2132 5306 Do-

488 5332 688 5387 minus
721 5332 780 5386 in
812 5330 1120 5403 Evangelio
1152 5333 1422 5404 praecepit
1456 5351 1468 5389 :
1501 5338 1596 5390 Sic
1626 5338 1799 5393 luceat
1832 5339 1930 5393 tua:
1960 5348 2137 5395 vestra

486 5437 670 5477 coram
699 5421 1013 5478 hominibus
1038 5428 1100 5478 at
1125 5422 1338 5477 videant
1368 5440 1530 5493 opera
1574 5434 1747 5482 vestra
1780 5429 1919 5485 bona
1948 5438 2002 5484 et
2021 5430 2135 5501 glo-

488 5510 703 5582 riﬁcent
732 5516 959 5568 Patrem
989 5516 1221 5568 vestrum
1248 5511 1345 5585 qui
1373 5512 1431 5567 in
1459 5513 1606 5569 cwlis
1634 5522 1730 5571 est.

2879 4694 3111 4751 CAPUT
3151 4696 3243 4751 ΧΙ.

2809 4788 2887 4839 De
2934 4786 3317 4856 hospitalitate.

2315 4900 2495 4970 (Ibid,
2529 4894 2655 4971 cap.
2688 4898 2797 4971 15.)
2827 4900 3192 4956 Admonendi
3252 4904 3392 4956 sunt
3447 4898 3741 4956 sacerdotes
3777 4890 3821 4941 ut

2242 4987 2699 5059 hospitalitatem
2732 4994 2787 5043 et
2816 5005 2918 5060 per
2944 5003 3004 5043 se
3036 4987 3287 5061 diligant
3314 4994 3371 5044 et
3399 4988 3612 5045 caeteris
3639 4982 3823 5051 diligen-

2243 5076 2377 5130 dam
2402 5092 2529 5131 esse
2553 5075 3427 5149 insinuent,etnullihospitium
3449 5062 3822 5149 prohibeantflt

2244 5164 2291 5220 si
2326 5164 2419 5219 cui
2462 5165 2606 5220 forte
2657 5164 2978 5237 hospitium
3037 5167 3431 5239 praestiterint,
3466 5162 3673 5220 nullum
3698 5155 3822 5211 abeo

2245 5269 2463 5309 munus
2495 5254 2801 5326 accipiant,
2823 5253 2937 5310 nisi
2958 5255 3103 5311 forte
3136 5254 3231 5311 ille
3259 5255 3355 5326 qui
3379 5253 3639 5326 recipitur
3662 5244 3821 5318 sponte

2247 5359 2354 5399 sua
2374 5342 2594 5413 aliquid
2619 5343 2732 5398 det.
2750 5342 3187 5417 Dicendumque
3202 5343 3314 5399 illis
3328 5342 3571 5415 qualiter
3588 5332 3733 5395 multi
3748 5343 3823 5402 per

2246 5431 2662 5504 hospitalitatis
2694 5431 2951 5487 officium
2978 5432 3093 5488 Deo
3110 5433 3471 5505 placuerunt,
3486 5428 3689 5486 dicente
3709 5427 3823 5490 Αροο

2247 5518 2397 5577 stolo
2432 5537 2445 5576 :
2477 5522 2584 5577 Per
2613 5520 2754 5575 hanc
2780 5521 2931 5575 enim
2961 5520 3289 5593 placuerunt
3316 5517 3531 5593 quidam
3557 5516 3668 5582 Deo,
3694 5518 3820 5577 ange-

2250 5610 2318 5672 lis
2346 5609 2577 5687 hospitio
2605 5610 2882 5684 susceptis.
2919 5608 2985 5667 Et
3022 5609 3234 5671 iterum
3268 5628 3281 5673 :
3310 5606 3595 5685 Hospitem
3636 5598 3819 5660 inin
