  <div class='ocr_page' id='page_1' title='image "/cluster/home/n/w/nwhite01/storage/ocr_20150623/119/hvd.32044052820040/362.png"; bbox 0 0 3956 6160; ppageno 0'>
   <div class='ocr_carea' id='block_1_1' title="bbox 198 268 316 327">
    <p class='ocr_par' dir='ltr' id='par_1_1' title="bbox 198 268 316 327">
     <span class='ocr_line' id='line_1_1' title="bbox 198 268 316 327; baseline 0.025 -3"><span class='ocrx_word' id='word_1_1' title='bbox 198 268 316 327; x_wconf 75' lang='grc'><strong>713</strong></span> 
     </span>
    </p>
   </div>
   <div class='ocr_carea' id='block_1_2' title="bbox 1698 240 2109 333">
    <p class='ocr_par' dir='ltr' id='par_1_2' title="bbox 1698 240 2109 333">
     <span class='ocr_line' id='line_1_2' title="bbox 1698 240 2109 333; baseline -0.005 -3"><span class='ocrx_word' id='word_1_2' title='bbox 1698 240 2109 333; x_wconf 74' lang='lat' dir='ltr'><strong>CAPITIJLA.</strong></span> 
     </span>
    </p>
   </div>
   <div class='ocr_carea' id='block_1_3' title="bbox 3487 281 3605 341">
    <p class='ocr_par' dir='ltr' id='par_1_3' title="bbox 3487 281 3605 341">
     <span class='ocr_line' id='line_1_3' title="bbox 3487 281 3605 341; baseline 0.017 -2"><span class='ocrx_word' id='word_1_3' title='bbox 3487 281 3605 341; x_wconf 73' lang='grc'><strong>714</strong></span> 
     </span>
    </p>
   </div>
   <div class='ocr_carea' id='block_1_4' title="bbox 195 399 3608 483">
    <p class='ocr_par' dir='ltr' id='par_1_4' title="bbox 195 399 3608 483">
     <span class='ocr_line' id='line_1_4' title="bbox 195 399 3608 483; baseline 0.004 -27"><span class='ocrx_word' id='word_1_4' title='bbox 195 416 323 471; x_wconf 89' lang='lat' dir='ltr'><strong>cap.</strong></span> <span class='ocrx_word' id='word_1_5' title='bbox 358 400 511 472; x_wconf 82' lang='lat'><strong>325.)</strong></span> <span class='ocrx_word' id='word_1_6' title='bbox 553 399 990 458; x_wconf 80' lang='lat' dir='ltr'><strong>Observandum</strong></span> <span class='ocrx_word' id='word_1_7' title='bbox 1048 406 1137 458; x_wconf 91' lang='lat' dir='ltr'><strong>est</strong></span> <span class='ocrx_word' id='word_1_8' title='bbox 1192 403 1595 460; x_wconf 85' lang='lat' dir='ltr'><strong>sacerdotibus</strong></span> <span class='ocrx_word' id='word_1_9' title='bbox 1654 408 1718 458; x_wconf 91' lang='lat' dir='ltr'><strong>ut</strong></span> <span class='ocrx_word' id='word_1_10' title='bbox 1774 403 1847 459; x_wconf 87' lang='lat' dir='ltr'><strong>ab</strong></span> <span class='ocrx_word' id='word_1_11' title='bbox 1875 407 1927 476; x_wconf 78' lang='grc' dir='ltr'><strong>Α</strong></span> <span class='ocrx_word' id='word_1_12' title='bbox 1962 404 2057 469; x_wconf 90' lang='lat' dir='ltr'><strong>rit,</strong></span> <span class='ocrx_word' id='word_1_13' title='bbox 2082 404 2301 460; x_wconf 88' lang='lat' dir='ltr'><strong>noverit</strong></span> <span class='ocrx_word' id='word_1_14' title='bbox 2332 419 2394 461; x_wconf 90' lang='lat' dir='ltr'><strong>se</strong></span> <span class='ocrx_word' id='word_1_15' title='bbox 2429 404 2524 461; x_wconf 88' lang='lat' dir='ltr'><strong>ille</strong></span> <span class='ocrx_word' id='word_1_16' title='bbox 2555 404 2655 478; x_wconf 87' lang='lat' dir='ltr'><strong>qui</strong></span> <span class='ocrx_word' id='word_1_17' title='bbox 2686 422 2820 462; x_wconf 78' lang='lat' dir='ltr'><strong>eum</strong></span> <span class='ocrx_word' id='word_1_18' title='bbox 2854 424 2967 463; x_wconf 89' lang='lat' dir='ltr'><strong>non</strong></span> <span class='ocrx_word' id='word_1_19' title='bbox 3001 406 3312 480; x_wconf 75' lang='lat' dir='ltr'><strong>baptizavit</strong></span> <span class='ocrx_word' id='word_1_20' title='bbox 3347 426 3449 483; x_wconf 90' lang='lat' dir='ltr'><strong>pro</strong></span> <span class='ocrx_word' id='word_1_21' title='bbox 3480 412 3608 483; x_wconf 82' lang='lat' dir='ltr'><strong>ejus</strong></span> 
     </span>
    </p>
   </div>
   <div class='ocr_carea' id='block_1_5' title="bbox 189 488 1849 565">
    <p class='ocr_par' dir='ltr' id='par_1_5' title="bbox 189 488 1849 565">
     <span class='ocr_line' id='line_1_5' title="bbox 189 488 1849 565; baseline 0.002 -20"><span class='ocrx_word' id='word_1_22' title='bbox 189 488 468 545; x_wconf 74' lang='lat' dir='ltr'><strong>ebrietate</strong></span> <span class='ocrx_word' id='word_1_23' title='bbox 494 506 557 545; x_wconf 88' lang='lat' dir='ltr'><strong>se</strong></span> <span class='ocrx_word' id='word_1_24' title='bbox 578 489 932 557; x_wconf 75' lang='lat' dir='ltr'><strong>abstineant,</strong></span> <span class='ocrx_word' id='word_1_25' title='bbox 950 492 1227 562; x_wconf 91' lang='lat' dir='ltr'><strong>quoniam</strong></span> <span class='ocrx_word' id='word_1_26' title='bbox 1248 492 1571 548; x_wconf 89' lang='lat' dir='ltr'><strong>secundum</strong></span> <span class='ocrx_word' id='word_1_27' title='bbox 1592 492 1849 565; x_wconf 86' lang='lat' dir='ltr'><strong>Scriptu-</strong></span> 
     </span>
    </p>
   </div>
   <div class='ocr_carea' id='block_1_6' title="bbox 187 577 1849 654">
    <p class='ocr_par' dir='ltr' id='par_1_6' title="bbox 187 577 1849 654">
     <span class='ocr_line' id='line_1_6' title="bbox 187 577 1849 654; baseline 0.002 -21"><span class='ocrx_word' id='word_1_28' title='bbox 187 594 317 634; x_wconf 89' lang='lat' dir='ltr'><strong>ram</strong></span> <span class='ocrx_word' id='word_1_29' title='bbox 348 577 604 635; x_wconf 76' lang='lat' dir='ltr'><strong>ebrietas</strong></span> <span class='ocrx_word' id='word_1_30' title='bbox 635 578 864 635; x_wconf 92' lang='lat' dir='ltr'><strong>nullum</strong></span> <span class='ocrx_word' id='word_1_31' title='bbox 895 580 1104 636; x_wconf 90' lang='lat' dir='ltr'><strong>vitium</strong></span> <span class='ocrx_word' id='word_1_32' title='bbox 1149 585 1405 638; x_wconf 80' lang='lat' dir='ltr'><strong>excusat.</strong></span> <span class='ocrx_word' id='word_1_33' title='bbox 1439 582 1508 637; x_wconf 88' lang='lat' dir='ltr'><strong>Et</strong></span> <span class='ocrx_word' id='word_1_34' title='bbox 1535 580 1849 654; x_wconf 80' lang='lat' dir='ltr'><strong>Apostolus</strong></span> 
     </span>
    </p>
   </div>
   <div class='ocr_carea' id='block_1_7' title="bbox 188 667 1853 742">
    <p class='ocr_par' dir='ltr' id='par_1_7' title="bbox 188 667 1853 742">
     <span class='ocr_line' id='line_1_7' title="bbox 188 667 1853 742; baseline 0.002 -19"><span class='ocrx_word' id='word_1_35' title='bbox 188 671 528 723; x_wconf 86' lang='lat' dir='ltr'><strong>commonet</strong></span> <span class='ocrx_word' id='word_1_36' title='bbox 558 667 797 724; x_wconf 87' lang='lat' dir='ltr'><strong>dicens:</strong></span> <span class='ocrx_word' id='word_1_37' title='bbox 831 670 1006 725; x_wconf 80' lang='lat' dir='ltr'><strong>Nolite</strong></span> <span class='ocrx_word' id='word_1_38' title='bbox 1056 670 1329 726; x_wconf 79' lang='lat' dir='ltr'><strong>inebriari</strong></span> <span class='ocrx_word' id='word_1_39' title='bbox 1370 672 1518 739; x_wconf 79' lang='lat' dir='ltr'><strong>vino,</strong></span> <span class='ocrx_word' id='word_1_40' title='bbox 1554 673 1613 726; x_wconf 79' lang='lat' dir='ltr'><strong>in</strong></span> <span class='ocrx_word' id='word_1_41' title='bbox 1643 686 1748 742; x_wconf 80' lang='lat' dir='ltr'><strong>quo</strong></span> <span class='ocrx_word' id='word_1_42' title='bbox 1775 677 1853 726; x_wconf 86' lang='lat' dir='ltr'><strong>est</strong></span> 
     </span>
    </p>
   </div>
   <div class='ocr_carea' id='block_1_8' title="bbox 194 756 1851 830">
    <p class='ocr_par' dir='ltr' id='par_1_8' title="bbox 194 756 1851 830">
     <span class='ocr_line' id='line_1_8' title="bbox 194 756 1851 830; baseline 0.002 -20"><span class='ocrx_word' id='word_1_43' title='bbox 194 757 447 812; x_wconf 73' lang='lat' dir='ltr'><strong>lmria.</strong></span> <span class='ocrx_word' id='word_1_44' title='bbox 470 756 540 811; x_wconf 89' lang='lat' dir='ltr'><strong>Et</strong></span> <span class='ocrx_word' id='word_1_45' title='bbox 561 773 749 829; x_wconf 89' lang='lat' dir='ltr'><strong>neque</strong></span> <span class='ocrx_word' id='word_1_46' title='bbox 776 773 880 830; x_wconf 92' lang='lat' dir='ltr'><strong>per</strong></span> <span class='ocrx_word' id='word_1_47' title='bbox 905 758 1178 813; x_wconf 89' lang='lat' dir='ltr'><strong>tabernas</strong></span> <span class='ocrx_word' id='word_1_48' title='bbox 1202 763 1338 814; x_wconf 89' lang='lat' dir='ltr'><strong>eant</strong></span> <span class='ocrx_word' id='word_1_49' title='bbox 1366 759 1619 815; x_wconf 89' lang='lat' dir='ltr'><strong>bibendo</strong></span> <span class='ocrx_word' id='word_1_50' title='bbox 1640 763 1742 814; x_wconf 90' lang='lat' dir='ltr'><strong>aut</strong></span> <span class='ocrx_word' id='word_1_51' title='bbox 1759 774 1851 814; x_wconf 92' lang='lat' dir='ltr'><strong>co-</strong></span> 
     </span>
    </p>
   </div>
   <div class='ocr_carea' id='block_1_9' title="bbox 191 845 1853 920">
    <p class='ocr_par' dir='ltr' id='par_1_9' title="bbox 191 845 1853 920">
     <span class='ocr_line' id='line_1_9' title="bbox 191 845 1853 920; baseline 0.002 -21"><span class='ocrx_word' id='word_1_52' title='bbox 191 845 504 912; x_wconf 90' lang='lat' dir='ltr'><strong>medende,</strong></span> <span class='ocrx_word' id='word_1_53' title='bbox 522 861 708 917; x_wconf 89' lang='lat' dir='ltr'><strong>neque</strong></span> <span class='ocrx_word' id='word_1_54' title='bbox 728 846 932 902; x_wconf 92' lang='lat' dir='ltr'><strong>domos</strong></span> <span class='ocrx_word' id='word_1_55' title='bbox 946 850 1047 902; x_wconf 89' lang='lat' dir='ltr'><strong>aut</strong></span> <span class='ocrx_word' id='word_1_56' title='bbox 1060 846 1227 902; x_wconf 88' lang='lat' dir='ltr'><strong>villas</strong></span> <span class='ocrx_word' id='word_1_57' title='bbox 1245 847 1579 903; x_wconf 85' lang='lat' dir='ltr'><strong>curiositate</strong></span> <span class='ocrx_word' id='word_1_58' title='bbox 1593 846 1853 920; x_wconf 84' lang='lat' dir='ltr'><strong>qualibet</strong></span> 
     </span>
    </p>
   </div>
   <div class='ocr_carea' id='block_1_10' title="bbox 188 935 1852 1009">
    <p class='ocr_par' dir='ltr' id='par_1_10' title="bbox 188 935 1852 1009">
     <span class='ocr_line' id='line_1_10' title="bbox 188 935 1852 1009; baseline 0.001 -20"><span class='ocrx_word' id='word_1_59' title='bbox 188 937 527 1006; x_wconf 87' lang='lat' dir='ltr'><strong>peragrent,</strong></span> <span class='ocrx_word' id='word_1_60' title='bbox 554 938 656 988; x_wconf 89' lang='lat' dir='ltr'><strong>aut</strong></span> <span class='ocrx_word' id='word_1_61' title='bbox 687 951 822 990; x_wconf 91' lang='lat' dir='ltr'><strong>cum</strong></span> <span class='ocrx_word' id='word_1_62' title='bbox 852 935 1086 992; x_wconf 81' lang='lat' dir='ltr'><strong>feminis</strong></span> <span class='ocrx_word' id='word_1_63' title='bbox 1101 935 1189 991; x_wconf 86' lang='lat' dir='ltr'><strong>vel</strong></span> <span class='ocrx_word' id='word_1_64' title='bbox 1212 936 1573 1009; x_wconf 85' lang='lat' dir='ltr'><strong>quibuslibet</strong></span> <span class='ocrx_word' id='word_1_65' title='bbox 1602 935 1852 1009; x_wconf 90' lang='lat' dir='ltr'><strong>impuris</strong></span> 
     </span>
    </p>
   </div>
   <div class='ocr_carea' id='block_1_11' title="bbox 186 1022 1851 1098">
    <p class='ocr_par' dir='ltr' id='par_1_11' title="bbox 186 1022 1851 1098">
     <span class='ocr_line' id='line_1_11' title="bbox 186 1022 1851 1098; baseline 0.002 -21"><span class='ocrx_word' id='word_1_66' title='bbox 186 1022 462 1094; x_wconf 83' lang='lat' dir='ltr'><strong>personis</strong></span> <span class='ocrx_word' id='word_1_67' title='bbox 482 1022 746 1079; x_wconf 90' lang='lat' dir='ltr'><strong>convivia</strong></span> <span class='ocrx_word' id='word_1_68' title='bbox 764 1028 1090 1095; x_wconf 79' lang='lat' dir='ltr'><strong>exerceant,</strong></span> <span class='ocrx_word' id='word_1_69' title='bbox 1111 1041 1302 1098; x_wconf 86' lang='lat' dir='ltr'><strong>neque</strong></span> <span class='ocrx_word' id='word_1_70' title='bbox 1323 1025 1851 1082; x_wconf 86' lang='lat' dir='ltr'><strong>comessationibus</strong></span> 
     </span>
    </p>
   </div>
   <div class='ocr_carea' id='block_1_12' title="bbox 188 1110 1852 1187">
    <p class='ocr_par' dir='ltr' id='par_1_12' title="bbox 188 1110 1852 1187">
     <span class='ocr_line' id='line_1_12' title="bbox 188 1110 1852 1187; baseline 0.001 -20"><span class='ocrx_word' id='word_1_71' title='bbox 188 1116 246 1168; x_wconf 90' lang='lat' dir='ltr'><strong>et</strong></span> <span class='ocrx_word' id='word_1_72' title='bbox 275 1110 509 1167; x_wconf 66' lang='lat' dir='ltr'><strong>ceteris</strong></span> <span class='ocrx_word' id='word_1_73' title='bbox 539 1110 804 1183; x_wconf 87' lang='lat' dir='ltr'><strong>pestibus</strong></span> <span class='ocrx_word' id='word_1_74' title='bbox 830 1113 897 1167; x_wconf 91' lang='lat' dir='ltr'><strong>ad</strong></span> <span class='ocrx_word' id='word_1_75' title='bbox 927 1112 1399 1187; x_wconf 86' lang='lat' dir='ltr'><strong>gastrimargiam</strong></span> <span class='ocrx_word' id='word_1_76' title='bbox 1420 1113 1852 1186; x_wconf 89' lang='lat' dir='ltr'><strong>pertinentibus</strong></span> 
     </span>
    </p>
   </div>
   <div class='ocr_carea' id='block_1_13' title="bbox 186 1200 1855 1267">
    <p class='ocr_par' dir='ltr' id='par_1_13' title="bbox 186 1200 1855 1267">
     <span class='ocr_line' id='line_1_13' title="bbox 186 1200 1855 1267; baseline -0.002 -11"><span class='ocrx_word' id='word_1_77' title='bbox 186 1200 612 1267; x_wconf 84' lang='lat' dir='ltr'><strong>deserviant,et</strong></span> <span class='ocrx_word' id='word_1_78' title='bbox 634 1200 705 1256; x_wconf 94' lang='lat' dir='ltr'><strong>ad</strong></span> <span class='ocrx_word' id='word_1_79' title='bbox 730 1200 920 1257; x_wconf 92' lang='lat' dir='ltr'><strong>forum</strong></span> <span class='ocrx_word' id='word_1_80' title='bbox 944 1200 1031 1257; x_wconf 88' lang='lat' dir='ltr'><strong>vel</strong></span> <span class='ocrx_word' id='word_1_81' title='bbox 1055 1208 1379 1258; x_wconf 84' lang='lat' dir='ltr'><strong>mercatum</strong></span> <span class='ocrx_word' id='word_1_82' title='bbox 1404 1201 1739 1258; x_wconf 89' lang='lat' dir='ltr'><strong>nullatenus</strong></span> <span class='ocrx_word' id='word_1_83' title='bbox 1758 1219 1855 1259; x_wconf 87' lang='lat' dir='ltr'><strong>va-</strong></span> 
     </span>
    </p>
   </div>
   <div class='ocr_carea' id='block_1_14' title="bbox 186 1289 1851 1365">
    <p class='ocr_par' dir='ltr' id='par_1_14' title="bbox 186 1289 1851 1365">
     <span class='ocr_line' id='line_1_14' title="bbox 186 1289 1851 1365; baseline 0.001 -20"><span class='ocrx_word' id='word_1_84' title='bbox 186 1289 351 1353; x_wconf 85' lang='lat' dir='ltr'><strong>dant,</strong></span> <span class='ocrx_word' id='word_1_85' title='bbox 371 1305 563 1362; x_wconf 91' lang='lat' dir='ltr'><strong>neque</strong></span> <span class='ocrx_word' id='word_1_86' title='bbox 586 1289 656 1344; x_wconf 91' lang='lat' dir='ltr'><strong>ad</strong></span> <span class='ocrx_word' id='word_1_87' title='bbox 677 1289 953 1346; x_wconf 76' lang='lat' dir='ltr'><strong>saeculare</strong></span> <span class='ocrx_word' id='word_1_88' title='bbox 968 1290 1261 1362; x_wconf 85' lang='lat' dir='ltr'><strong>judicium</strong></span> <span class='ocrx_word' id='word_1_89' title='bbox 1285 1295 1548 1365; x_wconf 82' lang='lat' dir='ltr'><strong>pergant,</strong></span> <span class='ocrx_word' id='word_1_90' title='bbox 1569 1292 1681 1347; x_wconf 89' lang='lat' dir='ltr'><strong>nisi</strong></span> <span class='ocrx_word' id='word_1_91' title='bbox 1706 1291 1851 1347; x_wconf 85' lang='lat' dir='ltr'><strong>forte</strong></span> 
     </span>
    </p>
   </div>
   <div class='ocr_carea' id='block_1_15' title="bbox 180 1378 1851 1454">
    <p class='ocr_par' dir='ltr' id='par_1_15' title="bbox 180 1378 1851 1454">
     <span class='ocr_line' id='line_1_15' title="bbox 180 1378 1851 1454; baseline 0.001 -19"><span class='ocrx_word' id='word_1_92' title='bbox 180 1383 243 1435; x_wconf 86' lang='lat' dir='ltr'><strong>ut</strong></span> <span class='ocrx_word' id='word_1_93' title='bbox 274 1378 643 1451; x_wconf 83' lang='lat' dir='ltr'><strong>pauperibus</strong></span> <span class='ocrx_word' id='word_1_94' title='bbox 674 1384 1043 1448; x_wconf 84' lang='lat' dir='ltr'><strong>succurrant,</strong></span> <span class='ocrx_word' id='word_1_95' title='bbox 1069 1386 1171 1436; x_wconf 91' lang='lat' dir='ltr'><strong>aut</strong></span> <span class='ocrx_word' id='word_1_96' title='bbox 1192 1382 1262 1436; x_wconf 92' lang='lat' dir='ltr'><strong>de</strong></span> <span class='ocrx_word' id='word_1_97' title='bbox 1290 1381 1461 1437; x_wconf 90' lang='lat' dir='ltr'><strong>verbo</strong></span> <span class='ocrx_word' id='word_1_98' title='bbox 1494 1381 1591 1436; x_wconf 91' lang='lat' dir='ltr'><strong>Dei</strong></span> <span class='ocrx_word' id='word_1_99' title='bbox 1617 1380 1851 1454; x_wconf 88' lang='lat' dir='ltr'><strong>judices</strong></span> 
     </span>
    </p>
   </div>
   <div class='ocr_carea' id='block_1_16' title="bbox 183 1467 1847 1542">
    <p class='ocr_par' dir='ltr' id='par_1_16' title="bbox 183 1467 1847 1542">
     <span class='ocr_line' id='line_1_16' title="bbox 183 1467 1847 1542; baseline 0.001 -19"><span class='ocrx_word' id='word_1_100' title='bbox 183 1468 545 1523; x_wconf 73' lang='lat' dir='ltr'><strong>admoneant</strong></span> <span class='ocrx_word' id='word_1_101' title='bbox 573 1470 639 1522; x_wconf 92' lang='lat' dir='ltr'><strong>ut</strong></span> <span class='ocrx_word' id='word_1_102' title='bbox 659 1467 826 1538; x_wconf 84' lang='lat' dir='ltr'><strong>justa</strong></span> <span class='ocrx_word' id='word_1_103' title='bbox 844 1468 1074 1539; x_wconf 90' lang='lat' dir='ltr'><strong>judicia</strong></span> <span class='ocrx_word' id='word_1_104' title='bbox 1095 1469 1385 1542; x_wconf 85' lang='lat' dir='ltr'><strong>judicent.</strong></span> <span class='ocrx_word' id='word_1_105' title='bbox 1403 1469 1459 1524; x_wconf 89' lang='lat' dir='ltr'><strong>Si</strong></span> <span class='ocrx_word' id='word_1_106' title='bbox 1485 1486 1615 1525; x_wconf 90' lang='lat' dir='ltr'><strong>vero</strong></span> <span class='ocrx_word' id='word_1_107' title='bbox 1645 1485 1847 1525; x_wconf 89' lang='lat' dir='ltr'><strong>eorum</strong></span> 
     </span>
    </p>
   </div>
   <div class='ocr_carea' id='block_1_17' title="bbox 179 1554 1849 1631">
    <p class='ocr_par' dir='ltr' id='par_1_17' title="bbox 179 1554 1849 1631">
     <span class='ocr_line' id='line_1_17' title="bbox 179 1554 1849 1631; baseline 0.001 -20"><span class='ocrx_word' id='word_1_108' title='bbox 179 1554 422 1628; x_wconf 86' lang='lat' dir='ltr'><strong>propria</strong></span> <span class='ocrx_word' id='word_1_109' title='bbox 450 1571 632 1611; x_wconf 90' lang='lat' dir='ltr'><strong>causa</strong></span> <span class='ocrx_word' id='word_1_110' title='bbox 662 1556 887 1628; x_wconf 87' lang='lat' dir='ltr'><strong>agenda</strong></span> <span class='ocrx_word' id='word_1_111' title='bbox 928 1562 1038 1622; x_wconf 88' lang='lat' dir='ltr'><strong>est,</strong></span> <span class='ocrx_word' id='word_1_112' title='bbox 1063 1575 1198 1612; x_wconf 87' lang='lat' dir='ltr'><strong>cum</strong></span> <span class='ocrx_word' id='word_1_113' title='bbox 1242 1557 1478 1614; x_wconf 83' lang='lat' dir='ltr'><strong>licentia</strong></span> <span class='ocrx_word' id='word_1_114' title='bbox 1506 1558 1761 1631; x_wconf 86' lang='lat' dir='ltr'><strong>episcopi</strong></span> <span class='ocrx_word' id='word_1_115' title='bbox 1793 1563 1849 1614; x_wconf 91' lang='lat' dir='ltr'><strong>et</strong></span> 
     </span>
    </p>
   </div>
   <div class='ocr_carea' id='block_1_18' title="bbox 177 1644 1847 1717">
    <p class='ocr_par' dir='ltr' id='par_1_18' title="bbox 177 1644 1847 1717">
     <span class='ocr_line' id='line_1_18' title="bbox 177 1644 1847 1717; baseline 0.003 -19"><span class='ocrx_word' id='word_1_116' title='bbox 177 1660 312 1699; x_wconf 91' lang='lat' dir='ltr'><strong>cum</strong></span> <span class='ocrx_word' id='word_1_117' title='bbox 339 1644 622 1699; x_wconf 87' lang='lat' dir='ltr'><strong>advocato</strong></span> <span class='ocrx_word' id='word_1_118' title='bbox 645 1649 912 1717; x_wconf 83' lang='lat' dir='ltr'><strong>pergant.</strong></span> <span class='ocrx_word' id='word_1_119' title='bbox 935 1645 1323 1703; x_wconf 90' lang='lat' dir='ltr'><strong>Prohibemus</strong></span> <span class='ocrx_word' id='word_1_120' title='bbox 1345 1651 1540 1703; x_wconf 86' lang='lat' dir='ltr'><strong>autem</strong></span> <span class='ocrx_word' id='word_1_121' title='bbox 1561 1647 1847 1703; x_wconf 85' lang='lat' dir='ltr'><strong>omnimo-</strong></span> 
     </span>
    </p>
   </div>
   <div class='ocr_carea' id='block_1_19' title="bbox 177 1732 1843 1805">
    <p class='ocr_par' dir='ltr' id='par_1_19' title="bbox 177 1732 1843 1805">
     <span class='ocr_line' id='line_1_19' title="bbox 177 1732 1843 1805; baseline 0.001 -16"><span class='ocrx_word' id='word_1_122' title='bbox 177 1733 265 1789; x_wconf 89' lang='lat' dir='ltr'><strong>dis</strong></span> <span class='ocrx_word' id='word_1_123' title='bbox 280 1738 355 1787; x_wconf 89' lang='lat' dir='ltr'><strong>ut</strong></span> <span class='ocrx_word' id='word_1_124' title='bbox 379 1732 702 1805; x_wconf 74' lang='lat' dir='ltr'><strong>presbyteri</strong></span> <span class='ocrx_word' id='word_1_125' title='bbox 722 1732 897 1788; x_wconf 87' lang='lat' dir='ltr'><strong>villici</strong></span> <span class='ocrx_word' id='word_1_126' title='bbox 922 1739 977 1789; x_wconf 88' lang='lat' dir='ltr'><strong>et</strong></span> <span class='ocrx_word' id='word_1_127' title='bbox 996 1736 1383 1792; x_wconf 86' lang='lat' dir='ltr'><strong>conductores</strong></span> <span class='ocrx_word' id='word_1_128' title='bbox 1405 1736 1704 1792; x_wconf 89' lang='lat' dir='ltr'><strong>seniorum</strong></span> <span class='ocrx_word' id='word_1_129' title='bbox 1728 1753 1843 1792; x_wconf 91' lang='lat' dir='ltr'><strong>non</strong></span> 
     </span>
    </p>
   </div>
   <div class='ocr_carea' id='block_1_20' title="bbox 177 1821 1842 1898">
    <p class='ocr_par' dir='ltr' id='par_1_20' title="bbox 177 1821 1842 1898">
     <span class='ocr_line' id='line_1_20' title="bbox 177 1821 1842 1898; baseline 0.002 -21"><span class='ocrx_word' id='word_1_130' title='bbox 177 1823 343 1889; x_wconf 83' lang='lat' dir='ltr'><strong>fiant,</strong></span> <span class='ocrx_word' id='word_1_131' title='bbox 371 1837 479 1877; x_wconf 91' lang='lat' dir='ltr'><strong>nec</strong></span> <span class='ocrx_word' id='word_1_132' title='bbox 510 1821 744 1878; x_wconf 83' lang='lat' dir='ltr'><strong>chartas</strong></span> <span class='ocrx_word' id='word_1_133' title='bbox 771 1822 1053 1891; x_wconf 83' lang='lat' dir='ltr'><strong>scribant,</strong></span> <span class='ocrx_word' id='word_1_134' title='bbox 1081 1841 1189 1881; x_wconf 91' lang='lat' dir='ltr'><strong>nec</strong></span> <span class='ocrx_word' id='word_1_135' title='bbox 1217 1826 1288 1881; x_wconf 91' lang='lat' dir='ltr'><strong>ad</strong></span> <span class='ocrx_word' id='word_1_136' title='bbox 1319 1825 1556 1898; x_wconf 72' lang='lat' dir='ltr'><strong>nuptias</strong></span> <span class='ocrx_word' id='word_1_137' title='bbox 1577 1830 1842 1898; x_wconf 85' lang='lat' dir='ltr'><strong>pergant,</strong></span> 
     </span>
    </p>
   </div>
   <div class='ocr_carea' id='block_1_21' title="bbox 179 1913 1844 1985">
    <p class='ocr_par' dir='ltr' id='par_1_21' title="bbox 179 1913 1844 1985">
     <span class='ocr_line' id='line_1_21' title="bbox 179 1913 1844 1985; baseline 0.002 -19"><span class='ocrx_word' id='word_1_138' title='bbox 179 1927 278 1966; x_wconf 85' lang='lat' dir='ltr'><strong>nec</strong></span> <span class='ocrx_word' id='word_1_139' title='bbox 303 1926 480 1966; x_wconf 87' lang='lat' dir='ltr'><strong>arma</strong></span> <span class='ocrx_word' id='word_1_140' title='bbox 494 1914 822 1977; x_wconf 88' lang='lat' dir='ltr'><strong>assumant,</strong></span> <span class='ocrx_word' id='word_1_141' title='bbox 838 1926 941 1967; x_wconf 90' lang='lat' dir='ltr'><strong>nec</strong></span> <span class='ocrx_word' id='word_1_142' title='bbox 961 1913 1339 1985; x_wconf 81' lang='lat' dir='ltr'><strong>fidejussores</strong></span> <span class='ocrx_word' id='word_1_143' title='bbox 1362 1914 1844 1970; x_wconf 82' lang='lat' dir='ltr'><strong>existant.Carnis</strong></span> 
     </span>
    </p>
   </div>
   <div class='ocr_carea' id='block_1_22' title="bbox 176 1998 1844 2074">
    <p class='ocr_par' dir='ltr' id='par_1_22' title="bbox 176 1998 1844 2074">
     <span class='ocr_line' id='line_1_22' title="bbox 176 1998 1844 2074; baseline 0.002 -19"><span class='ocrx_word' id='word_1_144' title='bbox 176 2016 417 2072; x_wconf 82' lang='lat' dir='ltr'><strong>quoque</strong></span> <span class='ocrx_word' id='word_1_145' title='bbox 466 1998 792 2070; x_wconf 87' lang='lat' dir='ltr'><strong>voluptates</strong></span> <span class='ocrx_word' id='word_1_146' title='bbox 824 2004 881 2055; x_wconf 90' lang='lat' dir='ltr'><strong>et</strong></span> <span class='ocrx_word' id='word_1_147' title='bbox 926 2002 1160 2074; x_wconf 87' lang='lat' dir='ltr'><strong>negotia</strong></span> <span class='ocrx_word' id='word_1_148' title='bbox 1207 2003 1515 2059; x_wconf 73' lang='lat' dir='ltr'><strong>saecularia</strong></span> <span class='ocrx_word' id='word_1_149' title='bbox 1563 2008 1617 2058; x_wconf 88' lang='lat' dir='ltr'><strong>et</strong></span> <span class='ocrx_word' id='word_1_150' title='bbox 1666 2020 1844 2059; x_wconf 87' lang='lat' dir='ltr'><strong>vanas</strong></span> 
     </span>
    </p>
   </div>
   <div class='ocr_carea' id='block_1_23' title="bbox 173 2087 1845 2164">
    <p class='ocr_par' dir='ltr' id='par_1_23' title="bbox 173 2087 1845 2164">
     <span class='ocr_line' id='line_1_23' title="bbox 173 2087 1845 2164; baseline 0.002 -19"><span class='ocrx_word' id='word_1_151' title='bbox 173 2090 359 2161; x_wconf 87' lang='lat' dir='ltr'><strong>hujus</strong></span> <span class='ocrx_word' id='word_1_152' title='bbox 393 2087 599 2143; x_wconf 90' lang='lat' dir='ltr'><strong>mundi</strong></span> <span class='ocrx_word' id='word_1_153' title='bbox 630 2087 890 2157; x_wconf 89' lang='lat' dir='ltr'><strong>delicias,</strong></span> <span class='ocrx_word' id='word_1_154' title='bbox 918 2089 1218 2163; x_wconf 89' lang='lat' dir='ltr'><strong>impudica</strong></span> <span class='ocrx_word' id='word_1_155' title='bbox 1246 2091 1526 2159; x_wconf 88' lang='lat' dir='ltr'><strong>convivia,</strong></span> <span class='ocrx_word' id='word_1_156' title='bbox 1550 2108 1699 2147; x_wconf 87' lang='lat' dir='ltr'><strong>vana</strong></span> <span class='ocrx_word' id='word_1_157' title='bbox 1719 2107 1845 2164; x_wconf 87' lang='lat' dir='ltr'><strong>spe-</strong></span> 
     </span>
    </p>
   </div>
   <div class='ocr_carea' id='block_1_24' title="bbox 172 2176 1847 2253">
    <p class='ocr_par' dir='ltr' id='par_1_24' title="bbox 172 2176 1847 2253">
     <span class='ocr_line' id='line_1_24' title="bbox 172 2176 1847 2253; baseline 0.001 -19"><span class='ocrx_word' id='word_1_158' title='bbox 172 2176 428 2244; x_wconf 88' lang='lat' dir='ltr'><strong>ctacula,</strong></span> <span class='ocrx_word' id='word_1_159' title='bbox 454 2176 785 2233; x_wconf 78' lang='lat' dir='ltr'><strong>mortiferas</strong></span> <span class='ocrx_word' id='word_1_160' title='bbox 817 2177 997 2249; x_wconf 88' lang='lat' dir='ltr'><strong>hujus</strong></span> <span class='ocrx_word' id='word_1_161' title='bbox 1046 2180 1240 2236; x_wconf 61' lang='lat' dir='ltr'><strong>saeculi</strong></span> <span class='ocrx_word' id='word_1_162' title='bbox 1281 2198 1548 2253; x_wconf 86' lang='lat' dir='ltr'><strong>pompas,</strong></span> <span class='ocrx_word' id='word_1_163' title='bbox 1571 2181 1847 2237; x_wconf 82' lang='lat' dir='ltr'><strong>obscaena</strong></span> 
     </span>
    </p>
   </div>
   <div class='ocr_carea' id='block_1_25' title="bbox 166 2266 1844 2341">
    <p class='ocr_par' dir='ltr' id='par_1_25' title="bbox 166 2266 1844 2341">
     <span class='ocr_line' id='line_1_25' title="bbox 166 2266 1844 2341; baseline 0 -17"><span class='ocrx_word' id='word_1_164' title='bbox 166 2270 444 2341; x_wconf 86' lang='lat' dir='ltr'><strong>jocorum</strong></span> <span class='ocrx_word' id='word_1_165' title='bbox 475 2266 667 2333; x_wconf 88' lang='lat' dir='ltr'><strong>verba,</strong></span> <span class='ocrx_word' id='word_1_166' title='bbox 693 2266 847 2323; x_wconf 88' lang='lat' dir='ltr'><strong>risus</strong></span> <span class='ocrx_word' id='word_1_167' title='bbox 880 2267 938 2323; x_wconf 90' lang='lat' dir='ltr'><strong>in</strong></span> <span class='ocrx_word' id='word_1_168' title='bbox 952 2268 1152 2336; x_wconf 87' lang='lat' dir='ltr'><strong>utiles,</strong></span> <span class='ocrx_word' id='word_1_169' title='bbox 1176 2270 1544 2325; x_wconf 88' lang='lat' dir='ltr'><strong>venationem</strong></span> <span class='ocrx_word' id='word_1_170' title='bbox 1568 2287 1699 2326; x_wconf 90' lang='lat' dir='ltr'><strong>cum</strong></span> <span class='ocrx_word' id='word_1_171' title='bbox 1725 2270 1844 2325; x_wconf 89' lang='lat' dir='ltr'><strong>avi-</strong></span> 
     </span>
    </p>
   </div>
   <div class='ocr_carea' id='block_1_26' title="bbox 173 2355 1847 2431">
    <p class='ocr_par' dir='ltr' id='par_1_26' title="bbox 173 2355 1847 2431">
     <span class='ocr_line' id='line_1_26' title="bbox 173 2355 1847 2431; baseline 0.001 -20"><span class='ocrx_word' id='word_1_172' title='bbox 173 2358 279 2412; x_wconf 88' lang='lat' dir='ltr'><strong>bus</strong></span> <span class='ocrx_word' id='word_1_173' title='bbox 304 2355 399 2412; x_wconf 85' lang='lat' dir='ltr'><strong>vel</strong></span> <span class='ocrx_word' id='word_1_174' title='bbox 421 2355 690 2421; x_wconf 88' lang='lat' dir='ltr'><strong>canibus,</strong></span> <span class='ocrx_word' id='word_1_175' title='bbox 718 2373 950 2425; x_wconf 90' lang='lat' dir='ltr'><strong>usuras,</strong></span> <span class='ocrx_word' id='word_1_176' title='bbox 974 2358 1401 2430; x_wconf 85' lang='lat' dir='ltr'><strong>negotiationes</strong></span> <span class='ocrx_word' id='word_1_177' title='bbox 1430 2359 1685 2426; x_wconf 88' lang='lat' dir='ltr'><strong>illicitas,</strong></span> <span class='ocrx_word' id='word_1_178' title='bbox 1708 2376 1847 2431; x_wconf 70' lang='lat' dir='ltr'><strong>pon‘</strong></span> 
     </span>
    </p>
   </div>
   <div class='ocr_carea' id='block_1_27' title="bbox 174 2444 1845 2520">
    <p class='ocr_par' dir='ltr' id='par_1_27' title="bbox 174 2444 1845 2520">
     <span class='ocr_line' id='line_1_27' title="bbox 174 2444 1845 2520; baseline 0.001 -20"><span class='ocrx_word' id='word_1_179' title='bbox 174 2446 312 2503; x_wconf 87' lang='lat' dir='ltr'><strong>dera</strong></span> <span class='ocrx_word' id='word_1_180' title='bbox 345 2445 573 2517; x_wconf 87' lang='lat' dir='ltr'><strong>iniqua,</strong></span> <span class='ocrx_word' id='word_1_181' title='bbox 598 2444 810 2516; x_wconf 89' lang='lat' dir='ltr'><strong>placita</strong></span> <span class='ocrx_word' id='word_1_182' title='bbox 852 2446 1176 2513; x_wconf 72' lang='lat' dir='ltr'><strong>saecularia,</strong></span> <span class='ocrx_word' id='word_1_183' title='bbox 1231 2465 1476 2504; x_wconf 88' lang='lat' dir='ltr'><strong>munera</strong></span> <span class='ocrx_word' id='word_1_184' title='bbox 1514 2449 1756 2520; x_wconf 76' lang='lat' dir='ltr'><strong>injuste,</strong></span> <span class='ocrx_word' id='word_1_185' title='bbox 1789 2452 1845 2503; x_wconf 89' lang='lat' dir='ltr'><strong>et</strong></span> 
     </span>
    </p>
   </div>
   <div class='ocr_carea' id='block_1_28' title="bbox 173 2533 1846 2608">
    <p class='ocr_par' dir='ltr' id='par_1_28' title="bbox 173 2533 1846 2608">
     <span class='ocr_line' id='line_1_28' title="bbox 173 2533 1846 2608; baseline 0.002 -18"><span class='ocrx_word' id='word_1_186' title='bbox 173 2534 379 2590; x_wconf 84' lang='lat' dir='ltr'><strong>omnia</strong></span> <span class='ocrx_word' id='word_1_187' title='bbox 407 2533 681 2589; x_wconf 88' lang='lat' dir='ltr'><strong>mortalia</strong></span> <span class='ocrx_word' id='word_1_188' title='bbox 709 2539 968 2605; x_wconf 88' lang='lat' dir='ltr'><strong>peccata,</strong></span> <span class='ocrx_word' id='word_1_189' title='bbox 986 2540 1042 2590; x_wconf 91' lang='lat' dir='ltr'><strong>et</strong></span> <span class='ocrx_word' id='word_1_190' title='bbox 1073 2537 1123 2591; x_wconf 88' lang='lat' dir='ltr'><strong>si</strong></span> <span class='ocrx_word' id='word_1_191' title='bbox 1157 2554 1273 2608; x_wconf 88' lang='lat' dir='ltr'><strong>qua</strong></span> <span class='ocrx_word' id='word_1_192' title='bbox 1297 2543 1435 2593; x_wconf 91' lang='lat' dir='ltr'><strong>sunt</strong></span> <span class='ocrx_word' id='word_1_193' title='bbox 1466 2538 1702 2604; x_wconf 85' lang='lat' dir='ltr'><strong>similia,</strong></span> <span class='ocrx_word' id='word_1_194' title='bbox 1725 2555 1846 2593; x_wconf 83' lang='lat' dir='ltr'><strong>mo-</strong></span> 
     </span>
    </p>
   </div>
   <div class='ocr_carea' id='block_1_29' title="bbox 173 2621 1840 2699">
    <p class='ocr_par' dir='ltr' id='par_1_29' title="bbox 173 2621 1840 2699">
     <span class='ocr_line' id='line_1_29' title="bbox 173 2621 1840 2699; baseline 0.002 -20"><span class='ocrx_word' id='word_1_195' title='bbox 173 2641 389 2679; x_wconf 86' lang='lat' dir='ltr'><strong>nemus</strong></span> <span class='ocrx_word' id='word_1_196' title='bbox 414 2627 481 2677; x_wconf 88' lang='lat' dir='ltr'><strong>ut</strong></span> <span class='ocrx_word' id='word_1_197' title='bbox 503 2621 826 2694; x_wconf 83' lang='lat' dir='ltr'><strong>refugiant:</strong></span> <span class='ocrx_word' id='word_1_198' title='bbox 850 2625 1126 2695; x_wconf 88' lang='lat' dir='ltr'><strong>quoniam</strong></span> <span class='ocrx_word' id='word_1_199' title='bbox 1152 2626 1481 2683; x_wconf 88' lang='lat' dir='ltr'><strong>secundum</strong></span> <span class='ocrx_word' id='word_1_200' title='bbox 1498 2626 1840 2699; x_wconf 84' lang='lat' dir='ltr'><strong>Apostolum</strong></span> 
     </span>
    </p>
   </div>
   <div class='ocr_carea' id='block_1_30' title="bbox 172 2712 1843 2786">
    <p class='ocr_par' dir='ltr' id='par_1_30' title="bbox 172 2712 1843 2786">
     <span class='ocr_line' id='line_1_30' title="bbox 172 2712 1843 2786; baseline 0.001 -16"><span class='ocrx_word' id='word_1_201' title='bbox 172 2719 342 2771; x_wconf 78' lang='lat' dir='ltr'><strong>Nemo</strong></span> <span class='ocrx_word' id='word_1_202' title='bbox 374 2712 627 2767; x_wconf 84' lang='lat' dir='ltr'><strong>militans</strong></span> <span class='ocrx_word' id='word_1_203' title='bbox 669 2712 776 2766; x_wconf 86' lang='lat' dir='ltr'><strong>Deo</strong></span> <span class='ocrx_word' id='word_1_204' title='bbox 831 2714 1086 2784; x_wconf 79' lang='lat' dir='ltr'><strong>implicat</strong></span> <span class='ocrx_word' id='word_1_205' title='bbox 1122 2731 1179 2769; x_wconf 86' lang='lat' dir='ltr'><strong>se</strong></span> <span class='ocrx_word' id='word_1_206' title='bbox 1210 2716 1436 2786; x_wconf 83' lang='lat' dir='ltr'><strong>negotiis</strong></span> <span class='ocrx_word' id='word_1_207' title='bbox 1481 2716 1843 2772; x_wconf 63' lang='lat' dir='ltr'><strong>saecularibus</strong></span> 
     </span>
    </p>
   </div>
   <div class='ocr_carea' id='block_1_31' title="bbox 172 2802 1840 2876">
    <p class='ocr_par' dir='ltr' id='par_1_31' title="bbox 172 2802 1840 2876">
     <span class='ocr_line' id='line_1_31' title="bbox 172 2802 1840 2876; baseline -0.001 -16"><span class='ocrx_word' id='word_1_208' title='bbox 172 2811 228 2860; x_wconf 78' lang='lat' dir='ltr'><strong>ut</strong></span> <span class='ocrx_word' id='word_1_209' title='bbox 253 2804 309 2859; x_wconf 87' lang='lat' dir='ltr'><strong>ei</strong></span> <span class='ocrx_word' id='word_1_210' title='bbox 338 2802 560 2874; x_wconf 78' lang='lat' dir='ltr'><strong>placeat</strong></span> <span class='ocrx_word' id='word_1_211' title='bbox 585 2802 677 2855; x_wconf 87' lang='lat' dir='ltr'><strong>cui</strong></span> <span class='ocrx_word' id='word_1_212' title='bbox 703 2816 761 2856; x_wconf 84' lang='lat' dir='ltr'><strong>se</strong></span> <span class='ocrx_word' id='word_1_213' title='bbox 799 2803 1077 2872; x_wconf 80' lang='lat' dir='ltr'><strong>probavit.</strong></span> <span class='ocrx_word' id='word_1_214' title='bbox 1116 2807 1359 2859; x_wconf 68' lang='lat' dir='ltr'><strong>Caeteros</strong></span> <span class='ocrx_word' id='word_1_215' title='bbox 1404 2804 1603 2876; x_wconf 88' lang='lat' dir='ltr'><strong>itaque</strong></span> <span class='ocrx_word' id='word_1_216' title='bbox 1632 2805 1702 2860; x_wconf 93' lang='lat' dir='ltr'><strong>ad</strong></span> <span class='ocrx_word' id='word_1_217' title='bbox 1739 2804 1840 2859; x_wconf 81' lang='lat' dir='ltr'><strong>Ec-</strong></span> 
     </span>
    </p>
   </div>
   <div class='ocr_carea' id='block_1_32' title="bbox 171 2888 1840 2965">
    <p class='ocr_par' dir='ltr' id='par_1_32' title="bbox 171 2888 1840 2965">
     <span class='ocr_line' id='line_1_32' title="bbox 171 2888 1840 2965; baseline 0.001 -19"><span class='ocrx_word' id='word_1_218' title='bbox 171 2890 418 2947; x_wconf 81' lang='lat' dir='ltr'><strong>clesiam</strong></span> <span class='ocrx_word' id='word_1_219' title='bbox 458 2888 675 2945; x_wconf 87' lang='lat' dir='ltr'><strong>Christi</strong></span> <span class='ocrx_word' id='word_1_220' title='bbox 726 2889 1083 2963; x_wconf 87' lang='lat' dir='ltr'><strong>pertinentes</strong></span> <span class='ocrx_word' id='word_1_221' title='bbox 1114 2892 1210 2963; x_wconf 90' lang='lat' dir='ltr'><strong>pie</strong></span> <span class='ocrx_word' id='word_1_222' title='bbox 1241 2898 1298 2947; x_wconf 90' lang='lat' dir='ltr'><strong>et</strong></span> <span class='ocrx_word' id='word_1_223' title='bbox 1316 2893 1478 2963; x_wconf 88' lang='lat' dir='ltr'><strong>juste</strong></span> <span class='ocrx_word' id='word_1_224' title='bbox 1527 2892 1840 2965; x_wconf 61' lang='lat' dir='ltr'><strong>praevidere</strong></span> 
     </span>
    </p>
   </div>
   <div class='ocr_carea' id='block_1_33' title="bbox 174 2977 1839 3052">
    <p class='ocr_par' dir='ltr' id='par_1_33' title="bbox 174 2977 1839 3052">
     <span class='ocr_line' id='line_1_33' title="bbox 174 2977 1839 3052; baseline 0.001 -17"><span class='ocrx_word' id='word_1_225' title='bbox 174 2984 227 3036; x_wconf 92' lang='lat' dir='ltr'><strong>et</strong></span> <span class='ocrx_word' id='word_1_226' title='bbox 268 2994 478 3052; x_wconf 82' lang='lat' dir='ltr'><strong>regere</strong></span> <span class='ocrx_word' id='word_1_227' title='bbox 534 2977 746 3033; x_wconf 89' lang='lat' dir='ltr'><strong>debent</strong></span> <span class='ocrx_word' id='word_1_228' title='bbox 793 2981 1074 3050; x_wconf 84' lang='lat' dir='ltr'><strong>tanquam</strong></span> <span class='ocrx_word' id='word_1_229' title='bbox 1128 2979 1343 3036; x_wconf 86' lang='lat' dir='ltr'><strong>Christi</strong></span> <span class='ocrx_word' id='word_1_230' title='bbox 1405 2980 1643 3049; x_wconf 86' lang='lat' dir='ltr'><strong>milites,</strong></span> <span class='ocrx_word' id='word_1_231' title='bbox 1693 2981 1839 3037; x_wconf 89' lang='lat' dir='ltr'><strong>bene</strong></span> 
     </span>
    </p>
   </div>
   <div class='ocr_carea' id='block_1_34' title="bbox 173 3066 1835 3142">
    <p class='ocr_par' dir='ltr' id='par_1_34' title="bbox 173 3066 1835 3142">
     <span class='ocr_line' id='line_1_34' title="bbox 173 3066 1835 3142; baseline 0 -18"><span class='ocrx_word' id='word_1_232' title='bbox 173 3069 401 3142; x_wconf 81' lang='lat' dir='ltr'><strong>agendo</strong></span> <span class='ocrx_word' id='word_1_233' title='bbox 422 3072 483 3122; x_wconf 91' lang='lat' dir='ltr'><strong>et</strong></span> <span class='ocrx_word' id='word_1_234' title='bbox 510 3066 881 3139; x_wconf 67' lang='lat' dir='ltr'><strong>praedicando</strong></span> <span class='ocrx_word' id='word_1_235' title='bbox 899 3067 1071 3138; x_wconf 83' lang='lat' dir='ltr'><strong>juxta</strong></span> <span class='ocrx_word' id='word_1_236' title='bbox 1097 3068 1329 3125; x_wconf 91' lang='lat' dir='ltr'><strong>Domini</strong></span> <span class='ocrx_word' id='word_1_237' title='bbox 1353 3070 1835 3141; x_wconf 89' lang='lat' dir='ltr'><strong>sententiam,qui</strong></span> 
     </span>
    </p>
   </div>
   <div class='ocr_carea' id='block_1_35' title="bbox 174 3143 1911 3215">
    <p class='ocr_par' dir='ltr' id='par_1_35' title="bbox 174 3143 1911 3215">
     <span class='ocr_line' id='line_1_35' title="bbox 174 3143 1911 3215; baseline -0.002 -1"><span class='ocrx_word' id='word_1_238' title='bbox 174 3158 249 3215; x_wconf 81' lang='lat' dir='ltr'><strong>sit</strong></span> <span class='ocrx_word' id='word_1_239' title='bbox 277 3176 289 3213; x_wconf 91' lang='lat'><strong>:</strong></span> <span class='ocrx_word' id='word_1_240' title='bbox 320 3157 418 3213; x_wconf 66' lang='lat' dir='ltr'><strong>Sic</strong></span> <span class='ocrx_word' id='word_1_241' title='bbox 454 3155 632 3212; x_wconf 84' lang='lat' dir='ltr'><strong>luceat</strong></span> <span class='ocrx_word' id='word_1_242' title='bbox 652 3156 751 3211; x_wconf 65' lang='lat' dir='ltr'><strong>lux</strong></span> <span class='ocrx_word' id='word_1_243' title='bbox 782 3165 955 3212; x_wconf 83' lang='lat' dir='ltr'><strong>vestra</strong></span> <span class='ocrx_word' id='word_1_244' title='bbox 982 3174 1168 3214; x_wconf 87' lang='lat' dir='ltr'><strong>coram</strong></span> <span class='ocrx_word' id='word_1_245' title='bbox 1196 3158 1515 3215; x_wconf 84' lang='lat' dir='ltr'><strong>hominibus</strong></span> <span class='ocrx_word' id='word_1_246' title='bbox 1538 3168 1597 3214; x_wconf 89' lang='lat' dir='ltr'><strong>ut</strong></span> <span class='ocrx_word' id='word_1_247' title='bbox 1615 3160 1835 3215; x_wconf 84' lang='lat' dir='ltr'><strong>videant</strong></span> <span class='ocrx_word' id='word_1_248' title='bbox 1867 3143 1911 3211; x_wconf 82' lang='lat' dir='ltr'><strong>C</strong></span> 
     </span>
    </p>
   </div>
   <div class='ocr_carea' id='block_1_36' title="bbox 173 3247 1835 3321">
    <p class='ocr_par' dir='ltr' id='par_1_36' title="bbox 173 3247 1835 3321">
     <span class='ocr_line' id='line_1_36' title="bbox 173 3247 1835 3321; baseline 0.002 -19"><span class='ocrx_word' id='word_1_249' title='bbox 173 3256 348 3303; x_wconf 74' lang='lat' dir='ltr'><strong>vestra</strong></span> <span class='ocrx_word' id='word_1_250' title='bbox 383 3247 526 3303; x_wconf 87' lang='lat' dir='ltr'><strong>bona</strong></span> <span class='ocrx_word' id='word_1_251' title='bbox 573 3262 735 3318; x_wconf 82' lang='lat' dir='ltr'><strong>opera</strong></span> <span class='ocrx_word' id='word_1_252' title='bbox 764 3253 814 3301; x_wconf 85' lang='lat' dir='ltr'><strong>et</strong></span> <span class='ocrx_word' id='word_1_253' title='bbox 848 3247 1152 3319; x_wconf 83' lang='lat' dir='ltr'><strong>gloriﬁcent</strong></span> <span class='ocrx_word' id='word_1_254' title='bbox 1192 3249 1413 3304; x_wconf 84' lang='lat' dir='ltr'><strong>Patrem</strong></span> <span class='ocrx_word' id='word_1_255' title='bbox 1461 3257 1697 3305; x_wconf 76' lang='lat' dir='ltr'><strong>vestrum</strong></span> <span class='ocrx_word' id='word_1_256' title='bbox 1737 3250 1835 3321; x_wconf 87' lang='lat' dir='ltr'><strong>qui</strong></span> 
     </span>
    </p>
   </div>
   <div class='ocr_carea' id='block_1_37' title="bbox 177 3337 839 3392">
    <p class='ocr_par' dir='ltr' id='par_1_37' title="bbox 177 3337 839 3392">
     <span class='ocr_line' id='line_1_37' title="bbox 177 3337 839 3392; baseline -0.006 -1"><span class='ocrx_word' id='word_1_257' title='bbox 177 3338 231 3392; x_wconf 84' lang='lat' dir='ltr'><strong>in</strong></span> <span class='ocrx_word' id='word_1_258' title='bbox 259 3337 418 3392; x_wconf 63' lang='lat' dir='ltr'><strong>satis</strong></span> <span class='ocrx_word' id='word_1_259' title='bbox 450 3342 547 3391; x_wconf 77' lang='lat' dir='ltr'><strong>est.</strong></span> <span class='ocrx_word' id='word_1_260' title='bbox 834 3353 839 3358; x_wconf 62' lang='lat'><strong>&#39;</strong></span> 
     </span>
    </p>
   </div>
   <div class='ocr_carea' id='block_1_38' title="bbox 812 3442 1198 3499">
    <p class='ocr_par' dir='ltr' id='par_1_38' title="bbox 812 3442 1198 3499">
     <span class='ocr_line' id='line_1_38' title="bbox 812 3442 1198 3499; baseline 0 -1"><span class='ocrx_word' id='word_1_261' title='bbox 812 3442 1047 3499; x_wconf 86' lang='lat' dir='ltr'>CAPUT</span> <span class='ocrx_word' id='word_1_262' title='bbox 1087 3444 1198 3499; x_wconf 89' lang='lat' dir='ltr'><strong>XX.</strong></span> 
     </span>
    </p>
   </div>
   <div class='ocr_carea' id='block_1_39' title="bbox 178 3531 1830 3605">
    <p class='ocr_par' dir='ltr' id='par_1_39' title="bbox 178 3531 1830 3605">
     <span class='ocr_line' id='line_1_39' title="bbox 178 3531 1830 3605; baseline 0.001 -16"><span class='ocrx_word' id='word_1_263' title='bbox 178 3533 321 3601; x_wconf 84' lang='lat' dir='ltr'><strong>Quod</strong></span> <span class='ocrx_word' id='word_1_264' title='bbox 349 3533 576 3588; x_wconf 77' lang='lat' dir='ltr'><strong>statutis</strong></span> <span class='ocrx_word' id='word_1_265' title='bbox 603 3531 887 3605; x_wconf 16' lang='grc' dir='ltr'><strong>ιιὶειριιιςνει⁸</strong></span> <span class='ocrx_word' id='word_1_266' title='bbox 912 3534 970 3587; x_wconf 85' lang='lat' dir='ltr'><strong>in</strong></span> <span class='ocrx_word' id='word_1_267' title='bbox 1016 3534 1150 3587; x_wconf 86' lang='lat' dir='ltr'><strong>vicis</strong></span> <span class='ocrx_word' id='word_1_268' title='bbox 1200 3535 1465 3605; x_wconf 82' lang='lat' dir='ltr'><strong>baptisma</strong></span> <span class='ocrx_word' id='word_1_269' title='bbox 1514 3534 1830 3590; x_wconf 84' lang='lat' dir='ltr'><strong>celebretur.</strong></span> 
     </span>
    </p>
   </div>
   <div class='ocr_carea' id='block_1_40' title="bbox 596 3602 1413 3675">
    <p class='ocr_par' dir='ltr' id='par_1_40' title="bbox 596 3602 1413 3675">
     <span class='ocr_line' id='line_1_40' title="bbox 596 3602 1413 3675; baseline 0.005 -19"><span class='ocrx_word' id='word_1_270' title='bbox 596 3605 662 3657; x_wconf 86' lang='lat' dir='ltr'><strong>Et</strong></span> <span class='ocrx_word' id='word_1_271' title='bbox 687 3602 753 3657; x_wconf 85' lang='lat' dir='ltr'><strong>de</strong></span> <span class='ocrx_word' id='word_1_272' title='bbox 784 3602 1028 3674; x_wconf 79' lang='lat' dir='ltr'><strong>inﬁrmis</strong></span> <span class='ocrx_word' id='word_1_273' title='bbox 1055 3602 1413 3675; x_wconf 67' lang='lat' dir='ltr'><strong>baptizondis.</strong></span> 
     </span>
    </p>
   </div>
   <div class='ocr_carea' id='block_1_41' title="bbox 243 3690 1834 3767">
    <p class='ocr_par' dir='ltr' id='par_1_41' title="bbox 243 3690 1834 3767">
     <span class='ocr_line' id='line_1_41' title="bbox 243 3690 1834 3767; baseline 0.001 -19"><span class='ocrx_word' id='word_1_274' title='bbox 243 3692 619 3764; x_wconf 88' lang='lat' dir='ltr'><strong>Baptismum</strong></span> <span class='ocrx_word' id='word_1_275' title='bbox 634 3690 805 3744; x_wconf 88' lang='lat' dir='ltr'><strong>certis</strong></span> <span class='ocrx_word' id='word_1_276' title='bbox 821 3692 1182 3763; x_wconf 88' lang='lat' dir='ltr'><strong>temporibus</strong></span> <span class='ocrx_word' id='word_1_277' title='bbox 1197 3692 1475 3749; x_wconf 87' lang='lat' dir='ltr'><strong>celebrari</strong></span> <span class='ocrx_word' id='word_1_278' title='bbox 1494 3695 1717 3766; x_wconf 87' lang='lat' dir='ltr'><strong>antiqui</strong></span> <span class='ocrx_word' id='word_1_279' title='bbox 1739 3711 1834 3767; x_wconf 87' lang='lat' dir='ltr'><strong>pa-</strong></span> 
     </span>
    </p>
   </div>
   <div class='ocr_carea' id='block_1_42' title="bbox 176 3778 1834 3846">
    <p class='ocr_par' dir='ltr' id='par_1_42' title="bbox 176 3778 1834 3846">
     <span class='ocr_line' id='line_1_42' title="bbox 176 3778 1834 3846; baseline 0.002 -11"><span class='ocrx_word' id='word_1_280' title='bbox 176 3784 288 3837; x_wconf 86' lang='lat' dir='ltr'><strong>tres</strong></span> <span class='ocrx_word' id='word_1_281' title='bbox 316 3783 662 3846; x_wconf 80' lang='lat' dir='ltr'><strong>sanxerunt,</strong></span> <span class='ocrx_word' id='word_1_282' title='bbox 684 3778 909 3834; x_wconf 87' lang='lat' dir='ltr'><strong>Pascha</strong></span> <span class='ocrx_word' id='word_1_283' title='bbox 940 3779 1163 3835; x_wconf 89' lang='lat' dir='ltr'><strong>scilicet</strong></span> <span class='ocrx_word' id='word_1_284' title='bbox 1185 3787 1241 3836; x_wconf 90' lang='lat' dir='ltr'><strong>et</strong></span> <span class='ocrx_word' id='word_1_285' title='bbox 1272 3782 1666 3838; x_wconf 82' lang='lat' dir='ltr'><strong>Pentecosten.</strong></span> <span class='ocrx_word' id='word_1_286' title='bbox 1691 3783 1834 3839; x_wconf 88' lang='lat' dir='ltr'><strong>Aliis</strong></span> 
     </span>
    </p>
   </div>
   <div class='ocr_carea' id='block_1_43' title="bbox 175 3867 1835 3941">
    <p class='ocr_par' dir='ltr' id='par_1_43' title="bbox 175 3867 1835 3941">
     <span class='ocr_line' id='line_1_43' title="bbox 175 3867 1835 3941; baseline 0.002 -18"><span class='ocrx_word' id='word_1_287' title='bbox 175 3885 302 3924; x_wconf 89' lang='lat' dir='ltr'><strong>vero</strong></span> <span class='ocrx_word' id='word_1_288' title='bbox 322 3867 691 3940; x_wconf 88' lang='lat' dir='ltr'><strong>temporibus</strong></span> <span class='ocrx_word' id='word_1_289' title='bbox 709 3868 1047 3939; x_wconf 88' lang='lat' dir='ltr'><strong>quempiam</strong></span> <span class='ocrx_word' id='word_1_290' title='bbox 1074 3869 1353 3941; x_wconf 88' lang='lat' dir='ltr'><strong>baptizari</strong></span> <span class='ocrx_word' id='word_1_291' title='bbox 1381 3872 1660 3927; x_wconf 87' lang='lat' dir='ltr'><strong>canonica</strong></span> <span class='ocrx_word' id='word_1_292' title='bbox 1680 3876 1835 3928; x_wconf 89' lang='lat' dir='ltr'><strong>vetat</strong></span> 
     </span>
    </p>
   </div>
   <div class='ocr_carea' id='block_1_44' title="bbox 176 3958 1832 4031">
    <p class='ocr_par' dir='ltr' id='par_1_44' title="bbox 176 3958 1832 4031">
     <span class='ocr_line' id='line_1_44' title="bbox 176 3958 1832 4031; baseline 0.002 -19"><span class='ocrx_word' id='word_1_293' title='bbox 176 3958 518 4022; x_wconf 87' lang='lat' dir='ltr'><strong>auctoritas,</strong></span> <span class='ocrx_word' id='word_1_294' title='bbox 542 3961 754 4029; x_wconf 65' lang='lat' dir='ltr'><strong>praeter</strong></span> <span class='ocrx_word' id='word_1_295' title='bbox 794 3972 926 4012; x_wconf 90' lang='lat' dir='ltr'><strong>cum</strong></span> <span class='ocrx_word' id='word_1_296' title='bbox 977 3973 1153 4028; x_wconf 85' lang='lat' dir='ltr'><strong>quem</strong></span> <span class='ocrx_word' id='word_1_297' title='bbox 1202 3958 1259 4013; x_wconf 91' lang='lat' dir='ltr'><strong>in</strong></span> <span class='ocrx_word' id='word_1_298' title='bbox 1317 3958 1571 4031; x_wconf 87' lang='lat' dir='ltr'><strong>periculo</strong></span> <span class='ocrx_word' id='word_1_299' title='bbox 1627 3960 1832 4016; x_wconf 87' lang='lat' dir='ltr'><strong>mortis</strong></span> 
     </span>
    </p>
   </div>
   <div class='ocr_carea' id='block_1_45' title="bbox 176 4044 1832 4120">
    <p class='ocr_par' dir='ltr' id='par_1_45' title="bbox 176 4044 1832 4120">
     <span class='ocr_line' id='line_1_45' title="bbox 176 4044 1832 4120; baseline 0.001 -19"><span class='ocrx_word' id='word_1_300' title='bbox 176 4047 567 4102; x_wconf 86' lang='lat' dir='ltr'><strong>constitutum</strong></span> <span class='ocrx_word' id='word_1_301' title='bbox 595 4044 911 4102; x_wconf 88' lang='lat' dir='ltr'><strong>necessitas</strong></span> <span class='ocrx_word' id='word_1_302' title='bbox 943 4062 1179 4101; x_wconf 89' lang='lat' dir='ltr'><strong>summa</strong></span> <span class='ocrx_word' id='word_1_303' title='bbox 1202 4048 1566 4120; x_wconf 83' lang='lat' dir='ltr'><strong>constringit.</strong></span> <span class='ocrx_word' id='word_1_304' title='bbox 1598 4048 1695 4106; x_wconf 85' lang='lat' dir='ltr'><strong>His</strong></span> <span class='ocrx_word' id='word_1_305' title='bbox 1726 4049 1832 4104; x_wconf 89' lang='lat' dir='ltr'><strong>ita-</strong></span> 
     </span>
    </p>
   </div>
   <div class='ocr_carea' id='block_1_46' title="bbox 179 4134 1833 4208">
    <p class='ocr_par' dir='ltr' id='par_1_46' title="bbox 179 4134 1833 4208">
     <span class='ocr_line' id='line_1_46' title="bbox 179 4134 1833 4208; baseline 0.001 -17"><span class='ocrx_word' id='word_1_306' title='bbox 179 4152 287 4208; x_wconf 86' lang='lat' dir='ltr'><strong>que</strong></span> <span class='ocrx_word' id='word_1_307' title='bbox 320 4134 558 4190; x_wconf 91' lang='lat' dir='ltr'><strong>duobus</strong></span> <span class='ocrx_word' id='word_1_308' title='bbox 600 4134 987 4207; x_wconf 88' lang='lat' dir='ltr'><strong>temporibus,</strong></span> <span class='ocrx_word' id='word_1_309' title='bbox 1018 4135 1239 4191; x_wconf 85' lang='lat' dir='ltr'><strong>Pascha</strong></span> <span class='ocrx_word' id='word_1_310' title='bbox 1284 4135 1506 4192; x_wconf 75' lang='lat' dir='ltr'><strong>scilicet</strong></span> <span class='ocrx_word' id='word_1_311' title='bbox 1536 4142 1591 4193; x_wconf 87' lang='lat' dir='ltr'><strong>et</strong></span> <span class='ocrx_word' id='word_1_312' title='bbox 1632 4137 1833 4194; x_wconf 87' lang='lat' dir='ltr'><strong>Pente-</strong></span> 
     </span>
    </p>
   </div>
   <div class='ocr_carea' id='block_1_47' title="bbox 177 4224 1831 4291">
    <p class='ocr_par' dir='ltr' id='par_1_47' title="bbox 177 4224 1831 4291">
     <span class='ocr_line' id='line_1_47' title="bbox 177 4224 1831 4291; baseline 0.002 -13"><span class='ocrx_word' id='word_1_313' title='bbox 177 4229 404 4291; x_wconf 86' lang='lat' dir='ltr'><strong>costen,</strong></span> <span class='ocrx_word' id='word_1_314' title='bbox 420 4239 627 4279; x_wconf 89' lang='lat' dir='ltr'><strong>omnes</strong></span> <span class='ocrx_word' id='word_1_315' title='bbox 671 4224 1001 4279; x_wconf 88' lang='lat' dir='ltr'><strong>sacerdotes</strong></span> <span class='ocrx_word' id='word_1_316' title='bbox 1033 4241 1101 4280; x_wconf 83' lang='lat' dir='ltr'><strong>ex</strong></span> <span class='ocrx_word' id='word_1_317' title='bbox 1130 4224 1292 4280; x_wconf 90' lang='lat' dir='ltr'><strong>cellis</strong></span> <span class='ocrx_word' id='word_1_318' title='bbox 1331 4226 1401 4281; x_wconf 91' lang='lat' dir='ltr'><strong>ad</strong></span> <span class='ocrx_word' id='word_1_319' title='bbox 1443 4226 1598 4282; x_wconf 86' lang='lat' dir='ltr'><strong>vicos</strong></span> <span class='ocrx_word' id='word_1_320' title='bbox 1628 4242 1831 4282; x_wconf 86' lang='lat' dir='ltr'><strong>conve-</strong></span> 
     </span>
    </p>
   </div>
   <div class='ocr_carea' id='block_1_48' title="bbox 176 4311 1832 4385">
    <p class='ocr_par' dir='ltr' id='par_1_48' title="bbox 176 4311 1832 4385">
     <span class='ocr_line' id='line_1_48' title="bbox 176 4311 1832 4385; baseline 0.001 -17"><span class='ocrx_word' id='word_1_321' title='bbox 176 4312 299 4368; x_wconf 87' lang='lat' dir='ltr'><strong>nire</strong></span> <span class='ocrx_word' id='word_1_322' title='bbox 330 4313 569 4380; x_wconf 89' lang='lat' dir='ltr'><strong>debent,</strong></span> <span class='ocrx_word' id='word_1_323' title='bbox 595 4316 653 4367; x_wconf 92' lang='lat' dir='ltr'><strong>et</strong></span> <span class='ocrx_word' id='word_1_324' title='bbox 681 4311 760 4367; x_wconf 91' lang='lat' dir='ltr'><strong>ibi</strong></span> <span class='ocrx_word' id='word_1_325' title='bbox 792 4312 982 4368; x_wconf 82' lang='lat' dir='ltr'><strong>ofﬁcio</strong></span> <span class='ocrx_word' id='word_1_326' title='bbox 1014 4318 1416 4385; x_wconf 88' lang='lat' dir='ltr'><strong>peracto,cum</strong></span> <span class='ocrx_word' id='word_1_327' title='bbox 1448 4331 1682 4371; x_wconf 90' lang='lat' dir='ltr'><strong>summa</strong></span> <span class='ocrx_word' id='word_1_328' title='bbox 1702 4314 1832 4371; x_wconf 90' lang='lat' dir='ltr'><strong>dili-</strong></span> 
     </span>
    </p>
   </div>
   <div class='ocr_carea' id='block_1_49' title="bbox 174 4399 1829 4474">
    <p class='ocr_par' dir='ltr' id='par_1_49' title="bbox 174 4399 1829 4474">
     <span class='ocr_line' id='line_1_49' title="bbox 174 4399 1829 4474; baseline 0.002 -17"><span class='ocrx_word' id='word_1_329' title='bbox 174 4402 374 4473; x_wconf 86' lang='lat' dir='ltr'><strong>gentia</strong></span> <span class='ocrx_word' id='word_1_330' title='bbox 401 4399 788 4473; x_wconf 87' lang='lat' dir='ltr'><strong>baptizandos</strong></span> <span class='ocrx_word' id='word_1_331' title='bbox 827 4416 1093 4472; x_wconf 89' lang='lat' dir='ltr'><strong>quosque</strong></span> <span class='ocrx_word' id='word_1_332' title='bbox 1141 4401 1457 4474; x_wconf 87' lang='lat' dir='ltr'><strong>baptizent.</strong></span> <span class='ocrx_word' id='word_1_333' title='bbox 1492 4405 1563 4460; x_wconf 85' lang='lat' dir='ltr'><strong>Et</strong></span> <span class='ocrx_word' id='word_1_334' title='bbox 1590 4409 1728 4460; x_wconf 92' lang='lat' dir='ltr'><strong>tunc</strong></span> <span class='ocrx_word' id='word_1_335' title='bbox 1761 4405 1829 4460; x_wconf 90' lang='lat' dir='ltr'><strong>ad</strong></span> 
     </span>
    </p>
   </div>
   <div class='ocr_carea' id='block_1_50' title="bbox 173 4488 1912 4577">
    <p class='ocr_par' dir='ltr' id='par_1_50' title="bbox 173 4488 1912 4577">
     <span class='ocr_line' id='line_1_50' title="bbox 173 4488 1912 4577; baseline 0.001 -30"><span class='ocrx_word' id='word_1_336' title='bbox 173 4490 441 4564; x_wconf 83' lang='lat' dir='ltr'><strong>preprias</strong></span> <span class='ocrx_word' id='word_1_337' title='bbox 461 4489 741 4546; x_wconf 81' lang='lat' dir='ltr'><strong>ecclesias</strong></span> <span class='ocrx_word' id='word_1_338' title='bbox 758 4505 892 4544; x_wconf 91' lang='lat' dir='ltr'><strong>cum</strong></span> <span class='ocrx_word' id='word_1_339' title='bbox 912 4488 1222 4561; x_wconf 90' lang='lat' dir='ltr'><strong>baptizatis</strong></span> <span class='ocrx_word' id='word_1_340' title='bbox 1240 4492 1363 4547; x_wconf 91' lang='lat' dir='ltr'><strong>suis</strong></span> <span class='ocrx_word' id='word_1_341' title='bbox 1385 4496 1442 4548; x_wconf 89' lang='lat' dir='ltr'><strong>et</strong></span> <span class='ocrx_word' id='word_1_342' title='bbox 1459 4493 1680 4549; x_wconf 72' lang='lat' dir='ltr'><strong>caeteris</strong></span> <span class='ocrx_word' id='word_1_343' title='bbox 1701 4494 1836 4549; x_wconf 89' lang='lat' dir='ltr'><strong>suh-</strong></span> <span class='ocrx_word' id='word_1_344' title='bbox 1865 4512 1912 4577; x_wconf 84' lang='lat' dir='ltr'><strong>D</strong></span> 
     </span>
    </p>
   </div>
   <div class='ocr_carea' id='block_1_51' title="bbox 168 4577 1831 4653">
    <p class='ocr_par' dir='ltr' id='par_1_51' title="bbox 168 4577 1831 4653">
     <span class='ocr_line' id='line_1_51' title="bbox 168 4577 1831 4653; baseline 0.001 -17"><span class='ocrx_word' id='word_1_345' title='bbox 168 4580 343 4650; x_wconf 87' lang='lat' dir='ltr'><strong>jectis</strong></span> <span class='ocrx_word' id='word_1_346' title='bbox 400 4582 731 4635; x_wconf 85' lang='lat' dir='ltr'><strong>remeantes</strong></span> <span class='ocrx_word' id='word_1_347' title='bbox 778 4577 1095 4634; x_wconf 90' lang='lat' dir='ltr'><strong>missarum</strong></span> <span class='ocrx_word' id='word_1_348' title='bbox 1146 4579 1427 4636; x_wconf 86' lang='lat' dir='ltr'><strong>solemnia</strong></span> <span class='ocrx_word' id='word_1_349' title='bbox 1476 4580 1831 4653; x_wconf 88' lang='lat' dir='ltr'><strong>persolvant,</strong></span> 
     </span>
    </p>
   </div>
   <div class='ocr_carea' id='block_1_52' title="bbox 176 4666 1835 4743">
    <p class='ocr_par' dir='ltr' id='par_1_52' title="bbox 176 4666 1835 4743">
     <span class='ocr_line' id='line_1_52' title="bbox 176 4666 1835 4743; baseline 0.003 -21"><span class='ocrx_word' id='word_1_350' title='bbox 176 4672 228 4723; x_wconf 88' lang='lat' dir='ltr'><strong>et</strong></span> <span class='ocrx_word' id='word_1_351' title='bbox 256 4667 564 4741; x_wconf 87' lang='lat' dir='ltr'><strong>baptizati,</strong></span> <span class='ocrx_word' id='word_1_352' title='bbox 586 4672 644 4722; x_wconf 91' lang='lat' dir='ltr'><strong>et</strong></span> <span class='ocrx_word' id='word_1_353' title='bbox 673 4667 771 4740; x_wconf 91' lang='lat' dir='ltr'><strong>qui</strong></span> <span class='ocrx_word' id='word_1_354' title='bbox 797 4683 896 4723; x_wconf 89' lang='lat' dir='ltr'><strong>eos</strong></span> <span class='ocrx_word' id='word_1_355' title='bbox 925 4684 960 4721; x_wconf 93' lang='lat' dir='ltr'><strong>a</strong></span> <span class='ocrx_word' id='word_1_356' title='bbox 985 4666 1142 4723; x_wconf 89' lang='lat' dir='ltr'><strong>fonte</strong></span> <span class='ocrx_word' id='word_1_357' title='bbox 1166 4668 1538 4741; x_wconf 87' lang='lat' dir='ltr'><strong>baptismatis</strong></span> <span class='ocrx_word' id='word_1_358' title='bbox 1568 4687 1835 4743; x_wconf 85' lang='lat' dir='ltr'><strong>suscepe-</strong></span> 
     </span>
    </p>
   </div>
   <div class='ocr_carea' id='block_1_53' title="bbox 178 4756 1832 4831">
    <p class='ocr_par' dir='ltr' id='par_1_53' title="bbox 178 4756 1832 4831">
     <span class='ocr_line' id='line_1_53' title="bbox 178 4756 1832 4831; baseline 0.003 -20"><span class='ocrx_word' id='word_1_359' title='bbox 178 4762 312 4812; x_wconf 87' lang='lat' dir='ltr'><strong>runt</strong></span> <span class='ocrx_word' id='word_1_360' title='bbox 357 4774 562 4813; x_wconf 90' lang='lat' dir='ltr'><strong>omnes</strong></span> <span class='ocrx_word' id='word_1_361' title='bbox 606 4756 1131 4813; x_wconf 80' lang='lat' dir='ltr'><strong>excommunicent.</strong></span> <span class='ocrx_word' id='word_1_362' title='bbox 1156 4758 1225 4812; x_wconf 89' lang='lat' dir='ltr'><strong>Et</strong></span> <span class='ocrx_word' id='word_1_363' title='bbox 1276 4759 1535 4831; x_wconf 89' lang='lat' dir='ltr'><strong>quandiu</strong></span> <span class='ocrx_word' id='word_1_364' title='bbox 1574 4761 1631 4816; x_wconf 91' lang='lat' dir='ltr'><strong>in</strong></span> <span class='ocrx_word' id='word_1_365' title='bbox 1682 4760 1832 4817; x_wconf 87' lang='lat' dir='ltr'><strong>albis</strong></span> 
     </span>
    </p>
   </div>
   <div class='ocr_carea' id='block_1_54' title="bbox 177 4842 1836 4918">
    <p class='ocr_par' dir='ltr' id='par_1_54' title="bbox 177 4842 1836 4918">
     <span class='ocr_line' id='line_1_54' title="bbox 177 4842 1836 4918; baseline 0.005 -20"><span class='ocrx_word' id='word_1_366' title='bbox 177 4849 334 4913; x_wconf 89' lang='lat' dir='ltr'><strong>sunt,</strong></span> <span class='ocrx_word' id='word_1_367' title='bbox 357 4845 616 4918; x_wconf 89' lang='lat' dir='ltr'><strong>quotidie</strong></span> <span class='ocrx_word' id='word_1_368' title='bbox 645 4862 679 4900; x_wconf 88' lang='lat' dir='ltr'><strong>a</strong></span> <span class='ocrx_word' id='word_1_369' title='bbox 709 4844 956 4917; x_wconf 88' lang='lat' dir='ltr'><strong>patrinis</strong></span> <span class='ocrx_word' id='word_1_370' title='bbox 988 4846 1062 4901; x_wconf 90' lang='lat' dir='ltr'><strong>ad</strong></span> <span class='ocrx_word' id='word_1_371' title='bbox 1089 4846 1397 4903; x_wconf 87' lang='lat' dir='ltr'><strong>ecclesiam</strong></span> <span class='ocrx_word' id='word_1_372' title='bbox 1422 4842 1555 4904; x_wconf 78' lang='lat' dir='ltr'><strong>cuin</strong></span> <span class='ocrx_word' id='word_1_373' title='bbox 1588 4848 1836 4906; x_wconf 90' lang='lat' dir='ltr'><strong>lumina-</strong></span> 
     </span>
    </p>
   </div>
   <div class='ocr_carea' id='block_1_55' title="bbox 179 4932 1830 5008">
    <p class='ocr_par' dir='ltr' id='par_1_55' title="bbox 179 4932 1830 5008">
     <span class='ocr_line' id='line_1_55' title="bbox 179 4932 1830 5008; baseline 0.001 -17"><span class='ocrx_word' id='word_1_374' title='bbox 179 4932 341 4991; x_wconf 82' lang='lat' dir='ltr'><strong>ribus</strong></span> <span class='ocrx_word' id='word_1_375' title='bbox 371 4935 757 5003; x_wconf 87' lang='lat' dir='ltr'><strong>deducantur,</strong></span> <span class='ocrx_word' id='word_1_376' title='bbox 792 4939 849 4990; x_wconf 88' lang='lat' dir='ltr'><strong>et</strong></span> <span class='ocrx_word' id='word_1_377' title='bbox 888 4951 1101 5008; x_wconf 88' lang='lat' dir='ltr'><strong>corpus</strong></span> <span class='ocrx_word' id='word_1_378' title='bbox 1143 4940 1200 4991; x_wconf 91' lang='lat' dir='ltr'><strong>et</strong></span> <span class='ocrx_word' id='word_1_379' title='bbox 1241 4936 1585 5008; x_wconf 81' lang='lat' dir='ltr'><strong>sanguinem</strong></span> <span class='ocrx_word' id='word_1_380' title='bbox 1618 4938 1830 4995; x_wconf 80' lang='lat' dir='ltr'><strong>Christi</strong></span> 
     </span>
    </p>
   </div>
   <div class='ocr_carea' id='block_1_56' title="bbox 180 5022 1836 5099">
    <p class='ocr_par' dir='ltr' id='par_1_56' title="bbox 180 5022 1836 5099">
     <span class='ocr_line' id='line_1_56' title="bbox 180 5022 1836 5099; baseline 0.005 -25"><span class='ocrx_word' id='word_1_381' title='bbox 180 5037 367 5094; x_wconf 88' lang='lat' dir='ltr'><strong>usque</strong></span> <span class='ocrx_word' id='word_1_382' title='bbox 388 5023 446 5079; x_wconf 93' lang='lat' dir='ltr'><strong>in</strong></span> <span class='ocrx_word' id='word_1_383' title='bbox 470 5022 626 5079; x_wconf 90' lang='lat' dir='ltr'><strong>diem</strong></span> <span class='ocrx_word' id='word_1_384' title='bbox 652 5027 919 5079; x_wconf 88' lang='lat' dir='ltr'><strong>octavum</strong></span> <span class='ocrx_word' id='word_1_385' title='bbox 944 5022 1151 5096; x_wconf 69' lang='lat' dir='ltr'><strong>aequali</strong></span> <span class='ocrx_word' id='word_1_386' title='bbox 1169 5024 1304 5094; x_wconf 90' lang='lat' dir='ltr'><strong>jure</strong></span> <span class='ocrx_word' id='word_1_387' title='bbox 1326 5027 1517 5082; x_wconf 89' lang='lat' dir='ltr'><strong>cuncti</strong></span> <span class='ocrx_word' id='word_1_388' title='bbox 1542 5027 1836 5099; x_wconf 88' lang='lat' dir='ltr'><strong>percipere</strong></span> 
     </span>
    </p>
   </div>
   <div class='ocr_carea' id='block_1_57' title="bbox 178 5111 1834 5188">
    <p class='ocr_par' dir='ltr' id='par_1_57' title="bbox 178 5111 1834 5188">
     <span class='ocr_line' id='line_1_57' title="bbox 178 5111 1834 5188; baseline 0.004 -23"><span class='ocrx_word' id='word_1_389' title='bbox 178 5112 469 5168; x_wconf 83' lang='lat' dir='ltr'><strong>studeant.</strong></span> <span class='ocrx_word' id='word_1_390' title='bbox 498 5112 560 5169; x_wconf 90' lang='lat' dir='ltr'><strong>Si</strong></span> <span class='ocrx_word' id='word_1_391' title='bbox 591 5117 792 5173; x_wconf 87' lang='lat' dir='ltr'><strong>autem</strong></span> <span class='ocrx_word' id='word_1_392' title='bbox 822 5111 1102 5184; x_wconf 88' lang='lat' dir='ltr'><strong>parvulus</strong></span> <span class='ocrx_word' id='word_1_393' title='bbox 1144 5117 1432 5185; x_wconf 77' lang='lat' dir='ltr'><strong>aegrotans</strong></span> <span class='ocrx_word' id='word_1_394' title='bbox 1474 5116 1545 5171; x_wconf 89' lang='lat' dir='ltr'><strong>ad</strong></span> <span class='ocrx_word' id='word_1_395' title='bbox 1586 5116 1834 5188; x_wconf 91' lang='lat' dir='ltr'><strong>quemli-</strong></span> 
     </span>
    </p>
   </div>
   <div class='ocr_carea' id='block_1_58' title="bbox 184 5197 1836 5275">
    <p class='ocr_par' dir='ltr' id='par_1_58' title="bbox 184 5197 1836 5275">
     <span class='ocr_line' id='line_1_58' title="bbox 184 5197 1836 5275; baseline 0.005 -23"><span class='ocrx_word' id='word_1_396' title='bbox 184 5197 283 5254; x_wconf 85' lang='lat' dir='ltr'><strong>bet</strong></span> <span class='ocrx_word' id='word_1_397' title='bbox 314 5202 720 5275; x_wconf 82' lang='lat' dir='ltr'><strong>presbyterum</strong></span> <span class='ocrx_word' id='word_1_398' title='bbox 760 5218 1114 5273; x_wconf 90' lang='lat' dir='ltr'><strong>quocunque</strong></span> <span class='ocrx_word' id='word_1_399' title='bbox 1151 5204 1413 5274; x_wconf 89' lang='lat' dir='ltr'><strong>tempore</strong></span> <span class='ocrx_word' id='word_1_400' title='bbox 1444 5204 1528 5259; x_wconf 85' lang='lat' dir='ltr'><strong>vel</strong></span> <span class='ocrx_word' id='word_1_401' title='bbox 1560 5204 1704 5261; x_wconf 88' lang='lat' dir='ltr'><strong>hora</strong></span> <span class='ocrx_word' id='word_1_402' title='bbox 1733 5206 1836 5260; x_wconf 87' lang='lat' dir='ltr'><strong>ba-</strong></span> 
     </span>
    </p>
   </div>
   <div class='ocr_carea' id='block_1_59' title="bbox 177 5288 1830 5363">
    <p class='ocr_par' dir='ltr' id='par_1_59' title="bbox 177 5288 1830 5363">
     <span class='ocr_line' id='line_1_59' title="bbox 177 5288 1830 5363; baseline 0.004 -22"><span class='ocrx_word' id='word_1_403' title='bbox 177 5288 381 5357; x_wconf 89' lang='lat' dir='ltr'><strong>ptismi</strong></span> <span class='ocrx_word' id='word_1_404' title='bbox 409 5289 598 5362; x_wconf 87' lang='lat' dir='ltr'><strong>gratia</strong></span> <span class='ocrx_word' id='word_1_405' title='bbox 627 5291 698 5346; x_wconf 93' lang='lat' dir='ltr'><strong>de</strong></span> <span class='ocrx_word' id='word_1_406' title='bbox 729 5289 1051 5362; x_wconf 80' lang='lat' dir='ltr'><strong>cujuslibet</strong></span> <span class='ocrx_word' id='word_1_407' title='bbox 1080 5290 1359 5362; x_wconf 88' lang='lat' dir='ltr'><strong>parocbia</strong></span> <span class='ocrx_word' id='word_1_408' title='bbox 1394 5291 1608 5349; x_wconf 90' lang='lat' dir='ltr'><strong>allatus</strong></span> <span class='ocrx_word' id='word_1_409' title='bbox 1641 5294 1830 5363; x_wconf 88' lang='lat' dir='ltr'><strong>fuerit,</strong></span> 
     </span>
    </p>
   </div>
   <div class='ocr_carea' id='block_1_60' title="bbox 177 5374 1832 5455">
    <p class='ocr_par' dir='ltr' id='par_1_60' title="bbox 177 5374 1832 5455">
     <span class='ocr_line' id='line_1_60' title="bbox 177 5374 1832 5455; baseline 0.005 -27"><span class='ocrx_word' id='word_1_410' title='bbox 177 5374 226 5429; x_wconf 88' lang='lat' dir='ltr'><strong>ei</strong></span> <span class='ocrx_word' id='word_1_411' title='bbox 258 5375 541 5449; x_wconf 84' lang='lat' dir='ltr'><strong>baptismi</strong></span> <span class='ocrx_word' id='word_1_412' title='bbox 593 5382 1033 5436; x_wconf 89' lang='lat' dir='ltr'><strong>sacramentum</strong></span> <span class='ocrx_word' id='word_1_413' title='bbox 1066 5376 1227 5435; x_wconf 89' lang='lat' dir='ltr'><strong>nullo</strong></span> <span class='ocrx_word' id='word_1_414' title='bbox 1274 5380 1448 5436; x_wconf 90' lang='lat' dir='ltr'><strong>modo</strong></span> <span class='ocrx_word' id='word_1_415' title='bbox 1477 5387 1739 5455; x_wconf 88' lang='lat' dir='ltr'><strong>negetur.</strong></span> <span class='ocrx_word' id='word_1_416' title='bbox 1774 5382 1832 5438; x_wconf 93' lang='lat' dir='ltr'><strong>Si</strong></span> 
     </span>
    </p>
   </div>
   <div class='ocr_carea' id='block_1_61' title="bbox 178 5464 1836 5541">
    <p class='ocr_par' dir='ltr' id='par_1_61' title="bbox 178 5464 1836 5541">
     <span class='ocr_line' id='line_1_61' title="bbox 178 5464 1836 5541; baseline 0.005 -24"><span class='ocrx_word' id='word_1_417' title='bbox 178 5464 313 5534; x_wconf 87' lang='lat' dir='ltr'><strong>quis</strong></span> <span class='ocrx_word' id='word_1_418' title='bbox 348 5464 449 5523; x_wconf 90' lang='lat' dir='ltr'><strong>hoc</strong></span> <span class='ocrx_word' id='word_1_419' title='bbox 482 5485 704 5525; x_wconf 89' lang='lat' dir='ltr'><strong>munus</strong></span> <span class='ocrx_word' id='word_1_420' title='bbox 735 5467 955 5541; x_wconf 89' lang='lat' dir='ltr'><strong>petenti</strong></span> <span class='ocrx_word' id='word_1_421' title='bbox 983 5467 1300 5524; x_wconf 90' lang='lat' dir='ltr'><strong>concedere</strong></span> <span class='ocrx_word' id='word_1_422' title='bbox 1330 5468 1754 5541; x_wconf 87' lang='lat' dir='ltr'><strong>detrectaverit,</strong></span> <span class='ocrx_word' id='word_1_423' title='bbox 1779 5475 1836 5526; x_wconf 93' lang='lat' dir='ltr'><strong>et</strong></span> 
     </span>
    </p>
   </div>
   <div class='ocr_carea' id='block_1_62' title="bbox 179 5549 1835 5633">
    <p class='ocr_par' dir='ltr' id='par_1_62' title="bbox 179 5549 1835 5633">
     <span class='ocr_line' id='line_1_62' title="bbox 179 5549 1835 5633; baseline 0.006 -25"><span class='ocrx_word' id='word_1_424' title='bbox 179 5549 277 5611; x_wconf 89' lang='lat' dir='ltr'><strong>ille</strong></span> <span class='ocrx_word' id='word_1_425' title='bbox 295 5557 567 5628; x_wconf 84' lang='lat' dir='ltr'><strong>parvulus</strong></span> <span class='ocrx_word' id='word_1_426' title='bbox 588 5557 811 5633; x_wconf 86' lang='lat' dir='ltr'><strong>absque</strong></span> <span class='ocrx_word' id='word_1_427' title='bbox 832 5556 1206 5629; x_wconf 88' lang='lat' dir='ltr'><strong>baptismatis</strong></span> <span class='ocrx_word' id='word_1_428' title='bbox 1221 5558 1410 5630; x_wconf 90' lang='lat' dir='ltr'><strong>gratia</strong></span> <span class='ocrx_word' id='word_1_429' title='bbox 1431 5562 1697 5617; x_wconf 89' lang='lat' dir='ltr'><strong>mortuus</strong></span> <span class='ocrx_word' id='word_1_430' title='bbox 1718 5559 1835 5618; x_wconf 86' lang='lat' dir='ltr'><strong>fue-</strong></span> 
     </span>
    </p>
   </div>
   <div class='ocr_carea' id='block_1_63' title="bbox 500 5683 1025 5749">
    <p class='ocr_par' dir='ltr' id='par_1_63' title="bbox 500 5683 1025 5749">
     <span class='ocr_line' id='line_1_63' title="bbox 500 5683 1025 5749; baseline -0.011 0"><span class='ocrx_word' id='word_1_431' title='bbox 500 5686 767 5749; x_wconf 75' lang='grc' dir='ltr'><strong>ΡΑτιιοι..</strong></span> <span class='ocrx_word' id='word_1_432' title='bbox 818 5683 1025 5747; x_wconf 84' lang='lat' dir='ltr'><strong>CXIX.</strong></span> 
     </span>
    </p>
   </div>
   <div class='ocr_carea' id='block_1_64' title="bbox 1959 493 2900 552">
    <p class='ocr_par' dir='ltr' id='par_1_64' title="bbox 1959 493 2900 552">
     <span class='ocr_line' id='line_1_64' title="bbox 1959 493 2900 552; baseline 0.002 -4"><span class='ocrx_word' id='word_1_433' title='bbox 1959 493 2159 548; x_wconf 90' lang='lat' dir='ltr'><strong>anima</strong></span> <span class='ocrx_word' id='word_1_434' title='bbox 2190 494 2472 550; x_wconf 89' lang='lat' dir='ltr'><strong>rationem</strong></span> <span class='ocrx_word' id='word_1_435' title='bbox 2511 494 2900 552; x_wconf 89' lang='lat' dir='ltr'><strong>redditurum.</strong></span> 
     </span>
    </p>
   </div>
   <div class='ocr_carea' id='block_1_65' title="bbox 2432 596 3070 675">
    <p class='ocr_par' dir='ltr' id='par_1_65' title="bbox 2432 596 3070 675">
     <span class='ocr_line' id='line_1_65' title="bbox 2432 596 3070 675; baseline 0.013 -8"><span class='ocrx_word' id='word_1_436' title='bbox 2432 658 2441 667; x_wconf 84' lang='lat'><strong>.</strong></span> <span class='ocrx_word' id='word_1_437' title='bbox 2573 617 2806 675; x_wconf 80' lang='lat' dir='ltr'>CAPUT</span> <span class='ocrx_word' id='word_1_438' title='bbox 2845 619 2988 675; x_wconf 85' lang='lat' dir='ltr'><strong>XXI.</strong></span> <span class='ocrx_word' id='word_1_439' title='bbox 3059 596 3070 613; x_wconf 88' lang='grc'><em>’</em></span> 
     </span>
    </p>
   </div>
   <div class='ocr_carea' id='block_1_66' title="bbox 2331 706 3241 778">
    <p class='ocr_par' dir='ltr' id='par_1_66' title="bbox 2331 706 3241 778">
     <span class='ocr_line' id='line_1_66' title="bbox 2331 706 3241 778; baseline 0.004 -16"><span class='ocrx_word' id='word_1_440' title='bbox 2331 707 2405 763; x_wconf 85' lang='lat' dir='ltr'><strong>De</strong></span> <span class='ocrx_word' id='word_1_441' title='bbox 2431 706 2655 763; x_wconf 81' lang='lat' dir='ltr'><strong>decimis</strong></span> <span class='ocrx_word' id='word_1_442' title='bbox 2684 725 2717 762; x_wconf 89' lang='lat' dir='ltr'><strong>a</strong></span> <span class='ocrx_word' id='word_1_443' title='bbox 2745 707 2998 778; x_wconf 77' lang='lat' dir='ltr'><strong>ﬁdelibus</strong></span> <span class='ocrx_word' id='word_1_444' title='bbox 3026 709 3241 766; x_wconf 80' lang='lat' dir='ltr'><strong>dandis.</strong></span> 
     </span>
    </p>
   </div>
   <div class='ocr_carea' id='block_1_67' title="bbox 2032 811 3611 887">
    <p class='ocr_par' dir='ltr' id='par_1_67' title="bbox 2032 811 3611 887">
     <span class='ocr_line' id='line_1_67' title="bbox 2032 811 3611 887; baseline 0.006 -21"><span class='ocrx_word' id='word_1_445' title='bbox 2032 811 2299 869; x_wconf 80' lang='lat' dir='ltr'><strong>Decimae</strong></span> <span class='ocrx_word' id='word_1_446' title='bbox 2321 814 2393 869; x_wconf 89' lang='lat' dir='ltr'><strong>de</strong></span> <span class='ocrx_word' id='word_1_447' title='bbox 2413 814 2687 870; x_wconf 89' lang='lat' dir='ltr'><strong>omnibus</strong></span> <span class='ocrx_word' id='word_1_448' title='bbox 2712 815 2886 871; x_wconf 88' lang='lat' dir='ltr'><strong>rebus</strong></span> <span class='ocrx_word' id='word_1_449' title='bbox 2905 816 3077 887; x_wconf 82' lang='lat' dir='ltr'><strong>juxta</strong></span> <span class='ocrx_word' id='word_1_450' title='bbox 3109 818 3346 874; x_wconf 88' lang='lat' dir='ltr'><strong>modum</strong></span> <span class='ocrx_word' id='word_1_451' title='bbox 3372 835 3404 875; x_wconf 90' lang='lat' dir='ltr'><strong>a</strong></span> <span class='ocrx_word' id='word_1_452' title='bbox 3425 818 3611 876; x_wconf 87' lang='lat' dir='ltr'><strong>beatis</strong></span> 
     </span>
    </p>
   </div>
   <div class='ocr_carea' id='block_1_68' title="bbox 1960 899 3612 978">
    <p class='ocr_par' dir='ltr' id='par_1_68' title="bbox 1960 899 3612 978">
     <span class='ocr_line' id='line_1_68' title="bbox 1960 899 3612 978; baseline 0.006 -23"><span class='ocrx_word' id='word_1_453' title='bbox 1960 899 2231 957; x_wconf 85' lang='lat' dir='ltr'><strong>Patribus</strong></span> <span class='ocrx_word' id='word_1_454' title='bbox 2270 902 2652 959; x_wconf 88' lang='lat' dir='ltr'><strong>constitutum</strong></span> <span class='ocrx_word' id='word_1_455' title='bbox 2687 920 2721 959; x_wconf 89' lang='lat' dir='ltr'><strong>a</strong></span> <span class='ocrx_word' id='word_1_456' title='bbox 2751 909 2959 960; x_wconf 90' lang='lat' dir='ltr'><strong>cuncto</strong></span> <span class='ocrx_word' id='word_1_457' title='bbox 3003 906 3218 978; x_wconf 84' lang='lat' dir='ltr'><strong>populo</strong></span> <span class='ocrx_word' id='word_1_458' title='bbox 3269 921 3402 963; x_wconf 89' lang='lat' dir='ltr'><strong>cum</strong></span> <span class='ocrx_word' id='word_1_459' title='bbox 3450 908 3612 965; x_wconf 90' lang='lat' dir='ltr'><strong>omni</strong></span> 
     </span>
    </p>
   </div>
   <div class='ocr_carea' id='block_1_69' title="bbox 1961 988 3606 1067">
    <p class='ocr_par' dir='ltr' id='par_1_69' title="bbox 1961 988 3606 1067">
     <span class='ocr_line' id='line_1_69' title="bbox 1961 988 3606 1067; baseline 0.006 -24"><span class='ocrx_word' id='word_1_460' title='bbox 1961 988 2264 1045; x_wconf 89' lang='lat' dir='ltr'><strong>devotione</strong></span> <span class='ocrx_word' id='word_1_461' title='bbox 2296 989 2395 1045; x_wconf 90' lang='lat' dir='ltr'><strong>Dei</strong></span> <span class='ocrx_word' id='word_1_462' title='bbox 2427 991 2691 1047; x_wconf 90' lang='lat' dir='ltr'><strong>ecclesiis</strong></span> <span class='ocrx_word' id='word_1_463' title='bbox 2728 994 3054 1049; x_wconf 87' lang='lat' dir='ltr'><strong>reddendas</strong></span> <span class='ocrx_word' id='word_1_464' title='bbox 3100 1010 3226 1051; x_wconf 90' lang='lat' dir='ltr'><strong>esse</strong></span> <span class='ocrx_word' id='word_1_465' title='bbox 3275 1011 3606 1067; x_wconf 88' lang='lat' dir='ltr'><strong>monemus,</strong></span> 
     </span>
    </p>
   </div>
   <div class='ocr_carea' id='block_1_70' title="bbox 1962 1079 3611 1153">
    <p class='ocr_par' dir='ltr' id='par_1_70' title="bbox 1962 1079 3611 1153">
     <span class='ocr_line' id='line_1_70' title="bbox 1962 1079 3611 1153; baseline 0.007 -21"><span class='ocrx_word' id='word_1_466' title='bbox 1962 1080 2027 1132; x_wconf 89' lang='lat' dir='ltr'><strong>ut</strong></span> <span class='ocrx_word' id='word_1_467' title='bbox 2057 1079 2408 1146; x_wconf 88' lang='lat' dir='ltr'><strong>sacerdotes,</strong></span> <span class='ocrx_word' id='word_1_468' title='bbox 2439 1080 2537 1151; x_wconf 90' lang='lat' dir='ltr'><strong>qui</strong></span> <span class='ocrx_word' id='word_1_469' title='bbox 2587 1096 2691 1153; x_wconf 88' lang='lat' dir='ltr'><strong>per</strong></span> <span class='ocrx_word' id='word_1_470' title='bbox 2736 1098 2934 1138; x_wconf 86' lang='lat' dir='ltr'><strong>sacras</strong></span> <span class='ocrx_word' id='word_1_471' title='bbox 2982 1099 3184 1138; x_wconf 89' lang='lat' dir='ltr'><strong>eorum</strong></span> <span class='ocrx_word' id='word_1_472' title='bbox 3232 1083 3524 1142; x_wconf 89' lang='lat' dir='ltr'><strong>orationes</strong></span> <span class='ocrx_word' id='word_1_473' title='bbox 3554 1090 3611 1143; x_wconf 85' lang='lat' dir='ltr'><strong>et</strong></span> 
     </span>
    </p>
   </div>
   <div class='ocr_carea' id='block_1_71' title="bbox 1961 1164 3611 1243">
    <p class='ocr_par' dir='ltr' id='par_1_71' title="bbox 1961 1164 3611 1243">
     <span class='ocr_line' id='line_1_71' title="bbox 1961 1164 3611 1243; baseline 0.006 -23"><span class='ocrx_word' id='word_1_474' title='bbox 1961 1164 2284 1222; x_wconf 88' lang='lat' dir='ltr'><strong>oblationes</strong></span> <span class='ocrx_word' id='word_1_475' title='bbox 2313 1184 2416 1239; x_wconf 91' lang='lat' dir='ltr'><strong>pro</strong></span> <span class='ocrx_word' id='word_1_476' title='bbox 2438 1184 2598 1241; x_wconf 91' lang='lat' dir='ltr'><strong>pace,</strong></span> <span class='ocrx_word' id='word_1_477' title='bbox 2623 1185 2726 1241; x_wconf 91' lang='lat' dir='ltr'><strong>pro</strong></span> <span class='ocrx_word' id='word_1_478' title='bbox 2758 1170 2932 1226; x_wconf 89' lang='lat' dir='ltr'><strong>totius</strong></span> <span class='ocrx_word' id='word_1_479' title='bbox 2955 1170 3153 1243; x_wconf 92' lang='lat' dir='ltr'><strong>populi</strong></span> <span class='ocrx_word' id='word_1_480' title='bbox 3175 1171 3487 1231; x_wconf 89' lang='lat' dir='ltr'><strong>Christiani</strong></span> <span class='ocrx_word' id='word_1_481' title='bbox 3523 1191 3611 1230; x_wconf 90' lang='lat' dir='ltr'><strong>sa-</strong></span> 
     </span>
    </p>
   </div>
   <div class='ocr_carea' id='block_1_72' title="bbox 1959 1254 3612 1336">
    <p class='ocr_par' dir='ltr' id='par_1_72' title="bbox 1959 1254 3612 1336">
     <span class='ocr_line' id='line_1_72' title="bbox 1959 1254 3612 1336; baseline 0.007 -27"><span class='ocrx_word' id='word_1_482' title='bbox 1959 1254 2100 1324; x_wconf 89' lang='lat' dir='ltr'><strong>lute,</strong></span> <span class='ocrx_word' id='word_1_483' title='bbox 2126 1272 2230 1328; x_wconf 92' lang='lat' dir='ltr'><strong>pro</strong></span> <span class='ocrx_word' id='word_1_484' title='bbox 2262 1256 2531 1329; x_wconf 86' lang='lat' dir='ltr'><strong>frugibus</strong></span> <span class='ocrx_word' id='word_1_485' title='bbox 2558 1263 2744 1330; x_wconf 64' lang='lat' dir='ltr'><strong>terra),</strong></span> <span class='ocrx_word' id='word_1_486' title='bbox 2769 1275 2871 1331; x_wconf 90' lang='lat' dir='ltr'><strong>pro</strong></span> <span class='ocrx_word' id='word_1_487' title='bbox 2903 1259 3153 1317; x_wconf 82' lang='lat' dir='ltr'><strong>infirmis</strong></span> <span class='ocrx_word' id='word_1_488' title='bbox 3175 1278 3403 1336; x_wconf 91' lang='lat' dir='ltr'><strong>quoque</strong></span> <span class='ocrx_word' id='word_1_489' title='bbox 3432 1267 3488 1319; x_wconf 89' lang='lat' dir='ltr'><strong>et</strong></span> <span class='ocrx_word' id='word_1_490' title='bbox 3517 1263 3612 1320; x_wconf 83' lang='lat' dir='ltr'><strong>de-</strong></span> 
     </span>
    </p>
   </div>
   <div class='ocr_carea' id='block_1_73' title="bbox 1961 1342 3609 1424">
    <p class='ocr_par' dir='ltr' id='par_1_73' title="bbox 1961 1342 3609 1424">
     <span class='ocr_line' id='line_1_73' title="bbox 1961 1342 3609 1424; baseline 0.007 -27"><span class='ocrx_word' id='word_1_491' title='bbox 1961 1342 2176 1399; x_wconf 81' lang='lat' dir='ltr'><strong>functis</strong></span> <span class='ocrx_word' id='word_1_492' title='bbox 2198 1345 2615 1419; x_wconf 88' lang='lat' dir='ltr'><strong>omnipotentis</strong></span> <span class='ocrx_word' id='word_1_493' title='bbox 2642 1347 2742 1403; x_wconf 90' lang='lat' dir='ltr'><strong>Dei</strong></span> <span class='ocrx_word' id='word_1_494' title='bbox 2782 1349 3239 1406; x_wconf 88' lang='lat' dir='ltr'><strong>misericordiam</strong></span> <span class='ocrx_word' id='word_1_495' title='bbox 3272 1351 3609 1424; x_wconf 90' lang='lat' dir='ltr'><strong>implorant,</strong></span> 
     </span>
    </p>
   </div>
   <div class='ocr_carea' id='block_1_74' title="bbox 1957 1432 3610 1511">
    <p class='ocr_par' dir='ltr' id='par_1_74' title="bbox 1957 1432 3610 1511">
     <span class='ocr_line' id='line_1_74' title="bbox 1957 1432 3610 1511; baseline 0.007 -25"><span class='ocrx_word' id='word_1_496' title='bbox 1957 1432 2177 1487; x_wconf 89' lang='lat' dir='ltr'><strong>victum</strong></span> <span class='ocrx_word' id='word_1_497' title='bbox 2214 1439 2271 1488; x_wconf 90' lang='lat' dir='ltr'><strong>et</strong></span> <span class='ocrx_word' id='word_1_498' title='bbox 2315 1435 2731 1491; x_wconf 89' lang='lat' dir='ltr'><strong>vestimentum</strong></span> <span class='ocrx_word' id='word_1_499' title='bbox 2764 1441 2821 1492; x_wconf 87' lang='lat' dir='ltr'><strong>et</strong></span> <span class='ocrx_word' id='word_1_500' title='bbox 2851 1443 3056 1495; x_wconf 64' lang='lat' dir='ltr'><strong>caetera</strong></span> <span class='ocrx_word' id='word_1_501' title='bbox 3088 1457 3214 1511; x_wconf 74' lang='lat' dir='ltr'><strong>quae</strong></span> <span class='ocrx_word' id='word_1_502' title='bbox 3265 1441 3322 1495; x_wconf 91' lang='lat' dir='ltr'><strong>in</strong></span> <span class='ocrx_word' id='word_1_503' title='bbox 3355 1442 3438 1497; x_wconf 90' lang='lat' dir='ltr'><strong>eis</strong></span> <span class='ocrx_word' id='word_1_504' title='bbox 3468 1448 3610 1498; x_wconf 89' lang='lat' dir='ltr'><strong>sunt</strong></span> 
     </span>
    </p>
   </div>
   <div class='ocr_carea' id='block_1_75' title="bbox 1959 1522 3605 1602">
    <p class='ocr_par' dir='ltr' id='par_1_75' title="bbox 1959 1522 3605 1602">
     <span class='ocr_line' id='line_1_75' title="bbox 1959 1522 3605 1602; baseline 0.007 -27"><span class='ocrx_word' id='word_1_505' title='bbox 1959 1523 2291 1577; x_wconf 87' lang='lat' dir='ltr'><strong>necessaria</strong></span> <span class='ocrx_word' id='word_1_506' title='bbox 2322 1522 2593 1594; x_wconf 87' lang='lat' dir='ltr'><strong>habeant,</strong></span> <span class='ocrx_word' id='word_1_507' title='bbox 2619 1530 2676 1581; x_wconf 92' lang='lat' dir='ltr'><strong>et</strong></span> <span class='ocrx_word' id='word_1_508' title='bbox 2707 1530 2771 1580; x_wconf 92' lang='lat' dir='ltr'><strong>ut</strong></span> <span class='ocrx_word' id='word_1_509' title='bbox 2818 1525 3148 1599; x_wconf 90' lang='lat' dir='ltr'><strong>hospitibus</strong></span> <span class='ocrx_word' id='word_1_510' title='bbox 3180 1533 3235 1583; x_wconf 91' lang='lat' dir='ltr'><strong>et</strong></span> <span class='ocrx_word' id='word_1_511' title='bbox 3267 1530 3605 1602; x_wconf 89' lang='lat' dir='ltr'><strong>peregrinis,</strong></span> 
     </span>
    </p>
   </div>
   <div class='ocr_carea' id='block_1_76' title="bbox 1956 1609 3606 1688">
    <p class='ocr_par' dir='ltr' id='par_1_76' title="bbox 1956 1609 3606 1688">
     <span class='ocr_line' id='line_1_76' title="bbox 1956 1609 3606 1688; baseline 0.006 -25"><span class='ocrx_word' id='word_1_512' title='bbox 1956 1609 2234 1682; x_wconf 90' lang='lat' dir='ltr'><strong>orphanis</strong></span> <span class='ocrx_word' id='word_1_513' title='bbox 2266 1616 2324 1667; x_wconf 89' lang='lat' dir='ltr'><strong>et</strong></span> <span class='ocrx_word' id='word_1_514' title='bbox 2372 1612 2587 1682; x_wconf 89' lang='lat' dir='ltr'><strong>viduis,</strong></span> <span class='ocrx_word' id='word_1_515' title='bbox 2611 1613 2902 1671; x_wconf 89' lang='lat' dir='ltr'><strong>debilibus</strong></span> <span class='ocrx_word' id='word_1_516' title='bbox 2949 1620 3006 1671; x_wconf 89' lang='lat' dir='ltr'><strong>et</strong></span> <span class='ocrx_word' id='word_1_517' title='bbox 3053 1616 3282 1688; x_wconf 82' lang='lat' dir='ltr'><strong>aegrotis</strong></span> <span class='ocrx_word' id='word_1_518' title='bbox 3331 1617 3606 1674; x_wconf 86' lang='lat' dir='ltr'><strong>solatium</strong></span> 
     </span>
    </p>
   </div>
   <div class='ocr_carea' id='block_1_77' title="bbox 1956 1699 3608 1779">
    <p class='ocr_par' dir='ltr' id='par_1_77' title="bbox 1956 1699 3608 1779">
     <span class='ocr_line' id='line_1_77' title="bbox 1956 1699 3608 1779; baseline 0.007 -27"><span class='ocrx_word' id='word_1_519' title='bbox 1956 1699 2210 1770; x_wconf 73' lang='lat' dir='ltr'><strong>praebere</strong></span> <span class='ocrx_word' id='word_1_520' title='bbox 2258 1699 2508 1757; x_wconf 88' lang='lat' dir='ltr'><strong>valeant.</strong></span> <span class='ocrx_word' id='word_1_521' title='bbox 2532 1703 2759 1773; x_wconf 76' lang='lat' dir='ltr'><strong>(Concil.</strong></span> <span class='ocrx_word' id='word_1_522' title='bbox 2794 1703 3040 1760; x_wconf 83' lang='lat' dir='ltr'><strong>Cabilon.</strong></span> <span class='ocrx_word' id='word_1_523' title='bbox 3066 1721 3127 1771; x_wconf 90' lang='grc' dir='ltr'><strong>ιι,</strong></span> <span class='ocrx_word' id='word_1_524' title='bbox 3153 1721 3280 1777; x_wconf 92' lang='lat' dir='ltr'><strong>cap.</strong></span> <span class='ocrx_word' id='word_1_525' title='bbox 3317 1707 3413 1774; x_wconf 80' lang='lat' dir='ltr'><strong>l9;</strong></span> <span class='ocrx_word' id='word_1_526' title='bbox 3448 1706 3608 1779; x_wconf 81' lang='lat' dir='ltr'><strong>Capi-</strong></span> 
     </span>
    </p>
   </div>
   <div class='ocr_carea' id='block_1_78' title="bbox 1872 1783 3609 1866">
    <p class='ocr_par' dir='ltr' id='par_1_78' title="bbox 1872 1783 3609 1866">
     <span class='ocr_line' id='line_1_78' title="bbox 1872 1783 3609 1866; baseline 0.006 -25"><span class='ocrx_word' id='word_1_527' title='bbox 1872 1783 1921 1851; x_wconf 86' lang='lat' dir='ltr'><strong><em>B</em></strong></span> <span class='ocrx_word' id='word_1_528' title='bbox 1954 1786 2071 1842; x_wconf 88' lang='lat' dir='ltr'><strong>lula</strong></span> <span class='ocrx_word' id='word_1_529' title='bbox 2098 1796 2349 1861; x_wconf 71' lang='lat' dir='ltr'><strong>excerpta</strong></span> <span class='ocrx_word' id='word_1_530' title='bbox 2398 1806 2467 1845; x_wconf 76' lang='lat' dir='ltr'><strong>ex</strong></span> <span class='ocrx_word' id='word_1_531' title='bbox 2518 1791 2631 1859; x_wconf 83' lang='lat' dir='ltr'><strong>lege</strong></span> <span class='ocrx_word' id='word_1_532' title='bbox 2678 1793 3106 1865; x_wconf 86' lang='lat' dir='ltr'><strong>Longobardor.,</strong></span> <span class='ocrx_word' id='word_1_533' title='bbox 3141 1811 3268 1866; x_wconf 83' lang='lat' dir='ltr'><strong>cap.</strong></span> <span class='ocrx_word' id='word_1_534' title='bbox 3302 1795 3415 1863; x_wconf 79' lang='grc'><strong>41.)</strong></span> <span class='ocrx_word' id='word_1_535' title='bbox 3463 1798 3609 1851; x_wconf 89' lang='lat' dir='ltr'><strong>Sunt</strong></span> 
     </span>
    </p>
   </div>
   <div class='ocr_carea' id='block_1_79' title="bbox 1954 1877 3608 1951">
    <p class='ocr_par' dir='ltr' id='par_1_79' title="bbox 1954 1877 3608 1951">
     <span class='ocr_line' id='line_1_79' title="bbox 1954 1877 3608 1951; baseline 0.006 -20"><span class='ocrx_word' id='word_1_536' title='bbox 1954 1880 2232 1948; x_wconf 75' lang='lat' dir='ltr'><strong>praeterea</strong></span> <span class='ocrx_word' id='word_1_537' title='bbox 2253 1877 2493 1950; x_wconf 77' lang='lat' dir='ltr'><strong>quidam</strong></span> <span class='ocrx_word' id='word_1_538' title='bbox 2518 1878 2617 1951; x_wconf 91' lang='lat' dir='ltr'><strong>qui</strong></span> <span class='ocrx_word' id='word_1_539' title='bbox 2643 1881 2901 1936; x_wconf 87' lang='lat' dir='ltr'><strong>decimas</strong></span> <span class='ocrx_word' id='word_1_540' title='bbox 2923 1899 3061 1938; x_wconf 86' lang='lat' dir='ltr'><strong>suas</strong></span> <span class='ocrx_word' id='word_1_541' title='bbox 3084 1883 3222 1938; x_wconf 89' lang='lat' dir='ltr'><strong>dare</strong></span> <span class='ocrx_word' id='word_1_542' title='bbox 3238 1884 3311 1939; x_wconf 92' lang='lat' dir='ltr'><strong>ad</strong></span> <span class='ocrx_word' id='word_1_543' title='bbox 3332 1882 3608 1941; x_wconf 89' lang='lat' dir='ltr'><strong>ecclesias</strong></span> 
     </span>
    </p>
   </div>
   <div class='ocr_carea' id='block_1_80' title="bbox 1954 1965 3607 2041">
    <p class='ocr_par' dir='ltr' id='par_1_80' title="bbox 1954 1965 3607 2041">
     <span class='ocr_line' id='line_1_80' title="bbox 1954 1965 3607 2041; baseline 0.006 -22"><span class='ocrx_word' id='word_1_544' title='bbox 1954 1981 2093 2020; x_wconf 88' lang='lat' dir='ltr'><strong>suas</strong></span> <span class='ocrx_word' id='word_1_545' title='bbox 2148 1965 2475 2039; x_wconf 88' lang='lat' dir='ltr'><strong>negligunt,</strong></span> <span class='ocrx_word' id='word_1_546' title='bbox 2493 1969 2590 2023; x_wconf 88' lang='lat' dir='ltr'><strong>ubi</strong></span> <span class='ocrx_word' id='word_1_547' title='bbox 2624 1974 2680 2023; x_wconf 89' lang='lat' dir='ltr'><strong>et</strong></span> <span class='ocrx_word' id='word_1_548' title='bbox 2712 1970 2821 2041; x_wconf 89' lang='lat' dir='ltr'><strong>ipsi</strong></span> <span class='ocrx_word' id='word_1_549' title='bbox 2873 1974 2930 2025; x_wconf 91' lang='lat' dir='ltr'><strong>et</strong></span> <span class='ocrx_word' id='word_1_550' title='bbox 2959 1987 3159 2026; x_wconf 88' lang='lat' dir='ltr'><strong>eorum</strong></span> <span class='ocrx_word' id='word_1_551' title='bbox 3192 1974 3339 2028; x_wconf 89' lang='lat' dir='ltr'><strong>servi</strong></span> <span class='ocrx_word' id='word_1_552' title='bbox 3394 1974 3607 2033; x_wconf 86' lang='lat' dir='ltr'><strong>missas</strong></span> 
     </span>
    </p>
   </div>
   <div class='ocr_carea' id='block_1_81' title="bbox 1956 2053 3607 2119">
    <p class='ocr_par' dir='ltr' id='par_1_81' title="bbox 1956 2053 3607 2119">
     <span class='ocr_line' id='line_1_81' title="bbox 1956 2053 3607 2119; baseline 0.007 -11"><span class='ocrx_word' id='word_1_553' title='bbox 1956 2053 2223 2111; x_wconf 91' lang='lat' dir='ltr'><strong>audiunt.</strong></span> <span class='ocrx_word' id='word_1_554' title='bbox 2252 2055 2495 2111; x_wconf 88' lang='lat' dir='ltr'><strong>Proinde</strong></span> <span class='ocrx_word' id='word_1_555' title='bbox 2531 2057 2892 2113; x_wconf 86' lang='lat' dir='ltr'><strong>decrevimus</strong></span> <span class='ocrx_word' id='word_1_556' title='bbox 2924 2063 2989 2114; x_wconf 91' lang='lat' dir='ltr'><strong>ut</strong></span> <span class='ocrx_word' id='word_1_557' title='bbox 3015 2076 3217 2116; x_wconf 89' lang='lat' dir='ltr'><strong>omnes</strong></span> <span class='ocrx_word' id='word_1_558' title='bbox 3248 2060 3325 2116; x_wconf 91' lang='lat' dir='ltr'><strong>ibi</strong></span> <span class='ocrx_word' id='word_1_559' title='bbox 3350 2062 3607 2119; x_wconf 90' lang='lat' dir='ltr'><strong>decimas</strong></span> 
     </span>
    </p>
   </div>
   <div class='ocr_carea' id='block_1_82' title="bbox 1954 2143 3605 2220">
    <p class='ocr_par' dir='ltr' id='par_1_82' title="bbox 1954 2143 3605 2220">
     <span class='ocr_line' id='line_1_82' title="bbox 1954 2143 3605 2220; baseline 0.005 -23"><span class='ocrx_word' id='word_1_560' title='bbox 1954 2143 2095 2198; x_wconf 89' lang='lat' dir='ltr'><strong>dent</strong></span> <span class='ocrx_word' id='word_1_561' title='bbox 2125 2144 2221 2199; x_wconf 92' lang='lat' dir='ltr'><strong>ubi</strong></span> <span class='ocrx_word' id='word_1_562' title='bbox 2257 2144 2511 2201; x_wconf 88' lang='lat' dir='ltr'><strong>infantes</strong></span> <span class='ocrx_word' id='word_1_563' title='bbox 2540 2161 2741 2201; x_wconf 90' lang='lat' dir='ltr'><strong>eorum</strong></span> <span class='ocrx_word' id='word_1_564' title='bbox 2769 2146 3160 2220; x_wconf 90' lang='lat' dir='ltr'><strong>baptizantur,</strong></span> <span class='ocrx_word' id='word_1_565' title='bbox 3183 2153 3239 2204; x_wconf 89' lang='lat' dir='ltr'><strong>et</strong></span> <span class='ocrx_word' id='word_1_566' title='bbox 3269 2148 3367 2204; x_wconf 91' lang='lat' dir='ltr'><strong>ubi</strong></span> <span class='ocrx_word' id='word_1_567' title='bbox 3390 2150 3605 2206; x_wconf 89' lang='lat' dir='ltr'><strong>missas</strong></span> 
     </span>
    </p>
   </div>
   <div class='ocr_carea' id='block_1_83' title="bbox 1954 2232 3607 2310">
    <p class='ocr_par' dir='ltr' id='par_1_83' title="bbox 1954 2232 3607 2310">
     <span class='ocr_line' id='line_1_83' title="bbox 1954 2232 3607 2310; baseline 0.004 -24"><span class='ocrx_word' id='word_1_568' title='bbox 1954 2232 2221 2300; x_wconf 91' lang='lat' dir='ltr'><strong>audiunt,</strong></span> <span class='ocrx_word' id='word_1_569' title='bbox 2247 2236 2303 2287; x_wconf 90' lang='lat' dir='ltr'><strong>et</strong></span> <span class='ocrx_word' id='word_1_570' title='bbox 2333 2232 2431 2288; x_wconf 91' lang='lat' dir='ltr'><strong>ubi</strong></span> <span class='ocrx_word' id='word_1_571' title='bbox 2466 2250 2556 2289; x_wconf 89' lang='lat' dir='ltr'><strong>res</strong></span> <span class='ocrx_word' id='word_1_572' title='bbox 2598 2234 2734 2306; x_wconf 66' lang='lat' dir='ltr'><strong>ipsa:</strong></span> <span class='ocrx_word' id='word_1_573' title='bbox 2781 2235 3089 2291; x_wconf 87' lang='lat' dir='ltr'><strong>convenire</strong></span> <span class='ocrx_word' id='word_1_574' title='bbox 3118 2235 3411 2306; x_wconf 89' lang='lat' dir='ltr'><strong>videntur,</strong></span> <span class='ocrx_word' id='word_1_575' title='bbox 3436 2238 3607 2310; x_wconf 82' lang='lat' dir='ltr'><strong>juxta</strong></span> 
     </span>
    </p>
   </div>
   <div class='ocr_carea' id='block_1_84' title="bbox 1955 2321 3606 2397">
    <p class='ocr_par' dir='ltr' id='par_1_84' title="bbox 1955 2321 3606 2397">
     <span class='ocr_line' id='line_1_84' title="bbox 1955 2321 3606 2397; baseline 0.005 -23"><span class='ocrx_word' id='word_1_576' title='bbox 1955 2321 2172 2393; x_wconf 90' lang='lat' dir='ltr'><strong>proprii</strong></span> <span class='ocrx_word' id='word_1_577' title='bbox 2203 2321 2461 2394; x_wconf 89' lang='lat' dir='ltr'><strong>episc0pi</strong></span> <span class='ocrx_word' id='word_1_578' title='bbox 2510 2323 2830 2379; x_wconf 78' lang='lat' dir='ltr'><strong>decretum.</strong></span> <span class='ocrx_word' id='word_1_579' title='bbox 2866 2323 3191 2397; x_wconf 75' lang='lat' dir='ltr'><strong>Presbyteri</strong></span> <span class='ocrx_word' id='word_1_580' title='bbox 3222 2342 3356 2382; x_wconf 89' lang='lat' dir='ltr'><strong>vero</strong></span> <span class='ocrx_word' id='word_1_581' title='bbox 3407 2327 3479 2383; x_wconf 90' lang='lat' dir='ltr'><strong>ab</strong></span> <span class='ocrx_word' id='word_1_582' title='bbox 3513 2327 3606 2383; x_wconf 90' lang='lat' dir='ltr'><strong>his</strong></span> 
     </span>
    </p>
   </div>
   <div class='ocr_carea' id='block_1_85' title="bbox 1954 2410 3605 2488">
    <p class='ocr_par' dir='ltr' id='par_1_85' title="bbox 1954 2410 3605 2488">
     <span class='ocr_line' id='line_1_85' title="bbox 1954 2410 3605 2488; baseline 0.005 -24"><span class='ocrx_word' id='word_1_583' title='bbox 1954 2410 2054 2481; x_wconf 91' lang='lat' dir='ltr'><strong>qui</strong></span> <span class='ocrx_word' id='word_1_584' title='bbox 2085 2410 2342 2467; x_wconf 89' lang='lat' dir='ltr'><strong>decimas</strong></span> <span class='ocrx_word' id='word_1_585' title='bbox 2373 2428 2487 2467; x_wconf 92' lang='lat' dir='ltr'><strong>non</strong></span> <span class='ocrx_word' id='word_1_586' title='bbox 2518 2413 2659 2468; x_wconf 89' lang='lat' dir='ltr'><strong>dant</strong></span> <span class='ocrx_word' id='word_1_587' title='bbox 2700 2412 2927 2467; x_wconf 78' lang='lat' dir='ltr'><strong>wadins</strong></span> <span class='ocrx_word' id='word_1_588' title='bbox 2960 2431 3261 2486; x_wconf 85' lang='lat' dir='ltr'><strong>nunquam</strong></span> <span class='ocrx_word' id='word_1_589' title='bbox 3295 2416 3605 2488; x_wconf 88' lang='lat' dir='ltr'><strong>accipiant.</strong></span> 
     </span>
    </p>
   </div>
   <div class='ocr_carea' id='block_1_86' title="bbox 1954 2498 3607 2576">
    <p class='ocr_par' dir='ltr' id='par_1_86' title="bbox 1954 2498 3607 2576">
     <span class='ocr_line' id='line_1_86' title="bbox 1954 2498 3607 2576; baseline 0.004 -23"><span class='ocrx_word' id='word_1_590' title='bbox 1954 2498 2064 2553; x_wconf 85' lang='lat' dir='ltr'><strong>Sed</strong></span> <span class='ocrx_word' id='word_1_591' title='bbox 2089 2500 2187 2571; x_wconf 90' lang='lat' dir='ltr'><strong>qui</strong></span> <span class='ocrx_word' id='word_1_592' title='bbox 2221 2505 2351 2571; x_wconf 89' lang='lat' dir='ltr'><strong>post</strong></span> <span class='ocrx_word' id='word_1_593' title='bbox 2373 2501 2606 2557; x_wconf 87' lang='lat' dir='ltr'><strong>crebras</strong></span> <span class='ocrx_word' id='word_1_594' title='bbox 2639 2503 3068 2559; x_wconf 85' lang='lat' dir='ltr'><strong>admonitiones</strong></span> <span class='ocrx_word' id='word_1_595' title='bbox 3088 2510 3143 2559; x_wconf 89' lang='lat' dir='ltr'><strong>et</strong></span> <span class='ocrx_word' id='word_1_596' title='bbox 3166 2504 3607 2576; x_wconf 70' lang='lat' dir='ltr'><strong>praedicationes</strong></span> 
     </span>
    </p>
   </div>
   <div class='ocr_carea' id='block_1_87' title="bbox 1952 2589 3606 2660">
    <p class='ocr_par' dir='ltr' id='par_1_87' title="bbox 1952 2589 3606 2660">
     <span class='ocr_line' id='line_1_87' title="bbox 1952 2589 3606 2660; baseline 0.004 -18"><span class='ocrx_word' id='word_1_597' title='bbox 1952 2604 2050 2643; x_wconf 87' lang='lat' dir='ltr'><strong>eas</strong></span> <span class='ocrx_word' id='word_1_598' title='bbox 2080 2591 2218 2644; x_wconf 80' lang='lat' dir='ltr'><strong>dare</strong></span> <span class='ocrx_word' id='word_1_599' title='bbox 2250 2589 2609 2660; x_wconf 84' lang='lat' dir='ltr'><strong>neglexerint</strong></span> <span class='ocrx_word' id='word_1_600' title='bbox 2634 2593 3237 2648; x_wconf 81' lang='lat' dir='ltr'><strong>excommunicentur.</strong></span> <span class='ocrx_word' id='word_1_601' title='bbox 3262 2593 3606 2650; x_wconf 87' lang='lat' dir='ltr'><strong>Juramento</strong></span> 
     </span>
    </p>
   </div>
   <div class='ocr_carea' id='block_1_88' title="bbox 1953 2678 3605 2755">
    <p class='ocr_par' dir='ltr' id='par_1_88' title="bbox 1953 2678 3605 2755">
     <span class='ocr_line' id='line_1_88' title="bbox 1953 2678 3605 2755; baseline 0.004 -23"><span class='ocrx_word' id='word_1_602' title='bbox 1953 2681 2145 2732; x_wconf 85' lang='lat' dir='ltr'><strong>autem</strong></span> <span class='ocrx_word' id='word_1_603' title='bbox 2188 2683 2424 2749; x_wconf 86' lang='lat' dir='ltr'><strong>propter</strong></span> <span class='ocrx_word' id='word_1_604' title='bbox 2472 2678 2794 2750; x_wconf 90' lang='lat' dir='ltr'><strong>periculum</strong></span> <span class='ocrx_word' id='word_1_605' title='bbox 2844 2681 3086 2753; x_wconf 86' lang='lat' dir='ltr'><strong>perjurii</strong></span> <span class='ocrx_word' id='word_1_606' title='bbox 3140 2681 3459 2755; x_wconf 89' lang='lat' dir='ltr'><strong>constringi</strong></span> <span class='ocrx_word' id='word_1_607' title='bbox 3506 2700 3605 2739; x_wconf 90' lang='lat' dir='ltr'><strong>eos</strong></span> 
     </span>
    </p>
   </div>
   <div class='ocr_carea' id='block_1_89' title="bbox 1952 2766 2248 2821">
    <p class='ocr_par' dir='ltr' id='par_1_89' title="bbox 1952 2766 2248 2821">
     <span class='ocr_line' id='line_1_89' title="bbox 1952 2766 2248 2821; baseline 0 -1"><span class='ocrx_word' id='word_1_608' title='bbox 1952 2766 2248 2821; x_wconf 88' lang='lat' dir='ltr'><strong>nolumus.</strong></span> 
     </span>
    </p>
   </div>
   <div class='ocr_carea' id='block_1_90' title="bbox 2557 2873 2990 2932">
    <p class='ocr_par' dir='ltr' id='par_1_90' title="bbox 2557 2873 2990 2932">
     <span class='ocr_line' id='line_1_90' title="bbox 2557 2873 2990 2932; baseline 0.007 -4"><span class='ocrx_word' id='word_1_609' title='bbox 2557 2873 2789 2930; x_wconf 85' lang='lat' dir='ltr'><strong>CAPUT</strong></span> <span class='ocrx_word' id='word_1_610' title='bbox 2827 2875 2990 2932; x_wconf 75' lang='lat' dir='ltr'><strong>XXII.</strong></span> 
     </span>
    </p>
   </div>
   <div class='ocr_carea' id='block_1_91' title="bbox 1949 2961 3601 3038">
    <p class='ocr_par' dir='ltr' id='par_1_91' title="bbox 1949 2961 3601 3038">
     <span class='ocr_line' id='line_1_91' title="bbox 1949 2961 3601 3038; baseline 0.004 -21"><span class='ocrx_word' id='word_1_611' title='bbox 1949 2965 2027 3017; x_wconf 87' lang='lat' dir='ltr'><strong>De</strong></span> <span class='ocrx_word' id='word_1_612' title='bbox 2054 2963 2302 3017; x_wconf 81' lang='lat' dir='ltr'><strong>oratione</strong></span> <span class='ocrx_word' id='word_1_613' title='bbox 2338 2961 2703 3038; x_wconf 80' lang='lat' dir='ltr'><strong>Dominicaet</strong></span> <span class='ocrx_word' id='word_1_614' title='bbox 2730 2964 2988 3038; x_wconf 73' lang='lat' dir='ltr'><strong>symbolo.</strong></span> <span class='ocrx_word' id='word_1_615' title='bbox 3026 2966 3088 3022; x_wconf 83' lang='lat' dir='ltr'><strong>Et</strong></span> <span class='ocrx_word' id='word_1_616' title='bbox 3117 2964 3182 3021; x_wconf 88' lang='lat' dir='ltr'><strong>de</strong></span> <span class='ocrx_word' id='word_1_617' title='bbox 3211 2965 3601 3038; x_wconf 69' lang='lat' dir='ltr'><strong>spiritualith</strong></span> 
     </span>
    </p>
   </div>
   <div class='ocr_carea' id='block_1_92' title="bbox 2490 3033 3061 3106">
    <p class='ocr_par' dir='ltr' id='par_1_92' title="bbox 2490 3033 3061 3106">
     <span class='ocr_line' id='line_1_92' title="bbox 2490 3033 3061 3106; baseline 0.007 -18"><span class='ocrx_word' id='word_1_618' title='bbox 2490 3033 2737 3104; x_wconf 84' lang='lat' dir='ltr'><strong>patribus</strong></span> <span class='ocrx_word' id='word_1_619' title='bbox 2762 3033 2819 3090; x_wconf 81' lang='lat' dir='ltr'><strong>et</strong></span> <span class='ocrx_word' id='word_1_620' title='bbox 2844 3033 3061 3106; x_wconf 81' lang='lat' dir='ltr'><strong>ﬁliolis.</strong></span> 
     </span>
    </p>
   </div>
   <div class='ocr_carea' id='block_1_93' title="bbox 2018 3139 3455 3217">
    <p class='ocr_par' dir='ltr' id='par_1_93' title="bbox 2018 3139 3455 3217">
     <span class='ocr_line' id='line_1_93' title="bbox 2018 3139 3455 3217; baseline 0.005 -24"><span class='ocrx_word' id='word_1_621' title='bbox 2018 3139 2168 3208; x_wconf 90' lang='lat' dir='ltr'><strong>(Lib.</strong></span> <span class='ocrx_word' id='word_1_622' title='bbox 2204 3157 2243 3195; x_wconf 89' lang='grc' dir='ltr'><strong>ιι</strong></span> <span class='ocrx_word' id='word_1_623' title='bbox 2276 3140 2522 3212; x_wconf 85' lang='lat' dir='ltr'><strong>Capitul.</strong></span> <span class='ocrx_word' id='word_1_624' title='bbox 2567 3157 2693 3212; x_wconf 88' lang='lat' dir='ltr'><strong>cap.</strong></span> <span class='ocrx_word' id='word_1_625' title='bbox 2728 3142 2796 3195; x_wconf 82' lang='grc'><strong>46</strong></span> <span class='ocrx_word' id='word_1_626' title='bbox 2827 3146 2884 3197; x_wconf 90' lang='lat' dir='ltr'><strong>et</strong></span> <span class='ocrx_word' id='word_1_627' title='bbox 2909 3140 3012 3199; x_wconf 90' lang='lat' dir='ltr'><strong>lib.</strong></span> <span class='ocrx_word' id='word_1_628' title='bbox 3036 3160 3113 3211; x_wconf 84' lang='lat' dir='ltr'><strong>v1,</strong></span> <span class='ocrx_word' id='word_1_629' title='bbox 3145 3160 3271 3217; x_wconf 92' lang='lat' dir='ltr'><strong>cap.</strong></span> <span class='ocrx_word' id='word_1_630' title='bbox 3308 3145 3455 3217; x_wconf 83' lang='grc'><strong>182.)</strong></span> 
     </span>
    </p>
   </div>
   <div class='ocr_carea' id='block_1_94' title="bbox 2016 3229 3601 3305">
    <p class='ocr_par' dir='ltr' id='par_1_94' title="bbox 2016 3229 3601 3305">
     <span class='ocr_line' id='line_1_94' title="bbox 2016 3229 3601 3305; baseline 0.004 -22"><span class='ocrx_word' id='word_1_631' title='bbox 2016 3229 2433 3284; x_wconf 88' lang='lat' dir='ltr'><strong>Commonendi</strong></span> <span class='ocrx_word' id='word_1_632' title='bbox 2466 3233 2603 3284; x_wconf 90' lang='lat' dir='ltr'><strong>sunt</strong></span> <span class='ocrx_word' id='word_1_633' title='bbox 2628 3229 2829 3286; x_wconf 79' lang='lat' dir='ltr'><strong>ﬁdeles</strong></span> <span class='ocrx_word' id='word_1_634' title='bbox 2861 3234 2926 3285; x_wconf 89' lang='lat' dir='ltr'><strong>ut</strong></span> <span class='ocrx_word' id='word_1_635' title='bbox 2953 3248 3158 3289; x_wconf 90' lang='lat' dir='ltr'><strong>omnes</strong></span> <span class='ocrx_word' id='word_1_636' title='bbox 3188 3232 3537 3305; x_wconf 90' lang='lat' dir='ltr'><strong>generaliter</strong></span> <span class='ocrx_word' id='word_1_637' title='bbox 3566 3252 3601 3292; x_wconf 91' lang='lat' dir='ltr'><strong>a</strong></span> 
     </span>
    </p>
   </div>
   <div class='ocr_carea' id='block_1_95' title="bbox 1946 3318 3595 3390">
    <p class='ocr_par' dir='ltr' id='par_1_95' title="bbox 1946 3318 3595 3390">
     <span class='ocr_line' id='line_1_95' title="bbox 1946 3318 3595 3390; baseline 0.004 -17"><span class='ocrx_word' id='word_1_638' title='bbox 1946 3318 2187 3373; x_wconf 89' lang='lat' dir='ltr'><strong>minimo</strong></span> <span class='ocrx_word' id='word_1_639' title='bbox 2210 3334 2397 3390; x_wconf 87' lang='lat' dir='ltr'><strong>usque</strong></span> <span class='ocrx_word' id='word_1_640' title='bbox 2430 3319 2499 3373; x_wconf 90' lang='lat' dir='ltr'><strong>ad</strong></span> <span class='ocrx_word' id='word_1_641' title='bbox 2535 3319 2856 3375; x_wconf 82' lang='lat' dir='ltr'><strong>maximum</strong></span> <span class='ocrx_word' id='word_1_642' title='bbox 2883 3320 3204 3377; x_wconf 90' lang='lat' dir='ltr'><strong>orationem</strong></span> <span class='ocrx_word' id='word_1_643' title='bbox 3229 3322 3595 3379; x_wconf 90' lang='lat' dir='ltr'><strong>Dominicam</strong></span> 
     </span>
    </p>
   </div>
   <div class='ocr_carea' id='block_1_96' title="bbox 1945 3404 3597 3483">
    <p class='ocr_par' dir='ltr' id='par_1_96' title="bbox 1945 3404 3597 3483">
     <span class='ocr_line' id='line_1_96' title="bbox 1945 3404 3597 3483; baseline 0.004 -21"><span class='ocrx_word' id='word_1_644' title='bbox 1945 3412 2001 3463; x_wconf 90' lang='lat' dir='ltr'><strong>et</strong></span> <span class='ocrx_word' id='word_1_645' title='bbox 2024 3404 2355 3479; x_wconf 79' lang='lat' dir='ltr'><strong>symbolum</strong></span> <span class='ocrx_word' id='word_1_646' title='bbox 2388 3406 2637 3463; x_wconf 87' lang='lat' dir='ltr'><strong>discant.</strong></span> <span class='ocrx_word' id='word_1_647' title='bbox 2663 3408 2732 3463; x_wconf 88' lang='lat' dir='ltr'><strong>Et</strong></span> <span class='ocrx_word' id='word_1_648' title='bbox 2762 3406 3075 3464; x_wconf 90' lang='lat' dir='ltr'><strong>dicendum</strong></span> <span class='ocrx_word' id='word_1_649' title='bbox 3108 3408 3191 3466; x_wconf 89' lang='lat' dir='ltr'><strong>eis</strong></span> <span class='ocrx_word' id='word_1_650' title='bbox 3223 3411 3378 3483; x_wconf 90' lang='lat' dir='ltr'><strong>quod</strong></span> <span class='ocrx_word' id='word_1_651' title='bbox 3409 3410 3469 3467; x_wconf 91' lang='lat' dir='ltr'><strong>in</strong></span> <span class='ocrx_word' id='word_1_652' title='bbox 3502 3411 3597 3469; x_wconf 91' lang='lat' dir='ltr'><strong>his</strong></span> 
     </span>
    </p>
   </div>
   <div class='ocr_carea' id='block_1_97' title="bbox 1943 3494 3690 3567">
    <p class='ocr_par' dir='ltr' id='par_1_97' title="bbox 1943 3494 3690 3567">
     <span class='ocr_line' id='line_1_97' title="bbox 1943 3494 3690 3567; baseline 0.003 -16"><span class='ocrx_word' id='word_1_653' title='bbox 1943 3495 2173 3551; x_wconf 87' lang='lat' dir='ltr'><strong>duabus</strong></span> <span class='ocrx_word' id='word_1_654' title='bbox 2204 3494 2513 3550; x_wconf 86' lang='lat' dir='ltr'><strong>sententiis</strong></span> <span class='ocrx_word' id='word_1_655' title='bbox 2537 3511 2711 3552; x_wconf 88' lang='lat' dir='ltr'><strong>omne</strong></span> <span class='ocrx_word' id='word_1_656' title='bbox 2732 3496 2862 3552; x_wconf 83' lang='lat' dir='ltr'><strong>fidei</strong></span> <span class='ocrx_word' id='word_1_657' title='bbox 2889 3497 3229 3554; x_wconf 70' lang='lat' dir='ltr'><strong>Christianas</strong></span> <span class='ocrx_word' id='word_1_658' title='bbox 3254 3499 3598 3556; x_wconf 89' lang='lat' dir='ltr'><strong>fundamen-</strong></span> <span class='ocrx_word' id='word_1_659' title='bbox 3684 3561 3690 3567; x_wconf 65' lang='grc'><em>,</em></span> 
     </span>
    </p>
   </div>
   <div class='ocr_carea' id='block_1_98' title="bbox 1942 3582 3599 3657">
    <p class='ocr_par' dir='ltr' id='par_1_98' title="bbox 1942 3582 3599 3657">
     <span class='ocr_line' id='line_1_98' title="bbox 1942 3582 3599 3657; baseline 0.005 -19"><span class='ocrx_word' id='word_1_660' title='bbox 1942 3588 2071 3639; x_wconf 90' lang='lat' dir='ltr'><strong>tum</strong></span> <span class='ocrx_word' id='word_1_661' title='bbox 2104 3582 2411 3638; x_wconf 89' lang='lat' dir='ltr'><strong>incumbit.</strong></span> <span class='ocrx_word' id='word_1_662' title='bbox 2450 3584 2518 3638; x_wconf 91' lang='lat' dir='ltr'><strong>Et</strong></span> <span class='ocrx_word' id='word_1_663' title='bbox 2551 3582 2665 3639; x_wconf 89' lang='lat' dir='ltr'><strong>nisi</strong></span> <span class='ocrx_word' id='word_1_664' title='bbox 2696 3586 2830 3657; x_wconf 88' lang='lat' dir='ltr'><strong>quis</strong></span> <span class='ocrx_word' id='word_1_665' title='bbox 2873 3586 2981 3642; x_wconf 90' lang='lat' dir='ltr'><strong>has</strong></span> <span class='ocrx_word' id='word_1_666' title='bbox 3013 3588 3161 3643; x_wconf 86' lang='lat' dir='ltr'><strong>duas</strong></span> <span class='ocrx_word' id='word_1_667' title='bbox 3189 3588 3512 3646; x_wconf 86' lang='lat' dir='ltr'><strong>sententias</strong></span> <span class='ocrx_word' id='word_1_668' title='bbox 3540 3593 3599 3647; x_wconf 91' lang='lat' dir='ltr'><strong>et</strong></span> 
     </span>
    </p>
   </div>
   <div class='ocr_carea' id='block_1_99' title="bbox 1944 3672 3593 3747">
    <p class='ocr_par' dir='ltr' id='par_1_99' title="bbox 1944 3672 3593 3747">
     <span class='ocr_line' id='line_1_99' title="bbox 1944 3672 3593 3747; baseline 0.004 -19"><span class='ocrx_word' id='word_1_669' title='bbox 1944 3672 2282 3728; x_wconf 89' lang='lat' dir='ltr'><strong>memoriter</strong></span> <span class='ocrx_word' id='word_1_670' title='bbox 2309 3672 2564 3727; x_wconf 88' lang='lat' dir='ltr'><strong>tenuerit</strong></span> <span class='ocrx_word' id='word_1_671' title='bbox 2584 3676 2643 3728; x_wconf 90' lang='lat' dir='ltr'><strong>et</strong></span> <span class='ocrx_word' id='word_1_672' title='bbox 2671 3690 2740 3728; x_wconf 76' lang='lat' dir='ltr'><strong>ex</strong></span> <span class='ocrx_word' id='word_1_673' title='bbox 2760 3678 2879 3730; x_wconf 86' lang='lat' dir='ltr'><strong>toto</strong></span> <span class='ocrx_word' id='word_1_674' title='bbox 2901 3675 3074 3731; x_wconf 90' lang='lat' dir='ltr'><strong>corde</strong></span> <span class='ocrx_word' id='word_1_675' title='bbox 3104 3676 3430 3747; x_wconf 88' lang='lat' dir='ltr'><strong>crediderit,</strong></span> <span class='ocrx_word' id='word_1_676' title='bbox 3455 3683 3512 3734; x_wconf 90' lang='lat' dir='ltr'><strong>et</strong></span> <span class='ocrx_word' id='word_1_677' title='bbox 3530 3678 3593 3735; x_wconf 90' lang='lat' dir='ltr'><strong>in</strong></span> 
     </span>
    </p>
   </div>
   <div class='ocr_carea' id='block_1_100' title="bbox 1943 3760 3598 3835">
    <p class='ocr_par' dir='ltr' id='par_1_100' title="bbox 1943 3760 3598 3835">
     <span class='ocr_line' id='line_1_100' title="bbox 1943 3760 3598 3835; baseline 0.004 -18"><span class='ocrx_word' id='word_1_678' title='bbox 1943 3762 2201 3817; x_wconf 86' lang='lat' dir='ltr'><strong>oratione</strong></span> <span class='ocrx_word' id='word_1_679' title='bbox 2259 3760 2580 3833; x_wconf 67' lang='lat' dir='ltr'><strong>saepissime</strong></span> <span class='ocrx_word' id='word_1_680' title='bbox 2611 3763 3084 3835; x_wconf 88' lang='lat' dir='ltr'><strong>frequentaverit,</strong></span> <span class='ocrx_word' id='word_1_681' title='bbox 3116 3765 3439 3823; x_wconf 88' lang='lat' dir='ltr'><strong>catholicus</strong></span> <span class='ocrx_word' id='word_1_682' title='bbox 3469 3783 3598 3824; x_wconf 86' lang='lat' dir='ltr'><strong>esse</strong></span> 
     </span>
    </p>
   </div>
   <div class='ocr_carea' id='block_1_101' title="bbox 1944 3848 3597 3926">
    <p class='ocr_par' dir='ltr' id='par_1_101' title="bbox 1944 3848 3597 3926">
     <span class='ocr_line' id='line_1_101' title="bbox 1944 3848 3597 3926; baseline 0.005 -22"><span class='ocrx_word' id='word_1_683' title='bbox 1944 3867 2059 3905; x_wconf 91' lang='lat' dir='ltr'><strong>non</strong></span> <span class='ocrx_word' id='word_1_684' title='bbox 2106 3850 2335 3922; x_wconf 88' lang='lat' dir='ltr'><strong>poterit.</strong></span> <span class='ocrx_word' id='word_1_685' title='bbox 2369 3848 2764 3907; x_wconf 84' lang='lat' dir='ltr'><strong>Constitutum</strong></span> <span class='ocrx_word' id='word_1_686' title='bbox 2824 3870 3079 3926; x_wconf 89' lang='lat' dir='ltr'><strong>namque</strong></span> <span class='ocrx_word' id='word_1_687' title='bbox 3129 3860 3217 3910; x_wconf 88' lang='lat' dir='ltr'><strong>est</strong></span> <span class='ocrx_word' id='word_1_688' title='bbox 3271 3858 3337 3911; x_wconf 86' lang='lat' dir='ltr'><strong>ut</strong></span> <span class='ocrx_word' id='word_1_689' title='bbox 3394 3855 3597 3912; x_wconf 89' lang='lat' dir='ltr'><strong>nullus</strong></span> 
     </span>
    </p>
   </div>
   <div class='ocr_carea' id='block_1_102' title="bbox 1943 3939 3597 4014">
    <p class='ocr_par' dir='ltr' id='par_1_102' title="bbox 1943 3939 3597 4014">
     <span class='ocr_line' id='line_1_102' title="bbox 1943 3939 3597 4014; baseline 0.005 -20"><span class='ocrx_word' id='word_1_690' title='bbox 1943 3939 2010 3994; x_wconf 88' lang='lat' dir='ltr'><strong>ch</strong></span> <span class='ocrx_word' id='word_1_691' title='bbox 2022 3939 2317 4005; x_wconf 89' lang='lat' dir='ltr'><strong>rismetur,</strong></span> <span class='ocrx_word' id='word_1_692' title='bbox 2337 3955 2526 4011; x_wconf 87' lang='lat' dir='ltr'><strong>neque</strong></span> <span class='ocrx_word' id='word_1_693' title='bbox 2548 3940 2894 4012; x_wconf 89' lang='lat' dir='ltr'><strong>baptizetur,</strong></span> <span class='ocrx_word' id='word_1_694' title='bbox 2914 3958 3101 4014; x_wconf 88' lang='lat' dir='ltr'><strong>neque</strong></span> <span class='ocrx_word' id='word_1_695' title='bbox 3125 3960 3157 3997; x_wconf 90' lang='lat' dir='ltr'><strong>a</strong></span> <span class='ocrx_word' id='word_1_696' title='bbox 3176 3943 3402 4001; x_wconf 90' lang='lat' dir='ltr'><strong>lavacro</strong></span> <span class='ocrx_word' id='word_1_697' title='bbox 3421 3945 3597 4002; x_wconf 89' lang='lat' dir='ltr'><strong>fontis</strong></span> 
     </span>
    </p>
   </div>
   <div class='ocr_carea' id='block_1_103' title="bbox 1943 4026 3598 4103">
    <p class='ocr_par' dir='ltr' id='par_1_103' title="bbox 1943 4026 3598 4103">
     <span class='ocr_line' id='line_1_103' title="bbox 1943 4026 3598 4103; baseline 0.004 -20"><span class='ocrx_word' id='word_1_698' title='bbox 1943 4027 2124 4083; x_wconf 89' lang='lat' dir='ltr'><strong>alium</strong></span> <span class='ocrx_word' id='word_1_699' title='bbox 2158 4026 2464 4098; x_wconf 89' lang='lat' dir='ltr'><strong>suscipiat,</strong></span> <span class='ocrx_word' id='word_1_700' title='bbox 2489 4045 2679 4099; x_wconf 89' lang='lat' dir='ltr'><strong>neque</strong></span> <span class='ocrx_word' id='word_1_701' title='bbox 2728 4045 2923 4085; x_wconf 88' lang='lat' dir='ltr'><strong>coram</strong></span> <span class='ocrx_word' id='word_1_702' title='bbox 2974 4031 3247 4103; x_wconf 89' lang='lat' dir='ltr'><strong>episcopo</strong></span> <span class='ocrx_word' id='word_1_703' title='bbox 3278 4032 3348 4086; x_wconf 89' lang='lat' dir='ltr'><strong>ad</strong></span> <span class='ocrx_word' id='word_1_704' title='bbox 3381 4034 3598 4089; x_wconf 79' lang='lat' dir='ltr'><strong>confir-</strong></span> 
     </span>
    </p>
   </div>
   <div class='ocr_carea' id='block_1_104' title="bbox 1944 4115 3597 4191">
    <p class='ocr_par' dir='ltr' id='par_1_104' title="bbox 1944 4115 3597 4191">
     <span class='ocr_line' id='line_1_104' title="bbox 1944 4115 3597 4191; baseline 0.003 -20"><span class='ocrx_word' id='word_1_705' title='bbox 1944 4117 2225 4172; x_wconf 87' lang='lat' dir='ltr'><strong>mandum</strong></span> <span class='ocrx_word' id='word_1_706' title='bbox 2252 4115 2577 4187; x_wconf 89' lang='lat' dir='ltr'><strong>quemlibet</strong></span> <span class='ocrx_word' id='word_1_707' title='bbox 2596 4121 2811 4183; x_wconf 89' lang='lat' dir='ltr'><strong>teneat,</strong></span> <span class='ocrx_word' id='word_1_708' title='bbox 2829 4118 2941 4173; x_wconf 90' lang='lat' dir='ltr'><strong>nisi</strong></span> <span class='ocrx_word' id='word_1_709' title='bbox 2960 4118 3290 4191; x_wconf 85' lang='lat' dir='ltr'><strong>symbolum</strong></span> <span class='ocrx_word' id='word_1_710' title='bbox 3314 4123 3372 4175; x_wconf 89' lang='lat' dir='ltr'><strong>et</strong></span> <span class='ocrx_word' id='word_1_711' title='bbox 3388 4121 3597 4177; x_wconf 82' lang='lat' dir='ltr'><strong>oratio-</strong></span> 
     </span>
    </p>
   </div>
   <div class='ocr_carea' id='block_1_105' title="bbox 1944 4203 3594 4280">
    <p class='ocr_par' dir='ltr' id='par_1_105' title="bbox 1944 4203 3594 4280">
     <span class='ocr_line' id='line_1_105' title="bbox 1944 4203 3594 4280; baseline 0.003 -21"><span class='ocrx_word' id='word_1_712' title='bbox 1944 4221 2077 4259; x_wconf 90' lang='lat' dir='ltr'><strong>nem</strong></span> <span class='ocrx_word' id='word_1_713' title='bbox 2107 4203 2470 4260; x_wconf 89' lang='lat' dir='ltr'><strong>Dominicam</strong></span> <span class='ocrx_word' id='word_1_714' title='bbox 2517 4205 2854 4260; x_wconf 84' lang='lat' dir='ltr'><strong>memoriter</strong></span> <span class='ocrx_word' id='word_1_715' title='bbox 2891 4207 3165 4273; x_wconf 88' lang='lat' dir='ltr'><strong>tenuerit,</strong></span> <span class='ocrx_word' id='word_1_716' title='bbox 3198 4208 3452 4280; x_wconf 84' lang='lat' dir='ltr'><strong>exceptis</strong></span> <span class='ocrx_word' id='word_1_717' title='bbox 3500 4208 3594 4264; x_wconf 87' lang='lat' dir='ltr'><strong>his</strong></span> 
     </span>
    </p>
   </div>
   <div class='ocr_carea' id='block_1_106' title="bbox 1945 4291 3593 4367">
    <p class='ocr_par' dir='ltr' id='par_1_106' title="bbox 1945 4291 3593 4367">
     <span class='ocr_line' id='line_1_106' title="bbox 1945 4291 3593 4367; baseline 0.003 -20"><span class='ocrx_word' id='word_1_718' title='bbox 1945 4309 2093 4365; x_wconf 91' lang='lat' dir='ltr'><strong>quos</strong></span> <span class='ocrx_word' id='word_1_719' title='bbox 2123 4293 2195 4348; x_wconf 87' lang='lat' dir='ltr'><strong>ad</strong></span> <span class='ocrx_word' id='word_1_720' title='bbox 2227 4291 2588 4364; x_wconf 87' lang='lat' dir='ltr'><strong>loquendum</strong></span> <span class='ocrx_word' id='word_1_721' title='bbox 2622 4297 2761 4348; x_wconf 76' lang='lat' dir='ltr'><strong>aetas</strong></span> <span class='ocrx_word' id='word_1_722' title='bbox 2794 4293 3034 4350; x_wconf 90' lang='lat' dir='ltr'><strong>minime</strong></span> <span class='ocrx_word' id='word_1_723' title='bbox 3064 4295 3349 4367; x_wconf 83' lang='lat' dir='ltr'><strong>perduxit.</strong></span> <span class='ocrx_word' id='word_1_724' title='bbox 3376 4296 3593 4352; x_wconf 88' lang='lat' dir='ltr'><strong>Patrini</strong></span> 
     </span>
    </p>
   </div>
   <div class='ocr_carea' id='block_1_107' title="bbox 1945 4382 3595 4457">
    <p class='ocr_par' dir='ltr' id='par_1_107' title="bbox 1945 4382 3595 4457">
     <span class='ocr_line' id='line_1_107' title="bbox 1945 4382 3595 4457; baseline 0.001 -19"><span class='ocrx_word' id='word_1_725' title='bbox 1945 4385 2140 4438; x_wconf 91' lang='lat' dir='ltr'><strong>autem</strong></span> <span class='ocrx_word' id='word_1_726' title='bbox 2168 4398 2267 4437; x_wconf 89' lang='lat' dir='ltr'><strong>eos</strong></span> <span class='ocrx_word' id='word_1_727' title='bbox 2299 4397 2448 4453; x_wconf 89' lang='lat' dir='ltr'><strong>quos</strong></span> <span class='ocrx_word' id='word_1_728' title='bbox 2498 4382 2569 4437; x_wconf 91' lang='lat' dir='ltr'><strong>de</strong></span> <span class='ocrx_word' id='word_1_729' title='bbox 2616 4382 2773 4438; x_wconf 87' lang='lat' dir='ltr'><strong>fonte</strong></span> <span class='ocrx_word' id='word_1_730' title='bbox 2830 4382 3041 4438; x_wconf 91' lang='lat' dir='ltr'><strong>lavacri</strong></span> <span class='ocrx_word' id='word_1_731' title='bbox 3089 4383 3421 4457; x_wconf 81' lang='lat' dir='ltr'><strong>suscipiunt</strong></span> <span class='ocrx_word' id='word_1_732' title='bbox 3464 4400 3595 4441; x_wconf 87' lang='lat' dir='ltr'><strong>eru-</strong></span> 
     </span>
    </p>
   </div>
   <div class='ocr_carea' id='block_1_108' title="bbox 1944 4470 3593 4543">
    <p class='ocr_par' dir='ltr' id='par_1_108' title="bbox 1944 4470 3593 4543">
     <span class='ocr_line' id='line_1_108' title="bbox 1944 4470 3593 4543; baseline 0.001 -16"><span class='ocrx_word' id='word_1_733' title='bbox 1944 4470 2066 4527; x_wconf 90' lang='lat' dir='ltr'><strong>dire</strong></span> <span class='ocrx_word' id='word_1_734' title='bbox 2115 4487 2489 4543; x_wconf 87' lang='lat' dir='ltr'><strong>summopere</strong></span> <span class='ocrx_word' id='word_1_735' title='bbox 2538 4471 2837 4538; x_wconf 89' lang='lat' dir='ltr'><strong>studeant,</strong></span> <span class='ocrx_word' id='word_1_736' title='bbox 2859 4480 2915 4528; x_wconf 88' lang='lat' dir='ltr'><strong>et</strong></span> <span class='ocrx_word' id='word_1_737' title='bbox 2959 4472 3281 4528; x_wconf 90' lang='lat' dir='ltr'><strong>orationem</strong></span> <span class='ocrx_word' id='word_1_738' title='bbox 3334 4473 3593 4530; x_wconf 89' lang='lat' dir='ltr'><strong>Domini-</strong></span> 
     </span>
    </p>
   </div>
   <div class='ocr_carea' id='block_1_109' title="bbox 1944 4558 3594 4634">
    <p class='ocr_par' dir='ltr' id='par_1_109' title="bbox 1944 4558 3594 4634">
     <span class='ocr_line' id='line_1_109' title="bbox 1944 4558 3594 4634; baseline 0.004 -19"><span class='ocrx_word' id='word_1_739' title='bbox 1944 4577 2071 4617; x_wconf 87' lang='lat' dir='ltr'><strong>cam</strong></span> <span class='ocrx_word' id='word_1_740' title='bbox 2104 4564 2160 4616; x_wconf 88' lang='lat' dir='ltr'><strong>et</strong></span> <span class='ocrx_word' id='word_1_741' title='bbox 2189 4559 2522 4633; x_wconf 82' lang='lat' dir='ltr'><strong>symbolum</strong></span> <span class='ocrx_word' id='word_1_742' title='bbox 2555 4560 2673 4617; x_wconf 88' lang='lat' dir='ltr'><strong>illis</strong></span> <span class='ocrx_word' id='word_1_743' title='bbox 2698 4558 3019 4630; x_wconf 87' lang='lat' dir='ltr'><strong>insinuent,</strong></span> <span class='ocrx_word' id='word_1_744' title='bbox 3042 4562 3320 4634; x_wconf 88' lang='lat' dir='ltr'><strong>quoniam</strong></span> <span class='ocrx_word' id='word_1_745' title='bbox 3351 4579 3451 4620; x_wconf 90' lang='lat' dir='ltr'><strong>eos</strong></span> <span class='ocrx_word' id='word_1_746' title='bbox 3479 4563 3594 4620; x_wconf 76' lang='lat' dir='ltr'><strong>Do-</strong></span> 
     </span>
    </p>
   </div>
   <div class='ocr_carea' id='block_1_110' title="bbox 1944 4647 3590 4722">
    <p class='ocr_par' dir='ltr' id='par_1_110' title="bbox 1944 4647 3590 4722">
     <span class='ocr_line' id='line_1_110' title="bbox 1944 4647 3590 4722; baseline 0.002 -17"><span class='ocrx_word' id='word_1_747' title='bbox 1944 4650 2103 4706; x_wconf 92' lang='lat' dir='ltr'><strong>mino</strong></span> <span class='ocrx_word' id='word_1_748' title='bbox 2133 4653 2480 4722; x_wconf 88' lang='lat' dir='ltr'><strong>genuerunt,</strong></span> <span class='ocrx_word' id='word_1_749' title='bbox 2512 4653 2571 4705; x_wconf 90' lang='lat' dir='ltr'><strong>et</strong></span> <span class='ocrx_word' id='word_1_750' title='bbox 2618 4665 2720 4721; x_wconf 92' lang='lat' dir='ltr'><strong>pro</strong></span> <span class='ocrx_word' id='word_1_751' title='bbox 2766 4647 2851 4704; x_wconf 87' lang='lat' dir='ltr'><strong>eis</strong></span> <span class='ocrx_word' id='word_1_752' title='bbox 2891 4648 3264 4720; x_wconf 85' lang='lat' dir='ltr'><strong>ﬁdejussores</strong></span> <span class='ocrx_word' id='word_1_753' title='bbox 3310 4651 3590 4709; x_wconf 82' lang='lat' dir='ltr'><strong>existunt.</strong></span> 
     </span>
    </p>
   </div>
   <div class='ocr_carea' id='block_1_111' title="bbox 1942 4736 3597 4810">
    <p class='ocr_par' dir='ltr' id='par_1_111' title="bbox 1942 4736 3597 4810">
     <span class='ocr_line' id='line_1_111' title="bbox 1942 4736 3597 4810; baseline 0.002 -16"><span class='ocrx_word' id='word_1_754' title='bbox 1942 4740 2051 4807; x_wconf 86' lang='lat' dir='ltr'><strong>Qui</strong></span> <span class='ocrx_word' id='word_1_755' title='bbox 2081 4755 2214 4794; x_wconf 91' lang='lat' dir='ltr'><strong>vero</strong></span> <span class='ocrx_word' id='word_1_756' title='bbox 2245 4737 2303 4792; x_wconf 92' lang='lat' dir='ltr'><strong>in</strong></span> <span class='ocrx_word' id='word_1_757' title='bbox 2336 4737 2569 4809; x_wconf 91' lang='lat' dir='ltr'><strong>publica</strong></span> <span class='ocrx_word' id='word_1_758' title='bbox 2599 4736 2940 4810; x_wconf 77' lang='lat' dir='ltr'><strong>pmnitentia</strong></span> <span class='ocrx_word' id='word_1_759' title='bbox 2971 4743 3110 4794; x_wconf 86' lang='lat' dir='ltr'><strong>sunt</strong></span> <span class='ocrx_word' id='word_1_760' title='bbox 3147 4740 3469 4810; x_wconf 89' lang='lat' dir='ltr'><strong>constituti,</strong></span> <span class='ocrx_word' id='word_1_761' title='bbox 3495 4746 3597 4799; x_wconf 88' lang='lat' dir='ltr'><strong>aut</strong></span> 
     </span>
    </p>
   </div>
   <div class='ocr_carea' id='block_1_112' title="bbox 1944 4826 3596 4899">
    <p class='ocr_par' dir='ltr' id='par_1_112' title="bbox 1944 4826 3596 4899">
     <span class='ocr_line' id='line_1_112' title="bbox 1944 4826 3596 4899; baseline 0.003 -16"><span class='ocrx_word' id='word_1_762' title='bbox 1944 4826 2231 4883; x_wconf 86' lang='lat' dir='ltr'><strong>criminali</strong></span> <span class='ocrx_word' id='word_1_763' title='bbox 2255 4831 2489 4899; x_wconf 87' lang='lat' dir='ltr'><strong>peccato</strong></span> <span class='ocrx_word' id='word_1_764' title='bbox 2506 4829 2779 4881; x_wconf 86' lang='lat' dir='ltr'><strong>tenentur</strong></span> <span class='ocrx_word' id='word_1_765' title='bbox 2798 4826 3052 4896; x_wconf 85' lang='lat' dir='ltr'><strong>obnoxii,</strong></span> <span class='ocrx_word' id='word_1_766' title='bbox 3075 4829 3369 4887; x_wconf 88' lang='lat' dir='ltr'><strong>neminem</strong></span> <span class='ocrx_word' id='word_1_767' title='bbox 3392 4848 3426 4887; x_wconf 94' lang='lat' dir='ltr'><strong>a</strong></span> <span class='ocrx_word' id='word_1_768' title='bbox 3445 4830 3596 4888; x_wconf 89' lang='lat' dir='ltr'><strong>lava-</strong></span> 
     </span>
    </p>
   </div>
   <div class='ocr_carea' id='block_1_113' title="bbox 1944 4915 3596 4991">
    <p class='ocr_par' dir='ltr' id='par_1_113' title="bbox 1944 4915 3596 4991">
     <span class='ocr_line' id='line_1_113' title="bbox 1944 4915 3596 4991; baseline 0.002 -18"><span class='ocrx_word' id='word_1_769' title='bbox 1944 4935 2040 4973; x_wconf 90' lang='lat' dir='ltr'><strong>cro</strong></span> <span class='ocrx_word' id='word_1_770' title='bbox 2067 4916 2243 4971; x_wconf 86' lang='lat' dir='ltr'><strong>fontis</strong></span> <span class='ocrx_word' id='word_1_771' title='bbox 2276 4915 2571 4987; x_wconf 87' lang='lat' dir='ltr'><strong>suscipere</strong></span> <span class='ocrx_word' id='word_1_772' title='bbox 2602 4931 2790 4986; x_wconf 90' lang='lat' dir='ltr'><strong>neque</strong></span> <span class='ocrx_word' id='word_1_773' title='bbox 2820 4932 3017 4972; x_wconf 88' lang='lat' dir='ltr'><strong>coram</strong></span> <span class='ocrx_word' id='word_1_774' title='bbox 3049 4918 3319 4991; x_wconf 89' lang='lat' dir='ltr'><strong>episcopo</strong></span> <span class='ocrx_word' id='word_1_775' title='bbox 3350 4920 3422 4976; x_wconf 90' lang='lat' dir='ltr'><strong>ad</strong></span> <span class='ocrx_word' id='word_1_776' title='bbox 3452 4937 3596 4976; x_wconf 84' lang='lat' dir='ltr'><strong>con-</strong></span> 
     </span>
    </p>
   </div>
   <div class='ocr_carea' id='block_1_114' title="bbox 1944 5005 3598 5083">
    <p class='ocr_par' dir='ltr' id='par_1_114' title="bbox 1944 5005 3598 5083">
     <span class='ocr_line' id='line_1_114' title="bbox 1944 5005 3598 5083; baseline 0.002 -22"><span class='ocrx_word' id='word_1_777' title='bbox 1944 5005 2332 5061; x_wconf 83' lang='lat' dir='ltr'><strong>firmationem</strong></span> <span class='ocrx_word' id='word_1_778' title='bbox 2363 5011 2560 5059; x_wconf 85' lang='lat' dir='ltr'><strong>tenere</strong></span> <span class='ocrx_word' id='word_1_779' title='bbox 2591 5009 2951 5076; x_wconf 67' lang='lat' dir='ltr'><strong>praesumant</strong></span> <span class='ocrx_word' id='word_1_780' title='bbox 2979 5024 3286 5081; x_wconf 90' lang='lat' dir='ltr'><strong>usquequo</strong></span> <span class='ocrx_word' id='word_1_781' title='bbox 3316 5010 3598 5083; x_wconf 67' lang='lat' dir='ltr'><strong>paeniten-</strong></span> 
     </span>
    </p>
   </div>
   <div class='ocr_carea' id='block_1_115' title="bbox 1947 5092 3598 5172">
    <p class='ocr_par' dir='ltr' id='par_1_115' title="bbox 1947 5092 3598 5172">
     <span class='ocr_line' id='line_1_115' title="bbox 1947 5092 3598 5172; baseline 0.003 -22"><span class='ocrx_word' id='word_1_782' title='bbox 1947 5095 2028 5150; x_wconf 88' lang='lat' dir='ltr'><strong>tia</strong></span> <span class='ocrx_word' id='word_1_783' title='bbox 2055 5097 2288 5167; x_wconf 89' lang='lat' dir='ltr'><strong>peracta</strong></span> <span class='ocrx_word' id='word_1_784' title='bbox 2309 5092 2769 5149; x_wconf 81' lang='lat' dir='ltr'><strong>satisfactionem</strong></span> <span class='ocrx_word' id='word_1_785' title='bbox 2792 5095 3142 5169; x_wconf 89' lang='lat' dir='ltr'><strong>condignam</strong></span> <span class='ocrx_word' id='word_1_786' title='bbox 3166 5098 3460 5172; x_wconf 89' lang='lat' dir='ltr'><strong>percipere</strong></span> <span class='ocrx_word' id='word_1_787' title='bbox 3482 5114 3598 5155; x_wconf 87' lang='lat' dir='ltr'><strong>me-</strong></span> 
     </span>
    </p>
   </div>
   <div class='ocr_carea' id='block_1_116' title="bbox 1944 5185 2202 5239">
    <p class='ocr_par' dir='ltr' id='par_1_116' title="bbox 1944 5185 2202 5239">
     <span class='ocr_line' id='line_1_116' title="bbox 1944 5185 2202 5239; baseline -0.016 0"><span class='ocrx_word' id='word_1_788' title='bbox 1944 5185 2202 5239; x_wconf 89' lang='lat' dir='ltr'><strong>reantur.</strong></span> 
     </span>
    </p>
   </div>
   <div class='ocr_carea' id='block_1_117' title="bbox 2536 5288 2997 5348">
    <p class='ocr_par' dir='ltr' id='par_1_117' title="bbox 2536 5288 2997 5348">
     <span class='ocr_line' id='line_1_117' title="bbox 2536 5288 2997 5348; baseline 0.015 -7"><span class='ocrx_word' id='word_1_789' title='bbox 2536 5288 2766 5344; x_wconf 88' lang='lat' dir='ltr'><strong>CAPUT</strong></span> <span class='ocrx_word' id='word_1_790' title='bbox 2804 5289 2997 5348; x_wconf 81' lang='lat' dir='ltr'><strong>XXIII.</strong></span> 
     </span>
    </p>
   </div>
   <div class='ocr_carea' id='block_1_118' title="bbox 1980 5377 3561 5504">
    <p class='ocr_par' dir='ltr' id='par_1_118' title="bbox 1980 5377 3561 5504">
     <span class='ocr_line' id='line_1_118' title="bbox 1980 5377 3561 5504; baseline 0.002 -69"><span class='ocrx_word' id='word_1_791' title='bbox 1980 5384 2059 5435; x_wconf 87' lang='lat' dir='ltr'><strong>De</strong></span> <span class='ocrx_word' id='word_1_792' title='bbox 2088 5378 2287 5433; x_wconf 77' lang='lat' dir='ltr'><strong>honore</strong></span> <span class='ocrx_word' id='word_1_793' title='bbox 2312 5383 2627 5449; x_wconf 85' lang='lat' dir='ltr'><strong>parentum,</strong></span> <span class='ocrx_word' id='word_1_794' title='bbox 2663 5385 2714 5433; x_wconf 86' lang='lat' dir='ltr'><strong>et</strong></span> <span class='ocrx_word' id='word_1_795' title='bbox 2741 5377 2982 5504; x_wconf 57' lang='lat' dir='ltr'><strong>dgrninis</strong></span> <span class='ocrx_word' id='word_1_796' title='bbox 3013 5382 3350 5438; x_wconf 82' lang='lat' dir='ltr'><strong>subditorum</strong></span> <span class='ocrx_word' id='word_1_797' title='bbox 3375 5379 3561 5438; x_wconf 83' lang='lat' dir='ltr'><strong>admo-</strong></span> 
     </span>
     <span class='ocr_line' id='line_1_119' title="bbox 2660 5465 2877 5504; baseline 0 0"><span class='ocrx_word' id='word_1_798' title='bbox 2660 5465 2765 5504; x_wconf 79' lang='lat' dir='ltr'><strong>nen</strong></span> <span class='ocrx_word' id='word_1_799' title='bbox 2810 5467 2877 5504; x_wconf 66' lang='grc' dir='ltr'><strong>ις.</strong></span> 
     </span>
    </p>
   </div>
   <div class='ocr_carea' id='block_1_119' title="bbox 2660 5465 2877 5507">
    <p class='ocr_par' dir='ltr' id='par_1_119' title="bbox 2660 5465 2877 5507">
     <span class='ocr_line' id='line_1_120' title="bbox 2660 5465 2877 5507; baseline 0.014 -3"><span class='ocrx_word' id='word_1_800' title='bbox 2660 5465 2877 5507; x_wconf 78' lang='lat' dir='ltr'><strong>nenazs.</strong></span> 
     </span>
    </p>
   </div>
   <div class='ocr_carea' id='block_1_120' title="bbox 2022 5550 3547 5640">
    <p class='ocr_par' dir='ltr' id='par_1_120' title="bbox 2022 5550 3547 5640">
     <span class='ocr_line' id='line_1_121' title="bbox 2022 5550 3547 5640; baseline 0.005 -30"><span class='ocrx_word' id='word_1_801' title='bbox 2022 5554 2178 5631; x_wconf 81' lang='lat' dir='ltr'><strong>(Lib.</strong></span> <span class='ocrx_word' id='word_1_802' title='bbox 2217 5570 2236 5613; x_wconf 87' lang='grc' dir='ltr'><strong>ι</strong></span> <span class='ocrx_word' id='word_1_803' title='bbox 2270 5553 2602 5632; x_wconf 83' lang='lat' dir='ltr'><strong>Capitular.,</strong></span> <span class='ocrx_word' id='word_1_804' title='bbox 2636 5572 2767 5632; x_wconf 90' lang='lat' dir='ltr'><strong>cap.</strong></span> <span class='ocrx_word' id='word_1_805' title='bbox 2794 5557 2893 5629; x_wconf 84' lang='lat'><strong>65;</strong></span> <span class='ocrx_word' id='word_1_806' title='bbox 2925 5556 3027 5615; x_wconf 91' lang='lat' dir='ltr'><strong>lib.</strong></span> <span class='ocrx_word' id='word_1_807' title='bbox 3061 5574 3122 5625; x_wconf 88' lang='grc' dir='ltr'><strong>ιι,</strong></span> <span class='ocrx_word' id='word_1_808' title='bbox 3155 5573 3283 5631; x_wconf 88' lang='lat' dir='ltr'><strong>cap.</strong></span> <span class='ocrx_word' id='word_1_809' title='bbox 3311 5558 3402 5629; x_wconf 79' lang='grc'><strong>41,</strong></span> <span class='ocrx_word' id='word_1_810' title='bbox 3433 5550 3547 5640; x_wconf 75' lang='grc'><strong>44.)</strong></span> 
     </span>
    </p>
   </div>
   <div class='ocr_carea' id='block_1_121' title="bbox 2294 5684 3278 5753">
    <p class='ocr_par' dir='ltr' id='par_1_121' title="bbox 2294 5684 3278 5753">
     <span class='ocr_line' id='line_1_122' title="bbox 2294 5684 3278 5753; baseline 0.007 -7"><span class='ocrx_word' id='word_1_811' title='bbox 2294 5692 2295 5695; x_wconf 68' lang='grc'><em>“</em></span> <span class='ocrx_word' id='word_1_812' title='bbox 3197 5684 3278 5753; x_wconf 80' lang='grc'><strong>23</strong></span> 
     </span>
    </p>
   </div>
  </div>
