3956 6160
399 290 515 367 itis

1400 287 1794 351 RODULPHI
1840 284 2376 349 BI'I‘URICENSIS
2418 260 2798 348 EPISCOPI.

3617 288 3712 347 Ἠὃ

397 420 766 478 Admonendi
788 425 928 476 sunt
952 420 1149 477 ﬁdeles
1171 425 1383 476 sanctm
1403 419 1501 475 Dei
1524 418 1789 475 Ecclesia:
1810 421 1874 473 ut
1896 418 2046 472 filios
2073 416 2129 484 Α
2158 431 2407 488 rumque
2432 416 2515 483 fit,
2538 414 2622 470 illi
2652 415 2751 489 qui
2778 415 2908 471 odio
2957 418 3058 471 aut
3081 413 3386 489 longinqua
3410 417 3546 473 inter
3569 436 3621 475 se
3642 419 3726 475 lite

402 527 541 567 suos
570 514 627 566 et
658 510 809 566 ﬁlias
841 526 979 566 suas
1011 510 1255 566 doceant
1293 508 1635 582 parentibus
1661 506 2051 564 obedientiam

403 599 696 666 exhibere,
731 598 956 655 dicente
1007 599 1253 655 Domino
1283 615 1296 653 :
1324 600 1451 665 Fili,
1495 599 1791 669 honoriﬁca
1834 602 2053 668 patrem

403 673 561 745 tuum
588 696 642 745 et
668 696 899 746 matrem
940 696 1112 744 tuam.
1149 688 1295 743 Nam
1342 692 1399 744 et
1446 687 1557 758 ipsi
1602 690 1870 759 parentes
1917 701 2054 758 erga

404 777 556 835 ﬁlios
588 795 725 834 suos
757 795 823 834 ac
856 777 1005 833 ﬁlias
1054 778 1316 833 modeste
1364 777 1575 832 debent
1606 792 1793 849 agere,
1828 774 2053 830 dicente

403 866 676 941 Apostolo
710 884 722 922 :
758 868 823 923 Et
875 883 986 933 vos,
1034 875 1308 939 parentes,
1357 866 1527 921 nolite
1583 865 1651 919 ad
1708 864 2056 920 iracundiam

399 970 694 1027 provocare
719 956 864 1026 ﬁlios
911 962 1130 1010 vestros.
1164 955 1312 1009 Nam
1369 957 1425 1008 et
1481 953 1592 1008 hoc
1621 953 1934 1007 dicendum
1968 955 2056 1007 est

406 1042 488 1099 eis
522 1045 585 1098 ut
616 1042 665 1098 si
698 1041 781 1097 illi
811 1042 913 1098 tali
940 1044 1149 1098 affectu
1182 1059 1415 1115 parcere
1443 1041 1621 1097 velint
1651 1040 1885 1112 injuriis
1909 1040 2053 1096 ﬁlio-

407 1149 560 1198 rum,
585 1148 702 1187 non
735 1132 842 1188 hos
875 1128 1117 1205 impune
1148 1131 1430 1187 Dominus
1462 1131 1620 1198 sinit,
1647 1130 1759 1186 nisi
1793 1130 1938 1185 forte
1967 1130 2056 1185 di-

405 1220 505 1295 gni
535 1220 888 1293 pmnitentiae
919 1220 1268 1276 exhibeant:
1294 1220 1431 1291 quia
1457 1219 1641 1275 levius
1672 1223 1760 1275 est
1793 1218 1940 1275 filios
1962 1236 2058 1290 pa-

407 1314 639 1366 rentum
663 1308 937 1382 quaelibet
967 1308 1195 1382 ﬂagella
1224 1308 1517 1380 suscipere
1560 1325 1738 1380 quam
1779 1308 1876 1363 Dei
1910 1308 2055 1362 iram

405 1399 723 1456 incurrere.
755 1399 1119 1453 Admonendi
1153 1402 1291 1453 sunt
1330 1397 1504 1453 etiam
1536 1398 1757 1453 domini
1790 1397 2056 1453 subdito—

406 1506 539 1545 rum
572 1491 637 1544 ut
668 1487 822 1544 circa
851 1488 1147 1557 subjectos
1176 1487 1268 1559 pie
1293 1490 1349 1541 et
1379 1486 1831 1543 misericorditer
1858 1491 2054 1559 agant,

410 1594 515 1634 nec
544 1594 643 1633 eos
668 1575 927 1648 qualibet
955 1576 1175 1646 injuste
1196 1574 1496 1631 occasione
1524 1576 1933 1641 condemnent,
1952 1592 2057 1631 nec

410 1682 509 1722 eos
530 1665 885 1736 opprimant,
904 1680 1008 1718 nec
1030 1663 1261 1718 illorum
1281 1663 1699 1720 substantiolas
1719 1664 1934 1735 injuste
1955 1663 2060 1720 tol-

412 1753 557 1819 lant,
584 1769 686 1807 nec
718 1753 869 1825 ipsia
898 1752 1090 1808 debita
1119 1770 1245 1825 quae
1279 1770 1311 1807 a
1335 1753 1585 1808 subditis
1608 1753 1899 1808 reddenda
1920 1758 2058 1808 sunt

416 1841 593 1914 impie
624 1858 689 1896 ac
739 1840 1051 1897 crudeliter
1097 1842 1348 1914 exigant.
1382 1841 1526 1907 Quia
1556 1858 1691 1914 ergo
1740 1846 1968 1897 constat
1998 1842 2058 1897 in

412 1929 671 1986 Ecclesia
700 1930 1062 1986 diversarum
1086 1930 1488 1986 conditionum
1520 1930 1787 1987 homines
1818 1948 1965 2000 esse,
1994 1934 2060 1986 ut

411 2018 529 2074 sint
559 2019 784 2074 nobiles
816 2023 872 2074 et
901 2019 1204 2093 ignobiles,
1244 2019 1413 2087 servi,
1439 2018 1649 2088 coloni,
1690 2020 1979 2092 inquilini,
2003 2024 2060 2075 et

407 2112 611 2163 Caetera
640 2108 982 2180 hujusmodi
1006 2108 1263 2175 nomina,
1278 2112 1503 2180 oportet
1524 2113 1589 2164 ut
1618 2108 1952 2180 quicunque
1972 2110 2056 2164 eis

404 2196 624 2270 przelati
656 2202 816 2266 sunt,
839 2196 1033 2253 clerici
1082 2197 1199 2254 sive
1229 2194 1382 2265 laici,
1408 2196 1726 2253 clementer
1772 2215 1909 2271 erga
1957 2215 2056 2255 eos

399 2290 578 2359 agant
597 2289 655 2341 et
676 2286 1136 2342 misericorditer
1158 2303 1257 2342 eos
1288 2291 1558 2354 tractent,
1584 2287 1702 2343 sive
1733 2288 1792 2341 in
1824 2286 2053 2359 exigen-

400 2374 493 2429 dis
524 2374 596 2429 ab
624 2374 708 2430 eis
740 2375 1033 2446 operibus,
1059 2374 1175 2430 sive
1216 2374 1276 2430 in
1318 2375 1669 2447 accipiendis
1698 2375 1938 2432 tributis
1968 2376 2053 2431 vel

400 2463 758 2539 quibusdam
788 2464 1032 2530 debitis;
1062 2462 1364 2536 sciantque
1395 2481 1492 2519 eos
1527 2465 1731 2520 fratres
1761 2482 1900 2521 suos
1928 2482 2056 2521 esse

401 2557 459 2608 et
475 2568 657 2607 unum
678 2568 878 2607 secum
898 2555 1123 2623 patrem
1143 2569 1204 2607 se
1220 2552 1435 2608 habere
1453 2552 1757 2620 Deum,cui
1776 2552 2051 2609 clamant:

402 2642 566 2697 Pater
583 2649 764 2697 noster
783 2643 952 2712 quies
972 2643 1033 2696 in
1054 2642 1221 2708 oculis,
1239 2645 1295 2695 et
1317 2659 1494 2696 unam
1525 2646 1768 2698 matrem
1793 2648 2054 2698 sanctam

403 2729 897 2802 Ecclesiam,quae
939 2747 1037 2784 eos
1086 2730 1433 2785 intemerato
1482 2731 1627 2786 sacri
1663 2731 1841 2787 fontis
1891 2736 2054 2787 utero

405 2818 610 2892 gignit.
630 2818 950 2891 Disciplina
971 2818 1152 2891 igitur
1180 2819 1265 2873 eis
1297 2819 1847 2876 misericordissima
1865 2825 1921 2875 et
1948 2836 2054 2892 gu-

405 2908 668 2970 bernatio
712 2912 1042 2981 opportuna
1087 2899 1418 2964 adhibenda
1466 2912 1582 2977 est;
1622 2908 1949 2981 disciplina,
1983 2926 2055 2965 ne

403 2996 837 3069 indisciplinate
866 2997 1108 3053 vivendo
1149 3001 1446 3053 auctorem
1499 3014 1672 3053 suum
1723 2999 2052 3067 offendant;

404 3085 771 3159 gubernatio,
796 3086 854 3140 in
888 3085 1243 3158 quotidianis
1280 3086 1408 3140 vitae
1439 3086 1864 3143 commeatibus
1904 3105 2054 3160 prm-

403 3173 657 3229 latorum
689 3171 1045 3229 adminiculo
1077 3172 1342 3228 destituti
1371 3172 1673 3229 fatescant.

1002 3288 1234 3343 CAPUT
1272 3287 1460 3344 XXIV.

526 3378 675 3448 Quod
702 3395 813 3435 non
840 3382 913 3435 sit
936 3394 1299 3452 personarum
1322 3380 1555 3451 acceptio
1585 3378 1729 3450 apud
1758 3379 1945 3435 Deum.

475 3486 700 3558 (Concil.
733 3487 984 3543 Cabilon.
1030 3503 1090 3553 ιι,
1144 3501 1270 3558 cap.
1303 3486 1416 3555 34.)
1461 3485 1607 3550 Quia
1654 3485 1854 3560 igitur,
1907 3488 2053 3559 Apo-

403 3574 552 3631 stolo
584 3578 854 3641 testante,
882 3590 997 3630 non
1027 3579 1116 3630 est
1158 3591 1540 3645 personarum
1591 3575 1847 3648 acceptio
1898 3576 2053 3647 apud

404 3662 612 3727 Deum,
638 3667 695 3716 et
725 3662 784 3715 in
815 3661 1091 3717 omnibus
1114 3661 1355 3731 judiciis
1382 3664 1700 3717 cavendum
1735 3668 1844 3731 est,
1868 3663 2053 3719 multo

405 3748 598 3821 magis
629 3748 690 3803 in
722 3748 831 3803 hoc
856 3747 1203 3819 pmnitentize
1226 3748 1450 3818 judicio
1472 3752 1776 3821 prmcaveri
1801 3752 1971 3807 debet
1991 3756 2055 3807 ut

405 3836 608 3893 nullus
639 3836 1007 3891 sacerdotum
1036 3852 1297 3900 unquam
1324 3842 1425 3892 aut
1455 3838 1642 3909 gratia
1669 3843 1769 3894 aut
1794 3840 1925 3896 odio
1955 3840 2054 3895 ali-

406 3926 578 3997 cujus
608 3941 866 3997 personae
899 3940 1067 3980 secus
1090 3924 1315 3996 judicet
1344 3944 1520 3997 quam
1546 3928 1701 3999 quod
1732 3928 1790 3983 in
1822 3930 2053 3985 canoni-

405 4016 518 4072 bus
538 4014 722 4071 sacris
746 4014 1045 4083 invenerit,
1062 4019 1165 4069 aut
1186 4016 1341 4087 quod
1373 4016 1456 4071 illi
1482 4017 1808 4073 secundum
1831 4022 2054 4074 sancta-

405 4122 537 4160 rum
569 4103 1004 4177 Scripturarum
1046 4105 1450 4160 auctoritatem
1493 4111 1549 4162 et
1596 4106 2050 4164 ecclesiasticam

403 4193 891 4252 consuetudinem
916 4192 1130 4249 rectius
1150 4193 1340 4250 visum
1364 4195 1554 4251 fuerit.
1576 4197 1633 4253 Si
1654 4213 1791 4269 ergo
1817 4197 2047 4263 medici,

401 4283 501 4356 qui
528 4283 870 4356 corporibus
904 4283 1253 4339 medicinam
1277 4284 1488 4340 inferre
1509 4292 1812 4354 conantur,
1840 4302 2051 4357 nequa-

398 4388 576 4445 quam
608 4376 843 4445 propter
888 4388 1146 4444 personae
1179 4372 1492 4443 cujuslibet
1532 4374 1923 4444 acceptionem
1955 4373 2048 4429 his

398 4479 547 4534 quos
577 4478 785 4518 sanare
818 4461 1063 4533 cupiunt
1103 4460 1378 4527 cauterio,
1406 4464 1504 4515 aut
1558 4462 1728 4529 ferro,
1754 4467 1856 4516 aut
1882 4462 2046 4517 duris

394 4551 526 4605 aliis
558 4550 918 4622 quibuslibet
958 4551 1152 4615 rebus,
1180 4554 1446 4620 parcunt,
1474 4548 1661 4605 multo
1710 4550 1899 4619 magis
1950 4550 2043 4605 his

397 4639 826 4693 observandum
848 4643 936 4694 est
958 4638 1058 4709 qui
1091 4655 1207 4693 non
1236 4654 1543 4709 corporum
1578 4640 1677 4693 sed
1709 4638 2041 4693 animarum

397 4724 608 4779 medici
641 4726 914 4781 existunt.
939 4727 1135 4798 Neque
1184 4726 1339 4781 enim
1392 4729 1692 4799 pensanda
1723 4731 1811 4784 est
1856 4727 2041 4800 pumi—

396 4811 581 4867 tentia
633 4814 955 4883 quantitate
1011 4816 1313 4887 temporis,
1349 4818 1449 4872 sed
1484 4818 1687 4873 ardore
1743 4817 1956 4872 mentis
1987 4820 2043 4871 et

398 4900 839 4956 mortificatione
868 4903 1145 4973 corporis.
1170 4904 1280 4959 Cor
1307 4910 1499 4961 autem
1523 4905 1839 4962 contritum
1862 4909 1917 4961 et
1938 4905 2042 4960 bu-

398 4988 687 5045 miliatum
720 4989 873 5045 Deus
907 5008 1019 5045 non
1054 4993 1295 5064 spernit.

997 5097 1229 5153 CAPUT
1274 5099 1434 5156 XXV.

932 5189 1011 5239 De
1052 5185 1504 5245 discordantibus.

463 5274 663 5347 (Addit.
693 5291 750 5329 1v
795 5272 1123 5344 Capitular.,
1168 5292 1294 5348 cap.
1326 5277 1439 5349 50.)
1481 5280 1813 5337 Oblationes
1860 5280 2041 5337 dissi-

390 5364 656 5421 dentium
686 5363 936 5419 fratrum
969 5378 1156 5434 neque
1188 5363 1245 5417 in
1280 5367 1533 5422 sacrario
1570 5386 1755 5440 neque
1786 5370 1843 5424 in
1875 5387 2039 5444 gazo-

389 5453 656 5526 phylacio
717 5450 1092 5524 recipiantur.
1129 5450 1351 5506 Placuit
1393 5454 1567 5509 etiam
1605 5461 1666 5511 ut
1710 5458 1861 5513 sicut
1918 5459 2037 5531 ple-

457 5569 536 5640 (a)
565 5568 707 5627 Vide
736 5577 893 5627 notas
924 5567 994 5625 ad
1023 5568 1369 5642 Reginonem,
1404 5585 1534 5643 pag.
1566 5571 1689 5625 550.

2159 503 2554 569 discesserint,
2569 509 2627 561 et
2647 505 2717 560 ad
2744 521 2946 577 pacem
2971 504 3157 561 redire
3178 504 3439 561 diuturna
3462 506 3730 565 intentione

2160 593 2473 659 noluerint,
2497 594 2566 649 de
2596 593 2872 657 ,Ecclesim
2904 598 3055 649 οωιιι
3088 594 3411 665 justissima
3452 612 3733 652 excommu-

2162 681 2447 737 nicatione
2475 681 2768 753 pellantur
2788 683 3171 755 quoadusque
3200 683 3269 737 ad
3292 683 3735 758 eharitatem,quze

2161 770 2417 843 cooperit
2476 768 2914 826 multitudinem
2961 775 3346 843 peccatorum,
3385 773 3562 829 venire
3608 774 3737 830 festi-

2163 864 2302 915 nent
2334 862 2431 929 (τι).

2757 948 2988 1004 CAPUT
3022 949 3210 1005 XXVI.

2446 1038 2692 1105 Qualiter
2714 1038 2826 1093 dies
2850 1039 3165 1094 Dominicus
3196 1040 3504 1095 observetur.

2235 1125 2382 1193 (Lib.
2427 1143 2441 1180 ι
2481 1126 2811 1197 Capitular.,
2863 1144 2990 1199 cap.
3020 1129 3123 1195 75;
3175 1127 3275 1183 lib.
3322 1145 3395 1195 v1,
3426 1143 3541 1199 cap.
3570 1129 3675 1196 380,
3702 1136 3744 1186 et

2163 1214 2266 1268 lib.
2298 1230 2395 1282 vn,
2422 1231 2548 1287 cap.
2577 1216 2733 1283 276.)
2764 1215 2926 1271 Diem
2977 1216 3335 1272 dominicum
3380 1217 3604 1289 apostoli
3646 1217 3744 1275 ideo

2165 1302 2435 1376 religiosa
2465 1308 2784 1359 sanxerunt
2808 1303 3174 1360 solemnitate
3210 1306 3345 1377 quia
3379 1305 3436 1360 in
3471 1306 3649 1361 eodem
3675 1307 3745 1363 die

2165 1393 2518 1465 Redemptor
2540 1397 2735 1449 noster
2755 1412 2787 1449 a
2810 1393 3058 1449 mortuis
3079 1394 3407 1450 resurrexit.
3423 1395 3623 1466 Quique
3647 1396 3745 1451 ideo

2165 1480 2502 1536 Dominicus
2525 1480 2851 1554 appellatur
2872 1486 2935 1537 ut
2955 1483 3013 1537 in
3049 1500 3115 1538 eo
3137 1502 3171 1538 a
3189 1483 3431 1539 terrenis
3451 1483 3688 1555 operibus
3705 1488 3747 1539 et

2165 1588 2196 1625 a
2230 1570 2431 1625 mundi
2464 1570 2751 1627 illecebris
2782 1571 3165 1638 abstinentes,
3188 1576 3415 1627 tantum
3440 1571 3628 1627 divinis
3653 1572 3747 1626 cul-

2166 1658 2324 1712 tibus
2360 1659 2701 1715 serviamus.
2736 1660 2880 1714 Nam
2932 1660 3087 1714 sicut
3131 1658 3259 1732 ipse
3306 1660 3574 1715 Dominus
3615 1660 3747 1716 Jesus

2165 1745 2432 1802 Christus
2461 1753 2517 1802 ct
2547 1746 2810 1804 Salvator
2850 1753 3047 1804 noster
3092 1749 3266 1803 tertia
3296 1748 3385 1804 die
3433 1748 3750 1804 resurrexita

2169 1835 2435 1902 mortuis,
2462 1834 2540 1890 ita
2570 1841 2626 1891 et
2656 1853 2763 1892 nos
2806 1840 3235 1892 resurrecturos
3266 1836 3327 1891 in
3359 1837 3647 1893 novissimo
3673 1854 3750 1893 sa:-

2167 1922 2296 1978 culo
2320 1941 2646 1996 speramus.
2664 1925 2825 1980 Unde
2845 1926 3019 1982 etiam
3050 1926 3108 1980 in
3142 1926 3444 1982 Dominica
3464 1926 3549 1981 die
3577 1930 3750 1980 stantes

2166 2028 2403 2068 oramus
2439 2030 2452 2068 :
2488 2015 2641 2088 quod
2688 2019 2777 2069 est
2818 2013 3053 2087 signum
3088 2015 3296 2070 futura;
3346 2014 3750 2071 resurrectionis.

2164 2103 2281 2157 Hoc
2312 2100 2432 2174 agit
2477 2103 2748 2159 universa
2774 2103 3031 2159 Ecclesia
3063 2121 3188 2175 quae
3246 2105 3306 2158 in
3353 2103 3752 2177 peregrinatione

2166 2190 2537 2247 mortalitatis
2563 2192 2796 2247 inventa
2821 2196 2928 2256 est,
2953 2198 3298 2264 exspectans
3328 2192 3387 2247 in
3414 2192 3576 2248 ﬁnem
3601 2189 3753 2248 saeculi

2165 2281 2319 2352 quod
2352 2280 2411 2334 in
2459 2279 2690 2335 Domini
2723 2282 2907 2336 nostri
2936 2281 3079 2337 Jesu
3110 2281 3328 2337 Christi
3379 2298 3599 2354 corpore
3643 2296 3752 2352 pra-

2166 2373 2554 2424 monstratum
2588 2373 2694 2435 est,
2716 2368 2816 2442 qui
2846 2371 2935 2425 est
2964 2370 3396 2443 primogenitus
3425 2374 3750 2425 mortuorum.

2163 2458 2299 2513 Dies
2351 2461 2547 2513 autem
2579 2458 2919 2513 Dominicus
2959 2475 2993 2513 a
3032 2458 3385 2516 Christianis
3436 2463 3557 2531 post
3604 2474 3753 2512 resur-

2164 2546 2475 2603 rectionem
2509 2547 2738 2602 Domini
2789 2545 3116 2603 celebratus
3159 2552 3273 2617 est,
3299 2553 3354 2604 et
3400 2563 3466 2602 ex
3509 2547 3597 2601 illo
3624 2544 3756 2617 capit

2164 2635 2375 2690 habere
2428 2636 2795 2691 festivitatem
2847 2653 3036 2691 suam.
3063 2637 3258 2692 Tanta
3289 2653 3421 2710 ergo
3470 2636 3629 2706 hujus
3670 2631 3756 2688 diei

2164 2724 2335 2779 debet
2362 2741 2489 2781 esse
2521 2724 2891 2780 observantia
2929 2729 2996 2779 ut
3035 2729 3245 2796 praeter
3271 2726 3549 2781 orationes
3577 2727 3625 2779 et
3649 2721 3756 2776 mis-

2165 2829 2363 2868 sarum
2396 2812 2682 2869 solemnia
2712 2816 2769 2869 et
2798 2830 2866 2869 ea
2890 2831 3015 2886 qua:
3044 2815 3115 2870 ad
3138 2815 3491 2870 vescendum
3520 2812 3759 2886 pertinent

2164 2901 2308 2957 nihil
2343 2900 2499 2958 aliud
2533 2901 2649 2957 tiat.
2674 2901 2954 2959 Videlicet
2999 2907 3064 2958 ut
3111 2920 3218 2959 nec
3272 2921 3447 2976 opera
3493 2899 3689 2958 servilia
3713 2898 3756 2951 in

2164 3007 2229 3046 eo
2262 2994 2531 3063 agantur,
2565 3007 2670 3045 nec
2711 2990 2818 3046 viri
2859 2991 3077 3047 ruralia
3107 2996 3436 3058 exerceant,
3468 3007 3566 3046 nec
3604 2986 3759 3043 vineas

2167 3078 2379 3146 colant,
2424 3094 2530 3133 nec
2586 3094 2824 3150 campos
2882 3083 3066 3146 arent,
3099 3096 3206 3135 nec
3264 3095 3512 3136 messem
3565 3076 3758 3136 metant,

2085 3152 2127 3219 C
2168 3183 2272 3223 nec
2322 3166 2519 3222 fenum
2571 3171 2784 3235 secent,
2819 3183 2926 3223 nec
2974 3185 3171 3241 sepem
3228 3171 3467 3241 ponant,
3504 3181 3600 3223 nec
3625 3162 3760 3220 silvas

2166 3256 2433 3327 stirpent,
2454 3272 2559 3311 nec
2582 3257 2816 3312 arbores
2837 3257 3080 3325 caedant,
3104 3273 3213 3313 nec
3236 3258 3299 3313 in
3324 3256 3498 3330 petris
3528 3252 3756 3315 laborent.

2165 3362 2270 3401 nec
2293 3346 2499 3401 domos
2521 3348 2884 3413 construant,
2908 3361 3013 3400 nec
3040 3344 3283 3401 hortum
3315 3345 3543 3409 faciant,
3564 3358 3654 3398 nec
3672 3344 3759 3395 ter-

2166 3450 2291 3489 ram
2324 3436 2612 3499 moveant,
2642 3450 2747 3489 nec
2778 3435 2850 3489 ad
2882 3432 3096 3505 placita
3124 3435 3490 3501 conveniant,
3514 3447 3607 3487 nec
3627 3442 3759 3484 vena-

2164 3523 2352 3580 tiones
2373 3525 2696 3589 exerceant,
2722 3520 2836 3576 nisi
2863 3525 3093 3576 tantum
3114 3521 3229 3576 cibi
3260 3522 3347 3577 vel
3370 3520 3587 3594 frigoris
3609 3528 3761 3573 neces-

2164 3613 2353 3668 sitate.
2380 3612 2521 3667 Item
2554 3610 2782 3666 feminae
2814 3626 2990 3683 Opera
3018 3610 3278 3666 trextilia
3308 3628 3421 3666 non
3456 3609 3662 3671 faciant,
3683 3617 3761 3658 nec

2163 3701 2511 3756 vestimenta
2540 3698 2832 3771 capulent,
2863 3714 2967 3753 nec
2997 3704 3308 3769 consuant,
3344 3716 3444 3755 nec
3474 3693 3762 3752 vestimenta

2164 3790 2375 3858 lavent,
2409 3806 2513 3844 nec
2545 3788 2777 3858 liniant,
2808 3804 2915 3843 nec
2960 3788 3149 3842 linum
3200 3788 3454 3853 battant,
3488 3802 3581 3842 nec
3609 3783 3759 3837 lanam

2162 3895 2397 3951 carpere
2419 3881 2797 3950 praesumant,
2819 3893 2925 3932 nec
2948 3877 3208 3932 berbices
3232 3878 3528 3941 tondeant,
3548 3877 3601 3928 ut
3619 3866 3763 3925 omni-

2162 3968 2355 4023 modis
2384 3968 2670 4023 bonorum
2702 3965 2934 4037 requies
2966 3965 3058 4021 die
3085 3965 3394 4021 Dominico
3438 3960 3761 4036 persolvatur.

2163 4058 2291 4129 Ipse
2321 4060 2411 4112 est
2441 4055 2598 4112 enim
2648 4054 2876 4127 primus
2907 4054 3031 4109 dies
3062 4053 3282 4110 saeculi.
3320 4055 3382 4109 In
3414 4054 3533 4125 ipso
3562 4048 3763 4104 formata

2162 4150 2301 4202 sunt
2329 4145 2614 4201 elementa
2644 4142 2868 4209 mundi,
2891 4143 2950 4197 in
2984 4143 3111 4215 ipso
3137 4142 3319 4198 creati
3351 4145 3486 4199 sunt
3512 4134 3696 4209 angeli,
3719 4132 3760 4186 in

2161 4251 2226 4290 eo
2257 4251 2475 4289 manna
2504 4234 2575 4288 de
2606 4231 2746 4287 coalo
2771 4232 2973 4286 datum
3005 4236 3115 4299 est,
3140 4231 3199 4285 in
3234 4248 3304 4287 ea
3333 4231 3661 4298 Redemptor
3677 4222 3760 4276 hu-

2160 4322 2319 4379 mani
2352 4320 2581 4395 generis
2611 4338 2644 4375 a
2674 4320 2923 4375 mortuis
2972 4321 3309 4387 resurrexit,
3333 4320 3394 4374 in
3444 4335 3507 4374 eo
3552 4312 3759 4386 Spiritus

2159 4416 2399 4468 sanctus
2430 4428 2606 4482 super
2640 4408 2960 4481 discipulos
2991 4409 3312 4465 descendit.
3338 4400 3756 4464 Conveniendum

2076 4521 2120 4585 ι)
2154 4506 2242 4556 est
2290 4501 2530 4556 sabbato
2568 4499 2661 4553 die
2698 4514 2831 4553 cum
2890 4496 3284 4553 luminaribus
3343 4498 3415 4553 ad
3472 4489 3749 4585 ecclesiam,

2152 4589 2611 4646 conveniendum
2645 4592 2734 4643 est
2783 4587 2853 4641 ad
2902 4587 3132 4660 vigilias
3165 4588 3285 4643 sive
3316 4587 3388 4642 ad
3441 4580 3750 4640 matutinum

2153 4677 2913 4740 ofﬁcium,concurrendum
2936 4680 3023 4732 est
3043 4676 3220 4732 etiam
3243 4694 3377 4732 cum
3410 4666 3752 4730 oblationibus

2152 4768 2225 4822 ad
2256 4767 2574 4821 missarum
2615 4765 2919 4821 solemnia.
2944 4766 3012 4820 Et
3055 4766 3197 4820 dum
3247 4763 3593 4826 convenitur,
3622 4750 3752 4811 nulla

2143 4855 2343 4927 jurgia
2373 4858 2511 4910 sunt
2540 4854 2835 4923 habenda;
2865 4854 2967 4910 sed
2997 4858 3119 4911 tota
3163 4856 3254 4910 die
3292 4858 3517 4909 tantum
3546 4849 3649 4904 Deo
3674 4857 3750 4895 V8-

2151 4945 2403 5000 candum
2429 4946 2536 5011 est,
2562 4960 2677 4998 non
2709 4943 2768 4998 in
2796 4943 3033 5015 crapula
3059 4946 3114 4999 et
3135 4943 3412 4999 ebrietate
3431 4940 3517 4994 vel
3542 4938 3593 4991 in
3620 4934 3752 4988 luxu-

2152 5033 2254 5089 riis
2285 5037 2341 5088 et
2363 5032 2733 5104 jocularibus
2778 5031 2991 5099 verbis,
3025 5033 3125 5088 sed
3175 5032 3235 5086 in
3288 5030 3388 5086 Dei
3435 5023 3683 5115 laudibus
3706 5016 3751 5115 et

2150 5121 2535 5194 eleemosynis
2565 5138 2699 5177 cum
2740 5121 2966 5187 amicis,
3019 5121 3319 5194 proximis,
3371 5124 3427 5174 et
3473 5108 3749 5188 peregrinis

2150 5210 2494 5285 spiritaliter
2526 5210 2905 5282 epulandum.

2745 5316 2976 5373 CAPUT
3021 5317 3237 5373 XXVII.

2650 5412 2727 5463 De
2754 5407 2941 5462 diebus
2965 5409 3118 5479 festis
3143 5408 3296 5463 anni.

2220 5498 2368 5571 (Lib.
2403 5514 2446 5555 ιι
2477 5496 2805 5569 Capitn.lar.,
2860 5512 2987 5568 cap.
3031 5497 3128 5566 35;
3187 5494 3418 5567 Regino,
3453 5490 3545 5546 lib.
3577 5502 3610 5556 ι,
3641 5495 3743 5551 σερε
