3956 6160
206 372 316 428 717

1698 367 2111 431 GAPITULA.

3486 367 3608 437 ἠδ

201 504 326 570 577)
354 501 554 558 Festos
584 501 709 557 dies
743 500 800 557 in
832 517 984 557 anno
1034 500 1325 557 celebrare
1375 500 1700 565 sanximus,
1741 499 1851 557 hoc
1879 504 1932 570 Α
1964 502 2314 575 conjugibus
2340 520 2352 571 ;
2387 505 2444 558 et
2474 502 2585 559 nisi
2617 520 2717 560 eos
2746 503 3007 561 audisset
3026 506 3098 562 ab
3132 505 3254 562 beri
3302 511 3360 562 et
3390 508 3605 565 nudius

200 590 471 662 est,diem
509 590 878 646 Dominicum
933 590 1167 647 Pascha:
1198 606 1332 645 cum
1365 589 1524 644 omni
1552 589 1769 645 honore
1796 594 1855 645 et

199 679 514 736 sobrietate
542 677 1205 747 venerari,similirnodo
1220 682 1398 734 totam
1421 678 1851 734 hebdomadam

199 768 357 824 illam
370 768 612 824 observa
620 784 681 824 re
694 767 978 824 decrevim
989 768 1119 834 us,d
1129 767 1240 823 iem
1254 765 1853 824 ascensionisDomini

196 857 449 931 pleniter
495 855 808 913 celebrare.
842 857 903 913 In
952 857 1331 914 Pentecosten
1376 854 1649 912 similiter
1695 860 1761 911 ut
1789 856 1850 911 in

195 945 811 1013 Pascha,nativitatem
844 946 1031 1002 sancti
1054 944 1298 1001 Joannis
1324 943 1775 1017 Baptistae,Petri
1795 948 1852 1000 et

196 1034 360 1091 Pauli
419 1034 576 1090 diem
624 1052 833 1102 unum,
883 1033 1073 1090 sancti
1124 1033 1444 1100 Laurentii,
1491 1032 1849 1105 assumptio-

195 1140 327 1180 nem
370 1126 588 1179 sanctae
637 1122 852 1189 Mariaa,
885 1122 1311 1179 dedicationem
1360 1121 1549 1177 sancti
1598 1121 1849 1178 Michae-

190 1211 551 1281 lis,natalem
582 1211 769 1268 sancti
800 1210 1057 1280 Martini,
1089 1210 1277 1268 sancti
1319 1211 1586 1277 Andreae,
1619 1213 1677 1265 et
1724 1226 1848 1265 om-

189 1300 358 1356 nium
389 1299 811 1373 apostolorum.
846 1300 908 1356 In
941 1298 1246 1356 nativitate
1275 1298 1507 1356 Domini
1536 1299 1664 1355 dies
1702 1314 1850 1370 qua-

189 1396 344 1456 tuor,
404 1394 640 1445 octavas
683 1388 932 1455 Domini,
983 1388 1331 1462 Epiphania,
1380 1386 1846 1460 puriﬁcationem

189 1482 405 1535 sanctae
448 1478 662 1546 Mariae,
715 1476 969 1534 natalem
1018 1478 1205 1533 sancti
1255 1476 1505 1533 Ursicini
1553 1480 1611 1532 et
1660 1475 1848 1533 sancti

185 1565 558 1639 Austregisili
588 1570 647 1622 et
694 1566 880 1622 sancti
928 1565 1181 1638 Sulpitii.
1217 1566 1285 1621 Et
1335 1564 1466 1621 illas
1509 1565 1848 1621 festivitates

187 1660 530 1711 sanctorum
561 1655 870 1711 observare
914 1654 1279 1711 decrevimus
1320 1670 1574 1727 quorum
1606 1653 1663 1708 in
1699 1671 1846 1709 una-

186 1760 424 1817 quaque
465 1743 741 1816 parochia
791 1749 995 1799 sancta
1044 1760 1286 1816 corpora
1334 1743 1714 1815 requiescunt
1758 1742 1841 1799 vel

185 1832 450 1905 reliquiae
479 1831 959 1888 venerantur.His
990 1831 1283 1904 praedictis
1313 1831 1521 1887 diebus
1551 1832 1624 1886 ab
1654 1830 1842 1903 operi-

186 1923 291 1977 bus
325 1920 754 1993 quiescendum
787 1938 915 1977 esse
944 1920 1477 1976 diximus.Czeteras
1500 1919 1842 1976 festivitates

185 2015 529 2066 sanctorum
551 2009 1843 2083 apostolorum,martyrum,confessorum,at-

184 2116 291 2171 que
344 2098 642 2172 virginum
693 2115 949 2172 congruo
1004 2098 1223 2154 honore
1282 2097 1660 2154 celebrandas
1714 2113 1842 2153 esse

182 2204 518 2244 censemus.

759 2274 990 2331 CAPUT
1027 2274 1266 2330 XXVIII.

180 2364 463 2436 Qualiter
490 2365 682 2434 ﬁdeles
715 2364 772 2419 in
818 2364 1133 2419 missarum
1162 2363 1461 2419 solemniis
1501 2364 1714 2435 ojrerre
1742 2362 1838 2417 de-

635 2440 801 2491 beant
834 2437 917 2490 vel
946 2435 1395 2490 communicare.

246 2542 623 2599 Sacrificium
677 2542 828 2613 quod
864 2558 897 2596 a
927 2540 1275 2596 Christianis
1309 2541 1423 2597 Deo
1455 2541 1697 2596 oll‘ertur
1728 2540 1842 2612 pri-

185 2649 355 2688 mum
388 2631 655 2686 Christus
686 2629 970 2686 Dominus
994 2634 1191 2685 noster
1207 2635 1263 2684 et
1285 2629 1564 2703 magister
1584 2629 1841 2685 instituit

180 2721 425 2793 quando
448 2719 879 2775 commendavit
896 2718 1173 2791 apostolis
1187 2735 1399 2790 corpus
1417 2723 1473 2773 et
1490 2717 1835 2790 sanguinem

184 2827 369 2865 suum
401 2808 747 2881 priusquam
781 2807 1229 2863 traderetur.Sic
1259 2807 1417 2863 enim
1448 2806 1664 2879 legitur
1696 2823 1709 2860 :
1745 2807 1840 2863 Ac-

175 2898 355 2968 cepit,
383 2897 595 2969 inquit,
621 2901 790 2954 Iesus
818 2912 1026 2966 panem
1058 2905 1111 2951 et
1133 2896 1392 2961 calicem,
1423 2903 1478 2950 et
1510 2895 1839 2950 benedicens

179 2987 338 3043 dedit
372 2985 699 3041 eis.Dicunt
729 2984 1051 3056 aliqui,nisi
1075 2983 1271 3056 aliquo
1298 2984 1692 3039 intercedente
1713 2998 1841 3055 pec-

179 3081 332 3143 cato,
367 3073 785 3130 eucharistiam
825 3072 1084 3145 quotidie
1114 3072 1535 3145 accipiendam.
1570 3071 1834 3144 (Regino,

1959 590 2165 646 tertius
2196 608 2431 647 vacasse
2460 591 2533 647 ab
2564 608 2736 665 opere
2766 593 3392 667 conjugali,nunquam
3425 613 3605 669 panes

1959 683 2193 735 sanctos
2224 680 2295 734 ad
2343 681 2766 737 comedendum
2808 683 3210 740 concessisset.
3244 687 3606 758 Quapropter

1959 766 2209 841 eligendi
2242 773 2375 824 sunt
2408 767 2589 841 aliqui
2610 769 2733 825 dies
2764 770 2979 842 quibus
3008 772 3171 843 prius
3198 772 3372 830 homo
3412 773 3607 830 conti-

1958 855 2191 912 nentius
2220 857 2514 929 vivat,quo
2545 857 2617 913 ad
2648 862 2878 915 tantum
2925 866 3360 917 sacramentum
3388 862 3604 935 dignus

1957 945 2229 1002 accedere
2254 946 2457 1018 possit.
2489 946 2767 1004 Similiter
2806 951 2864 1004 et
2892 965 2990 1005 eos
3041 948 3142 1021 qui
3180 948 3241 1005 in
3284 949 3601 1007 missarum

1957 1032 2261 1090 solemniis
2293 1051 2502 1107 panem
2534 1039 2590 1090 et
2618 1036 2817 1091 vinum
2868 1037 3271 1094 sacerdotibus
3315 1039 3388 1094 ad
3420 1039 3602 1096 altare

1957 1122 2227 1189 offerunt,
2261 1140 2295 1176 a
2321 1122 2670 1195 conjugibus
2716 1124 3055 1197 aliquandiu
3104 1125 3396 1183 abstinere
3437 1144 3602 1200 opor-

1956 1214 2122 1279 tet,et
2180 1215 2382 1283 postea
2438 1228 2592 1284 aqua
2639 1211 2762 1279 loti,
2821 1217 2880 1269 et
2935 1214 3299 1271 vestimentis
3358 1216 3596 1285 ablutis,

1956 1316 2060 1372 pro
2086 1300 2210 1356 suis
2261 1316 2623 1373 suorumque
2678 1303 2968 1358 erratibus
3018 1302 3341 1360 oblationes
3373 1309 3483 1361 Deo
3512 1306 3600 1361 of-

1956 1388 2163 1456 ferant,
2197 1392 2254 1444 et
2300 1388 2349 1445 si
2400 1389 2599 1456 velint,
2632 1390 3085 1448 communicent.
3128 1392 3355 1457 Quibus
3402 1399 3596 1451 autem

1957 1477 2230 1533 sacrificii
2260 1482 2534 1550 sumptus
2568 1483 2836 1552 negatur,
2867 1480 3143 1536 offerendi
3194 1480 3439 1539 facultas
3482 1499 3597 1539 non

1958 1563 2256 1619 tribuitur.

2548 1654 2776 1710 CAPUT
2814 1654 3004 1711 XXIX.

2343 1747 2426 1798 Dc
2452 1743 2679 1815 jejunio
2716 1744 3225 1816 quadragesimali.

2031 1829 2390 1903 (Cclpitnlare
2420 1832 2736 1903 Theodul/i,
2768 1850 2895 1906 cap.
2926 1835 3016 1902 37,
3048 1835 3138 1905 41,
3170 1836 3280 1903 43).
3323 1836 3457 1892 Dies
3500 1853 3600 1893 au-

1962 1925 2079 1976 tem
2110 1920 2646 1994 quadragesimales
2672 1938 2805 1977 cum
2828 1939 3064 1978 summa
3082 1924 3487 1981 observatione
3506 1943 3603 1981 cu-

1952 2008 2246 2064 stodiendi
2279 2014 2438 2075 sunt,
2465 2014 2527 2065 ut
2550 2010 2849 2081 jejunium
2879 2011 2937 2065 in
2976 2012 3061 2067 eis
3092 2017 3303 2084 praeter
3329 2013 3453 2070 dies
3483 2015 3599 2071 Do-

1951 2097 2218 2165 minicus,
2250 2098 2343 2153 cui
2373 2099 2445 2155 ab
2479 2098 2833 2155 abstinentia
2861 2100 3142 2156 subtracti
3173 2102 3599 2171 sunt,nullate-

1951 2203 2062 2241 nus
2093 2185 2513 2259 solvatur,quia
2532 2186 2644 2258 ipsi
2667 2187 2792 2243 dies
2808 2187 3046 2244 decima:
3068 2192 3207 2245 sunt
3226 2190 3364 2245 anni
3387 2192 3593 2260 nostri,

1949 2291 2098 2346 quos
2129 2290 2263 2329 cum
2295 2275 2454 2330 omni
2488 2274 2764 2347 religione
2793 2280 2851 2331 et
2896 2275 3206 2332 sanctitate
3250 2278 3595 2351 transﬁgere

1948 2362 2589 2418 debemus.NuIlaenin1
2604 2363 2661 2417 in
2677 2363 2769 2418 his
2781 2364 3006 2419 occasio
3019 2364 3096 2419 sit
3113 2363 3523 2437 resolvendijej
3534 2383 3596 2421 u-

1950 2452 2063 2519 nii;
2099 2452 2241 2524 quia
2279 2452 2390 2507 alio
2435 2457 2695 2524 tempore
2752 2452 2899 2507 solet
2937 2453 3233 2525 jejunium
3293 2453 3595 2511 cbaritatis

1948 2557 2126 2595 causa
2157 2540 2540 2597 dissolvi.lsto
2570 2559 2703 2597 vero
2735 2559 3038 2614 nunquam
3078 2543 3269 2612 debet,
3303 2549 3359 2599 et
3389 2545 3447 2598 in
3480 2544 3594 2600 alio

1948 2634 2208 2702 tempore
2230 2631 2501 2700 jejunare
2533 2630 2839 2703 praemium
2888 2631 3189 2703 acquirere
3234 2636 3342 2688 est.
3378 2632 3440 2688 In
3485 2633 3592 2688 hoc

1945 2734 2099 2787 vero,
2134 2724 2345 2789 praeter
2376 2719 2642 2774 infirmos
2673 2725 2775 2775 aut
2821 2719 3114 2791 parvulos,
3167 2721 3436 2792 quisquis
3476 2738 3592 2777 non

1937 2807 2427 2878 jejunat,pa3nam
2458 2807 2567 2861 sibi
2603 2806 3026 2879 acquirit,quia
3053 2808 3287 2863 eosdem
3319 2808 3445 2864 dies
3476 2809 3594 2864 Do-

1948 2893 2145 2950 minus
2177 2901 2232 2949 et
2262 2912 2366 2967 per
2396 2895 2632 2967 Mcysen
2681 2900 2742 2950 et
2772 2911 2875 2966 per
2920 2894 3105 2951 Eliam
3149 2898 3206 2950 et
3248 2912 3353 2968 per
3381 2901 3593 2953 semet-

1946 2983 2141 3055 ipsum
2174 2999 2338 3038 sacro
2364 2982 2592 3054 jejunio
2625 2982 3001 3039 consecravit.
3033 2983 3457 3041 Abstinendum
3504 2989 3596 3041 est

1946 3070 2102 3126 enim
2135 3070 2193 3125 in
2226 3069 2318 3126 his
2350 3070 2770 3127 sacratissimis
2800 3070 3597 3146 diebusaoonjugibus,quia

180 3163 278 3220 lib.
307 3182 352 3231 1,
388 3180 518 3235 cap.
556 3162 701 3230 194.)
736 3165 901 3217 Hunc
931 3162 1085 3217 enim
1120 3178 1331 3234 panem
1356 3160 1481 3216 dari
1512 3160 1681 3216 nobis
1703 3176 1840 3232 quo-
1888 3234 1895 3235 ?
1947 3176 2093 3232 pene
2124 3158 2268 3213 nihil
2299 3158 2453 3215 valet
2470 3158 2768 3231 jejunium
2794 3160 2948 3232 quod
2971 3160 3261 3233 conjugali
3284 3177 3456 3234 opere
3474 3161 3596 3233 pol-

179 3252 320 3308 tidie
346 3234 595 3324 jubente
617 3249 856 3306 Domino
880 3249 1249 3322 postulamus
1281 3249 1537 3305 dicentes
1572 3266 1584 3303 :
1623 3254 1838 3305 Panem
1870 3234 1914 3302 C
1948 3247 2239 3304 luitur.Ab
2269 3248 2544 3304 omnibus
2564 3265 2699 3321 ergo
2722 3249 2993 3305 ﬁdelibus
3013 3248 3596 3323 singulisDominicis

178 3351 446 3397 nostrum
477 3339 873 3410 quotidianum
904 3339 979 3394 da
1008 3341 1168 3395 nobis
1197 3339 1379 3393 hodie.
1414 3338 1574 3403 Quod
1599 3337 1836 3409 quidem

181 3429 329 3485 bene
363 3429 591 3493 dicunt,
616 3427 665 3482 si
712 3427 819 3482 hoc
847 3443 982 3481 cum
1028 3426 1307 3499 religione
1356 3432 1413 3481 et
1451 3425 1753 3481 devotione
1782 3428 1841 3480 et

179 3517 522 3574 humilitate
554 3515 909 3589 suscipiunt,
942 3533 1047 3572 nec
1080 3515 1313 3571 ﬁdendo
1354 3516 1424 3570 de
1447 3514 1707 3586 justitia,
1740 3530 1839 3569 su-

181 3607 363 3678 perba
402 3603 858 3676 praesumptione
908 3603 966 3659 id
1008 3604 1243 3659 faciant.
1279 3603 1561 3659 Castorum
1608 3602 1656 3657 si
1698 3600 1841 3657 talia

181 3699 324 3750 sunt
358 3698 598 3766 peccata
627 3708 754 3763 qua:
787 3692 955 3765 quasi
988 3697 1284 3748 mortuum
1318 3693 1389 3747 ab
1420 3691 1626 3747 altario
1657 3707 1843 3746 remo-

184 3782 555 3854 veant,prius
581 3782 805 3852 agenda
825 3785 912 3837 est
935 3781 1277 3854 poenitentia
1301 3799 1314 3849 ;
1334 3798 1400 3836 ac
1422 3780 1471 3836 si
1501 3779 1710 3835 deinde
1731 3779 1840 3834 hoc

183 3871 560 3927 salutiferam
620 3870 1114 3925 medicamentum
1176 3870 1635 3942 suscipiendum,
1671 3869 1843 3939 juxta

184 3958 534 4031 Apostolum
552 3958 798 4031 probare
813 3974 875 4013 se
906 3958 1077 4013 debet
1093 3957 1268 4014 homo
1299 3962 1356 4013 et
1369 3957 1451 4013 sic
1468 3958 1539 4012 de
1565 3972 1713 4028 pane
1744 3954 1842 4011 illo

184 4049 550 4103 manducare
577 4050 636 4102 et
667 4047 738 4102 de
767 4045 946 4102 calice
975 4045 1177 4102 libere.
1213 4046 1361 4117 (Lib.
1409 4062 1449 4101 ιι
1494 4044 1841 4114 ϐαρίιηιατη

186 4152 317 4208 cap.
354 4136 468 4204 40).
510 4134 570 4191 Si
620 4152 752 4191 vero
801 4134 1112 4191 indiscrete
1161 4134 1464 4207 accipitur,
1512 4133 1841 4188 timendum

1947 3336 2153 3392 diebus
2183 3339 2241 3394 in
2274 3336 2960 3410 quadragesima,pra3ter
2982 3355 3080 3395 eos
3105 3339 3203 3411 qui
3236 3339 3595 3412 procrimine

1946 3424 2175 3481 mortali
2203 3426 2689 3482 excommunicati
2708 3431 3243 3495 sunt,eacramenta
3264 3429 3523 3500 corporis
3539 3433 3597 3485 et

1947 3513 2254 3587 sanguinis
2282 3513 2496 3569 Christi
2515 3516 2804 3571 sumenda
2824 3518 3046 3584 sunt,et
3067 3514 3126 3571 in
3149 3515 3321 3573 Coma
3338 3516 3591 3586 Domini,

1946 3606 2003 3658 et
2032 3602 2090 3657 in
2124 3607 2457 3672 Parasceve,
2491 3607 2547 3658 et
2573 3602 2773 3675 vigilia
2803 3603 3055 3671 Pascha,
3087 3608 3143 3660 et
3170 3604 3230 3660 in
3260 3604 3354 3660 die
3385 3606 3593 3661 Resur-

1948 3691 2223 3746 rectionis
2252 3691 2485 3746 Domini
2535 3692 2766 3764 penitus
2797 3693 3353 3749 communicandum
3384 3698 3492 3750 est.
3525 3695 3596 3750 Et

1946 3778 2059 3852 ipsi
2090 3780 2217 3835 dies
2247 3779 2542 3851 poscbalis
2572 3780 2953 3837 hebdomadas
2982 3798 3187 3838 omnes
3218 3782 3427 3855 aequali
3459 3782 3595 3839 reli-

1947 3869 2119 3942 gione
2144 3868 2370 3924 colendi
2406 3873 2563 3924 sunt.

2553 3958 2787 4014 CAPUT
2833 3959 2993 4015 XXX.

2304 4049 2383 4103 De
2419 4047 2645 4103 exteris
2673 4047 2919 4117 jejuniis
2951 4048 3245 4105 insiitutis.

2023 4135 2172 4205 (Lib.
2207 4152 2240 4189 v
2271 4135 2617 4205 Capitutar.,
2648 4152 2774 4206 cap.
2813 4137 2957 4204 151).
2992 4136 3071 4192 De
3107 4135 3336 4207 jejunio
3368 4135 3427 4190 in
3459 4153 3608 4207 qua-

185 4229 279 4281 est
306 4223 459 4280 illud
490 4224 647 4297 quod
677 4223 759 4278 ait
786 4223 940 4279 idem
954 4222 1270 4295 Apostolus
1304 4239 1317 4277 :
1341 4223 1768 4293 Quimanducat
1789 4228 1846 4275 et
1950 4228 2086 4279 tuor
2105 4223 2621 4295 annitemporibus
2641 4223 3057 4291 conservando,
3079 4222 3608 4295 quandolectiones

188 4314 330 4369 bibit
367 4313 611 4383 indigne
629 4310 920 4383 judicium
948 4311 1057 4367 sibi
1092 4311 1405 4367 manducet
1452 4318 1509 4365 et
1538 4310 1692 4365 bibit.
1728 4307 1845 4363 Hoc
1953 4309 2336 4368 duodecimin
2352 4309 2906 4383 sabbatoleguntur,
2923 4316 3212 4367 statutum
3230 4311 3608 4368 estasanctis

186 4404 279 4457 est
310 4400 468 4457 enim
499 4401 737 4474 indigne
770 4398 1050 4473 accipere,
1083 4399 1132 4454 si
1163 4416 1229 4455 eo
1259 4409 1521 4470 tempore
1543 4397 1675 4470 quis
1692 4396 1847 4452 acci-
1956 4399 2225 4455 Patribus
2256 4403 2321 4454 ut
2353 4398 2411 4454 in
2436 4398 2840 4471 primomense
2869 4398 2929 4454 in
2952 4398 3143 4471 prima
3162 4398 3608 4455 bebdomadain

190 4489 315 4561 piat
348 4504 463 4560 quo
492 4490 669 4545 debet
698 4488 913 4545 habere
948 4487 1372 4561 paenitentiam.
1406 4487 1567 4551 Quod
1608 4486 1657 4541 si
1688 4488 1849 4541 tanta
1954 4486 2128 4543 Junio
2144 4486 2203 4541 in
2218 4488 2474 4543 secunda
2494 4487 2946 4556 bebdomada,in
2966 4486 3331 4560 Septembrio
3352 4487 3410 4542 in
3434 4487 3608 4544 tertia

190 4594 311 4633 non
346 4581 485 4632 sunt
513 4580 754 4650 peccata
784 4581 848 4632 ut
878 4575 1475 4632 excommunicandus
1496 4574 1746 4647 quisque
1758 4575 1851 4646 ju-
1882 4597 1924 4662 υ
1957 4576 2347 4644 hebdomade,
2378 4576 2438 4631 in
2485 4576 2821 4632 Decembrio
2869 4576 2929 4631 in
2960 4580 3171 4648 quarta
3209 4574 3606 4645 hebdomade,

190 4666 567 4734 dicetur,non
601 4681 664 4720 se
693 4665 866 4721 debet
895 4682 929 4720 a
960 4665 1253 4721 medicina
1277 4662 1564 4720 Dominici
1591 4663 1850 4736 corporis

191 4770 571 4827 separare,ne
603 4754 742 4809 dum
778 4752 1029 4809 nimium
1068 4753 1126 4808 in
1177 4752 1418 4825 longum
1458 4752 1744 4817 differtur,
1777 4753 1850 4806 ad

192 4842 519 4915 perniciem
550 4842 763 4898 animae
794 4843 1101 4914 pertineat,
1133 4841 1361 4898 dicente
1409 4840 1649 4896 Domino
1681 4859 1695 4896 :
1726 4841 1854 4898 Nisi

191 4932 635 4989 manducauerit
643 4933 690 4987 is
711 4948 951 4989 carnem
973 4932 1108 4988 Filii
1127 4931 1437 4987 hominiset
1457 4931 1710 4986 biberitis
1730 4931 1854 5000 ejus

193 5022 563 5091 sanguinem,
592 5037 707 5077 non
738 5020 1016 5077 habebitis
1046 5020 1224 5076 vitam
1254 5021 1311 5075 in
1333 5018 1854 5092 robis.Conjugatis

196 5114 401 5164 autem
432 5110 851 5167 abstinendum
883 5114 973 5165 est
994 5127 1027 5165 a
1056 5109 1212 5165 coitu
1242 5108 1468 5181 aliquot
1499 5109 1855 5177 diebus,ora-

193 5196 465 5270 tionique
494 5199 917 5267 vacandum,ut
929 5199 999 5254 ad
1017 5202 1245 5253 tantum
1268 5198 1538 5254 accedere
1563 5197 1855 5270 puriﬁcati

194 5284 435 5342 valeant
464 5286 1211 5361 sacramentum.Relegant
1235 5303 1549 5360 regnorum
1582 5287 1780 5355 libros,
1801 5291 1858 5342 et

194 5373 502 5432 invenient
533 5377 895 5434 sacerdotem
924 5375 1259 5433 Abimelecb
1282 5377 1354 5432 de
1377 5377 1629 5448 panibus
1656 5393 1860 5450 propo-

198 5462 441 5521 sitionis
458 5464 721 5522 noluisse
742 5467 907 5539 prius
938 5466 1077 5521 dare
1098 5465 1278 5522 David
1300 5469 1356 5520 et
1381 5466 1579 5538 pueris
1604 5466 1732 5537 ejus
1753 5483 1857 5521 an—

198 5556 446 5624 tequam
477 5555 864 5628 interrogaret
911 5558 1111 5609 utrum
1144 5552 1348 5609 mundi
1397 5558 1593 5608 essent
1630 5554 1795 5627 pueri
1825 5571 1860 5609 a

199 5639 577 5712 mulieribus,
612 5659 729 5700 non
780 5642 982 5715 utique
1028 5643 1100 5699 ab
1149 5641 1377 5711 alienis,
1409 5642 1509 5700 sed
1543 5659 1577 5701 a
1608 5641 1860 5717 propriis

1959 4665 2150 4722 tribus
2190 4665 2418 4736 diebus,
2453 4665 2510 4720 id
2542 4670 2632 4720 est
2677 4668 2885 4736 quarta
2932 4669 2990 4720 et
3037 4667 3202 4720 sexta
3250 4667 3308 4719 et
3354 4664 3606 4736 septima

1961 4755 2124 4824 feria,
2158 4772 2383 4825 omnes,
2417 4753 2671 4826 exceptis
2716 4753 3039 4809 infantibus
3086 4758 3145 4809 et
3191 4752 3463 4824 inﬁrmis,
3504 4771 3605 4811 us-

1961 4860 2072 4916 que
2105 4843 2175 4898 ad
2210 4859 2425 4898 nonam
2472 4842 2742 4913 jejunent
2787 4845 2844 4897 et
2890 4841 3224 4897 abstineant
3252 4859 3315 4898 se
3345 4859 3380 4898 a
3408 4858 3604 4899 carne.

1961 4933 2176 4988 Eodem
2195 4932 2367 4987 modo
2387 4931 2443 4985 in
2461 4930 2671 4986 diebus
2693 4930 3061 5003 rogationum
3077 4932 3471 5003 jejunandum
3494 4935 3605 4999 est,

1962 5026 2018 5077 et
2049 5038 2083 5076 a
2111 5036 2284 5074 carne
2313 5019 2505 5074 triduo
2537 5018 2953 5074 abstinendum
2985 5024 3092 5076 est.
3125 5020 3361 5093 Jejunia
3408 5038 3542 5077 vero
3576 5037 3612 5076 a

1964 5109 2368 5166 sacerdotibus
2397 5106 2618 5163 indicta
2634 5108 2761 5164 sine
2778 5108 3123 5166 necessitate
3136 5110 3471 5166 rationabili
3494 5108 3608 5165 sol-

1962 5198 2150 5254 venda
2179 5214 2295 5253 non
2328 5202 2485 5253 sunt.
2522 5196 2872 5269 (Capitulare
2905 5200 3220 5270 Theodulﬁ,
3243 5216 3368 5271 cap.
3401 5198 3511 5263 38.)
3544 5198 3610 5251 In

1964 5287 2169 5344 diebus
2199 5286 2395 5359 itaque
2437 5286 2651 5358 jejunii
2697 5286 3065 5360 eleemosyna
3108 5287 3373 5343 facienda
3414 5289 3521 5349 est,
3553 5286 3611 5338 et

1964 5377 2162 5432 cibum
2184 5380 2248 5430 et
2275 5378 2479 5448 potum
2511 5392 2626 5447 quo
2657 5375 2908 5448 quisque
2939 5376 3022 5431 uti
3044 5375 3286 5443 vellet,si
3316 5391 3427 5429 non
3452 5372 3610 5444 jeju-

1965 5471 2149 5533 naret,
2181 5464 2541 5537 pauperibus
2587 5469 2822 5536 eroget;
2859 5463 2999 5536 quia
3037 5464 3305 5535 jejunare
3354 5465 3411 5517 et
3449 5460 3611 5518 cibos

1966 5555 2197 5629 prandii
2228 5554 2299 5609 ad
2332 5570 2557 5609 coenam
2606 5568 2898 5610 reservare
2931 5570 3045 5609 non
3078 5549 3362 5609 mercedis
3393 5551 3496 5609 sed
3527 5550 3617 5610 ci-

1967 5646 2177 5703 borum
2207 5647 2296 5703 est
2323 5643 2775 5701 incrementum.
