3992 6150
424 285 548 368 περ

1021 413 1252 471 CAPUT
1289 413 1475 469 XXXI.

749 508 829 562 De
854 504 1342 562 observationibus
1370 504 1753 575 jejuniorum.

505 614 867 688 (Capitulare
897 611 1210 683 Theodulli,
1244 627 1371 685 cap.
1406 612 1510 680 40;
1543 607 2076 680 Capitutar.Caroli

432 705 609 777 Calvi,
640 703 732 759 tit.
782 704 874 771 38,
922 717 1047 773 cap.
1093 702 1163 769 8;
1196 701 1532 771 Capitulare
1589 700 1896 771 Theodul/i,
1944 715 2069 771 cap.

434 795 550 866 42.)
588 790 955 849 Abstinentia
1000 789 1061 845 in
1106 789 1313 846 diebus
1358 790 1568 863 jejunii
1621 806 1765 862 pene
1812 789 2076 844 omnium

437 882 776 939 deliciarum
805 895 933 936 esse
962 879 1150 947 debet,
1184 881 1241 934 et
1269 878 1460 935 sobrie
1482 882 1539 933 et
1558 882 1713 934 caste
1742 877 2074 945 vivendum,

436 975 504 1027 ut
531 968 890 1027 sanctiﬁcato
949 968 1119 1024 corde
1174 971 1231 1022 et
1286 982 1524 1040 corpore
1571 966 1685 1039 ipsi
1724 965 1910 1022 sancti
1954 964 2076 1021 dies

434 1059 858 1131 transigantur.
902 1056 1376 1113 Denuntiandum
1427 1060 1517 1111 est
1565 1054 1740 1111 etiam
1789 1054 2077 1110 ministris

435 1147 766 1221 reipublicae
797 1149 863 1202 ut
892 1162 926 1202 a
953 1152 1162 1216 quarta
1183 1144 1327 1201 feria
1347 1148 1480 1200 ante
1502 1144 1735 1200 initium
1753 1144 2075 1217 Quadrage-

432 1237 730 1305 simmmec
760 1236 819 1291 in
849 1235 978 1308 ipsa
1009 1237 1217 1307 quarta
1245 1233 1410 1303 feria,
1442 1250 1631 1305 usque
1675 1237 1807 1307 post
1848 1237 2078 1289 octavas

433 1324 938 1395 Paschaa,mallum
966 1323 1056 1379 vel
1091 1322 1367 1395 placitum
1392 1322 1693 1394 publicum
1717 1322 1830 1379 nisi
1855 1324 1923 1378 de
1949 1339 2081 1378 con-

433 1416 635 1473 cordia
659 1419 718 1471 et
766 1412 1169 1487 paciﬁcatioue
1218 1412 1681 1468 discordantium
1712 1416 1909 1469 tenere
1933 1429 2079 1485 prae-

434 1508 692 1563 sumant.
725 1502 1005 1560 Similiter
1035 1519 1069 1557 a
1098 1504 1305 1574 quarta
1348 1501 1491 1557 feria
1521 1506 1655 1557 ante
1693 1500 2076 1569 nativitatem,

434 1593 667 1652 Domini
689 1609 873 1664 usque
904 1595 1037 1663 post
1065 1595 1433 1647 consecratos
1464 1590 1588 1647 dies
1609 1592 2079 1658 observent,nec-

436 1699 554 1740 non
584 1686 641 1739 et
669 1682 729 1738 in
752 1681 996 1754 jejuniis
1018 1684 1271 1753 quatuor
1293 1685 1621 1753 temporum
1653 1680 1784 1736 etin
1808 1679 2078 1753 Rogatio-

436 1771 610 1829 nibus
631 1770 758 1827 etin
775 1769 1244 1841 casterisjejuniis
1258 1769 1591 1825 constitutis
1612 1768 1792 1824 simili
1811 1769 2079 1824 observa-

434 1860 594 1916 tione
623 1860 859 1916 eosdem
892 1857 1127 1914 feriatos
1158 1857 1284 1913 dies
1314 1857 1573 1914 venerari
1604 1856 1937 1913 omninodis
1961 1861 2081 1912 stu-

436 1947 699 2005 deant.ln
729 1947 821 2003 his
852 1950 1045 2002 autem
1068 1946 1431 2018 jejuniorum
1464 1946 1671 2001 diebus
1702 1945 1875 2001 nullre
1925 1944 2077 2015 lites,

436 2034 610 2091 nulla:
623 2034 1023 2092 contentiones
1039 2050 1168 2090 esse
1188 2034 1420 2099 debent,
1432 2035 1532 2089 sed
1545 2033 1605 2088 in
1618 2033 1719 2089 Dei
1733 2032 2010 2090 laudibus
2024 2040 2081 2090 et

435 2124 497 2182 in
510 2141 681 2198 opere
693 2123 1018 2181 necessario
1030 2122 1854 2197 persistendum.Arguitenim
1870 2140 1966 2180 eos
1980 2124 2081 2196 qui

437 2213 837 2269 contentiones
867 2216 925 2268 et
955 2211 1086 2267 lites
1101 2210 1314 2283 jejunii
1337 2216 1595 2284 tempore
1616 2215 1965 2279 exercent,et
1982 2212 2078 2284 qui

437 2302 633 2358 debita
662 2319 697 2357 a
724 2300 1088 2357 debitoribus
1118 2300 1374 2372 exigunt,
1410 2300 1692 2357 Dominus
1717 2318 1819 2372 per
1839 2300 2082 2373 prophe-

434 2395 558 2447 tam
571 2390 769 2467 dicens
794 2408 806 2445 :
833 2395 969 2446 Ecce
986 2390 1043 2445 in
1066 2389 1164 2445 die
1173 2390 1396 2460 jejuniz'
1413 2390 1587 2445 vestri
1607 2390 1978 2445 inveniuntur
1993 2407 2082 2446 vo-

435 2480 683 2537 luntates
711 2485 1004 2547 vestrae,nt
1033 2495 1228 2535 omnes
1252 2479 1534 2535 debitores
1560 2489 1775 2536 vestros
1798 2480 2079 2549 repetitis.

431 2573 576 2626 Ecce
601 2569 680 2624 ad
709 2566 837 2625 lites
864 2577 918 2625 et
945 2568 1332 2625 contentiones
1350 2569 1658 2639 jejunatis,
1692 2578 1747 2624 et
1775 2569 2081 2640 percutitis

430 2671 630 2731 pugno
656 2656 852 2727 impie,

1012 2762 1242 2819 CAPUT
1277 2763 1489 2819 XXXII.

768 2855 846 2910 De
869 2852 1206 2927 pcrnitentia
1221 2852 1496 2925 ﬁdelibus
1526 2853 1737 2909 danda.

1452 281 1785 345 RODULFI
1832 278 2374 343 BITURICENSIS
2418 277 2795 339 EPISCOPI.

3641 277 3737 335 720

2099 414 2156 482 Α
2182 409 2437 466 nitentiae
2469 412 2703 482 peccata
2731 422 2840 463 sua
2869 404 3276 462 conﬁtentibus
3302 407 3395 460 aut
3410 420 3500 477 per
3524 406 3743 478 antiquo-
3806 402 3811 421 '

2182 516 2313 554 rum
2353 513 2642 554 canonum
2690 495 3139 563 institutionem,
3188 499 3285 549 aut
3328 510 3425 566 per
3462 499 3742 552 sanctarum

2184 588 2620 660 Scripturarum
2651 584 3077 651 auctoritatem,
3109 586 3207 638 aut
3236 599 3331 655 per
3358 582 3744 641 ecclesiasticam

2183 674 2667 733 consuetudinem
2696 673 2918 746 imponi
2950 672 3447 745 debet,repudiatis
3474 688 3534 728 ac
3557 675 3748 745 penitus

2184 764 2501 822 eliminatis
2531 763 2743 819 libellis
2787 779 2935 835 quos
2962 759 3380 834 pmnitentiales
3406 766 3618 831 vocant;
3639 779 3749 833 quo-

2183 871 2315 910 rum
2347 857 2489 910 sunt
2517 853 2657 909 certi
2687 868 2930 916 errores,
2961 850 3165 905 incerti
3187 854 3459 921 auctores,
3488 850 3552 906 de
3577 852 3750 923 quibus

2186 948 2340 1000 recte
2360 943 2475 999 dici
2495 941 2684 1015 polest
2707 958 2720 996 :
2745 941 3163 1011 Mortiﬁcabant
3182 940 3404 994 animus
3421 955 3532 1011 qua!
3549 956 3645 995 non
3663 956 3753 998 mo-

2185 1034 2575 1099 riebantur,et
2605 1029 2969 1100 viviﬁcabant
2994 1029 3220 1084 animas
3246 1044 3364 1101 quae
3392 1044 3494 1083 non
3520 1030 3750 1085 vivebant.

2185 1121 2292 1187 Qui
2323 1123 2465 1177 dum
2495 1137 2599 1193 pro
2643 1119 2900 1193 peccatis
2947 1118 3220 1191 gravibus
3269 1116 3414 1171 leves
3442 1116 3690 1188 quosdam
3712 1122 3755 1173 et

2184 1207 2501 1265 inusitatos
2530 1208 2845 1279 imponunt
2889 1203 3237 1277 poenitentiae
3265 1202 3477 1272 modos,
3517 1210 3758 1261 consuunt

2187 1296 2480 1370 pulvillos,
2513 1296 2837 1352 secundum
2886 1293 3289 1367 propheticum
3330 1308 3645 1359 sermonem,
3672 1293 3756 1349 sub

2188 1385 2349 1443 omni
2377 1385 2571 1441 cubito
2602 1401 2814 1441 manus
2846 1388 2905 1439 et
2935 1382 3158 1438 faciunt
3176 1380 3471 1437 cervicalia
3497 1383 3595 1437 sub
3612 1383 3757 1455 capite

2188 1475 2471 1531 universae
2499 1473 2683 1530 mtatis
2724 1473 2797 1529 ad
2846 1472 3159 1545 capiendas
3187 1470 3431 1526 animas.
3459 1471 3606 1527 Sicut
3638 1473 3756 1528 enim

2188 1564 2518 1636 baptismus
2549 1566 2802 1637 peccata,
2822 1562 2905 1617 ita
2926 1565 2982 1617 et
3002 1559 3338 1633 pmnitentia
3357 1564 3564 1633 purgat.
3574 1560 3757 1632 Septem

2187 1652 2345 1709 enim
2377 1652 2566 1709 modis
2596 1655 2833 1724 peccata
2881 1649 3096 1705 dimitti
3145 1648 3437 1722 Scriptura
3480 1654 3656 1706 sancta
3685 1650 3757 1705 de-

2191 1745 2498 1798 monstrat.
2532 1741 2724 1796 Primo
2745 1740 2804 1795 in
2835 1739 3463 1812 baptismate,secundo
3482 1755 3573 1811 per
3598 1742 3759 1811 marty-

2190 1830 2541 1899 rium,tertio
2572 1847 2674 1902 per
2702 1829 3152 1901 eleemosynam,
3179 1829 3347 1899 juxta
3394 1826 3526 1882 illud
3563 1842 3759 1900 evange-

2189 1936 2324 1974 cum
2359 1920 2797 1977 :Verumtamen
2851 1918 2985 1975 date
3036 1915 3472 1986 eleemosynam,
3525 1926 3574 1972 et
3611 1917 3760 1972 omnia

2188 2009 2405 2064 munda
2432 2017 2565 2064 sunt
2591 2009 2762 2065 vobis.
2796 2008 3012 2071 Quarto
3044 2006 3094 2061 si
3126 2008 3382 2061 remittat
3405 2005 3528 2077 quis
3554 2005 3760 2078 peccanti

2188 2096 2247 2152 in
2280 2114 2342 2154 se
2372 2100 2607 2169 peccata
2636 2114 2763 2162 sua,
2787 2097 2957 2168 juxta
2986 2094 3132 2149 illud
3169 2111 3181 2148 :
3215 2093 3485 2150 Dimittite
3503 2103 3554 2150 et
3569 2093 3763 2149 dimitte-

2191 2197 2290 2243 tur
2316 2188 2489 2244 vobis.
2523 2186 2734 2251 Quinto
2763 2184 2811 2240 si
2845 2202 2947 2257 per
2986 2182 3448 2256 praedicationem
3479 2184 3598 2255 quis
3622 2186 3669 2237 et
3691 2183 3762 2237 bo-

2190 2293 2398 2331 norum
2431 2292 2673 2347 operum
2705 2274 3041 2330 exercitium
3075 2271 3222 2328 alios
3253 2272 3323 2327 ab
3354 2289 3534 2327 errore
3559 2287 3649 2327 suo
3665 2287 3763 2325 con-

2187 2369 2392 2435 vertat,
2417 2365 2587 2435 juxta
2616 2362 2759 2418 illud
2808 2360 3067 2433 Apostoli
3101 2362 3421 2432 :Quoniam
3449 2361 3539 2433 qui
3561 2358 3765 2416 converti

2186 2455 2392 2525 fecerit
2406 2462 2763 2522 peccatorem
2773 2453 2846 2507 ab
2854 2467 3057 2506 errore
3070 2450 3173 2506 via:
3184 2449 3764 2518 suae,satrabitanimam

2188 2544 2315 2614 ejus
2344 2560 2381 2598 a
2401 2542 2786 2598 morte.Sexto
2805 2556 2908 2612 per
2933 2539 3464 2610 charitatem,juxta
3480 2536 3634 2593 illud:
3653 2536 3763 2601 Cha-

2188 2632 2336 2688 ritas
2370 2632 2596 2689 Domini
2615 2630 2871 2699 cooperit
2886 2628 3321 2684 multitudinem
3340 2626 3765 2698 peecatorum.Se-

2190 2721 2376 2793 ptimo
2408 2736 2509 2792 per
2537 2717 3133 2791 pmnitentiam,juxta
3157 2717 3314 2788 quod
3338 2715 3415 2771 ait
3442 2715 3636 2771 David:
3663 2716 3768 2771 Con-

2112 1787 2158 1852 B

2186 2826 2387 2867 versus
2414 2826 2539 2866 sum
2582 2809 2645 2865 in
2692 2822 2956 2864 (erumna
3004 2807 3141 2862 dum
3185 2807 3484 2877 conﬁgitur
3506 2808 3665 2875 spina.
3691 2802 3767 2857 His

2183 2915 2325 2973 ergo
2356 2903 2578 2971 septem
2611 2896 2802 2953 modis
2832 2901 2888 2952 et
2918 2894 3187 2951 remissio
3220 2897 3391 2951 datur
3411 2898 3468 2951 et
3493 2898 3685 2950 caterua
3709 2904 3770 2947 τοι

510 2960 867 3060 (σαρξίίξίαῖῗθῗ
912 2961 1219 3060 Thfo‘hflﬁ’
1267 2976 1391 3060 caﬁp'
1424 2961 1512 3028 36’
1545 2962 1654 3060 39'
1704 2961 2083 3059 ﬁebdomada
2187 2960 2526 3044 tributionis
2556 2985 2861 3060 praemium
2892 2983 3238 3057 acquiritur-

440 3067 561 3110 una
578 3055 712 3107 ante
729 3049 963 3106 initium
985 3048 1449 3121 Quadragesimae
1477 3048 1871 3106 confessiones
1888 3067 2079 3107 sacer-

435 3139 670 3196 dotibus
701 3138 905 3194 dandae
936 3141 1075 3194 sunt
1103 3137 1443 3210 poenitentia
1471 3136 1828 3209 accipienda,
1860 3137 2078 3195 discor-

437 3227 645 3284 dantes
674 3225 1109 3291 reconciliandi,
1143 3230 1200 3281 et
1232 3224 1430 3281 omnia
1465 3226 1664 3299 jurgia
1692 3226 1990 3293 sedanda;
2022 3231 2081 3283 et

438 3314 732 3372 dimittere
761 3314 975 3371 debent
1004 3313 1199 3370 debita
1228 3314 1475 3369 invicem
1505 3314 1575 3370 de
1625 3315 1900 3370 cordibus
1930 3315 2076 3383 suis,

438 3407 504 3461 ut
532 3402 775 3460 liberius
803 3403 1028 3459 dicant:
1053 3404 1286 3460 Dimitte
1309 3403 1467 3460 nobis
1489 3403 1684 3459 debita
1703 3405 2079 3470 nostra,sicut

435 3500 492 3548 et
518 3508 622 3550 nos
651 3492 1003 3548 dimittimus
1026 3491 1382 3547 debitoribus
1408 3493 1637 3547 nostris.
1670 3493 1740 3546 Et
1770 3491 1853 3547 sic
1882 3493 2077 3566 ingre-

432 3578 660 3636 dientes
689 3579 749 3634 in
779 3580 959 3635 beatas
990 3578 1457 3650 Quadragesimm
1490 3584 1722 3651 tempus
1753 3580 1991 3635 mundis
2021 3585 2079 3636 et

431 3665 756 3741 puriticatis
771 3667 1067 3722 mentibus
1089 3667 1159 3721 ad
1181 3670 1447 3722 sanctum
1472 3666 1693 3721 Pascha
1716 3668 2076 3735 accedant,et

430 3771 535 3827 per
564 3753 964 3826 pcenitentiam
1014 3770 1076 3809 se
1125 3757 1418 3820 renovent,
1469 3771 1595 3825 quze
1646 3759 1735 3810 est
1782 3756 2075 3812 secundus

428 3841 1193 3914 baptismus.Confessiones
1222 3858 1358 3896 varo
1381 3842 1585 3896 danda:
1618 3847 1759 3897 sunt
1787 3844 1857 3898 de
1885 3844 2071 3899 omni-

426 3930 539 3987 bus
568 3928 820 4002 peccatis
850 3946 976 4001 que:
1007 3928 1124 3985 sive
1155 3928 1215 3984 in
1257 3946 1429 4002 opere
1483 3930 1602 3988 sive
1631 3930 1692 3986 in
1724 3931 2073 4003 cogitatione

423 4017 999 4092 perpetrantur.Octo
1022 4021 1159 4074 sunt
1181 4018 1321 4073 vitia
1342 4017 1689 4091 principalia
1710 4019 1834 4075 sine
1857 4020 2073 4091 quibus

420 4106 516 4163 vix
546 4105 703 4163 ullus
731 4105 975 4162 inveniri
1007 4110 1217 4179 potest.
1253 4106 1356 4163 Est
1384 4107 1539 4162 enim
1572 4106 1828 4179 primum
1853 4109 2070 4181 gastri-

423 4195 786 4269 margia,hoc
815 4199 904 4251 est
930 4194 1150 4251 ventris
1185 4194 1489 4268 ingluvies,
1522 4198 1847 4253 secundum
1891 4197 2069 4252 fcrni-

423 4283 841 4353 catio,tertium
874 4283 1095 4338 accidia
1118 4282 1236 4339 sive
1267 4283 1528 4349 tristitia,
1562 4290 1839 4355 quartum
1878 4284 2068 4340 avari-

423 4371 526 4439 tia,
560 4371 833 4444 quintum
875 4388 1024 4427 vana
1069 4370 1274 4443 gloria,
1323 4376 1550 4427 sextum
1599 4372 1837 4438 invidia,
1890 4373 2068 4445 septi-

425 4476 590 4516 mum
619 4458 1012 4527 ira,octavum
1063 4459 1357 4533 superbia.
1391 4460 1631 4524 Quando
1662 4477 1797 4533 ergo
1830 4460 1963 4532 quis
1993 4462 2066 4517 ad

423 4548 849 4604 confessionem
881 4547 1055 4614 venit,
1089 4547 1398 4619 diligenter
1445 4547 1616 4603 debet
1662 4548 1881 4620 inquiri
1927 4566 2067 4621 quo-

424 4636 597 4691 modo
627 4640 728 4690 aut
748 4654 864 4708 qua
884 4634 1187 4692 occasidne
1208 4641 1512 4707 peccatum
1542 4638 1892 4709 perpetravit
1911 4640 2066 4710 quod

424 4723 717 4795 peregisse
749 4726 1074 4792 confitetur,
1099 4728 1155 4779 et
1178 4727 1347 4796 juxta
1380 4726 1617 4780 modum
1649 4726 1781 4781 facti
1812 4727 1983 4783 debet
2014 4727 2065 4783 ei

422 4810 761 4881 paenitentia
788 4811 1242 4868 indicari.Debet
1270 4813 1318 4868 ei
1356 4815 1690 4886 persuaderi
1723 4819 1787 4869 ut
1835 4816 1905 4871 de
1936 4832 2064 4888 per-

418 4899 602 4953 versis
633 4900 1080 4972 cogitationibus
1111 4901 1281 4957 faciat
1326 4901 1772 4958 confessionem.
1806 4905 1984 4959 Debet
2013 4904 2065 4959 ei

417 4984 592 5042 etiam
624 4985 850 5061 injungi
887 5005 951 5044 ut
980 4991 1048 5045 de
1076 4993 1202 5045 octo
1235 4989 1389 5045 vitiis
1437 4990 1858 5062 principalibus
1890 4992 2065 5048 faciat

417 5076 861 5133 confessionem.
920 5078 988 5132 Et
1048 5078 1392 5134 nominatim
1446 5079 1618 5135 debet
1674 5081 1723 5134 ei
1791 5081 2063 5137 sacerdos

414 5165 876 5237 unumquodque
906 5165 1112 5220 vitium
1146 5165 1335 5221 dicere
1366 5170 1423 5220 et
1454 5182 1618 5221 suam
1649 5167 1719 5223 de
1750 5184 1816 5223 eo
1844 5169 2065 5225 confes-

414 5251 640 5310 sionem
670 5253 951 5325 accipere.
1004 5290 1009 5297 .

982 5358 1212 5415 CAPUT
1250 5357 1490 5413 XXXIII.

679 5451 762 5506 Dc
790 5448 976 5505 modis
998 5448 1345 5518 paenitentiae
1373 5447 1464 5503 vel
1490 5449 1778 5506 remediis.

488 5550 720 5632 (Gonct'i.
750 5554 1005 5616 Cabilon.
1041 5571 1099 5625 ιι,
1133 5569 1261 5628 cap.
1293 5553 1407 5628 38.)
1439 5552 1648 5611 Modus
1697 5561 1892 5615 autem
1939 5576 2058 5634 poc-

2753 3100 2983 3157 CAPUT
3028 3099 3269 3155 XXXIV.

2649 3195 2730 3247 De
2762 3190 2989 3261 publica
3016 3189 3372 3259 paenitentia.

2262 3300 2491 3373 (Concil.
2541 3298 2716 3354 Cabil.
2770 3315 2832 3364 II,
2884 3313 3009 3368 cap.
3059 3298 3171 3366 25).
3217 3294 3600 3351 Paenitentiam
3640 3302 3769 3362 agere

2181 3392 2350 3462 juxta
2364 3388 2664 3460 antiquam
2689 3402 2979 3442 canonum
3006 3384 3435 3440 institutionem
3458 3382 3513 3437 in
3534 3379 3770 3452 plerisque

2187 3477 2330 3535 locis
2372 3479 2445 3534 ab
2496 3495 2607 3533 usu
2654 3474 2909 3543 recessit,
2956 3477 3015 3530 et
3055 3490 3248 3544 neque
3295 3462 3768 3529 excommunicaudi

2187 3583 2376 3640 neque
2408 3564 2816 3622 reconciliandi
2848 3561 3074 3634 antiqui
3101 3561 3285 3618 moris
3306 3562 3443 3617 ordo
3471 3552 3770 3616 servatur.Et

2183 3655 2312 3712 ideo
2345 3656 2446 3728 qui
2477 3653 2710 3729 publice
2739 3657 2939 3725 peccat
2968 3650 3203 3723 publica
3222 3650 3531 3706 mulctatur
3550 3644 3772 3719 paeniten-

2184 3744 2263 3800 tia
2276 3751 2332 3801 et
2345 3744 2669 3800 secundum
2683 3742 2947 3798 ordinem
2966 3756 3260 3797 canonum
3281 3757 3382 3811 pro
3395 3737 3587 3794 merito
3599 3749 3686 3789 suo
3703 3745 3771 3784 ex-

2184 3832 2649 3889 communicetur
2677 3836 2735 3887 et
2764 3828 3189 3887 reconcilietur.
3226 3829 3353 3883 Non
3400 3826 3547 3882 enim
3590 3822 3768 3876 licitum

2181 3927 2269 3976 est
2300 3920 2652 3994 presbyteris
2676 3917 2969 3991 publicam
3002 3917 3138 3973 dare
3170 3909 3671 3988 posnitentiam,sed
3691 3922 3770 3979 pu-

2182 4009 2328 4065 blice
2357 4012 2663 4082 peccantes
2691 4010 2918 4079 oportet
2949 4011 3014 4061 ut
3047 4007 3220 4078 juxta
3250 4005 3608 4076 antiquorum
3634 4008 3770 4052 cano-

2182 4116 2326 4154 num
2356 4099 2587 4154 decreta
2633 4115 2736 4170 per
2781 4094 3113 4167 episcopale
3157 4092 3544 4150 ministerium
3583 4082 3772 4160 publica

2178 4191 2364 4244 Deum
2397 4187 2671 4243 studeant
2701 4184 3096 4241 satisfactione
3127 4181 3381 4256 placare.

2765 4299 2998 4355 CAPUT
3035 4298 3246 4354 XXXV.

2680 4395 2756 4444 De
2787 4388 2982 4445 usuris
3019 4396 3073 4443 et
3110 4388 3330 4458 fenore.

2250 4498 2489 4568 Oportet
2519 4496 2846 4552 sacerdotes
2876 4499 2933 4550 et
2960 4511 3163 4551 omnes
3192 4494 3250 4548 in
3284 4503 3583 4549 commune
3613 4478 3769 4538 ﬁdeles

2182 4588 2245 4639 ut
2267 4585 2314 4639 si
2346 4585 2580 4656 quando
2605 4584 2800 4657 fruges
2816 4584 2903 4639 vel
2917 4583 3203 4656 quosdam
3224 4575 3482 4637 redditus
3510 4582 3654 4631 terra:
3669 4582 3769 4622 con-

2178 4678 2420 4747 gregant
2449 4676 2503 4728 et
2534 4671 2966 4744 protelant,non
2998 4672 3126 4727 ideo
3157 4670 3267 4725 hoc
3300 4669 3511 4724 faciant
3541 4666 3598 4719 ut
3616 4657 3771 4747 carius

2175 4745 2429 4818 vendant
2457 4764 2515 4817 et
2542 4762 2850 4817 thesauros
2880 4759 3361 4833 congregent,sed
3388 4761 3447 4812 ut
3467 4745 3770 4838 pauperibus

2175 4855 2435 4922 tempore
2460 4850 2828 4906 necessitatis
2845 4849 3193 4906 subveniant
3216 4866 3228 4911 :
3256 4863 3358 4903 nec
3382 4845 3452 4901 ad
3468 4851 3681 4898 usuram
3693 4828 3770 4926 ali-

2174 4938 2315 5008 quid
2350 4938 2509 5006 dent,
2544 4938 2822 5009 quoniam
2856 4937 2924 4995 al:
2961 4937 3086 5009 ipso
3119 4935 3365 4992 Domino
3394 4932 3452 4986 in
3472 4930 3588 5000 lege
3615 4934 3766 5009 01ml"

2174 5005 2285 5082 bus
2313 5005 2688 5081 interdictum
2722 5030 2811 5082 est
2841 5027 2913 5081 ad
2936 5005 3179 5081 usuram
3210 5022 3429 5096 aliquid
3475 5018 3618 5073 dare.
3649 5005 3765 5100 (1‘le

2176 5116 2573 5186 [Capitular.,
2624 5132 2752 5187 cap.
2805 5114 2928 5186 119,
2980 5115 3103 5182 424,
3156 5093 3534 5185 125.)_Usura
3572 5103 3657 5187 est
3687 5093 3767 5187 ubi

2173 5182 2428 5275 amplius
2458 5182 2776 5275 requiritur
2807 5182 2984 5275 quam
3016 5182 3387 5259 datur.Verbi
3419 5186 3661 5271 gratia,si

2172 5292 2327 5348 deris
2360 5290 2578 5348 solidos
2607 5292 2806 5347 decem
2835 5297 2892 5347 et
2941 5292 3195 5364 amplius
3242 5283 3587 5361 requisieris,
3625 5271 3698 5330 vel
3724 5271 3763 5323 si

2171 5380 2401 5436 dederis
2431 5380 2658 5435 modios
2704 5380 2983 5436 frumenti
3013 5384 3114 5436 aut
3140 5379 3280 5448 vini,
3302 5381 3360 5433 et
3387 5377 3588 5430 iterum
3619 5370 3765 5448 ευρρτ

2170 5469 2393 5542 aliquid
2422 5486 2773 5541 quacunque
2803 5470 3107 5525 occasione
3136 5467 3223 5524 vel
3257 5446 3761 5542 quocunquepmodo

2168 5540 2805 5633 exegerisQuicunquc
2834 5558 2990 5615 enim
3020 5563 3276 5632 tempore
3304 5549 3506 5610 messis
3535 5540 3614 5599 vel
3642 5543 3761 5593 tem-

2107 3153 2150 3220 C
