3956 6160
218 282 326 343 721

1706 286 2118 355 CAPITULA.

3492 300 3612 371 733

213 430 349 508 pore
381 411 707 484 vindemiis,
741 429 857 473 non
889 412 1252 486 necessitate,
1284 416 1385 475 sed
1416 420 1654 493 propter
1681 419 1848 495 cupi-
1879 421 1933 491 Α
1961 419 2269 481 rectionem
2301 419 2533 499 plenam
2555 429 2950 501 consequatur
2973 432 3104 488 acta
3133 425 3399 505 legitima
3427 435 3611 508 poeni.

216 504 474 571 ditatem,
509 508 809 578 comparat
837 522 1131 563 annonam
1189 511 1289 563 aut
1318 508 1542 578 vinum,
1575 513 1633 566 et
1662 515 1853 567 servat
1961 512 2164 569 tentia.

211 610 395 666 usque
427 593 569 649 dum
601 593 795 651 carius
824 595 1155 652 venundare
1185 596 1389 670 possit,
1422 597 1531 653 hoc
1561 602 1731 671 turpe
1760 597 1852 655 lu-

210 699 368 739 crum
399 699 529 738 esse
559 682 1029 741 dicimus.Fenus
1052 688 1247 741 autem
1265 690 1489 743 exercet
1505 686 1607 759 qui
1628 685 1849 759 aliquid

207 774 464 844 praestat.
497 771 643 827 Nam
667 773 900 843 justum
951 772 1119 828 fenus
1164 777 1252 829 est
1301 774 1400 847 qui
1449 775 1702 847 amplius
1733 793 1846 832 non

205 859 447 931 requirit
478 859 591 916 nisi
623 864 911 933 quantum
943 864 1201 934 praestat.

770 994 1002 1051 CAPUT
1040 996 1275 1051 XXXVI.

545 1083 619 1139 De
644 1085 891 1157 pery'urio
920 1092 971 1140 et
995 1086 1138 1157 falso
1168 1087 1495 1141 testimonio.

265 1189 619 1260 (Capitulare
652 1187 940 1259 Theodulﬁ,
975 1205 1099 1261 cap.
1132 1190 1222 1257 26,
1268 1189 1378 1263 27).
1404 1189 1843 1247 Praedicaudum

198 1282 279 1334 est
310 1282 378 1332 ut
407 1276 703 1349 pejurium
735 1275 938 1333 ﬁdeles
986 1281 1228 1333 caveant
1256 1282 1311 1333 et
1340 1279 1411 1335 ab
1442 1278 1551 1335 hoc
1582 1296 1843 1335 summo-

197 1384 326 1440 pere
359 1366 720 1434 abstineant,
755 1367 1007 1423 scientes
1039 1366 1147 1423 hoc
1178 1368 1398 1440 grande
1428 1368 1617 1424 scelus
1639 1386 1766 1425 esse
1787 1372 1843 1424 et

194 1456 248 1512 in
277 1455 409 1529 lege
439 1462 498 1510 et
527 1455 828 1528 prephetis
859 1456 976 1511 sive
1006 1456 1304 1531 evangelio
1327 1456 1838 1528 prohibitum.An-

196 1544 449 1599 divimus
482 1545 637 1599 enim
671 1545 957 1617 quosdam
1006 1546 1165 1618 parvi
1216 1547 1469 1617 pendere
1509 1547 1617 1602 hoc
1649 1547 1839 1603 scelus

194 1638 245 1689 et
273 1633 461 1689 levem
475 1634 731 1707 quodam
751 1634 923 1690 modo
948 1636 1202 1707 perjuris
1224 1635 1571 1707 poenitentiae
1592 1637 1835 1692 modum

194 1723 626 1794 imponere.Qui
646 1739 817 1778 nosse
834 1723 1048 1778 debent
1069 1723 1242 1779 talem
1270 1725 1341 1780 de
1373 1724 1628 1796 perjurio
1651 1727 1832 1798 pmni-

192 1812 435 1869 tentiam
459 1812 761 1884 imponere
784 1811 993 1867 debere
1020 1811 1250 1884 qualem
1274 1816 1331 1868 et
1358 1813 1429 1868 de
1453 1813 1836 1881 adulterio,de

192 1901 592 1968 fornicatione,
626 1900 697 1956 de
728 1900 1129 1969 homicidio,et
1160 1902 1231 1957 de
1262 1902 1486 1958 caeteris
1517 1902 1835 1959 criminali-

189 1990 289 2046 bus
316 1990 527 2045 vitiis:
561 1989 840 2062 quoniam
873 1989 932 2044 in
992 1988 1117 2063 lege
1166 1990 1411 2046 Domino
1463 1991 1835 2064 praecipiente

187 2078 510 2135 habemus:
543 2082 667 2134 Non
681 2078 996 2150 perjurabis
1045 2081 1106 2134 in
1156 2081 1378 2135 nomine
1422 2096 1558 2148 meo,
1590 2097 1689 2136 nec
1711 2082 1835 2154 pol-

188 2169 290 2224 lues
316 2184 526 2224 nomen
556 2169 655 2223 Dei
702 2170 804 2232 tui,
864 2175 916 2223 et
967 2184 1036 2223 ne
1093 2184 1329 2224 assumes
1383 2185 1576 2224 nomen
1616 2171 1837 2226 Domini

187 2259 275 2313 Dei
301 2259 395 2314 tui
438 2259 496 2313 in
556 2274 781 2312 vanum.
827 2256 1151 2312 Dicendum
1198 2262 1287 2313 est
1341 2257 1517 2312 etiam
1567 2258 1652 2314 eis
1698 2262 1765 2314 ut
1801 2277 1835 2314 a

186 2347 319 2404 falso
382 2344 723 2402 testimonio
781 2362 843 2401 se
900 2345 1253 2413 abstineant,
1306 2346 1556 2402 scientes
1614 2350 1670 2403 et
1724 2346 1833 2403 hoc

185 2436 600 2510 gravissimum
614 2433 806 2491 scelus
821 2452 949 2491 esse
976 2438 1033 2490 et
1050 2436 1121 2491 ab
1147 2435 1276 2507 ipso
1299 2435 1544 2491 Domino
1563 2435 1621 2490 in
1635 2441 1833 2493 monte

185 2525 331 2581 Sinai
393 2523 783 2597 prohibitum,
846 2522 1072 2579 dicente
1132 2524 1335 2580 eodem
1387 2524 1674 2580 Domino:
1715 2527 1834 2582 Non

183 2615 381 2685 falsum
395 2613 771 2669 testimonium
783 2613 1024 2680 dixeris,
1059 2611 1176 2668 sive
1209 2614 1360 2668 testis
1387 2614 1559 2684 falsus
1588 2630 1699 2670 non
1729 2616 1836 2670 erit

186 2701 673 2776 impunitus.Sciat
686 2717 745 2757 se
777 2700 953 2757 etiam
983 2700 1254 2773 quisquis
1278 2701 1387 2758 hoc
1418 2704 1834 2775 perpetraverit

183 2792 270 2848 tali
286 2790 640 2865 paenitentia
653 2790 1026 2863 purgandum
1049 2794 1111 2845 ut
1128 2790 1399 2862 superius
1423 2789 1643 2846 dictum
1661 2796 1750 2847 est
1761 2793 1832 2848 de

182 2880 459 2953 perjurio.
494 2879 935 2951 Dicendumque
965 2882 1053 2935 est
1080 2877 1198 2934 illis
1238 2880 1392 2950 quod
1426 2896 1681 2949 summa,
1713 2897 1829 2936 non

182 2970 369 3025 dicam
402 2967 793 3036 stultitia,sed
826 2966 1091 3039 nequitia
1122 2972 1210 3023 est
1230 2984 1335 3039 pro
1367 2968 1687 3039 cupiditate
1701 2969 1827 3024 auri

182 3064 231 3114 et
256 3058 619 3133 argenti,aut
644 3056 1259 3128 vestimentorum,aut
1287 3055 1831 3127 cujuslibetrei,aut

183 3148 325 3221 quod
358 3146 715 3203 creberrime
745 3145 1077 3218 contingere
1109 3143 1276 3213 solet,
1312 3149 1548 3217 propter
1577 3145 1821 3201 ebrieta-
1856 3159 1898 3226 ρ

183 3241 309 3301 tem,
340 3235 403 3291 in
439 3239 563 3290 tam
595 3234 815 3306 grande
848 3233 1037 3289 scelus
1069 3239 1439 3305 corruere,ut
1471 3237 1571 3289 aut
1600 3238 1823 3307 septem

183 3325 342 3380 anuis
374 3324 435 3379 in
475 3326 636 3379 arcta
664 3338 927 3377 aerumna
956 3322 1053 3388 sit,
1087 3326 1188 3378 aut
1236 3323 1307 3378 ab
1341 3322 1598 3378 Ecclesia
1628 3323 1706 3379 sit
1736 3340 1829 3379 re-

184 3412 405 3485 pulsus,
440 3413 669 3467 dicente
701 3410 949 3467 Domino
979 3429 991 3466 :
1021 3410 1161 3479 Quid
1186 3412 1406 3483 prodest
1432 3413 1720 3478 homini,si
1740 3413 1824 3468 lu-

180 3511 347 3557 cretur
376 3509 556 3558 totum
590 3500 878 3564 mundum,
929 3508 979 3556 et
1021 3502 1230 3557 animae
1275 3514 1393 3557 suae
1439 3500 1827 3556 detrimentum

178 3592 352 3661 faciat.
382 3589 615 3662 Quippe
654 3604 788 3644 cum
820 3588 950 3643 aliis
982 3587 1246 3645 videatur
1279 3588 1413 3661 pius
1442 3589 1710 3656 existere,
1743 3590 1825 3644 si-

182 3678 347 3735 bimet
376 3677 641 3735 crudelis
664 3678 892 3733 existat.
918 3677 978 3733 Si
1009 3677 1142 3749 quis
1171 3694 1304 3733 vero
1332 3683 1664 3750 perpetrato
1695 3695 1824 3751 per-

171 3767 338 3837 jurio,
366 3771 475 3824 aut
506 3766 654 3822 falso
684 3765 1040 3832 testimonio,
1074 3764 1162 3821 vel
1224 3766 1485 3839 quolibet
1533 3766 1823 3822 criminali

179 3856 651 3926 peccato,timens
698 3854 1052 3927 poenitentia:
1082 3854 1319 3926 longam
1377 3872 1724 3921 aerumnam,
1752 3856 1823 3911 ad

178 3946 600 4001 confessionem
629 3943 825 3999 venire
847 3942 1120 4011 uoluerit,
1153 3944 1225 3998 ab
1258 3941 1517 3999 Ecclesia
1546 3943 1826 4015 repellen-

176 4033 276 4089 dus
305 4039 419 4101 est,
454 4033 575 4089 sive
605 4050 639 4088 a
670 4032 1086 4088 communione
1124 4036 1179 4087 et
1211 4032 1503 4087 consortio
1536 4031 1819 4101 fidelium,

176 4127 233 4176 ut
262 4123 463 4178 nullus
489 4139 620 4176 cum
655 4138 721 4177 eo
753 4122 1243 4192 comedat,ncque
1274 4119 1651 4191 bibat,neque
1676 4124 1819 4192 oret,

176 4227 355 4285 neque
390 4210 450 4267 in
482 4228 593 4268 sua
623 4211 796 4266 domo
829 4226 963 4266 eum
996 4210 1257 4281 recipiat.
1312 4246 1315 4249 -

722 4343 954 4400 CAPUT
992 4343 1257 4399 XXXVII.

550 4436 623 4489 De
647 4434 920 4505 perjurio,
951 4434 1105 4504 furto
1134 4440 1187 4488 et
1213 4433 1435 4503 rapina.

2497 606 2727 664 CAPUT
2766 608 3060 666 XXXVIII.

2064 764 2065 767 η
2319 695 2394 750 De
2421 696 2888 755 observationibus
2908 701 3239 756 vanitatum.

2032 780 2107 853 (a)
2138 781 2479 857 Quicunque
2510 785 2772 843 ﬁdelium
2805 788 3052 861 auguria
3091 793 3149 845 et
3196 790 3462 864 auspicia
3487 792 3609 853 sive

1959 870 2188 926 somnia
2213 870 2300 927 vel
2331 873 2720 932 divinationes
2769 876 3063 948 quaslibet
3109 894 3270 935 more
3294 880 3604 952 gentilium

1956 956 2408 1027 observaverint,
2441 961 2562 1019 sive
2615 968 2799 1020 sortes
2857 982 3004 1037 quas
3052 967 3419 1025 mentiuntur
3473 987 3603 1028 esse

1956 1051 2317 1115 sanctorum,
2351 1066 2480 1123 quae
2507 1050 2701 1107 clerici
2746 1051 2833 1108 vel
2864 1053 2995 1110 laici
3025 1055 3231 1112 detecti
3264 1056 3482 1114 fuerint
3508 1059 3599 1117 vel

1955 1136 2257 1193 consulere
2285 1138 2375 1194 vel
2406 1140 2741 1208 docere,aut
2769 1141 2828 1197 in
2852 1143 3055 1199 domos
3087 1160 3225 1201 suas
3257 1144 3600 1218 hujusmodi

1952 1222 2222 1281 homines
2248 1226 2677 1284 introduxerint
2699 1230 3035 1302 exquirendi
3051 1230 3270 1305 aliquid
3284 1239 3407 1290 arte
3424 1235 3598 1294 male-

1954 1311 2084 1382 ﬁca,
2118 1318 2219 1368 aut
2248 1315 2452 1371 domos
2483 1333 2622 1372 suas
2652 1316 3127 1386 lustraverint,ab
3159 1321 3400 1379 ecclesia
3421 1324 3595 1397 quiu-

1952 1402 2208 1472 quennio
2229 1402 2556 1461 habeantur
2567 1407 2821 1462 extranei
2845 1408 3240 1479 pmuiteutiam
3261 1416 3499 1484 agentes
3510 1430 3596 1470 se-

1952 1491 2211 1546 cundum
2243 1493 2519 1565 antiquas
2551 1494 2782 1567 regulas
2804 1495 3171 1553 constitutas.
3196 1499 3319 1556 Non
3340 1500 3498 1557 enim
3524 1502 3593 1558 li—

1949 1582 2039 1634 cet
2065 1579 2417 1637 Christianis
2457 1583 2804 1639 traditiones
2835 1585 3143 1658 gentilium
3175 1588 3481 1646 observare
3507 1590 3598 1648 vel

1908 1676 1909 1679 ‘
1948 1667 2133 1725 colere
2166 1669 2578 1739 elementa,aut
2610 1672 2911 1741 lunas,aut
2933 1674 3236 1731 stellarum
3259 1684 3598 1745 cursus,aut

1952 1755 2189 1813 inanem
2220 1758 2522 1832 signorum
2556 1760 2868 1828 fallaciam,
2893 1780 2998 1835 pro
3028 1764 3200 1820 domo
3230 1765 3594 1824 faciendavel

1947 1850 2141 1918 segete
2173 1847 2259 1903 vel
2290 1849 2600 1906 arboribus
2614 1850 3350 1927 plantandisvelconjugiis
3366 1856 3593 1913 socian-

1946 1932 2056 1991 dis.
2091 1935 2384 2009 Scriptum
2416 1943 2505 1995 est
2533 1939 2723 1995 enim:
2759 1939 2955 1996 Omnia
3005 1957 3344 2015 quaecunque
3383 1945 3591 2015 facitis,

1947 2025 2004 2079 in
2028 2027 2256 2081 numine
2284 2028 2508 2083 Domini
2529 2030 2715 2100 facile.
2748 2029 2861 2084 Nec
2892 2028 3026 2085 licet
3053 2031 3114 2086 in
3152 2030 3593 2091 collectionibus

1951 2111 2266 2169 herbarum
2300 2114 2527 2187 aliquas
2565 2117 3014 2180 observationes
3049 2117 3137 2174 vel
3164 2118 3591 2179 incantationes

1951 2203 2270 2270 attendere,
2302 2203 2415 2260 nisi
2450 2209 2679 2260 tantum
2710 2222 2842 2261 cum
2874 2205 3137 2279 symbolo
3167 2206 3361 2265 divino
3392 2212 3451 2265 et
3468 2226 3592 2267 ora-

1947 2290 2104 2347 tione
2135 2291 2458 2349 Dominica.
2492 2293 2773 2350 Similiter
2792 2311 2897 2351 nec
2927 2293 3286 2353 Christianas
3316 2296 3593 2356 mulieres

1944 2377 2081 2435 licet
2103 2381 2418 2438 vanitatem
2442 2383 2503 2437 in
2520 2381 2928 2439 suislaniﬁciis
2951 2384 3385 2452 observare,sed
3410 2387 3589 2444 Deum

1944 2466 2213 2524 invocent
2243 2470 2703 2543 adjutorem,qui
2731 2471 2816 2527 eis
2846 2471 3197 2545 sapientiam
3230 2475 3459 2532 texendi
3491 2476 3591 2533 do-

1944 2556 2103 2613 navit
2136 2562 2198 2614 ut
2228 2558 2287 2615 in
2320 2560 2594 2616 omnibus
2624 2559 3061 2617 honoriﬁcetur.

2509 2666 2740 2723 CAPUT
2780 2667 3018 2723 XXXIX.

1940 2757 2019 2809 De
2043 2753 2352 2810 homictdiis
2362 2763 2547 2827 sponte
2565 2757 2869 2811 commissis
2878 2763 3049 2812 etnon
3069 2760 3582 2829 spontecommissis.

2012 2842 2092 2898 De
2123 2842 2215 2897 bis
2247 2842 2348 2915 qui
2380 2842 2707 2898 voluntarie
2726 2843 3113 2900 homicidium
3147 2844 3371 2902 faciunt
3391 2847 3584 2920 gravis

1940 2930 2230 2987 sententia
2258 2930 2317 2986 in
2345 2931 2665 3003 Scripturis
2694 2932 2877 2988 sacris
2899 2931 3240 2997 est,dicente
3265 2934 3580 3007 Apostolo:

1937 3020 2049 3089 Qui
2074 3020 2335 3091 templum
2363 3021 2472 3076 Dei
2523 3020 2830 3087 violaverit,
2879 3019 3151 3092 disperdet
3203 3022 3368 3078 illum
3405 3027 3577 3080 Deus.

1942 3108 2217 3179 Templum
2245 3110 2394 3164 enim
2421 3110 2521 3164 Dei
2562 3116 2811 3164 sanctum
2839 3116 2917 3164 est
2949 3107 3091 3180 quod
3135 3111 3264 3165 estis
3293 3126 3405 3166 vos.
3437 3111 3579 3177 Qui-

1935 3213 2167 3269 cunque
2198 3214 2334 3270 ergo
2364 3196 2689 3253 voluntarie
2730 3196 3117 3253 homicidium
3147 3197 3441 3266 fecerit,ab
3472 3201 3577 3256 Ec-

1937 3285 2111 3341 clesia
2139 3286 2239 3342 Dei
2270 3290 2361 3342 est
2390 3285 2760 3359 repellendus
2789 3289 2846 3341 et
2902 3304 2936 3342 a
2986 3287 3277 3343 consortio
3316 3287 3577 3345 ﬁdelium

1936 3375 2397 3446 sequestrandus
2415 3376 2585 3446 juxta
2601 3391 2891 3429 canonum
2910 3374 3306 3443 iustituta,ubi
3336 3376 3577 3433 itascri-

1934 3467 2101 3534 ptum
2134 3463 2458 3535 reperitur:
2493 3465 2604 3534 Qui
2631 3464 2940 3519 voluntarie
2984 3463 3342 3519 homicidium
3365 3465 3577 3536 fecerit,

1929 3553 2268 3623 pwnitentiee
2297 3551 2514 3623 quidem
2537 3552 2745 3623 jugitcr
2770 3567 2829 3606 se
2855 3551 3159 3619 submittat,
3195 3552 3581 3623 perfectionem

1934 3656 2059 3696 vero
2080 3642 2228 3695 circa
2256 3643 2467 3696 exitum
2496 3642 2628 3697 vitae
2656 3647 3032 3712 consequatur.
3056 3640 3125 3695 Et
3156 3640 3295 3695 item
3320 3655 3334 3694 :
3366 3639 3431 3696 Si
3455 3642 3579 3714 quis

1932 3729 2242 3786 voluntarie
2277 3730 2633 3785 homicidium
2690 3730 2898 3800 fecerit,
2931 3728 3001 3783 ad
3033 3728 3271 3801 januam
3323 3730 3582 3788 Ecclesia

1931 3819 2216 3876 catholicae
2242 3835 2453 3891 semper
2489 3819 2692 3889 jaceat,
2726 3826 2777 3873 et
2827 3819 3266 3873 communionem
3311 3818 3371 3873 in
3426 3820 3580 3876 exitu

1930 3908 2063 3964 vita:
2091 3922 2208 3964 sua:
2239 3909 2485 3979 recipiat.
2513 3905 2577 3962 Si
2614 3915 2798 3962 autem
2842 3923 2954 3962 non
3001 3907 3297 3975 voluntate,
3329 3906 3419 3962 sed
3446 3923 3580 3964 casu

1931 3995 2139 4069 aliquo,
2172 3996 2531 4052 homicidium
2556 3997 2727 4066 fuerit
2745 3996 2971 4065 factum,
2988 3997 3147 4066 prior
3174 4010 3351 4049 canon
3378 4003 3579 4067 septem

1930 4086 2095 4139 annis
2127 4086 2222 4153 agi
2243 4086 2627 4156 paenitentiam
2662 4084 2849 4154 jussit,
2883 4083 3149 4137 secundus
3204 4098 3374 4137 canon
3405 4084 3574 4154 quin-

1931 4188 2033 4244 que
2058 4173 2358 4228 mandavit.
2419 4172 2487 4226 Et
2538 4170 2722 4226 alibi:
2784 4170 2965 4242 (Cone.
3024 4170 3247 4240 Ancyr.,
3299 4172 3391 4236 22,
3442 4171 3573 4239 23):

1929 4261 2003 4316 De
2032 4260 2348 4315 homicidiis
2385 4276 2497 4314 non
2550 4265 2737 4330 sponte
2793 4259 3115 4324 commissis,
3134 4258 3291 4328 prior
3345 4258 3575 4328 quidem

1929 4348 2173 4419 deﬁnitio
2199 4356 2320 4421 post
2363 4354 2562 4419 septem
2605 4363 2778 4402 annos
2819 4346 3162 4418 paenitentia
3183 4345 3575 4419 perfectionem

1930 4440 2185 4509 consequi
2208 4438 2488 4509 prazcepit.
2522 4435 2769 4492 Secunda
2796 4451 2921 4491 vero
2968 4435 3338 4506 quinquennii
3363 4442 3572 4507 tempus

237 4541 587 4612 Quicunque
618 4539 811 4596 sciens
839 4537 1164 4611 perjurium
1190 4538 1626 4611 perpetraverit,
1651 4540 1822 4595 annis
1858 4523 1901 4589 Ι)
1930 4528 2165 4599 explere-

178 4634 394 4701 septem
429 4645 491 4684 se
523 4628 878 4701 paenitentia
922 4628 1157 4695 subdat,
1203 4631 1262 4682 et
1308 4627 1390 4682 ita
1446 4626 1720 4699 deinceps
1749 4628 1821 4683 ad

175 4719 645 4774 communionem
676 4720 1015 4773 revertatur.
1050 4715 1157 4782 Qui
1207 4732 1342 4771 vero
1372 4715 1691 4788 cupiditate
1723 4733 1819 4771 ca-

176 4810 302 4876 ptus
330 4807 558 4862 furtum
593 4806 812 4874 fecerit,
846 4806 1003 4878 quod
1037 4803 1345 4861 abstulerit
1374 4804 1598 4872 reddat,
1632 4809 1688 4859 et
1717 4822 1822 4860 au-

176 4892 260 4948 nis
290 4894 557 4968 quinque
582 4894 985 4967 paenitentiam
1013 4897 1166 4966 agat.
1190 4892 1474 4947 Similiter
1502 4896 1561 4948 et
1589 4893 1689 4965 qui
1719 4910 1823 4965 per

177 4983 437 5055 rapinam
469 4983 712 5039 alterius
735 5000 828 5039 res
857 4982 1077 5054 injuste
1098 4981 1422 5048 abstulerit,
1443 4986 1501 5036 et
1530 4982 1639 5037 hoc
1665 4983 1820 5054 quod

176 5069 225 5125 vi
254 5071 455 5128 illieite
498 5072 741 5128 extorsit
792 5075 1097 5137 restauret,
1133 5075 1191 5126 et
1246 5071 1488 5125 totidem
1533 5070 1723 5138 annis,
1758 5071 1818 5126 id

179 5165 261 5214 est
290 5160 574 5233 quinque,
610 5164 834 5216 reatum
861 5178 1035 5216 suum
1086 5159 1438 5232 paenitentia
1463 5159 1706 5231 jejuniis
1732 5161 1820 5215 di-

178 5245 312 5303 luat.
347 5249 411 5303 Si
441 5254 639 5305 autem
672 5250 857 5306 nescit
886 5249 980 5304 cui
1013 5250 1295 5305 damnum
1328 5248 1546 5318 intulit,
1574 5254 1673 5304 aut
1703 5267 1819 5305 non

174 5336 323 5393 valet
363 5339 604 5395 reddere
653 5340 807 5411 quod
854 5337 1135 5394 violenter
1183 5337 1502 5409 subrepsit,
1537 5338 1818 5409 aspcriori

178 5427 525 5495 paenitentiae
554 5445 617 5484 se
648 5428 956 5483 submittat
986 5431 1043 5482 et
1073 5432 1204 5498 post
1233 5431 1455 5497 septem
1489 5443 1674 5482 anuos
1692 5445 1818 5499 per-

245 5569 322 5636 (a)
353 5567 499 5624 Vide
530 5574 697 5626 notas
726 5570 796 5625 ad
830 5569 1149 5640 Capitular.
1188 5570 1341 5624 1038.

2562 4612 2792 4669 CAPUT
2830 4613 2939 4667 XL.

1981 4722 2057 4776 De
2087 4721 2435 4777 homicidiis
2464 4720 2704 4774 diversis
2720 4718 3113 4774 occasionibus
3141 4715 3516 4788 perpetratis.

2002 4809 2061 4865 Si
2093 4809 2225 4881 quis
2257 4825 2490 4864 servum
2519 4805 2980 4879 proprium.licet
3004 4803 3351 4861 criminibus
3371 4804 3575 4863 multis

1931 4899 2339 4971 approbatum,
2372 4896 2498 4952 sine
2527 4895 2884 4950 conscientia
2904 4893 3125 4967 judicis
3155 4893 3451 4964 occiderit,
3473 4910 3574 4951 ex-

1930 4985 2456 5045 communicatioue
2476 4984 2563 5039 vel
2584 4983 2925 5056 pmniteutia
2949 4982 3168 5039 biennii
3188 4986 3414 5038 reatum
3437 4999 3574 5039 san-

1928 5080 2124 5154 guinis
2156 5076 2507 5133 emcndabit.
2541 5074 2601 5130 Si
2639 5090 2773 5129 vero
2804 5074 3042 5129 domina
3097 5074 3291 5129 furore
3334 5071 3440 5128 zeli
3472 5088 3573 5129 ac-

1929 5186 2103 5225 censa
2134 5166 2377 5239 ﬂagellis
2398 5163 2785 5219 verberaverit
2815 5162 3087 5219 ancillam
3108 5162 3386 5230 suam,ita
3407 5164 3471 5215 ut
3489 5161 3574 5214 in-

1930 5260 2018 5314 fra
2045 5259 2199 5312 diem
2230 5256 2467 5311 tertium
2487 5255 2743 5310 animum
2768 5253 3028 5308 cruciatu
3050 5252 3395 5318 etfundat,et
3414 5247 3570 5318 quod

1930 5349 2217 5402 incertum
2252 5345 2329 5402 sit
2358 5344 2652 5400 voluntate
2682 5360 2785 5416 per
2815 5346 3036 5415 septem
3058 5337 3318 5406 annos,si
3338 5336 3397 5391 in
3429 5352 3570 5392 casu

1931 5435 2227 5504 occiderit,
2260 5452 2362 5507 per
2391 5431 2777 5506 quinquennii
2803 5436 3069 5505 tempora
3099 5446 3132 5484 a
3161 5423 3572 5483 communione
