3956 6160
383 288 503 363 ’723
1182 298 1527 363 RODULFI
1570 293 2121 360 BITURICENSIS
2165 294 2516 358 EPISCOPI
2562 294 2977 359 CAPITULA.
3613 301 3712 361 ’124

384 432 606 507 placuit
634 430 937 490 abstineri.
969 433 1130 498 Quod
1161 432 1209 489 si
1241 431 1393 487 infra
1419 436 1683 504 tempora
1711 430 2029 487 constituta
2055 426 2113 495 Α
2140 433 2508 484 sacramenta
2539 428 2884 501 percipiant.
2918 428 3081 495 Quod
3116 426 3165 484 si
3195 445 3392 501 uxores
3410 428 3721 488 habenteset

385 521 560 577 fuerit
599 521 916 589 infirmata,
970 521 1218 593 accipiat
1273 520 1769 576 communionem.
1802 518 2027 575 Placuit
2132 517 2611 573 transcendentes
2637 517 3195 590 quinquagesimum
3231 534 3441 573 annum
3471 519 3635 575 aetatis
3656 519 3726 577 ita

385 610 561 666 etiam
595 614 660 665 ut
688 609 749 665 hi
785 609 886 682 qui
917 610 1027 666 sibi
1062 609 1205 681 ipsis
1234 612 1335 664 aut
1365 625 1468 680 per
1521 609 1763 675 ferrum,
1797 613 1897 664 aut
1926 625 2029 680 per
2134 604 2507 678 deliquerint,
2541 606 2615 661 ad
2647 606 2866 662 exitum
2898 607 3025 662 vitae
3069 606 3487 663 communionis
3513 609 3725 681 gratiam

385 702 804 766 venenum,aut
833 713 936 771 per
964 697 1480 773 praecipitium,aut
1493 713 1595 768 per
1619 696 2024 769 suspendium,
2135 699 2591 767 consequantur.

386 788 477 845 vel
498 787 759 860 quolibet
788 787 961 842 modo
991 786 1273 853 violenter
1302 786 1561 842 inferunt
1590 784 2030 853 mortem,nulla

389 876 510 932 illis
541 876 599 931 in
625 875 919 931 oblatione
967 874 1443 931 commemoraiio
1499 874 1623 941 ﬁat,
1673 890 1861 946 neque
1893 890 2027 928 cum

389 965 634 1040 psalmis
663 964 736 1021 ad
749 963 1113 1036 sepulturam
1126 980 1327 1020 eorum
1349 963 1631 1018 cadavera
1641 963 2026 1018 deducantur.

2725 827 2961 885 CAPUT
2999 828 3190 885 XLIV.

2171 922 2255 973 De
2282 916 2689 991 satisfactione
2710 927 2762 974 et
2794 920 3279 976 reconciliatione
3316 921 3702 989 penitentiam.

389 1054 673 1113 Similiter
699 1058 758 1109 et
786 1054 857 1110 de
885 1052 979 1109 his
1010 1052 1227 1125 placuit
1274 1051 1374 1124 qui
1421 1068 1523 1124 pro
1554 1051 1681 1108 suis
1711 1050 2030 1107 sceleribus
2207 1051 2537 1107 Satisfactio
2568 1056 2764 1108 autem
2793 1056 2883 1108 est
2913 1070 3121 1110 causas
3161 1058 3521 1126 peccatorum
3545 1059 3597 1111 et
3618 1073 3734 1130 sug-

388 1143 734 1216 puniuntur.
2136 1141 2429 1214 gestiones
2458 1140 2761 1197 excludam
2791 1147 2848 1198 et
2876 1142 3032 1199 ultra
3062 1148 3367 1215 peccatum
3400 1162 3510 1200 non
3539 1145 3735 1202 iterare.

1011 1248 1241 1304 CAPUT
1280 1248 1418 1303 XLI,
2139 1229 2551 1286 Reconciliatio
2580 1246 2714 1286 vero
2745 1234 2835 1287 est
2858 1248 2986 1303 quae
3008 1237 3140 1304 post
3159 1232 3740 1308 complementumpce—

392 1345 472 1398 De
495 1340 732 1415 fama-mg,
758 1346 1116 1415 ηαδ-ρανςμε
1142 1353 1273 1415 ,πέσε
1299 1341 1528 1415 necant.
1562 1345 1617 1391 ει
1648 1352 1777 1391 cum
1806 1336 2032 1393 duobus
2140 1318 2398 1415 nitentia!
2447 1318 2778 1415 adhibetur.
2821 1319 2983 1415 -Nam
3044 1320 3197 1377 sicut
3242 1320 3611 1415 conciliamur
3646 1323 3739 1379 Deo

852 1407 1143 1484 fratribus
1171 1408 1567 1483 fomicantur.
2140 1408 2371 1481 quando
2403 1407 2659 1479 primum
2691 1425 2793 1480 per
2821 1408 3182 1480 baptismum
3222 1427 3257 1465 a
3295 1410 3605 1483 gentilitate
3627 1427 3739 1465 con-

464 1502 661 1573 (Conc.
702 1506 938 1571 .lncyr.,
973 1514 1099 1570 cap.
1130 1497 1243 1568 21.)
1275 1497 1335 1552 Si
1384 1513 1498 1569 qua
1542 1494 1754 1552 mulier
1783 1497 2032 1553 forniea-
2138 1496 2441 1563 vertimur,
2476 1496 2556 1551 ita
2585 1496 3038 1553 reeonciliamur
3065 1499 3302 1570 quando
3325 1502 3454 1571 post
3480 1503 3739 1570 peccatum

390 1590 559 1658 verit,
592 1594 649 1645 et
676 1588 960 1643 infantem
992 1586 1092 1659 qui
1121 1586 1328 1642 exinde
1345 1590 1517 1641 natus
1541 1586 1715 1642 fuerit
1736 1586 2030 1653 occiderit,
2142 1584 2472 1658 pmnitendo
2504 1586 2886 1658 regredimur.
2919 1587 3176 1650 Quorum
3221 1592 3416 1643 autem
3462 1592 3674 1658 peccata
3692 1587 3739 1643 in

394 1683 453 1734 et
482 1695 607 1750 quia
638 1675 929 1732 studuerit
962 1676 1231 1731 abortum
1260 1675 1445 1730 facere
1465 1676 1516 1730 ei
1542 1676 1696 1747 quod
1721 1679 1810 1731 est
1836 1692 2036 1731 conce-
2143 1673 2375 1747 publico
2407 1678 2564 1739 sunt,
2597 1673 2657 1728 in
2688 1673 2919 1746 publico
2951 1674 3124 1730 debet
3147 1691 3280 1731 esse
3327 1674 3648 1748 poenitentia
3663 1692 3741 1747 per

393 1771 560 1839 ptum
592 1781 818 1831 necare,
850 1768 951 1819 aut
979 1767 1132 1840 certe
1160 1768 1224 1819 ut
1276 1780 1389 1819 non
1439 1764 1728 1835 concipiat
1750 1763 2029 1834 elaborat,
2067 1799 2114 1865 Β
2144 1768 2407 1835 tempora
2437 1780 2563 1835 quae
2593 1762 2846 1835 episcopi
2879 1763 3118 1819 arbitrio
3148 1763 3559 1836 pcnnitentibus
3578 1780 3741 1820 secun-

394 1855 514 1912 sive
543 1871 612 1910 ex
641 1852 944 1921 adulterio,
974 1852 1094 1909 sive
1121 1868 1190 1908 ex
1219 1851 1477 1925 legitimo
1509 1853 1903 1920 matrimonio,
1928 1854 2034 1910 has
2072 1850 2114 1865 “’
2145 1852 2286 1908 dum
2317 1850 2700 1907 differentiam
2733 1856 3101 1924 peccatorum
3121 1852 3517 1909 decernuntur
3538 1869 3743 1921 ;eorum-

392 1943 539 2001 tales
570 1942 845 1999 mulieres
862 1941 922 1997 in
945 1945 1130 1998 morte
1149 1958 1263 1997 non
1287 1940 1542 2014 recipere
1561 1942 2037 1998 communionem
2146 1957 2258 2013 que
2281 1938 2674 1996 reconciliatio
2706 1956 2834 1996 esse
2855 1940 3027 1996 debet
3055 1941 3127 1997 ab
3157 1942 3434 2015 episcopo
3463 1942 3574 1999 sive
3592 1960 3742 2015 apre-

392 2032 615 2107 priores
647 2048 897 2087 canones
928 2031 1327 2086 decreverunt.
1362 2030 1480 2085 Nos
1502 2034 1700 2086 tamen
1734 2048 1836 2103 pro
1868 2030 2039 2087 mise-
2146 2028 2415 2102 sbyteris,
2437 2030 2610 2101 jussu
2644 2033 2838 2084 tamen
2870 2029 3305 2102 episcoporum,
3339 2030 3489 2086 sicut
3532 2048 3742 2088 canones

394 2122 644 2179 ricordia
674 2119 793 2177 sive
821 2119 969 2177 tales
1001 2119 1119 2175 sive
1139 2119 1405 2176 conscias
1427 2118 1687 2192 ipsarum
1720 2119 1921 2175 decem
1943 2138 2039 2177 an-
2144 2118 2398 2175 Africani
2428 2116 2660 2172 concilii
2711 2121 3022 2183 testantur,
3066 2118 3166 2173 ubi
3217 2118 3302 2175 ita
3348 2120 3615 2192 scriptum
3644 2126 3740 2176 est:

395 2229 503 2269 nos
532 2226 703 2284 agere
735 2207 1133 2282 paenitentiam
1158 2207 1577 2280 judicavimus.
1606 2209 1676 2264 Et
1696 2207 1745 2264 si
1776 2226 1893 2280 qua
1916 2227 2041 2265 mu-
2149 2207 2529 2279 Cujuscunque
2558 2207 2873 2277 paenitentis
2912 2208 3199 2278 publicum
3248 2215 3301 2264 et
3354 2210 3745 2280 uulgatissimum

395 2301 506 2357 lier
534 2301 684 2355 duos
714 2299 941 2364 fratres,
975 2301 1078 2353 aut
1107 2296 1155 2352 si
1186 2296 1321 2368 quis
1367 2296 1456 2351 vir
1478 2296 1626 2353 duas
1678 2313 1905 2354 sorores
1935 2298 2038 2354 ha-
2147 2298 2352 2352 crimen
2400 2303 2479 2351 est
2522 2294 2663 2367 quod
2704 2297 3020 2351 universam
3070 2297 3384 2353 Ecclesium
3428 2299 3743 2362 commoverit,

404 2388 616 2457 buerit,
649 2404 685 2443 a
713 2385 1125 2442 communione
1149 2402 1211 2441 se
1240 2384 1573 2440 abstineant
1594 2402 1779 2457 usque
1799 2387 1870 2441 ad
1894 2404 2043 2443 mor-
2148 2384 2590 2440 anteabsidamei
2615 2400 2813 2439 manus
2846 2386 3180 2456 imponatur.
3215 2386 3367 2453 (Lib.
3399 2404 3433 2443 ν
3460 2386 3744 2459 Capitular.,

401 2480 543 2543 tem,
576 2475 637 2530 in
670 2478 854 2530 morte
886 2476 1081 2529 autem
1110 2472 1194 2529 eis
1222 2474 1557 2529 communio
1589 2490 1692 2545 pro
1724 2473 2045 2531 misericor-
2149 2490 2277 2546 cap.
2314 2472 2522 2543 137.)Si
2553 2488 2686 2527 vero
2718 2472 3007 2544 pmnitens
3059 2476 3264 2531 mortis
3323 2476 3631 2549 periculum
3679 2476 3746 2530 in-

403 2564 501 2621 dia
529 2564 718 2619 detur.
751 2562 807 2616 Si
833 2578 966 2617 vero
997 2560 1420 2633 supervixerint
1448 2561 1860 2617 communione
1886 2580 2043 2619 acce-
2150 2560 2414 2629 currerit,
2448 2577 2551 2632 per
2579 2559 2835 2633 episcopi
2867 2560 3208 2618 licentiama
3226 2566 3561 2638 presbytero
3581 2581 3746 2620 recon-

402 2657 522 2726 pta,
556 2655 612 2707 et
634 2652 703 2707 de
750 2648 1091 2705 infirmitate
1143 2648 1562 2717 convaluerint,
1590 2654 1767 2721 agant
1805 2650 2039 2723 plenam
2149 2650 2380 2706 cilietur
2409 2653 2466 2705 et
2494 2649 2927 2706 communionis
2948 2652 3137 2723 gratia
3159 2654 3487 2719 muniatur,
3508 2672 3571 2709 ne
3589 2655 3749 2725 despe-

399 2740 801 2814 pcenitentiam
834 2744 1093 2810 tempore
1120 2737 1457 2808 constituto,
1490 2743 1547 2794 et
1573 2737 1684 2793 hoc
1715 2741 2040 2797 secundum
2149 2738 2391 2795 rationis
2422 2739 2556 2793 fune
2577 2738 2794 2811 ligatus
2816 2740 2886 2795 ad
2911 2744 3190 2795 aeternum
3214 2741 3747 2814 pertrabaturinteri-

397 2828 702 2901 antiquam
733 2826 1485 2884 deﬁnitionem.Humanius
1506 2830 1699 2882 autem
1721 2844 1876 2883 nunc
1897 2828 2040 2883 deﬁ-
2148 2832 2297 2884 tum.
2330 2826 2484 2883 Nulli
2515 2843 2651 2900 ergo
2682 2826 2944 2883 ﬁdelium
2977 2827 3189 2885 ultima
3220 2831 3563 2902 pcnnitentia
3590 2830 3663 2886 vel
3681 2847 3747 2885 re-

398 2918 596 2974 nimus
628 2922 692 2973 ut
719 2917 804 2973 eis
833 2916 1033 2972 decem
1066 2932 1356 2971 annorum
1406 2920 1641 2987 tempus
1688 2916 2039 2988 paenitentiae
2149 2915 2477 2972 conciliatio
2508 2915 2627 2972 sive
2648 2916 2907 2987 corporis
2936 2921 2994 2972 et
3022 2916 3340 2990 sanguinis
3366 2918 3569 2975 Christi
3597 2932 3750 2990 perce-

397 3006 709 3074 tribuatur,
739 3006 819 3061 ita
843 3009 1039 3061 tamen
1062 3002 1297 3060 utomni
1321 3008 1582 3076 tempore
1609 3004 1738 3062 vitae
1760 3021 1877 3061 sua:
1899 3006 2042 3062 fleti-
2149 3004 2270 3078 ptio
2302 3005 2571 3078 neganda
2597 3008 2704 3060 est.
2738 3005 2998 3068 Quorum
3054 3010 3251 3061 autem
3312 3012 3543 3080 peccata
3565 3005 3752 3063 occulta

399 3094 512 3150 bus
542 3098 600 3150 et
627 3091 947 3149 humilitati
979 3091 1274 3147 insistant.
2081 3163 2112 3168 _
2150 3097 2291 3151 sunt
2320 3097 2377 3149 et
2405 3098 2727 3165 spontanee
2744 3093 3106 3150 confessione
3119 3094 3751 3168 solitantummodopre-

1001 3206 1233 3263 CAPUT
1270 3205 1435 3261 XL”.
2070 3163 2114 3230 (ἶ
2153 3163 2564 3255 sbyteroabeis
2578 3181 2793 3237 fuerint
2821 3180 3091 3248 revelata,
3122 3182 3345 3240 horum
3377 3183 3593 3241 occulta
3616 3163 3753 3239 debet

1004 3300 1088 3351 οε
1109 3293 1437 3351 adulterio.
2148 3287 2278 3327 esse
2307 3270 2646 3343 poenitentia
2674 3271 3000 3327 secundum
3027 3273 3360 3344 presbyteri
3391 3273 3662 3346 judicium
3678 3270 3749 3326 cui

2148 3359 2399 3416 confessi
2431 3364 2668 3428 sunt,ne
2698 3358 2913 3415 inﬁrmi
2937 3359 2996 3415 in
3027 3361 3296 3418 Ecclesia
3334 3361 3753 3419 scandalizentur

2146 3448 2409 3504 videntes
2441 3465 2642 3504 eorum
2694 3465 2894 3520 poenas
2943 3466 3194 3521 quorum
3254 3452 3499 3523 penitus
3527 3450 3751 3523 ignorant

2148 3554 2378 3593 causas.
2411 3535 2576 3603 Quali
2608 3541 2801 3593 autem
2822 3542 3080 3610 tempore
3103 3538 3516 3612 poenitentium
3537 3536 3750 3595 reconci-

2146 3625 2306 3682 liatio
2363 3626 2488 3680 fieri
2546 3625 2751 3681 debeat
2806 3627 3121 3683 ostendunt
3178 3628 3419 3686 decreta
3476 3625 3748 3685 Innocentii

2147 3732 2331 3787 papas,
2365 3714 2464 3769 ubi
2515 3714 2596 3769 ita
2645 3715 2934 3787 scriptum
2980 3717 3270 3787 reperitur
3325 3717 3750 3791 (epistolaadlle-

2144 3805 2440 3869 centium):
2472 3802 2546 3856 De
2566 3804 2952 3873 penitentibus
2981 3811 3165 3859 autem
3193 3807 3296 3876 qui
3321 3809 3434 3862 sive
3478 3823 3544 3862 ex
3575 3804 3752 3873 gravio-

2144 3891 2299 3947 ribus
2328 3891 2627 3946 commissis
2670 3893 2783 3946 sive
2825 3908 2895 3946 ex
2952 3893 3249 3949 levioribus
3302 3896 3661 3967 pcenitentiam
3681 3905 3753 3959 ge-

2144 3988 2294 4048 runt,
2343 3982 2394 4035 si
2440 3980 2597 4035 nulla
2653 3981 3005 4036 intervenerit
3049 3983 3350 4052 .regritudo,
3410 3985 3593 4055 quinta
3638 3980 3757 4052 [erat

2144 4078 2272 4124 ante
2298 4070 2500 4141 pascha
2528 4070 2610 4123 eis
2641 4068 3025 4124 remittendum
3071 4087 3185 4126 esse
3240 4071 3505 4129 Romanae
3540 4068 3756 4125 Ecclesia

1278 4157 1772 4235 ::.m—“wumu
2142 4157 2466 4213 εοηδτιϐιῑιάο
2522 4157 2870 4212 άεηῑοηδεναε.
2935 4160 3198 4214 Cceterum
3244 4158 3315 4215 de
3366 4160 3594 4233 pondera
3626 4157 3754 4214 gsti-

985 4223 1213 4281 CAPUT
1250 4223 1444 4279 XLIII.

2148 4245 2342 4301 mando
2366 4245 2691 4301 delictorum
2716 4245 3011 4303 sacerdotis
3055 4255 3139 4303 est
3166 4223 3447 4319 judicare,
3467 4256 3527 4303 ut
3550 4243 3754 4302 attende!

572 4318 658 4371 De
686 4315 777 4371 his
803 4314 900 4387 qui
925 4314 1305 4387 fornicamur
1338 4314 1723 4370 irrationabii
1729 4317 1862 4371 iter.
2143 4334 2214 4390 ad
2242 4335 2631 4405 confessionem
2658 4342 2712 4390 ει
2736 4335 2807 4390 ad
2834 4338 2990 4405 ﬂetus
3034 4314 3195 4409 atque
3224 4314 3497 4412 laerymas
3520 4337 3750 4410 peniten-

462 4422 651 4493 (Conc.
684 4425 1054 4492 Ancyr.,cap.
1088 4419 1287 4487 {6.)De
1318 4417 1409 4473 his
1440 4420 1542 4491 qui
1562 4420 2037 4479 irrationabiliter
2144 4424 2234 4488 tis,
2265 4431 2321 4479 at
2350 4431 2477 4478 tunc
2501 4430 2671 4495 potest
2697 4422 2904 4480 dimitti
2961 4442 3087 4480 cum
3133 4426 3337 4483 viderit
3376 4442 3655 4499 congruam
3677 4437 3747 4476 sa-

390 4508 603 4565 versati
634 4513 774 4564 sunt
804 4508 922 4565 sive
976 4512 1302 4574 versantur,
1337 4506 1394 4561 id
1427 4511 1517 4562 est
1563 4508 1663 4580 qui
1694 4526 1757 4565 se
1788 4511 2037 4567 miscent
2066 4528 2111 4593 D
2142 4512 2695 4583 tis/aetionem..Sane
2720 4514 2771 4568 si
2799 4515 2921 4585 quis
2954 4516 3015 4570 in
3059 4517 3455 4585 agritudinem
3511 4512 3749 4578 inciderit,

390 4596 699 4669 pecoribus
720 4602 822 4653 aut
840 4614 975 4653 cum
998 4594 1278 4653 masculis
1298 4593 1719 4667 polluuntur,si
1744 4598 1877 4670 quis
1899 4606 2033 4656 ante
2140 4603 2195 4657 ei
2219 4608 2297 4657 est
2326 4608 2450 4656 ante
2464 4602 2671 4672 pascha
2699 4603 3085 4671 relaxandum,
3108 4621 3176 4660 ne
3203 4604 3271 4661 de
3301 4605 3402 4662 hoc
3428 4603 3621 4662 saeculo
3643 4601 3748 4655 abs-

391 4683 731 4740 vicesimum
764 4702 985 4741 annum
1011 4685 1126 4741 tale
1151 4684 1370 4741 crimen
1404 4684 2036 4759 commiserit,quinde~
2140 4706 2243 4761 quc
2293 4690 2671 4747 communione
2723 4690 2980 4749 discedat.
3036 4694 3151 4749 lloc
3200 4710 3339 4768 ergo
3400 4697 3532 4750 ante
3582 4686 3751 4747 omnia

393 4771 507 4826 cim
539 4771 709 4827 annis
728 4774 946 4828 exactis
968 4773 1025 4828 in
1056 4773 1394 4845 poenitentia
1416 4774 1888 4831 communionem
1911 4794 2035 4833 ora-
2140 4778 2463 4833 cavendum
2493 4782 2600 4844 est,
2623 4795 2693 4834 ne
2723 4778 2783 4834 in
2815 4782 3091 4838 extremis
3111 4782 3417 4855 pmnitenti
3449 4774 3750 4853 pcenitentia

391 4858 569 4913 tionis
600 4863 907 4925 mereatur,
939 4861 1149 4917 deinde
1189 4861 1593 4935 quinquennio
1639 4863 1700 4919 in
1734 4863 1841 4920 hac
1871 4882 2030 4922 com-
2140 4871 2197 4922 et
2227 4864 2614 4922 reconciliatio
2643 4867 2982 4941 denegatur,
3016 4887 3088 4925 ne
3117 4870 3177 4926 in
3220 4870 3615 4944 desperatione
3640 4880 3746 4938 per-

394 4946 2033 5015 munionedurans,tuncdemumoblationissacramenta
2138 4960 2250 5011 eat.
2285 4954 2636 5010 Perdidisset
2664 4956 2821 5012 enim
2873 4956 3021 5014 latro
3062 4958 3122 5014 in
3178 4976 3349 5016 cruce
3396 4960 3467 5015 ad
3517 4958 3744 5012 dextram

393 5034 713 5105 contingat.
752 5035 1102 5092 Diseutiatur
1132 5043 1325 5094 autem
1357 5044 1415 5095 et
1444 5039 1562 5096 vita
1601 5058 1803 5097 eorum
1836 5043 2030 5115 qualis
2139 5042 2354 5099 Christi
2395 5043 2655 5115 pendens
2700 5045 3028 5117 praemium,
3063 5048 3111 5104 si
3171 5047 3341 5104 illum
3393 5046 3564 5104 unius
3613 5043 3740 5098 hom

390 5126 653 5194 tempore
682 5122 1063 5193 pcenitudinis
1083 5125 1450 5194 exstiterit,et
1464 5128 1545 5184 ita
1566 5130 2029 5188 misericordiam
2137 5132 2479 5205 paenitentia
2513 5149 2628 5187 non
2654 5134 2940 5204 juvasset.
2981 5136 3132 5192 Vera
3160 5154 3296 5211 ergo
3356 5138 3428 5193 ad
3459 5134 3737 5192 Dominum

388 5214 842 5283 consequantur.
875 5213 1167 5282 Quotquot
1188 5218 1382 5269 autem
1432 5221 1664 5286 peraeta
1692 5217 1895 5291 viginti
1924 5237 2027 5276 an-
2135 5221 2432 5277 conversio
2462 5221 2521 5276 in
2556 5221 2777 5279 ultimis
2830 5225 3155 5296 positorum
3210 5229 3405 5282 mente
3451 5223 3629 5297 potius
3666 5219 3737 5271 est

387 5316 597 5356 norum
628 5304 792 5355 aetate
823 5315 1029 5387 uxores
1049 5299 1326 5357 habentes
1357 5301 1417 5356 in
1448 5302 1556 5358 hoc
1576 5312 1877 5377 peccatum
1900 5325 2029 5381 pro-
2136 5309 2481 5365 mstimanda
2536 5325 2715 5381 quam
2770 5315 3049 5384 tempore,
3109 5315 3391 5387 pr0pheta
3436 5310 3733 5368 asserente:

386 5388 533 5461 lapsi
560 5393 722 5454 sunt,
751 5386 957 5462 viginti
986 5387 1248 5460 quinque
1279 5390 1449 5445 annis
1474 5392 1896 5462 paenitudinem
1928 5414 2027 5471 ge-
2134 5401 2271 5457 Cum
2330 5414 2636 5464 conversus,
2705 5398 2919 5472 inquit,
2989 5386 3317 5473 ingemueris
3383 5410 3507 5458 tunc
3577 5394 3735 5451 δαὶυω

383 5482 574 5532 rentes
608 5478 665 5532 in
699 5476 1113 5534 communione
1143 5476 1543 5549 suscipiantur
1571 5482 1902 5540 orationum
1932 5486 2021 5542 :in
2133 5490 2262 5544 eris.

382 5565 901 5639 quaquinquennio
915 5566 1299 5641 perdurantes
1310 5570 1450 5623 tunc
1463 5568 1700 5626 demum
1714 5572 2025 5630 oblationis

471 3405 660 3477 (Cone.
683 3404 919 3476 Ancyr.,
952 3419 1079 3475 cap.
1108 3401 1290 3473 20.)Si
1320 3403 1491 3474 cujus
1522 3419 1666 3459 uxor
1714 3402 2041 3460 adulterata

398 3492 591 3561 fuerit,
620 3492 709 3549 vel
739 3492 787 3549 si
820 3492 946 3564 ipse
996 3491 1347 3547 adulterium
1402 3491 1777 3560 commiserit,
1813 3498 2037 3565 septem

395 3598 683 3637 annorum
716 3578 1055 3653 paenitentia
1075 3583 1298 3650 oportet
1317 3596 1450 3635 eum
1475 3580 1885 3651 perfectionem
1907 3599 2039 3638 eon-

396 3668 559 3741 sequi
596 3668 921 3723 secundum
950 3667 1230 3739 pristinos
1261 3668 1499 3739 gradus.
1536 3668 1594 3723 Si
1636 3686 1767 3725 vero
1798 3686 2035 3727 uxorem

392 3755 618 3811 habens
648 3754 1033 3809 concubinam
1067 3754 1477 3822 habuerit,non
1509 3757 2036 3827 communicet,do-

342 3868 347 3871 η
396 3859 504 3899 nec
541 3842 773 3898 desinat
824 3842 898 3896 ab
946 3858 1014 3896 ea
1071 3846 1127 3897 et
1157 3842 1229 3897 ad
1252 3842 1653 3914 paenitentiam
1695 3849 2033 3902 revertatur.

403 3931 563 3997 Quod
601 3929 648 3987 si
681 3928 913 3985 conscio
936 3929 1146 3985 marito
1168 3946 1313 3985 uxor
1338 3929 1510 3984 fuerit
1522 3931 1828 4000 mmcbata,
1852 3951 2038 4007 usque

393 4020 454 4075 in
486 4020 664 4075 ﬁnem
697 4035 810 4073 non
841 4017 1322 4075 communicet.Si
1344 4022 1539 4074 autem
1570 4035 1696 4075 eam
1720 4020 2035 4094 reliquerit,

394 4113 523 4182 post
554 4110 753 4165 decem
786 4124 973 4164 annos
1004 4106 1250 4180 accipiat
1279 4107 1772 4165 communionem.
