3956 6160
210 340 310 402 725
915 332 1316 396 WALTEBII
1359 326 1983 395 AURELIANENSIS
2024 325 2375 388 EPISCOPI
2420 324 2831 388 CAPITULA.
3446 319 3565 387 726

785 467 1015 525 CAPUT
1052 466 1215 525 XLV.
1844 462 1901 530 Α
1928 463 2168 534 peragat
2197 462 2253 516 et
2282 460 2353 516 ad
2387 476 2554 517 sacra
2581 458 2862 532 mysteria
2885 457 3127 516 devotus
3157 455 3406 515 accedat.
3421 457 3567 515 Cum

1919 567 2054 606 vero
2084 550 2237 605 ultra
2268 550 2505 605 modum
2538 549 2833 622 appetitus
2863 549 3013 622 gula:
3044 548 3104 604 in
3137 548 3442 605 sumendis
3471 548 3573 604 ali-

1922 640 2136 695 mentis
2166 638 2597 711 rapitur,atque
2628 637 2844 694 idcirco
2866 639 3185 694 humerum
3208 636 3576 710 receptacula

262 742 334 813 (S.
356 747 581 812 Gregor.
605 740 759 810 epist.
782 737 927 793 adS.
948 738 1471 806 Augustinum,cap.
1510 732 1617 805 11.)
1650 733 1812 797 Quaa-
1922 732 2254 801 gravantur,
2287 728 2463 784 habet
2492 728 2699 783 exinde
2739 727 2973 783 animus
3017 727 3273 800 aliquem
3323 731 3570 797 reatum,

200 833 420 889 rendum
435 834 521 885 est
540 833 734 884 utrum
758 831 890 900 post
912 825 1241 881 illusionem
1256 841 1383 896 qua:
1401 840 1502 895 per
1513 822 1813 878 somnium
1862 838 1867 847 τ
1922 834 2038 872 non
2051 820 2245 872 tamen
2264 833 2451 888 usque
2473 817 2543 871 ad
2569 815 3022 889 prohibitionem
3044 815 3398 889 percipiendi
3422 815 3573 872 sacri

200 920 326 978 solet
344 919 598 975 accidere
620 933 832 988 corpus
852 919 908 970 et
929 913 1275 987 sanguinem
1293 910 1816 984 Dominiquislibet
1923 906 2181 980 mysterii
2213 905 2301 960 vel
2349 905 2667 961 missarum
2717 904 3002 961 solemnia
3052 905 3402 972 celebrandi,
3436 921 3571 960 cum

202 1010 430 1082 accipere
458 1007 663 1072 valeat,
697 1008 800 1060 aut
828 1004 877 1061 si
909 1003 1180 1059 sacerdos
1211 1019 1378 1057 sacra
1408 1000 1684 1072 mysteria
1722 1016 1813 1054 ce-
1922 998 2168 1052 fortasse
2200 999 2300 1050 aut
2330 995 2513 1050 festus
2541 994 2665 1049 dies
2694 994 2889 1067 exigit,
2923 998 3026 1049 aut
3063 993 3321 1049 exhiberi
3352 998 3571 1067 myste-

202 1100 398 1156 lebrare
427 1096 629 1151 debeat
659 1111 733 1149 an
764 1111 900 1149 non.
932 1094 1016 1147 Ad
1050 1092 1172 1147 hmo
1208 1090 1678 1163 respondendum
1727 1093 1815 1143 est
1923 1084 2097 1149 rium,
2131 1100 2234 1156 pro
2266 1099 2331 1138 eo
2362 1084 2515 1154 quod
2549 1084 2819 1139 sacerdos
2837 1082 2988 1139 alius
3010 1083 3069 1138 in
3091 1083 3216 1139 loco
3239 1083 3421 1149 deest,
3442 1083 3574 1154 ipsa

204 1186 450 1261 quoniam
480 1185 539 1240 in
569 1183 760 1239 Veteri
787 1183 1156 1238 Testamento
1188 1180 1475 1253 pollutum
1507 1177 1618 1233 nisi
1650 1177 1815 1250 prius
1924 1173 2244 1261 necessitas
2276 1170 2593 1261 compellit.
2627 1172 2772 1226 Nam
2817 1171 2867 1227 si
2898 1172 3114 1228 adsunt
3161 1171 3256 1228 alii
3307 1171 3407 1244 qui
3459 1171 3571 1227 im-

202 1259 360 1331 lotum
388 1290 538 1345 aqua
569 1287 755 1343 usque
776 1271 846 1325 ad
864 1286 1169 1341 vesperum
1192 1268 1408 1323 intrare
1429 1268 1487 1321 in
1509 1265 1813 1322 ecclesiam
1924 1260 2079 1334 plere
2110 1260 2253 1316 illud
2284 1260 2542 1316 ofﬁcium
2574 1260 2821 1328 valeant,
2861 1259 3058 1317 illusio
3115 1277 3218 1333 per
3270 1259 3570 1332 crapulam
3604 1262 3609 1273 '

204 1381 298 1420 non
327 1361 675 1418 conceditur.
707 1359 869 1425 Quod
900 1362 1096 1414 tamen
1128 1357 1297 1413 aliter
1340 1355 1591 1428 populus
1643 1353 1815 1426 spiri-
1924 1351 2077 1405 facta
2100 1367 2133 1405 a
2154 1350 2519 1422 perceptione
2540 1349 2888 1405 sacramenti
2913 1349 3215 1422 prohibere
3236 1366 3352 1405 non
3376 1349 3567 1417 debet,

201 1453 315 1509 talis
340 1450 665 1523 intelligens
697 1449 805 1504 sub
838 1448 1039 1503 eodem
1069 1446 1367 1501 intellectu
1416 1443 1646 1516 accipit,
1680 1441 1818 1515 quia
1925 1440 2027 1495 sed
2061 1439 2133 1493 ab
2168 1437 2567 1493 immolatione
2600 1439 2749 1493 sacri
2782 1438 3039 1511 mysterii
3070 1440 3381 1505 abstinere,
3402 1442 3467 1493 ut
3487 1455 3572 1495 ar-

204 1541 346 1615 quasi
369 1557 465 1613 per
484 1538 782 1595 somnium
803 1536 1073 1592 illuditur
1093 1535 1191 1607 qui
1216 1538 1474 1589 tentatus
1489 1533 1654 1588 vanis
1675 1531 1816 1586 ima-
1931 1527 2133 1595 bitror,
2167 1525 2473 1581 humiliter
2502 1526 2692 1590 debet,
2726 1524 2776 1580 si
2807 1530 3001 1582 tamen
3032 1526 3418 1581 dormientem
3449 1530 3573 1581 tur-

202 1614 408 1704 ginibus
435 1628 822 1684 immunditiaz
855 1627 913 1681 in
945 1624 1292 1697 cogitatione
1324 1622 1683 1693 inquinatur.
1704 1621 1815 1676 Sed
1926 1615 2017 1689 pis
2063 1615 2405 1688 imaginatio
2437 1632 2551 1670 non
2583 1615 2963 1670 concusserit.
2997 1615 3142 1669 Nam
3174 1618 3313 1670 sunt
3359 1614 3574 1686 quibus

204 1703 452 1775 lavandus
482 1721 570 1773 est
598 1733 773 1789 aqua,
806 1720 873 1770 ut
903 1712 1106 1785 culpas
1137 1710 1505 1784 cogitationis
1544 1708 1817 1782 lacrymis
1926 1704 2275 1777 plerumque
2304 1704 2388 1758 ita
2425 1703 2620 1759 illusio
2670 1704 2931 1759 nascitur
2985 1708 3049 1757 ut
3094 1719 3297 1759 eorum
3342 1703 3576 1758 animus

203 1808 389 1864 abluat.
420 1807 483 1861 Et
513 1804 625 1861 nisi
670 1803 833 1876 prius
889 1802 1042 1875 ignis
1094 1799 1433 1856 tentationis
1491 1797 1813 1865 recesserit,
1838 1833 1885 1897 Β
1926 1793 2175 1849 etiamin
2191 1809 2396 1849 somno
2415 1793 2673 1865 corporis
2690 1790 3578 1865 positusturpibusimaginatio—

204 1914 340 1953 reum
371 1912 429 1952 se
460 1911 649 1967 usque
678 1893 749 1948 ad
779 1909 1086 1964 vesperum
1126 1892 1525 1962 recognoscat.
1572 1888 1682 1943 Sed
1731 1892 1819 1942 est
1839 1880 1885 1897 ”
1930 1883 2102 1938 nibus
2135 1900 2249 1937 non
2282 1881 2547 1937 fmdetur.
2574 1881 2631 1936 Si
2664 1898 2796 1937 vero
2826 1899 2894 1937 ex
2922 1881 3078 1954 turpi
3114 1882 3465 1955 cogitatione
3492 1880 3577 1935 vi-

205 1987 252 2040 in
276 1986 459 2042 eadem
490 1983 770 2039 illusione
801 1980 1132 2037 necessaria
1158 1977 1324 2034 valde
1369 1976 1661 2042 discretiO,
1691 1993 1817 2047 qua:
1928 1979 2164 2053 gilantis
2196 1980 2382 2035 oritur
2408 1978 2628 2044 illusio,
2652 1982 2907 2033 mentem
2929 1978 3275 2034 dormientis
3297 1978 3463 2034 radix
3485 1978 3581 2034 fa:-

204 2073 461 2130 subtiliter
486 2088 736 2145 pensare
767 2071 974 2125 debeat
1002 2086 1071 2123 ex
1101 2084 1217 2139 qua
1256 2083 1315 2122 re
1364 2066 1590 2121 accidat
1638 2063 1818 2118 menti
1929 2070 2028 2124 dat
2057 2068 2735 2139 coinquinationis.Quia
2764 2067 2921 2138 quod
2953 2067 3223 2139 cogitavit
3251 2067 3443 2122 sc’ens
3468 2067 3577 2123 hoc

205 2162 529 2219 dormientis.
585 2159 919 2232 Aliquando
951 2157 1104 2212 enim
1139 2174 1206 2211 ex
1237 2155 1495 2227 crapula,
1527 2154 1582 2208 id
1626 2157 1715 2208 est
1752 2170 1819 2208 ex
1928 2156 2168 2229 pertulit
2199 2156 2485 2213 nesciens.
2516 2157 2626 2211 Iste
2658 2155 2793 2210 talis
2826 2172 2938 2210 non
2971 2156 3139 2211 debet
3182 2156 3454 2211 accedere
3503 2155 3576 2211 ad

206 2252 359 2306 nimio
386 2251 509 2306 cibo
539 2249 626 2305 vel
656 2252 816 2321 potu,
864 2246 1179 2319 aliquando
1229 2262 1297 2300 ex
1346 2248 1567 2299 natura:
1615 2258 1816 2313 super-
1930 2245 2368 2318 percipiendum
2390 2246 2473 2302 vel
2495 2245 2955 2301 consecrandum
2979 2244 3236 2317 corporis
3256 2250 3313 2300 et
3342 2244 3578 2317 sangui-

208 2341 397 2395 ﬂuitate
422 2339 507 2395 vel
551 2338 916 2404 infirmitate,
973 2335 1288 2407 aliquando
1346 2351 1415 2389 ex
1471 2331 1820 2405 cogitatione
1929 2334 2020 2390 nis
2051 2334 2266 2390 Christi
2298 2338 2729 2390 sacramentum
2762 2350 3068 2406 quousque
3114 2333 3465 2405 poenitentiae
3522 2337 3580 2389 et

208 2429 474 2503 contingit.
506 2430 573 2483 Et
603 2427 847 2499 quidem
880 2442 1013 2480 cum
1048 2441 1116 2480 ex
1146 2428 1366 2479 natura:
1416 2414 1819 2493 superﬂuitate
1929 2423 2296 2479 abstinentiae
2320 2424 2579 2478 biduana
2599 2423 2687 2478 vel
2717 2423 2992 2477 triduana
3018 2422 3417 2477 satisfactione
3449 2438 3580 2493 pur-

203 2517 273 2572 vel
299 2517 626 2572 infirmitate
658 2514 930 2582 evenerit,
965 2512 1302 2569 omnimodo
1332 2511 1453 2566 haec
1483 2509 1679 2564 illusio
1702 2523 1815 2562 non
1928 2517 2103 2585 gatus
2120 2518 2177 2568 et
2200 2530 2353 2585 aqua
2370 2512 2607 2567 ablutus
2631 2512 3030 2578 mundatur,ct
3052 2516 3318 2567 sumente
3341 2528 3579 2583 corpore

201 2610 273 2661 est
298 2606 538 2661 timenda
566 2623 591 2671 ;
624 2605 725 2660 scd
757 2602 855 2659 ille
887 2602 983 2674 qui
1016 2602 1273 2683 pertulit,
1308 2618 1368 2657 se
1399 2599 1594 2672 ipsum
1626 2616 1690 2655 ac
1724 2615 1817 2654 ve-
1930 2619 2117 2674 purus
2148 2603 2215 2657 ad
2252 2606 2372 2657 tam
2405 2600 2872 2657 sacratissimum
2898 2600 3157 2674 mystcrii
3180 2618 3398 2656 munus
3423 2616 3579 2657 acce-

201 2694 441 2750 stimenta
469 2712 589 2750 sua.
618 2693 786 2765 aquis
817 2692 1168 2757 emundans,
1201 2690 1357 2745 licite
1391 2689 1817 2746 misnisterium
1930 2691 2064 2747 dere
2095 2691 2327 2747 festinet
2356 2689 2659 2745 immunis.

590 606 660 660 De
678 604 1071 676 pollutionz‘b-us
1100 602 1401 657 nocturnis.

1469 2937 1634 2983 ANNO
1678 2938 1894 2982 DOMINI
1937 2937 2081 2983 DCCC
2090 2937 2267 2983 LXVII.

1210 3096 2531 3262 WALTERIUS

1331 3345 1965 3418 AURELIANENSIS
1987 3355 2434 3416 EPISCOPUS.

926 3589 1805 3746 WALTEBII
1930 3586 2914 3745 CAPITULAW

328 3856 733 3934 Promulgata
762 3854 824 3913 in
859 3853 1099 3934 synodo
1131 3854 1299 3933 apud
1331 3854 1977 3995 Bullenspmfundprlr:
2024 3855 2296 3994 spcundo
2329 3852 2741 3915 ordinationis
2770 3852 2906 3932 ejus
2937 3871 3126 3927 anno,
3158 3869 3246 3918 vn
3274 3853 3415 3914 Kal.

1611 3954 1764 3995 unn.
1798 3953 1867 3995 ce
1895 3954 1927 3995 e
1976 3953 2043 3994 ra
2077 3954 2134 3995 a.

1611 3954 1764 4008 unn,
1798 3953 2134 3995 CBleDl‘ala.
2196 3996 2203 3999 _

1661 3522 2086 3537 ψ

291 4175 414 4230 CAP.
447 4179 490 4229 Ι.
525 4207 593 4216 -
642 4173 910 4242 Quomodo
958 4172 1336 4229 archidiaconi
1373 4172 1714 4245 presbyteros
1855 4176 1896 4241 α
1928 4172 2039 4228 sibi
2070 4173 2416 4229 commissas
2446 4171 2774 4243 parochias,
2811 4170 3115 4243 diligenter
3145 4171 3218 4242 (b)
3260 4170 3581 4227 discutiant

840 4263 1159 4318 discutiant.
1933 4262 2402 4332 presbyterorum
2436 4260 2632 4324 ﬁdem,
2666 4259 2978 4329 baptisma,
3006 4262 3063 4313 et
3112 4258 3395 4313 misarum
3427 4259 3579 4314 cele-

265 4351 521 4426 (llinem.,
556 4354 734 4425 Capit.
766 4351 878 4408 dat.
911 4352 1174 4419 decanz's.)
1199 4351 1268 4406 Ut
1297 4350 1688 4407 archidiaconi
1722 4367 1824 4422 per
1932 4349 2260 4405 brationem
2290 4366 2303 4403 :
2338 4353 2631 4420 quatenus
2661 4353 2877 4402 rectam
2909 4347 3082 4402 {idem
3108 4350 3371 4416 teneant;
3396 4347 3580 4420 bapti-

1356 4496 1723 4589 LUDOVICi
1769 4494 2123 4557 CELLOTII
2167 4494 2402 4554 NOT/E

265 4628 330 4699 (α)
345 4630 556 4686 Horum
580 4629 973 4702 capitulorum
996 4632 1198 4684 auctor
1210 4630 1521 4702 Wallerus,
1536 4627 1830 4702 siveGual-
1937 4643 2106 4702 spero
2134 4625 2521 4702 injucundum
2556 4641 2671 4702 non
2702 4623 3078 4702 fore.Quibu.s
3098 4622 3274 4679 etiam
3296 4622 3584 4702 Theodul-

265 4645 556 4699 (amorum
580 4645 973 4702 capitulorum
996 4645 1198 4684 auctor
1219 4645 1520 4695 wanerus,
1537 4645 1830 4683 srveuual-
1937 4645 2106 4752 εἰς)Γο
2134 4645 2521 4697 injucunoum
2556 4645 2671 4680 non
2702 4645 3078 4687 ιυιτθ.ι,ξυιυιιε
3098 4645 3274 4679 etiam
3297 4645 3582 4680 ἰ’[ιθοαυι-

210 4702 345 4785 tarus
374 4700 814 4785 Aurelianensis
851 4700 1181 4785 episcopus,
1234 4700 1311 4785 in
1343 4700 1599 4785 concilio.
1633 4704 1829 4785 nostro
1938 4716 1974 4771 p
2015 4697 2507 4785 .um‘adjici‘em‘us
2528 4701 2584 4785 et
2622 4696 2838 4785 i‘psqm:
2860 4693 3582 4785 Aurelianensem,_cuju.s

208 4768 521 4828 Duziacensi
552 4790 688 4828 cum
719 4765 942 4827 caeteris
971 4765 1145 4842 iudex
1172 4772 1340 4837 sedit,
1379 4777 1436 4826 et
1479 4771 1829 4826 sententiam
1938 4765 2244 4841 epistolam
2272 4768 2344 4842 ad
2377 4765 2890 4842 cler‘umEcclcsiag
2922 4782 3040 4842 sua;
3063 4765 3342 4842 scriptam
3373 4783 3442 4822 ex
3470 4765 3586 4842 edi-

211 4841 333 4897 dixit
360 4845 637 4899 adversus
666 4836 1117 4898 Laudunerisem
1152 4836 1552 4909 Hinemarum,
1579 4842 1833 4897 subscri-
1943 4836 2064 4896 tore
2118 4839 2360 4895 Baronio
2419 4855 2557 4893 suos
2602 4838 2659 4890 in
2709 4837 2960 4909 Annales
2999 4836 3242 4893 Carolus
3273 4839 3585 4895 Sausseius

213 4916 436 4986 ptusque
465 4914 522 4969 in
555 4932 622 4970 eo
645 4914 901 4987 legituru
922 4914 1213 4970 Walterus
1234 4912 1475 4969 humilis
1494 4907 1831 4987 A'ureliano-
1940 4911 2238 4987 transtulit
2258 4910 2476 4987 (Annat.
2501 4909 2637 4987 sccl.
2666 4909 2876 4987 {iurch
2900 4907 2937 4962 l.
2958 4909 3584 4987 _v1).‘_0_uanquam_s_uo

213 4980 324 5039 rum
346 4980 656 5111 'episcqpus
682 4980 753 5041 :V»
786 4987 1284 5058 quemadmodum
1317 4991 1518 5057 postea
1544 4985 1601 5039 in
1637 4983 1832 5040 Ponti-
1941 4988 2113 5039 antea
2134 4982 2259 5037 loco
2281 4998 2396 5036 non
2419 4981 2681 5034 defuerat
2703 4980 3050 5035 Sirmondus
3072 4981 3193 5052 (t.Il
3226 4980 3384 5037 Cone.
3421 4984 3584 5055 Gali.)

216 5057 485 5111 sonensim
588 5057 804 5111 alterus
826 5056 1069 5111 humilis
1100 5057 1536 5111 Aurelianensis
1564 5056 1832 5111 Ecclesia:
2012 5055 2093 5109 Ad
2128 5059 2359 5111 tempus
2389 5051 2640 5106 collectae
2671 5052 3007 5106 dimcesana:
3047 5052 3147 5111 hui
3160 5071 3226 5107 us
3273 5054 3499 5111 svnodi.
3530 5059 3584 5110 et

588 5063 666 5112 alt

215 5051 485 5124 gonensi,«
507 5051 1069 5112 Walterus-humilis
1100 5051 1536 5113 Aurelianensis
1564 5056 1832 5111 Ecclesia:
2012 5055 2093 5109 Ad
2128 5059 2359 5124 tempus
2389 5051 2640 5124 collectae
2671 5052 3007 5124 dimcesana:
3047 5052 3226 5123 hujus
3273 5054 3499 5124 synodi,
3530 5051 3589 5110 et

215 5121 496 5199 episcopus
530 5146 581 5183 ε»)
633 5129 786 5184 unde
837 5127 943 5183 viri
995 5129 1196 5199 Optimi
1256 5128 1625 5198 modestiam,
1665 5134 1721 5199 et
1767 5143 1835 5199 ex
1944 5125 2193 5180 latorum
2216 5121 2775 5199 capitulorumquod
2795 5121 3433 5199 attinet,nitiilcertum
3453 5142 3585 5199 pos-

217 5192 477 5271 modestia
506 5205 843 5256 czeterarum
888 5192 1169 5255 virtutum
1215 5199 1518 5254 cumulum
1554 5192 1832 5271 intelligi-
1944 5212 2160 5271 sumus
2181 5192 2440 5271 edicere,_
2458 5192 2761 5271 deficiente
2792 5193 2849 5248 in
2878 5193 3048 5249 titulo
3080 5200 3136 5251 et
3165 5192 3474 5271 Dominicai
3506 5195 3587 5271 in-

218 5280 351 5352 nius,
366 5270 441 5352 [53x
455 5270 563 5352 hac
574 5276 767 5352 autem
782 5271 1002 5352 synodo
1015 5271 1365 5352 pastoralem
1380 5264 1831 5352 sollicitudinEm
1944 5266 2318 5352 c‘arnationis,
2342 5269 2397 5320 et
2428 5264 2764 5352 ndictionis
2788 5272 2942 5347 nota,
2964 5268 3429 5352 quam‘religiose
3450 5270 3587 5321 aetas

218 5342 268 5391 et
283 5340 669 5424 ecclesiasticis
691 5337 1492 5424 disciplina-observationem
1525 5342 1832 5424 habemus,
1946 5338 2047 5394 illa
2077 5337 2348 5410 signavit.
2370 5360 2397 5386 «
2433 5337 2719 5405 Secundo,
2756 5359 2783 5387 »
2815 5337 3026 5410 inquit,
3059 5337 3438 5395 ordinationis
3469 5353 3587 5391 suae

220 5423 321 5478 qua
346 5413 758 5491 majorem__nec_:
788 5413 1138 5491 Hincmarus
1160 5413 1303 5491 ipse,
1326 5430 1429 5468 nec
1452 5413 1611 5468 Isaac
1638 5413 1838 5491 Lingo-
3350 5424 3523 5464 anno.
3560 5430 3588 5457 »

221 5484 655 5567 niens‘is‘i’arduli
679 5485 816 5567 olim
839 5485 1120 5567 diaconus
1142 5485 1342 5567 eodem
1366 5490 1712 5567 argumento
1736 5500 1834 5567 po-
2132 5554 2192 5567 ν
2298 5554 2332 5567 _,

222 5552 445 5608 steritati
477 5557 929 5626 transmiserunt
959 5573 972 5610 :
1006 5560 1071 5610 ut
1100 5573 1169 5610 ex
1198 5556 1289 5610 his
1334 5546 1605 5625 capitulis
1657 5546 1833 5626 patet,
2017 5554 2091 5622 (b)
2125 5554 2429 5607 Discutiunt
2454 5553 2895 5623 presbyterorum
2936 5550 3112 5622 ﬁdem.
3164 5548 3287 5603 Non
3336 5546 3591 5626 multum

224 5635 334 5691 quae
355 5641 484 5680 cum
501 5625 630 5681 aliis
650 5632 749 5683 aut
770 5626 1055 5683 committi
1079 5631 1179 5682 aut
1198 5619 1495 5698 conjungi,
1515 5628 1612 5680 tibi
1638 5619 1836 5693 lector,
2079 5619 2082 5622 ί
2454 5619 2467 5622 ”
2621 5619 2637 5623 ⁷
2936 5619 2943 5622 ⁷
3322 5619 3591 5678 discedit.
