3956 6160
160 441 264 501 ’149

1265 442 1644 506 LIBELLUS
1687 445 2397 511 PROCLAMATIONIS.

3415 459 3536 518 750

160 573 429 629 nationem
463 571 810 644 participare
843 572 1118 629 nolebant
1157 574 1526 640 insinuanda,
1564 581 1628 632 ut
1661 577 1767 649 ipsi
1803 580 1854 645 Α
1888 595 2076 651 neque
2107 597 2212 653 ego
2245 581 2354 638 hoc
2389 581 2683 639 ullatenus
2703 585 3075 648 auderem,ut
3106 587 3161 641 in
3195 589 3532 660 przejudicio

161 661 324 734 parati
357 664 567 726 essent,
605 667 756 715 sicut
786 661 1170 718 fraternitatis
1201 669 1492 720 amatores
1519 672 1576 720 et
1594 670 1774 722 secta-

158 757 292 805 tores
323 748 638 816 charitatis,
665 750 835 820 juxta
863 751 1186 807 beatissimi
1238 753 1486 824 apostoli
1521 755 1774 810 sanctio-

159 855 270 892 nem
296 838 338 908 (I
361 839 492 892 Tim.
526 838 622 908 γι),
659 854 850 893 meam
882 839 1188 896 defendere
1221 858 1286 896 ac
1319 843 1467 896 tueri
1500 842 1774 899 salutem.

158 927 252 982 Sed
280 925 371 981 ille
402 943 569 981 meus
602 927 902 982 unanimis
922 929 1116 995 frater,
1140 930 1232 984 cui
1263 930 1414 986 hanc
1439 931 1550 986 mei
1573 948 1773 988 curam

157 1015 590 1076 committebam,
613 1019 754 1070 tunc
785 1016 1233 1073 defuit.Hincme
1247 1037 1347 1074 rus
1377 1024 1575 1075 tamen
1597 1021 1776 1076 conti-

159 1121 256 1159 nuo
275 1120 507 1159 causam
540 1104 1055 1176 persensit.Adhuc
1079 1107 1355 1164 dominus
1385 1114 1566 1174 rex,et
1586 1108 1771 1165 isdem

156 1209 298 1248 meus
327 1192 619 1264 praelatus,
653 1193 713 1247 in
746 1194 950 1248 eodem
982 1194 1106 1250 loco
1167 1198 1502 1264 manebant,
1530 1199 1626 1253 ubi
1663 1199 1772 1254 sub

156 1299 252 1336 una
277 1281 593 1352 eademque
638 1299 803 1337 mora
851 1300 990 1339 meae
1049 1285 1355 1356 parvitatis
1406 1286 1684 1359 epistola,
1719 1292 1776 1343 et

154 1370 235 1426 illa
286 1370 558 1441 capitula,
622 1371 705 1426 uti
767 1371 1014 1427 relatum
1073 1379 1182 1441 est,
1245 1376 1768 1446 praesentabantur.

153 1460 370 1530 Moxque
401 1459 755 1516 Hincmarus
780 1461 904 1532 ipse
927 1461 1400 1534 archiepiscopus
1419 1463 1771 1535 scriptorum

152 1547 465 1620 portitorem
499 1549 809 1621 diligenter
848 1550 1031 1621 jussit
1081 1551 1322 1623 inquiri,
1356 1569 1461 1608 cur
1509 1552 1625 1608 illis
1657 1569 1770 1608 non

152 1637 454 1692 ostenderet
486 1638 680 1710 apices
711 1656 861 1710 quos
883 1639 1182 1712 sigillatim
1201 1641 1772 1708 detulerat.Quicon—

151 1726 277 1781 ﬁteri
307 1726 651 1799 compulsus
674 1729 1081 1800 respondendo
1110 1730 1445 1800 subjunxit:
1479 1730 1623 1794 Quia
1652 1730 1769 1799 ille,

153 1815 416 1886 inquiens,
444 1816 517 1870 ad
551 1832 726 1887 quem
749 1816 892 1872 mihi
927 1817 1130 1873 crediti
1149 1824 1286 1874 sunt
1304 1820 1770 1890 perferendi,non

153 1903 226 1958 hic
253 1905 416 1960 modo
449 1905 833 1976 apparet.Nec
855 1905 1102 1961 cessavit
1128 1905 1244 1973 ille,
1279 1909 1460 1962 donec
1494 1925 1773 1979 persuaso

153 2010 261 2064 rege
289 1994 483 2048 subito
515 1994 685 2064 quasi
716 1993 955 2050 collecta
971 1997 1190 2066 synodo
1208 2013 1275 2050 ex
1294 1995 1552 2067 ipsisqui
1574 2014 1772 2068 super-

151 2087 288 2137 erant
308 2081 602 2154 episcopis
615 2084 1017 2156 presbyterum
1041 2084 1329 2140 introduci
1349 2085 1767 2154 fecitinvitum,

149 2170 313 2240 ipsum
338 2171 612 2227 videlicet
642 2171 968 2228 litterarum
1003 2172 1266 2228 latorem.
1294 2174 1604 2245 Cmperunt
1634 2175 1770 2230 hinc

150 2265 194 2313 ct
219 2259 338 2314 inde
365 2260 424 2314 in
462 2260 655 2315 medio
685 2262 944 2332 positum
978 2278 1228 2328 movere,
1263 2265 1517 2334 pulsare,
1551 2268 1608 2319 et
1640 2281 1767 2336 pcr-

149 2365 340 2418 urgere,
373 2349 554 2405 sicuti
585 2349 692 2405 hoc
723 2349 929 2406 callide
958 2367 1061 2423 per
1097 2350 1345 2407 insidias
1389 2359 1768 2425 argumenta-

149 2440 249 2492 tum
277 2443 410 2506 erat,
449 2442 517 2494 ut
546 2437 794 2507 litteras,
828 2455 976 2511 quas
1007 2439 1307 2496 Rothadus
1347 2457 1450 2511 per
1494 2458 1628 2497 eum
1661 2459 1766 2498 suo

147 2526 204 2580 ad
230 2529 514 2598 synodum
572 2528 1022 2600 metrOpolitano
1077 2527 1382 2596 direxerat,
1417 2529 1594 2586 citius
1628 2549 1767 2602 prte-

146 2623 384 2673 sentaret.
417 2618 626 2688 Neque
656 2619 728 2672 ad
753 2619 1040 2690 synodum
1066 2618 1284 2674 missus
1308 2619 1766 2692 sum,ait,neque

147 2721 173 2758 a
197 2705 440 2762 Rothado
478 2705 774 2779 episcopo,
807 2708 978 2778 cujus
1009 2724 1113 2763 nec
1173 2724 1279 2778 ego
1330 2694 1460 2763 sum
1495 2708 1762 2776 clericus,

149 2793 336 2850 litteras
367 2795 572 2867 accepi
606 2796 921 2852 Hincmaro
959 2797 1306 2852 reddendas.
1341 2798 1602 2870 Cumque
1634 2799 1763 2854 nul-

146 2882 344 2939 lomodo
375 2885 690 2957 presbyter
719 2885 847 2956 ipsa
876 2884 1047 2941 vellet
1095 2886 1351 2956 capitula
1377 2888 1638 2958 prodere,
1665 2889 1763 2958 ju-

150 2970 290 3027 bente
320 2979 521 3029 tamen
555 2990 708 3046 rege,
743 2979 980 3029 coactus
1013 2974 1265 3029 reddidit
1290 2991 1560 3047 :moxque
1592 2977 1762 3032 Hinc-

147 3076 316 3117 marus
347 3079 548 3136 regem
581 3061 898 3134 postulavit
917 3062 1371 3118 utTransulfum
1396 3065 1668 3120 abbatem
1692 3068 1762 3122 ad

148 3166 220 3204 me
247 3151 560 3223 dirigeret:
591 3151 690 3223 qui
727 3152 798 3206 ad
849 3157 1108 3206 nostram
1141 3151 1428 3208 civitatem
1466 3153 1764 3210 celerrime

145 3240 483 3308 perveniens,
517 3256 610 3294 me
632 3239 756 3309 jam
791 3245 1058 3310 paratum
1094 3243 1156 3294 ut
1188 3251 1449 3295 nostrum
1481 3239 1592 3296 iter
1621 3242 1763 3296 arri-

1887 672 2100 724 sanctze
2161 670 2432 725 Romanae
2477 669 2764 739 Ecclesiae,
2815 673 3079 729 omnium
3147 676 3530 734 Ecclesiarum

1885 755 2110 823 matris,
2147 758 2393 828 ejusque
2425 757 2898 815 excellentissimi
2948 763 3212 830 rectoris,
3245 764 3399 820 circa
3427 783 3530 838 po-

1885 843 1996 899 sito
2029 845 2356 917 cuicunque
2377 847 2662 917 praebeam
2687 848 2883 920 aliquo
2912 850 3083 905 modo
3106 855 3525 910 assensum.Ad

1886 932 2045 988 illam
2081 950 2374 989 summam
2400 937 2804 993 auctoritatem
2832 937 2957 993 sine
2979 938 3409 997 intermissione
3431 960 3530 1016 ap-

1883 1020 2057 1093 pello,
2093 1021 2184 1077 cui
2217 1022 2413 1078 nullus
2444 1029 2635 1096 potest
2663 1027 3527 1100 contradicere,qu:eaDomino

1884 1111 2024 1166 Jesu
2057 1111 2285 1167 Christo
2312 1129 2417 1184 per
2435 1113 2667 1168 beatum
2686 1115 2916 1170 Petrum
2949 1115 3275 1188 apostolum
3296 1122 3526 1174 tantum

1883 1200 2101 1255 meruit
2128 1201 2542 1272 principatum.
2566 1202 2862 1258 Judicium
2891 1221 3025 1278 ergo
3057 1204 3215 1262 illius
3245 1207 3313 1261 ad
3349 1224 3526 1279 quam

1883 1286 2236 1360 proclamavi
2273 1292 2496 1360 expeto,
2528 1305 2634 1344 nec
2683 1289 2821 1345 alibi
2877 1291 2990 1347 nisi
3036 1293 3230 1348 Romae
3271 1294 3524 1366 judicari

1882 1377 2203 1444 consentio,
2239 1377 2377 1448 quia
2405 1385 2792 1450 praeposterus
2809 1381 2948 1434 ordo
2971 1385 3061 1436 est
3083 1381 3408 1439 inferiorem
3433 1401 3527 1440 su-

1885 1464 2096 1536 periori
2125 1465 2532 1522 anteferri.His
2564 1466 2800 1534 auditis,
2837 1468 2936 1539 qui
2964 1468 3126 1524 missi
3162 1470 3390 1526 fuerant
3431 1488 3523 1544 sy-

1886 1555 2037 1609 nodo
2070 1553 2565 1610 renuntiaverunt.
2606 1557 2817 1611 Iterum
2859 1557 3116 1612 secundo
3146 1563 3203 1613 et
3233 1559 3401 1614 tertio
3432 1577 3524 1615 me

1883 1643 2271 1698 continuatim
2298 1643 2695 1709 invitantes,in
2711 1645 2912 1700 eadem
2937 1645 3282 1702 invenerunt
3304 1647 3524 1705 ratione

1885 1731 2218 1804 persistere.
2253 1731 2578 1788 Novissime
2621 1750 2754 1789 vero
2805 1733 3164 1790 industriose
3213 1738 3524 1808 persuade-

1885 1821 2044 1885 bant,
2079 1836 2249 1876 suam
2282 1821 2586 1877 offerentes
2618 1822 2814 1886 fidem,
2841 1821 2985 1877 nihil
3016 1822 3372 1880 incommodi
3403 1843 3527 1899 per-

1885 1925 2218 1980 pessurum,
2252 1915 2355 1963 aut
2384 1908 2592 1964 saltem
2625 1909 2864 1964 domino
2889 1911 3005 1983 regi
3026 1910 3084 1965 in
3117 1914 3378 1983 proximo
3401 1913 3525 1970 loco

1882 1998 2088 2070 synodi
2141 1997 2446 2053 locuturus
2489 2014 2875 2054 occurrerem.
2933 2001 3094 2064 Quod
3152 2001 3326 2056 etiam
3382 2002 3526 2058 mihi

1881 2087 2066 2142 nostri
2103 2087 2309 2142 fratres
2339 2087 2604 2141 Ecclesiae
2637 2091 2845 2141 nostrae
2877 2087 2978 2142 filii
2991 2089 3114 2159 jam
3152 2089 3398 2145 suadere
3420 2107 3528 2146 coe-

1880 2179 2114 2246 perunt,
2147 2178 2213 2228 ut
2243 2173 2337 2246 pio
2370 2173 2618 2246 principi
2669 2191 2810 2229 mea
2859 2175 3165 2246 parvitatis
3195 2177 3528 2234 exhiberem

1877 2263 2271 2335 praesentiam.
2303 2263 2495 2317 Annui
2531 2279 2657 2334 ego,
2691 2267 2748 2318 et
2794 2263 2866 2318 ad
2916 2262 3106 2318 locum
3147 2281 3263 2336 quo
3295 2282 3388 2320 me
3419 2267 3524 2321 du-

1877 2352 2088 2408 cebant
2107 2351 2372 2418 transivi,
2388 2351 2847 2407 sacerdotalibus
2869 2352 3113 2408 vestitus
3135 2353 3521 2422 indumentis,

1876 2446 2147 2497 sanctum
2181 2439 2554 2512 Evangelium
2585 2445 2644 2496 et
2665 2440 2887 2513 lignum
2911 2445 3124 2497 sanctae
3155 2443 3344 2498 crucis
3368 2443 3522 2500 circa

1876 2548 2006 2586 mea
2037 2535 2270 2602 pectora
2300 2546 2529 2601 gerens.
2557 2529 2820 2602 Cumque
2852 2547 2944 2586 me
2995 2531 3055 2585 in
3095 2533 3393 2602 quoddam
3426 2534 3516 2588 di-

1872 2620 2195 2676 versarium
2229 2635 2332 2690 pro
2360 2618 2581 2674 foribus
2612 2619 2815 2692 synodi
2847 2637 2880 2675 a
2901 2621 3118 2676 nostris
3140 2621 3518 2680 omnibusse-

1876 2713 2148 2782 paratum
2180 2707 2659 2773 introduxissent,
2685 2707 2913 2763 obnixis
2936 2709 3207 2780 precibus
3230 2711 3517 2782 postulavi

1875 2815 1978 2871 per
2010 2797 2341 2852 Leudonem
2393 2797 2723 2861 diaconum,
2755 2802 2817 2850 ut
2859 2797 3135 2853 dominus
3179 2815 3277 2853 rex
3324 2799 3515 2856 locum

1876 2887 2017 2942 mihi
2050 2884 2377 2956 indulgeret
2408 2901 2606 2938 secum
2639 2884 2936 2956 loquendi.
2972 2886 3078 2951 Qui
3113 2903 3246 2941 mox
3275 2904 3378 2959 pro
3410 2905 3520 2944 sua

1875 2975 2086 3049 pietate
2109 2974 2180 3028 ad
2215 2989 2306 3027 me
2336 2972 2645 3044 indignum
2665 2973 2858 3028 venire
2887 2973 3165 3045 dignatus
3194 2980 3519 3048 est,meque

1876 3064 2123 3135 benigne
2156 3059 2396 3128 audivit,
2432 3061 2530 3116 sed
2563 3061 2834 3116 exaudire
2885 3078 3000 3116 non
3053 3067 3142 3118 est
3170 3064 3516 3134 permissus.

1874 3153 2016 3207 Nam
2051 3167 2185 3205 cum
2221 3148 2386 3204 illum
2433 3149 2598 3204 valde
2647 3149 2990 3222 suppliciter
3037 3151 3320 3224 anxieque
3350 3169 3518 3225 roga-

1878 3257 2020 3305 rem,
2057 3243 2122 3294 ut
2153 3237 2296 3293 mihi
2331 3239 2574 3293 Romam
2607 3238 2783 3293 eundi
2828 3238 3179 3307 libertatem,
3213 3241 3364 3295 sicut
3394 3241 3519 3314 ipse

147 3343 311 3396 peram
341 3329 589 3384 invenit.
622 3330 784 3384 Tunc
827 3329 950 3401 ipse
981 3328 1164 3384 abbas
1198 3329 1254 3384 in
1305 3329 1452 3384 atrio
1509 3329 1765 3387 ecclesia:
1794 3311 1835 3377 Ο
1873 3333 2261 3393 concesserat,
2294 3343 2409 3382 non
2441 3327 2690 3393 tolleret,
2725 3331 3106 3400 sanctamque
3137 3328 3518 3400 apostolicam

147 3417 415 3484 assistens,
453 3416 694 3490 publica
721 3434 858 3472 voce
889 3433 956 3472 ex
995 3417 1167 3472 verbo
1200 3418 1439 3490 regis,et
1469 3419 1764 3475 Hincmari

147 3503 546 3578 archiepiscopi
603 3505 964 3571 auctoritate,
1034 3505 1339 3576 prohibere
1398 3507 1639 3576 curavit,
1703 3512 1768 3563 ut

149 3591 316 3650 nullus
346 3594 593 3651 omnino
615 3595 688 3650 ab
720 3595 850 3665 ipsa
872 3593 1103 3650 civitate
1129 3611 1356 3650 mecum
1376 3597 1764 3668 egrederetur,

147 3697 198 3734 ac
222 3682 295 3738 ire
321 3685 616 3740 volentem
650 3683 893 3738 Romam
927 3700 1018 3739 me
1052 3685 1767 3756 prosequeretur.Nequa-

148 3785 298 3838 quam
327 3774 404 3828 ita
435 3773 677 3839 faciam,
713 3789 817 3844 ego
841 3772 1160 3828 subintuli:
1196 3774 1296 3828 sed
1328 3774 1480 3828 sicut
1511 3774 1766 3846 primum

149 3856 444 3918 Romanum
477 3861 766 3934 appellavi
817 3862 1173 3933 pontiﬁcem,
1238 3863 1344 3917 iter
1394 3863 1767 3935 dispositum,

149 3945 242 4002 Deo
269 3951 605 4017 auxiliante,
631 3952 873 4006 minime
899 3950 1334 4006 ditferam.Hinc
1357 3969 1460 4022 ego
1495 3954 1767 4021 mirabar,

148 4040 192 4088 et
216 4041 544 4111 stupebam,
580 4040 719 4112 quid
752 4039 863 4095 sibi
903 4039 1072 4095 vellet
1105 4039 1238 4094 talis
1296 4040 1645 4108 immutatio,
1671 4047 1774 4097 aut

149 4139 234 4178 cur
259 4145 344 4184 me
375 4148 408 4185 a
439 4146 577 4185 meo
614 4129 819 4184 itinere
842 4129 1344 4184 retardarent.Sed
1371 4129 1530 4200 prius
1552 4129 1776 4201 aliquot

148 4213 250 4272 dies
270 4217 422 4274 fama
441 4217 728 4291 vulgabat
749 4219 905 4290 quod
932 4217 1278 4274 llincmarus
1301 4218 1775 4290 archiepiscopus

149 4301 312 4361 dicere
339 4307 598 4375 volebat,
632 4306 803 4379 quasi
836 4323 942 4380 ego
975 4323 1078 4379 per
1109 4306 1308 4378 aliqua
1355 4307 1612 4378 capitula
1634 4307 1775 4362 scri-

150 4389 270 4448 bens
300 4395 566 4452 renovari
601 4395 745 4452 mihi
770 4396 1063 4467 judicium
1097 4395 1600 4468 petiveram.Quod
1625 4401 1778 4451 certe

152 4478 516 4540 falsissimum
548 4489 656 4551 est,
691 4502 822 4541 eum
858 4501 962 4540 nec
995 4485 1094 4540 illa
1125 4483 1383 4557 capitula
1413 4485 1485 4540 ad
1519 4501 1648 4540 eum
1685 4485 1777 4540 di-
1821 4509 1832 4517 ε

151 4571 269 4635 rexi,
303 4589 495 4648 neque
527 4574 599 4629 de
631 4573 827 4646 aliquo
875 4573 974 4630 tali
1019 4574 1244 4645 judicio
1307 4574 1386 4629 ibi
1419 4574 1777 4630 mentionem

1875 3418 2072 3472 sedem
2104 3416 2163 3471 in
2188 3415 2312 3471 suis
2344 3414 2660 3486 privilegiis
2709 3415 3042 3484 honoraret,
3069 3419 3367 3489 respondit
3410 3418 3519 3474 hoc

1876 3507 1947 3562 ad
1976 3522 2171 3562 meum
2200 3503 2528 3576 specialiier
2558 3505 3094 3576 metr0politanum,
3132 3511 3518 3579 sanctumque

1876 3595 2164 3668 pertinere
2184 3597 2531 3648 conventum
2559 3610 2640 3658 ;se
2653 3597 2880 3647 tantum
2902 3594 3084 3649 sacris
3113 3595 3519 3667 episcoporum

1877 3683 2119 3739 monitis
2169 3699 2235 3738 ac
2273 3681 2758 3752 dispositionibus
2809 3681 3110 3738 humiliter
3148 3684 3522 3740 obediturum

1878 3773 2296 3846 proﬁtebatur:
2331 3774 2388 3825 et
2416 3769 2568 3825 illico
2602 3772 2877 3826 recedens
2926 3770 2986 3826 in
3035 3773 3321 3844 synodum
3355 3773 3521 3840 abiit,

1881 3862 2078 3933 ibique
2110 3861 2343 3916 resedit.
2381 3860 2606 3914 Rursus
2629 3865 2746 3915 tres
2768 3864 3192 3932 consequenter
3217 3861 3523 3932 episcopos

1880 3951 1949 4005 ad
1985 3966 2076 4004 me
2098 3949 2402 4015 miserunt,
2439 3947 2538 4019 qui
2573 3947 2827 4003 multum
2879 3948 3102 4004 fortiter
3131 3950 3200 4004 ad
3234 3951 3523 4021 synodum

1881 4042 1946 4093 ut
1975 4037 2273 4092 introirent
2299 4036 2702 4104 hortabantur,
2730 4052 2938 4107 meque
2960 4037 3524 4108 impellebant,nunc

1881 4126 2254 4193 blandiendo,
2281 4141 2436 4179 nunc
2468 4124 2867 4188 minando,me
2889 4125 3224 4180 subvertere
3245 4125 3523 4180 volentes.

1883 4215 1992 4271 Sed
2028 4231 2133 4286 ego
2146 4218 2264 4269 toto
2295 4212 2686 4282 annisujuxta
2702 4217 2968 4266 votorum
2986 4229 3248 4267 meorum
3273 4211 3525 4284 primam

1882 4303 2267 4359 intentionem
2299 4317 2665 4374 perseverare
2713 4301 3005 4356 contendi.
3042 4305 3218 4356 Porro
3265 4317 3399 4356 cum
3433 4317 3527 4356 me

1885 4391 2281 4466 perspicerent
2304 4389 2428 4446 suis
2451 4388 2603 4445 nolle
2619 4389 2832 4445 studiis
2853 4389 3220 4461 acquiescere
3244 4389 3531 4446 obseratis

1888 4481 2054 4539 ostiis
2084 4482 2144 4536 in
2176 4481 2378 4537 eadem
2408 4497 2540 4535 sum
2575 4478 2722 4535 cella
2777 4478 3043 4535 inclusus
3069 4496 3082 4546 ;
3117 4495 3302 4550 neque
3332 4477 3529 4552 egredi

1888 4570 2127 4628 omnino
2177 4573 2457 4643 poteram,
2501 4569 2682 4625 donec
2731 4569 2801 4624 de
2859 4585 2950 4623 me
2996 4571 3316 4640 peccatore,
3377 4567 3531 4623 sicut

152 4658 245 4728 egi,
275 4678 375 4718 nec
395 4662 1356 4735 electorumjudicum,secundum
1393 4680 1590 4719 sacros
1607 4680 1776 4720 cano-
1811 4683 1856 4746 D
1889 4661 2246 4732 quibusdam
2271 4663 2410 4714 tunc
2441 4658 2679 4731 placuit,
2714 4656 3052 4713 diffinircnt.
3073 4745 3078 4746 γ
3101 4656 3265 4712 Meus
3315 4656 3531 4712 etenim

154 4761 258 4814 nes,
289 4757 390 4807 aut
422 4752 688 4819 nomina,
724 4756 821 4807 aut
853 4757 1005 4809 certe
1035 4769 1346 4808 numerum
1380 4753 1778 4825 expressi.Te-

153 4839 257 4891 stor
283 4840 437 4897 Deus
471 4845 796 4898 creatorem
829 4841 1118 4909 omnium,
1149 4842 1290 4914 quia
1340 4859 1444 4898 nec
1470 4843 1526 4897 in
1559 4843 1782 4915 cogita-

153 4922 289 4982 tione
317 4929 465 4985 mihi
499 4929 819 5002 subripuit,
852 4935 919 4986 ut
949 4930 1396 5003 appellationem
1430 4931 1609 5002 hujus
1638 4931 1781 4987 emi-

153 5015 492 5074 Beatissimae
516 5019 675 5074 sedis
707 5021 777 5074 ad
809 5019 983 5075 aliam
1016 5019 1210 5091 aliquo
1271 5021 1442 5076 modo
1501 5020 1781 5076 rationem

155 5098 504 5162 diverterem.
540 5107 690 5163 Proh
732 5107 930 5164 dolor!
995 5107 1190 5164 ablata
1242 5114 1330 5164 est
1378 5109 1669 5182 migrandi
1701 5110 1784 5165 fa-

155 5189 344 5265 cultas,
373 5199 431 5250 et
463 5196 898 5268 circumseptus
929 5198 1196 5254 custodia
1216 5197 1277 5253 in
1309 5199 1510 5254 eadem
1547 5216 1680 5254 sum
1713 5198 1788 5254 ci-

154 5277 310 5336 vitate
342 5288 624 5341 retentus.
668 5285 1034 5341 Acceleratur
1080 5286 1274 5359 itaque
1314 5288 1384 5343 de
1415 5289 1787 5344 convocanda

155 5371 358 5436 synodo
384 5389 524 5445 :qua
554 5375 613 5429 in
645 5373 926 5430 suburbio
957 5380 1168 5430 nostrae
1197 5375 1446 5432 civitatis
1478 5393 1788 5449 congrega-

156 5457 224 5518 ta,
255 5475 350 5514 rex
383 5461 637 5535 inclytus
667 5480 702 5518 a
730 5462 975 5518 concilio
1023 5468 1113 5519 est
1143 5463 1445 5519 invitatus.
1480 5465 1640 5520 Tunc
1674 5469 1790 5522 tres

162 5542 495 5604 Hincmarus
525 5551 1000 5624 archiepiscopus
1040 5553 1344 5625 episcopos
1377 5555 1447 5609 ad
1482 5571 1574 5610 me
1606 5554 1788 5620 misit,

159 5636 436 5694 mandans
469 5640 538 5694 ad
571 5642 860 5714 synodum
883 5641 1070 5714 ipsam
1090 5647 1155 5697 ut
1179 5642 1302 5699 sine
1328 5659 1492 5698 mora
1510 5642 1788 5698 venirem.

159 5720 366 5792 Quibus
398 5743 506 5802 ego
555 5731 826 5806 respondi
878 5732 1030 5806 quod
1077 5748 1191 5791 non
1252 5731 1396 5791 mihi
1446 5732 1528 5790 ita
1574 5731 1790 5808 liceret,

1891 4749 2366 4822 archiepiscopus
2395 4746 2709 4803 voluntatis
2721 4764 2839 4802 suae
2852 4745 3534 4818 propositum,quantum

1891 4843 2134 4913 poterat,
2167 4838 2409 4911 implere
2439 4836 2696 4892 curavit:
2723 4836 3026 4908 factusque
3047 4839 3136 4891 est
3164 4835 3346 4908 gratis
3368 4852 3536 4891 meus

1891 4929 2018 5001 ipse
2048 4931 2372 4993 accusator,
2406 4925 2530 4998 ipse
2562 4924 2747 4992 testis,
2781 4924 3022 4997 ipseque
3044 4925 3263 4996 judex:
3297 4929 3353 4980 et
3385 4924 3539 4981 sicut

1895 5034 1988 5073 me
2020 5017 2319 5073 absentem
2351 5018 2525 5087 prout
2553 5013 2734 5070 voluit
2778 5014 3071 5087 culpabat,
3104 5014 3186 5070 sic
3219 5019 3277 5070 et
3321 5020 3539 5071 temere

1887 5107 2153 5179 judicare
2204 5122 2310 5160 nec
2365 5103 2584 5170 timuit,
2644 5121 2750 5159 nec
2809 5104 3158 5160 retractavit.
3219 5105 3330 5160 Sed
3393 5104 3544 5160 inter

1897 5195 2012 5253 alia
2041 5213 2167 5266 qua
2220 5193 2363 5248 mihi
2422 5193 2782 5247 mendaciter
2827 5193 3156 5264 objiciebat,
3198 5193 3307 5248 hoc
3355 5207 3540 5247 unum

1899 5283 2227 5357 specialiter
2254 5281 2521 5355 ingessit,
2556 5281 2710 5354 quod
2743 5283 3342 5356 presbyterum,cujus
3364 5296 3542 5350 supra

1900 5373 2008 5430 feci
2042 5372 2419 5438 mentionem,
2453 5371 2669 5442 injuste
2701 5371 3124 5444 deposuissem.
3149 5370 3307 5435 Quod
3341 5366 3541 5439 procul

1901 5462 2078 5519 dubio
2112 5461 2325 5517 falsum
2358 5464 2466 5532 est,
2499 5464 2564 5514 ut
2594 5459 2765 5515 multi
2797 5460 2989 5516 idonei
3021 5463 3198 5515 testes
3243 5461 3298 5511 et
3313 5455 3543 5527 episco-

1902 5569 2133 5626 porum,
2167 5555 2225 5607 et
2254 5555 2592 5606 czeterorum
2625 5549 2988 5616 clericorum,
3023 5549 3140 5603 sive
3169 5546 3547 5612 laicorum,et

1903 5645 2190 5698 noverunt
2219 5644 2275 5697 et
2306 5644 2575 5697 noscunt.
2608 5641 2788 5706 Quem
2819 5643 3011 5693 tamen
3056 5637 3178 5708 ipse
3199 5636 3325 5707 jam
3356 5636 3546 5693 tribus

1903 5732 2074 5794 anuis
2090 5730 2654 5808 transactis,absque
2669 5744 2798 5788 meo
2815 5741 3232 5800 consensu,seu
3253 5725 3549 5810 consultu,
