3992 6150
459 423 571 481 ’751

1048 423 1395 483 ROTHADI
1440 423 1491 482 ΙΙ
1536 422 1803 484 SUESS.
1852 422 2098 483 EPISC.
2145 420 2521 482 LIBELLUS
2566 421 3268 483 PROCLAMATIONIS.

3696 428 3791 489 752

462 555 523 611 in
551 572 719 611 suam
748 557 1041 627 receperat
1056 554 1550 621 communionem,
1570 554 1739 627 eique
1763 553 2105 611 sacerdotali
2138 555 2187 621 Α
2218 570 2323 627 ego
2357 553 2416 609 in
2448 557 2603 610 terra
2632 554 2972 627 provolutus
3010 554 3268 623 orabam,
3302 558 3358 610 et
3385 556 3691 627 adjurabam
3718 578 3799 631 per

465 644 677 712 ofﬁcio,
699 662 814 717 quo
846 661 978 699 cum
1008 643 1249 717 triginta
1270 644 1445 700 trium
1465 645 1869 717 episcoporum
1886 644 2111 716 judicio

467 732 735 806 legaliter
780 733 1041 805 privatus
1098 738 1239 801 erat,
1293 739 1497 789 contra
1554 751 1844 789 canonum
1895 737 2114 789 statuta

470 823 635 895 fungi
668 822 976 894 praecepit:
1014 821 1177 878 illum
1208 839 1343 878 vero
1388 823 1813 896 presbyterum,
1846 839 2017 893 qnem
2053 824 2111 877 in

474 909 667 967 locum
700 912 960 966 damnati
987 929 1090 985 per
1112 917 1228 968 tres
1257 913 1434 968 etiam
1472 913 1701 968 circiter
1754 930 1938 968 annos
1971 913 2114 967 sub-

475 1001 746 1056 stitutum
772 1000 1082 1067 habebam,
1114 1019 1218 1074 per
1255 1002 1611 1068 violentiam,
1646 1019 1737 1056 me
1790 1002 2113 1075 ignorante,

476 1089 586 1146 sibi
612 1089 746 1145 fecit
765 1090 996 1145 adduci.
1020 1090 1167 1146 Nam
1191 1108 1325 1146 cum
1348 1090 1407 1145 in
1426 1091 1854 1147 dominicorum
1877 1091 1968 1145 die
1994 1091 2117 1163 ipse

474 1178 776 1251 presbyter
805 1185 1045 1251 paratus
1064 1180 1291 1236 essetin
1309 1179 1554 1235 ecclesia
1566 1180 1881 1236 missarum
1904 1179 2117 1235 solem-

476 1268 574 1323 nia
602 1268 816 1341 populo
840 1268 1149 1334 celebrare,
1157 1270 1329 1339 jussu
1346 1269 1766 1341 archiepiscopi
1789 1270 2118 1341 repenteibi

476 1356 744 1413 homines
764 1358 834 1412 ad
845 1358 1097 1423 fuerunt,
1113 1358 1210 1429 qui
1227 1359 1629 1430 presbyterum
1644 1363 1803 1413 extra
1815 1358 2119 1414 basilicam

480 1445 609 1502 dolo
649 1447 962 1503 educentes
1011 1447 1206 1503 subito
1266 1451 1606 1519 rapuerunt,
1667 1452 1723 1503 et
1771 1446 2121 1520 infatigabili

480 1552 655 1592 cursu
685 1534 858 1591 citius
872 1536 943 1591 ad
958 1536 1085 1607 ejus
1107 1536 1479 1609 praesentiam
1504 1540 2120 1609 pertraxerunt.Quem

479 1624 606 1696 ipse
637 1642 769 1679 mox
822 1625 1389 1679 excommunicatum
1439 1626 1498 1679 in
1553 1643 1841 1680 carcerem
1900 1626 2121 1681 retrudi

473 1713 676 1784 jussit,
712 1712 996 1785 illumque
1028 1713 1358 1785 (Inpositum
1403 1714 1757 1785 genitalibus
1789 1720 2120 1769 truncatum

481 1800 541 1856 in
576 1818 714 1857 mea
749 1803 1009 1874 parceciae
1039 1802 1283 1858 ecclesia
1302 1803 1731 1860 restituit.llinc
1753 1821 1987 1875 quoque
2019 1805 2124 1858 m1-

482 1889 543 1944 hi
576 1892 957 1946 contumacia:
991 1896 1047 1946 et
1076 1892 1485 1948 obstinationis
1516 1893 1845 1964 imputabat
1877 1897 2121 1959 reatum,

485 1980 761 2051 quoniam
794 1980 903 2035 sibi
936 1981 994 2034 in
1025 1980 1239 2036 talibus
1270 1980 1611 2037 inobediens
1651 1983 1953 2037 cxistcrem
1982 1999 1993 2035 :
2022 1982 2127 2037 hoc

484 2085 517 2125 a
548 2085 639 2125 me
662 2070 887 2143 exigere
916 2071 1134 2137 volens,
1170 2076 1233 2125 ut
1264 2088 1376 2126 non
1412 2070 1579 2143 quasi
1611 2073 1900 2127 cont'rater
1920 2076 1975 2127 et
2001 2088 2129 2127 roe-

484 2158 780 2232 piscopus,
815 2161 915 2215 sed
951 2165 1013 2215 ut
1042 2161 1314 2233 proprius
1344 2160 1609 2226 clericus,
1644 2161 1714 2216 ad
1747 2179 1853 2216 sua
1881 2166 2013 2216 vota
2046 2162 2129 2215 fa-

488 2247 764 2303 mularer.
801 2248 1081 2305 Similiter
1110 2250 1268 2320 quod
1308 2254 1545 2321 propter
1574 2250 1897 2305 indebitam
1929 2249 2127 2322 appel-

489 2337 764 2394 lationem
797 2339 866 2392 ad
900 2337 1276 2410 apostolicam
1310 2340 1506 2394 sedem
1557 2339 1682 2393 suis
1730 2339 2131 2410 obtemperare

491 2426 764 2498 precibus
803 2431 1273 2494 contemnerem;
1304 2427 1442 2494 imo,
1494 2428 1648 2499 quod
1706 2446 1812 2500 ego
1863 2446 1975 2483 non
2008 2429 2130 2500 opi-

493 2514 696 2583 nabar,
731 2515 1027 2571 canonicis
1074 2514 1545 2571 institutionibus
1598 2516 1967 2573 contrairem.
2004 2518 2131 2573 Ηωο

488 2607 684 2659 autem
711 2607 769 2659 et
815 2602 931 2659 alia
975 2602 1117 2659 mihi
1170 2603 1294 2675 pari
1344 2605 1515 2660 modo
1575 2604 1723 2661 falsa
1780 2605 2127 2672 ascribebat,

485 2710 633 2764 quae,
667 2692 863 2748 divina
892 2693 1116 2749 favente
1140 2694 1350 2766 gratia,
1382 2697 1439 2749 et
1496 2693 1898 2749 misericordia
1945 2695 2133 2767 opitu-

483 2779 660 2850 lante,
695 2781 870 2853 quaai
897 2782 1092 2837 favilla
1123 2784 1194 2837 ad
1219 2782 1466 2838 nihilum
1497 2783 1853 2855 redigentur,
1874 2788 1931 2838 et
1962 2784 2131 2855 quasi

485 2870 544 2925 fu
554 2887 687 2927 mus
699 2875 1130 2939 evanescent,te
1157 2871 1393 2943 quidem
1406 2872 1659 2939 ,domine
1675 2871 2133 2928 clementissime

485 2962 542 3014 et
573 2959 902 3032 coangelice
934 2977 1104 3032 papa,
1138 2977 1272 3015 cum
1307 2960 1705 3031 apostolorum
1753 2961 1978 3017 meritis
2001 2978 2131 3017 coo-

485 3053 725 3121 perante
756 3067 821 3104 ac
853 3049 1230 3122 suffragante.
1264 3050 1388 3105 Non
1420 3050 1576 3105 enim
1610 3050 1901 3121 meipsum
1933 3068 1967 3106 a
1990 3050 2135 3105 mul-

486 3137 561 3193 tis
592 3138 739 3194 meis
761 3154 971 3194 excuso
1003 3136 1274 3209 peccatis,
1309 3141 1410 3193 aut
1430 3138 1499 3193 de
1530 3138 1698 3194 bonis
1720 3138 1982 3208 justifico
1998 3156 2130 3193 cum

488 3226 669 3283 sciam
702 3228 857 3298 quod
890 3227 1198 3281 innumera
1230 3228 1300 3281 de
1331 3227 1551 3282 medici
1576 3227 1802 3298 possint
1824 3244 1934 3282 non
1958 3227 2128 3282 bona.

485 3317 902 3373 Verumtamen
952 3315 1071 3381 illa,
1100 3333 1226 3387 quae
1275 3314 1564 3371 malitiose
1614 3316 1685 3370 ad
1745 3333 1935 3371 meam
1966 3317 2129 3371 video

487 3406 923 3463 damnationem
956 3422 1082 3460 esse
1113 3407 1359 3476 reperta,
1392 3405 1507 3459 Deo
1539 3409 1682 3460 teste
1703 3410 1757 3460 et
1779 3406 1998 3476 judice,
2029 3407 2131 3477 qui

479 3496 858 3567 judicaturus
905 3498 995 3551 est
1041 3495 1201 3549 vivos
1230 3498 1287 3550 et
1342 3497 1624 3559 mortuos,
1659 3512 1775 3549 non
1831 3511 1965 3550 vera
2003 3512 2129 3551 esse

486 3584 822 3656 pronuntio.
857 3583 1116 3655 Denique
1146 3583 1455 3654 saapefatus
1473 3582 1946 3655 archiepiscopus
1963 3600 2129 3639 meus

486 3673 547 3729 in
577 3674 779 3728 eodem
811 3671 1056 3727 concilio
1087 3675 1367 3743 tanquam
1401 3671 1714 3742 imperator
1734 3672 2127 3744 triumphans,

485 3765 543 3816 et
574 3764 857 3831 tanquam
891 3776 1163 3815 summus
1207 3758 1462 3815 ecclesiae
1502 3760 1757 3831 pontifex
1785 3761 2126 3829 decernens,

486 3849 802 3920 subjugata
819 3864 924 3903 suo
944 3847 1264 3918 potentatui
1279 3852 1353 3915 ,et
1371 3865 1651 3920 oppressa
1673 3849 1919 3904 fratrum
1942 3849 2131 3904 hu’mi-

487 3936 650 3993 litate
673 3937 798 4008 jam
831 3935 975 3991 mihi
1007 3936 1468 4009 intrepide,et,ut
1500 3930 2131 4009 reorimpie,judicium

489 4025 876 4098 depositionis
891 4026 1089 4081 emisit
1112 4042 1125 4080 ε
1142 4025 1299 4098 parvi
1308 4026 1567 4098 pendens
1581 4027 1738 4098 quod
1764 4026 1864 4081 ulli
1885 4026 2153 4083 ulterius-

489 4115 623 4170 inde
653 4118 808 4171 esset
832 4115 1118 4170 rationem
1150 4113 1510 4181 redditurus,
1547 4120 1604 4169 et
1648 4115 1812 4186 quasi
1846 4115 1954 4170 hoc
1985 4115 2129 4171 nulli

487 4204 744 4272 deberet,
776 4203 834 4259 in
867 4204 1060 4276 seipse
1092 4204 1391 4260 conﬁdens
1416 4208 1491 4260 :et
1518 4203 1662 4258 illud
1686 4203 1830 4259 satis
1852 4204 2126 4272 innotuit,

488 4294 723 4366 quando
756 4309 868 4362 me,
902 4293 1042 4365 quia
1072 4293 1267 4365 ipsum
1300 4293 1492 4349 solum
1524 4293 2131 4363 otfenderam,nullius

486 4399 658 4455 posse
689 4381 928 4438 alterius
960 4381 1250 4438 sublevari
1297 4381 1511 4437 auxilio
1554 4382 1925 4438 demonstare
1956 4399 2130 4439 cona-

484 4472 677 4538 batur,
712 4470 1604 4543 totumquemihinoceret,quod
1636 4469 1795 4525 aliud
1821 4471 2129 4542 sperabam

483 4560 750 4633 petebam
782 4561 1140 4633 praesidium.
1195 4561 1268 4615 Et
1307 4576 1436 4615 ecce
1485 4563 1604 4614 tres
1659 4558 1937 4631 episcopi,
1982 4577 2130 4632 quos

2222 660 2434 699 nomen
2468 643 2665 699 aeterni
2698 642 2819 710 Dei,
2852 647 2919 699 ut
2949 644 3019 699 ab
3048 643 3162 699 isto
3185 643 3400 715 judicio
3431 648 3800 713 cessarent,mi-

2221 732 2421 804 hique,
2455 736 2517 787 ut
2549 734 2783 790 assidue
2815 733 3107 804 petebam,
3160 733 3400 789 Romam
3453 734 3801 805 proﬁciscendi

2223 820 2516 878 licentiam
2551 840 2664 879 non
2694 822 3035 878 adimerent.
3071 823 3233 877 Tunc
3254 839 3283 878 e
3313 822 3802 895 vestigio,tanquam

2224 910 2283 965 in
2315 911 2619 979 latronem,
2646 928 2804 968 more
2836 911 3154 967 satellitum
3178 911 3505 967 hominesin
3527 930 3611 967 me
3635 930 3806 970 manus

2226 1001 2572 1071 injecerunt,
2607 1017 2817 1072 meque
2848 1000 3133 1072 rapaciter
3161 1001 3234 1056 ad
3274 1000 3605 1057 carceralem
3634 1002 3806 1059 duxere

2225 1090 2573 1145 custodiam.
2608 1089 2850 1156 Quantis
2881 1095 3084 1162 postea
3114 1090 3225 1146 sim
3258 1091 3496 1146 affectus
3523 1090 3807 1163 injuriis,ac

2228 1195 2330 1250 per
2359 1179 2587 1234 diversa
2616 1178 2744 1235 loca
2793 1179 3130 1246 distractus,
3164 1185 3383 1251 quanto
3432 1180 3627 1235 fuerim
3652 1180 3809 1235 labore

2227 1267 2526 1340 fatigatus,
2578 1268 2750 1323 taedet
2801 1286 2913 1337 me,
2974 1269 3271 1341 pudetque
3330 1269 3555 1325 referre.
3606 1270 3680 1324 Ad
3729 1269 3812 1326 hoc

2229 1373 2482 1429 namque
2530 1362 2823 1413 coarctare
2880 1358 3246 1430 satagebant,
3294 1357 3580 1413 interdum
3632 1358 3812 1430 aliquos

2229 1446 2499 1513 honores,
2534 1447 2591 1501 id
2640 1450 2746 1513 est,
2800 1462 2979 1501 unam
3037 1446 3335 1501 abbatiam
3408 1446 3815 1519 repromittentes

2231 1538 2405 1607 atque
2422 1535 2794 1607 spondentes,
2822 1538 3050 1591 tantum
3072 1535 3209 1591 utin
3226 1552 3417 1591 meam
3441 1535 3815 1590 damnationem

2232 1640 2337 1695 ego
2369 1621 2819 1677 subscriberem.
2850 1622 3075 1678 Interea
3126 1622 3433 1678 ordinatur
3481 1621 3814 1694 episcopusin

2233 1712 2507 1767 cathedra
2533 1712 2794 1779 viventis,
2830 1711 3100 1783 quamvis
3134 1728 3205 1767 ne
3236 1728 3497 1782 unquam
3526 1716 3646 1782 post
3672 1710 3817 1782 appel-

2235 1799 2507 1871 lationem
2534 1800 2777 1856 Romani
2810 1800 3101 1871 pontificis
3133 1800 3243 1856 hoc
3296 1802 3415 1866 fiat,
3450 1799 3591 1855 sacri
3619 1816 3815 1854 canones

2158 1928 2204 1992 B
2235 1888 2529 1944 evidenter
2558 1894 2749 1945 vetare
2801 1892 3136 1945 noscantur.
3187 1888 3390 1961 Neque
3446 1889 3616 1953 enim,
3668 1894 3817 1943 sancte

2237 1981 2417 2050 pater,
2450 1982 2552 2033 tua
2583 1979 2858 2033 mandata
2884 1995 2984 2050 per
3003 1978 3356 2062 apostplicas
3386 1977 3648 2050 epistolas
3670 1976 3817 2032 debita

2238 2066 2573 2131 reverentia,
2608 2084 2885 2134 moreque
2915 2067 3185 2135 solemni,
3218 2067 3339 2123 sive
3371 2066 3569 2121 auditu
3596 2081 3815 2139 congruo,

2238 2157 2473 2211 fuerunt
2501 2157 2825 2212 observata.
2851 2156 3113 2228 Denique
3163 2156 3463 2229 requirere
3490 2157 3732 2228 dignetur
3754 2171 3816 2208 ve-

2239 2250 2361 2301 stra
2388 2250 2591 2301 sancta
2621 2245 2933 2317 pastoralis
2974 2245 3308 2301 sollicitudo
3360 2249 3532 2318 atque
3560 2243 3819 2318 diligentia,

2240 2334 2410 2405 quale
2443 2334 2586 2390 mihi
2622 2334 2910 2390 immerito
2935 2334 3346 2390 testimonium
3369 2340 3564 2391 nostra
3592 2330 3824 2406 perhibuit

2240 2423 2516 2492 Ecclesia,
2548 2425 2782 2496 quando
2813 2424 3024 2479 vestris
3052 2423 3495 2480 venerabilibus
3520 2422 3722 2496 legatis,
3749 2422 3823 2475 Ra-

2242 2512 2450 2568 doaldo
2470 2515 2644 2585 atque
2664 2513 2693 2569 J
2700 2513 2873 2569 oanni
2885 2513 3072 2569 .obvia
3082 2512 3191 2568 fuit
3203 2514 3385 2569 turba
3396 2512 3633 2569 civitatis
3645 2516 3824 2573 nostra,

2241 2619 2305 2658 ac
2338 2601 2805 2674 circumjacentis
2836 2602 3126 2676 regionis;
3160 2607 3218 2657 et
3240 2603 3389 2675 quid
3418 2603 3487 2659 ab
3514 2602 3592 2659 eis
3622 2604 3826 2673 expetere

2242 2692 2472 2763 magnis
2503 2691 2880 2760 clamoribus,
2900 2690 3219 2763 multisque
3233 2693 3513 2764 precibus
3544 2691 3679 2746 circa
3696 2703 3827 2745 suum

2239 2783 2535 2851 pastorem
2568 2781 2950 2853 satagebant;
2979 2780 3112 2835 licet
3142 2781 3215 2835 ab
3238 2781 3573 2836 Erchanrao
3593 2778 3826 2852 episcopo,

2241 2886 2369 2925 meo
2401 2869 2864 2937 condicecesano,
2888 2869 3120 2942 magnis
3151 2868 3339 2925 minis
3370 2874 3541 2941 atque
3569 2865 3827 2940 percussio-

2242 2958 2415 3013 nibus
2447 2959 2763 3014 admodum
2795 2957 3261 3030 prohiberentur,
3292 2958 3449 3032 regis
3478 2964 3645 3029 atque
3662 2953 3829 3011 archic~

2241 3046 2460 3119 piscopi
2495 3047 2606 3103 mei
2657 3047 3064 3103 interdictione
3115 3047 3491 3113 denuntiata,
3523 3064 3590 3102 ne
3639 3042 3824 3100 omnino

2240 3135 2461 3207 aliquid
2495 3136 2835 3206 hujusmodi
2869 3135 3121 3191 clamare
3164 3140 3602 3208 praesumerent.
3633 3135 3689 3189 Et
3710 3144 3823 3186 nunc

2241 3241 2345 3297 ego
2377 3224 3060 3298 omniumepiscoporum
3076 3226 3390 3294 minimus,
3408 3224 3505 3298 qui
3520 3229 3691 3280 tamen
3711 3217 3823 3292 apud

2162 3300 2203 3365 C
2243 3316 2531 3386 quosdam
2567 3332 2680 3370 non
2711 3316 3041 3387 episcopus,
3076 3316 3177 3371 sed
3201 3315 3381 3385 juxta
3410 3312 3743 3387 paternitatis
3758 3324 3824 3361 ve-

2241 3407 2372 3459 stra:
2396 3404 2815 3459 beatitudinem
2837 3405 3147 3476 episcopus
3164 3421 3366 3471 vocor,
3386 3404 3446 3460 in
3465 3401 3689 3460 Domino
3707 3396 3828 3455 valde

2240 3493 2561 3559 confidens,
2597 3494 2669 3548 ad
2701 3493 3149 3565 praecellentiam
3170 3494 3355 3549 vestri
3378 3486 3825 3567 prassulatus,piis-

2240 3581 2388 3638 sime
2418 3582 2671 3650 domine,
2707 3583 3017 3655 confugere
3049 3582 3215 3655 elegi,
3254 3586 3316 3638 et
3338 3584 3411 3639 de
3442 3574 3827 3655 magniﬁcentis-

2240 3670 2391 3726 sima
2420 3671 2677 3727 bonitate
2707 3675 2901 3727 vestra
2931 3670 3217 3727 auxillum
3255 3689 3524 3744 sperans,
3557 3670 3621 3725 ad
3651 3669 3826 3724 sancto-

2240 3776 2367 3813 rum
2404 3758 2803 3830 apostolorum
2835 3758 3236 3814 sacratissima
3264 3758 3656 3829 limina,opem
3677 3750 3829 3808 satira-

2238 3847 2492 3919 gaminis
2523 3847 2966 3919 impetraturus,
3001 3847 3277 3903 decenter
3326 3846 3565 3903 accessi.
3596 3845 3721 3899 Ecce
3736 3841 3826 3911 jam

2240 3952 2343 4007 per
2372 3936 2683 3991 dimidium
2717 3953 2938 3992 annum
2971 3940 3106 3991 ante
3129 3936 3385 4008 januam
3418 3933 3723 4007 apostolica!
3741 3926 3827 4000 pie-

2236 4026 2375 4081 tatis
2408 4024 2654 4097 pulsans
2684 4025 2919 4094 assisto,
2966 4025 3251 4081 rationem
3310 4026 3384 4081 de
3442 4024 3716 4083 omnibus,
3736 4031 3827 4088 qua“

2240 4114 2384 4170 mihi
2414 4114 2558 4171 falso
2589 4119 2645 4169 et
2672 4114 2889 4186 injuste
2921 4117 3060 4170 sunt
3089 4114 3343 4184 objecta,
3370 4112 3826 4182 reddereparatus:

2239 4203 2557 4275 nullusque
2589 4209 2677 4259 est
2698 4204 2797 4275 qui
2830 4203 2886 4258 in
2911 4203 3183 4275 praesenti
3207 4202 3477 4276 aliquam
3499 4203 3749 4257 adversus
3765 4206 3829 4247 me

2238 4308 2435 4348 vocem
2470 4293 2725 4364 proferat
2766 4291 3174 4348 accusationis.
3209 4292 3282 4347 Et
3330 4292 3603 4365 quoniam
3629 4290 3740 4343 ante
3762 4295 3830 4333 ve-

2240 4385 2422 4437 stram
2471 4380 2890 4454 dignationem,
2935 4398 3124 4452 neque
3174 4397 3268 4436 me
3330 4380 3546 4437 falsum
3597 4373 3830 4433 exhibere,

2240 4486 2430 4542 neque
2478 4470 2694 4542 negotii
2754 4471 2867 4525 mei
2917 4486 3127 4526 causas
3181 4487 3495 4542 exponere,
3550 4466 3629 4523 vel
3680 4471 3833 4535 prec“:5

2241 4576 2423 4625 meas,
2457 4563 2523 4615 ut
2552 4560 2847 4630 decuerat,
2880 4558 2999 4614 scio
3031 4575 3303 4631 perorare
3329 4576 3341 4613 :
3377 4561 3558 4615 restat
3586 4560 3647 4612 ut
3667 4549 3761 4624 ipsi
3784 4546 3833 4600 de

483 4648 836 4704 Hincmarus
863 4648 1202 4720 hujusmodi
1253 4647 1648 4720 simplicitatis
1701 4664 1829 4704 esse
1873 4654 2127 4718 noverat,
2160 4670 2207 4734 D
2242 4666 2354 4718 me,
2386 4649 2711 4704 secundum
2741 4648 3087 4721 sapientiam
3118 4647 3350 4704 caalitus
3391 4647 3558 4703 vobis
3585 4643 3831 4734 denatat!»

484 4735 774 4793 sententia
811 4737 1454 4805 excommunicationis,
1506 4737 1622 4793 imo
1679 4736 2129 4808 conspirationis

482 4826 556 4881 ab
586 4826 713 4897 ipso
746 4842 874 4883 meo
905 4827 1246 4883 damnatore
1297 4829 1553 4899 accepta,
1587 4827 1661 4882 ad
1710 4842 1803 4881 me
1847 4826 2130 4883 violenter

484 4914 779 4971 inclusum
812 4917 1217 4988 properabant,
1252 4921 1308 4972 et
1337 4915 1627 4973 sicutillis
1658 4916 1986 4987 injunctum
2011 4916 2130 4972 fue-

488 5008 599 5071 rat,
631 5004 975 5079 lacrymosis
1026 5005 1298 5080 suspiriis
1352 5005 1496 5063 mihi
1552 5005 1962 5079 propinabant.
1999 5005 2131 5062 Mox

2240 4736 2695 4793 misericorditer
2723 4738 2877 4809 quod
2929 4736 3186 4810 coepistis
3235 4736 3578 4809 perﬁciatis,
3617 4748 3681 4787 ne
3708 4725 3835 4795 sela'

2239 4827 2444 4882 ctitent
2474 4831 2872 4895 temeratores,
2907 4830 3144 4899 propter
3174 4842 3370 4881 meam
3401 4824 3677 4880 vilitatem
3701 4822 3749 4873 et
3770 4812 3833 4866 in-

2239 4915 2607 4987 dignitatem,
2641 4915 2960 4988 apostolica
2973 4917 3113 4989 jura
3134 4920 3189 4971 et
3210 4914 3499 4971 canonica
3520 4904 3835 4986 praevaluisse

2238 5004 2537 5061 inﬁrmare
2570 5008 2807 5062 statuta.
