3956 6160
162 404 300 466 769

1397 409 1677 471 EPISTO
1688 409 1804 471 UE
1846 409 1949 474 ΕΤ
1992 412 2375 481 DECRETA.

3468 434 3587 493 770

766 548 3059 577 Ἥ

1168 656 1865 761 ΝιαοιΑι
1953 658 2450 768 PVPE
2538 670 2598 769 ι

899 840 1743 975 ΕΡΙΞΤΟΙΑἘ
1835 849 2040 977 ΕΤ
2130 851 2874 985 DECRETA

1290 1043 1561 1108 ORDINE
1598 1043 2149 1103 CHRONOLOGICO
2194 1048 2500 1107 DIGESTA

993 1249 1034 1304 Ι.

212 1362 496 1401 ΕΡΙΞἸὌῙΑᾹ
532 1361 757 1400 NICOLAI
795 1364 868 1400 AD
906 1363 1257 1405 \V'ENILONEM
1304 1368 1802 1412 ARCIIIEPISCOPUM

477 1434 847 1473 SENONBNSEM
886 1435 954 1472 ΕΤ
992 1435 1362 1478 COEPISCOPOS
1400 1441 1555 1489 EJUS,

834 1517 1022 1586 (Anno
1050 1518 1199 1589 858.)

286 1608 374 1660 De
401 1605 728 1660 Herimanni
751 1607 988 1677 episcopi
1012 1609 1368 1665 Nivcrnensis
1399 1612 1741 1682 inﬁrmitate.

537 1695 722 1766 [Apud
755 1694 963 1762 Mansi,
995 1699 1157 1754 Conc.
1194 1702 1334 1753 tom.
1368 1700 1507 1771 XV.]

254 1801 553 1857 Nacomus
584 1800 914 1874 cpiscopus,
948 1821 1150 1860 servus
1190 1823 1488 1864 servorum
1539 1810 1661 1877 Dei,
1695 1830 1849 1868 reve-

185 1890 556 1946 rentissimis
574 1907 637 1945 ac
657 1891 1048 1948 sanctissimis
1068 1894 1458 1951 confratribus
1482 1900 1851 1967 nostris,Ws~

187 1996 396 2035 xILoxi
430 1979 749 2034 Senonensi
781 1980 1300 2055 archiepiscopo,et
1318 1986 1675 2059 coepiscopis
1698 1990 1845 2060 ejus.

260 2068 594 2141 Epistolam
627 2069 956 2124 sanctitatis
987 2076 1333 2144 vestrm,qua
1362 2075 1725 2147 apostolatus
1749 2096 1849 2135 no-

187 2157 305 2212 stri
340 2173 520 2228 super
550 2173 728 2212 causa
759 2157 1095 2213 Herimanni
1127 2161 1387 2233 episcopi
1420 2181 1533 2219 non
1557 2164 1851 2222 immerito

187 2250 470 2317 expetere
503 2245 820 2301 studuistis
852 2263 1221 2320 responsum,
1257 2250 1342 2305 vel
1382 2270 1497 2323 qua
1527 2270 1690 2309 more
1724 2255 1851 2310 uni-

187 2333 451 2390 versalis
480 2333 746 2390 Ecclesia:
777 2336 1140 2392 auctoritatis
1171 2342 1381 2394 nostrae
1413 2341 1734 2414 efﬂagitare
1765 2345 1855 2399 in-

188 2423 590 2479 structionem
623 2423 892 2493 curastis,
924 2425 1265 2498 accipimus.
1302 2429 1412 2484 Sed
1445 2436 1758 2504 antequam
1784 2436 1853 2490 ad

187 2512 477 2568 consulta
529 2517 722 2568 vestra
778 2502 991 2569 mentis
1048 2514 1282 2571 oculum
1342 2502 1713 2590 inclinemus,
1756 2541 1857 2595 pa-

1865 1262 1920 1328 Α
1952 1260 2200 1317 millima
2231 1263 2789 1337 admittebat.Atque
2820 1266 3346 1341 subinfertisquod
3380 1271 3450 1325 ad
3472 1288 3599 1343 pro-

1949 1350 2231 1407 vim-iales
2273 1353 2530 1424 synodos
2577 1358 2848 1410 evocatus
2895 1356 3088 1412 venire
3142 1358 3455 1415 distulerit.
3490 1358 3598 1415 Ubi

1953 1444 2176 1497 attente
2207 1442 2700 1498 considerandum
2722 1445 3115 1516 est,quoniam
3138 1447 3246 1503 hoc
3265 1446 3461 1521 ipsum
3483 1466 3598 1522 quo

1951 1530 2181 1585 venitur
2210 1531 2283 1586 ad
2318 1532 2629 1603 synodum,
2666 1534 3025 1590 sacerdotale
3072 1536 3329 1593 officium
3379 1542 3467 1594 est
3499 1556 3511 1592 :
3547 1542 3604 1594 et

1954 1636 2089 1675 cum
2107 1618 2369 1675 dixeritis
2386 1619 2555 1675 illum
2574 1621 2933 1678 sacerdotale
2954 1640 3065 1679 non
3087 1625 3344 1697 potuisse
3362 1626 3604 1699 implere

1956 1712 2109 1763 recte
2167 1708 2447 1775 ofﬁcium,
2484 1726 2810 1782 sensusque
2860 1710 3254 1785 integritatem
3314 1715 3603 1785 amisisse,

1958 1797 2246 1851 miramur
2278 1798 2661 1854 reverentiam
2693 1804 2945 1856 vestram
2978 1818 3111 1857 eum
3134 1803 3327 1859 venire
3349 1804 3420 1858 ad
3445 1822 3609 1876 syno-

1957 1885 2099 1940 dum
2123 1885 2382 1957 coegisse
2406 1903 2419 1940 :
2448 1888 2770 1959 przesertim
2795 1906 2928 1944 cum
2952 1888 3063 1961 ipsi
3087 1892 3381 1947 testemini
3405 1893 3611 1949 insano

1959 1974 2116 2028 hunc
2148 1974 2422 2042 similem,
2457 1980 2514 2030 et
2544 1976 2604 2031 in
2637 1977 2839 2031 eadem
2872 1978 3064 2033 adhuc
3104 1980 3443 2036 infirmitate
3493 1998 3613 2037 ma-

1962 2078 2097 2117 nere
2132 2079 2144 2117 :
2178 2079 2375 2133 quem,
2400 2064 2445 2117 si
2482 2062 2561 2118 ita
2590 2068 3083 2139 gravatur,magis
3110 2074 3455 2125 convenerat
3477 2088 3611 2125 san-

1961 2150 2306 2207 ct7monium
2339 2157 2601 2207 vestrum
2632 2153 2957 2223 sublevare,
2992 2172 3169 2227 quam
3214 2158 3443 2229 pondus
3483 2160 3612 2230 ejus

1963 2241 2203 2312 ponderi
2254 2242 2664 2312 superaddere,
2699 2242 3162 2316 charitatemque
3211 2246 3269 2300 in
3304 2263 3370 2302 eo
3401 2247 3613 2302 conﬁr-

1965 2346 2125 2384 mare
2157 2329 2370 2400 potius,
2408 2348 2585 2401 quam
2645 2332 2693 2387 ei
2755 2333 2989 2403 pietatis
3042 2334 3263 2390 viscera
3319 2336 3608 2392 obserare.

1966 2418 2243 2474 lndieatis
2274 2423 2468 2474 autem
2502 2418 2667 2475 illum
2698 2438 2874 2493 super
2902 2422 3259 2494 quibusdam
3281 2425 3618 2481 excessibus

1966 2506 2149 2562 luisse
2182 2509 2511 2580 frequenter
2561 2515 2923 2566 accusatum.
2960 2512 3064 2568 Pro
3112 2512 3348 2585 quibus,
3383 2513 3522 2585 quia
3551 2530 3620 2570 ex

190 2619 255 2656 ru
270 2618 450 2673 lanI‘
480 2601 535 2655 in
568 2600 845 2656 laudibus
876 2603 1081 2658 vestris
1112 2604 1332 2676 stylum
1372 2624 1556 2678 operae
1607 2611 1857 2682 pretium
1893 2642 1940 2705 Β
1971 2602 2134 2667 Parte
2165 2596 2351 2669 ἱρείυδ
2384 2616 2632 2670 Persona
2663 2601 2960 2667 ἀθοείνηοδ
2993 2602 3092 2656 “ni
3118 2601 3265 2675 Parii
3286 2604 3355 2658 ad
3382 2603 3621 2660 alterius

207 2692 223 2705 ,
331 2690 343 2701 ,
523 2691 533 2701 .
832 2692 846 2705 ν
1124 2693 1134 2704 ,
1436 2697 1488 2705 ..
1714 2701 1727 2705 -
1984 2685 2281 2705 -ὶξμ-ρῗμΑςη
2352 2703 2368 2705 -
2422 2687 2475 2705 —‘
2562 2704 2565 2705 ν
2823 2688 2837 2705 ⁷
2910 2690 2923 2705 ¹¹
2976 2689 3030 2705 ¹’

191 2690 491 2746 duximus
520 2691 955 2746 immorandum
991 2710 1003 2747 :
1038 2693 1137 2765 qui
1171 2711 1317 2766 quos
1361 2697 1525 2753 vobis
1575 2701 1860 2767 eundum,

193 2794 400 2850 quove
430 2779 491 2833 in
522 2780 696 2834 rebus
727 2779 943 2847 dubiis,
978 2782 1233 2853 atquein
1258 2785 1489 2858 magnis
1512 2787 1863 2845 ecclesiasti-

197 2868 298 2923 cis
331 2868 581 2938 negotiis
611 2873 766 2923 esset
794 2868 1259 2938 accelerandum,
1284 2874 1615 2931 serenitatis
1642 2876 1866 2934 visibus

197 2956 587 3031 praevidistis,
621 2956 1063 3027 humilibusque
1098 2960 1420 3017 devotionis
1450 2968 1651 3018 vestraa
1687 2965 1869 3037 passi-

197 3048 327 3103 bus
359 3045 727 3101 cucurristis.
761 3046 975 3101 Contra
1004 3046 1136 3102 illos
1169 3049 1470 3119 nimirum,
1506 3053 1608 3123 qui
1652 3052 1865 3109 beatis-

202 3135 350 3192 simi
390 3134 787 3207 apostolorum
821 3135 1101 3207 principis
1134 3136 1283 3193 Petri
1310 3140 1553 3213 ejusque
1574 3159 1871 3199 successo-

209 3243 352 3280 rum
392 3222 921 3280 lueulentissimam
952 3226 1292 3291 doctrinam
1344 3230 1659 3302 sedemque
1709 3250 1871 3304 sper-

208 3320 631 3384 nentes,quem
666 3313 766 3367 Dei
800 3312 979 3369 Filius
1008 3314 1066 3369 in
1100 3321 1303 3371 sancta
1332 3317 1588 3374 Ecclesia
1608 3325 1872 3385 sua,tan-

210 3419 406 3478 quam
457 3402 747 3457 luminare
797 3403 989 3473 majus
1038 3404 1094 3459 in
1143 3404 1284 3461 cmlo
1336 3407 1657 3477 constituit,
1691 3408 1870 3464 veluti

212 3494 469 3567 quidam
503 3492 836 3563 scorpiones
868 3491 1131 3563 palantes
1156 3493 1503 3550 inceduntin
1522 3498 1785 3566 meridie,
1819 3503 1876 3554 ct

213 3600 358 3639 cum
413 3580 607 3636 adhuc
650 3580 773 3635 dies
821 3585 928 3649 est,
964 3582 1175 3637 occidit
1224 3584 1308 3639 eis
1357 3584 1463 3640 sol.
1500 3586 1717 3642 Revera
1747 3587 1786 3641 ii
1818 3591 1877 3643 et

213 3690 324 3745 per
377 3669 684 3726 scientiam
735 3670 834 3724 Dei
881 3687 1038 3726 more
1088 3670 1323 3727 Balaam
1373 3681 1603 3746 apertos
1660 3675 1878 3731 habent

214 3760 429 3816 oculos
462 3775 477 3813 :
513 3759 729 3813 cadunt
756 3763 972 3825 tamen,
1006 3760 1145 3831 quia
1173 3762 1443 3817 obcaecati
1478 3764 1664 3819 instar
1690 3765 1877 3837 ipsius

217 3847 492 3914 avaritia,
526 3863 641 3919 quo
671 3862 937 3919 gressum
966 3849 1199 3905 tendere
1230 3852 1456 3922 possint
1484 3853 1728 3924 justitia:
1762 3872 1877 3910 non

216 3937 529 4011 aspiciunt
559 3953 571 3990 :
596 3936 695 3991 sed
729 3953 830 4008 per
858 3937 1107 4009 abrupta
1137 3942 1193 3993 et
1224 3939 1349 3994 avia
1378 3940 1880 4012 incedentes,dum

1976 2685 2292 2741 discrimen
2346 2687 2579 2743 credere
2638 2688 2840 2759 procul
2893 2689 3071 2745 dubio
3121 2708 3234 2745 non
3283 2708 3619 2762 possumus,

1975 2763 2242 2845 quamvis
2274 2791 2378 2828 nec
2410 2791 2597 2847 usque
2625 2777 2817 2833 adhuc
2848 2777 2946 2849 qui
2980 2778 3195 2833 fuerint
3225 2778 3309 2833 illi
3349 2796 3623 2836 excessus

1975 2861 2258 2929 dixeritis,
2277 2879 2381 2918 nec
2412 2868 2607 2918 utrum
2639 2881 2784 2920 sana
2812 2870 2933 2920 erat
2965 2870 3156 2922 mente
3178 2867 3332 2923 idem
3353 2868 3619 2935 antistes,

1978 2967 2178 3015 necne,
2212 2968 2345 3005 cum
2377 2950 2535 3019 ipsos
2585 2969 2858 3009 excessw
2903 2955 3275 3026 perpetrabat
3329 2955 3625 3011 evidenter

1979 3038 2349 3094 ostenderitis
2374 3057 2386 3093 :
2422 3040 2721 3112 satiusque
2753 3042 3455 3115 arbitramur,quamlibet
3476 3044 3622 3100 inte-

1981 3128 2088 3182 rim
2112 3128 2514 3184 infirmitatem
2544 3129 2615 3184 ad
2638 3147 2869 3201 poenam
2894 3131 3319 3204 peccati,quam
3338 3133 3410 3187 ad
3430 3133 3625 3205 ipsum

1982 3216 2267 3289 pertinere
2299 3218 2725 3288 peceatum,cui
2757 3220 2944 3293 magis
2976 3219 3400 3276 consulendum
3441 3221 3538 3287 sit,
3572 3226 3629 3277 et

1982 3306 2479 3377 compatiendum,
2513 3324 2690 3378 quam
2721 3308 3104 3378 puniendum,
3129 3308 3215 3364 vel
3238 3309 3432 3382 aliquo
3455 3310 3627 3366 modo

1984 3395 2678 3451 feriendum.Admonitio
2710 3401 3009 3469 praeterea,
3041 3398 3128 3453 vel
3160 3399 3460 3454 conventio
3491 3399 3629 3454 bea-

1983 3483 2252 3539 titudinis
2307 3489 2530 3551 vestrae,
2565 3501 2743 3556 quam
2776 3485 2827 3541 ei
2879 3485 3085 3542 fecisse
3136 3504 3236 3544 vos
3288 3487 3627 3559 perhibetis,

1982 3569 2149 3627 valde
2184 3571 2369 3643 placet
2400 3589 2412 3627 :
2448 3571 2495 3628 si
2523 3576 2719 3628 tamen
2753 3591 2820 3629 ex
2850 3574 3131 3631 charitate
3174 3594 3288 3631 non
3338 3577 3495 3645 ﬁcta,
3529 3575 3630 3632 sed

1985 3677 2054 3716 ex
2084 3659 2336 3732 simplici
2371 3662 2581 3717 mentis
2611 3662 2778 3717 oculo
2810 3663 3025 3735 prodiit
3064 3664 3119 3719 id
3169 3665 3323 3736 quod
3373 3682 3549 3721 suave
3578 3669 3633 3719 et

1987 3749 2157 3805 dulce
2187 3749 2245 3804 in
2278 3751 2519 3805 auribus
2552 3752 2767 3807 nostris
2798 3753 2995 3808 sonuit
3019 3770 3031 3807 :
3057 3752 3141 3808 vel
3167 3753 3215 3808 si
3246 3770 3438 3809 coram
3471 3771 3633 3809 sum-

1990 3839 2070 3892 mi
2101 3839 2304 3893 arbitri
2338 3838 2521 3894 oculis
2554 3840 2635 3895 ita
2677 3839 2917 3912 placuit,
2953 3842 3452 3913 quemadmodum
3501 3846 3635 3899 ante

1990 3926 2296 3982 hominum
2328 3928 2507 3997 visus,
2543 3930 2695 4001 quod
2728 3929 2956 4001 placere
2984 3932 3060 3985 sit
3099 3931 3241 3987 satis
3290 3933 3637 4004 abundeque

220 4009 406 4099 caput
438 4024 604 4096 sequi
633 4025 948 4098 refugiunt,
982 4025 1039 4080 in
1076 4033 1240 4083 vasta
1288 4030 1609 4101 praecipitia
1655 4009 1880 4087 demer-
1913 4009 1955 4075 C
1995 4016 2665 4089 conspicitur.0ptamus
2694 4020 3067 4075 sanctitatem
3100 4027 3351 4076 vestram
3380 4021 3436 4074 in
3471 4020 3637 4103 Chri-

220 4121 474 4189 guntur.
510 4113 624 4168 Vos
654 4118 869 4181 autem,
902 4114 1107 4170 fratres
1134 4116 1491 4183 charissimi,
1526 4119 1626 4189 qui
1677 4126 1879 4175 sancto

223 4206 438 4277 utique
462 4202 690 4275 Spiritu
723 4203 1028 4271 revelante,
1064 4204 1393 4277 apostolicae
1444 4206 1601 4263 sedis
1630 4207 1883 4263 auctori-

224 4301 418 4351 tatem
454 4309 630 4349 sensu
662 4297 958 4366 capere,et
980 4295 1051 4350 ad
1075 4293 1456 4366 splendorum
1490 4296 1732 4352 luminis
1754 4298 1882 4369 ejus

216 4387 350 4457 jam
389 4381 659 4437 incedere
678 4381 1051 4438 laudabiliter
1071 4383 1553 4455 inchoastis,cum
1578 4385 1678 4441 illa
1700 4404 1885 4459 usque

224 4476 284 4528 in
323 4473 513 4527 finem
546 4470 1032 4542 sapere,cum°illa
1053 4489 1281 4544 semper
1303 4474 1604 4530 ambulare
1634 4476 1883 4544 studete,

228 4564 302 4618 ab
340 4559 448 4616 illa
481 4559 705 4615 deviare
748 4562 908 4616 nefas
950 4560 1211 4631 judicate
1259 4562 1330 4617 ab
1381 4562 1508 4632 ejus
1558 4564 1888 4636 discrepare

229 4667 419 4707 sensu
453 4665 525 4704 ne
555 4649 626 4704 ad
661 4648 954 4704 modicum
987 4650 1223 4721 quidem
1257 4656 1621 4707 momentum
1655 4670 1891 4708 eonsen-

230 4739 422 4795 tiatis.
462 4738 618 4801 Quos
647 4736 748 4793 illa
778 4738 979 4810 recipit
1007 4743 1063 4793 et
1110 4756 1210 4794 vos
1259 4757 1492 4812 quoque
1541 4741 1800 4813 recipite,
1836 4744 1893 4796 et

233 4844 389 4901 quos
424 4826 527 4881 illa
557 4825 1037 4899 respuit,abigere
1066 4825 1179 4900 ipsi
1203 4827 1358 4883 sicut
1381 4828 1489 4901 ipsi
1516 4834 1888 4885 mementote.

232 4918 365 4971 Non
397 4915 557 4971 enim
588 4914 690 4970 illa
719 4915 940 4987 respuit
969 4914 1083 4970 nisi
1125 4916 1392 4973 membra
1439 4935 1566 4990 quae
1616 4916 1727 4973 sibi
1776 4935 1892 4974 non

235 5006 489 5074 haerent,
523 5021 628 5061 nec
659 5022 692 5060 a
722 5022 783 5059 se
831 5004 1036 5061 recidit
1083 5005 1196 5061 nisi
1246 5023 1394 5078 quos
1443 5006 1502 5062 in
1548 5005 1892 5063 scandalum

239 5095 453 5150 multis
478 5093 697 5166 positos
728 5094 1187 5167 comprehendit.
1221 5096 1372 5165 Non,
1400 5095 1666 5169 inquam,
1694 5096 1899 5153 recidit

237 5184 331 5240 vel
366 5182 519 5239 eruit
549 5200 583 5237 a
613 5199 696 5255 se,
723 5182 837 5239 nisi
870 5184 1201 5240 membrum
1234 5186 1386 5258 quod
1416 5186 1577 5243 sanis
1617 5186 1897 5243 membris

241 5273 306 5327 in
357 5270 741 5328 offensionem
792 5274 848 5328 et
893 5272 1210 5346 perniciem
1267 5272 1528 5330 noscitur
1584 5274 1895 5331 exstitisse.

1991 4110 2078 4161 sto
2110 4106 2256 4160 bene
2283 4106 2490 4162 valere.

2152 4299 2332 4337 BULLA
2373 4300 2589 4338 NICOLAI
2632 4300 2743 4339 PRO
2783 4302 3137 4340 MONASTERIO
3178 4302 3475 4340 FULDENSI.

2632 4373 2816 4445 (Anno
2855 4374 3004 4446 859.)

1996 4462 2069 4515 De
2098 4461 2260 4531 hujus
2305 4463 2627 4517 monasterii
2675 4468 2826 4518 slalu
2873 4463 2983 4518 sibi
3028 4462 3328 4519 identidem
3374 4464 3642 4518 rationem

2601 4533 2757 4589 reddi
2794 4534 3037 4590 mandat.

2177 4620 2365 4695 [Apud
2399 4620 2720 4692 Schannat,
2754 4624 2886 4680 Hist.
2926 4623 3113 4713 Fuld.,
3146 4640 3275 4696 pag.
3318 4623 3463 4694 139.]

2071 4729 2350 4784 NIeOLAUS
2383 4729 2691 4801 episcopus
2731 4747 2931 4785 servus
2972 4746 3269 4785 servorum
3307 4728 3423 4797 Dei,
3459 4729 3645 4784 THEO-

2003 4833 2132 4873 TONI
2164 4817 2431 4889 religioso
2464 4817 2661 4872 abbati
2688 4817 3032 4873 venerabilis
3056 4817 3392 4874 monasterii
3415 4815 3648 4873 Domini

2007 4904 2341 4973 Salvatoris,
2375 4910 2431 4960 et
2461 4922 2562 4976 per
2591 4910 2645 4961 te
2675 4906 2733 4961 in
2763 4906 2966 4962 eodem
2996 4906 3310 4963 venerabili
3357 4910 3648 4962 monaste-

2006 4993 2091 5050 rio
2123 4992 2559 5050 successoribus
2592 4993 2652 5048 in
2683 4999 3051 5066 perpetuum.

2079 5082 2363 5147 Quoniam
2397 5099 2628 5155 semper
2653 5088 2790 5139 sunt
2821 5085 3188 5141 concedenda
3219 5102 3344 5157 qua:
3397 5083 3652 5140 rationa-

2009 5173 2226 5230 bilibus
2256 5175 2588 5245 congruunt
2619 5173 2944 5245 desideriis,
2978 5178 3203 5247 oportet
3251 5179 3317 5229 ut
3366 5168 3652 5229 devotioni

2010 5261 2325 5319 conditoris
2352 5261 2460 5333 pim
2492 5262 2947 5319 constructionis
2990 5264 3307 5319 auctoritas
3337 5261 3397 5316 in
3428 5257 3654 5333 privile-

241 5361 467 5417 Verum
499 5361 569 5417 ad
592 5362 962 5435 propositum
985 5362 1593 5439 redeamus.Suggerit
1616 5362 1899 5419 sanctitas
1927 5380 1974 5446 Β
2009 5352 2127 5446 giis
2150 5349 2499 5446 praestant-lis
2526 5351 2768 5408 minime
2791 5352 3126 5427 denegetur.
3147 5347 3525 5446 Igituriflflié
3547 5363 3650 5445 Ρίξ·

244 5456 442 5508 vestra
475 5451 897 5508 Herimannum
914 5451 1255 5525 episcOpum
1273 5452 1543 5507 morbum
1562 5451 1900 5518 incurrisse,

245 5558 365 5614 quo
397 5541 500 5597 diu
532 5540 853 5614 impeditus
882 5546 972 5598 est
998 5539 1326 5615 episcopale
1345 5545 1499 5597 recte
1519 5540 1762 5612 implere
1784 5539 1906 5595 offi-

249 5630 430 5687 cium.
466 5630 688 5687 Sensus
718 5630 896 5702 enim,
914 5634 979 5685 ut
1008 5634 1203 5687 vestra
1230 5630 1360 5704 ipsa
1386 5630 1563 5686 verba
1590 5645 1901 5702 ponamus,

253 5719 565 5795 aliquoties
594 5720 928 5798 integritate
957 5719 1241 5797 privatus,
1274 5719 1542 5797 quedam
1582 5717 1792 5779 insano
1825 5716 1905 5778 si-

2012 5440 2249 5497 stulasti
2281 5456 2315 5495 a
2344 5439 2513 5496 nobis
2543 5445 2836 5513 quatenus
2866 5440 3287 5498 monasterium
3338 5434 3656 5491 Salvatoris

2013 5548 2047 5586 a
2077 5530 2136 5586 S.
2172 5529 2468 5585 Bonifacio
2518 5529 2954 5604 archiepiscOpo
3007 5529 3407 5585 constructum
3438 5524 3497 5580 in
3527 5523 3656 5580 loco

2013 5619 2113 5693 qui
2148 5622 2387 5675 vocatur
2416 5620 2687 5688 Boconia,
2719 5636 2857 5694 erga
2881 5619 3067 5691 ripam
3101 5613 3362 5670 ﬂuminis
3398 5614 3661 5671 Fuldaha

2014 5710 2301 5788 privilegii
2330 5709 2486 5769 sedis
2520 5708 2849 5787 apostolicae
2879 5702 3252 5768 adminiculis
3273 5704 3662 5778 decoretur,et
