3956 6160
400 339 515 405 771

1773 332 2018 395 NICOL.

2146 332 2225 394 PA
2235 332 2359 394 ΡιΕ
2401 334 2449 394 Ι.
3648 337 3746 402 7'1!

402 476 466 527 ut
496 469 1033 542 subjurisdictione
1060 471 1273 526 sanctae
1296 471 1507 523 nostrae
1530 465 1767 533 cui,Deo
1789 468 2044 533 auctore,
2077 467 2131 534 Α
2162 482 2235 521 ne
2265 465 2323 520 in
2355 464 2449 521 die
2480 464 2661 521 d'ivini
2692 464 2977 523 examinis
3006 482 3109 538 pro
3152 469 3350 522 nostra
3397 466 3603 523 desidia
3639 474 3747 526 ante

402 559 765 616 descrvimus
786 557 1031 614 ecclesia
1050 553 1685 621 constitutum,nullius
1707 553 1945 619 alterius
1967 571 2051 609 cc-

401 648 589 705 clesia:
632 646 1144 719 jurisdictionibus
1194 644 1610 712 submittatur;
1643 658 1745 716 pro
1788 659 1906 714 qua
1936 641 2049 715 piis

400 736 707 793 desideriis
746 736 1021 799 faventes,
1055 735 1163 790 hac
1195 738 1397 789 nostra
1428 731 1771 787 auctoritate
1803 732 1859 786 id
1891 731 2047 803 quod

399 826 729 899 expuscitur
757 823 984 880 effectui
1018 823 1515 894 mancipamus,et
1548 820 1674 877 ideo
1697 835 1931 877 omnem
1956 836 2050 875 cu-

391 912 638 985 juslibet
667 912 921 969 ecclesiae
955 910 1314 968 sacerdotem
1336 909 1395 965 in
1428 909 1664 981 praefato
1695 907 2048 963 monasterio

398 1002 709 1058 dictionem
742 1001 1066 1074 quamlibet
1096 1000 1309 1056 habere
1339 1004 1395 1055 et
1415 998 1820 1055 auctoritatem
1844 1001 2051 1069 praeter

397 1092 595 1148 sedem
628 1090 1006 1164 apostolicam
1033 1089 1433 1162 prohibemus,
1469 1087 1549 1142 ita
1578 1090 1663 1155 ut,
1697 1085 1812 1143 nisi
1843 1086 1913 1141 ab
1945 1087 2047 1142 ab-

397 1181 528 1236 bate
560 1180 900 1236 monasterii
932 1178 1108 1234 fuerit
1136 1177 1549 1247 invitatus,nec
1580 1176 1898 1231 missarum
1932 1174 2047 1230 ibi-

397 1270 529 1324 dem
562 1268 992 1325 solemnitatem
1026 1266 1320 1340 quispiam
1351 1269 1668 1338 przesumat
1700 1264 1938 1319 omnino
1961 1280 2048 1319 ce-

397 1357 642 1425 lebrare,
676 1362 739 1413 ut
770 1357 1047 1429 profecto,
1071 1357 1242 1428 juxta
1272 1355 1327 1410 id
1362 1354 1516 1427 quod
1544 1354 1875 1424 subjectum
1907 1369 2045 1425 apo-

397 1447 613 1503 stolicaa
643 1446 916 1502 ﬁrmitate
946 1444 1231 1517 privilegii
1262 1442 1529 1499 consistit
1566 1442 1913 1498 inconcusse
1942 1443 2046 1498 do-

397 1541 585 1591 tatum
619 1542 978 1607 permaneat,
1014 1533 1156 1588 locis
1188 1537 1245 1588 et
1276 1533 1451 1587 rebus
1482 1537 1603 1587 tam
1635 1529 1719 1586 eis
1750 1548 1898 1603 quas
1928 1548 2049 1586 mo-

396 1626 575 1680 derno
607 1628 867 1695 tempore
898 1627 1057 1678 tenet
1085 1621 1171 1677 vel
1196 1621 1657 1694 possidet,quam
1691 1637 1818 1691 quae
1850 1619 2047 1676 divina

396 1713 582 1784 pietas
626 1712 874 1768 voluerit
923 1727 1135 1784 augere
1179 1727 1247 1767 ex
1295 1710 1484 1777 donis,
1515 1711 1571 1765 et
1626 1708 2042 1778 oblationibus,

396 1800 758 1873 decimisque
789 1799 1301 1871 ﬁdelium,absque
1333 1798 1511 1854 ullius
1542 1815 1801 1871 personae
1824 1801 2046 1852 contra-

395 1889 667 1957 dictione,
702 1889 976 1943 ﬁrmitate
1034 1892 1315 1959 perpetua
1374 1888 1723 1959 perfruatur.
1758 1886 2041 1941 Caeterum

392 1977 670 2044 vero,hoc
702 1977 1112 2041 deliberantes,
1147 1976 1463 2032 statuimus
1496 1980 1560 2030 ut
1590 1973 1864 2047 congruis
1894 1979 2039 2030 tem-

392 2066 636 2140 poribus
655 2071 863 2122 nostrae
882 2064 1265 2122 sollicitudini
1285 2064 1687 2120 ecclesiastica:
1712 2064 2037 2132 intimetur,

392 2155 643 2229 qualiter
661 2154 861 2228 religio
884 2155 1208 2211 monastica
1232 2152 1482 2227 regulari
1506 2153 1708 2207 habitu
1733 2152 2038 2225 dirigatur,

390 2245 815 2317 concordiaque
841 2243 1200 2300 convcnienti
1235 2241 1628 2298 ecclesiastico
1656 2241 1850 2296 studio
1873 2258 2040 2296 man-

391 2334 635 2406 cipetur,
670 2350 741 2388 ne
774 2332 940 2402 forte,
971 2332 1123 2404 quod
1158 2331 1333 2397 absit,
1368 2330 1477 2385 sub
1526 2329 1705 2401 hujus
1754 2329 2037 2402 privilegii

391 2422 632 2478 obtentu
672 2422 909 2477 animus
958 2437 1312 2493 gressusque
1360 2418 1728 2474 rectitudinis
1774 2424 1975 2474 vestrae
2006 2436 2041 2474 a

391 2527 598 2566 norma
617 2509 862 2582 justitiaz
894 2509 1088 2581 aliquo
1133 2509 1306 2563 modo
1352 2511 1791 2579 retorqueatur;
1825 2507 2040 2563 consti-

392 2598 616 2655 tuimus
649 2615 883 2671 quoque
914 2615 1016 2670 per
1047 2597 1226 2668 hujus
1256 2596 1470 2652 decreti
1505 2596 1687 2652 nostri
1736 2595 2034 2669 paginam,

389 2695 455 2743 ut
484 2688 823 2760 quicunque
852 2686 1167 2760 cujuslibet
1202 2684 1455 2741 ecclesia:
1504 2683 1738 2757 praesul,
1772 2684 1857 2741 vel
1892 2703 2035 2757 qua-

389 2793 620 2849 cunque
651 2777 934 2850 dignitate
964 2775 1193 2849 prodita
1212 2772 1638 2847 persona,hanc
1666 2775 1846 2830 nostri
1868 2773 2039 2846 privi-

386 2866 521 2939 legii
552 2866 1021 2938 chartam,quam
1055 2862 1401 2920 auctoritate
1425 2863 1708 2936 principis
1740 2863 2035 2935 apostolo-

387 2972 518 3011 rum
551 2957 875 3022 firmamus,
909 2959 1194 3010 temerare
1238 2952 1565 3019 tentaverit,
1598 2951 1914 3008 anathema
1936 2955 2030 3024 sit,

386 3046 444 3098 et
470 3043 614 3097 iram
648 3042 748 3097 Dei
780 3042 1105 3111 incurrens,
1140 3058 1174 3097 a
1201 3045 1351 3097 coetu
1383 3040 1648 3097 omnium
1695 3045 2032 3098 sanctorum

386 3130 630 3187 extorris
661 3130 890 3199 existat,
919 3136 976 3186 et
1006 3128 1390 3185 nihilominus
1438 3130 1659 3201 praefati
1694 3118 2031 3186 monasterii

2156 571 2459 610 summum
2486 559 2780 628 pastorem
2832 553 3194 629 negligentia:
3243 559 3436 611 reatus
3480 558 3745 625 excruciet,

2155 643 2310 699 unde
2356 644 2527 699 modo
2575 642 2815 700 honoris
2861 644 3181 699 reverentia
3232 642 3587 700 sublimiores
3627 644 3748 701 inter

2152 735 2392 789 caeteros
2415 733 2778 804 judicamur.
2807 732 3055 788 Pallium
3085 739 3281 791 autem
3312 732 3632 789 fraternitati
3660 739 3745 789 tua

2156 821 2228 875 ad
2282 820 2601 878 missarum
2660 821 2947 880 solemnia
3001 820 3351 878 celebranda
3401 821 3743 878 concedimus.

2155 908 2316 973 Quod
2348 914 2693 965 tamen'non
2725 909 2894 965 aliter
2920 908 3187 965 Ecclesiae
3230 915 3344 966 tua:
3391 908 3679 983 privilegiis
3702 913 3747 966 in

2156 1014 2263 1053 suo
2294 1002 2449 1053 statu
2479 1000 2854 1055 manentibus
2878 998 2959 1054 uti
2988 997 3409 1071 largimur,nisi
3432 998 3747 1055 solummodo

2155 1086 2214 1141 in
2246 1086 2339 1142 die
2371 1092 2583 1143 sanctae
2616 1104 2682 1149 ac
2712 1088 3036 1144 reverendae
3080 1086 3517 1144 resurrectionis
3560 1087 3747 1143 Domini

2154 1176 2340 1231 nostri
2370 1176 2511 1233 Jesu
2544 1176 2891 1245 Christi,seu
2916 1177 2976 1231 in
2996 1175 3282 1232 natalitiis
3313 1180 3629 1232 sanctorum
3647 1193 3750 1248 apo-

2154 1263 2642 1337 stolorum,atque
2672 1265 2827 1321 beati
2858 1266 3132 1338 Baptista:
3160 1263 3426 1334 Joannis,
3459 1280 3559 1321 nec
3584 1282 3681 1321 non
3705 1265 3747 1321 in

2154 1353 2555 1426 assumptione
2580 1355 2760 1411 beata:
2790 1354 2889 1410 Dei
2921 1353 3220 1428 genitricis
3270 1355 3483 1419 Mariae,
3513 1354 3669 1409 simul
3705 1354 3749 1409 in

2153 1441 2466 1506 Dominicae
2496 1442 2769 1498 navitatis
2803 1443 3032 1499 Domini
3065 1442 3169 1499 Dei
3200 1442 3383 1500 nostri
3417 1443 3526 1509 die,
3556 1442 3747 1515 pariter-

2155 1548 2267 1603 que
2297 1531 2355 1587 in
2389 1530 2779 1588 solemnitatis
2819 1531 3075 1589 ecclesia:
3102 1537 3217 1587 tuae
3248 1532 3366 1598 die,
3395 1548 3585 1588 verum
3610 1532 3746 1587 etiam

2152 1619 2297 1675 etin
2346 1620 2732 1676 ordinationis
2788 1624 2899 1676 tuae
2954 1620 3221 1676 natalitio
3278 1620 3635 1677 concedimus
3660 1621 3744 1687 die,

2153 1709 2309 1764 sicut
2338 1726 2371 1763 a
2401 1709 2567 1764 beato
2592 1710 3014 1783 przedecessore
3036 1715 3235 1766 nostro
3257 1708 3500 1766 Domino
3521 1708 3744 1783 Gregorio

2154 1796 2334 1869 hujus
2366 1797 2530 1855 almae
2562 1799 2717 1853 sedis
2739 1799 2987 1870 praesule
3008 1798 3301 1856 sancitum
3353 1799 3531 1854 est.In
3555 1802 3745 1853 secreta-

2153 1887 2306 1942 rium
2337 1904 2468 1943 vero
2502 1888 2741 1944 induere
2764 1893 2864 1944 tua
2893 1888 3227 1945 fraternitas
3251 1887 3488 1961 pallium
3511 1886 3746 1951 debeat,et

2151 1976 2235 2033 sic
2267 1978 2335 2032 ad
2371 1976 2684 2033 missarum
2719 1977 3004 2033 solemnia
3047 1977 3377 2050 proﬁcisci;
3409 1982 3462 2032 et
3493 1974 3621 2031 nihil
3662 1973 3743 2028 sibi

2151 2065 2408 2137 amplius
2438 2084 2585 2122 ausu
2617 2067 2938 2122 temerariae
2984 2064 3462 2139 praesumptionis
3507 2080 3742 2135 arrogare,

2149 2171 2222 2209 ne
2253 2154 2392 2210 dum
2427 2155 2485 2210 in
2516 2155 2785 2211 exteriori
2816 2155 3017 2211 habitu
3044 2155 3380 2210 inordinate
3410 2152 3614 2225 aliquid
3642 2151 3746 2207 arri-

2149 2242 2631 2315 piatur,ordinate
2662 2244 2836 2300 etiam
2866 2262 2994 2317 qua:
3025 2244 3201 2301 licere
3233 2247 3496 2316 poterant
3523 2240 3745 2296 amittam

2147 2337 2263 2387 tur.
2296 2332 2478 2405 Cujus
2507 2334 2787 2405 quoniam
2820 2333 3151 2388 indumenti
3178 2333 3370 2389 honor
3414 2332 3654 2387 modesta
3670 2345 3743 2384 ac-

2147 2424 2315 2476 tuum
2364 2422 2670 2478 vivacitate
2728 2423 3049 2478 servandus
3107 2426 3219 2489 est,
3263 2421 3559 2478 hortamur
3606 2422 3659 2473 ut
3702 2422 3743 2471 et

2148 2515 2359 2566 cuncta
2413 2516 2760 2567 ornamenta
2814 2511 3181 2580 conveniant,
3216 2515 3502 2584 quatenus
3556 2511 3742 2564 auctore

2148 2600 2263 2656 Deo
2295 2606 2482 2656 rector
2511 2601 2728 2673 ubique
2759 2601 2951 2673 possis
2980 2616 3108 2656 esse
3135 2600 3506 2672 conspicuus.

2217 2690 2418 2762 Itaque
2448 2689 2565 2744 vita
2594 2692 2696 2745 tua
2721 2689 2857 2744 ﬁliis
2884 2689 3001 2745 tuis
3032 2689 3109 2745 sit
3142 2688 3436 2763 regula.In
3461 2688 3577 2761 ipsa
3596 2685 3635 2740 si
3654 2699 3742 2756 qua

2145 2778 2422 2835 fortitudo
2466 2778 2582 2834 illis
2630 2778 2845 2850 injecta
2885 2783 2994 2848 est,
3030 2778 3386 2851 dirigantur,
3419 2778 3475 2832 in
3520 2793 3580 2833 ea
3621 2772 3739 2847 quod

2145 2868 2447 2924 imitentur
2468 2868 2755 2940 aspiciant
2777 2887 2790 2936 ;
2811 2868 2869 2923 in
2890 2867 3019 2941 ipsa
3035 2885 3095 2923 se
3122 2885 3360 2940 semper
3375 2861 3738 2923 considerando

2144 2957 2473 3030 proficiant,
2507 2962 2572 3012 ut
2600 2961 2795 3023 tuum,
2826 2962 2961 3029 post
2990 2957 3467 3025 Deum,videatur
3485 2970 3600 3010 esse
3617 2949 3735 3024 quod

2143 3047 2289 3102 bene
2316 3046 2698 3102 vixerint.Cor
2726 3062 2862 3119 ergo
2893 3062 3081 3117 neque
3111 3062 3395 3119 prospera
3425 3061 3543 3116 quae
3566 3047 3738 3110 tempo-

2142 3134 2340 3191 raliter
2365 3134 2771 3201 blandiuntur,
2804 3134 3104 3201 extollant,
3137 3151 3334 3207 neque
3364 3134 3587 3189 adversa
3627 3127 3735 3196 deji-

386 3219 647 3293 dignitas
676 3238 710 3275 a
740 3220 909 3275 nobis
930 3218 1161 3274 indulta
1183 3218 1890 3291 perpetualiterinviolata
1910 3236 2035 3292 per-
2062 3204 2104 3272 (ἶ
2141 3223 2331 3291 ciant;
2366 3224 2467 3279 sed
2498 3222 2782 3296 quidquid
2823 3222 2968 3279 illud
3016 3222 3211 3291 fuerit,
3239 3204 3454 3280 virtute
3499 3215 3734 3293 patientia

388 3316 622 3365 maneat
653 3307 971 3380 apostolica
1000 3307 1342 3364 auctoritate
1372 3306 1641 3363 subnixa.

454 3398 745 3471 Scriptum
778 3414 881 3470 per
909 3413 1150 3452 manum
1185 3395 1333 3452 Petri
1365 3395 1867 3463 notarii,scrinarii
1899 3415 2033 3454 san-

384 3489 487 3542 ctae
522 3488 795 3542 Romanae
828 3486 1115 3554 Ecclesiae,
1148 3485 1204 3540 in
1240 3502 1441 3541 mense
1469 3486 1664 3554 Junio,
1698 3487 1899 3542 indict.
1931 3505 2031 3557 vn,

385 3574 536 3629 Bene
566 3575 769 3629 valete.

456 3661 668 3716 Datum
702 3664 755 3717 11
797 3663 933 3718 ldus
959 3663 1168 3718 Junias
1199 3680 1302 3734 per
1333 3679 1572 3716 manum
1596 3663 1811 3718 Tiberii
1838 3663 2035 3735 primi-

383 3749 521 3805 cerii
542 3755 752 3805 sanctae
777 3752 931 3805 sedis
954 3750 1643 3821 apostolicaeJmperantc
1665 3752 1880 3807 domno
1899 3752 2033 3823 piis-

384 3839 537 3894 simo
564 3840 827 3911 Augusto
858 3838 1148 3894 Ludovico
1176 3856 1209 3892 a
1240 3838 1355 3893 Deo
1385 3844 2032 3913 coronato,magno,pa-

383 3928 548 3984 ciﬁco
583 3930 951 4000 imperatore,
985 3927 1321 3984 inductione
1353 3927 1620 3999 septima.
1653 3931 1858 3985 Amen.

1155 4034 1254 4089 III.

429 4123 497 4162 AD
537 4123 907 4163 ADELOVINUM
946 4123 1429 4162 SALZBURGENSEM
1470 4124 1981 4164 ARCHIEPISCOPUM.

1020 4196 1207 4264 (Anno
1239 4196 1388 4267 860.)

864 4284 1046 4341 Pallii
1073 4302 1238 4340 usum
1278 4285 1535 4341 concedit.

378 4373 567 4446 [Apud
598 4372 1034 4446 Kleinmayern,
1067 4372 1430 4428 Nachrz'chten
1471 4389 1592 4429 vom
1635 4374 1903 4431 Zustande
1931 4373 2031 4432 der

547 4461 821 4536 Gegenden
852 4460 967 4518 und
995 4461 1153 4519 Stadt
1188 4463 1438 4519 Juvavz'a.
1471 4461 1722 4535 Anhang
1742 4463 1857 4534 92.]

2144 3313 2502 3369 devincatur.
2534 3311 2773 3368 Nullum
2806 3312 2960 3385 apud
2993 3317 3048 3368 te
3079 3312 3278 3368 locum
3311 3312 3524 3387 odium,
3554 3304 3735 3363 nullum

2144 3399 2305 3456 favor
2334 3399 2685 3455 indiscretus
2732 3398 3010 3454 inveniat.
3043 3398 3389 3455 Districtum
3438 3401 3491 3452 te
3525 3392 3642 3450 mali
3664 3405 3735 3444 co-

2143 3493 2462 3562 gnoscant;
2496 3488 2789 3544 insontem
2825 3488 2978 3561 apud
3012 3491 3066 3543 te
3096 3486 3453 3561 culpabilem
3495 3478 3735 3557 suggestio

2144 3578 2300 3633 mala
2347 3596 2463 3633 non
2512 3578 2717 3643 faciat;
2751 3581 3054 3633 nocentem
3101 3577 3297 3649 gratia
3344 3593 3454 3632 non
3507 3571 3731 3630 excuset:

2145 3666 2457 3723 remissum
2490 3670 2545 3722 te
2577 3666 3058 3738 delinquentibus
3089 3683 3202 3721 non
3233 3665 3597 3728 ostendas,ne
3616 3652 3733 3731 quod

2143 3755 2301 3811 ultus
2335 3774 2449 3811 non
2482 3754 2681 3822 fueris,
2715 3754 3034 3827 perpetrari
3084 3754 3411 3826 permittas.
3444 3754 3525 3809 Sit
3551 3751 3601 3805 in
3628 3753 3671 3801 te
3693 3747 3733 3796 et

2141 3845 2278 3900 boni
2303 3844 2554 3918 pastoris
2576 3843 2929 3912 dulcedo,sit
2949 3846 3005 3899 et
3016 3843 3245 3915 judicis
3267 3860 3462 3900 severa
3481 3832 3731 3918 districtio,

2142 3917 2328 3991 unum
2362 3933 2515 4007 quod
2547 3933 2887 3989 innocenter
2914 3933 3170 3988 viventes
3204 3933 3413 3999 foveat,
3445 3927 3586 3986 aliud
3613 3917 3730 3996 quod

2140 4023 2436 4097 inquietos
2469 4022 2759 4079 feriendos
2790 4039 2824 4077 a
2854 4021 3133 4095 pravitate
3154 4014 3607 4094 compescat.Sed
3624 4025 3733 4097 quo-

2141 4113 2299 4170 niam
2331 4128 2757 4185 nonnunquam
2780 4109 3225 4183 pmpositorum
3250 4108 3411 4165 zelus
3430 4108 3559 4163 dum
3578 4096 3731 4157 distri-

2140 4206 2270 4259 ctus
2302 4202 2591 4258 malorum
2622 4200 2749 4257 vult
2775 4200 2985 4256 vindex
3005 4196 3488 4268 existere,transit
3505 4194 3557 4250 in
3576 4185 3732 4248 crude-

2140 4288 2366 4345 litatem
2400 4289 2708 4362 correptio,
2740 4288 2889 4344 iram
2926 4285 3152 4358 judicio
3182 4286 3428 4356 refrena,
3459 4287 3511 4340 et
3536 4287 3731 4337 censm'a

2138 4375 2459 4448 disciplinae
2493 4375 2577 4431 sic
2607 4380 2792 4443 utere,
2819 4377 2884 4429 ut
2912 4377 2969 4429 et
2997 4372 3203 4446 culpas
3237 4374 3430 4439 ferias,
3458 4375 3511 4426 et
3537 4385 3567 4424 a
3591 4362 3730 4421 dilec-

2136 4465 2295 4520 tione
2326 4480 2707 4536 personarum
2743 4480 2890 4535 quas
2922 4462 3168 4536 corrigis
3200 4481 3319 4520 non
3350 4451 3729 4519 recedasMise'

445 4551 731 4607 NICOLAUS
761 4551 1094 4623 episcopus,
1128 4567 1330 4606 servus
1379 4566 1679 4606 servorum
1710 4551 1834 4617 Dei,
1868 4568 2026 4607 revc-
2059 4571 2104 4636 D
2138 4553 2424 4609 ricordem
2466 4556 2543 4623 te,
2577 4555 2751 4624 prout
2795 4550 2982 4607 virtus
3028 4551 3270 4624 patitur,
3303 4545 3630 4624 pauperibus
3654 4553 3730 4593 ειο

376 4641 712 4696 rentissimo
742 4645 799 4695 et
829 4640 1203 4697 sanctissimo
1235 4639 1512 4696 confratri
1560 4645 1758 4697 nostro
1806 4642 2022 4697 ADELO-

374 4743 505 4782 γιΝο
538 4727 807 4800 episcopo
839 4734 1051 4784 sanctae
1082 4728 1428 4785 Juvavensis
1451 4728 1737 4786 Ecclesiae.

447 4814 664 4870 Diebus
694 4816 821 4871 vitae
855 4834 971 4872 suae
1003 4814 1412 4873 tantummodo
1444 4816 1625 4874 solem
1647 4815 1899 4891 geluque
1920 4836 2023 4890 pro

376 4903 569 4974 gregis
602 4903 692 4959 sui
724 4906 989 4961 custodia
1019 4907 1113 4961 die
1144 4923 1209 4962 ac
1242 4911 1409 4964 nocte
1440 4908 1588 4964 ferre
1608 4907 1863 4964 contenti
1885 4912 2027 4963 sunt

376 4991 547 5064 (a),ut
577 5007 765 5063 neque
789 5009 857 5046 ex
876 4993 959 5048 eis
981 5000 1082 5049 aut
1104 4997 1350 5051 errando
1372 5001 1700 5069 pereat,aut
1722 4996 1926 5053 ferinis
1948 4997 2025 5053 la-

375 5079 535 5136 niata
560 5080 853 5134 morsibus
884 5082 1147 5154 rapiatur
1172 5084 1355 5140 oculis
1385 5103 1619 5159 semper
1644 5085 2023 5159 vigilantibus

372 5169 1110 5241 circumspectant,quanto
1143 5172 1354 5229 sudore
1385 5179 1721 5248 quantaque
1751 5193 1889 5232 cura
1920 5177 2024 5231 de-

371 5259 579 5315 bemus
611 5273 740 5313 esse
771 5257 1097 5330 pervigiles,
1131 5277 1238 5316 nos
1267 5263 1367 5333 qui
1396 5269 1660 5335 pastores
1690 5265 2021 5321 animarum

370 5346 1025 5417 dicimur,attendamus
1043 5351 1100 5401 et
1116 5353 1454 5420 susceptum
1473 5351 1732 5408 ofﬁcium
1751 5352 2023 5410 exhibere

370 5453 507 5510 erga
535 5437 858 5494 custodiam
884 5434 1321 5491 Dominicarum
1344 5437 1535 5494 ovium
1559 5456 1672 5495 non
1697 5458 2017 5511 cessemus,

2134 4642 2303 4711 hibe;
2336 4640 2631 4714 oppressis
2663 4640 2922 4697 defensio
2956 4644 3059 4696 tua
3088 4639 3428 4707 subveniat;
3451 4630 3730 4708 opprimen-

2133 4731 2292 4787 tibus
2349 4730 2613 4786 modesta
2662 4728 2809 4785 ratio
2867 4728 3262 4798 contradicat;
3298 4725 3514 4784 nullius
3564 4714 3726 4775 faciem

2134 4824 2337 4875 contra
2349 4819 2645 4890 justitiam
2670 4818 2923 4892 accipias
2942 4816 3240 4892 [aspicias]
3261 4835 3274 4887 ;
3295 4814 3514 4873 nullum
3533 4816 3728 4892 queret:-

2134 4913 2253 4963 tem
2277 4887 2442 4978 justa
2473 4887 3087 4980 despicias—Custodia
3116 4907 3176 4962 in
3207 4887 3264 4962 te
3290 4899 3564 4976 aequitatis
3582 4887 3724 4950 excel-

2132 4996 2236 5063 lat,
2268 5001 2333 5052 ut
2366 5014 2469 5052 nec
2518 4996 2755 5053 divitem
2809 4995 3069 5069 potentia
3108 5013 3216 5051 sua
3247 4991 3461 5066 aliquid
3492 4982 3626 5059 apud
3650 4990 3725 5032 V05

2132 5104 2202 5142 ex
2232 5086 2391 5142 rabie
2423 5087 2608 5157 [extra
2643 5085 2820 5157 viam]
2870 5085 3079 5141 suadet
3126 5082 3365 5141 rationis
3411 5077 3618 5136 audere.
3644 5078 3723 5123 nec

2132 5192 2450 5248 pauperem
2477 5176 2549 5231 de
2586 5192 2648 5231 se
2695 5191 2803 5230 sua
2848 5160 3156 5230 humilitas
3202 5172 3373 5228 faciat
3419 5166 3718 5236 desperare!

2133 5268 2423 5337 quatenus
2447 5268 2558 5320 Deo
2590 5264 2909 5319 miserante
2940 5262 3103 5319 utilis
3135 5261 3322 5335 possis
3348 5255 3587 5315 existere,
3613 5256 3720 5316 qua'
3778 5258 3781 5259 ⁷

2132 5353 2245 5410 lem
2277 5370 2444 5410 sacra
2472 5353 2642 5410 lectio
2675 5352 2948 5425 praecepit
2977 5352 3176 5406 dicens
3200 5367 3213 5405 :
3241 5349 3447 5421 Oportet
3463 5339 3719 5425 ερίεροριιζη

2132 5420 2821 5514 ἱννθρνθήοηδίὂίιειηέιςεε.
2851 5420 2963 5496 έθά
2991 5440 3084 5497 his
3114 5420 3384 5495 omnibus
3412 5430 3490 5489 uti
3518 5420 3719 5483 salubri-

443 5546 519 5610 (α)
550 5544 722 5627 ῌεεξει
751 5543 993 5627 aliquid.
1014 5543 1210 5627 Epist.
1243 5545 1331 5627 87,
1366 5546 1438 5627 ad
1473 5546 1853 5606 Rembertum
1879 5566 1892 5607 :
1922 5551 1985 5609 Si
1997 5558 2236 5627 pastores
2261 5553 2445 5609 ovium
2473 5550 2642 5608 solem
2686 5550 2920 5624 geluque
2950 5564 3054 5626 pro
3098 5549 3276 5623 gregis
3301 5544 3390 5604 sui
3413 5531 3625 5601 custodia
3648 5522 3726 5600 die

371 5628 435 5672 ac
456 5621 606 5673 nocte
627 5616 779 5689 ferre
808 5616 1049 5677 cantanti
1074 5616 1226 5688 sunt,
1260 5625 1337 5677 ut.
1372 5620 1481 5677 etc.
