3992 6150
146 351 259 410 777

1362 344 1767 407 EPISTOLE
1810 342 1912 404 ET
1954 341 2311 405 DECRETA
2328 388 2342 404 .

3440 346 3557 407 7'78

147 482 284 537 dum
328 481 425 544 sit,
458 474 775 552 apostolica
818 479 1119 536 sanctione
1156 478 1558 534 dil‘ﬁniemus:
1594 480 1658 532 ut
1700 492 1795 532 ve-
1826 468 1879 542 λ
1911 476 2305 555 crederentur,
2337 477 2593 548 profecto
2623 480 2678 533 et
2709 476 2971 549 ipsarum
3001 475 3280 549 reliq‘uia,
3312 492 3561 549 quorum

146 574 263 625 stra
280 568 543 625 Ecclesia
571 584 697 640 qua
728 568 910 623 tantis
955 567 1213 640 quotidie
1244 567 1511 639 quatitur
1541 564 1797 620 anxieta-

145 659 321 723 tibus,
363 656 719 713 inviolahilis
760 657 1035 729 deinceps
1078 660 1133 711 et
1178 656 1530 712 inconcussa
1568 668 1798 727 perma-

152 751 304 803 neat.

214 836 293 891 De
343 834 702 909 imaginibus
748 839 970 900 autem,
1010 846 1328 905 earumque
1379 831 1798 888 observationi-

151 926 277 992 bus,
306 924 442 980 licet
479 922 644 979 nulla
686 922 1005 980 necessitas
1032 927 1187 979 esset
1216 922 1490 988 scribere,
1525 938 1590 976 eo
1639 920 1797 992 quod

149 1017 483 1070 nostrorum
515 1017 956 1069 antecessorum
992 1010 1419 1067 venerabilium
1451 1009 1797 1082 pontiﬁcum

146 1108 343 1160 sancta
390 1102 721 1158 sollicitudo
773 1099 1065 1157 catholico
1104 1100 1310 1156 ardore
1340 1115 1609 1160 succusa,
1644 1096 1798 1152 mul-

146 1196 201 1246 ta
226 1195 284 1247 et
312 1190 480 1246 valde
508 1189 676 1245 utilia
705 1189 972 1245 Ecclesia
1018 1188 1120 1244 Dei
1160 1187 1466 1261 profutura
1496 1186 1750 1242 instituit
1779 1204 1796 1240 :

143 1285 333 1336 tamen
378 1279 519 1352 quia
567 1279 841 1351 frequens
898 1278 1128 1334 iteratio
1187 1276 1618 1333 informationis
1651 1273 1799 1331 solet

139 1368 611 1424 venerabiliorem
662 1360 1046 1423 intentionem
1082 1366 1321 1421 reddere
1372 1365 1631 1420 audienti
1666 1380 1679 1418 :
1714 1363 1797 1418 id-

139 1472 316 1529 eoque
345 1457 420 1512 de
448 1455 666 1512 eisdem
716 1472 820 1528 pro
851 1454 1251 1511 conservanda
1308 1454 1531 1509 unitate
1580 1451 1795 1525 populo

138 1544 230 1602 Dei
276 1544 507 1618 aliquid
566 1560 851 1617 exponere
880 1560 1177 1599 curamus.
1214 1542 1537 1598 Pristinam
1598 1542 1799 1613 itaque

142 1640 471 1691 sanctorum
504 1634 741 1690 Patrum
772 1632 1169 1697 traditionem,
1201 1648 1386 1704 quam
1419 1648 1452 1686 a
1483 1630 1797 1703 pradeces-

145 1724 369 1780 sorihus
404 1722 622 1778 nostris
651 1721 1011 1778 beatissimis
1045 1725 1101 1777 et
1129 1719 1469 1776 orthodoxis
1504 1716 1794 1791 pontiﬁci-

150 1815 268 1879 bus,
308 1811 413 1885 qui
459 1815 591 1884 post
637 1810 873 1865 beatum
907 1809 1141 1865 Petrum
1192 1808 1252 1863 in
1303 1809 1431 1879 ejus
1480 1805 1798 1879 apostolica

146 1903 270 1957 sede
304 1899 676 1967 resederunt,
710 1897 881 1953 nobis
933 1897 1356 1952 observandam
1403 1894 1795 1966 suscepimus,

146 1995 194 2045 et
222 1990 511 2045 hactenus
550 1986 966 2043 immutilatam
1010 1985 1132 2041 hac
1181 1988 1383 2041 sancta
1426 1981 1712 2039 catholica
1741 1986 1799 2037 et

150 2076 462 2151 apostolica
490 2081 649 2132 tenet
678 2092 744 2131 ac
787 2075 1047 2131 defendit
1085 2072 1359 2130 Ecclesia.
1395 2072 1632 2145 Oportet
1663 2087 1797 2143 ergo

144 2173 259 2223 tota
285 2167 512 2222 mentis
554 2164 897 2230 intentione,
922 2163 1259 2235 summique
1308 2160 1580 2217 desiderii
1632 2176 1800 2215 cona-

148 2257 290 2312 mine
324 2254 697 2311 venerandas
723 2258 845 2310 tam
894 2251 1126 2308 Domini
1161 2250 1346 2306 nostri
1386 2250 1523 2305 Jesu
1558 2248 1796 2314 Christi,

147 2362 309 2418 quam
374 2361 493 2399 sua
554 2341 939 2399 sanctissima
998 2339 1320 2411 genitricis,
1382 2342 1437 2394 et
1492 2337 1797 2394 beatorum

148 2432 567 2506 apostolorum,
600 2436 775 2503 atque
826 2428 1090 2487 omnium
1130 2433 1469 2484 sanctorum
1512 2426 1797 2499 imagines

146 2522 404 2579 venerari
438 2527 495 2577 et
518 2519 707 2576 colere
739 2537 752 2575 :
786 2522 852 2574 ut
882 2535 948 2575 eo
980 2534 1095 2590 quo
1126 2516 1389 2573 valemus
1420 2516 1634 2570 annixu
1668 2531 1800 2570 con-

151 2619 231 2668 tra
259 2610 671 2667 hareticorum
709 2608 1030 2675 vesaniam,
1057 2607 1155 2679 qui
1206 2606 1277 2661 ab
1327 2621 1527 2660 earum
1558 2619 1796 2659 venera-

154 2702 291 2757 tione
324 2698 615 2773 populum
648 2696 978 2769 prohibent,
1013 2695 1280 2751 resistere
1311 2695 1675 2749 studeamus.

212 2792 356 2846 Nam
396 2790 454 2843 in
487 2804 626 2861 pace
658 2786 926 2841 Ecclesia
950 2786 1305 2840 constitutus
1337 2783 1416 2837 nil
1439 2781 1798 2837 contrarium

156 2896 268 2935 esse
295 2882 518 2951 potest,
552 2877 599 2932 si
633 2879 969 2931 sanctorum
1009 2872 1232 2946 effigies
1282 2872 1527 2944 propria
1559 2869 1798 2942 depicta

67 2994 72 3013 ι
157 2967 420 3024 ﬁdelibus
495 2969 749 3038 augeant
817 2962 1162 3019 incrementi
1234 2976 1512 3017 amorem.
1584 2959 1801 3014 Revera

153 3054 273 3128 quia
300 3057 451 3111 dum
505 3070 706 3111 eorum
736 3052 935 3109 vultus
981 3051 1281 3125 aspicitur,
1316 3055 1373 3106 et
1411 3048 1605 3122 operis
1650 3046 1798 3103 actio

151 3144 439 3211 recolitur,
464 3143 639 3210 Deus,
663 3142 833 3213 cujus
880 3141 1166 3197 habitatio
1205 3141 1263 3194 in
1297 3138 1380 3194 eis
1430 3154 1557 3193 esse
1589 3136 1797 3209 digno-

1911 582 2044 619 caro
2090 565 2522 637 corruptionem
2572 566 2757 621 sensit
2803 564 2863 621 in
2916 564 3144 622 tumulo
3204 582 3307 639 pro
3358 568 3563 623 neutro

1911 654 2087 725 (quod
2121 654 2294 726 absit)
2338 654 2539 710 haberi
2570 655 2938 711 deberentur.
2962 654 3377 711 Verumtamen
3411 654 3461 709 si
3492 642 3565 710 ad

1910 759 2113 799 eorum
2136 742 2495 799 consortium
2517 744 2714 799 venire
2740 749 3035 816 optamus,
3054 743 3313 816 profecto
3334 741 3427 799 hic
3450 760 3569 799 om-

1910 830 2009 887 nia
2039 831 2099 887 in
2131 831 2348 888 honore
2380 837 2741 903 sanctorum,
2768 834 2824 887 id
2857 836 2947 889 est
2984 838 3105 889 tam
3139 830 3418 906 reliquias
3449 849 3565 887 non

1909 920 2101 976 solum
2134 937 2467 994 corporum,
2493 922 2595 977 sed
2626 925 2682 977 et
2718 920 3224 989 vestimentorum,
3250 937 3353 977 seu
3387 920 3564 977 etiam

1908 1008 2198 1082 imagines
2230 1010 2424 1067 vultus
2455 1008 2686 1066 illorum
2720 1011 2779 1067 in
2813 1010 3072 1083 quolibet
3114 1010 3239 1066 loco
3279 1010 3561 1083 depictas,

1908 1098 2287 1155 celeberrimo
2319 1098 2537 1156 honore
2564 1101 2827 1156 venerari
2856 1101 3156 1169 debemus,
3185 1096 3561 1155 reminiscen-

1907 1191 1995 1243 tes
2026 1187 2196 1254 illud,
2219 1189 2372 1261 quod
2396 1188 2578 1245 Isaias
2607 1189 2857 1262 speciem
2884 1190 3160 1260 subjecta
3191 1191 3467 1245 creatura
3500 1188 3563 1244 s‘e

1906 1277 2123 1333 vidisse
2154 1281 2423 1346 testatur,
2447 1277 2645 1333 dicens
2686 1295 2699 1333 :
2742 1277 2865 1334 Vidi
2892 1278 3184 1334 Dominum
3228 1276 3449 1333 sabaoth
3485 1290 3563 1332 se-

1907 1366 2118 1421 dentem
2170 1383 2334 1439 super
2376 1368 2573 1423 solium
2617 1368 2912 1433 eacelsum,
2938 1374 2989 1423 et
3015 1381 3080 1423 ea
3110 1382 3234 1441 qua:
3287 1364 3387 1422 sub
3446 1366 3561 1440 ipso

1905 1463 2065 1510 erant
2092 1456 2389 1527 implebant
2418 1457 2678 1529 templum
2707 1458 2830 1527 (Isti.
2864 1458 2967 1524 vx),
2998 1458 3105 1511 etc.

1979 1543 2210 1599 Accedit
2240 1543 2435 1617 itaque
2468 1544 2659 1601 Moses
2685 1547 2741 1601 et
2782 1546 2995 1612 Aaron,
3022 1547 3088 1599 ut
3116 1544 3377 1601 viderent
3406 1542 3561 1601 thro-

1907 1650 2047 1688 num
2081 1632 2179 1688 ubi
2213 1636 2451 1689 steterat
2495 1632 2760 1702 Deus,'et
2806 1637 2930 1690 erat
2978 1633 3088 1690 sub
3137 1632 3385 1705 pedibus
3431 1632 3559 1704 ejus

1905 1726 2187 1794 tanquam
2220 1738 2368 1794 opus
2398 1720 2612 1794 lapidis
2644 1722 2930 1795 sapphiri,
2956 1727 3013 1779 et
3043 1721 3198 1778 velut
3230 1722 3562 1778 firmamen-

1905 1815 2031 1866 tum
2062 1809 2191 1866 cocli
2221 1811 2280 1865 in
2313 1810 2574 1867 claritate
2606 1811 2868 1885 fulgoris,
2900 1816 2956 1867 et
2985 1812 3223 1868 stabant
3253 1806 3558 1867 cherubim

1908 1916 1977 1956 ex
2005 1916 2146 1955 auro
2176 1900 2419 1954 mundo.
2444 1901 2577 1965 Qua
2610 1899 2829 1966 omnia,
2861 1900 3185 1956 secundum
3217 1900 3372 1973 quod
3403 1899 3561 1955 Salo.

1910 2002 2043 2042 mon
2076 1990 2277 2059 postea
2307 1987 2366 2042 in
2394 1988 2614 2060 templo
2644 1987 2941 2057 instruxit,
2964 1988 3024 2044 in
3057 1992 3253 2045 mo'nte
3286 2006 3419 2045 cum
3451 1987 3559 2045 Do-

1909 2076 2067 2132 mino
2100 2076 2367 2149 loquens,
2394 2077 2712 2149 imaginata
2745 2082 2801 2132 et
2829 2077 3185 2150 prasignata
3214 2078 3380 2133 vidit.

1979 2166 2107 2221 Hac
2140 2170 2196 2220 et
2239 2165 2331 2221 his
2363 2165 2581 2221 similia
2612 2166 3003 2239 pracedentes
3051 2167 3252 2223 Patres
3298 2166 3557 2233 sciendo,

1908 2255 2106 2309 iconas
2139 2254 2456 2310 Salvatoris
2496 2254 2679 2311 nostri
2709 2255 2848 2311 Jcsu
2880 2254 3112 2323 Christi,
3136 2257 3380 2328 ejusque
3423 2273 3558 2311 san-

1907 2343 2181 2399 ctissima
2199 2343 2505 2399 Genitricis
2528 2360 2876 2417 semperque
2891 2343 3561 2417 Virginis,omniumque

1905 2437 2241 2488 sanctorum
2291 2433 2351 2487 in
2400 2432 2721 2505 parietibus
2770 2433 3171 2502 ecclesiarum,
3233 2430 3559 2490 secundum

1908 2521 2061 2592 quod
2095 2526 2328 2593 tempus
2359 2519 2530 2576 hodie
2557 2521 2782 2593 prohat,
2808 2521 3211 2593 depinxerunt,
3235 2525 3293 2578 et
3323 2520 3561 2596 pingere

1908 2626 2013 2675 pro
2034 2609 2308 2681 congruis
2332 2607 2473 2664 locis
2495 2610 2655 2664 o:nni
2683 2609 2991 2667 dilectione
3013 2627 3200 2683 usque
3220 2612 3279 2666 in
3303 2608 3558 2684 prasens

1910 2716 2023 2753 non
2049 2698 2495 2771 prohibuerunt.
2520 2698 2667 2761 Quid
2690 2699 3019 2755 Christiano
3039 2699 3343 2756 verissimo
3368 2704 3555 2769 nocet,

1909 2786 1957 2840 si
1993 2786 2145 2857 quod
2179 2789 2337 2839 amat
2356 2791 2413 2839 et
2442 2785 2653 2859 diligit,
2676 2803 2790 2841 non
2823 2787 2893 2842 ad
2920 2787 3283 2842 adorandum
3305 2788 3553 2855 deiﬁcet,

1909 2874 2009 2929 sed
2042 2874 2113 2927 ad
2149 2874 2520 2929 tremendum
2552 2873 2910 2941 terribiliter,
2944 2874 3001 2928 in
3034 2874 3252 2947 pariete
3281 2875 3369 2931 vel
3397 2876 3555 2949 ligno

1908 2961 2216 3034 depingit?

1978 3051 2217 3116 Verum,
2242 3050 2381 3123 quid
2412 3050 2615 3121 officit,
2637 3050 2687 3107 si
2718 3050 3036 3125 aspicimus
3073 3050 3362 3125 imagines
3393 3050 3556 3108 Chri-

1911 3140 1987 3196 sti
2019 3140 2078 3195 in
2112 3139 2328 3212 templo
2359 3139 2645 3208 Ecclesia,
2666 3144 2724 3197 et
2750 3140 2809 3196 in
2850 3156 3061 3198 arcano
3092 3141 3285 3197 cordis
3314 3158 3556 3214 prame-

154 3230 338 3297 scitur,
398 3231 652 3304 perfecte
702 3229 995 3286 laudatur.
1030 3229 1193 3284 Certe
1252 3228 1298 3283 si
1362 3231 1533 3293 Deus,
1569 3224 1667 3298 qui
1712 3232 1800 3280 est
1829 3209 1873 3275 C
1912 3229 2172 3284 ditamur
2192 3244 2325 3284 eum
2347 3231 2866 3302 venturum,cujus
2896 3229 3213 3304 imaginem
3241 3230 3556 3303 cernimus,

155 3320 455 3377 invisibilis
487 3324 546 3376 et
585 3320 982 3391 incorporeus,
1017 3335 1128 3374 non
1183 3334 1284 3389 per
1334 3315 1628 3389 propriam
1661 3314 1800 3369 sub-

158 3410 424 3465 stantiam
485 3406 742 3473 deitatis,
767 3408 868 3463 sed
930 3424 1033 3479 per
1089 3406 1416 3476 subjectam
1474 3406 1800 3459 creaturam

156 3498 481 3554 mortalium
512 3496 783 3569 apparuit
807 3494 994 3552 oculis
1016 3500 1073 3551 et
1095 3494 1467 3551 credentibus
1498 3507 1800 3546 summum

160 3593 295 3642 esset
337 3586 583 3643 culmen
632 3584 919 3641 honoris:
956 3600 1136 3657 quare
1178 3583 1388 3638 anima
1438 3584 1798 3647 sanctorum,

161 3693 270 3747 qua
308 3680 626 3732 manentes
684 3674 742 3728 in
792 3690 1031 3747 corpore
1086 3671 1283 3727 vultus
1331 3669 1802 3741 uniuscujusque

160 3763 429 3821 habuisse
470 3768 816 3829 noscuntur,
840 3762 1164 3818 secundum
1206 3758 1653 3831 dispositionem
1707 3757 1800 3813 Dei

160 3853 283 3909 dicit
312 3853 434 3928 ipsi
464 3852 757 3925 placentia
781 3856 1050 3923 operatas
1079 3866 1227 3915 esse,
1255 3866 1366 3904 non
1398 3852 1749 3903 venerentur
1769 3862 1804 3901 a

161 3942 309 3998 nobis
337 3958 562 4015 magno
591 3941 852 3997 honore?
881 3939 995 3995 Cur
1039 3954 1240 3995 eorum
1290 3953 1657 3993 exsecramur
1686 3934 1805 3991 efﬁ-

162 4031 288 4102 gies,
319 4050 432 4105 per
462 4048 612 4103 quos
639 4031 986 4105 agnovimus
1014 4027 1149 4083 ﬁdei
1179 4025 1519 4082 veritatem?

220 4118 506 4193 Apparuit
562 4135 775 4194 nempe
830 4118 985 4174 Deus
1052 4116 1294 4172 Abraha
1361 4113 1512 4188 patri
1581 4120 1800 4182 nostro,

161 4225 259 4264 non
290 4210 347 4265 in
380 4224 583 4278 carne,
612 4223 803 4280 neque
832 4206 893 4262 in
926 4206 1143 4273 anima,
1177 4204 1277 4260 sed
1311 4203 1368 4258 in
1400 4203 1591 4276 specie
1622 4203 1803 4258 trium

161 4297 398 4355 virorum
440 4316 455 4352 :
491 4297 710 4371 quibus
760 4295 857 4351 ille
896 4295 1053 4351 aliud
1088 4310 1352 4359 cernens,
1385 4297 1441 4349 et
1487 4291 1644 4348 aliud
1677 4306 1805 4347 esse

164 4383 508 4462 intelligens,
572 4402 791 4459 pronus
844 4385 905 4440 in
958 4387 1115 4440 terra
1171 4382 1452 4448 adoravit,
1499 4385 1556 4436 et
1610 4380 1800 4436 dixit:

167 4476 392 4545 Domine,
425 4479 485 4532 si
531 4475 722 4530 inveni
774 4476 1016 4544 gratiam
1074 4475 1136 4528 in
1191 4471 1363 4527 oculis
1418 4472 1547 4536 tuis,
1579 4470 1807 4541 afferam

167 4578 367 4634 aquam,
419 4573 486 4620 ut
536 4565 787 4619 laventur
822 4563 982 4636 pedes
1026 4562 1194 4617 vestri
1221 4560 1371 4631 (Gen.
1402 4558 1515 4630 xv).
1548 4558 1808 4614 Credidit
1835 4572 1883 4646 Β

169 4651 303 4709 illico
323 4653 623 4709 Abraham
657 4652 796 4718 Deo,
826 4655 885 4706 et
922 4654 1258 4723 reputatum
1289 4651 1377 4703 est
1414 4646 1497 4702 illi
1530 4648 1601 4703 ad
1626 4645 1803 4719 justi-

166 4738 384 4811 tiam,et
423 4741 656 4797 amicus
686 4741 784 4796 Dei
817 4736 1144 4812 appellatns
1175 4741 1281 4793 est.
1313 4735 1599 4808 Apparuit
1644 4735 1807 4791 deni-

172 4845 269 4899 que
296 4831 476 4887 Jacob
509 4846 613 4903 per
643 4829 918 4901 subjecta
947 4831 1223 4883 creatura
1266 4824 1539 4903 speciem,
1573 4824 1724 4879 unde
1754 4828 1810 4881 et

172 4916 332 4973 dixit:
365 4899 848 4975 Vidi—Dominum
876 4919 1020 4989 facie
1047 4916 1117 4971 ad
1144 4899 1441 4988 facie'm,‘et
1483 4915 1635 4969 salva
1662 4916 1810 4985 facta

170 5014 237 5061 est
261 5011 452 5064 anima
481 5025 603 5064 mea
640 5007 793 5077 (Gen.
825 5006 1020 5078 xxx“).
1044 5006 1188 5062 Ecce
1236 5005 1614 5075 incorporeus
1655 5002 1810 5058 Deus

172 5098 221 5147 et
244 5095 558 5153 invisibilis
589 5112 694 5169 per
736 5095 990 5169 speciem
1031 5094 1305 5165 subjecta
1336 5095 1613 5147 creatura
1642 5091 1724 5146 ita
1748 5107 1810 5147 se

172 5185 498 5241 mortalium
524 5184 708 5241 voluit
734 5184 917 5240 videri
966 5183 1291 5247 obtutibus,
1325 5183 1388 5236 ut
1438 5180 1810 5236 credentibus

174 5277 310 5326 esset
331 5274 403 5329 ad
427 5273 677 5346 gratiam
703 5289 715 5328 :
742 5289 847 5327 cur
876 5271 1047 5328 nobis
1069 5273 1408 5327 sanctorum
1438 5268 1812 5341 icones,quos

173 5371 471 5431 corporeos
502 5366 560 5416 et
603 5360 864 5418 visibiles
908 5358 1090 5416 fuisse
1137 5357 1453 5425 credimus,
1488 5355 1535 5413 si
1569 5357 1701 5412 illos
1750 5361 1817 5413 ut

172 5460 290 5503 vere
329 5447 550 5505 Christi
596 5465 941 5507 veneremur
987 5448 1229 5511 amicos,
1263 5450 1539 5519 poterunt
1584 5462 1713 5502 esse
1743 5446 1814 5501 ad

175 5534 439 5610 culpam?
471 5538 615 5595 Nam
648 5540 698 5595 si
730 5555 936 5595 eorum
984 5536 1207 5611 efﬁgies
1255 5532 1638 5592 exsecrabiles
1688 5550 1818 5593 esse

235 5626 309 5701 (α)
339 5627 537 5685 Locus
564 5627 904 5686 mendosus.

484 5752 752 5818 PATROL.
797 5753 996 5820 CXIX.

1909 3317 2083 3374 citius
2105 3316 2369 3372 vivorum
2391 3322 2448 3372 et
2469 3322 2831 3373 mortuorum
2846 3319 3109 3390 judicem
3131 3317 3560 3375 adventurum?

1909 3406 2059 3473 Quid
2095 3405 2227 3461 fidei
2277 3410 2488 3461 nostra
2530 3408 2896 3476 contradicit,
2925 3409 3081 3480 quod
3126 3407 3185 3463 in
3233 3412 3429 3464 centro
3460 3425 3561 3463 ca-

1910 3512 2081 3550 mera
2112 3511 2289 3567 super
2336 3493 2539 3562 altare,
2563 3496 2691 3566 ejus
2734 3496 2984 3569 figuram
3025 3497 3179 3569 quod
3209 3495 3397 3552 Verbo
3426 3512 3559 3552 caro

1909 3585 2128 3639 factum
2162 3588 2269 3652 est,
2304 3589 2362 3639 et
2404 3582 2688 3640 habitavit
2742 3585 2802 3640 in
2861 3584 3049 3654 nobis,
3083 3586 3290 3641 anima
3347 3588 3558 3641 nostra

1911 3673 2234 3729 all‘ectando
2264 3672 2618 3740 desiderant,
2638 3675 2807 3746 cujus
2828 3673 3023 3748 imago
3044 3674 3300 3731 nominis
3318 3673 3558 3730 titulum

1911 3767 2176 3829 retentat,
2212 3765 2269 3817 et
2298 3762 2436 3834 quia
2494 3778 2598 3834 per
2645 3768 2915 3819 naturam
2950 3763 3163 3820 Filium
3221 3763 3556 3831 adoramus,

1910 3867 2090 3924 quare
2120 3868 2223 3923 per
2252 3851 2625 3923 adoptionem
2669 3868 2881 3909 nomen
2923 3868 3138 3909 novum
3179 3852 3466 3926 scriptum
3497 3852 3558 3908 in

1910 3938 2153 4007 calculo,
2174 3939 2263 3995 vel
2308 3939 2557 4013 gemmis
2588 3958 2705 3996 non
2736 3942 3090 3998 adoremus?
3117 3942 3313 3999 Altare
3362 3943 3560 4014 itaque

1911 4032 2203 4095 sanctum,
2222 4028 2282 4083 in
2306 4046 2420 4101 quo
2452 4035 2562 4085 Dco
2584 4029 2967 4103 omnipotenti
2988 4030 3408 4087 sacriﬁciorum
3428 4034 3560 4086 vota

1910 4116 2323 4190 persolvimus,
2346 4117 2527 4189 lapsis
2550 4122 2638 4173 est
2662 4118 3011 4174 naturaliter
3039 4118 3388 4185 communis,
3413 4115 3560 4173 nihil

1912 4203 2185 4259 differens
2219 4205 2290 4259 ab
2321 4204 2452 4259 aliis
2498 4203 2737 4273 tabulis,
2766 4221 2892 4277 qua
2924 4206 3177 4277 parietes
3222 4210 3455 4260 nostros
3503 4207 3561 4259 et

1912 4292 2245 4365 pavimenta
2292 4292 2598 4349 adornant.
2631 4293 2776 4360 Quia
2806 4309 2938 4350 vero
2984 4296 3277 4350 sacratum
3324 4296 3412 4352 est
3458 4293 3558 4349 Dei

1914 4382 2222 4454 adjutorio,
2248 4386 2303 4437 et
2320 4380 2782 4438 benedictionem
2806 4381 3083 4456 suscepit,
3109 4380 3265 4438 unde
3285 4386 3342 4438 et
3356 4398 3561 4438 mensa

1914 4474 2117 4528 sancta
2147 4470 2420 4535 efficitur,
2451 4471 2622 4543 panis
2672 4472 2904 4539 iterum,
2938 4472 3038 4543 qui
3090 4488 3267 4544 super
3308 4487 3441 4527 eum
3474 4470 3559 4527 of-

1914 4561 2114 4629 fertur,
2148 4559 2319 4634 panis
2348 4563 2436 4616 est
2485 4559 2723 4633 quidem
2773 4561 3137 4631 communis;
3170 4560 3272 4617 sed
3325 4561 3563 4634 quando

1912 4650 2038 4722 ipse
2083 4653 2449 4705 sacramento
2478 4653 2742 4706 sacratus
2772 4650 2964 4717 fuerit,
2992 4667 3204 4725 corpus
3255 4649 3470 4708 Christi
3499 4651 3560 4708 in

1913 4739 2153 4795 veritate
2202 4739 2286 4807 fit,
2312 4744 2369 4795 et
2415 4738 2649 4795 dicitur.
2675 4739 2770 4795 Sic
2799 4744 2855 4796 et
2884 4740 3084 4797 vinum
3134 4741 3430 4797 modicum
3463 4739 3564 4797 ali-

1916 4828 2057 4901 quid
2089 4827 2267 4901 digna
2313 4827 2620 4884 existentia
2665 4833 2799 4885 ante
2848 4828 3307 4888 benedictionem
3328 4831 3405 4902 (α)
3431 4835 3564 4906 post
3670 4880 3675 4883 .

1917 4916 2435 4973 sanctificationem
2468 4916 2744 4990 Spiritus,
2771 4918 3013 4992 sanguis
3044 4919 3256 4977 Christi
3286 4921 3559 4979 efﬁcitur.

1918 5007 2053 5077 Ipsa
2080 5006 2235 5061 enim
2274 5006 2464 5061 crucis
2511 5005 2704 5079 imago
2735 5011 3052 5081 antequam
3102 5010 3389 5084 suscipiat
3433 5013 3563 5085 ejus

1918 5094 2116 5150 forma
2150 5094 2420 5167 ﬁguram,
2449 5093 2675 5165 lignum
2706 5096 2778 5152 ab
2808 5098 3085 5155 omnibus
3114 5116 3428 5159 commune
3453 5106 3562 5158 est.

1898 5182 2254 5254 'Suscipiens
2284 5186 2479 5238 autem
2509 5183 2846 5243 omnimodo
2874 5189 3265 5246 venerandam
3296 5190 3570 5247 similitu-

1920 5271 2141 5338 dinem,
2168 5287 2333 5327 sacra
2371 5275 2478 5340 est,
2502 5276 2561 5328 et
2589 5274 2953 5333 damonibus
2999 5278 3297 5350 terribilis,
3330 5283 3566 5352 propter

1924 5360 2079 5431 quod
2108 5359 2168 5415 in
2199 5376 2267 5416 ea
2293 5360 2582 5433 figuratus
2613 5368 2701 5419 est
2729 5364 3020 5423 Christus.

1994 5449 2125 5504 Hac
2155 5448 2311 5505 brevi
2341 5450 2489 5523 stylo
2520 5455 3006 5525 transcurrentes,
3041 5474 3175 5513 cum
3207 5455 3391 5512 multa
3419 5454 3572 5514 dice-

1927 5554 1987 5596 re
2022 5536 2438 5615 quivissemus,
2458 5544 2659 5599 vestra
2711 5544 3009 5603 serenitati
3053 5543 3565 5618 transcripsimus;

3171 5764 3247 5830 25
