3956 6160
470 321 585 383 779
1842 327 2091 389 NICOU

2254 326 2425 387 ΑΡιΕ
2465 324 2513 386 Ι.
2744 314 2751 317 ’
3693 325 3790 385 780

470 454 613 528 quia
642 455 935 515 Adrianus
965 458 1379 515 sanctissimus
1411 457 1624 531 praesul
1656 462 1988 516 antecessor
2015 476 2120 515 no-
2145 460 2205 528 Α
2303 459 2544 531 Explicit
2569 458 2796 530 epistola
2826 459 2895 513 ab
2924 456 3218 529 apostolica
3250 453 3365 512 sede
3389 453 3455 509 ad
3482 456 3790 527 imperatorer:

470 547 596 600 ster
625 544 813 629 multa
844 548 915 603 de
943 547 1038 604 his
1083 548 1141 604 in
1173 546 1459 621 epistolis,
1486 565 1613 620 qua:
1645 547 1930 605 hactenus
1977 548 2132 621 apud
2241 547 2552 604 Michaelem
2578 564 2679 620 per
2723 546 3117 615 Rhadoaldum,
3148 553 3199 601 ct
3245 544 3546 600 Zachariam
3586 546 3797 618 cpitium

472 631 1183 708 Constantinopolitanam
1205 637 1501 694 habentur
1517 636 1856 707 Ecclesium,
1871 638 2135 694 scribens

473 722 849 792 contradidit,
880 724 938 781 in
974 726 1198 798 quibus
1229 726 1519 799 quidquid
1551 726 1733 799 hujus
1762 727 1845 783 rei
1877 727 2138 783 necessi-

478 814 571 867 tas
621 812 892 884 coegerit,
925 813 1183 871 invenire
1233 815 1517 888 poteritis.
1552 816 1794 887 Oportet
1841 815 1997 871 enim
2044 833 2136 872 ve-

477 903 668 956 strum
702 901 1006 974 imperiale
1036 905 1235 971 decus,
1269 904 1425 977 quod
1460 904 1521 959 in
1552 904 1830 960 omnibus
1863 903 2135 959 ecclesia-

478 987 639 1044 sticis
687 989 1047 1049 utilitatibus
1075 993 1269 1066 vigere
1320 992 1674 1061 audivimus,
1707 997 1771 1047 ut
1824 992 2135 1065 antiquum

479 1094 724 1146 morem,
759 1096 932 1153 quem
964 1085 1165 1138 nostra
1202 1081 1461 1139 Ecclesia
1497 1082 1739 1153 habuit,
1756 1082 1965 1138 vestris
1996 1088 2138 1138 tem-

481 1167 724 1240 poribus
783 1174 1111 1228 restaurare
1170 1170 1515 1245 dignemini,
1538 1167 1868 1243 {quatenus
1926 1170 2136 1239 vicem,

479 1271 657 1328 quam
692 1262 893 1314 nostra
940 1259 1109 1316 sedes
1138 1276 1242 1332 per
1270 1259 1573 1332 episcopos
1622 1259 1833 1315 vestris
1864 1260 1923 1314 in
1955 1259 2138 1333 parti-

478 1343 593 1400 bus
641 1346 990 1404 constitutos
1049 1347 1278 1420 habuit,
1329 1347 1597 1404 videlicet
1646 1347 2136 1404 Thessalonicen-

482 1450 632 1504 sem,
664 1434 766 1507 qui
797 1435 1071 1492 Romanae
1121 1437 1279 1493 sedis
1324 1439 1513 1493 vicem
1561 1454 1665 1510 per
1712 1436 1951 1509 Epirum
1982 1441 2134 1493 vete-

479 1540 626 1592 rem,
676 1524 1032 1597 Epirumquc
1091 1544 1321 1595 novam,
1375 1531 1551 1599 atque
1611 1526 1913 1594 llliricum,
1948 1527 2138 1582 Mace-

481 1610 740 1680 doniam,
774 1613 1164 1681 Thessaliam,
1193 1614 1492 1683 Achaiam,
1538 1615 1775 1671 Daciam
1820 1615 2133 1688 ripensem,

481 1698 839 1772 Daciamque
883 1702 1392 1771 moditerraneam,
1429 1703 1712 1773 Mmsiam,
1755 1704 2132 1773 Dardaniam,

483 1787 803 1858 Praevalim,
842 1794 904 1845 Β.
932 1790 1097 1846 Petro
1128 1792 1526 1864 apostolorum
1560 1792 1808 1865 principi
1843 1792 2133 1848 contradi-

483 1892 610 1932 cere
650 1876 849 1934 nullus
899 1867 1403 1960 praesumat/quae
1437 1885 1875 1937 antccessorum
1909 1885 2133 1936 nostro-

484 1982 614 2020 rum
638 1966 1023 2039 temporibus,
1038 1968 1260 2026 scilicet
1282 1969 1537 2038 Damasi,
1556 1969 1768 2040 Siricii,
1793 1967 2134 2037 Innocentii,

484 2053 1116 2126 Bonifacii,leestini,
1142 2057 1308 2128 Sixti,
1333 2058 1562 2125 Leonis,
1587 2057 1810 2126 Hilarii,
1830 2057 2135 2131 Simplicii,

482 2143 709 2211 Felicis,
737 2148 911 2218 atque
939 2146 1261 2204 Hormisdm
1293 2152 1630 2203 sanctorum
1662 2148 2029 2220 pontiﬁcum,
2052 2163 2139 2202 sa-

482 2232 597 2288 cris
628 2233 1113 2305 dispositionibus
1141 2236 1745 2309 augebatur.0uorum
1768 2236 2018 2308 denique
2049 2236 2135 2290 in-

484 2321 823 2378 stitutiones
853 2324 926 2379 ab
976 2324 1062 2379 eis
1110 2323 1227 2380 illis
1258 2325 1315 2379 in
1351 2326 1617 2398 partibus
1664 2325 1989 2381 destinatas
2037 2341 2140 2396 per

485 2413 718 2466 nostros
740 2409 974 2479 missos,
999 2416 1064 2467 ut
1090 2412 1169 2467 rei
1192 2412 1493 2469 veritatem
1516 2430 1864 2487 cognoscere
1886 2413 2135 2486 queatis,

483 2501 687 2553 vestrm
718 2499 1015 2570 Augustali
1054 2500 1325 2573 potentia:
1357 2502 1609 2574 dirigere
1638 2502 1994 2557 curavimus.

556 2588 839 2642 Praeterea
855 2586 1288 2644 Calabritanum
1312 2590 1758 2662 patrimonium,
1773 2594 1829 2645 et
1850 2590 2137 2655 Siculum,

487 2690 735 2747 quaeque
788 2678 999 2732 nostra;
1053 2676 1323 2734 Ecclesiae
1373 2695 1652 2735 concessa
1701 2681 1954 2749 fuerunt,
1987 2684 2045 2735 et
2074 2695 2143 2734 ea

487 2762 842 2837 possidenda
862 2764 1136 2834 obtinuit,
1151 2770 1209 2821 et
1228 2767 1593 2840 disponendo
1617 2785 1720 2841 per
1740 2786 1878 2825 suos
1900 2767 2144 2824 familia-

486 2870 581 2909 res
611 2869 809 2927 regere
854 2853 1101 2921 studuit,
1125 2854 1334 2912 vestris
1364 2857 1842 2913 concessionibus
1892 2857 2144 2913 reddan-

486 2947 604 3009 tur,
626 2941 904 3015 quoniam
944 2943 1340 3001 irrationabile
1372 2951 1461 3002 est
1494 2951 1558 3001 ut
1586 2946 1982 3004 ecclesiastica
2006 2963 2140 3019 pos-

487 3031 692 3101 sessio,
721 3032 875 3089 unde
916 3031 1233 3090 luminaria
1270 3039 1326 3090 et
1364 3034 1842 3093 concinnationes
1872 3035 2140 3091 Ecclesiae

489 3121 586 3177 Dei
617 3121 739 3177 fieri
764 3121 997 3188 debent,
1013 3126 1242 3179 terrena
1261 3124 1467 3195 quavis
1489 3128 1777 3196 potestate
1798 3123 2145 3180 subtrahan-

2243 638 2431 693 missa.

2872 833 2946 871 AD
2987 831 3263 870 PHOTIUM.

2884 905 3072 974 (Anno
3103 902 3251 972 860.)

2244 1003 2499 1058 Reservat
2526 1010 2694 1057 totam
2715 1017 2939 1057 causam
2962 1002 3149 1056 Photii
3168 1002 3230 1055 in
3247 998 3522 1054 adventum
3542 999 3801 1069 legatorum;

2314 1082 2498 1146 estque
2525 1073 2751 1146 epistola
2789 1075 2975 1145 prima
3002 1072 3073 1127 ad
3099 1072 3354 1146 Photium
3378 1088 3471 1146 per
3507 1070 3801 1146 [laudantium

2315 1153 2364 1201 et
2395 1141 2746 1267 I'Zacliariam
2789 1141 3081 1217 episcopos
3136 1141 3635 1214 Constantinopolim
3688 1141 3803 1197 decli-

2315 1233 2391 1271 na
2419 1233 2472 1272 a.

2601 1304 2789 1376 [Apud
2822 1303 3032 1370 Mansi,
3062 1303 3220 1371 ibid.,
3245 1301 3355 1358 col.
3388 1300 3526 1374 468.]

2316 1412 2520 1468 Omnis
2551 1410 2777 1468 utilitas
2810 1414 2867 1466 et
2911 1410 3205 1483 profectu:
3248 1408 3567 1465 animarum
3595 1407 3807 1463 catholica

2244 1501 2359 1556 fide
2390 1501 2656 1556 munitur
2698 1503 2754 1556 et
2801 1498 3110 1555 dilectione
3142 1496 3435 1570 Evangelii
3480 1499 3805 1568 tueturzqua

2246 1607 2449 1647 omnes
2483 1590 2637 1645 intra
2669 1607 2731 1645 se
2763 1587 3071 1644 conclusos
3098 1587 3283 1643 salvat
3311 1590 3367 1642 et
3395 1590 3544 1642 extra
3572 1602 3625 1641 se
3651 1584 3807 1657 positos

2246 1695 2384 1735 suos
2415 1696 2530 1734 non
2581 1677 2898 1734 existimat.
2924 1676 3088 1732 Unde
3118 1674 3452 1731 directionis
3480 1678 3659 1729 vestra:
3697 1690 3805 1729 sum-

2245 1768 2361 1840 ptis
2390 1767 2659 1839 apicibus
2687 1765 2961 1821 lmtiﬁcati
2995 1782 3225 1831 sumus,
3248 1763 3389 1836 quia
3412 1780 3507 1819 vos
3535 1762 3806 1817 catholicum

2246 1857 2303 1912 in
2336 1857 2421 1911 eis
2455 1854 2856 1928 cognovimus.
2881 1854 3027 1910 Nam
3060 1853 3137 1909 ibi
3172 1853 3489 1926 prudentia:
3514 1856 3687 1908 vestra:
3708 1849 3808 1905 utili-

2246 1948 2423 2001 tatem
2466 1943 2885 2008 intclloximus,
2938 1943 3185 2014 ideoque
3234 1941 3449 1997 multas
3502 1941 3691 2013 gratias
3734 1939 3807 1993 Deo

2246 2033 2633 2105 omnipotenti
2685 2031 3017 2095 retulimus,
3047 2031 3187 2103 quia
3216 2035 3471 2086 vestrum
3520 2028 3651 2084 scire
3675 2028 3729 2082 de
3748 2042 3808 2081 ca-

2247 2122 2463 2178 tholico
2495 2121 2652 2177 fonte
2680 2137 2917 2176 manare
2938 2120 3156 2193 experti
3180 2119 3525 2176 sumus.Sed
3548 2121 3729 2174 rectum
3745 2132 3809 2171 vos

2246 2212 2511 2267 ordinem
2564 2209 2805 2266 minime
2836 2209 3198 2265 continuisse
3246 2209 3577 2279 doluimus:
3607 2224 3662 2263 eo
3706 2205 3809 2277 quod

2248 2318 2362 2357 non
2385 2318 2487 2373 per
2506 2300 2724 2373 gradus
2746 2298 3014 2355 Ecclesiae
3040 2299 3252 2354 ductus
3273 2299 3344 2354 ad
3368 2301 3588 2354 tantum
3606 2296 3810 2351 honorem

2248 2391 2320 2445 de
2351 2388 2482 2445 laici
2533 2388 2683 2462 [edit.
2716 2393 2868 2445 Rom.
2896 2386 3113 2461 laicali]
3155 2386 3362 2443 habitu
3391 2404 3490 2442 vos
3518 2382 3810 2458 prosiluistis,

2249 2495 2384 2535 cum
2424 2481 2715 2551 oporteret
2760 2482 3014 2533 vestram
3067 2476 3441 2548 prudentiam
3497 2475 3570 2530 ita
3611 2470 3812 2529 canonice

2247 2568 2458 2624 vixisse
2487 2567 2546 2624 in
2586 2567 2839 2624 clericali
2886 2566 3113 2635 ordine,
3149 2570 3215 2621 ut
3247 2564 3392 2622 nihil
3422 2569 3573 2621 extra
3610 2560 3815 2619 canonica

2248 2657 2519 2713 instituta
2535 2661 2794 2731 agentes,
2809 2660 3069 2728 tempore
3087 2672 3371 2728 congruo,
3384 2670 3610 2711 ascensu
3624 2648 3813 2724 legitimo

2250 2745 2689 2802 constituereris
2718 2745 2986 2801 Ecclesiae
3018 2749 3238 2817 pastor.
3261 2745 3377 2800 Vos
3408 2745 3593 2815 itaque
3619 2742 3705 2796 hoc
3733 2753 3814 2809 per-

2251 2836 2553 2891 mittentes
2612 2835 3097 2907 [praemittentes],
3130 2838 3336 2889 contra
3391 2836 3596 2889 statuta
3643 2830 3812 2886 Patrum

2249 2924 2440 2998 egisse
2466 2924 2846 2980 manifestum
2892 2923 3108 2979 existit.
3140 2923 3290 2979 Nam
3341 2922 3656 2979 Sardicense
3680 2913 3812 2972 conci-
3869 2956 3876 2977 .

2250 3013 2395 3069 lium
2427 3030 2528 3086 per
2560 3012 2757 3068 omnia
2787 3016 2961 3068 tantae
2995 3012 3346 3068 temeritatis
3387 3006 3809 3084 praesumptionem

2248 3103 2431 3158 vetuit
2470 3104 2612 3173 (can.
2644 3103 2752 3173 43),
2787 3101 3004 3175 pariter
3050 3106 3107 3157 et
3164 3105 3499 3158 sanctorum
3552 3095 3809 3171 pontiﬁcum

487 3214 613 3278 tur;
647 3210 746 3266 sed
806 3178 1007 3266 domui
1051 3178 1149 3267 Dei
1176 3178 1463 3268 ircs‘tituta
1800 3178 2138 3268 ireddiitoris
2169 3197 2213 3265 C
2252 3192 2524 3249 Romana
2557 3192 2734 3259 sedis:
2772 3190 3066 3247 ΟωῙθδίίηί
3116 3192 3374 3247 άοοίοτίε
3422 3187 3637 3278 egregii}
3667 3178 3811 3277 Leonis

487 3298 899 3371 multiplicent,
923 3304 980 3356 et
1000 3300 1155 3356 susci
1163 3301 1380 3373 pientis
1400 3306 1598 3357 votum
1620 3301 1899 3374 spiritalis
1921 3302 2143 3357 deside-

489 3387 561 3442 rii
603 3386 786 3444 lucris
833 3394 1184 3446 exerceatur.
1220 3391 1378 3447 lnter
1408 3390 1543 3457 ista,
1576 3395 1634 3446 et
1664 3390 1939 3463 superius
1986 3390 2144 3446 dicta

486 3475 759 3533 volumus
806 3481 871 3533 ut
910 3479 1267 3535 consecratio
1310 3480 1675 3552 Syracusano
1708 3478 2141 3552 archiepiscopo

490 3570 691 3620 nostra
722 3583 755 3621 a
785 3566 924 3621 sede
966 3567 1360 3639 impendatur,
1396 3573 1459 3624 ut
1488 3568 1725 3625 traditio
1751 3570 1824 3624 ab
1864 3567 2141 3640 apostolis

490 3652 762 3708 instituta
792 3653 1133 3711 nullatenus
1155 3658 1371 3713 nostris
1394 3658 1545 3728 [cdiL
1574 3659 1721 3713 Rom.
1745 3657 1973 3730 vestris]
2000 3663 2143 3713 tem-

488 3740 731 3812 poribus
762 3740 1033 3797 violetur.

558 3827 995 3885 Destinavimus
1019 3836 1216 3887 autem
1239 3838 1440 3888 vostra:
1460 3834 1758 3889 serenitati
1788 3835 2143 3891 reverendis-

488 3916 673 3973 simos
702 3920 759 3973 et
790 3918 1198 3977 sanctissimos
1244 3922 1573 3994 cpiscopos,
1602 3922 2009 3979 Rhadoaldum
2057 3923 2142 3978 vi-

489 4003 698 4061 delicet
734 4009 948 4061 sanctae.
998 4008 1339 4066 Portuensis
1389 4009 1678 4079 Ecclesiae,
1705 4016 1879 4083 atque
1927 4011 2142 4067 Zacha-

488 4091 636 4149 riam
666 4094 981 4166 Anagnina:
1022 4101 1237 4153 sancta:
1288 4098 1578 4170 Ecclesiae,
1619 4099 1928 4173 fungentes
1985 4099 2141 4173 lega-

486 4182 645 4239 tione
675 4183 1043 4256 apostolatus
1075 4187 1280 4255 nostri,
1305 4205 1453 4260 quos
1498 4193 1563 4244 ut
1610 4188 1928 4245 honoriﬁce
1957 4189 2143 4244 susci-

486 4271 683 4345 piatis,
704 4277 959 4330 vestram
992 4275 1445 4348 amplitudinem
1478 4277 1899 4350 deprecamur:
1925 4278 2143 4350 quibus

488 4359 665 4417 etiam
697 4360 974 4433 frequens
1022 4363 1379 4437 colloquium
1425 4365 1737 4421 tribuatis:
1773 4371 1831 4422 et
1882 4367 1966 4423 eis
2014 4383 2142 4439 qua;

488 4449 559 4506 de
602 4448 997 4509 ecclesiastico
1030 4456 1186 4509 statu
1234 4454 1823 4527 irreprehensibiliter
1867 4455 2139 4525 dixerint,

487 4539 722 4596 credere
752 4557 867 4597 non
898 4542 1236 4616 ambigatis.
1271 4543 1343 4599 Et
1386 4560 1519 4599 cum
1552 4543 1613 4599 in
1643 4548 1929 4600 conventu
1961 4544 2140 4602 eccle-
2171 4567 2222 4635 Β

486 4627 584 4681 sies
616 4628 878 4685 sederint
924 4647 1028 4703 pro
1083 4632 1497 4689 ecclesiasticis
1544 4632 2023 4702 diffinitionibus,
2055 4635 2144 4689 ni-

486 4713 570 4767 hil
604 4732 637 4769 a
663 4716 848 4785 vobis,
882 4718 969 4774 vel
1002 4720 1073 4777 ab
1116 4721 1248 4777 aliis
1291 4721 1542 4794 alicujus
1572 4721 2002 4779 contrarietatis
2032 4723 2145 4780 im-

487 4804 688 4873 petum
723 4806 999 4862 sentiant.
1035 4811 1104 4865 Et
1141 4828 1277 4867 cum
1316 4813 1405 4868 fas
1436 4811 1553 4867 illis
1584 4811 1760 4867 fuerit
1791 4813 2140 4883 revertendi,

487 4894 713 4947 vestros
745 4896 1043 4953 concedite
1075 4900 1322 4969 missos;
1366 4907 1424 4958 et
1454 4900 1619 4969 tales,
1656 4900 1757 4973 qui
1802 4901 1860 4957 in
1911 4902 2144 4958 dromo-

489 4976 663 5031 nibus
709 4984 984 5054 congruis
1044 5003 1169 5043 esse
1228 4990 1472 5046 Romam
1530 4990 1876 5057 incolumes,
1922 4991 2146 5049 favente

488 5064 626 5132 Deo,
660 5070 1056 5138 apostolorum
1103 5077 1377 5147 precibus
1423 5079 1697 5134 studeant
1744 5080 1976 5150 referre,
2001 5096 2147 5152 qua-

485 5157 660 5209 tenus
690 5171 795 5226 pro
823 5160 1099 5216 omnibus
1128 5165 1336 5221 vestris
1379 5167 1547 5222 bonis
1580 5166 1986 5224 devotionibus
2014 5185 2146 5241 gra-

486 5241 602 5299 tias
634 5248 750 5299 I)eo
800 5247 1186 5319 omnipotenti
1240 5252 1413 5319 Patri,
1443 5259 1617 5327 atque
1666 5258 1795 5327 ejus
1842 5257 2145 5330 unigenito

486 5330 631 5389 Filio
663 5332 911 5390 Domino
941 5340 1140 5394 nostro
1180 5341 1319 5396 Jesu
1351 5342 1604 5408 Christo,
1638 5350 1694 5399 et
1744 5346 1981 5417 Spiritui
2015 5364 2145 5403 san-

484 5425 576 5479 cto
607 5422 874 5480 devotius
897 5441 1068 5498 agere
1089 5427 1409 5496 valeamus,
1434 5431 1524 5485 cui
1557 5438 1645 5486 est
1666 5432 1852 5489 honor
1876 5439 1933 5491 et
1960 5435 2144 5508 gloria

482 5510 543 5598 in
575 5512 790 5570 saecula
818 5513 1191 5572 saeculorum.
1224 5520 1427 5574 Amen.
1462 5520 1609 5576 Data
1648 5538 1848 5579 mense
1879 5528 2141 5598 Septem-

484 5597 612 5658 brio
643 5601 737 5663 die
764 5603 855 5675 25,
888 5603 1209 5665 indictione
1239 5624 1312 5666 ix.

2252 3279 2633 3346 sanctissimi,
2665 3281 2833 3351 cujus
2861 3280 2992 3335 laus
3020 3278 3080 3333 in
3114 3283 3327 3352 quarta
3356 3279 3565 3351 synodo
3592 3274 3717 3330 clara
3737 3268 3812 3324 exi-

2253 3372 2355 3427 stit
2379 3387 2391 3425 :
2417 3386 2517 3426 seu
2545 3368 2759 3425 Gclasii
2791 3367 3075 3434 doctrina,
3100 3373 3157 3424 et
3189 3369 3419 3425 meritis
3447 3382 3596 3439 aeque
3622 3356 3812 3418 beatissi-

2252 3459 2354 3527 mi,
2378 3458 2588 3515 horum
2619 3456 2890 3513 videlicet
2918 3457 3210 3526 instituta,
3238 3457 3350 3514 hoc
3372 3453 3754 3530 prohibuerunt,
3771 3447 3811 3498 ut

2251 3548 2386 3603 talis
2415 3546 2704 3603 ordinatio
2736 3546 2857 3602 fieri
2891 3563 3007 3602 non
3042 3551 3513 3619 praesumeretur.
3540 3538 3813 3611 Quapropter

2251 3640 2453 3692 vestrae
2482 3635 2905 3691 consecrationi
2928 3635 3262 3691 consentire
3314 3634 3482 3690 modo
3528 3648 3625 3685 non
3668 3638 3810 3699 possu-

2253 3743 2406 3793 mus,
2428 3726 2609 3780 donec
2670 3723 2875 3792 nostri,
2913 3724 3016 3796 qui
3057 3742 3091 3779 a
3130 3724 3304 3781 nobis
3344 3709 3809 3785 Constantinopolim

2252 3819 2391 3871 sunt
2421 3813 2644 3882 directi,
2670 3817 3055 3883 revertantur,
3078 3812 3333 3884 qualiter
3361 3829 3461 3884 per
3478 3827 3567 3866 eos
3587 3813 3813 3893 cognosti?

2253 3921 2387 3959 mus
2407 3908 2611 3958 vestra:
2638 3894 3063 3958 observationis
3084 3907 3274 3969 actus,
3290 3907 3347 3957 et
3367 3894 3723 3956 ecclesiasticae
3738 3892 3810 3940 uti-

2253 3992 2435 4048 litatis
2456 3992 2870 4057 constantiam,
2885 3996 2939 4047 et
2963 4007 3078 4064 quo
3109 3991 3310 4046 studio
3332 3989 3485 4045 circa
3506 3980 3748 4071 catholica?

2252 4081 2342 4137 dei
2374 4081 2771 4137 defensionem
2801 4062 3027 4136 vosmet
3064 4078 3404 4135 exerceatis.
3429 4079 3494 4134 Et
3522 4081 3661 4136 tunc,
3687 4067 3723 4123 si

2251 4187 2433 4243 gnum
2457 4169 2651 4237 fuerit,
2674 4174 2739 4225 ut
2759 4173 2931 4224 tanta:
2955 4168 3112 4225 sedis
3134 4167 3466 4240 praesulem,
3487 4181 3580 4220 ceu
3599 4153 3811 4217 convenit.

2252 4259 2695 4325 honorahimus,
2718 4262 2775 4313 et
2814 4259 3071 4313 fraterna
3108 4258 3424 4314 dilectione
3462 4250 3809 4324 amplectamur-

2254 4352 2396 4404 Data
2427 4364 2625 4404 mense
2658 4346 3043 4419 Septembrio,
3076 4346 3171 4402 die
3201 4349 3293 4416 25,
3328 4346 3523 4401 indict.
3553 4357 3617 4395 Ix.

2384 4559 2456 4598 AD
2487 4558 2791 4598 EPISCOPOS
2822 4558 2881 4597 IN
2914 4556 3104 4599 REGNO
3135 4556 3340 4596 CAROLI
3370 4543 3717 4594 CONSTITUTOS-

2891 4632 3078 4698 (Anno
3110 4629 3261 4700 860.)
3684 4710 3687 4711 ν
3712 4701 3720 4711 .

2253 4727 2332 4778 De
2360 4720 2683 4793 lngeltrude,
2711 4720 2930 4793 Bosonis
2949 4720 3158 4793 comitis
3183 4698 3359 4793 umore
3373 4714 3621 4793 fugitivo;
3642 4698 3807 4793 alia“

2357 4779 2842 4857 ex'commun'icent,
2869 4792 2923 4845 si
2950 4789 3021 4844 ad
3050 4791 3233 4845 virum
3265 4779 3737 4844 redire'contemnal.

2603 4888 2789 4962 [Apud
2823 4886 3032 4953 Mansi,
3068 4888 3227 4954 ibid.,
3262 4884 3372 4942 col.
3403 4878 3543 4954 326.]

2325 4996 2608 5051 NICOLAUS
2638 4980 2970 5067 episcopus,
2992 5010 3193 5049 servus
3240 5003 3528 5047 servorum
3573 4978 3805 5067 Deiyff’ve'

2255 5084 2587 5140 rentissimo
2620 5100 2684 5138 ac
2718 5082 3092 5139 sanctissimo
3115 5085 3172 5137 et
3199 5077 3471 5137 confratri
3501 5059 3807 5161 nostrohmf

2255 5191 2412 5229 anno
2440 5171 2899 5244 archiepiscopo,
2925 5175 2981 5226 et
3009 5170 3285 5227 omnibus
3315 5154 3716 5234 archiepiscopis
3736 5154 3804 5199 59“

2253 5261 2541 5334 episcopis
2572 5261 2631 5315 in
2665 5276 2841 5333 regno
2867 5259 3053 5315 Caroli
3084 5256 3433 5315 constitutis.
3680 5325 3709 5334 υ

2323 5328 2614 5405 Canonica
2645 5328 2962 5404 auctoritas
2992 5348 3101 5403 hoc
3132 5346 3289 5403 omni
3329 5345 3386 5400 in
3428 5342 3542 5397 loco
3570 5328 3805 5416 praedch

2254 5455 2369 5493 non
2403 5442 2689 5504 cessat,ut
2713 5435 2967 5509 populus
2996 5437 3191 5491 divino
3213 5432 3393 5491 cultui
3417 5421 3805 5509 ωωιοίρδίυῖπξ

2251 5498 2732 5600 reprehensihilis
2783 5498 2994 5581 existat
3027 5543 3040 5580 :
3074 5542 3188 5598 quo
3225 5522 3379 5581 enim
3426 5498 3803 5600 mediantﬁiittr1

2251 5596 2461 5673 melius
2484 5613 2759 5690 potuerit,
2775 5630 2952 5688 quam
2974 5596 3206 5672 illorum
3236 5596 3711 5671 sollicitudine,qui
3735 5596 3802 5658 l3“
