3956 6160
441 330 560 394 783

971 566 1046 607 AD
1085 564 1274 605 OMNES
1313 563 1542 605 FIDELES
1551 591 1563 603 .

1091 639 1274 710 (Anno
1306 637 1454 708 852.)

444 730 604 786 Docet
634 728 965 785 Orientalem
991 727 1301 783 Ecclesiam
1348 727 1472 781 sine
1500 726 1616 781 ullo
1644 741 1743 781 suo
1772 740 2033 781 consensu
2061 739 2096 778 α

516 801 709 871 legatis
731 799 872 871 sedis
909 799 1221 870 apostolica
1270 799 1547 869 Ignatium
1594 798 1915 869 depositum,
1948 796 2091 850 Pho-

518 873 659 926 tium
684 870 1059 926 substitutum.
1333 883 1338 888 ·

783 975 973 1049 [Apud
1004 975 1211 1042 Mansi,
1243 976 1401 1059 (Ione.
1436 979 1577 1030 tom.
1610 974 1750 1044 XV.]

518 1081 801 1138 NICOLAUS
814 1083 1354 1155 episcopus,servus
1376 1097 1675 1136 servorum
1688 1079 2094 1147 Dei,omnibus

447 1169 722 1228 ﬁdelibus
753 1176 966 1228 sancta
997 1171 1097 1227 Dei
1127 1169 1417 1227 Ecclesia.

521 1260 682 1327 Quod
714 1259 894 1333 igitur
912 1259 1167 1334 generali
1192 1258 1399 1316 notitia
1419 1262 1609 1315 exstat
1641 1258 1923 1314 universa
1940 1256 2095 1329 plebi

448 1348 552 1405 Dei
584 1348 909 1424 vulgatum,
947 1349 1189 1404 minime
1248 1352 1450 1405 vestra
1505 1347 1801 1403 sanctitati
1849 1346 2098 1402 habetur

451 1435 838 1513 incognitum,
870 1438 1121 1511 qualiter
1140 1438 1433 1511 praeterito
1450 1437 1580 1508 jam
1614 1442 1874 1509 tempore
1896 1438 2101 1491 sancta

452 1526 1116 1600 Constantinopolitanae
1146 1527 1308 1583 urbis
1339 1525 1738 1596 Ecclesia,imo
1770 1526 2101 1581 Gracorum

450 1618 707 1691 inclytus
738 1616 1062 1689 imperator
1093 1632 1226 1671 cum
1278 1615 1768 1671 christianissima
1798 1614 1964 1687 plebe
1984 1630 2102 1669 sua

454 1705 662 1763 ditioni
676 1706 943 1776 subjecta
971 1721 1076 1776 pro
1094 1704 1446 1777 quibusdam
1461 1701 2103 1777 pravaricationibusin

453 1796 657 1853 eadem
688 1792 952 1850 Ecclesia
983 1793 1309 1867 pullulatis,
1344 1811 1409 1849 ac
1439 1793 1614 1850 variis
1639 1790 2106 1850 dissensionibus

453 1884 513 1941 in
543 1883 747 1940 eodem
779 1881 992 1955 populo
1013 1899 1191 1955 super
1233 1883 1437 1939 Pbotio
1471 1882 1756 1958 invamre,
1789 1886 1845 1937 et
1876 1879 2101 1952 Ignatio

452 1971 785 2049 patriarcha
806 1970 1071 2043 nequiter
1086 1971 1325 2039 obortis,
1342 1972 1562 2045 legatos
1582 1970 1848 2043 proprios
1862 1970 1933 2025 ad
1950 1969 2102 2025 hanc

454 2066 741 2129 sanctam,
765 2064 823 2116 et
853 2060 1119 2115 omnium
1143 2060 1525 2116 ecclesiarum
1542 2064 1791 2115 matrem
1815 2059 2105 2114 miserunt

451 2149 794 2218 Ecclesiam,
827 2148 1249 2205 discretissima
1267 2148 1539 2204 videlicet
1563 2147 1952 2221 protulatione
1973 2162 2105 2202 con-

453 2238 734 2304 sulentes,
764 2236 866 2310 qui
895 2236 1263 2294 difﬁnitionis
1278 2236 1538 2294 calculus
1561 2253 1736 2308 super
1760 2233 2101 2307 hujusmodi

454 2326 1030 2403 pravaricationibus
1061 2325 1499 2397 nostrojudicio
1530 2325 1837 2382 deberetur
1856 2321 2099 2395 imponi.

456 2417 672 2476 Sancta
700 2415 921 2472 scilicet
952 2432 1019 2471 ac
1050 2414 1270 2471 salubri
1327 2414 1676 2471 discretione
1735 2411 1999 2486 perducti
2028 2411 2101 2467 ab

452 2507 565 2565 hac
593 2504 900 2578 principali
932 2503 1214 2573 Ecclesia,
1250 2521 1426 2576 quam
1457 2503 1739 2559 veraciter
1766 2500 2103 2573 intelligunt

453 2614 488 2653 a
515 2595 743 2651 Christo
762 2593 1056 2650 Salvatore
1078 2593 1408 2666 percepisse
1436 2591 1528 2649 sui
1553 2590 1916 2664 principatus
1935 2589 2102 2662 privi-

453 2683 626 2757 legia,
661 2699 775 2738 non
810 2680 1104 2737 immerito
1135 2682 1208 2737 ob
1242 2680 1684 2737 adiﬁcationem
1716 2678 2016 2751 religionis
2048 2682 2104 2733 et

455 2771 958 2845 recuperationem
978 2770 1138 2844 pacis
1168 2775 1343 2842 atque
1356 2768 1677 2826 concordia
1691 2768 1802 2823 sub
1825 2766 2104 2824 canonica

454 2861 805 2918 difﬁnitione
835 2859 945 2916 sibi
978 2859 1101 2916 dari
1134 2864 1438 2932 poscentes
1461 2858 1983 2930 judicia.Quorum
2015 2873 2104 2912 sa-

453 2949 790 3009 luberrima
810 2948 1078 3022 petitioni
1099 2950 1393 3015 cedentes,
1428 2948 1699 3020 dirigere,
1733 2951 1798 3001 ut
1827 2946 2103 3001 omnibus

457 3039 656 3106 claret,
687 3038 827 3094 illuc
859 3037 1199 3093 studuimus
1221 3054 1287 3091 ex
1317 3036 1495 3092 latere
1516 3035 1890 3108 pontiﬁcatus
1921 3032 2105 3089 nostri

458 3127 701 3201 legatos,
736 3127 835 3199 qui
871 3130 1071 3183 nostra
1118 3125 1438 3198 apostolica
1485 3124 1829 3180 auctoritate
1869 3123 2102 3190 muniti,

459 3221 652 3274 errata
682 3215 1056 3287 corrigerent,
1086 3214 1397 3287 depravata
1429 3229 1673 3285 quaque
1703 3213 1774 3268 ad
1806 3211 2103 3268 rectitudi-

461 3306 556 3362 nis
587 3303 883 3371 tramitem
910 3304 1316 3376 perducerent.
1345 3304 1527 3375 Super
1555 3302 1757 3358 Photio
1788 3317 2022 3374 quoque
2052 3305 2108 3356 et

462 3393 688 3466 Ignatio
718 3390 1047 3465 patriarcha
1096 3391 1174 3446 rei
1217 3396 1391 3466 gesta
1441 3390 1741 3446 veritatem
1800 3388 2108 3462 diligenter

463 3481 845 3553 inquirerent,
894 3484 1214 3550 nostroque
1270 3478 1643 3552 apostolatui,
1676 3478 1792 3535 Deo
1849 3482 2102 3545 auctore,

461 3567 720 3641 legitime
753 3567 1100 3624 difﬁnienda
1130 3568 1199 3621 ad
1235 3566 1527 3637 liquidum
1550 3566 1819 3621 nuntiare
1851 3566 2109 3622 studuis-

462 3660 613 3722 sent,
648 3660 939 3727 quatenus
971 3654 1288 3710 missorum
1316 3659 1648 3708 nostrorum
1682 3654 1845 3709 fieret
1874 3658 2105 3709 tantum

460 3741 791 3813 inquisitio,
823 3747 878 3797 et
905 3759 1041 3796 vera
1090 3740 1462 3803 examinatio,
1494 3741 1663 3796 nobis
1691 3747 1884 3797 tamen
1913 3759 2105 3798 rema-

459 3833 626 3885 neret
655 3834 949 3885 reservata
979 3828 1479 3895 difﬁnitio,utrum
1513 3845 1647 3884 vera
1675 3834 1929 3896 esset,an
1960 3831 2105 3887 falsa

457 3933 635 3991 super
658 3916 869 3990 Ignatii
904 3915 1249 3991 patriarcha
1281 3916 1627 3973 criminibus
1660 3919 2104 3975 accusatio.Sed

456 4004 664 4079 legatis
697 4005 938 4073 nostris,
979 4004 1080 4078 qui
1113 4021 1290 4078 super
1318 4004 1426 4060 hoc
1456 4022 1626 4078 opere
1657 4006 1823 4062 missi
1868 4007 2107 4064 fuerant

453 4092 1284 4166 revertentibus,imperialem
1318 4094 1389 4149 ab
1424 4094 1644 4173 eisdem
1668 4094 1934 4166 partibus
1951 4095 2102 4168 epis-

453 4183 632 4240 tolam
648 4187 849 4239 nostro
863 4180 1214 4256 apostolatui
1231 4181 1532 4254 peripsius
1546 4181 1806 4256 legatum
1822 4185 2102 4242 directam

454 4271 844 4330 nihilominus
874 4271 1243 4344 recepimus.’
1283 4272 1347 4326 In
1405 4272 1577 4343 cujus
1628 4271 1775 4328 serie
1813 4278 1869 4328 et
1898 4290 2099 4329 eorum

453 4361 784 4418 actionibus
814 4359 1363 4433 cognovimus,quia
1388 4359 1776 4416 dissensionis
1794 4366 1852 4417 et
1869 4362 2099 4418 invidia

450 4450 605 4507 inter
632 4449 767 4506 illos
789 4448 1295 4504 crebrescentibus
1328 4447 1499 4503 malis
1522 4449 1745 4520 absque
1764 4449 1882 4505 ullo
1906 4456 2102 4509 nostro

452 4555 766 4606 consensu,
795 4537 884 4593 vel
914 4542 1117 4594 nostra
1147 4537 1387 4593 omnino
1419 4537 1794 4606 conscientia,
1829 4538 2096 4596 Photium

450 4626 764 4683 indiscrete
806 4626 1222 4699 subrogarunt,
1255 4629 1312 4681 et
1360 4623 1652 4697 Ignatium
1703 4626 2095 4697 patriarcham

452 4713 868 4784 deposuerunt.
903 4715 1066 4783 Quod
1090 4714 1293 4787 utique
1308 4712 1862 4770 indiscretissimum
1877 4714 2094 4772 factum

451 4950 962 5044 Dapvvsiatftnnqt.
986 4958 1173 5044 νΤνευ.ζ
1196 4956 1449 5044 γιιξ,
1483 4974 1541 5012 n.
1568 4958 1700 5044 124.¹
1724 4961 1772 5014 Α
1810 4961 1980 5044 cujus
1992 4963 2095 5044 ju:

452 5025 698 5101 ramenti
731 5025 957 5101 vinculo
975 5043 1072 5101 eos
1092 5028 1545 5101 solvitNicolaus
1570 5025 2015 5101 pont.prasenti
2018 5036 2090 5091 ad

450 5092 969 5177 episc0p‘os‘Gallia
989 5097 1208 5153 directa
1224 5092 1703 5177 deqrotali,quam
1714 5092 1963 5177 Decreto
1985 5122 2092 5161 suo

448 5165 698 5220 inseruit
728 5165 1233 5240 Gratianus‘caus.
1272 5171 1355 5231 15,
1389 5165 1576 5239 quast
1606 5174 1661 5236 6,
1696 5175 1753 5228 C.
1786 5176 1841 5228 2.
1864 5176 2090 5240 Quanto

446 5242 645 5310 autem
678 5252 746 5310 eo
773 5241 1035 5310 tempore
1050 5237 1213 5294 hisin
1235 5237 1499 5310 partibus
1516 5241 1574 5296 in
1592 5247 1753 5297 motu
1773 5237 1991 5302 fuerint
2006 5265 2093 5304 ra-

442 5308 598 5393 pina
628 5312 685 5364 et
715 5307 1190 5393 depradationes,
1224 5307 1386 5393 exiener
1416 5311 1585 5393 facile
1616 5313 2089 5393 colligiturgquod

444 5381 504 5436 in
538 5382 828 5450 conventu
860 5394 1032 5450 quem
1067 5396 1218 5435 anno
1265 5381 1370 5434 860
1426 5381 1799 5439 Conﬂuentia
1832 5381 2089 5446 habuere

444 5467 609 5523 reges
638 5448 892 5507 Carolus'
910 5448 1116 5505 Calvus
1150 5455 1205 5523 et
1236 5450 1561 5523 Ludovicus
1584 5454 1961 5515 Germanicus
1981 5462 2092 5518 fra-

441 5520 937 5604 tre'sh‘eonumqu‘e
969 5537 1149 5604 nepos
1181 5520 1509 5604 Lotharius,
1532 5522 1685 5604 inter
1716 5529 1942 5600 reliqua
1966 5532 2088 5589 hac

446 5592 669 5670 sancita
696 5592 949 5670 fuerint:
978 5614 1005 5670 ς(
1024 5592 1330 5670 Volumus,
1358 5596 1419 5670 ut
1440 5592 1695 5670 ecclesia
1723 5603 1777 5653 et
1795 5592 1941 5655 casa
1962 5603 2084 5670 Dei,

441 5664 511 5745 ut
531 5662 786 5743 episcopi
815 5669 873 5726 et
891 5664 994 5726 Dei
1023 5663 1315 5737 homines,
1345 5662 1539 5723 clerici
1595 5671 1651 5725 et
1705 5673 1998 5743 monachi,
2034 5662 2089 5735 et

1814 324 2124 387 NICOLAI
2172 325 2397 387 PAPIE
2439 326 2485 386 Ι.

3654 340 3745 401 πει

2120 460 2177 527 Α
2208 457 2400 525 nobis,
2432 462 2491 516 et
2520 458 2801 516 universa
2826 458 3096 519 Ecclesia
3127 467 3327 521 nostra
3351 465 3654 523 omnimodis
3677 468 3751 525 ha-

2208 546 2380 603 betur
2408 548 2769 606 contrarium
2796 566 2809 604 :
2844 550 2986 622 quia
3014 556 3215 609 contra
3242 570 3421 611 sacros
3447 571 3660 612 canones
3676 558 3753 628 qii

2203 636 2426 709 absque
2444 637 2755 695 verissima
2775 639 3119 710 probatione
3144 641 3416 698 neminem
3431 643 3756 710 damnari,nec

2201 724 2453 782 alterum
2485 726 2650 799 prius
2681 727 2739 782 in
2771 729 2904 801 ejus
2944 728 3071 785 loco
3124 730 3412 803 subrogari
3462 733 3757 805 pracipiant,

2205 814 2496 887 Ignatium
2530 816 2923 888 patriarcham
2954 819 3324 875 damnarunt.
3346 821 3411 876 Et
3432 820 3635 888 iterum,
3659 839 3757 879 cum

2206 902 2434 960 dicente
2464 904 2711 961 Domiuo
2738 908 2873 962 :Non
2900 908 2974 962 sit
3001 906 3297 980 discipulus
3314 926 3467 980 super
3481 912 3760 979 mgistrum,

2203 1008 2380 1063 neque
2408 1010 2597 1050 servus
2637 1011 2802 1066 super
2829 995 3114 1052 dominum
3148 1014 3307 1053 suum
3349 999 3539 1065 (Matth.
3588 1003 3654 1065 ι),
3680 1016 3763 1055 me-

2205 1086 2471 1138 moratus
2502 1083 3026 1157 antisteslgnatius
3056 1102 3089 1140 a
3120 1086 3233 1142 sibi
3261 1087 3595 1158 subjectis,et
3611 1086 3765 1142 minis-

2204 1170 2312 1226 tris
2324 1170 2415 1226 sui
2429 1172 2551 1227 ordi
2561 1172 2669 1239 nis,
2679 1172 2894 1245 proprii
2907 1173 3124 1247 gradus
3135 1175 3409 1232 sustinuit
3420 1176 3764 1248 prajudicium:

2206 1263 2266 1316 et
2296 1264 2498 1316 contra
2541 1262 2775 1317 doctore
2806 1262 3039 1335 egregio
3079 1263 3256 1319 Paulo
3304 1263 3500 1320 dilecto
3546 1264 3766 1337 discipulo

2207 1365 2313 1404 suo
2343 1348 2649 1405 Timotheo
2678 1350 3067 1422 pracipiente,
3113 1356 3178 1407 ut
3234 1352 3441 1408 nemini
3487 1352 3587 1408 cito
3612 1369 3769 1409 manus

2210 1439 2570 1511 imponeret;
2602 1443 2658 1494 et
2687 1440 2801 1495 Non
2830 1442 3181 1512 neophytum,
3215 1441 3419 1513 inquit,
3440 1451 3495 1497 ut
3541 1444 3591 1497 in
3629 1458 3767 1513 super-

2212 1529 2359 1581 biam
2389 1528 2563 1583 elatus
2594 1530 2653 1583 in
2674 1528 2951 1599 judicium
2992 1529 3204 1586 incidat
3231 1531 3437 1586 diaboli
3464 1531 3508 1602 (ι
3540 1532 3652 1586 Tim.
3678 1533 3768 1596 III):

2213 1614 2480 1671 Photium
2513 1615 2707 1672 subito
2738 1634 2805 1672 ex
2826 1616 3017 1674 laicali
3040 1616 3252 1673 militia
3273 1622 3509 1674 tractum
3528 1618 3769 1674 indiscrete

2212 1704 2480 1760 ordinare
2496 1706 3502 1780 prasumpseruntepiscopum.0ua
3520 1722 3771 1763 causacon-

2215 1797 2305 1848 tra
2334 1793 2599 1849 ordinem
2634 1793 2897 1850 divinum
2930 1794 3203 1867 nequiter
3259 1800 3403 1863 acta,
3430 1796 3579 1852 valde
3627 1799 3770 1851 nostra

2214 1878 2590 1952 apostolatui,
2623 1885 2680 1935 et
2722 1881 3004 1937 universa
3036 1885 3127 1951 (ut
3174 1883 3393 1939 dictum
3422 1884 3522 1955 est)
3570 1881 3771 1939 Ecclesia

2210 1972 2422 2024 nostra
2451 1968 2808 2025 omnimodis
2840 1974 3038 2026 manet
3066 1971 3535 2029 contraria.Unde
3560 1968 3772 2043 generali-

2216 2060 2305 2113 ter
2335 2062 2615 2129 agnoscat
2644 2058 2839 2115 omnis
2891 2060 3150 2115 Ecclesia
3195 2065 3538 2126 sanctorum,
3568 2060 3682 2132 quia
3702 2073 3772 2112 nec

2212 2150 2411 2202 nostra
2442 2146 2550 2201 fuit
2579 2146 2954 2218 conscientia,
2987 2164 3093 2204 nec
3136 2149 3350 2220 jussio,
3410 2166 3509 2204 nec
3550 2148 3771 2209 voluntas,

2212 2252 2389 2307 super
2418 2234 2606 2291 Photii
2638 2236 3073 2309 subrogatione,
3107 2237 3199 2293 vel
3248 2236 3451 2311 lgnatii
3505 2233 3773 2310 patriarehe

2212 2323 2605 2396 depositione:
2638 2328 2695 2379 et
2728 2340 2905 2396 super
2932 2324 3344 2396 hujuscemodi
3379 2321 3777 2398 pravaricationi-

2211 2412 2323 2466 bus
2353 2412 2618 2469 omnium
2650 2418 2976 2469 vestrorum
3007 2415 3305 2471 sanctitati
3335 2413 3697 2471 satisfaciendo
3717 2426 3777 2465 ve-

2214 2500 2443 2556 rissime
2474 2501 2893 2559 denuntiamus
2917 2521 2930 2571 ;
2954 2503 3095 2576 quia
3124 2508 3260 2577 post
3278 2503 3618 2560 verissimam
3646 2499 3777 2556 nostri

2210 2589 2497 2646 examinis
2528 2589 3029 2661 deliberationem,
3064 2610 3170 2649 nec
3220 2593 3486 2648 Photium
3516 2590 3779 2662 recipimus.

2211 2694 2318 2733 nec
2377 2677 2667 2750 Ignatium
2720 2679 3114 2751 patriarcham
3172 2681 3544 2744 damnamus,
3574 2695 3662 2734 nec
3691 2677 3782 2747 jus-

2212 2767 2424 2835 simus,
2457 2783 2562 2822 nec
2592 2768 3021 2837 consensimus,
3058 2786 3163 2826 nec
3220 2774 3406 2828 ratam
3455 2762 3783 2840 hujuscemodi

2212 2854 2759 2924 ordinationem,vel
2774 2857 3150 2914 indiscretam
3164 2859 3579 2932 depositionem
3605 2868 3781 2913 manere

2206 2944 2567 3016 judicamus,
2592 2962 2781 3018 neque
2814 2946 3045 3002 firmam
3068 2947 3298 3020 absque
3317 2950 3488 3019 justa
3504 2942 3785 3002 deﬁnitionis

2212 3033 2519 3090 libramine
2552 3033 2671 3091 ullo
2704 3036 2877 3092 modo
2927 3035 3391 3103 consentiamus,
3423 3052 3522 3093 nec
3562 3031 3784 3108 Ignatium

2214 3122 2481 3179 videlicet
2513 3123 2908 3195 patriarcham
2943 3124 3096 3180 inter
3146 3124 3448 3197 depositas
3498 3127 3782 3197 reputemus,

2138 3194 2179 3261 Π
2221 3226 2409 3282 neque
2431 3194 2837 3283 reputabimus
2860 3213 2981 3280 ;sed
3015 3229 3120 3269 nec
3151 3194 3434 3271 Photium
3454 3213 3512 3269 in
3541 3194 3784 3284 episcopali

2216 3300 2419 3356 ordine
2452 3317 2915 3357 annumeramus
2945 3318 3050 3357 nec
3080 3318 3197 3357 ann
3210 3303 3615 3359 umerabimus.

2288 3389 2490 3462 Igitur,
2526 3388 2892 3447 dilectissimi
2923 3391 3151 3459 fratres,
3186 3392 3488 3449 sanctitati
3517 3382 3785 3458 vestra,qui

2216 3477 2530 3536 catholicas
2585 3476 3131 3549 Alexandrinorum,
3211 3481 3692 3547 Antiochenorum,
3726 3471 3785 3528 vel

2214 3566 2745 3640 Hierosolymorum
2779 3567 3119 3641 gubernatis
3159 3570 3477 3638 Ecclesias,
3509 3586 3599 3626 seu
3622 3562 3788 3622 cunctis

2215 3654 2595 3712 orientalibus
2626 3656 3009 3728 metropolitis
3039 3662 3222 3730 atque
3254 3660 3557 3732 episcopis,
3587 3657 3691 3711 luce
3713 3651 3789 3707 cla-

2215 3744 2338 3801 rius
2375 3744 2825 3816 expressiusque
2885 3746 3320 3818 signiﬁcamus,
3379 3748 3633 3821 quoniam
3670 3740 3789 3797 sedes

2214 3832 2533 3906 apostolica
2559 3833 2722 3889 nullo
2768 3839 2938 3905 pacto
2993 3837 3390 3893 venerabilem
3447 3835 3698 3910 Ignatium
3721 3845 3790 3900 pa-

2213 3922 2531 3979 triarcham
2564 3922 2871 3995 dignitatis
2900 3924 3149 3995 propria
3181 3926 3485 3999 privilegio
3514 3920 3689 3980 nudari
3707 3926 3787 3971 tam

2211 4011 2533 4083 improvide
2565 4011 2820 4083 patitur;
2864 4012 2966 4068 sed
3024 4014 3219 4087 magis
3281 4014 3512 4088 repulso
3556 4030 3586 4069 a
3633 4010 3790 4065 sancte

2212 4099 2509 4155 catholica
2541 4104 2598 4154 et
2627 4098 2957 4172 apostolica
2997 4117 3165 4159 sacro
3199 4103 3470 4160 Ecclesia
3490 4103 3678 4157 viscere
3700 4110 3788 4168 per

2210 4205 2412 4245 vasore
2444 4189 2732 4261 conjugis,
2777 4194 2841 4244 ut
2899 4190 2983 4247 ita
3034 4191 3385 4261 dixerimus,
3440 4192 3539 4247 viri
3588 4182 3789 4245 viventis,

2209 4276 2627 4334 scelestissimo
2643 4277 2908 4335 videlicet
2923 4278 3593 4347 Photio,sanctissimum
3605 4272 3789 4349 patriar-

2210 4364 2383 4421 cham
2412 4365 2705 4437 Ignatium
2736 4365 2796 4421 in
2827 4366 2917 4422 sui
2949 4370 3267 4447 sacerdotii
3299 4368 3576 4442 dignitate
3594 4372 3792 4421 manere.

2211 4454 2364 4509 sicut
2393 4454 2533 4510 olim
2567 4454 2922 4521 decreverit;
2958 4457 3173 4512 iterum
3218 4475 3458 4530 quoque
3486 4452 3723 4512 canonico
3744 4459 3789 4498 ac

2128 4562 2175 4626 D
2210 4542 2383 4617 legali
2414 4543 2678 4599 examine
2697 4543 2924 4614 judicat
2953 4553 3007 4601 et
3036 4546 3319 4604 decernit.
3352 4548 3423 4604 Et
3452 4550 3515 4602 ut
3547 4559 3636 4599 vos
3660 4537 3791 4607 hujus

2206 4633 2362 4689 sedis
2393 4632 2757 4705 privilegium
2794 4633 2901 4689 rite
2933 4640 3255 4702 servantes,
3310 4636 3431 4708 pati
3459 4632 3702 4704 religione
3723 4639 3790 4678 ca-

2203 4721 2399 4777 tholici
2412 4721 2557 4793 ,pari
2570 4720 2743 4777 etiam
2760 4721 3065 4778 nobiscum
3078 4740 3260 4795 super
3270 4720 3608 4781 venerabilis
3633 4708 3791 4791 lgnalii

2202 4960 2551 5028 nonna,tale
2565 4959 3045 5017 mandiburdium
3059 4966 3115 5017 et
3136 4963 3425 5020 honorem
3439 4952 3789 5028 habeantsicuE

2202 5018 2462 5104 tempore
2488 5037 2833 5104 nostrorum
2854 5018 3317 5090 antecessorumi
3333 5018 3785 5099 habuerunt...Serl

2202 5105 2273 5160 de
2304 5102 2431 5177 istis
2466 5102 2683 5177 rapinis
2714 5108 2771 5157 et
2803 5102 3640 5177 depradationibus,quasjam
3660 5104 3787 5177 qua}?

2200 5193 2304 5248 pro
2332 5175 2455 5247 lege
2485 5165 2656 5248 multi
2688 5165 3291 5248 percensuetudinem
3311 5165 3593 5248 tenentia}
3619 5165 3707 5224 hoc
3720 5165 3787 5248 die

2199 5234 2256 5302 et
2286 5234 2558 5319 deinceps
2589 5234 2797 5319 de__Dei
2843 5246 3036 5302 hanno
3067 5252 3124 5302 et
3164 5254 3370 5304 nostro
3416 5234 3788 5319 hannimusaul

2201 5335 2370 5373 nemo
2403 5311 2509 5372 hoc
2523 5316 2776 5388 amplius
2795 5320 3240 5390 prasumatzsed
3269 5311 3789 5390 unusquisqueintef

2198 5390 2448 5462 patriam
2481 5378 2874 5462 cum-pace-et
2888 5388 3014 5462 sine
3045 5389 3427 5462 oppressione
3448 5378 3732 5462 paupernt!)
3745 5378 3789 5462 βξ

2199 5442 2791 5532 agamagam
2827 5442 3147 5526 senescat:
3170 5442 3710 5532 ίέίῖιῖἰπόίετέωηθξ
3733 5442 3785 5499 ad

2198 5529 2609 5603 placitum,sed
2633 5531 2705 5585 ad
2731 5536 2956 5586 curtem
2969 5532 3205 5587 veniens
3226 5531 3301 5587 de
3314 5548 3422 5586 suo
3435 5525 3787 5603 Sicvvarintus,

2198 5597 2255 5657 et
2284 5603 2355 5656 dc
2385 5602 2555 5657 domo
2587 5618 2696 5655 sua
2727 5606 2974 5674 moveat,
3002 5606 3068 5658 ut
3097 5617 3231 5658 cum
3266 5618 3407 5674 pace
3431 5597 3785 5674 venire,et'§10-

2197 5674 2429 5733 hiscum
2451 5676 2625 5741 stare,
2658 5676 2715 5731 et
2741 5673 2814 5732 ad
2844 5665 3088 5732 domum
3136 5665 3310 5733 suam
3358 5671 3540 5733 redire
3562 5665 3740 5745 possit.
3764 5676 3785 5707 ιι
