3956 6160
159 346 285 411 ’1Βῦ

1376 340 1784 408 EPISTOLJE
1824 339 1931 405 ET
1971 341 2357 407 DECRETA.

3448 334 3575 406 786

157 476 507 557 patriarchae
529 475 835 537 sacerdotii
858 476 1313 551 recuperatione,
1327 481 1385 535 et
1404 474 1591 533 Photii
1619 491 1814 550 perva-
1840 476 1895 544 Α
1924 476 2266 551 parvitatem
2284 474 2702 549 omnipotentis
2718 473 2820 535 Dei
2840 435 3243 535 misericordia
3262 491 3574 535 connume-

156 572 316 629 soris
342 568 684 643 expulsione
712 569 916 639 eadem
961 568 1249 633 sentiatis,
1272 566 1591 639 apostolica
1621 569 1816 621 aucto-
1842 600 1851 605 ι

153 663 332 718 ritate
358 658 524 716 vobis
554 656 924 732 injungimus
945 661 1121 729 atque
1141 657 1440 729 jubemus.
1460 656 1530 710 Et
1552 658 1615 710 ut
1635 654 1816 726 hujus

150 750 512 824 praesulatus
543 746 729 803 nostri
759 746 1033 819 paginam
1056 747 1113 801 in
1136 746 1365 801 cunctis
1396 744 1693 818 parochiis
1714 759 1813 799 ve-

155 843 303 899 stris
334 840 407 895 ad
437 838 707 894 omnium
740 835 967 891 faciatis
1000 834 1267 890 notitiam
1301 833 1620 906 pervenire,
1645 836 1819 904 atque

150 933 227 987 de
246 930 359 985 hac
378 944 439 983 re
451 928 625 998 juxta
644 924 974 997 apostolica:
1006 924 1165 980 sedis
1187 922 1587 979 definitionem
1610 921 1817 993 praedi-

154 1036 294 1076 care
315 1016 532 1073 curetis
555 1015 711 1085 aliis,
735 1014 1000 1086 ipsisque
1020 1011 1294 1069 similiter
1322 1008 1819 1067 incommutabili—

153 1115 249 1165 ter
276 1104 527 1163 teneatis
557 1109 799 1176 paterno
830 1119 991 1158 more
1024 1101 1412 1174 prmoipimus.
1434 1099 1580 1166 Quid
1613 1102 1817 1172 priete-

157 1214 281 1263 rea,
298 1198 511 1252 fratres
532 1191 889 1259 cbarissimi,
905 1196 962 1247 et
986 1190 1089 1246 filii
1106 1189 1491 1257 dilectissimi,
1507 1189 1695 1244 eidem
1719 1188 1824 1243 im-

159 1284 421 1360 peratori
454 1284 813 1349 Graecorum,
835 1284 892 1336 et
923 1281 1205 1337 universae
1234 1279 1582 1353 generaliter
1610 1280 1822 1333 sancta:

157 1370 829 1444 Constantinopolitanae
873 1369 1143 1425 Ecclesia:
1192 1386 1369 1441 super
1413 1366 1821 1438 hujuscemodi

165 1459 775 1537 pravaricationibus,
795 1462 855 1514 et
873 1459 945 1514 de
966 1458 1079 1524 his,
1103 1475 1208 1531 pro
1239 1458 1455 1530 quibus
1486 1472 1673 1527 nuper
1691 1454 1824 1511 illas

156 1555 217 1609 in
251 1556 456 1626 partes
484 1553 717 1606 nostros
738 1563 873 1604 cum
896 1546 1230 1619 apostolicis
1253 1545 1515 1619 epistolis
1541 1545 1825 1600 direxera-

157 1660 295 1699 mus
326 1641 546 1696 missos
566 1638 746 1707 (sicut
788 1637 1067 1693 omnibus
1105 1636 1273 1691 vobis
1301 1634 1683 1691 manifestum
1713 1634 1821 1704 est)

157 1729 578 1804 respondendo
611 1726 794 1782 nostri
826 1724 1191 1798 apostolatus
1236 1724 1542 1779 remandat
1571 1722 1823 1778 auctori-

157 1826 274 1887 tas,
298 1817 572 1876 omnium
602 1819 933 1872 vestrorum
980 1813 1277 1870 sanctitati
1322 1811 1732 1869 satisfaciendo
1763 1812 1821 1866 in
1853 1846 1901 1910 Β

158 1905 667 1980 subsequentibus
690 1902 866 1977 relegi
890 1903 1192 1975 jubemus.
1216 1903 1364 1958 Data
1383 1917 1582 1958 mense
1614 1900 1823 1957 Martio

162 2001 255 2057 die
293 1999 391 2066 {8,
428 1994 632 2051 indict.
664 2012 720 2049 x.

937 2081 1059 2136 XlI.

804 2188 878 2226 AD
918 2186 1197 2226 PHOTIUM.

819 2261 1004 2328 (Anno
1037 2259 1189 2327 862.)

171 2357 358 2413 Diluit
382 2348 952 2423 argummtaquhotii,
984 2348 1082 2423 qui
1106 2346 1351 2423 exemplo
1400 2344 1687 2423 Ambrosii,
1721 2345 1828 2423 Ne:

238 2426 420 2482 ctarii
448 2416 497 2478 ἐι
532 2421 744 2477 Tarasii
782 2436 840 2475 se
874 2416 1068 2474 merito
1110 2434 1180 2472 ex
1227 2416 1490 2473 (nieorum
1539 2416 1715 2482 gradu
1760 2416 1833 2472 ad

239 2493 609 2571 episcopalem
643 2492 954 2563 dignitatem
982 2489 1291 2561 pervenisse
1317 2488 1649 2614 afﬁrmabat,
1672 2504 1828 2543 eum-

240 2585 355 2614 mm
386 2575 502 2614 tum
530 2561 669 2614 nuod
701 2563 876 2614 laicus
903 2569 1059 2614 esset.
1083 2568 1200 2614 tum
1219 2576 1321 2614 auo
1386 2560 1632 2614 lautitias
1655 2559 1828 2614 adhuc

240 2559 355 2642 q'ue
385 2559 502 2622 tum
519 2561 669 2642 quod
695 2559 876 2642 laicus
903 2559 1059 2642 esset,
1083 2568 1200 2642 tum
1219 2559 1358 2642 quod
1386 2560 1632 2642 [gnatius
1655 2559 1833 2614 adhuc

238 2631 474 2699 viveret,
506 2631 706 2706 injuste
732 2632 802 2688 ad
830 2649 954 2688 eum
994 2632 1281 2701 dignitatis
1319 2631 1551 2702 gradum
1578 2646 1830 2687 conscen-

240 2712 401 2767 disse
428 2708 779 2763 demonstrat.

697 2792 891 2865 [Apud
925 2790 1136 2858 Mansi,
1171 2790 1330 2861 ibid]

239 2888 547 2944 Nrcomus
584 2882 914 2955 episcopus,
946 2896 1149 2937 servus
1197 2895 1495 2936 servorum
1542 2879 1662 2947 Dei,
1694 2895 1832 2952 pru-

176 2975 534 3034 dentissimo
561 2971 682 3027 viro
715 2971 945 3026 PHOTIO.

244 3067 575 3134 Postquam
595 3060 764 3116 beato
783 3058 949 3113 Petro
970 3055 1217 3129 principi
1236 3056 1630 3129 apostolorum
1651 3055 1837 3112 Domi-

178 3172 313 3222 nus,
344 3168 415 3207 ac
450 3149 798 3220 Redemptor
825 3150 1024 3202 noster
1049 3146 1222 3201 Jesus
1252 3144 1519 3201 Christus
1561 3161 1629 3201 ex
1669 3148 1834 3200 utero

174 3213 445 3315 Virginis
493 3256 596 3311 pro
645 3213 847 3292 nostra
894 3235 1313 3306 redemptione,
1368 3239 1434 3288 ut
1482 3236 1607 3289 erat
1662 3250 1834 3288 verus
1865 3213 1907 3278 (ἶ

178 3333 337 3389 Deus
390 3332 525 3384 ante
571 3325 804 3391 seacula,
825 3340 995 3380 verus
1026 3323 1201 3378 homo
1233 3323 1292 3377 in
1324 3324 1437 3378 fine
1486 3321 1833 3378 saeculorum

180 3433 473 3495 apparere
503 3416 779 3488 dignatus
825 3417 937 3479 est,
971 3411 1193 3484 ligandi
1244 3415 1418 3483 atque
1465 3410 1723 3467 solvendi
1774 3410 1835 3465 in

181 3509 323 3565 ccelo
362 3511 421 3562 et
452 3506 510 3560 in
542 3509 697 3559 terra
725 3506 1073 3575 potestatem
1094 3500 1317 3567 tribuit,
1346 3505 1403 3555 et
1424 3501 1644 3571 januas
1674 3498 1837 3573 regni

182 3596 448 3654 ccelestis
480 3592 822 3649 reserandas
853 3589 1165 3657 concessit,
1186 3606 1366 3661 supra
1394 3588 1748 3644 soliditatem
1771 3588 1836 3642 ﬁ-

184 3688 271 3743 dei
302 3700 486 3742 suam
508 3684 771 3738 sanctam
801 3680 1078 3751 dignatus
1103 3682 1192 3734 est
1222 3677 1481 3734 stabilire
1497 3676 1840 3745 Ecclesiam,

183 3773 521 3832 secundum
552 3769 711 3825 illius
755 3767 1067 3824 veridicum
1098 3782 1297 3822 vocem
1337 3765 1584 3822 dicentis
1616 3783 1629 3820 :
1667 3771 1842 3821 Amen

183 3865 300 3920 dico
334 3861 465 3927 tibi,
488 3868 549 3915 tu
578 3875 633 3914 es
659 3863 871 3926 Petrus,
895 3863 947 3911 et
968 3872 1132 3926 super
1153 3855 1296 3910 hanc
1318 3862 1534 3927 petram
1561 3855 1845 3925 wdz'ﬁcabo

186 3952 493 4009 Ecclesium
510 3964 690 4003 meam
712 3965 727 4001 :
749 3954 802 4001 et
826 3952 993 4017 porta
1020 3946 1192 4017 inferi
1218 3960 1329 4000 non
1354 3943 1727 4015 praevalebunt
1755 3942 1846 3999 ad~

186 4055 381 4097 verqu
408 4053 567 4103 eam;
593 4044 647 4092 et
674 4034 778 4090 tibi
822 4034 958 4090 dabo
1015 4035 1189 4090 claves
1248 4034 1406 4102 regni
1463 4033 1721 4088 calorum
1750 4050 1769 4086 :
1799 4038 1852 4087 et

188 4129 558 4205 quodcunque
586 4125 842 4194 ligaveris
877 4140 1044 4195 super
1081 4131 1307 4189 terram,
1330 4124 1437 4177 erit
1460 4122 1693 4191 ligatum
1711 4128 1763 4177 et
1790 4123 1853 4176 in

190 4220 338 4275 colis
357 4235 379 4272 :
394 4225 447 4272 et
460 4213 812 4287 quodcunque
824 4213 1048 4268 solveris
1066 4227 1230 4284 super
1247 4216 1474 4275 terram,
1488 4212 1593 4265 erit
1609 4210 1851 4265 solutum

192 4315 242 4363 et
266 4309 329 4362 in
366 4304 516 4360 acetis
538 4300 743 4371 (Matth.
766 4304 908 4369 xw).
931 4301 1014 4356 Ad
1039 4315 1214 4371 quam
1247 4297 1697 4370 promissionem
1721 4314 1853 4353 san-

196 4400 296 4453 ctae
328 4391 669 4466 apostolica;
702 4388 1089 4445 institutionis
1118 4392 1400 4443 caemento
1431 4389 1729 4458 cmperunt
1749 4385 1855 4441 bu-

190 4487 291 4557 jus
324 4482 715 4539 fundamenta
744 4495 813 4534 ex
842 4477 1116 4550 pretiosis
1153 4492 1519 4532 succrescere
1557 4474 1852 4547 lapidibus

1925 584 2051 623 rare
2081 567 2359 639 dignatus
2389 570 2479 622 est
2508 584 2521 622 :
2557 582 2662 639 pro
2692 566 2908 639 quibus
2933 571 3163 623 tantum
3195 566 3574 624 consistimus

1925 654 2439 727 pavidi,quantum
2488 655 2931 712 consideramus
2960 657 3021 712 in
3051 661 3267 713 esterno
3310 656 3575 713 examine

1926 761 2029 817 pro
2060 744 2337 800 omnibus
2367 749 2425 800 et
2444 760 2563 817 prae
2592 746 3003 817 omnibus,qui
3026 746 3242 802 Christi
3264 749 3579 803 censentur

1928 833 2182 902 nomine,
2234 833 2518 890 rationem
2564 834 2869 889 reddituri.
2919 836 2988 890 Et
3034 836 3175 907 quia
3222 834 3577 892 universitas

1928 921 2288 978 credentium
2322 922 2394 977 ab
2439 922 2548 977 hac
2597 926 2800 978 sancta
2848 923 3110 980 Romana
3138 924 3413 992 Ecclesia,
3448 941 3576 998 qua

1929 1016 2101 1084 caput
2123 1011 2389 1066 omnium
2416 1015 2505 1067 est
2533 1011 2932 1080 ecclesiarum,
2949 1013 3273 1069 doctrinam
3301 1013 3574 1086 exquirit,

1929 1099 2323 1173 integritatem
2357 1100 2489 1155 ﬁdei
2543 1099 2825 1172 deposcit,
2857 1100 3171 1157 criminum
3222 1101 3576 1158 solutionem

1930 1189 2030 1262 qui
2065 1189 2226 1262 digni
2272 1192 2432 1256 sunt,
2464 1192 2522 1244 et
2567 1189 2754 1261 gratia
2804 1191 2903 1245 Dei
2954 1191 3237 1262 redempti
3286 1194 3573 1247 exorant:

1931 1282 2156 1351 oportet
2187 1294 2294 1334 nos
2317 1278 2532 1350 quibus
2561 1278 2875 1335 commissa
2894 1284 3002 1347 est,
3028 1279 3311 1337 sollicitos
3340 1296 3489 1348 esse,
3519 1282 3576 1336 et

1932 1369 2003 1423 ad
2020 1367 2480 1439 speculationem
2500 1367 2780 1423 Dominici
2796 1368 2990 1440 gregis
3009 1373 3242 1425 tantum
3261 1369 3575 1426 ferventius

1932 1456 2225 1522 anhelare,
2267 1460 2557 1528 quantum
2616 1456 2773 1511 hunc
2830 1456 2979 1512 avidi
3009 1457 3165 1529 [edit
3196 1460 3370 1524 Rom,
3421 1457 3574 1514 avidi

1932 1545 2079 1619 lupi]
2102 1546 2174 1601 ad
2197 1544 2602 1601 dilaniandum
2625 1545 2763 1601 hinc
2784 1544 2920 1601 inde
2944 1547 3162 1619 patenti
3180 1565 3277 1604 ore
3298 1548 3579 1622 [patentia

1933 1636 2055 1707 ora]
2086 1633 2435 1706 exquirunt:
2470 1634 2626 1705 quod
2657 1637 2715 1689 et
2743 1634 3035 1692 audiendo
3066 1638 3492 1711 cognoscimus,
3520 1642 3579 1695 et

1933 1723 2280 1796 experiendo
2312 1723 2779 1795 comprobamus.
2807 1725 2876 1779 Et
2905 1742 3053 1797 quos
3086 1742 3188 1798 per
3223 1727 3579 1799 carporalem

1934 1814 2007 1869 ob
2024 1812 2348 1886 longinqua
2364 1815 2652 1867 terrarum
2676 1814 3300 1885 spatia,auttumentes
3322 1818 3581 1874 marinos

1935 1903 2169 1969 ﬂuctus,
2210 1900 2527 1974 nequimus
2580 1899 2818 1958 visitare
2874 1904 3245 1975 praesentiam
3299 1923 3314 1960 :
3372 1905 3579 1964 saltem

1934 1993 2116 2049 series
2147 1992 2378 2065 apicum
2411 1991 2580 2063 quasi
2609 1991 2738 2047 viva
2782 2009 2918 2049 voce
2968 1994 3284 2064 declarent,
3309 2002 3375 2054 ut
3416 2016 3521 2056 nec
3548 2017 3584 2055 ι

1934 2082 2104 2139 nobis
2150 2080 2369 2138 silentii
2418 2080 2757 2153 exquiratur
2802 2081 2994 2154 culpa,
3020 2101 3125 2140 nec
3172 2086 3462 2143 audituris
3510 2089 3582 2144 de

1935 2170 2268 2244 ignorantia
2315 2170 2629 2225 excusandi
2677 2170 2975 2227 tribuatur
3022 2173 3270 2231 facultas
3303 2192 3316 2230 :
3351 2176 3491 2249 quia
3527 2183 3583 2235 et

1936 2259 2081 2315 illud
2112 2277 2146 2315 a
2176 2258 2345 2314 nobis
2388 2259 2708 2314 cavendum
2740 2263 2848 2325 est,
2881 2262 3038 2332 quod
3086 2279 3190 2334 per
3234 2264 3581 2337 Prophetam

1938 2348 2188 2404 dicitur:
2224 2349 2402 2403 Canes
2444 2350 2589 2403 muti
2632 2364 2744 2403 non
2788 2350 3024 2407 valentes
3056 2351 3261 2409 latrare
3288 2356 3417 2423 (Isa.
3451 2356 3580 2429 Lix).

1937 2436 2082 2491 Nam
2114 2439 2171 2491 et
2212 2434 2525 2507 Apostolus
2571 2434 2693 2491 ait:
2730 2435 2879 2492 Iusta
2926 2449 3241 2511 opportune,
3272 2444 3587 2515 importune

1939 2526 2015 2595 (II
2036 2526 2168 2581 Tim.
2193 2528 2295 2591 IV).
2320 2523 2562 2580 Constat
2580 2524 2738 2579 enim
2761 2530 3024 2582 sanctam
3051 2529 3371 2587 Romanam
3398 2532 3588 2590 Eccle-

1941 2614 2088 2670 siam
2121 2629 2223 2686 per
2251 2613 2488 2669 beatum
2520 2613 2755 2668 Petrum
2802 2614 3123 2689 principem
3165 2620 3585 2692 apostolorum,

1941 2704 2042 2776 qui
2075 2700 2377 2759 Dominico
2408 2717 2505 2757 ore
2534 2701 2853 2773 primatum
2884 2704 3263 2763 ecclesiarum
3294 2709 3589 2782 suscipere

1942 2791 2285 2864 promeruit,
2304 2790 2569 2846 omnium
2591 2789 2971 2847 ecclesiarum
2994 2799 3170 2866 caput
3188 2812 3336 2865 esse,
3350 2798 3499 2855 etab
3521 2816 3590 2856 ea

1941 2880 2374 2944 rectitudinem,
2399 2882 2574 2951 atque
2594 2879 2858 2935 ordinem
2881 2880 2941 2935 in
2964 2883 3190 2939 cunctis
3211 2883 3585 2956 utilitatibus,

1941 2974 1998 3025 et
2027 2966 2435 3024 ecclesiastieis
2461 2966 2951 3035 institutionibus,
2968 2987 3115 3042 quas
3145 2976 3469 3031 secundum
3492 2992 3587 3032 ca-

1942 3056 2181 3113 nonicas
2199 3059 2256 3111 et
2274 3054 2602 3129 synodicae,
2618 3061 3073 3131 sanctorumque
3087 3060 3323 3118 Patrum
3343 3063 3590 3121 sanctio-

1942 3162 2045 3202 nes
2094 3144 2505 3201 inviolabiliter
2549 3149 2725 3217 atque
2768 3146 3245 3221 irrefragabiliter
3292 3150 3587 3222 retineret,

1944 3234 2264 3307 exquirere,
2299 3250 2363 3289 ac
2413 3234 2640 3290 sectari.
2674 3235 2743 3290 Et
2789 3235 2919 3291 ideo
2976 3254 3341 3312 consequens
3383 3245 3472 3297 est
3500 3244 3586 3310 ut,

1942 3324 2097 3396 quod
2129 3324 2201 3377 ab
2232 3323 2410 3393 hujus
2458 3322 2614 3379 sedis
2663 3323 2982 3382 rectoribus
3014 3325 3186 3398 plena
3243 3330 3589 3388 auctoritate

1943 3413 2222 3479 sancitur,
2252 3410 2472 3467 nullius
2510 3413 2958 3470 consuetudinis
3004 3417 3394 3488 praepediente
3422 3435 3587 3476 occa-

1946 3501 2105 3558 sione
2137 3501 2402 3573 proprias
2432 3506 2658 3556 tantum
2692 3504 2989 3575 sequendo
3018 3505 3368 3577 voluntates,
3401 3526 3588 3566 remo-

1945 3594 2167 3657 veatur,
2193 3590 2293 3644 sed
2317 3590 2545 3644 firmius
2569 3593 2741 3662 atque
2764 3592 3111 3650 inconcusse
3135 3599 3419 3653 teneatur.
3443 3597 3591 3655 Nam

1949 3680 2009 3735 in
2041 3678 2151 3734 hoc
2182 3695 2299 3749 quo
2333 3683 2532 3734 noster
2559 3680 2919 3750 apostolatus
2941 3686 3194 3739 vestram
3220 3685 3594 3757 prudentiam

1951 3767 2333 3834 commonuit,
2366 3768 2505 3839 quia
2548 3785 2617 3824 ex
2652 3767 2845 3824 laicali
2875 3770 3079 3828 ordine
3137 3772 3264 3829 sine
3318 3775 3601 3832 canonica

1953 3856 2372 3929 approbatione
2388 3854 2459 3911 ad
2486 3857 2913 3928 patriarchatus
2930 3860 2986 3915 di
2993 3860 3214 3933 gnitem
3232 3862 3426 3921 subito
3448 3867 3603 3921 tran-

1955 3946 2230 4001 scendere
2259 3949 2461 4000 contra
2491 3945 2727 4001 Patrum
2759 3948 3260 4022 promulgationes
3290 3969 3406 4009 non
3437 3969 3604 4010 recu-

1957 4033 2153 4100 sastis,
2179 4032 2280 4088 sed
2310 4037 2527 4088 temere
2556 4038 2727 4105 atque
2756 4033 3130 4107 impudenter
3148 4039 3221 4093 ad
3253 4041 3398 4095 tanti
3429 4041 3608 4098 hono-

1957 4122 2038 4176 ris
2061 4120 2291 4176 culmen
2314 4122 2586 4176 accedere
2614 4124 3093 4196 praesumpsistis,
3117 4130 3484 4183 assumentes
3502 4145 3607 4185 vo-

1957 4209 2049 4264 bis
2081 4209 2250 4281 quasi
2283 4226 2315 4264 a
2347 4208 2718 4264 sanctissimo
2746 4211 2869 4266 viro
2903 4212 3168 4269 Nectario
3216 4215 3605 4288 occasionem,

1959 4314 2131 4370 quem
2164 4301 2365 4352 sancta
2396 4298 2651 4352 secunda
2682 4299 2941 4370 synodus
2972 4317 3087 4357 non
3117 4302 3189 4357 ob
3221 4301 3379 4358 aliud
3413 4304 3484 4359 ad
3520 4321 3607 4361 sa-

1959 4385 2307 4442 cerdotalem
2330 4385 2561 4458 eligere,
2586 4391 2763 4463 atque
2794 4389 3066 4445 ordinare
3085 4406 3154 4445 ex
3184 4389 3374 4446 laicali
3407 4392 3609 4449 ordine

1959 4474 2142 4531 voluit
2164 4474 2530 4547 dignitatem,
2546 4474 2659 4531 nisi
2684 4477 2821 4546 quia
2842 4492 3069 4549 magna:
3092 4478 3457 4536 necessitatis
3476 4496 3610 4536 con-

199 4578 272 4640 et,
294 4573 598 4628 annuente
617 4566 815 4623 divina
839 4565 1165 4636 clementia,
1189 4582 1288 4637 per
1318 4563 1578 4619 studium
1603 4567 1851 4618 structo-
1886 4580 1929 4645 ι)
1961 4563 2195 4619 tritioue
2216 4564 2580 4630 anxiabatur,
2605 4580 2671 4620 eo
2705 4565 2860 4636 quod
2892 4564 2949 4619 in
2982 4569 3185 4621 sancta
3205 4566 3612 4625 Constantino-

202 4678 358 4728 rum,
374 4663 433 4715 et
454 4656 780 4731 apostolica:
802 4654 1165 4711 auctoritatis
1193 4652 1643 4709 sollicitudinem
1668 4668 1856 4724 usque

204 4752 275 4806 ad
332 4747 571 4804 culmen
634 4743 1026 4801 insolubiliter
1099 4743 1379 4815 perducta
1444 4740 1858 4813 perpetualiter

205 4853 491 4896 mansura
531 4835 658 4891 sine
689 4834 941 4890 sinistrae
992 4850 1145 4888 aurae
1198 4830 1455 4903 impulsu
1488 4828 1806 4885 consistere
1841 4845 1854 4884 :

206 4928 379 4999 cujus
410 4924 732 4996 primatum
755 4921 930 4990 (sicut
950 4919 1225 4976 omnibus
1247 4916 1580 4974 orthodoxis
1612 4916 1857 4972 manife-

208 5020 369 5072 stum
401 5017 495 5069 est
522 5011 684 5079 viris,
717 5014 775 5066 et
812 5014 877 5064 ut
905 5009 965 5063 in
998 5007 1403 5081 superioribus
1443 5004 1859 5078 praemodicum

209 5103 576 5160 declaratum
594 5099 702 5170 est)
715 5099 920 5154 beatus
932 5099 1136 5154 Petrus
1153 5097 1424 5169 princeps
1440 5094 1861 5167 apostolorum,

211 5198 268 5249 et
290 5192 520 5265 janitor
560 5187 722 5261 regni
778 5186 1030 5243 cmlestis
1089 5186 1296 5240 merito
1354 5184 1696 5256 promeruit.
1730 5184 1868 5239 Post

213 5298 392 5353 quem
414 5282 472 5335 et
500 5279 679 5350 hujus
701 5274 898 5332 vicarii
930 5272 1322 5330 sincerissime
1345 5273 1461 5328 Deo
1490 5271 1864 5339 famulantes,

213 5372 484 5425 carentes
504 5365 851 5423 nebularum
894 5361 1305 5430 densitatibus,
1331 5378 1458 5432 quae
1488 5364 1643 5416 recto
1676 5360 1747 5415 ab
1778 5359 1869 5413 iti-

1964 4652 2223 4725 politana
2235 4651 2510 4718 Ecclesia,
2526 4652 2723 4708 nullus
2740 4653 3082 4709 clericorum
3100 4654 3345 4710 inveniri
3363 4658 3608 4728 poterat,
3689 4681 3694 4695 ι

1964 4742 2063 4813 qui
2098 4740 2364 4812 pessima:
2413 4741 2665 4796 haeresos
2697 4741 2966 4797 nimbosa
3015 4741 3262 4816 caligine
3297 4761 3407 4800 non
3437 4744 3616 4802 fuerit

1964 4829 2282 4901 impeditus
2309 4846 2321 4882 :
2345 4833 2401 4884 et
2428 4830 2501 4884 ob
2533 4828 2641 4884 hoc
2672 4846 2743 4885 ne
2767 4830 2867 4884 diu
2892 4830 3017 4901 jam
3046 4831 3201 4889 dicta
3224 4832 3483 4890 Ecclesia
3503 4834 3614 4892 sub

1966 4916 2342 4973 destitutione
2373 4917 2623 4988 pastoris
2650 4919 2814 4989 quasi
2848 4919 3087 4975 viduata
3113 4926 3394 4987 maneret,
3416 4922 3620 4996 prsidi-

1967 5009 2127 5061 ctum
2185 5005 2517 5061 Nectarium
2577 5012 3031 5079 expugnatorem
3090 5008 3516 5081 haereticorum,
3564 5015 3621 5069 et

1970 5093 2356 5160 defensorem,
2389 5098 2565 5166 atque
2612 5096 3059 5167 gubernatorem
3108 5097 3486 5156 ecclesiarum
3546 5100 3620 5156 ad

1972 5181 2427 5239 ecclesiasticam
2459 5199 2658 5238 curam
2705 5187 2761 5239 et
2811 5184 3156 5257 dignitatem
3205 5186 3619 5245 sacerdotalem

1966 5272 2093 5342 jam
2124 5271 2279 5326 dicta
2309 5270 2566 5327 secunda
2596 5273 2854 5344 synodus
2885 5273 3087 5347 elegit;
3113 5276 3212 5331 sed
3265 5281 3328 5331 ut
3375 5275 3482 5330 hoc
3511 5274 3618 5329 ite-

1974 5376 2107 5414 rum
2140 5360 2302 5416 ﬁerct
2330 5377 2443 5415 non
2470 5361 2856 5430 confirmavit,
2881 5380 3071 5435 neque
3093 5365 3302 5431 sanxit,
3328 5367 3430 5418 aut
3458 5361 3621 5417 insti-

216 5474 358 5513 nere
387 5455 671 5529 impedire
719 5452 996 5522 assolent,
1020 5450 1257 5524 dignius
1290 5453 1691 5521 perceperunt,
1723 5452 1779 5503 et
1806 5448 1867 5502 in
1976 5448 2109 5503 tuit.
2135 5450 2203 5504 Et
2230 5448 2358 5504 ideo
2388 5448 2523 5505 licet
2571 5454 2774 5506 contra
2806 5452 3064 5519 Patrum,
3088 5457 3263 5523 atque
3312 5448 3620 5505 canonicas

218 5563 366 5602 cura
393 5543 696 5618 regiminis
716 5558 893 5615 quam
917 5558 1020 5613 pro
1043 5538 1352 5595 dominicis
1374 5539 1580 5594 ovibus
1602 5551 1865 5607 suscepe-

220 5639 375 5704 rant,
394 5633 637 5691 sollicite
667 5633 1128 5706 permanserunt.
1155 5628 1308 5684 Inter
1339 5645 1483 5699 quos
1521 5632 1575 5682 ct
1608 5629 1868 5681 nostram

1976 5535 2399 5605 institutiones,
2435 5539 2589 5609 quod
2648 5556 2751 5610 per
2798 5539 3164 5595 necessitatis
3210 5538 3335 5592 fieri
3384 5540 3624 5594 eventus

1980 5626 2413 5696 comprobatur,
2438 5643 2554 5682 non
2578 5626 2635 5682 in
2668 5628 3009 5683 auctoritate
3029 5624 3347 5682 tenendum
3374 5630 3490 5695 est;
3521 5624 3625 5683 sed
