3992 6150
385 304 503 370 787

1751 302 2058 368 NICOLAI
2101 301 2328 364 ΡΛΡιΕ
2366 301 2415 363 I.

3633 300 3736 362 788

384 456 458 500 ne
486 440 702 499 iterum
731 439 868 499 talis
896 439 1192 516 preveniat
1220 438 1559 508 necessitas,
1589 437 1779 513 magis
1810 436 2029 512 magis-
2058 437 2114 506 Α
2141 451 2324 504 scere,
2345 434 2582 492 tandem
2627 436 2938 510 superatus
2970 434 3042 493 ad
3076 433 3481 494 saeerddtalem
3510 436 3576 492 ab
3602 438 3741 494 omni

385 547 501 604 que
521 532 842 589 cavendum
867 549 880 588 :
905 531 1043 605 quia
1072 548 1244 587 omne
1263 531 1417 603 quod
1440 530 1512 586 ab
1532 527 1665 585 aliis
1688 527 2032 600 reprehendi

384 620 617 692 poterit,
633 620 1070 677 convenientius
1097 637 1162 676 ac
1192 619 1493 676 decentius
1512 618 1743 674 videtur
1765 617 2031 683 existere,

384 708 435 765 si
467 713 781 782 antequam
803 710 985 766 fomes
1009 708 1478 782 reprehensionis
1500 710 1812 774 accrescat,
1835 722 2032 762 emen-

383 798 637 855 dationis
656 816 796 854 cura
820 799 1093 855 succedat
1123 797 1288 871 [prun
1313 797 1598 865 succidat,
1624 797 1746 867 H.].

455 887 536 943 De
566 886 787 943 Tarasii
811 886 1101 959 siquidem
1143 884 1643 960 promotione,qui
1677 883 1948 939 similiter
1968 899 2035 939 ex

384 975 577 1031 laicali
608 981 758 1031 ccetu
788 976 859 1031 ad
881 975 1312 1048 patriarchatus
1334 973 1620 1046 extemplo
1643 971 1875 1029 culmen
1909 989 2038 1045 pro-

389 1068 585 1121 motus
605 1068 714 1131 est,
733 1082 911 1138 quam
933 1069 990 1121 et
1005 1082 1106 1122 vos
1130 1065 1300 1138 quasi
1323 1065 1380 1120 in
1411 1063 1812 1120 auctoritatem
1833 1065 2035 1118 vestrae

391 1154 747 1211 defensionis
779 1171 1081 1211 assumere
1106 1154 1374 1222 vultis,si
1409 1155 1837 1224 sanetam,quze
1883 1151 2037 1223 apud

388 1259 490 1299 vos
510 1247 771 1316 tempore
790 1243 1147 1300 sanctissimi
1167 1242 1274 1298 viri
1293 1241 1510 1299 domini
1530 1241 1777 1313 [domui]
1805 1239 2038 1299 Adriani

391 1349 553 1406 papae
592 1331 882 1389 celebrata
930 1337 1039 1399 est,
1070 1333 1359 1405 synodum
1404 1330 1747 1404 diligentius
1794 1329 2036 1387 scrutati

388 1421 637 1491 fueritis,
653 1426 830 1496 atque
851 1423 1133 1479 attentius
1156 1421 1543 1489 intenderitis,
1565 1418 1870 1476 invenietis
1895 1419 2037 1491 quid

387 1509 448 1566 in
478 1528 546 1567 ea
569 1511 724 1568 idem
748 1510 1162 1567 sanctissimus
1180 1510 1268 1566 vir
1290 1509 1594 1566 consultus
1616 1509 1961 1577 decreverit;
1985 1510 2041 1564 et

395 1600 739 1674 quod,.dum
761 1601 888 1673 ejus
909 1599 1365 1657 consecrationis
1385 1599 1831 1672 reprehenderet
1852 1601 2039 1665 actus,

397 1692 457 1744 et
486 1706 793 1746 maerorem
817 1706 879 1745 se
899 1706 1003 1762 pro
1020 1693 1142 1745 tam
1164 1688 1575 1762 praesumptiva
1604 1687 1850 1743 factione
1869 1685 2043 1742 nimi-

395 1794 529 1832 rum
561 1777 858 1850 [nimium]
891 1778 1182 1834 sustinere
1223 1778 1612 1850 proﬁteretur.
1647 1776 1797 1832 Dicit
1834 1776 1991 1832 enim
2026 1792 2039 1829 :

393 1868 555 1934 Quod
581 1866 693 1922 nisi
718 1866 776 1921 in
799 1866 1093 1940 erigendis
1122 1865 1480 1939 imaginibus
1503 1866 1819 1922 ferventius
1841 1869 2041 1921 contra

392 1956 629 2013 illarum
660 1955 1039 2028 depositores,
1073 1959 1246 2028 atque
1289 1955 1744 2022 conculcatores,
1776 1958 1842 2011 ut
1869 1970 2040 2010 verus

396 2046 566 2102 miles
597 2044 812 2101 Christi
852 2044 1171 2113 resisteres,
1198 2062 1564 2117 nequaquam
1599 2047 1801 2101 vestrae
1841 2060 2041 2100 conse-

396 2134 640 2192 crationi
668 2150 979 2192 assensum
1028 2134 1440 2207 praeberemus,
1472 2138 1574 2190 aut
1620 2134 1680 2188 in
1711 2134 1913 2189 ordine
1940 2150 2041 2204 pa-

394 2225 750 2282 triarchatus
765 2228 1017 2280 vestram
1036 2223 1406 2279 dilectionem
1428 2223 1862 2296 susciperemus
1881 2239 1894 2277 :
1916 2239 2043 2295 quae

396 2319 627 2371 tantum
677 2312 1008 2370 declaratur
1054 2312 1383 2367 inordinate
1428 2315 1713 2385 promota,
1756 2316 2044 2383 quantum

398 2403 814 2476 comprobatur
858 2404 1063 2457 contra
1109 2400 1427 2474 apostolica
1456 2401 1686 2456 decreta
1732 2400 2048 2456 enormiter
2091 2415 2129 2483 η

400 2494 780 2566 praesumpta.
801 2489 1216 2546 Beatissimum
1239 2505 1471 2560 quoque
1486 2489 1860 2545 Ambrosium
1883 2488 1969 2562 [de
1987 2490 2042 2545 S.

401 2579 596 2637 Ambr.
634 2579 792 2636 Paul.
825 2579 884 2633 in
925 2579 1041 2650 ejus
1073 2578 1234 2649 Vita],
1259 2575 1648 2634 clarissimam
1693 2581 1751 2633 et
1788 2577 2047 2650 splendi-

402 2668 710 2726 dissimam
738 2664 1035 2724 lucernam
1066 2665 1357 2733 Ecclesiae,
1383 2665 1483 2738 qui
1513 2683 1582 2722 ex
1606 2666 2045 2734 catechumeno,

403 2757 597 2815 divino
627 2756 909 2831 praesagio
939 2756 1011 2811 ad
1033 2754 1424 2828 episcOpalem
1449 2772 1553 2828 per
1580 2755 1888 2811 continuos
1917 2772 2047 2829 gra-
2097 2745 2100 2749 ’

404 2849 517 2904 dus
548 2849 852 2920 promotus
882 2848 970 2901 est
1003 2843 1369 2917 dignitatem,
1393 2861 1497 2900 cur
1526 2844 1695 2901 nobis
1726 2861 1829 2918 pro
1860 2848 2048 2901 vestro

405 2935 695 2994 tutamine
725 2932 1038 3007 opponitis,
1062 2938 1119 2989 et
1147 2933 1219 2989 ad
1246 2938 1499 2989 vestram
1528 2932 1791 2990 illicitam
1824 2950 2052 3007 promo-

403 3024 625 3082 tionem
656 3023 992 3081 antefertis?
1012 3023 1112 3095 qui
1142 3039 1255 3078 non
1286 3021 1568 3078 instinctu
1600 3022 1927 3092 hominum,
1948 3023 2050 3078 sed

405 3113 602 3170 divina
629 3112 948 3179 vocatione,
974 3128 1078 3183 per
1106 3110 1523 3167 miraculorum
1544 3111 1811 3184 prodigia
1831 3110 2051 3167 electus

2140 524 2355 598 populo
2375 528 2433 580 et
2452 524 2604 581 clero
2630 526 2910 582 divinitus
2927 530 3014 582 est
3035 526 3375 599 dignitatem
3399 526 3624 592 electus,
3645 532 3696 583 et
3717 545 3747 583 a

2141 613 2561 669 catechumeno
2584 630 2686 686 per
2702 614 2967 688 singulos
2984 615 3200 687 gradus
3216 614 3621 671 ecclesiasticos
3640 632 3749 688 pro—

2142 701 2410 757 ficiscens
2441 701 2661 777 [melius
2682 702 3015 775 proficiens,
3047 704 3369 775 H.],octavo
3399 704 3488 759 die
3517 703 3586 759 ab
3612 706 3747 760 omni

2142 789 2584 858 catholicorum,
2609 792 2807 848 divina
2836 796 3129 849 annuente
3150 792 3471 861 clementia,
3494 809 3749 849 consensu

2144 884 2232 935 est
2247 885 2621 937 consecratus
2637 881 2964 955 episcopus.
2978 882 3186 938 Attend
3194 887 3253 937 at
3272 882 3448 955 igitur
3466 882 3751 954 prudentia

2142 973 2346 1025 vestrae
2394 969 2647 1039 dilectio,
2672 975 2729 1027 et
2779 970 2985 1028 intimo
3017 971 3207 1027 cordis
3256 970 3564 1044 prospiciat
3590 970 3750 1040 oculo,

2145 1057 2194 1114 si
2214 1058 2501 1114 debentur
2521 1076 2607 1126 ea,
2624 1076 2750 1132 quaa
2774 1077 2877 1133 per
2893 1060 3310 1116 miraculorum
3334 1059 3499 1132 signa
3518 1060 3754 1116 ﬁdelibus

2145 1148 2514 1219 proveniunt,
2539 1148 2631 1205 his
2669 1149 2905 1221 aequari,
2930 1166 3057 1221 quae
3087 1149 3320 1223 proprio
3356 1153 3578 1205 tantum
3608 1147 3754 1204 libitu

2145 1236 2218 1290 ad
2242 1235 2542 1309 dignitatis
2571 1236 2818 1311 gloriam
2840 1238 3274 1311 percipiendam
3306 1242 3683 1311 peraguntur:
3712 1243 3758 1293 et

2147 1323 2231 1379 sic
2264 1325 2335 1380 ad
2357 1325 2719 1382 auctoritatis
2740 1331 2943 1383 vestra:
2962 1327 3396 1383 excusationem
3418 1327 3671 1399 praefatos
3686 1343 3758 1381 as-

2148 1413 2364 1469 sumite
2385 1414 2559 1470 viros.
2584 1416 2727 1471 Ecce
2756 1420 2993 1489 propter
3018 1416 3427 1473 necessitatem
3453 1420 3508 1472 et
3532 1415 3756 1488 inopiam

2149 1500 2493 1559 clericorum
2523 1504 2856 1574 Nectarius;
2880 1521 3010 1561 ecce
3030 1510 3269 1579 propter
3285 1503 3665 1562 ecclesiastica
3680 1505 3759 1560 do-

2149 1595 2367 1663 gmata,
2388 1597 2446 1651 et
2464 1592 2862 1650 haereticorum
2887 1594 3509 1669 expugnationem,qui
3526 1609 3760 1650 veneran-

2150 1680 2256 1736 das
2288 1680 2576 1753 deponere
2618 1681 2906 1755 imagines
2942 1683 3755 1756 praesumpserunt,Tarasius;

2151 1784 2282 1824 ecce
2304 1786 2407 1841 per
2427 1770 2844 1827 miraculorum
2868 1772 3039 1844 signa
3058 1773 3404 1830 Ambrosius
3423 1774 3493 1830 ad
3515 1775 3758 1848 regendas

2151 1857 2438 1914 Ecclesias
2469 1861 2716 1932 promoti
2739 1865 2897 1917 sunt.
2921 1862 3000 1917 De
3021 1861 3184 1919 vobis
3205 1867 3427 1931 autem,
3443 1863 3645 1936 quibus
3662 1880 3759 1936 per-

2150 1946 2350 2018 plures
2379 1948 2757 2006 auctoritates
2782 1949 3184 2017 conciliorum,
3204 1956 3384 2024 atque
3407 1953 3626 2009 decreta
3650 1969 3759 2007 san-

2150 2033 2548 2091 etissimorum
2604 2038 2949 2110 pontificum
2986 2039 3292 2109 resistunt,
3326 2041 3468 2113 quid
3523 2039 3667 2096 aliud
3692 2044 3761 2096 est

2152 2125 2545 2194 sentiendum,
2561 2126 2674 2182 nisi
2698 2127 3057 2201 inopinatam
3079 2146 3114 2184 a
3132 2130 3301 2187 vobis
3321 2131 3757 2186 consuetudinem

2153 2213 2472 2271 adolevisse
2492 2216 2889 2273 credendum?
2911 2218 2978 2272 Et
2994 2219 3323 2274 secundum
3348 2224 3667 2276 sanctorum
3685 2218 3762 2274 Pa-

2153 2306 2311 2358 trum
2345 2305 2693 2361 sententiam
2738 2322 2853 2363 non
2893 2306 3083 2362 solum
3111 2308 3252 2379 quia
3285 2325 3357 2365 ex
3385 2308 3568 2365 laieali
3595 2308 3761 2364 ordine

2155 2397 2358 2447 contra
2377 2394 2685 2450 canonicas
2707 2396 3081 2453 auctoritates
3104 2397 3176 2451 ad
3201 2398 3514 2470 regendam
3528 2400 3763 2454 Constan-

2127 2481 2601 2554 itinopolitanam
2633 2483 2944 2540 Ecclesiam
2995 2485 3189 2541 subito
3239 2486 3654 2554 transvolastis,
3683 2485 3761 2540 sed

2155 2569 2332 2626 etiam
2364 2570 2502 2645 quia
2556 2572 2784 2629 vivente
2828 2573 2971 2640 viro,
3005 2578 3062 2630 et
3116 2574 3403 2632 incolumi
3460 2575 3763 2649 persistente

2157 2658 2444 2731 (videlicet
2475 2660 2915 2734 religiosissima
2955 2663 3180 2737 Ignatio
3223 2665 3574 2737 patriarcha)
3603 2664 3764 2720 cathe-

2159 2748 2320 2804 dram
2373 2748 2532 2805 illius
2568 2751 2811 2823 (scilicet
2856 2752 3563 2827 Constantinopolitanam
3606 2751 3763 2809 Eccle-

2112 2906 2115 2913 ἱ
2159 2836 2328 2910 siam)
2351 2843 2417 2894 ut
2439 2840 2702 2896 mcechus
2731 2841 3205 2914 subripuistis,et
3224 2842 3498 2900 invadere
3522 2857 3765 2916 presum-

2118 2936 2130 3025 ξι
2159 2926 2361 2998 psistis
2381 2943 2393 2981 :
2418 2931 2833 3001 postponentes
2850 2929 3018 2999 illud,
3038 2933 3192 3003 quod
3211 2933 3502 3005 scriptum
3518 2938 3599 2989 est
3615 2946 3627 2984 :
3645 2927 3765 2999 Quod

2134 3016 2264 3075 ,tibi
2290 3033 2402 3073 non
2428 3019 2512 3072 vis
2553 3019 2699 3088 ﬁeri,
2721 3020 2828 3074 alii
2858 3037 2928 3076 ne
2962 3020 3161 3093 feceris
3193 3022 3410 3089 (Matth.
3434 3026 3531 3091 vn)
3553 3038 3565 3075 :
3587 3025 3639 3076 et
3664 3018 3764 3073 ideo

2136 3110 2363 3175 ενθειιεω
2393 3107 2817 3163 consecrationi
2847 3109 3138 3180 aequitatis
3178 3109 3497 3167 libramina
3525 3113 3761 3173 tenentes,

405 3201 520 3259 est!
553 3202 699 3258 Nam
731 3217 865 3256 cum
903 3182 1261 3255 iniinfantiae
1293 3198 1461 3255 cuuis
1492 3182 1603 3254 sub
1634 3182 1879 3255 nutricis
1909 3215 2051 3255 cura
2079 3182 2120 3248 (ἶ
2160 3209 2465 3250 assensum
2501 3195 2753 3268 praebere
2784 3197 2945 3269 (quia
2970 3198 3289 3254 enormiter
3337 3205 3396 3257 et
3440 3203 3628 3255 contra
3652 3213 3762 3252 san—

403 3290 702 3348 dormiens
746 3288 990 3345 sollicite
1026 3291 1366 3355 verteretur,
1390 3291 1590 3360 aperto
1630 3305 1760 3345 ecce
1789 3305 1887 3345 ore
1916 3306 2049 3344 exa-

405 3397 539 3437 men
570 3395 748 3452 apum
789 3377 983 3435 subito
1012 3375 1217 3445 adfuit,
1242 3376 1399 3449 quod
1447 3377 1652 3433 faciem
1686 3378 1833 3449 ejus,
1864 3382 1921 3434 et
1949 3395 2050 3433 ora

405 3467 737 3542 complevit,
779 3467 861 3522 ita
908 3469 971 3521 ut
1019 3465 1383 3538 ingrediendi
1430 3464 1838 3539 [ingrediendi,
1873 3473 2052 3540 atque

374 3555 760 3631 ,egrediendi]
800 3555 953 3610 vices
1001 3555 1457 3626 frequentarent.
1493 3556 1654 3620 Quod
1704 3560 1869 3628 pater
1915 3574 2049 3612 cum

405 3649 611 3711 matre,
633 3646 723 3700 vel
754 3643 875 3698 filia
902 3642 1309 3710 deambulans,
1334 3660 1405 3698 ne
1438 3643 1810 3716 abigerentur
1840 3646 1911 3701 ab
1943 3663 2050 3701 an-

406 3733 701 3804 cilla,quze
724 3748 925 3786 curam
949 3730 1241 3785 nutriendi
1266 3729 1506 3786 infantis
1528 3738 1886 3804 susceperat,
1919 3751 2052 3806 pro-

406 3820 666 3876 hibebat.
691 3817 948 3875 Sollicita
994 3816 1151 3873 enim
1190 3822 1334 3886 erat,
1365 3835 1437 3873 ne
1483 3818 1694 3874 infanti
1742 3826 2048 3890 nocerent;

408 3907 823 3982 exspectabant
868 3910 1067 3962 tamen
1115 3906 1300 3978 patrio
1332 3906 1540 3962 affectu
1580 3924 1696 3979 quo
1746 3909 1861 3965 fine
1908 3909 2053 3966 illud

409 3996 760 4054 miraculum
789 3994 1175 4051 clauderetur.
1201 3997 1275 4050 At
1306 3994 1416 4050 illae
1439 4000 1574 4068 post
1593 3996 1933 4070 aliquandiu
1962 4016 2056 4057 vo-

407 4086 643 4144 litantes
669 4084 727 4141 in
750 4086 973 4140 tantam
992 4082 1143 4140 aeris
1163 4082 1535 4140 altitudinem
1558 4085 1865 4143 sublevatas
1893 4092 2054 4155 sunt,

407 4180 473 4232 ut
509 4172 787 4231 humanis
834 4172 1020 4229 oculis
1070 4173 1313 4228 minime
1356 4172 1722 4243 viderentur;
1757 4193 1872 4248 quo
1902 4177 2054 4234 facto

404 4265 645 4322 territus
674 4266 838 4336 pater
866 4262 984 4318 ait:
1009 4261 1069 4318 Si
1091 4260 1295 4318 vixerit
1324 4261 1651 4320 infantulus
1678 4264 1806 4333 iste,
1831 4264 2053 4338 aliquid

407 4352 605 4427 magni
637 4351 767 4408 erit.

476 4442 612 4498 Post
647 4441 768 4496 haec
796 4456 929 4495 vero
977 4437 1213 4494 adultus
1242 4455 1388 4510 puer
1430 4438 1772 4496 liberalibus
1828 4442 2054 4499 artibus

2157 3288 2386 3340 etorum
2418 3285 2649 3342 Pstrum
2700 3285 3097 3343 institutiones
3124 3292 3365 3360 peracta
3411 3289 3517 3360 est)
3561 3285 3761 3342 minime

2158 3373 2589 3446 praesumimus.
2623 3375 2784 3441 Quod
2815 3392 2949 3431 vero
2999 3375 3196 3433 dicitis
3242 3394 3437 3451 neque
3466 3376 3763 3434 Sardicense

2159 3462 2495 3530 concilium,
2523 3480 2711 3536 neque
2748 3464 3062 3520 decretalia
3090 3482 3191 3521 vos
3220 3466 3441 3523 habere
3469 3468 3760 3522 sanctorum

2159 3552 2627 3624 pontificum,vel
2675 3553 2946 3624 recipere,
2981 3571 3095 3610 non
3128 3554 3298 3612 facile
3348 3555 3514 3613 nobis
3560 3550 3766 3610 facultas

2161 3642 2433 3696 credendi
2466 3640 2747 3697 tribuitur
2776 3659 2790 3696 :
2827 3642 3080 3699 maxime
3122 3660 3255 3698 eum
3300 3645 3630 3701 Sardicense
3658 3655 3763 3696 eon-

2161 3728 2381 3796 cilium,
2402 3730 2555 3801 quod
2586 3746 2764 3802 penes
2794 3746 2896 3786 vos
2929 3732 2987 3786 in
3009 3732 3214 3789 vestris
3246 3734 3583 3806 regionibus
3608 3734 3765 3787 actum

2161 3821 2342 3885 est,et
2369 3818 2563 3874 omnis
2601 3819 2858 3875 Ecclesia
2889 3820 3245 3893 recipit.qua
3274 3823 3502 3878 ratione
3531 3832 3765 3877 convene-

2162 3909 2272 3973 rat,
2292 3911 2356 3962 ut
2375 3907 2484 3962 hoc
2505 3912 2709 3963 sancta
2729 3909 3380 3982 Constantinopolitana
3399 3909 3641 3967 Ecclesia
3656 3904 3768 3976 abji-

2162 3998 2339 4063 eeret,
2362 3999 2437 4063 et,
2462 3996 2527 4050 ut
2555 3996 2801 4069 dignum
2831 4002 2940 4066 est,
2974 4015 3089 4054 non
3120 3998 3444 4056 retineret?

2234 4083 2552 4147 Decretalia
2579 4090 2798 4152 autem,
2831 4102 2959 4157 qua:
2991 4105 3026 4142 a
3049 4087 3267 4143 sanctis
3298 4089 3661 4161 pontificibus
3683 4082 3772 4156 pri-

2164 4189 2271 4228 ma:
2303 4172 2459 4229 sedis
2500 4173 2772 4230 Romanis
2822 4174 3089 4232 Ecclesiae
3131 4180 3271 4232 sunt
3322 4179 3606 4242 instituta,
3633 4174 3771 4244 cujus

2163 4262 2526 4329 auctoritate,
2541 4266 2719 4334 atque
2740 4263 3040 4321 sanctione
3060 4282 3266 4323 omnes
3288 4266 3587 4339 synodi,et
3605 4264 3769 4319 sancta

2162 4349 2408 4407 concilia
2429 4350 2793 4420 roborentur,
2809 4355 2866 4408 et
2895 4351 3271 4410 stabilitatem
3306 4358 3769 4419 sumunt,curvos

2163 4456 2277 4495 non
2311 4438 2525 4495 habere
2552 4439 2640 4495 vel
2684 4440 2991 4496 observare
3033 4440 3267 4497 dicitis?
3296 4443 3412 4499 nisi
3446 4443 3579 4515 quia
3604 4441 3766 4495 vestrm

406 4530 672 4586 imbutus
703 4526 1092 4584 Mediolanum
1124 4526 1394 4599 perrexit,
1418 4527 1517 4582 ubi
1549 4528 1872 4586 Auxentius
1895 4531 2051 4587 Aria-
2083 4554 2131 4612 υ
2162 4527 2510 4584 ordinationi
2535 4528 2962 4597 contradicunt,
2988 4533 3044 4584 et
3073 4544 3143 4585 ex
3173 4529 3323 4585 laico
3352 4532 3544 4587 subito
3572 4529 3635 4585 ad
3664 4522 3767 4612 cule

405 4635 616 4674 norum
644 4615 953 4689 episcOpus
979 4614 1315 4672 cathedram
1344 4632 1460 4671 non
1492 4617 1804 4689 regendam
1835 4620 1936 4675 sed
1970 4620 2053 4674 di-

405 4705 744 4762 laniandam
767 4705 1001 4760 tenebat
1024 4702 1433 4776 episcopalem.
1457 4706 1579 4771 Quo
1600 4705 1894 4772 defuncto,
1909 4708 2050 4764 dum

406 4793 478 4850 ad
508 4792 848 4849 electionem
888 4790 1145 4866 episcopi
1190 4792 1488 4865 popularis
1519 4793 1681 4850 ﬁeret
1707 4793 1766 4849 in
1797 4795 2053 4853 Ecclesia

405 4881 794 4955 conglobatio,
809 4897 938 4937 ecce
958 4879 1198 4953 quidam
1229 4881 1424 4937 infans
1445 4880 1826 4948 acclamabat,
1852 4885 2053 4943 dicens

404 4968 778 5027 Ambrosium
808 4970 1147 5042 episcopum
1181 4986 1194 5025 :
1227 4970 1298 5026 ad
1331 4987 1509 5042 quam
1541 4987 1741 5027 vocem
1772 4976 1829 5028 et
1858 4974 2052 5031 omnis

406 5057 507 5115 illa
527 5058 827 5114 conventio
851 5057 1120 5114 similiter
1146 5057 1508 5114 acclamabat
1529 5059 1903 5116 Ambrosium
1927 5061 2054 5134 epi-

405 5147 845 5221 seopum.Quod
875 5164 989 5203 non
1022 5146 1299 5202 humanis
1333 5146 1390 5201 id
1422 5146 1544 5203 fieri
1576 5150 1935 5205 credendum
1965 5155 2054 5207 est

403 5236 827 5301 voluntatibus,
846 5236 947 5291 sed
971 5234 1205 5300 divinis,
1229 5235 1301 5289 ad
1330 5233 1706 5292 salvationem
1728 5241 1786 5293 et
1804 5239 2053 5311 ereptio-

405 5342 536 5380 nem
563 5324 821 5380 fidelium
842 5323 914 5377 de
944 5322 1256 5377 adversarii
1285 5322 1469 5377 nostri
1493 5323 1896 5398 faucibus,qui
1927 5332 2052 5383 tan-

405 5429 581 5484 quam
611 5412 701 5468 leo
726 5409 986 5483 rugiens,
1011 5408 1219 5480 quaerit
1243 5424 1417 5479 quem
1450 5409 1683 5465 devoret
1704 5412 1775 5483 (Il
1801 5417 1945 5469 Petr.
1969 5419 2049 5483 v),

405 5497 905 5570 inspirationibus.
926 5495 1033 5564 Qui
1059 5495 1201 5551 dum
1228 5512 1290 5551 se
1317 5495 1519 5552 multis
1549 5514 1613 5553 ac
1638 5499 1812 5556 variis
1841 5501 2053 5559 voluis-

403 5590 492 5643 set
522 5586 811 5644 occultare
840 5582 1224 5659 argumentis,
1258 5588 1316 5639 et
1346 5602 1378 5641 a
1410 5588 1571 5642 tanto
1603 5585 1818 5644 honore
1849 5590 2049 5647 delite-

2163 4633 2295 4672 men
2309 4616 2456 4688 patri
2465 4616 2739 4672 archatus
2752 4617 3110 4674 transvolare
3122 4619 3642 4676 resistunt?comra
3651 4611 3766 4670 illud

2161 4705 2547 4777 apostolicum
2573 4723 2586 4761 :
2610 4705 2830 4762 Neniini
2858 4708 2965 4763 cito
2991 4722 3221 4763 manum
3251 4709 3570 4781 imposueris
3597 4706 3640 4778 (I
3659 4704 3764 4761 Tim.

2158 4794 2236 4863 v).
2260 4794 2421 4858 Quod
2454 4794 2502 4850 si
2542 4811 2612 4850 ea
2652 4811 2767 4850 non
2816 4795 3070 4866 habetis,
3095 4796 3167 4851 de
3198 4796 3466 4870 neglectu
3515 4800 3674 4866 atque
3697 4790 3765 4844 in-

2162 4881 2325 4938 curia
2353 4882 2495 4938 estis
2526 4883 2806 4956 arguendi
2828 4901 2841 4951 ;
2867 4883 2915 4939 si
2947 4883 3198 4955 habetis,
3217 4890 3277 4941 et
3325 4903 3441 4942 non
3471 4878 3766 4942 observatis.

2161 4970 2233 5026 de
2265 4972 2593 5028 temeritate
2622 4972 2765 5029 estis
2794 4972 3148 5045 corripiendi
3178 4978 3235 5030 et
3266 4972 3615 5047 increpandi.
3638 4964 3768 5033 Quod

2160 5057 2440 5115 violenter
2458 5077 2560 5116 vos
2585 5061 2657 5116 ad
2695 5060 3114 5118 sacerdotalem
3145 5062 3492 5135 dignitatem
3515 5059 3770 5134 promotos

2160 5149 2505 5204 asseveratis
2523 5153 2696 5222 atque
2714 5150 3347 5222 protestamini,vestraa
3360 5143 3767 5208 consecrationis

2160 5240 2421 5309 tempore
2451 5254 2568 5293 non
2610 5238 2693 5294 ita
2721 5255 2849 5294 esse
2879 5238 3230 5296 declaratur.
3266 5239 3372 5306 Qui
3405 5244 3692 5312 postquam
3720 5233 3764 5286 in

2161 5325 2589 5398 patriarchatus
2618 5327 2831 5384 throno
2862 5327 3111 5384 stabiliti
3135 5328 3296 5396 estis,
3320 5344 3436 5383 non
3462 5332 3523 5382 ut
3550 5330 3694 5397 pater
3716 5320 3761 5373 in

2160 5413 2298 5469 ﬁliis
2328 5414 2600 5482 blandus,
2625 5417 2727 5471 sed
2752 5420 2816 5471 ut
2846 5416 3134 5472 immitem
3160 5417 3218 5472 in
3242 5416 3591 5488 depositione
3610 5407 3763 5467 archi-

2159 5502 2564 5575 episcoporum
2605 5509 2662 5559 et
2691 5505 3098 5577 episcoporum
3147 5521 3252 5578 per
3292 5503 3635 5561 severitatem
3679 5512 3759 5551 v08

2158 5591 2626 5660 demonstrastis,
2651 5596 2708 5649 et
2737 5592 2798 5649 in
2820 5594 3198 5651 damnatione
3224 5592 3541 5652 innocentis
3561 5582 3757 5661 lgnatii,
