3956 6160
192 300 311 362 793

1402 302 1806 365 EPIS’I‘OLE
1848 302 1955 364 ET
2000 300 2385 365 DECRETA.

3476 310 3595 373 794

194 454 323 494 rum
341 435 749 510 episcoporum
771 433 1081 510 collegium
1105 434 1391 494 Nicmniet
1411 434 1838 494 Chalcedonen-
1867 435 1922 504 Α
1953 436 2459 509 excerpta,quibus
2490 434 2822 496 intellectus
2842 437 3031 512 ipsius
3057 440 3315 515 epistolae
3334 444 3593 503 contine-'-

192 528 272 585 sis
300 526 1172 599 conciliorum,caeterorumque
1215 530 1552 583 sanctorum
1598 527 1835 582 Patrum

190 616 499 690 synodicas
530 616 979 672 constitutiones
1011 616 1442 688 sequimur,sed
1475 633 1676 672 eorum
1697 616 1838 672 libe-

190 705 343 763 rales
371 722 721 762 veneramur
742 707 938 776 justas
960 706 1240 761 divinitus
1264 705 1579 778 inspiratas
1601 710 1833 760 senten-

187 795 336 864 tias;
362 800 420 851 et.
448 813 564 851 non
588 799 819 851 tantum
843 811 949 866 pro
968 811 1209 851 suorum
1234 794 1615 850 multitudine
1637 795 1834 849 obser-

187 888 404 940 vantur
424 902 459 940 a
478 884 670 951 nobis,
702 883 841 956 quia
863 900 1059 940 revera
1088 884 1257 939 multi
1280 884 1339 938 in
1367 884 1632 956 personis
1655 884 1833 949 fuere,

195 974 294 1031 sed
311 974 375 1030 in
388 973 1088 1030 validissimissententiis
1100 990 1199 1030 eos
1213 974 1628 1046 perpendimus
1641 972 1837 1045 plures

257 1064 425 1130 Quod
449 1068 644 1119 autem
657 1062 1004 1119 asseveratis
1021 1063 1168 1119 fatos
1182 1062 1362 1119 fuisse
1373 1062 1593 1135 legatos
1608 1067 1838 1117 nostros

187 1155 321 1226 post
353 1152 790 1208 damnationem
806 1150 1231 1224 religiosissimi
1245 1151 1350 1206 viri
1370 1151 1574 1224 Ignatii
1599 1150 1839 1224 patriars

186 1241 333 1310 aha,
366 1241 563 1297 omnis
591 1240 719 1311 ejus
750 1240 1107 1296 consecratio
1138 1242 1256 1312 [pro
1286 1257 1519 1296 omnem
1550 1241 1678 1310 ejus
1700 1256 1837 1295 con-

185 1331 597 1395 secrationem,
658 1330 750 1397 Η.)
800 1329 1010 1384 debere
1066 1330 1306 1397 cassari,
1365 1330 1609 1385 damnat
1664 1333 1838 1401 atque

182 1419 386 1488 evelli;
418 1418 591 1487 absit,
624 1423 687 1473 ut
715 1418 824 1474 hoc
856 1419 978 1474 fieri
1010 1419 1303 1490 patiamur
1335 1436 1347 1475 :
1382 1423 1444 1473 ut
1476 1420 1613 1491 quia
1652 1434 1839 1490 neque

184 1512 413 1584 [rectius
459 1514 525 1565 ut
566 1508 667 1582 qui
716 1525 928 1581 neque,
960 1511 1050 1577 11.)
1102 1509 1392 1583 Ignatium
1443 1508 1837 1580 patriarcham

183 1601 567 1669 damnamus,
598 1615 787 1672 neque
815 1598 1086 1654 Pbotium
1119 1597 1413 1653 moechum
1458 1597 1837 1670 suscipimus,

182 1691 282 1762 qui
317 1689 520 1745 sedem
564 1687 808 1743 viventis
854 1686 961 1742 viri
1009 1690 1064 1742 et
1110 1686 1319 1758 pudice
1369 1686 1653 1743 servantis
1683 1687 1840 1757 [forte

179 1776 945 1850 conservantisﬂ.],temere
977 1775 1089 1831 sibi
1123 1792 1406 1847 usurpare
1441 1775 1832 1847 praesumpsit,
1874 1809 1917 1873 Β

178 1873 383 1941 atque,
417 1871 485 1923 ut
513 1866 595 1922 ita
622 1864 1056 1937 dicamus,qnia
1088 1867 1248 1938 [forte
1274 1864 1503 1920 delenda
1535 1881 1637 1920 vox
1677 1864 1836 1935 quia,

177 1959 481 2024 H.1contra
508 1955 774 2011 ordinem
795 1954 854 2008 in
877 1971 946 2010 ea
964 1953 1291 2009 conversari
1314 1969 1429 2008 non
1461 1954 1832 2019 erubescens,

176 2045 458 2103 Ecclesiae
474 2048 675 2100 vestrae
691 2040 1361 2125 scandalampltiplicari
1378 2042 1841 2097 consentiamus.

178 2135 334 2200 Quin
367 2133 588 2207 potius,
621 2131 992 2189 serenissima
1034 2130 1115 2186 ﬁli
1161 2133 1443 2203 Auguste,
1472 2130 1843 2186 dilectionem

176 2231 443 2279 vestram
474 2220 1153 2286 monemus,suademus,
1187 2224 1361 2291 atque
1389 2219 1709 2292 apostolica
1737 2236 1843 2274 au-

179 2312 459 2368 ctoritate
472 2311 986 2376 denuntiamus,ut
1009 2310 1247 2364 tandem
1278 2308 1594 2380 aliquando
1612 2308 1841 2363 resista-

185 2401 267 2458 tis
300 2399 422 2455 illis
435 2399 537 2471 qui
564 2397 847 2470 prolibitu
862 2414 981 2453 suze
1000 2396 1317 2452 voluntatis
1339 2402 1542 2452 contra
1563 2396 1847 2453 Constan-

188 2488 596 2562 tinopolitanae
627 2487 896 2543 Ecclesiae
946 2502 1008 2542 se
1054 2485 1363 2558 prmsulem
1401 2486 1692 2559 erigentes
1722 2486 1847 2541 sine

184 2577 627 2637 examinatione
673 2575 953 2632 canonica
1002 2575 1408 2649 ignorantibus
1448 2576 1619 2631 nobis
1644 2576 1847 2631 crebro

184 2665 833 2740 deponentes,alterum
866 2665 1162 2736 inopinate
1192 2681 1531 2721 consecrare
1558 2665 1844 2720 nituntur.

186 2756 361 2814 Unde
391 2755 513 2811 haec
533 2754 894 2822 discussioin
911 2752 1294 2810 orientalibus
1314 2754 1522 2810 vestris
1550 2753 1846 2819 Ecclesiis,

184 2846 339 2903 heu!
412 2844 736 2917 plurimum
782 2844 1070 2916 agitatur;
1133 2843 1233 2899 sed
1292 2842 1481 2916 magis
1538 2842 1845 2911 studeatis,

183 2934 434 3008 quando
482 2932 679 3005 aliqua
728 2932 1094 2998 emerserint,
1141 2933 1295 2987 unde
1348 2931 1609 2988 schisma
1662 2931 1850 3004 possit

183 3022 435 3093 oboriri,
467 3026 679 3078 nostra;
711 3020 976 3077 Ecclesia
1002 3020 1271 3075 consultu
1297 3036 1571 3093 peragere
1603 3037 1617 3075 :
1647 3024 1848 3093 quate-

183 3130 301 3169 nus
324 3112 485 3167 sicut
506 3112 633 3181 jam
650 3111 803 3166 facto
816 3127 918 3182 pro
936 3109 1526 3183 sanctisimaginibus
1554 3110 1845 3173 novimus,

182 3201 347 3274 quod
374 3173 537 3271 juste
569 3173 953 3255 deliberatum
969 3173 1321 3265 est,maneat
1338 3198 1665 3271 apostolica:
1689 3199 1847 3255 sedis
1878 3173 1920 3239 θ

183 3288 539 3345 auctoritate
589 3288 908 3344 firmatum.
963 3287 1124 3353 Quod
1183 3292 1380 3342 autem
1437 3288 1845 3343 tantummodo

182 3377 568 3434 amulatione
596 3375 934 3442 voluntatis,
964 3380 1167 3431 contra
1197 3375 1508 3431 canonicas
1554 3376 1641 3431 vel
1673 3392 1845 3449 syno-

182 3468 352 3523 dicas
371 3483 687 3532 .censuras,
704 3465 1038 3520 inconsulta
1068 3466 1327 3519 Romana
1359 3464 1847 3537 Ecclesia,perpe-

182 3556 328 3612 trari
368 3558 632 3619 conatur,
646 3557 850 3609 vestrae
884 3553 1181 3625 religionis
1212 3552 1450 3609 brachio
1480 3559 1847 3621 arceatur,ne

180 3644 462 3702 videlicet
502 3646 715 3699 sanctae
745 3642 846 3697 Dei
877 3641 1237 3709 Ecclesiae,ac
1269 3642 1439 3714 regiae
1485 3642 1613 3697 urbi
1662 3642 1849 3716 gloria

181 3731 572 3805 vestra,quod
604 3730 893 3796 absit,sub
913 3735 1173 3802 tempore
1203 3730 1261 3784 in
1295 3728 1490 3803 aliquo
1522 3731 1843 3788 minuatur.

252 3823 463 3880 Liceat
508 3837 645 3894 ergo
694 3823 959 3875 sanctam
1009 3819 1547 3893 Ecclesiam,quam
1578 3821 1846 3879 Christus

184 3928 357 3969 sacro
380 3926 489 3966 suo
514 3908 801 3982 sanguine
818 3908 1137 3965 aservitute
1159 3909 1554 3981 corruptionis
1576 3911 1844 3979 redemit,

183 4001 578 4057 orthodoxam
602 3998 777 4053 fidem
811 4001 1138 4053 servantem
1174 4002 1366 4052 vestro
1396 3998 1712 4054 certamine
1730 4015 1848 4055 ma-

183 4108 323 4147 nere
343 4089 421 4144 ab
443 4086 605 4143 omni
622 4085 1023 4158 inquietudine
1040 4085 1447 4141 infestatorum
1466 4087 1843 4158 tranquillam

183 4184 369 4251 atque
398 4180 689 4251 pacatam.
721 4174 983 4247 Denique
1012 4174 1280 4230 Ecclesiae
1311 4174 1845 4248 Constantinopoli-

185 4272 338 4324 tanae
373 4267 684 4322 hortamur
712 4267 1025 4330 statum,ut
1041 4263 1188 4319 tales
1213 4263 1366 4320 alere
1386 4264 1544 4319 omni
1567 4263 1844 4337 religione

182 4356 454 4413 eruditos
502 4354 733 4410 studeat
776 4352 953 4420 viros,
989 4352 1087 4424 qui
1135 4353 1207 4407 ad
1256 4352 1539 4408 honorem
1590 4353 1845 4410 cardinis

182 4445 379 4518 ipsius
410 4448 631 4501 sanctae
659 4441 926 4499 Ecclesiae
956 4441 1083 4497 suis
1114 4440 1465 4512 praesulibus
1478 4442 1735 4499 mortuis
1754 4444 1843 4499 vel

1944 526 2138 598 batur,
2169 525 2328 583 aliud
2362 543 2464 600 pro
2504 527 2638 595 alio,
2671 528 3030 601 ignoramus,
3066 533 3201 605 quis
3248 537 3595 593 temerarius

1944 630 2140 670 coram
2169 620 2362 671 vestra
2392 617 2679 689 imperiali
2711 624 3028 692 conspectu
3076 622 3321 696 legendo
3354 641 3594 697 percur-

1944 720 2071 759 rere
2101 703 2188 759 vel
2220 704 2585 777 interpretari
2619 709 3013 780 praesumpsit,
3066 728 3245 782 quam
3296 713 3347 768 si
3397 732 3594 772 coram

1944 796 2145 848 vestrae
2188 794 2511 865 majestatis
2538 796 2848 867 praesentia
2896 800 3146 855 scrutari
3178 802 3499 873 jusseritis,
3535 805 3596 861 in

1947 881 2244 954 aliquibus
2274 899 2401 938 eam
2435 888 2719 965 mutatam
2751 890 2927 959 atque
2958 888 3288 947 fraudatam
3326 892 3471 949 locis
3502 912 3596 951 re-

1944 971 2202 1043 parietis.

2016 1060 2133 1115 Nos
2163 1064 2360 1116 autem
2390 1060 2667 1130 volentes,
2696 1062 3153 1124 clementissime
3180 1069 3592 1144 triumphator,

1945 1148 2345 1205 excellentiam
2375 1157 2628 1207 vestram
2655 1153 2728 1207 ab
2750 1155 2908 1209 omni
2931 1155 3331 1216 labefactionis
3352 1162 3597 1220 crimine

1946 1236 2188 1294 illmsam
2219 1239 2557 1298 consistere.
2588 1245 2643 1297 et
2675 1259 2778 1314 per
2807 1242 3084 1302 diuturna
3126 1252 3390 1322 tempora
3436 1256 3595 1309 tran-

1947 1326 2303 1399 quillissima
2358 1329 2589 1401 imperii
2636 1333 2813 1387 vestri
2878 1335 3299 1394 sublimitatem
3364 1339 3425 1396 in
3495 1342 3594 1398 Dei

1947 1416 2344 1473 sincerissime
2401 1434 2638 1475 manere
2694 1422 2950 1490 servitio,
3009 1430 3073 1480 ut
3124 1427 3403 1498 spiritalis
3435 1434 3600 1503 pater

1948 1505 2273 1578 spiritalem
2305 1507 2492 1562 filium
2542 1517 3002 1579 commonentes,
3054 1520 3111 1571 et
3157 1533 3245 1584 ea,
3297 1535 3423 1591 quae
3481 1521 3596 1577 Deo

1947 1594 2257 1667 placabilia
2268 1613 2336 1651 su
2347 1597 2752 1668 ntapostolicis
2763 1601 3268 1663 adhortationibus
3281 1608 3601 1683 adimplen-

1948 1684 2023 1738 da
2041 1689 2478 1741 commonentes
2493 1703 2506 1742 :
2522 1691 2579 1741 et
2599 1687 2753 1744 sicut
2772 1691 2949 1746 vestri
2964 1692 3120 1749 soliti
3137 1700 3278 1751 sunt
3288 1700 3602 1769 praedeces-

1948 1789 2130 1839 sores,
2164 1774 2263 1845 qui
2294 1774 2353 1829 in
2384 1773 2639 1832 culmine
2669 1777 2959 1850 imperiali
2999 1784 3419 1854 consistebant,
3452 1789 3603 1846 hanc

1951 1866 2214 1917 sanctam
2249 1863 2571 1919 Romanam
2604 1865 2922 1924 Ecclesiam
2956 1870 3125 1942 pleno
3156 1874 3480 1934 devotionis
3503 1896 3605 1935 ve-

1951 1952 2143 2006 nerari
2174 1952 2404 2018 affectu,
2440 1953 2522 2007 ita
2572 1958 2629 2009 et
2672 1972 2772 2011 vos
2802 1960 3137 2029 apostolicis
3166 1965 3443 2034 perﬁcere
3474 1984 3604 2023 ora-

1952 2038 2101 2097 culis
2131 2041 2527 2108 obsecramus,
2561 2043 2701 2114 quia
2725 2060 2793 2099 ea
2822 2061 2949 2118 quae
2983 2048 3039 2103 in
3076 2053 3347 2121 praesenti
3370 2057 3617 2127 negotio

1952 2127 2361 2184 ecclesiasticis
2384 2130 2825 2201 procuravimus
2854 2135 3079 2192 sancire
3113 2137 3600 2214 institutionibus,

1954 2235 2071 2273 non
2116 2218 2348 2273 invidiae
2396 2236 2592 2287 causa,
2641 2220 2730 2276 vel
2781 2221 2979 2294 aliqua
3022 2225 3330 2286 dolositate
3378 2233 3604 2306 peregi-

1956 2324 2110 2374 mus,
2144 2308 2243 2363 sed
2274 2306 2528 2363 volentes
2557 2313 2808 2366 vestram
2842 2312 3203 2385 imperialem
3234 2317 3602 2392 dignitatem,

1955 2401 2012 2452 et
2033 2401 2292 2452 sanctam
2310 2398 3012 2472 Constantinopolitanam
3031 2403 3344 2463 Ecclesium
3362 2408 3604 2467 illmsam

1957 2502 2205 2551 servare,
2261 2490 2317 2541 et
2365 2485 2436 2540 ab
2485 2487 2644 2542 omni
2695 2489 3164 2560 reprehensione,
3197 2493 3355 2551 ducti
3386 2496 3607 2554 ferven-

1955 2573 2186 2630 tissimo
2216 2574 2337 2629 zelo
2367 2573 2667 2629 cbaritatis
2697 2577 3009 2645 custodire,
3042 2579 3198 2636 sicut
3244 2580 3303 2636 in
3350 2583 3607 2656 epistolae

1957 2663 2107 2719 serie
2161 2664 2233 2718 ad
2290 2679 2390 2718 vos
2449 2663 2645 2719 missae
2709 2666 3012 2736 reperitur,
3080 2669 3263 2726 Deum
3330 2672 3607 2731 timentes

1957 2752 2227 2808 ordinare
2255 2752 2645 2819 decrevimus,
2676 2756 2733 2808 et
2762 2760 2972 2810 cuncta
3003 2757 3363 2816 observanda
3393 2778 3608 2835 praeop-

1957 2845 2173 2896 tamus.
2336 2852 2338 2855 ·

2028 2929 2412 3001 Omnipotens
2441 2932 2636 2984 autem
2670 2929 2953 3003 Deus,qui
2985 2949 3085 2988 vos
3106 2935 3178 2990 ad
3204 2935 3607 3008 reprimendas

1959 3016 2277 3072 multarum
2310 3016 2573 3089 gentium
2604 3018 2862 3075 feritates
2912 3020 2970 3075 in
3022 3021 3309 3095 imperiali
3351 3025 3606 3082 culmine

1958 3105 2168 3178 eligere
2200 3105 2477 3178 dignatus
2508 3111 2623 3173 est;
2657 3106 2992 3179 piissimum
3014 3110 3323 3184 imperium
3346 3119 3605 3173 vestrum

1957 3195 2029 3250 ad
2063 3199 2280 3250 statum
2311 3199 2367 3251 et
2399 3195 2796 3252 defensionem
2820 3204 3031 3255 sanctae
3062 3217 3180 3255 suae
3213 3201 3473 3259 Ecclesiae
3506 3222 3610 3277 per

1959 3283 2143 3339 multa
2169 3300 2456 3339 annorum
2489 3289 2787 3341 conservet
2815 3287 3122 3357 curricula,
3156 3295 3213 3346 et
3242 3293 3461 3364 sospite
3489 3295 3610 3351 vita

1956 3389 2189 3446 semper
2227 3390 2327 3428 vos
2376 3389 2464 3443 ea,
2496 3391 2622 3446 quae
2672 3375 2754 3430 illi
2798 3380 2938 3431 sunt
2984 3377 3221 3448 placita,
3270 3382 3435 3437 vobis
3464 3382 3608 3439 velle

1955 3463 2280 3517 concedat:
2316 3468 2607 3534 quatenus
2658 3469 2721 3518 ut
2768 3464 2829 3519 in
2878 3469 3151 3537 praesenti
3198 3470 3364 3526 vobis
3396 3471 3607 3529 saeculo

1956 3550 2201 3607 feliciter
2228 3550 2555 3623 imperandi
2589 3557 2939 3624 potestatem
2969 3556 3261 3623 tribuit,in
3284 3559 3482 3615 futuro
3505 3577 3607 3633 pro

1955 3639 2125 3696 bonis
2178 3641 2428 3705 actibus,
2475 3645 2533 3696 et
2575 3642 2821 3712 justitiae
2871 3644 3263 3713 observantia,
3314 3665 3441 3720 quae
3497 3650 3606 3706 sub

1953 3733 2145 3785 vestro
2176 3727 2486 3785 libramine
2513 3731 2817 3802 ponderari
2842 3731 3351 3807 debetur,praamia
3383 3741 3609 3794 internas

1956 3818 2252 3875 felicitatis
2282 3818 2496 3875 habere
2527 3820 2842 3893 permittat.
2878 3821 3027 3880 Data
3062 3840 3264 3881 mense
3313 3825 3482 3883 Mart.
3515 3825 3608 3883 die

1954 3909 2044 3975 l9,
2075 3909 2279 3964 indict.
2313 3926 2388 3964 1x.

2719 3999 2859 4054 XIV.

2039 4103 2504 4142 SUPPLEMENTUM
2543 4103 2789 4144 CONCILII
2831 4106 3050 4167 ROMANI
3088 4108 3220 4146 ΑΝΝΙ
3252 4108 3522 4149 DCCCLXII.

2468 4176 2654 4247 [Apud
2687 4176 2899 4242 Mansi,
2929 4178 3088 4244 ibid.]

2149 4263 2192 4319 Ι.
2228 4294 2296 4303 --
2326 4264 2399 4318 De
2416 4265 2624 4319 Joanne
2654 4263 3053 4338 archiepiscopo
3084 4268 3410 4325 Ravennate.

2022 4352 2309 4408 Joannem
2340 4352 2845 4425 archiepiscopum
2878 4354 3475 4429 Ravennatem,quem
3499 4376 3602 4431 pro

1953 4440 2310 4513 quibusdam
2344 4440 2789 4500 necessitatibus
2818 4443 3231 4500 ecclesiasticis
3260 4451 3319 4503 et
3354 4447 3602 4504 diversis

185 4532 459 4606 quolibet
484 4547 623 4586 casu
637 4530 847 4585 amodo
860 4528 1300 4585 discedentibus
1318 4529 1549 4585 valeant
1569 4531 1845 4605 subroga—
1876 4538 1920 4601 D
1951 4547 2201 4603 praesum
2212 4529 2509 4602 ptionibus
2521 4531 2593 4586 ad
2608 4533 2894 4604 synodum
2910 4533 3354 4589 convocavimus
3371 4540 3448 4603 ;et
3462 4538 3604 4608 quia
3620 4570 3623 4575 -

185 4621 448 4695 ri:quod
487 4636 604 4675 non
645 4617 834 4674 solum
856 4617 918 4673 in
939 4621 1100 4672 tanto
1124 4616 1516 4690 patriarcbatu
1548 4619 1843 4675 observari

184 4710 430 4771 omnino
461 4708 652 4776 debet,
682 4724 883 4763 verum
913 4705 1089 4762 etiam
1137 4704 1197 4760 in
1229 4704 1478 4779 singulis
1509 4707 1841 4780 quibusque

184 4798 525 4858 civitatibus
554 4813 625 4854 ex
652 4795 1079 4852 consuetudine
1115 4794 1405 4850 canonica
1444 4812 1660 4868 magna
1705 4813 1841 4853 cum

184 4887 417 4945 cautela
449 4890 713 4942 servatur
760 4888 818 4940 et
865 4884 1210 4940 custoditur.
1246 4883 1356 4939 Sed
1406 4888 1471 4939 et.
1500 4883 1609 4940 hoc
1639 4888 1841 4941 vestrae

185 4974 511 5033 clementia
542 4974 817 5030 intimare
847 4972 1351 5044 curavimus,quia
1380 4972 1532 5028 sicut
1553 4972 1612 5028 in
1631 4973 1840 5030 vestris

185 5067 335 5131 actis
363 5062 697 5137 apostolica:
744 5061 867 5118 sedi
929 5066 985 5117 et
1030 5064 1228 5117 nostro
1278 5061 1575 5133 pontificio
1604 5062 1840 5120 directis

184 5154 479 5213 insertum
508 5150 1128 5217 invenitur,nescimus
1158 5150 1329 5221 cujus
1352 5149 1555 5207 fraude
1574 5150 1664 5207 vel
1685 5151 1842 5209 dolo-

185 5243 362 5300 sitate
387 5241 637 5315 epistola
668 5244 868 5296 nostra
912 5239 987 5295 ad
1032 5255 1135 5294 vos
1181 5237 1403 5294 directa
1431 5240 1699 5296 fraudata
1728 5245 1835 5297 est.

184 5332 253 5387 Et
281 5349 400 5388 non
432 5328 625 5387 solum
657 5329 797 5401 quia
845 5328 903 5383 in
952 5331 1143 5383 vestra
1172 5328 1481 5399 praisentia
1512 5330 1837 5385 secundum

184 5420 351 5478 illius
374 5424 598 5477 textum
628 5418 718 5475 vel
750 5417 1014 5475 ordinem
1048 5415 1260 5472 relecta
1292 5433 1407 5472 non
1428 5417 1643 5485 est,sed
1668 5417 1834 5489 plura

1952 4637 1986 4675 a
2016 4620 2342 4675 Nandeciso
2373 4623 2450 4687 (a)
2471 4618 2695 4676 Polensi
2729 4620 2998 4693 episcopo
3027 4625 3601 4697 nostrolpraasulatni

1951 4712 2152 4765 contra
2180 4725 2314 4764 eum
2342 4708 2536 4764 libello
2549 4710 3097 4782 porrecto,pessimo
3111 4711 3397 4769 haereseos
3410 4730 3602 4772 errore

1952 4797 2214 4853 irretitus
2262 4796 2492 4864 dicitur,
2527 4802 2585 4853 et
2614 4797 2740 4853 viva
2767 4815 2904 4855 voce
2949 4801 3258 4871 profertur,
3290 4802 3487 4860 venire
3513 4802 3602 4859 di-

1952 4885 2119 4941 stulit
2147 4890 2323 4957 atque
2354 4886 2790 4958 contempsit,et
2816 4904 2922 4959 pro
2954 4887 3115 4944 illato
3137 4889 3384 4948 crimine
3404 4893 3607 4964 puriﬁ-

1949 4991 2081 5032 care
2112 4991 2173 5029 se
2204 4973 2418 5042 noluit;
2450 4975 2774 5031 secundum
2826 4977 3187 5033 sanctionem
3219 4980 3428 5036 decimi
3465 4983 3603 5038 noni

1950 5062 2188 5135 capituli
2219 5062 2662 5136 Catbaginensis
2687 5064 2941 5135 concilii,
2957 5083 3259 5124 sacrarum
3283 5070 3599 5127 missarum

1949 5150 2516 5222 solemniis,corpore
2544 5153 2721 5209 etiam
2748 5159 2804 5210 et
2835 5156 3120 5228 sanguine
3153 5158 3384 5214 Domini
3415 5157 3598 5215 nostri

1946 5241 2085 5296 Jesu
2117 5239 2330 5295 Christi
2363 5256 2728 5312 separamus,
2762 5248 2938 5316 atque
2967 5244 3026 5301 in
3057 5247 3328 5318 praesenti
3376 5246 3595 5320 synodo

1945 5328 2542 5395 excommunicamus,
2575 5347 2761 5403 usque
2791 5334 2932 5389 dum
2964 5334 3031 5390 in
3072 5340 3272 5392 nostra
3291 5332 3596 5406 praesentia

1942 5418 2182 5473 veniens
2233 5418 2328 5473 hic
2377 5419 2571 5475 Romaa
2622 5421 3046 5493 purificationis
3075 5423 3261 5496 ipsius
3290 5421 3593 5479 videamus

253 5529 335 5596 (a)
361 5528 605 5600 Ignotus
633 5525 744 5581 fuit
765 5525 1076 5597 episcopus
1104 5522 1212 5580 iste
1242 5522 1601 5595 Ughellio,ac
1632 5522 1875 5595 proinde
1902 5524 1962 5580 in
1996 5523 2161 5580 Italia
2189 5541 2355 5582 sacra
2383 5526 2797 5600 adjungendus
2836 5528 3094 5602 catalogo
3125 5526 3455 5585 Polensium
3480 5530 3597 5603 epi-

188 5612 523 5670 scaporum.
