3992 6150
449 301 569 364 τ99

1174 429 1395 490 XVIII.’

831 540 905 580 AD
944 540 1204 580 CAROLUM
1242 538 1463 579 CALVUM
1503 538 1711 578 REGEM.

1097 614 1283 682 (Anno
1313 611 1460 683 862.)

457 725 520 783 Ut
546 724 652 780 duo
682 723 749 779 de
771 722 890 794 ejus
918 736 1083 794 regno
1112 722 1350 794 episcopi
1370 718 1465 794 ad
1511 717 1781 791 synodum
1829 716 1976 773 Metis
2013 732 2100 773 co-

922 791 1156 864 gendam
1182 791 1617 863 proﬁciscantur.

966 881 1155 953 [Apud
1189 879 1398 945 Mansi,
1433 879 1590 948 ibid]

521 992 804 1047 NICOLAUS
835 987 1165 1060 episcopus,
1182 1002 1385 1041 servus
1414 1001 1712 1041 servorum
1744 983 2102 1050 Dei,Caaow

452 1081 705 1155 glorioso
736 1077 857 1150 regi
887 1084 1011 1150 [pro
1043 1077 1309 1149 synodo].

522 1170 699 1226 Sedes
730 1167 851 1223 haec
881 1170 1085 1221 sancta
1109 1170 1281 1236 atque
1312 1165 1624 1236 praecipua,
1667 1163 1762 1218 cui
1819 1160 2104 1218 Dominici

450 1258 642 1333 gregis
664 1263 752 1314 est
772 1256 1102 1312 sollicitudo
1126 1271 1381 1324 curaque
1400 1252 1802 1320 commissa,in
1826 1251 2102 1307 omnibus

451 1348 655 1405 mundi
675 1345 939 1419 partibus
959 1342 1325 1399 rectitudinis
1345 1360 1462 1397 suae
1480 1341 1862 1413 dispositione
1881 1338 2103 1396 salubri

450 1443 660 1495 cuncta
691 1434 958 1491 ordinare
988 1432 1379 1504 pertinereque
1418 1429 1614 1485 divino
1657 1430 1801 1485 freta
1832 1432 2106 1500 procurat

450 1526 686 1592 auxilio,
717 1530 774 1579 et
804 1522 959 1594 quod
1011 1519 1295 1593 singulari
1328 1537 1431 1591 pro
1456 1519 1797 1573 auctoritate
1829 1518 2104 1590 perﬁcere

447 1616 620 1681 valet,
654 1612 973 1668 multorum
1007 1626 1157 1681 saepe
1189 1608 1559 1663 sacerdotum
1582 1606 1838 1663 decernit
1861 1606 2104 1662 definire

450 1704 828 1768 consensu,et
849 1698 1091 1769 justitiae
1126 1714 1373 1753 censura
1402 1714 1471 1753 ea
1500 1695 1721 1753 scilicet
1739 1695 2106 1751 emendanda

449 1792 793 1855 deliberare,
828 1806 952 1860 quae
984 1804 1286 1860 perperam
1319 1790 1494 1858 atque
1543 1786 1862 1842 enormiter
1891 1784 2107 1840 fuerint
2135 1809 2182 1873 B

451 1879 662 1938 alicubi
696 1878 1033 1935 commissa.
1064 1876 1226 1933 Unde
1254 1879 1457 1931 vestrae
1489 1873 1669 1948 regali
1692 1879 1923 1946 Deoque
1945 1889 2106 1928 ama-

449 1970 551 2026 bili
583 1967 931 2026 excellentiae
960 1969 1162 2021 notum
1195 1981 1323 2021 esse
1355 1963 1647 2030 volumus,
1673 1963 1813 2035 quia
1841 1962 1915 2017 ad
1948 1962 2104 2017 futu-

450 2076 577 2115 ram
626 2057 938 2130 synodum,
971 2072 1097 2126 qua
1148 2053 1318 2109 Metis
1372 2052 1604 2108 civitate
1656 2050 1915 2108 Lotbarii
1947 2050 2104 2123 regis

448 2145 674 2221 nepotis
715 2144 889 2201 vestri
936 2160 1040 2215 pro
1089 2142 1162 2215 (a)
1209 2143 1538 2215 Teutberga
1584 2133 2104 2203 sororeHucberti

446 2234 660 2303 clerici,
695 2238 753 2289 et
782 2232 1099 2290 Waldrada
1131 2232 1540 2303 congreganda
1584 2234 1693 2297 est,
1726 2230 1874 2285 duos
1912 2229 1982 2284 de
2012 2244 2099 2283 re-

444 2343 560 2400 gno
588 2327 780 2380 vestro
812 2323 1136 2394 episcopos,
1171 2336 1320 2392 quos
1351 2320 1670 2392 prudentes
1721 2323 1896 2390 atque
1946 2333 2102 2372 vera-

446 2430 541 2472 ces
586 2430 689 2470 vos
734 2427 863 2468 esse
912 2408 1261 2482 cognoscitis
1304 2408 1612 2464 convenire
1652 2407 1956 2477 jubemus,
1999 2405 2099 2477 qui

444 2520 565 2559 uua
593 2519 727 2558 cum
759 2504 975 2557 sanctas
1026 2498 1181 2554 sedis
1233 2501 1443 2553 nostra:
1492 2495 1723 2569 legatis,
1776 2511 1923 2567 quos
1958 2493 2097 2548 illuc

445 2591 690 2649 Domino
741 2587 1057 2645 auxiliante
1106 2603 1262 2648 nunc
1310 2584 1698 2653 destinamus,
1744 2588 1802 2640 et
1844 2582 2097 2639 aliorum

442 2679 865 2738 ve'nerabilium
896 2677 1298 2749 episcoporam
1349 2679 1520 2741 cuitu,
1555 2673 1655 2746 qui
1707 2673 1779 2728 ad
1830 2672 2096 2728 eamdem

444 2769 733 2843 synodum
765 2765 1142 2823 eonvenicndi
1176 2768 1336 2829 sunt,
1371 2760 1573 2818 subtili
1602 2765 1815 2817 cuncta
1854 2760 2093 2833 indaga-

444 2859 901 2928 tione,rectaque
931 2855 1097 2910 valde
1118 2851 1855 2926 inquisitione,secundum
1886 2850 2093 2915 Deum,

445 2952 503 3004 et
530 2944 889 3002 venerabiles
919 2947 1254 3000 sanctorum
1278 2942 1514 2997 Patrum
1541 2939 2098 3003 institutiones,exa-

447 3036 672 3092 minare
699 3050 765 3089 ac
794 3032 1036 3089 deﬁnire
1065 3032 1377 3087 decertent.
1400 3028 1636 3085 Nam’et
1666 3028 1953 3084 Ludovico
1975 3026 2096 3100 glo-

446 3125 601 3181 rioso
631 3118 791 3196 regi;
807 3122 971 3177 fratri
1019 3124 1229 3187 vestro,
1260 3116 1440 3175 simili
1487 3117 1658 3173 modo
1708 3116 1933 3172 litteras
1966 3132 2095 3171 nos-

445 3219 569 3271 tras
596 3212 937 3279 direximus,
971 3210 1120 3265 duos
1150 3207 1313 3281 regni
1335 3208 1428 3264 sui
1460 3207 1763 3280 episcopos
1802 3206 1874 3261 ad
1907 3206 2095 3278 ipsam

448 3302 737 3377 synodum
768 3302 1168 3364 convocantes,
1202 3300 1490 3369 quatenus
1534 3294 1591 3351 in
1642 3295 1937 3362 omnibus,
1971 3312 2097 3367 quae

447 3390 529 3447 ibi
573 3389 886 3447 statuenda
930 3392 1091 3455 sunt,
1124 3387 1412 3444 rectitude
1439 3384 1651 3458 vigeat,
1696 3384 1929 3456 justitia
1969 3384 2098 3456 pol-

447 3480 585 3546 leat,
617 3484 675 3535 et
700 3476 954 3534 falsitate
985 3477 1185 3548 fugata
1213 3475 1425 3531 veritas
1456 3473 1759 3546 splendeat
1793 3490 1806 3527 :
1843 3478 1906 3528 ut
1933 3489 2099 3528 vene-

449 3568 618 3624 rabili
646 3567 1014 3624 sacerdotum
1048 3564 1150 3620 Dei
1200 3564 1519 3620 certamine
1580 3561 1796 3618 Christi
1841 3560 2099 3617 Ecclesia

450 3655 523 3711 ab
567 3654 843 3711 omnibus
890 3654 1241 3709 inconcussa
1284 3651 1567 3708 consistat
1616 3647 1896 3706 adversis.
1944 3650 2099 3715 Quos

449 3760 591 3799 sane
639 3743 701 3797 in
751 3742 1034 3797 veniendo
1064 3741 1388 3812 episcopos,
1424 3744 1480 3795 et
1510 3741 1582 3794 ad
1607 3740 1732 3809 jam
1759 3738 1974 3793 dictam
2005 3754 2098 3809 sy-

449 3831 671 3888 nodum
694 3829 963 3901 jussione
1011 3832 1212 3883 nostra
1258 3828 1516 3883 volentes
1556 3843 1882 3891 occurrere,
1910 3831 2101 3883 vestra

382 3971 395 3982 ,
452 3935 566 3975 non
596 3917 849 3974 retardet
878 3916 1185 3984 nobilitas;
1220 3917 1320 3971 sed
1344 3933 1448 3988 pro
1475 3915 1574 3971 Dei
1597 3932 1795 3971 amore
1823 3915 1983 3987 ipsos
2005 3917 2101 3971 ab-

450 4014 596 4081 sque
623 4005 902 4079 temporis
932 4004 1308 4078 protelatione
1352 4006 1424 4060 ad
1474 4004 1775 4076 praefatam
1809 4005 2098 4076 synodum

449 4095 658 4153 sinatis
684 4112 1007 4152 occurrere.
1041 4095 1188 4151 Data
1217 4093 1651 4151 non.Kalendas
1684 4093 2102 4163 Decembri,in-

449 4185 705 4243 dictione
726 4201 805 4241 x1.

1208 4272 1342 4329 XIX.

776 4380 850 4419 AD
893 4378 1226 4419 LUDOVICUM
1265 4379 1308 4417 ΙΙ
1348 4379 1775 4418 IMPERATOREM.

448 4470 797 4529 Commendat
828 4471 1027 4542 legatos
1053 4484 1157 4540 pro
1185 4484 1352 4542 causa
1383 4469 1631 4542 Lotharii
1670 4470 1864 4540 fratris
1893 4469 2011 4539 ejus
2040 4471 2100 4523 in

1002 4541 1294 4595 Franciam
1320 4540 1535 4594 missos.

965 4629 1153 4701 [Apud
1186 4627 1395 4696 Mansi,
1431 4627 1589 4697 ibid]

520 4738 809 4792 NICOLAUS
840 4737 1170 4809 episcopus,
1205 4751 1408 4790 servus
1439 4749 1739 4789 servorum
1772 4733 2102 4799 Dei,Luno-

450 4839 577 4879 Vico
608 4825 941 4895 imperatori
973 4826 1101 4895 [pro
1130 4822 1461 4896 synodoce].

1808 294 2124 359 NICOLAI
2168 295 2400 359 PAPIE
2440 295 2489 358 Ῑ.

2125 432 2180 499 Α
2211 429 2598 500 decrevimus,
2623 433 2740 486 tam
2770 426 3053 500 celeriter,
3087 430 3153 489 ut
3192 427 3338 487 inter
3381 446 3481 488 nos
3524 433 3787 503 statutum,

3680 299 3785 366 800

2209 524 2322 590 est,
2354 521 2414 576 in
2448 519 2753 577 Franciam
2782 520 3076 577 destinare
3106 519 3430 592 nequimus.
3460 521 3524 576 Et
3557 522 3789 595 quoniam

2208 608 2613 666 ecclesiastica:
2646 609 3015 665 rectitudinis
3044 612 3100 664 et
3120 608 3384 664 utilitatis
3420 608 3552 679 zelo,
3582 627 3681 683 quo
3708 630 3793 669 nos

2209 716 2443 772 semper
2489 701 2707 755 fervere
2753 702 2999 771 oportet,
3033 697 3281 765 accensi,
3312 697 3522 770 legatos
3551 717 3703 767 nunc,
3730 702 3789 757 si-

2210 794 2310 844 cut
2339 788 2618 855 diximus,
2653 793 2885 844 nostros
2935 788 3082 844 duos
3128 787 3477 843 venerabiles
3524 789 3798 864 episcopos,

2211 877 2619 934 Rhadoaldum
2670 877 2934 933 videlicet
2963 879 3177 931 sanctae
3204 876 3529 932 Portuensis
3556 876 3795 946 Ecclesia,

2210 970 2268 1022 et
2312 967 2600 1023 Joannem
2651 970 2865 1023 sanctae
2916 964 3233 1021 Fieolensis
3284 964 3450 1036 [edit.,
3497 966 3796 1035 Rom.,Fun-

2212 1056 2428 1123 densis]
2464 1054 2729 1111 Ecclesiae
2760 1054 3072 1118 antistites,
3107 1052 3411 1110 deliciosos
3441 1057 3671 1122 nostros,
3690 1054 3797 1111 illuc

2211 1162 2315 1217 pro
2344 1144 2607 1216 ejusdem
2641 1143 2722 1198 rei
2742 1148 2933 1215 'qnam
2965 1142 3127 1199 scitis
3159 1143 3390 1216 negotio
3437 1143 3686 1198 canonice
3723 1144 3795 1198 de-

2213 1234 2467 1289 ﬁniendo
2500 1233 2839 1288 direximus.
2865 1235 3020 1298 Quos
3049 1230 3360 1288 clementia
3387 1234 3568 1287 vestra
3596 1231 3796 1303 benigne

2211 1322 2513 1395 suscipiat,
2545 1321 2747 1395 eisque
2778 1321 3007 1377 ﬁdelem
3056 1325 3232 1393 atque
3264 1321 3596 1392 prudentem
3624 1321 3797 1375 tribuat

2211 1412 2530 1479 hominem,
2566 1411 2668 1483 qui
2696 1428 2796 1467 eos
2827 1427 3014 1483 usque
3066 1410 3136 1466 ad
3186 1409 3400 1476 locum,
3435 1426 3543 1482 quo
3572 1425 3604 1463 a
3627 1407 3795 1464 talibus

2212 1500 2610 1574 suscipiantur
2636 1499 2998 1561 hominibus.
3031 1516 3280 1572 quorum
3315 1498 3584 1555 comitatu
3612 1499 3672 1553 ad
3698 1515 3799 1570 pre

2212 1590 2436 1646 dictum
2481 1607 2676 1662 regem
2730 1589 3073 1646 Lotharium
3124 1589 3362 1644 fratrem
3409 1590 3651 1643 vestrum
3677 1586 3802 1644 illesi

2211 1679 2442 1735 valeant
2498 1678 2816 1751 pervenire,
2879 1695 3118 1734 securos
3175 1681 3232 1733 et
3289 1677 3532 1749 quietos,
3580 1674 3800 1747 omnique

2213 1768 2499 1825 suavitate
2551 1768 2800 1823 deducat
2857 1767 3034 1834 [edit.,
3102 1768 3258 1823 Itoni.
3330 1765 3499 1822 addit.
3555 1767 3802 1837 cognoscat

2214 1861 2493 1930 praeterea
2549 1854 2859 1912 clementia
2911 1855 3149 1929 vestra].
3210 1855 3359 1919 Quia
3415 1870 3515 1928 pro
3563 1852 3801 1909 communi

2214 1945 2482 2001 Ecclesia":
2524 1961 2665 2018 pace
2716 1948 2891 2017 atque
2939 1960 3252 2013 consensu,
3282 1944 3430 2000 duos
3458 1941 3724 2016 episcOpos
3751 1941 3801 1995 de

2212 2052 2389 2109 regno
2422 2034 2607 2090 Caroli
2654 2034 2829 2106 regis,
2880 2034 3073 2107 patrui
3121 2032 3321 2098 vestri,
3356 2033 3427 2089 ad
3467 2032 3642 2105 ipsam
3667 2046 3799 2103 syno-

2212 2124 2375 2190 dum,
2407 2140 2532 2196 quae
2564 2121 2810 2178 Domino
2835 2120 3154 2178 auxiliante
3185 2122 3246 2176 in
3274 2120 3445 2177 Metis
3471 2119 3679 2176 civitate
3702 2134 3799 2173 con-

2210 2213 2510 2285 greganda
2537 2212 2813 2279 est,sedis
2842 2210 3170 2284 apostolicae
3188 2211 3376 2267 missa
3394 2210 3670 2267 vocatione
3703 2223 3799 2263 con-

2205 2301 2404 2356 venire
2432 2300 2817 2372 praecepimus
2864 2317 2877 2355 :
2932 2300 3032 2372 qui
3063 2316 3181 2355 una
3218 2316 3358 2355 cum
3407 2299 3693 2355 missorum
3718 2312 3798 2350 uo-

2208 2395 2464 2446 strorum
2520 2390 2850 2462 praesentia,
2911 2393 2967 2446 et
3023 2389 3277 2445 aliorum
3337 2388 3677 2445 sacerdotum
3721 2383 3791 2440 Dei

2206 2484 2514 2546 conventu,
2568 2480 2722 2551 quod
2771 2478 3013 2535 definire
3058 2482 3313 2551 oportet,
3352 2479 3511 2550 juste
3554 2474 3795 2532 canonice-

2206 2584 2319 2640 que
2348 2568 2683 2623 decernant.
2718 2567 2861 2623 Data
2889 2585 2944 2623 1v
2976 2567 3269 2624 Kalendas
3311 2565 3654 2627 Decembres.
3680 2560 3793 2618 indi-

2203 2657 2392 2713 ctione
2425 2674 2499 2713 xu.

2465 2834 2538 2873 AD
2574 2833 2881 2895 EPIISCOPOS
2920 2834 3137 2873 ῦΛιῐιΙᾸΞ
3174 2835 3245 2873 ΕΤ
3283 2832 3597 2873 GERMANLE.

2846 2907 3032 2979 (Anno
3062 2907 3213 2974 862.)

2207 2998 2270 3053 Ut
2298 2996 2368 3051 ad
2394 2994 2663 3068 synodum
2702 2999 3000 3051 Metensem
3028 3012 3154 3068 eam
3182 2995 3377 3066 legatis
3426 2992 3677 3056 accedant,
3705 2987 3795 3068 ubi}

2272 3084 2375 3139 que
2406 3065 2591 3122 audito
2623 3067 3017 3139 Lothario,ejus
3046 3065 3278 3122 divortii
3300 3084 3521 3123 causam
3540 3065 3797 3135 cognoscant

2277 3138 2329 3195 et
2353 3140 2612 3194 canonice
2639 3138 2922 3210 deﬁniant.

2729 3228 2915 3299 [Apud
2948 3226 3158 3292 Mansi,
3192 3226 3359 3293 ibid]

2277 3317 2555 3372 NICOLAUS
2585 3315 2914 3388 episcopus,
2949 3332 3151 3372 servus
3182 3314 3486 3372 Servorum
3513 3313 3624 3383 Dei,
3652 3305 3795 3365 omni-

2207 3405 2318 3460 bus
2350 3404 2805 3477 archiepiscopis
2835 3422 2938 3478 per
2967 3404 3213 3461 Galliam
3250 3409 3310 3460 et
3330 3401 3677 3461 Germaniam
3701 3413 3798 3452 con-

2207 3493 2430 3550 stitutis
2458 3495 2584 3566 [pro
2616 3495 2876 3566 synodo].

2278 3582 2643 3655 Incognitum
2677 3583 2842 3638 vobis
2863 3599 2991 3638 esse
3011 3598 3125 3637 non
3159 3578 3708 3653 credimus,qualiter
3723 3586 3797 3646 pro

2208 3672 2440 3727 duadus
2472 3670 2705 3726 feminis
2737 3671 2995 3726 Lotharii
3028 3670 3202 3744 regis,
3236 3670 3508 3727 Ecclesiae
3539 3666 3627 3723 Dei
3664 3661 3797 3719 iacies

2206 3759 2394 3816 illiciti
2426 3759 2701 3815 connubii
2753 3778 2909 3816 naevo
2954 3777 3193 3833 aspersa
3221 3760 3325 3831 sit,
3353 3760 3441 3816 vel
3471 3756 3692 3832 qualiter
3714 3765 3800 3806 una

2207 3849 2445 3922 repulsa
2472 3848 2627 3905 idem
2660 3866 2761 3905 rex
2784 3849 3026 3905 alteram
3058 3849 3170 3905 sibi
3202 3848 3641 3906 sceleratissime
3673 3854 3800 3911 copu-

2208 3938 2432 3993 laverit.
2464 3937 2721 4001 Quarum
2753 3937 2914 4009 prior
2940 3937 3318 4012 Theutberga
3348 3937 3595 4003 nomine,
3627 3947 3711 4006 pro
3734 3924 3800 3983 sui

2209 4025 2452 4098 repudio
2504 4027 2714 4081 acriter
2754 4027 2980 4092 dolens,
3032 4043 3134 4099 per
3178 4028 3465 4084 emissam
3511 4020 3799 4097 legationem

2209 4131 2387 4186 super
2415 4114 2525 4170 hoc
2557 4115 2788 4187 negotio
2819 4115 2976 4172 sedis
3007 4118 3218 4172 nostrae
3248 4114 3524 4189 expetivit
3543 4107 3798 4185 judicium.

2209 4204 2290 4258 Ex
2319 4219 2436 4274 qua
2457 4219 2517 4258 re
2547 4202 2727 4258 unius
2757 4203 2943 4275 partis
2960 4219 3200 4258 causam
3226 4204 3359 4260 sine
3380 4203 3554 4260 altera
3568 4196 3799 4271 judicare.

2210 4292 2557 4347 canonicum
2590 4292 2710 4348 fore
2743 4291 2963 4347 minine
3011 4292 3314 4348 duximus.
3350 4290 3660 4348 Statuimus
3699 4292 3800 4351 ergo

2209 4378 2632 4437 fraternitatem
2665 4386 2917 4438 vestram
2950 4382 3118 4438 Metis
3149 4378 3686 4453 collectam,pariter
3701 4383 3801 4426 cum

2208 4469 2417 4542 legatis
2448 4470 2666 4526 nostris
2696 4472 2960 4543 ejusdem
2997 4470 3247 4527 Lotharii
3301 4486 3537 4527 causam
3573 4462 3741 4523 audire
3762 4460 3803 4511 et

2129 4544 2177 4608 D
2209 4559 2486 4615 canonice
2514 4559 2811 4616 communi
2854 4560 3142 4616 sententia
3173 4560 3439 4616 definire.
3474 4560 3658 4628 Itaque
3676 4550 3804 4622 juxta

2208 4652 2500 4704 statutum
2532 4651 2963 4717 nostrum,cum
2993 4648 3142 4705 duos
3171 4647 3319 4704 alias
3351 4649 3411 4703 in
3442 4648 3624 4720 partes
3644 4640 3802 4696 fratres

2213 4741 2443 4791 nostros
2474 4736 2905 4793 destinaremus
2928 4737 3473 4809 episcopos,accidit
3496 4734 3563 4790 ad
3593 4732 3801 4787 nostram

2211 4823 2481 4879 notitiam
2542 4825 2861 4897 pervenire,
2910 4826 3064 4897 quod
3114 4826 3446 4890 Lotharius,
3497 4819 3728 4893 legitima
3763 4811 3801 4863 el

522 4914 796 4984 Augustae
830 4908 2103 4986 serenitatismagnitudinivestrae,imperiali
2212 4911 2403 4983 prima
2431 4911 2665 4984 repulsa
2698 4911 2961 4981 muliere,
2996 4914 3315 4970 secundam
3350 4913 3462 4969 sibi
3493 4906 3677 4967 ascivit
3700 4914 3801 4959 con-

452 5000 696 5073 fulgenti
728 5001 952 5069 decore,
978 5000 1070 5056 bis
1105 5001 1465 5073 apostolatus
1497 5000 1679 5056 nostri
1703 4998 1914 5055 litteris
1942 4998 2106 5053 inno-
2203 5000 2430 5071 jugem,
2462 5016 2651 5072 neque
2681 5002 2839 5057 sedis
2872 5006 3085 5057 nostrae
3112 5001 3359 5074 petitum
3394 5018 3459 5057 ac
3500 4994 3799 5072 promissum

452 5088 901 5162 tescimus,quia
929 5089 1134 5145 multis
1151 5093 1207 5145 et
1223 5088 1582 5161 quotidianis
1609 5086 1987 5144 ecclesiarum
2001 5086 2103 5143 Dei
2203 5086 2497 5158 judicium
2519 5095 2864 5162 exspectans
2882 5107 3071 5162 neque
3088 5091 3368 5147 canonico
3382 5086 3599 5163 judicio
3617 5076 3801 5163 uspialtl

452 5161 948 5236 sollicitudinibus
967 5182 1025 5234 et
1054 5177 1647 5248 utilitatibus,quibus
1671 5193 1776 5232 nos
1797 5175 2108 5250 vigilanter
2212 5161 2779 5244 succumbensoua
2808 5195 2877 5234 ex
2900 5195 2961 5234 re
2975 5161 3132 5251 iquid
3164 5178 3321 5235 aliud
3367 5161 3537 5234 datur
3584 5161 3803 5251 intelligi!

452 5268 724 5324 insistere
754 5264 1268 5339 decet,praapediti,
1296 5245 1511 5321 missos
1542 5269 1773 5321 nostros
1807 5245 1909 5336 pro
1931 5264 2104 5337 perﬁ-
2212 5264 2325 5319 nisi
2359 5265 2497 5337 quia
2528 5266 2626 5322 ubi
2661 5245 3049 5339 plurimorum
3097 5266 3387 5340 judicium
3438 5259 3702 5338 praevenit,
3744 5245 3803 5307 ibi

454 5357 661 5412 cienda
692 5355 934 5426 synodo,
969 5370 1147 5425 quam
1199 5369 1301 5425 pro
1349 5369 1527 5408 causa
1573 5352 1831 5409 Lotharii
1864 5351 2143 5439 gloriosi.
2213 5369 2320 5408 suo
2355 5354 2583 5425 judicio
2632 5356 3132 5428 prevaricatorem
3182 5372 3244 5413 se
3292 5341 3802 5411 indicavit?EtideO

455 5442 836 5517 regis,fratris
855 5442 1256 5507 vestri,nostra
1280 5440 1598 5512 apostolica
1618 5441 1739 5496 fieri
1763 5440 2104 5495 auctoritate
2132 5436 2141 5439 ⁷
2214 5441 2617 5501 universaliter
2648 5445 2798 5500 hanc
2828 5444 3389 5502 fraternitativestraa
3419 5436 3718 5515 apostolicae
3732 5443 3806 5484 ιιι·

530 5586 607 5657 (α)
638 5585 719 5641 De
748 5583 1120 5658 Theutberga
1147 5588 1206 5642 et
1236 5582 1554 5642 Wuldrada
1583 5583 1711 5639 vide
1740 5582 1933 5639 Vitam
1965 5583 2027 5639 S-
2055 5581 2269 5639 Deicoli
2304 5587 2423 5641 tom
2457 5586 2527 5642 Il.
2555 5588 2832 5644 Actorum
2865 5588 2990 5644 ord.
3025 5588 3337 5653 Benedicti,
3368 5582 3628 5658 pagJM.
3655 5576 3802 5632 Hnn-
