3956 6160
191 305 310 366 801

1424 301 1822 366 emerem;
1865 307 1963 368 ET
2007 307 2390 372 DECRETA.

3491 322 3610 385 802

188 434 488 494 ctoritatis
538 431 845 507 epistolam
902 432 1347 501 destinavimus,
1389 440 1455 491 ut
1510 435 1853 495 Christiana
1885 440 1940 507 Α
1971 442 2417 512 praesidentibus
2475 444 2733 503 adunare
2783 448 3064 517 debeatis,
3098 452 3155 504 et
3203 466 3321 507 una
3361 467 3495 508 cum
3527 455 3611 512 eis

194 523 503 599 religionis
532 522 656 579 zelo
686 522 937 588 accensi,
970 521 1187 594 pariter
1212 539 1349 579 cum
1383 524 1584 582 missis
1635 528 1851 584 nostris

195 616 404 673 Metim
448 610 922 687 proﬁciscamini,
954 610 1207 684 illucque
1258 613 1592 669 Lotharium
1642 632 1853 671 convo-

194 710 405 763 cantes
433 702 773 767 audiatis,et
793 701 852 756 in
874 718 1008 756 eum
1039 701 1385 758 canonicum
1411 703 1701 775 judicium
1726 721 1854 777 pro-

194 794 421 852 feratis.
454 792 618 858 Quod
650 791 698 846 si
731 790 925 845 venire
961 789 1272 858 distulerit,
1305 794 1362 847 et
1390 809 1423 847 a
1454 794 1763 865 prasentia
1790 810 1855 850 se

193 882 470 959 synodali
517 879 905 954 prasentibus
952 877 1159 951 legatis
1216 880 1431 937 nostris
1489 882 1850 951 subduxerit,

196 980 257 1030 et
285 973 361 1029 ad
395 969 798 1044 paenitentiam
828 984 895 1022 ac
924 967 1385 1024 satisfactionem
1437 970 1712 1042 repedare
1743 971 1852 1026 mi-

196 1064 363 1119 nime
393 1058 699 1128 curaverit,
733 1057 814 1112 ita
842 1060 906 1112 ut
948 1056 1396 1128 praesentialiter
1440 1059 1511 1114 ad
1562 1060 1852 1131 synodum

195 1168 401 1209 coram
432 1148 633 1207 missis
662 1146 880 1202 nostris
905 1143 1335 1211 satisfacturus,
1368 1151 1427 1202 et
1454 1164 1489 1202 a
1518 1146 1735 1204 scelere
1764 1165 1852 1205 re-

196 1256 485 1298 cessurus
514 1239 815 1302 occurrat;
849 1232 1015 1289 illum
1047 1235 1119 1289 de
1148 1240 1352 1291 catero
1383 1238 1854 1293 excommunica-

198 1336 331 1387 tum
385 1328 721 1392 reddemus,
754 1330 812 1380 et
854 1324 1115 1396 quandiu
1148 1323 1208 1379 in
1241 1324 1350 1380 hoc
1381 1327 1787 1397 permanserit,
1821 1344 1856 1382 a

195 1422 391 1477 totius
420 1415 687 1474 Ecclesia
719 1413 1013 1470 consortio
1044 1412 1325 1469 faciemus
1351 1419 1657 1471 exsortem.

961 1538 1100 1594 XXI.

270 1656 348 1691 AD
389 1648 684 1689 EPISCOPOS
724 1647 782 1685 ΙΝ
822 1645 1078 1683 CONClLlO
1131 1646 1372 1685 METENSI
1422 1647 1781 1687 RESIDENTES.

848 1736 1033 1807 (Anno
1070 1736 1220 1808 862.)

200 1854 264 1910 Ut
301 1848 656 1919 Theuiberga?
680 1860 917 1919 causam
964 1844 1282 1919 examinem
1320 1861 1385 1899 ac
1410 1844 1694 1914 deﬁniunt,
1727 1863 1854 1901 con-
1886 1813 1934 1877 B

615 1918 842 1988 ciliique
869 1917 998 1969 Acta
1028 1914 1097 1969 ad
1118 1930 1174 1969 se
1203 1918 1444 1971 mittant.

725 2022 913 2094 [Apud
946 2020 1156 2091 Mansi,
1182 2022 1297 2077 ibid
1304 2027 1337 2089 .]

269 2138 569 2193 NlCOLAUS
598 2130 928 2203 episcopus,
960 2144 1163 2183 servus
1187 2145 1487 2185 servorum
1518 2130 1640 2198 Dei,
1666 2131 1854 2187 omni-

196 2228 315 2283 bus
350 2218 844 2280 reverentissimis
873 2216 1325 2289 archiepiscopis
1344 2219 1737 2276 confratribus
1759 2238 1855 2276 no-

194 2317 368 2381 stris,
402 2317 463 2369 et
504 2308 795 2382 episcopis
844 2307 902 2361 in
953 2305 1198 2362 concilio
1257 2306 1649 2363 residentibus
1697 2310 1853 2381 quod

196 2405 378 2463 Metis
406 2400 753 2457 celebratur.

272 2496 356 2567 (α)
388 2486 741 2547 Reverentia
764 2482 1107 2542 sacerdotali
1129 2488 1267 2540 tunc
1289 2484 1523 2541 debitus
1544 2486 1730 2543 honor
1750 2489 1857 2543 im-

196 2582 505 2656 penditur,
540 2592 674 2633 cum
707 2591 805 2629 eos
846 2572 905 2627 in
955 2572 1250 2639 omnibus,
1283 2590 1409 2645 qua
1458 2575 1530 2629 ab
1580 2574 1696 2630 illis
1745 2577 1855 2632 sub

196 2672 504 2745 aequitatis
535 2663 847 2721 libramine
877 2662 997 2735 geri
1031 2662 1261 2729 debent,
1297 2662 1581 2718 trutinam
1627 2664 1857 2720 miseri-

196 2759 417 2817 cordia
450 2771 583 2811 cum
616 2750 1180 2808 lance‘rectitudinis
1208 2754 1404 2806 tenere
1435 2753 1853 2824 conspicimus,

195 2856 252 2907 et
272 2848 536 2904 tenendo
559 2842 782 2899 nullius
804 2841 994 2895 favore
1012 2839 1352 2905 retenti,aut
1368 2856 1858 2914 quorumcunque

193 2936 533 2996 terroribus
564 2929 832 3005 permoti,
863 2928 951 2984 vel
984 2928 1160 2983 etiam
1195 2927 1527 2984 numerosis
1566 2931 1855 3002 pecuniis,

196 3032 305 3086 aut
364 3025 656 3080 honorum
714 3017 1206 3091 amplitudinibus
1248 3034 1281 3072 a
1326 3018 1558 3074 tramite
1608 3020 1855 3090 justitia

195 3111 621 3191 quoquomodo
652 3105 914 3163 inclinati
944 3110 1372 3178 permutantur.
1406 3106 1518 3164 Sed
1569 3111 1856 3179 quantum

1960 530 2317 603 vigilantius,
2353 533 2479 589 sine
2538 533 2869 592 dolositatis
2928 537 3180 605 macula,
3210 538 3300 594 vel
3351 540 3610 600 fomento

1950 617 2210 688 invidia,
2240 625 2341 676 aut
2370 622 2485 678 odii
2517 624 3035 698 nutrimento,qua
3067 633 3316 699 possunt
3346 628 3613 686 homist

1960 724 1996 762 a
2024 708 2116 763 via
2174 710 2432 766 veritatis
2490 716 2833 785 pervertere,
2866 718 2922 769 et
2953 732 2985 770 a
3016 715 3160 771 calle
3218 719 3609 787 rectitudinis,

1961 796 2106 868 proh
2139 798 2335 853 dolor!
2370 799 2680 869 declinare,
2715 819 2947 875 semper
3007 804 3190 859 Deum
3250 822 3369 877 prec
3429 807 3613 865 oculis

1962 885 2265 954 habentes,
2296 904 2575 959 personas
2623 891 2980 964 principum,
3013 896 3069 947 et
3098 896 3370 960 terrores,
3405 897 3506 968 qui
3540 898 3612 953 ad

1961 977 2198 1048 tempus
2230 976 2565 1050 insurgunt,
2588 984 2643 1033 et
2666 979 2724 1034 in
2748 984 3008 1053 tempore
3040 981 3612 1049 finiuntur,contem-

1963 1068 2191 1132 nentes,
2225 1064 2364 1137 quid
2396 1065 2454 1120 in
2501 1066 2594 1123 his
2634 1069 2878 1139 justius,
2913 1069 3123 1141 quidve
3166 1072 3430 1128 veracius
3477 1090 3612 1129 cum

1962 1151 2098 1207 fatis
2129 1153 2328 1210 missis
2360 1155 2578 1212 nostris
2609 1156 2865 1234 invenire
2895 1157 3213 1227 valueritis,
3250 1160 3457 1216 horum
3483 1179 3613 1218 con-

1962 1256 2140 1296 sensu
2171 1242 2414 1298 definire
2440 1248 2495 1299 et
2528 1248 2783 1301 statuere
2827 1247 3027 1318 procul
3075 1248 3252 1304 dubio
3301 1251 3610 1318 studentis,

1963 1335 2233 1386 caventes
2264 1331 2373 1386 hoc
2405 1334 2561 1404 quod
2593 1351 2694 1406 per
2723 1334 3065 1407 prophetam
3095 1337 3311 1394 dicitur
3342 1355 3355 1394 :
3394 1343 3497 1396 Va?
3527 1340 3613 1396 his

1963 1420 2061 1489 qui
2089 1419 2279 1475 dicunt
2309 1422 2513 1477 bonum
2543 1424 2770 1491 malum,
2802 1432 2855 1479 et
2879 1426 3088 1480 malum
3118 1426 3315 1482 bonum
3344 1446 3363 1482 :
3392 1431 3491 1500 qui
3511 1445 3612 1500 po-

1961 1516 2103 1562 nunt
2132 1511 2379 1565 tenebras
2430 1511 2622 1579 lucem,
2651 1521 2702 1567 et
2729 1513 2905 1567 lucem
2953 1515 3198 1570 tenebras
3231 1534 3249 1571 :
3282 1518 3379 1588 qui
3423 1517 3615 1573 dicunt

1964 1596 2120 1651 dulce
2176 1615 2449 1664 amarum,
2480 1607 2532 1655 et
2581 1617 2839 1656 amarum
2899 1603 3055 1658 dulce
3111 1606 3239 1670 (Isa.
3270 1608 3346 1673 v).
3380 1604 3526 1660 Nam
3556 1609 3615 1662 et

1965 1685 2296 1758 evangelica
2324 1687 2476 1743 inter
2506 1694 2866 1762 catera,qua
2889 1707 2997 1747 nos
3027 1692 3097 1747 ad
3131 1692 3276 1748 bene
3301 1693 3612 1751 vivendum

1965 1773 2224 1842 instruit,
2259 1778 2548 1833 sententia
2578 1778 2854 1834 admonet
2884 1780 3123 1836 dicens:
3158 1783 3341 1839 Nolite
3358 1781 3616 1854 judicare

1964 1864 2259 1919 secundum
2288 1867 2602 1933 faciem,sed
2621 1869 2836 1939 justum
2854 1869 3133 1940 judicium
3161 1871 3411 1942 judicate
3437 1872 3612 1940 (Joan.

1965 1952 2061 2022 xx).
2099 1952 2407 2009 Psalmista
2437 1972 2670 2027 quoque
2701 1957 2784 2011 ait
2816 1974 2828 2011 :
2862 1960 2927 2013 Si
2954 1975 3073 2014 vere
3107 1961 3296 2031 utique
3334 1961 3617 2031 justitiam

1966 2041 2278 2112 loquimini,
2300 2043 2454 2114 justa
2492 2044 2757 2115 judicate,
2789 2046 2900 2115 ﬁlii
2938 2046 3222 2102 hominum
3252 2050 3423 2115 (Psal.
3460 2049 3611 2121 Lvn).

1964 2129 2147 2201 Igitur
2161 2146 2295 2185 cum
2311 2130 2497 2187 multa
2513 2133 2877 2205 sint,quibus
2893 2140 3146 2190 vestram
3166 2136 3610 2204 fraternitatem,

1965 2236 2081 2273 non
2110 2218 2415 2275 oblivionis
2446 2226 2545 2276 aut
2570 2220 2910 2293 ignorantia
2942 2240 3121 2279 causa
3150 2225 3221 2280 de
3250 2225 3415 2281 vobis
3452 2226 3611 2297 judi-

1965 2312 2185 2375 cantes,
2220 2308 2321 2364 sed
2353 2308 2656 2366 charitatis
2687 2312 2950 2367 studium
2984 2313 3421 2385 amplectentes,
3454 2331 3612 2373 com-

1966 2414 2201 2453 monere
2253 2398 2551 2470 possimus
2585 2417 2598 2455 :
2631 2400 2752 2455 hac
2802 2401 2930 2457 ideo
2980 2402 3249 2458 sufﬁcere
3296 2402 3610 2472 credimus,

1966 2486 2105 2558 quia
2135 2488 2203 2541 ad
2242 2486 2411 2559 plura
2438 2505 2540 2544 vos
2571 2495 2628 2544 et
2656 2489 3020 2563 evangelica,
3055 2496 3230 2564 atque
3262 2493 3611 2564 apostolica,

1966 2575 2434 2648 propheticaque
2465 2577 2733 2634 lectionis
2763 2579 3039 2651 dogmata
3068 2580 3125 2635 in
3159 2580 3380 2636 talibus
3401 2598 3618 2639 memo-

1967 2665 2053 2719 ria
2083 2666 2495 2721 transcendere
2511 2684 2626 2721 non
2647 2668 3264 2725 dubitamus.Tantum
3283 2675 3461 2739 est,ut
3480 2688 3614 2728 cum

1966 2754 2260 2824 aquitatis
2296 2755 2533 2825 justitia
2581 2756 2639 2811 in
2691 2758 2961 2827 praesenti
3008 2757 3455 2825 examinatione,
3490 2760 3615 2815 sine

1965 2842 2162 2913 aliquo
2193 2841 2327 2898 dolo
2361 2842 2443 2897 vel
2468 2843 2696 2899 invidia
2716 2844 3128 2913 macula,sicut
3145 2846 3365 2917 praefati
3383 2863 3611 2915 sumus,

1967 2930 2106 3002 quia
2137 2931 2250 2985 Deo
2282 2936 2563 3003 prasente
2612 2932 2908 2999 assistitis,
2942 2934 3340 3006 proximorum
3381 2952 3612 3004 causas,

1966 3036 2099 3074 cum
2125 3020 2252 3089 jam
2282 3019 2456 3076 dictis
2488 3020 2687 3076 missis
2722 3021 2959 3088 nostris,
2983 3023 3063 3078 ita
3083 3023 3243 3093 juste
3273 3026 3329 3079 et
3356 3023 3614 3096 irrepre-

1967 3106 2333 3163 hensihiliter
2363 3125 2496 3163 cum
2529 3108 2630 3165 Dei
2670 3110 2879 3166 timore
2927 3111 3167 3167 deﬁnire
3215 3111 3516 3185 satagatis,
3550 3115 3616 3169 ut

196 3179 288 3261 eis
322 3179 464 3275 erga
494 3198 787 3273 proximos
816 3195 875 3251 in
908 3194 1273 3251 discutiendo
1311 3212 1453 3250 cura
1500 3198 1857 3265 conceditur,
1888 3179 1933 3247 Ο
1971 3196 2205 3252 illorum
2237 3198 2514 3253 omnibus
2545 3202 2863 3271 vestraque
2913 3199 3240 3255 sanctitatis
3292 3215 3614 3256 consensus

198 3298 445 3350 tantum
476 3290 572 3345 his
601 3287 728 3343 sine
757 3300 1139 3358 personarum
1171 3285 1505 3356 acceptione
1527 3286 1599 3340 ad
1622 3286 1711 3341 sui
1735 3302 1861 3342 cus-

198 3384 435 3440 todiam
468 3393 645 3452 pavor
672 3391 807 3431 cum
846 3372 967 3429 zelo
1014 3372 1383 3429 rectitudinis
1429 3374 1629 3446 procul
1680 3376 1859 3432 dubio

196 3468 475 3529 adhiberi
505 3466 773 3529 debet,ne
802 3463 1178 3517 immemores
1200 3460 1358 3516 illius
1381 3462 1711 3534 apostolica
1734 3480 1859 3520 sen-

194 3560 402 3618 tentia
457 3556 765 3611 videantur
820 3550 1111 3607 dicentis:
1153 3552 1525 3624 Unusquisque
1572 3555 1857 3624 propriam

191 3647 504 3706 mercedem
553 3644 780 3714 accipiet
830 3639 1129 3695 secundum
1175 3656 1338 3695 suum
1387 3641 1626 3695 laborem
1658 3641 1701 3712 (Ι
1731 3643 1851 3697 Cor.

190 3745 302 3807 ui).
342 3737 492 3793 Nam
549 3747 682 3788 cum
741 3730 894 3785 inter
951 3728 1271 3783 multarum
1325 3729 1853 3785 ecclesiasticarum

192 3843 424 3889 rerum,
457 3840 585 3895 qua
618 3821 688 3875 ad
715 3819 966 3876 salutem
998 3822 1056 3872 et
1085 3816 1218 3871 fidei
1252 3817 1604 3873 soliditatem
1652 3818 1852 3891 p0puli

190 3916 292 3973 Dei
329 3912 622 3987 pertinere
653 3909 939 3972 videntur,
975 3911 1171 3962 noster
1218 3906 1575 3978 apostolicus
1617 3909 1851 3963 animus

190 4021 412 4061 causas
469 3999 895 4061 extenderetur,
928 3997 1000 4051 de
1044 3996 1436 4067 quarumdam
1498 3996 1850 4055 feminarum

189 4089 616 4155 controversia,
647 4086 1027 4158 Theutberga
1058 4084 1279 4140 scilicet
1298 4088 1473 4156 atque
1493 4084 1846 4155 Waldrada,

192 4181 523 4239 admodum
549 4177 700 4233 sicut
727 4174 1118 4247 quorumdam
1151 4174 1544 4242 referentium,
1579 4174 1718 4245 quia
1747 4191 1847 4247 pa-

191 4269 440 4329 storalis
455 4283 565 4323 nos
581 4282 722 4321 cura
739 4264 810 4319 ad
835 4263 1194 4319 audiendum
1225 4263 1847 4328 commoverat,relatio

193 4361 463 4417 intentos
494 4355 767 4422 reddidit,
791 4356 848 4410 et
870 4368 944 4407 ne
975 4351 1174 4423 aliquo
1203 4350 1489 4406 violentia
1522 4352 1723 4407 morbo
1746 4369 1850 4425 per

192 4449 488 4506 desidiam
533 4461 672 4517 grex
722 4441 996 4515 fatigetur
1042 4440 1404 4510 Dominicus,
1437 4442 1508 4495 ad
1557 4440 1845 4497 medelam

1968 3290 2142 3357 atque
2165 3285 2457 3356 judicium
2488 3285 2760 3358 aquitate
2792 3286 3014 3360 fulgere
3064 3288 3348 3343 videatur.
3383 3289 3529 3344 Nam
3562 3289 3611 3344 si

1966 3391 2069 3431 vos
2098 3375 2185 3429 vel
2215 3374 2348 3430 illos
2379 3375 2436 3429 in
2470 3375 2728 3447 aliquam
2778 3382 3025 3447 partem,
3059 3394 3164 3449 pro
3208 3378 3613 3449 cujuscunque

1968 3463 2223 3529 favore,a
2242 3463 2537 3519 canonicis
2565 3468 2623 3519 et
2654 3469 2989 3520 sanctorum
3023 3469 3260 3520 Patrum
3294 3465 3610 3521 institutio-

1964 3552 2322 3625 nibus,quod
2355 3569 2469 3607 non
2502 3553 3093 3625 optamus,declinare
3114 3554 3608 3626 perspexerimus,

1963 3659 2206 3714 arguere
2230 3658 2344 3696 non
2378 3641 2738 3697 dubitamus.
2772 3642 2833 3697 Si
2865 3659 2996 3698 vero
3028 3642 3278 3698 aliarum
3308 3642 3611 3699 ecclesias-

1961 3731 2213 3786 ticarum
2247 3730 2568 3786 utilitatum
2593 3730 2649 3785 in
2672 3732 2874 3787 eodem
2892 3731 3139 3787 concilio
3159 3749 3250 3788 res
3266 3732 3605 3801 acciderint,

1961 3821 2138 3893 digno
2169 3819 2434 3875 examine
2460 3824 2881 3892 pertractantes
2921 3838 3020 3877 eas
3068 3837 3202 3876 cum
3256 3820 3351 3876 Dei
3399 3821 3609 3877 timore

1960 3908 2202 3964 delinire
2243 3909 2509 3981 satagite.
2545 3909 2604 3964 Si
2638 3914 2833 3964 autem
2865 3910 3062 3982 aliqua
3090 3911 3150 3965 in
3174 3927 3239 3966 eo
3271 3910 3444 3965 fuerit
3473 3926 3608 3966 con-

1959 3996 2141 4053 tentio
2173 4001 2319 4065 orta,
2344 3998 2404 4051 in
2437 4015 2554 4069 qua
2582 3997 2954 4053 diffinitionis
2985 4015 3199 4070 ponere
3229 3999 3610 4071 nequiveritis

1959 4085 2207 4141 fortasse
2250 4102 2582 4153 censuram,
2611 4092 2809 4142 nostro
2857 4103 2985 4142 eam
3027 4086 3252 4157 judicio
3311 4104 3607 4143 reservare

1958 4174 2611 4231 sancimus.Statuimus
2644 4180 2931 4241 autem,ut
2951 4180 3161 4230 cuncta
3177 4191 3306 4246 qua
3326 4174 3382 4228 in
3403 4175 3605 4229 eodem

1957 4263 2199 4319 concilio
2232 4268 2459 4335 peracta
2493 4262 2710 4317 fuerint
2740 4280 2806 4317 ac
2828 4263 3088 4330 definita,
3113 4267 3313 4318 nostro
3334 4260 3608 4334 prasula-

1955 4352 2039 4408 tui
2071 4356 2373 4425 gestorum
2404 4352 2553 4407 serie
2580 4351 2989 4407 incunctanter
3041 4351 3381 4423 significetis
3416 4367 3429 4405 :
3463 4354 3527 4404 ut
3555 4349 3605 4404 si

1956 4440 2312 4512 ea,justitia
2365 4438 2821 4512 pulchritudine,
2857 4438 3259 4512 probabilique
3307 4437 3605 4493 sanctione

192 4534 610 4610 recuperanda
643 4532 911 4588 sanitatis
943 4530 1149 4585 ardore
1180 4529 1482 4585 charitatis
1530 4530 1848 4587 ferventius
1880 4550 1922 4613 υ
1954 4531 2193 4586 detinita
2248 4529 2738 4602 perspexerimus,
2773 4529 2889 4583 Deo
2948 4528 3335 4599 omnipotenti
3388 4525 3605 4598 gratias

194 4625 485 4684 invitavit.
521 4621 798 4678 Pradicta
829 4619 1044 4693 quippe
1073 4619 1443 4688 Theutberga
1474 4616 1677 4675 multis
1706 4618 1846 4675 vici-

191 4717 308 4773 bus
338 4714 540 4771 sedem
569 4708 949 4783 apostolicam
979 4707 1323 4780 lacrymosis
1360 4706 1574 4763 litteris
1624 4707 1850 4763 studuit

194 4803 534 4879 appellare:
570 4801 629 4855 in
661 4798 879 4871 quibus
919 4797 1096 4853 aifatu
1140 4795 1319 4852 ﬂebili
1366 4812 1575 4868 puram
1623 4814 1685 4853 se
1733 4813 1848 4869 quo

195 4896 515 4951 accusatur
542 4886 1214 4959 crimine,inquit,atque
1244 4885 1555 4942 insontem.
1574 4886 1658 4940 Ad
1692 4886 1847 4958 quod

195 4983 500 5057 negotium
532 4984 590 5035 et
610 4976 819 5051 judicii
846 4974 1438 5041 discretionem,sicut
1448 4976 1573 5046 jam
1592 4980 1846 5030 vestram

197 5070 627 5128 fraternitatem
660 5082 844 5139 nuper
873 5083 977 5139 per
1005 5063 1354 5138 apostolicos
1376 5064 1568 5136 apices
1591 5080 1848 5120 commo-

199 5178 335 5218 nere
369 5157 758 5223 decrevimus,
792 5154 1108 5227 apostolico
1136 5169 1237 5209 vos
1269 5153 1598 5209 hortamine
1646 5154 1849 5208 adesse

196 5249 491 5311 volumus,
551 5242 1216 5318 quatenusapontificii
1275 5241 1459 5298 nostri
1520 5242 1699 5298 latere
1752 5258 1847 5297 ve-

200 5338 502 5395 nientibus
560 5334 782 5402 missis,
812 5332 1151 5406 synodicam
1199 5329 1320 5387 illic
1378 5320 1845 5399 celebrationem,

202 5426 523 5500 apostolica
552 5423 683 5480 fulti
709 5422 1074 5486 auctoritate,
1106 5437 1239 5476 cum
1272 5419 1628 5477 fraternitate
1660 5423 1851 5475 vestra

272 5538 351 5604 (α)
380 5534 541 5590 Hanc
573 5529 880 5606 epistolam
910 5528 968 5584 in
1002 5529 1176 5606 ed_itis_
1203 5528 1581 5606 conciliorum
1623 5526 1852 5606 mendis

202 5597 344 5664 hinc
366 5606 503 5663 inde
533 5597 857 5661 scatentem
877 5601 1180 5659 emendavi
1198 5602 1270 5659 ad
1288 5616 1554 5657 normam
1585 5597 1857 5656 editionis

1956 4621 2279 4676 refcramus
2308 4636 2321 4674 :
2347 4619 2393 4675 si
2419 4635 2552 4673 vero
2585 4617 3069 4689 injustitia,quod
3093 4615 3454 4681 nolumus,et
3473 4631 3609 4671 con-

1956 4708 2271 4764 trarietatis
2304 4707 2519 4763 fuerint
2551 4711 2678 4762 acta
2707 4705 3122 4773 intentione,ea
3152 4721 3428 4761 renovare
3448 4720 3608 4760 sum-

1957 4815 2191 4869 mopere
2212 4797 2549 4868 jubeamus.
2577 4795 2785 4850 Missos
2815 4794 3052 4866 quidem
3082 4794 3265 4850 nostri
3299 4793 3603 4866 pontiﬁcii,

1958 4887 2107 4942 utin
2166 4886 2355 4959 prima
2413 4883 2657 4956 epistola
2701 4887 2904 4939 vestra
2960 4882 3253 4940 dilectioni
3310 4881 3606 4956 signiﬁca-

1956 4974 2169 5041 vimus,
2205 4991 2306 5051 pro
2357 4972 2712 5045 quibusdam
2761 4970 3177 5029 ecclesiasticis
3229 4970 3604 5038 utilitatibus,

1958 5064 2173 5137 quibus
2205 5063 2424 5117 fuimus
2456 5061 2741 5133 occupati,
2775 5062 3068 5117 destinare
3101 5060 3492 5133 nequivimus.
3526 5063 3608 5113 En

1958 5152 2185 5208 Christo
2202 5150 2836 5223 juvante,strenuitatiz
2859 5149 3145 5224 pollentes
3166 5150 3412 5206 scientia
3432 5153 3607 5219 atque

1959 5241 2242 5308 doctrina,
2302 5239 2804 5297 reverentissimos
2861 5256 3017 5295 nunc
3077 5240 3326 5313 dirigere
3392 5236 3605 5291 missos

1958 5330 2344 5397 decrevimus,
2376 5328 2781 5385 Rhadoaldum
2830 5328 3051 5385 scilicet
3098 5334 3272 5400 atque
3319 5326 3603 5380 Joannem

1958 5417 2284 5491 episcopos,
2318 5418 2628 5474 deliciosos
2686 5423 2743 5473 et
2801 5417 3166 5474 consiliarios
3221 5418 3470 5479 nostros,
3502 5410 3605 5483 qui

1964 5525 2130 5581 Rom.
2165 5525 2546 5598 epistolarum
2600 5524 3033 5598 Pontiﬁciarum
3080 5540 3172 5598 an.
3222 5514 3356 5578 1591
3399 5534 3411 5576 :
3447 5519 3600 5596 quod

1966 5598 2144 5656 etiam
2173 5594 2231 5655 et
2254 5597 2314 5654 in
2344 5598 2565 5656 cateris
2604 5597 2931 5674 prastitnm
2961 5600 3068 5656 est.
3102 5594 3310 5653 MANSI.
