3992 6150
407 240 526 300 807

1775 234 2087 324 NICOLAI
2135 234 2368 298 pAsz
2412 237 2462 299 1.

406 372 535 428 aliis
559 388 736 446 quam
763 392 795 430 a
819 377 975 430 certo
1006 371 1413 446 episcoporum
1442 387 1688 427 numero
1710 372 1891 439 ﬁeret,
1918 385 2062 443 prte—
2090 372 2146 437 Α
2176 369 2425 427 libenter
2452 372 2706 427 attende.
2739 370 3053 428 Hortamur
3090 370 3241 427 enim
3279 370 3514 445 gloriam
3538 376 3771 441 tuam,et

412 462 658 533 cepisse.
684 462 830 518 Nam
854 462 1175 518 Nomenoio
1197 459 1523 518 consulenti
1558 459 1700 533 quid
1723 460 1794 515 de
1814 458 2066 531 Spiritus

405 551 594 606 sancti
612 552 872 623 gratiam
883 549 1358 607 venundantibus
1368 554 1658 621 oporteret
1674 548 1819 619 ﬁeri,
1836 564 2067 620 respon-

403 638 493 694 dit
515 639 657 696 nihil
683 639 957 713 inquiens
980 643 1190 711 praeter
1208 639 1364 711 quod
1390 637 1577 694 sancti
1604 654 1861 693 canones
1891 652 2068 709 super

402 726 497 784 his
527 728 896 801 praecipiunt,
923 728 1084 800 ipsas
1116 727 1351 800 regulas
1383 727 1652 799 apicibus
1676 725 1799 781 suis
1821 726 2065 781 interse-

407 832 561 873 rens.
585 817 731 872 Nam
763 816 1034 889 qualiter,
1068 820 1126 871 et
1167 834 1202 872 a
1232 821 1397 888 quot,
1418 815 1509 871 vel
1541 833 1574 871 a
1605 816 1824 888 quibus
1874 814 2068 871 sanxit

402 905 711 977 episcopos
732 905 1134 970 condemnari,
1156 905 1419 961 scribens
1442 906 1645 961 eodem
1668 910 1928 977 tempore
1950 904 2067 959 Bri-

401 993 651 1049 tannica:
680 993 935 1067 regionis
974 993 1269 1066 episc0pis
1301 994 1597 1049 evidenter
1642 994 1795 1049 inter
1835 997 2059 1061 caetera,

399 1087 467 1137 ut
496 1083 701 1138 eadem
731 1082 861 1155 ipsa
889 1083 1065 1138 verba
1095 1100 1407 1155 ponamus,
1430 1082 1704 1151 decrevit,
1732 1098 1895 1154 aeque
1918 1099 2060 1154 prae-

405 1171 627 1242 cipiens
652 1175 717 1227 ut
738 1172 938 1227 omnia
958 1171 1076 1227 sint
1097 1172 1155 1227 in
1178 1171 1441 1227 conciliis
1463 1171 1890 1244 episcoporum.
1915 1171 2060 1228 Nam

410 1258 1078 1316 nullamdamnationem
1092 1260 1497 1332 episcoporum
1511 1276 1639 1315 esse
1659 1275 1917 1331 unquam
1930 1277 2061 1315 cen-

415 1364 635 1415 semus,
660 1348 773 1403 nisi
829 1352 928 1403 aut
965 1353 1099 1403 ante
1128 1349 1273 1419 [ms.,
1297 1348 1411 1403 nisi
1442 1348 1501 1403 in
1531 1348 1686 1420 ante]
1730 1347 2060 1421 legitimum

412 1455 727 1493 numerum
749 1438 1179 1510 episcoporum,
1197 1438 1381 1510 quifit
1401 1454 1504 1511 per
1518 1438 1823 1493 duodecim
1841 1438 2060 1511 episco-

399 1531 650 1599 pos,aut
695 1532 847 1582 certe
901 1528 1143 1599 probata
1193 1527 1486 1582 sententia
1536 1544 1639 1599 per
1687 1527 2061 1601 septuaginta

395 1616 637 1671 idoneos
669 1619 872 1681 testes,
893 1616 992 1688 qui
1025 1614 1169 1671 tales
1199 1615 1339 1683 sint,
1371 1615 1473 1687 qui
1514 1619 1568 1671 et
1611 1632 1885 1672 accusare
1924 1633 2057 1688 pos-

397 1703 540 1771 sint,
567 1703 820 1775 etprius
851 1705 923 1759 ad
971 1721 1137 1759 sacra
1185 1704 1401 1760 Christi
1450 1708 1704 1777 quatuor
1743 1706 2054 1778 Evangelia

400 1797 769 1847 sacramenta
800 1796 1092 1865 praestent,
1122 1794 1274 1864 quod
1317 1794 1395 1848 nil
1438 1793 1649 1849 falsum
1681 1795 2048 1866 depromant,

394 1880 549 1935 sicut
580 1881 748 1936 nobis
780 1881 988 1937 beatus
1019 1881 1312 1948 Silvester,
1338 1886 1395 1938 et
1440 1887 1643 1939 sancta
1673 1883 1935 1939 Romana
1965 1888 2048 1938 te-

393 1986 529 2025 nere
550 1969 779 2024 videtur
800 1969 1079 2026 Ecclesia.
1104 1973 1286 2038 Quam
1310 1977 1549 2029 secutus
1565 1973 1835 2028 decessor
1859 1989 2045 2041 meus,

392 2062 606 2113 sancte
630 2058 923 2141 memoriae
947 2058 1315 2127 Benedictus,
1331 2059 1471 2132 quia
1500 2065 1703 2115 contra
1724 2060 2047 2117 decessoris

391 2144 481 2201 sui
513 2146 833 2213 decretum,
856 2163 972 2202 non
1004 2147 1075 2202 ab
1105 2147 1416 2219 episcopis,
1438 2149 1539 2203 sed
1563 2166 1597 2203 a
1618 2148 1803 2215 laicis,
1828 2150 2047 2220 episco-

390 2251 495 2306 pos
527 2233 585 2288 in
618 2235 852 2307 regione
881 2239 984 2290 tua
1013 2241 1362 2308 cognoverat
1392 2253 1519 2293 esse
1564 2238 1838 2308 dejectos,
1860 2238 2047 2293 multa

389 2323 667 2378 mmstitia
716 2328 773 2378 et
830 2323 1234 2397 indignatione
1290 2325 1568 2398 repletus,
1597 2326 1830 2398 scripsit
1887 2328 2038 2399 quod

389 2411 553 2468 nulla
586 2413 731 2468 ratio
776 2412 992 2469 sineret
1023 2413 1326 2485 episcopos
1357 2431 1391 2470 a
1420 2415 1660 2470 sedibus
1709 2415 1835 2472 suis
1883 2415 2041 2488 pelli,

389 2516 537 2572 quos
567 2500 961 2557 duodenarius
995 2519 1281 2558 numerus
1312 2519 1427 2557 non
1474 2503 1759 2575 ejecisset.
1785 2504 2040 2567 Quorum

388 2588 635 2662 vestigia
663 2594 720 2645 et
756 2607 863 2663 ego
898 2606 1128 2663 quoque
1167 2596 1405 2648 secutus
1433 2592 1635 2648 eadem
1668 2593 1890 2663 censui,
1925 2593 2040 2649 imo

388 2682 446 2733 et
474 2694 701 2745 censeo,
737 2694 843 2734 nec
874 2678 1055 2734 ullam
1105 2696 1276 2752 posse
1322 2680 1627 2753 episcopos
1659 2682 1749 2737 sui
1802 2682 2041 2738 honoris

392 2767 682 2823 sustinere
707 2768 1024 2840 jacturam,
1050 2785 1196 2841 quos
1229 2786 1342 2824 non
1370 2773 1598 2826 constat
1629 2770 1808 2827 fuisse
1838 2788 1871 2827 a
1900 2772 2041 2827 duo-

387 2855 573 2910 decim
606 2856 915 2928 episcopis,
950 2861 1233 2929 praasente
1277 2857 1647 2931 primamque
1688 2860 2037 2916 sententiam

387 2943 831 3018 metropolitano
861 2945 1133 3018 episcopo
1151 2946 1469 3013 obtinente,
1483 2964 1618 3002 cum
1639 2948 2040 3006 examinarent

387 3032 638 3089 auditos.
661 3034 768 3100 Qui
800 3034 908 3090 etsi
951 3035 1172 3091 crimen
1220 3034 1456 3107 aliquod
1501 3037 1752 3093 confessi
1783 3055 1911 3094 esse
1942 3039 2036 3094 di-

2176 476 2311 515 cum
2341 459 2634 532 aaquivoco
2655 464 2754 516 tuo
2777 459 3212 532 sapientissimo
3232 459 3534 518 Salomone
3550 460 3771 520 dilectio-

2177 564 2310 604 nem
2333 552 2497 605 tuam
2520 550 2926 616 admonemus,
2949 548 3172 605 dicente
3196 566 3208 603 :
3231 550 3391 614 Audi,
3414 550 3501 621 ﬁli
3520 551 3613 618 mi,

2169 637 2389 708 plinam
2425 639 2602 710 patris
2652 640 2756 704 tui,
2787 646 2934 694 etne
2962 638 3203 693 dimittas
3251 638 3419 707 legem
3463 640 3640 693 maris
3682 647 3773 697 tua!

2176 727 2355 798 (Prov.
2388 730 2450 796 ι).
2476 728 2549 797 (3,
2584 742 2642 798 q.
2673 728 2727 782 6.
2761 727 2889 784 "ac
2945 729 3143 799 quippe
3180 744 3200 781 :
3240 727 3343 782 ubi
3398 727 3515 781 hec
3566 726 3772 798 epistola

2170 815 2385 871 Joanni
2416 832 2578 887 papa:
2610 814 2934 887 tribuitur.)
2963 815 3092 871 Haec
3123 815 3339 888 quippe
3370 819 3504 870 sunt
3530 821 3772 888 praecepta

2172 903 2273 959 Dei
2306 904 2493 976 patris
2520 904 2629 970 tui,
2653 907 2711 959 et
2741 903 2863 959 haec
2904 892 2995 959 est
3023 902 3115 959 lex
3145 902 3409 959 Ecclesia:
3446 904 3638 959 matris
3658 909 3767 960 tua.

2170 992 2452 1048 Videlicet
2480 997 2547 1048 ut
2565 1008 2771 1049 omnes
2792 992 3096 1065 episcopos
3118 992 3280 1065 regni
3313 990 3398 1047 tui
3425 991 3493 1046 ad
3514 992 3769 1048 Turonen-

2172 1097 2297 1136 sem
2330 1081 2837 1153 archiepiscopum
2872 1080 3102 1136 mittere
3132 1097 3248 1135 non
3280 1080 3574 1146 detractas,
3600 1080 3772 1152 ipsius-

2171 1186 2284 1241 que
2308 1169 2603 1241 judicium
2635 1169 2931 1242 postulare
2962 1186 3074 1224 non
3122 1168 3475 1242 dedignaris.
3499 1170 3620 1241 ipse
3645 1169 3769 1224 enim

2170 1262 2260 1313 est
2307 1257 2813 1330 metropolitanus,
2848 1274 3171 1329 omnesque
3219 1257 3475 1329 episcopi
3522 1258 3667 1329 regni
3704 1257 3768 1311 tui

2168 1348 2296 1418 ejus
2329 1347 2680 1419 sutl‘raganei
2712 1350 2870 1413 sunt,
2894 1346 3050 1402 sicut
3092 1346 3549 1418 conscriptiones
3592 1346 3771 1417 prede-

2168 1453 2470 1492 cessorum
2504 1453 2768 1492 meorum
2792 1435 3087 1491 evidenter
3116 1435 3452 1499 ostendunt,
3477 1434 3568 1507 qui
3600 1436 3772 1507 praede-

2168 1541 2428 1581 cessores
2450 1529 2604 1592 tuos,
2621 1524 2759 1596 quia
2781 1525 2914 1580 illos
2931 1525 3003 1580 ab
3026 1524 3213 1597 ipsius
3228 1541 3371 1579 cura
3390 1524 3766 1589 subtraxerant,

2166 1615 2300 1669 forti
2323 1614 2646 1670 invectione
2677 1614 2968 1687 corripere
3000 1614 3395 1670 studuerunt:
3418 1612 3663 1685 quamvis
3688 1629 3765 1667 nec

2167 1707 2367 1759 nostra
2397 1703 2614 1775 scripta
2646 1719 2823 1775 super
2842 1701 2949 1758 hac
2970 1718 3030 1758 re
3062 1701 3247 1758 missa
3268 1702 3469 1757 deesse
3486 1700 3762 1772 videantur.

2159 1793 2419 1863 Cumque
2464 1807 2661 1846 coram
2722 1790 3072 1863 praesignato
3118 1788 3484 1846 Tuaonensis
3538 1787 3760 1844 Ecclesia

2159 1879 2425 1951 praasule,
2451 1884 2507 1935 et
2538 1880 2764 1952 integro
2795 1897 3038 1935 numero
3061 1878 3444 1952 collegarum,
3466 1878 3522 1933 id
3548 1882 3628 1933 est
3652 1878 3762 1932 duo-

2158 1968 2347 2024 decim
2408 1974 2815 2040 episcoporum
2874 1967 3161 2024 celebrato
3223 1972 3535 2035 conventu,
3587 1965 3764 2021 fuerint

2156 2057 2321 2129 ejecti
2344 2056 2599 2130 episcopi
2631 2056 2975 2130 regulariter
2995 2057 3338 2124 examinati,
3362 2055 3760 2129 apparueritque

2155 2146 2311 2217 quod
2343 2146 2619 2201 canonice
2641 2145 2859 2201 fuerint
2887 2145 3077 2216 ejecti,
3101 2145 3249 2217 ipsis
3279 2144 3338 2200 in
3367 2162 3473 2200 sua
3491 2144 3761 2216 dejectione

2158 2234 2554 2300 manentibus,
2596 2233 2934 2306 quicunque
2966 2235 3022 2289 in
3067 2233 3211 2290 locis
3245 2250 3447 2290 eorum
3492 2230 3759 2289 consecrati

2155 2327 2314 2390 sunt,
2348 2327 2623 2395 poterunt
2666 2324 2871 2394 utique
2918 2323 3296 2395 episcopatus
3344 2322 3555 2378 honore
3604 2319 3758 2394 potiri.

2153 2412 2314 2475 Quod
2347 2412 2396 2467 si
2427 2411 2596 2483 ejecti
2646 2410 2907 2484 episcopi
2958 2411 3223 2467 insontes
3255 2412 3471 2467 fuerint
3511 2408 3758 2466 declaratii

2150 2499 2243 2556 his
2274 2501 2488 2555 amotis
2521 2500 2621 2572 qui
2654 2500 2773 2555 illis
2817 2500 3120 2573 subrogati
3165 2505 3332 2568 sunt,
3356 2498 3624 2555 Ecclesiae
3651 2512 3758 2551 suas

2150 2588 2261 2661 ipsi
2295 2587 2600 2660 recipiant.
2625 2588 2772 2647 Nam
2795 2606 2930 2646 cum
2964 2595 3371 2645 antecessores
3393 2589 3502 2643 mei
3531 2588 3638 2658 [ma
3659 2586 3755 2639 add.

2151 2678 2421 2749 Romani]
2454 2678 2739 2750 praesules
2768 2677 3112 2751 ejectionem
3139 2695 3347 2734 eorum
3382 2678 3756 2749 episcoporum,

2149 2767 2249 2840 qui
2282 2767 2354 2822 ab
2387 2766 2662 2823 Ecclesiis
2693 2766 2819 2823 suis
2849 2766 3077 2839 expulsi
3109 2771 3272 2829 sunt,
3298 2784 3414 2822 non
3444 2763 3755 2827 admiserint,

2149 2873 2254 2912 nec
2284 2855 2732 2928 approbaverint
2752 2854 2901 2930 [ms.,
2925 2855 3300 2911 admiserunt
3319 2872 3425 2911 nec
3452 2853 3751 2926 approbave

2147 2946 2327 3018 runt],
2363 2962 2466 3000 nec
2497 2945 2677 3017 ipsos,
2704 2945 2805 3017 qui
2834 2946 2919 3001 eis
2950 2944 3253 3017 subrogati
3285 2949 3442 3012 sunt,
3474 2941 3749 2998 viventibus

2148 3033 2286 3101 illis,
2322 3033 2616 3107 legitimos
2645 3033 2950 3106 episcopos
2979 3033 3274 3090 dixerunt.
3298 3033 3447 3090 Sane
3474 3032 3521 3087 si
3548 3031 3673 3086 forte
3692 3027 3745 3082 ad

387 3126 619 3187 cuntur,
634 3126 824 3194 potest
853 3123 1008 3178 credi
1030 3125 1185 3195 quod
1207 3124 1258 3178 vi
1283 3103 1371 3179 vel
1402 3124 1711 3181 formidine
1735 3127 1873 3183 fassi
1905 3133 2034 3183 tan-
2066 3103 2108 3170 Ο
2148 3103 2547 3179 'l‘uronensem
2600 3103 3107 3194 archiepiscopum
3159 3122 3395 3178 mittere
3442 3117 3746 3192 dedignaris,

386 3215 597 3275 tum,et
625 3228 739 3267 non
771 3211 1019 3268 confessi
1044 3211 1260 3268 fuerint
1288 3213 1443 3285 quod
1475 3230 1590 3269 non
1622 3214 2041 3289 fecerant,quia

387 3298 661 3354 videbant
690 3297 871 3354 laicos
902 3304 956 3354 et
990 3298 1296 3355 saeculares
1322 3316 1584 3372 quosque
1603 3318 1719 3356 una
1743 3318 1878 3357 cum
1906 3319 2039 3376 rege

388 3391 589 3443 contra
622 3404 683 3443 se
715 3388 1310 3460 conspirantes,quod
1339 3405 1443 3443 nec
1474 3388 1679 3444 saltem
1711 3391 2033 3447 audierant.

387 3475 689 3548 Siquidem
721 3477 820 3548 qui
866 3494 964 3533 ore
1021 3481 1356 3543 tantum,et
1414 3494 1528 3532 non
1588 3480 1759 3534 corde
1818 3482 2038 3551 profert

388 3566 543 3636 quod
575 3564 733 3633 dicit,
780 3583 893 3621 non
934 3568 1262 3633 confitetur,
1301 3567 1401 3622 sed
1434 3565 1690 3637 loquitur
1721 3587 1737 3622 :
1771 3569 2036 3640 quamvis

387 3670 503 3708 non
535 3652 801 3708 videatur
821 3654 987 3723 justa
1007 3655 1314 3722 confessio,
1343 3671 1467 3726 quae
1490 3672 1603 3710 non
1626 3655 1886 3729 legitimo
1907 3676 2037 3730 pro-

386 3744 627 3795 vocatur
683 3741 970 3797 examine.
1005 3746 1082 3796 De
1131 3740 1396 3798 Gislardo
1428 3746 1622 3797 autem
1679 3749 1734 3799 et
1786 3747 2034 3805 Actardo

388 3829 533 3900 [ms.,
556 3828 791 3883 Aitardo
826 3838 878 3884 et
912 3831 994 3884 sic
1038 3829 1259 3901 ubique]
1300 3829 1589 3904 episcopis
1628 3833 2034 3899 [Nannetensi-

388 3917 542 3987 bus],
565 3917 635 3971 de
668 3916 885 3988 quibus
931 3917 1240 3991 scripsisti,
1265 3919 1451 3975 multo
1500 3920 1689 3989 aliter,
1717 3940 1890 3995 quam
1932 3929 2037 3982 tua

390 4005 674 4061 referebat
729 4006 996 4077 epistola,
1044 4006 1102 4063 in
1162 4008 1376 4064 scrinio
1433 4013 1632 4065 nostro
1688 4012 2031 4084 reperimus.

390 4095 547 4151 Licet
576 4111 689 4149 non
722 4095 869 4151 bene
911 4096 1086 4152 faciat
1113 4097 1420 4163 Actardus,
1445 4098 1582 4170 quia
1612 4100 1801 4157 denuo
1832 4119 2033 4159 conse-

388 4188 511 4239 crat
536 4200 683 4257 quos
714 4182 1021 4241 Gislardus
1064 4185 1122 4240 in
1153 4202 1220 4241 eo
1252 4187 1440 4258 gradu
1485 4188 1852 4261 dignoscitur
1878 4192 2034 4247 ordi-

388 4288 560 4328 nasse
587 4289 599 4327 :
625 4277 822 4329 tamen
860 4275 1148 4331 Actardus
1179 4274 1472 4331 invenitur
1518 4282 1651 4333 ante
1699 4278 2032 4336 Gislardum

385 4360 756 4434 episcopatus
785 4362 1041 4418 ofﬁcium
1066 4364 1416 4436 suscepisse.
1445 4364 1700 4438 Denique
1732 4368 2032 4425 sanctissi-

2147 3212 2319 3267 stude
2339 3212 2487 3267 duos
2509 3211 2813 3284 episcopos
2834 3211 2904 3266 de
2935 3211 3215 3283 expulsis,
3241 3216 3303 3267 et
3332 3212 3478 3267 duos
3498 3211 3563 3266 de
3589 3207 3747 3264 subro-

2146 3301 2320 3373 gatis,
2345 3317 2464 3356 una
2492 3317 2627 3356 cum
2670 3299 2867 3373 gloria
2908 3304 3019 3356 tuae
3072 3298 3289 3373 legato,
3319 3300 3392 3356 ad
3422 3295 3746 3372 apostolicam

2146 3390 2343 3444 sedem
2367 3389 2522 3444 beati
2554 3389 2703 3444 Petri
2731 3389 3147 3456 transmittere,
3166 3388 3270 3443 ubi
3298 3389 3475 3461 digna
3501 3383 3747 3443 examina-

2145 3480 2301 3534 tione
2323 3478 2644 3551 praamissa,
2670 3477 2770 3549 qui
2800 3477 3043 3550 legitimi
3069 3478 3332 3550 episcopi
3358 3478 3475 3534 sint
3495 3475 3743 3548 appareat,

2145 3572 2203 3623 et
2232 3584 2367 3622 suas
2401 3566 2687 3622 Ecclesiae
2726 3566 3123 3639 irregulariter
3165 3583 3285 3622 non
3317 3566 3593 3622 amittant.
3622 3557 3745 3617 Nihil

2143 3656 2301 3712 enim
2332 3654 2489 3710 aliud
2523 3659 2611 3711 est
2633 3655 2787 3727 quod
2818 3654 2876 3709 in
2901 3655 3168 3727 praesenti
3193 3655 3425 3729 negatio
3448 3652 3657 3727 penitus
3674 3647 3745 3702 de-

2145 3744 2298 3799 finiri
2320 3743 2524 3815 possit.
2544 3742 2690 3807 Quia
2716 3760 2850 3799 vero
2883 3760 3097 3816 magna
3125 3743 3263 3815 quis
3295 3744 3372 3799 sit
3402 3737 3744 3812 metropolita-

2144 3850 2257 3888 nus
2276 3832 2430 3903 apud
2454 3831 2763 3887 Britannos
2781 3832 3074 3888 contentio
3097 3836 3207 3902 est,
3230 3831 3373 3888 licet
3399 3831 3553 3887 nulla
3573 3840 3744 3883 memo-

2144 3921 2231 3976 ria
2252 3921 2461 3988 sit,vos
2491 3920 2550 3975 in
2580 3923 2772 3976 vestra
2801 3921 3034 3994 regione
3056 3919 3234 3976 ullam
3270 3921 3544 3977 habuisse
3572 3919 3744 3972 metro-

2143 4008 2462 4082 politanam
2494 4007 2642 4082 [ms.,
2686 4008 3080 4083 metrOpolim]
3124 4008 3455 4077 ecclesiam,
3486 4012 3657 4063 tamen
3705 3999 3741 4055 si

2140 4098 2304 4164 libet,
2329 4102 2639 4169 postquam
2672 4097 2826 4152 Deus
2872 4097 3023 4152 inter
3049 4115 3150 4154 vos
3195 4115 3399 4171 pacem
3430 4102 3483 4153 et
3511 4093 3742 4151 dilectum

2143 4187 2330 4242 ﬁlium
2354 4191 2620 4241 nostrum
2634 4185 2905 4242 Carolum
2929 4185 3253 4259 gloriosum
3275 4185 3597 4251 constituet,
3612 4176 3744 4236 facile

2142 4276 2251 4331 hoc
2292 4274 2557 4347 poteritis
2608 4274 2923 4330 advertere.
2959 4274 3121 4340 Quod
3169 4274 3221 4331 si
3271 4275 3414 4331 adeo
3461 4272 3593 4347 [ms.,
3622 4261 3742 4336 ideo]

2142 4362 2566 4420 contentiosius
2588 4363 2882 4436 agendum
2905 4363 3162 4432 creditis,
3182 4363 3255 4418 ad
3279 4366 3540 4420 nostrum
3560 4359 3743 4430 aposto-

389 4466 523 4507 mus
545 4450 658 4506 Leo
676 4468 827 4524 papa
847 4451 1164 4508 Nomenoio
1193 4452 1477 4520 scribens,
1503 4454 1652 4509 inter
1672 4459 1877 4511 caetera
1898 4474 2035 4529 praz-
2064 4472 2113 4537 D
2145 4451 2329 4508 latum
2356 4451 2648 4507 destinare
2676 4452 3007 4507 contendite
3033 4456 3359 4523 :quatenus
3389 4453 3574 4507 nostro
3600 4444 3741 4500 libra-

387 4537 625 4610 cipuum
657 4539 844 4595 virum
876 4541 1191 4596 Actardum
1231 4539 1507 4613 appellat,
1530 4547 1588 4597 et
1618 4541 1774 4598 hunc
1822 4561 2032 4603 sanum
2065 4533 2102 4537 —
2145 4540 2461 4611 miliaque:
2492 4539 2667 4595 fuerit
2715 4540 2867 4612 αι)υά
2901 4556 3003 4595 V08
3047 4540 3376 4611 antiquitus
3404 4533 3739 4606 archiepisco'

386 4643 612 4698 sapere,
641 4633 698 4683 et
728 4646 937 4685 sanum
983 4630 1208 4696 docere,
1240 4629 1428 4686 vivere
1459 4646 1526 4686 ac
1565 4647 1904 4702 permanere
1934 4636 2033 4691 de-

386 4714 619 4771 nuntiat
645 4734 658 4772 :
683 4716 1014 4773 Gislardum
1036 4735 1169 4774 vero
1198 4722 1478 4790 tanquam
1510 4720 1769 4791 prasdicti
1799 4724 2035 4779 Actardi

387 4802 656 4859 sedulum
681 4805 1007 4862 invasorem
1030 4807 1286 4862 denotat.
1312 4807 1414 4863 His
1440 4824 1576 4881 ergo
1596 4825 1663 4864 ac
1692 4809 2034 4881 hujusmodi

386 4894 813 4962 controversiis,
855 4912 921 4951 ac
964 4895 1410 4965 difficultatibus
1454 4898 1835 4967 enumeratis,
1869 4905 1926 4956 et
1954 4902 2034 4956 ita

387 4981 650 5053 repertis,
685 4983 1003 5052 habitis,ac
1034 4985 1368 5057 compertis,
1389 5003 1504 5041 non
1540 5002 1856 5058 possumus
1879 5007 1913 5045 a
1943 5008 2033 5046 re-

384 5068 525 5143 gula
553 5075 889 5129 sanctorum
920 5081 1178 5147 patrum,
1211 5079 1313 5129 aut
1342 5092 1377 5129 a
1407 5074 1562 5130 sedis
1592 5075 1772 5147 hujus
1804 5077 2033 5135 institu-

384 5157 644 5217 tionibus
688 5163 946 5218 indebite
977 5168 1120 5230 [ms.,
1156 5167 1223 5218 ut
1252 5178 1286 5216 a
1315 5160 1473 5218 sedis
1503 5167 1617 5218 tuae
1649 5164 2033 5223 institutioni-

386 5248 497 5304 bus
527 5265 760 5323 quoque
790 5250 1214 5324 indebite.etc.]
1246 5249 1556 5305 declinare.
1594 5252 1705 5325 Sed
1736 5254 1785 5310 si
1814 5254 1900 5311 vis
1932 5257 2034 5312 Dei

385 5337 803 5410 omnipotentis
833 5340 1296 5395 benedictionem
1325 5339 1640 5412 percipere,
1672 5342 1757 5397 vel
1792 5344 1841 5399 si
1870 5361 2031 5401 vera-

387 5425 532 5482 citer
551 5433 751 5485 nostra
768 5428 1043 5502 consequi
1066 5431 1356 5501 pracepta
1384 5427 1702 5498 desideras,
1719 5432 2031 5491 consilium

389 5528 586 5575 meum
608 5517 825 5595 accipe,
840 5522 897 5579 et
917 5517 1072 5597 quod
1096 5515 1201 5575 tibi
1230 5530 1333 5594 per
1362 5515 1513 5575 hanc
1542 5518 1819 5594 paginam
1839 5521 2031 5583 indico

2143 4628 2295 4701 palis
2325 4627 2589 4695 ecclesia,
2624 4628 2753 4684 luce
2792 4627 3008 4684 clarius
3047 4628 3395 4697 innotescat,
3417 4631 3472 4683 et
3511 4623 3740 4689 deinceps

2142 4717 2303 4775 omni
2326 4716 2708 4790 ambiguitate
2734 4717 3119 4789 recisa,quem
3141 4718 3309 4790 sequi
3334 4713 3578 4790 episcopi
3597 4703 3739 4765 vestri

2142 4808 2409 4873 debeant,
2429 4804 2835 4860 incunctanter
2855 4810 3194 4879 agnoscant.
3212 4806 3411 4878 Neque
3425 4803 3571 4861 enim
3584 4793 3739 4856 Eccle-

2142 4897 2263 4952 sias
2275 4894 2504 4951 Domini
2526 4910 2629 4965 per
2641 4894 2992 4950 discordiam
3011 4910 3215 4967 regum
3229 4893 3534 4950 divisiones
3548 4886 3738 4958 aliqua:

2141 4985 2261 5057 pati
2273 4982 2360 5038 vel
2383 4983 2598 5037 damna
2610 4980 2757 5056 [ms.,
2774 5000 2877 5055 per
2887 4982 3239 5039 discordiam
3257 4998 3457 5056 regum
3468 4975 3736 5035 divisiones

2141 5073 2339 5145 aliqua
2360 5071 2479 5143 pati
2503 5070 2740 5144 damna]
2766 5088 3003 5128 necesse
3022 5076 3111 5128 est
3134 5090 3146 5127 :
3172 5088 3306 5128 cum
3327 5073 3597 5144 quantum
3615 5078 3672 5118 ex
3687 5073 3735 5114 se

2140 5168 2231 5219 est
2260 5177 2481 5234 pacem,
2507 5176 2685 5231 quam
2715 5160 3053 5232 praedicant,
3081 5177 3310 5217 servare
3336 5158 3593 5216 studeant
3617 5146 3734 5206 invi-

2141 5268 2289 5319 cem,
2312 5253 2369 5305 et
2389 5249 2449 5303 in
2488 5265 2712 5304 omnes.
2738 5249 2839 5304 His
2872 5249 2952 5305 ita
2982 5249 3317 5322 pralibatis,
3341 5263 3444 5321 per
3488 5245 3732 5301 nostum

2142 5340 2288 5398 scire
2319 5337 2589 5394 volumus
2610 5336 3028 5406 excellentiam,
3045 5338 3184 5411 quia
3209 5338 3257 5394 si
3281 5335 3490 5394 nostris
3512 5323 3733 5421 paternis

2142 5428 2383 5487 monitis
2412 5424 2718 5491 obedieris,
2752 5430 2810 5483 et
2854 5430 2973 5483 tam
3019 5428 3091 5484 de
3139 5427 3275 5499 jure
3326 5416 3729 5494 metropolitani.

2143 5535 2317 5599 quam
2340 5517 2412 5574 de
2432 5514 2803 5575 renovatione
2832 5514 3117 5576 examinis
3144 5517 3454 5592 ejeotorum
3474 5507 3731 5586 episcopo-
