  <div class='ocr_page' id='page_1' title='image "/cluster/home/n/w/nwhite01/storage/ocr_20150623/119/hvd.32044052820040/414.png"; bbox 0 0 3992 6150; ppageno 0'>
   <div class='ocr_carea' id='block_1_1' title="bbox 155 398 272 463">
    <p class='ocr_par' dir='ltr' id='par_1_1' title="bbox 155 398 272 463">
     <span class='ocr_line' id='line_1_1' title="bbox 155 398 272 463; baseline -0.009 0"><span class='ocrx_word' id='word_1_1' title='bbox 155 398 272 463; x_wconf 79' lang='grc'>817</span> 
     </span>
    </p>
   </div>
   <div class='ocr_carea' id='block_1_2' title="bbox 1364 395 2352 463">
    <p class='ocr_par' dir='ltr' id='par_1_2' title="bbox 1364 395 2352 463">
     <span class='ocr_line' id='line_1_2' title="bbox 1364 395 2352 463; baseline -0.004 0"><span class='ocrx_word' id='word_1_2' title='bbox 1364 397 1777 463; x_wconf 76' lang='lat' dir='ltr'>EPISTOL/E</span> <span class='ocrx_word' id='word_1_3' title='bbox 1816 396 1921 461; x_wconf 76' lang='lat' dir='ltr'><strong>ET</strong></span> <span class='ocrx_word' id='word_1_4' title='bbox 1960 395 2352 461; x_wconf 81' lang='lat' dir='ltr'>DECRETA.</span> 
     </span>
    </p>
   </div>
   <div class='ocr_carea' id='block_1_3' title="bbox 3452 390 3576 465">
    <p class='ocr_par' dir='ltr' id='par_1_3' title="bbox 3452 390 3576 465">
     <span class='ocr_line' id='line_1_3' title="bbox 3452 390 3576 465; baseline 0.032 -4"><span class='ocrx_word' id='word_1_5' title='bbox 3452 390 3576 465; x_wconf 73' lang='lat'>818</span> 
     </span>
    </p>
   </div>
   <div class='ocr_carea' id='block_1_4' title="bbox 157 506 3582 606">
    <p class='ocr_par' dir='ltr' id='par_1_4' title="bbox 157 506 3582 606">
     <span class='ocr_line' id='line_1_4' title="bbox 157 506 3582 606; baseline -0 -14"><span class='ocrx_word' id='word_1_6' title='bbox 157 532 481 601; x_wconf 90' lang='lat' dir='ltr'>dendi,nisi</span> <span class='ocrx_word' id='word_1_7' title='bbox 502 532 649 590; x_wconf 88' lang='lat' dir='ltr'>forte</span> <span class='ocrx_word' id='word_1_8' title='bbox 675 531 747 590; x_wconf 90' lang='lat' dir='ltr'>ab</span> <span class='ocrx_word' id='word_1_9' title='bbox 780 531 1000 589; x_wconf 59' lang='lat' dir='ltr'>abba»</span> <span class='ocrx_word' id='word_1_10' title='bbox 1019 531 1485 603; x_wconf 89' lang='lat' dir='ltr'>monasterii,vel</span> <span class='ocrx_word' id='word_1_11' title='bbox 1506 531 1807 601; x_wconf 72' lang='lat' dir='ltr'>fratribus,</span> <span class='ocrx_word' id='word_1_12' title='bbox 1840 533 1897 600; x_wconf 78' lang='grc' dir='ltr'><strong>Α</strong></span> <span class='ocrx_word' id='word_1_13' title='bbox 1927 532 2257 604; x_wconf 83' lang='lat' dir='ltr'>restituant,</span> <span class='ocrx_word' id='word_1_14' title='bbox 2291 536 2349 589; x_wconf 91' lang='lat' dir='ltr'>et</span> <span class='ocrx_word' id='word_1_15' title='bbox 2397 532 2553 606; x_wconf 86' lang='lat' dir='ltr'>quod</span> <span class='ocrx_word' id='word_1_16' title='bbox 2613 532 2684 589; x_wconf 92' lang='lat' dir='ltr'>de</span> <span class='ocrx_word' id='word_1_17' title='bbox 2741 531 3041 605; x_wconf 86' lang='lat' dir='ltr'>republica</span> <span class='ocrx_word' id='word_1_18' title='bbox 3098 549 3205 590; x_wconf 89' lang='lat' dir='ltr'>sua</span> <span class='ocrx_word' id='word_1_19' title='bbox 3261 506 3582 592; x_wconf 77' lang='lat' dir='ltr'>retribuer6</span> 
     </span>
    </p>
   </div>
   <div class='ocr_carea' id='block_1_5' title="bbox 154 622 1811 696">
    <p class='ocr_par' dir='ltr' id='par_1_5' title="bbox 154 622 1811 696">
     <span class='ocr_line' id='line_1_5' title="bbox 154 622 1811 696; baseline -0.002 -14"><span class='ocrx_word' id='word_1_20' title='bbox 154 623 519 682; x_wconf 76' lang='lat' dir='ltr'>necessitatis</span> <span class='ocrx_word' id='word_1_21' title='bbox 569 640 766 693; x_wconf 88' lang='lat' dir='ltr'>causa,</span> <span class='ocrx_word' id='word_1_22' title='bbox 789 622 879 679; x_wconf 89' lang='lat' dir='ltr'>vel</span> <span class='ocrx_word' id='word_1_23' title='bbox 927 622 1256 680; x_wconf 82' lang='lat' dir='ltr'>dilectionis</span> <span class='ocrx_word' id='word_1_24' title='bbox 1312 622 1520 696; x_wconf 88' lang='lat' dir='ltr'>gratia,</span> <span class='ocrx_word' id='word_1_25' title='bbox 1571 627 1811 680; x_wconf 87' lang='lat' dir='ltr'>vocatus</span> 
     </span>
    </p>
   </div>
   <div class='ocr_carea' id='block_1_6' title="bbox 155 711 1810 784">
    <p class='ocr_par' dir='ltr' id='par_1_6' title="bbox 155 711 1810 784">
     <span class='ocr_line' id='line_1_6' title="bbox 155 711 1810 784; baseline -0.001 -14"><span class='ocrx_word' id='word_1_26' title='bbox 155 714 478 780; x_wconf 79' lang='lat' dir='ltr'>advenerit;</span> <span class='ocrx_word' id='word_1_27' title='bbox 530 729 601 768; x_wconf 91' lang='lat' dir='ltr'>ne</span> <span class='ocrx_word' id='word_1_28' title='bbox 649 712 1096 784; x_wconf 79' lang='lat' dir='ltr'>importunitate</span> <span class='ocrx_word' id='word_1_29' title='bbox 1140 712 1255 779; x_wconf 91' lang='lat' dir='ltr'>sui,</span> <span class='ocrx_word' id='word_1_30' title='bbox 1287 711 1810 784; x_wconf 89' lang='lat' dir='ltr'>ministrorumque</span> 
     </span>
    </p>
   </div>
   <div class='ocr_carea' id='block_1_7' title="bbox 154 800 1810 873">
    <p class='ocr_par' dir='ltr' id='par_1_7' title="bbox 154 800 1810 873">
     <span class='ocr_line' id='line_1_7' title="bbox 154 800 1810 873; baseline -0.001 -14"><span class='ocrx_word' id='word_1_31' title='bbox 154 820 398 859; x_wconf 87' lang='lat' dir='ltr'>suorum</span> <span class='ocrx_word' id='word_1_32' title='bbox 421 800 1071 873; x_wconf 87' lang='lat' dir='ltr'>inquietudine,fratres</span> <span class='ocrx_word' id='word_1_33' title='bbox 1090 802 1178 857; x_wconf 86' lang='lat' dir='ltr'>vel</span> <span class='ocrx_word' id='word_1_34' title='bbox 1211 802 1451 857; x_wconf 87' lang='lat' dir='ltr'>abbates</span> <span class='ocrx_word' id='word_1_35' title='bbox 1478 802 1810 857; x_wconf 76' lang='lat' dir='ltr'>sustineant</span> 
     </span>
    </p>
   </div>
   <div class='ocr_carea' id='block_1_8' title="bbox 154 889 1807 962">
    <p class='ocr_par' dir='ltr' id='par_1_8' title="bbox 154 889 1807 962">
     <span class='ocr_line' id='line_1_8' title="bbox 154 889 1807 962; baseline -0.002 -14"><span class='ocrx_word' id='word_1_36' title='bbox 154 892 337 948; x_wconf 83' lang='lat' dir='ltr'>ullam</span> <span class='ocrx_word' id='word_1_37' title='bbox 372 890 725 947; x_wconf 85' lang='lat' dir='ltr'>molestiam.</span> <span class='ocrx_word' id='word_1_38' title='bbox 749 891 949 962; x_wconf 86' lang='lat' dir='ltr'><strong>Neque</strong></span> <span class='ocrx_word' id='word_1_39' title='bbox 990 889 1049 945; x_wconf 90' lang='lat' dir='ltr'>in</span> <span class='ocrx_word' id='word_1_40' title='bbox 1088 890 1348 946; x_wconf 89' lang='lat' dir='ltr'>ecclesiis</span> <span class='ocrx_word' id='word_1_41' title='bbox 1378 890 1653 962; x_wconf 63' lang='lat' dir='ltr'>praedicto</span> <span class='ocrx_word' id='word_1_42' title='bbox 1684 908 1807 946; x_wconf 90' lang='lat' dir='ltr'>mo-</span> 
     </span>
    </p>
   </div>
   <div class='ocr_carea' id='block_1_9' title="bbox 156 978 1810 1051">
    <p class='ocr_par' dir='ltr' id='par_1_9' title="bbox 156 978 1810 1051">
     <span class='ocr_line' id='line_1_9' title="bbox 156 978 1810 1051; baseline -0.002 -13"><span class='ocrx_word' id='word_1_43' title='bbox 156 980 412 1038; x_wconf 88' lang='lat' dir='ltr'>nasterio</span> <span class='ocrx_word' id='word_1_44' title='bbox 433 979 836 1051; x_wconf 88' lang='lat' dir='ltr'>subjectis,vel</span> <span class='ocrx_word' id='word_1_45' title='bbox 856 978 915 1033; x_wconf 91' lang='lat' dir='ltr'>in</span> <span class='ocrx_word' id='word_1_46' title='bbox 939 979 1293 1051; x_wconf 85' lang='lat' dir='ltr'><strong>presbyteris</strong></span> <span class='ocrx_word' id='word_1_47' title='bbox 1309 979 1529 1036; x_wconf 87' lang='lat' dir='ltr'>eisdem</span> <span class='ocrx_word' id='word_1_48' title='bbox 1548 979 1810 1035; x_wconf 89' lang='lat' dir='ltr'>ecclesiis</span> 
     </span>
    </p>
   </div>
   <div class='ocr_carea' id='block_1_10' title="bbox 157 1067 1805 1141">
    <p class='ocr_par' dir='ltr' id='par_1_10' title="bbox 157 1067 1805 1141">
     <span class='ocr_line' id='line_1_10' title="bbox 157 1067 1805 1141; baseline -0.002 -13"><span class='ocrx_word' id='word_1_49' title='bbox 157 1069 469 1136; x_wconf 80' lang='lat' dir='ltr'>ordinatis,</span> <span class='ocrx_word' id='word_1_50' title='bbox 513 1067 772 1141; x_wconf 82' lang='lat' dir='ltr'>aliquam</span> <span class='ocrx_word' id='word_1_51' title='bbox 818 1071 1004 1123; x_wconf 88' lang='lat' dir='ltr'><strong>tentet</strong></span> <span class='ocrx_word' id='word_1_52' title='bbox 1051 1068 1240 1123; x_wconf 89' lang='lat' dir='ltr'>facere</span> <span class='ocrx_word' id='word_1_53' title='bbox 1288 1069 1805 1141; x_wconf 79' lang='lat' dir='ltr'>perturbationem,</span> 
     </span>
    </p>
   </div>
   <div class='ocr_carea' id='block_1_11' title="bbox 157 1155 1809 1244">
    <p class='ocr_par' dir='ltr' id='par_1_11' title="bbox 157 1155 1809 1244">
     <span class='ocr_line' id='line_1_11' title="bbox 157 1155 1809 1244; baseline -0.002 -28"><span class='ocrx_word' id='word_1_54' title='bbox 157 1158 242 1216; x_wconf 85' lang='lat' dir='ltr'>vel</span> <span class='ocrx_word' id='word_1_55' title='bbox 297 1157 514 1221; x_wconf 87' lang='lat' dir='ltr'>abbati,</span> <span class='ocrx_word' id='word_1_56' title='bbox 546 1155 637 1212; x_wconf 85' lang='lat' dir='ltr'>vel</span> <span class='ocrx_word' id='word_1_57' title='bbox 690 1156 1257 1244; x_wconf 35' lang='lat' dir='ltr'>fratribusunovam.</span> <span class='ocrx_word' id='word_1_58' title='bbox 1285 1157 1716 1225; x_wconf 87' lang='lat' dir='ltr'>constituendo,</span> <span class='ocrx_word' id='word_1_59' title='bbox 1750 1161 1809 1213; x_wconf 91' lang='lat' dir='ltr'>et</span> 
     </span>
    </p>
   </div>
   <div class='ocr_carea' id='block_1_12' title="bbox 156 1244 1809 1320">
    <p class='ocr_par' dir='ltr' id='par_1_12' title="bbox 156 1244 1809 1320">
     <span class='ocr_line' id='line_1_12' title="bbox 156 1244 1809 1320; baseline -0.002 -16"><span class='ocrx_word' id='word_1_60' title='bbox 156 1249 465 1320; x_wconf 86' lang='lat' dir='ltr'>antiquam</span> <span class='ocrx_word' id='word_1_61' title='bbox 494 1244 979 1302; x_wconf 83' lang='lat' dir='ltr'>consuetudinem</span> <span class='ocrx_word' id='word_1_62' title='bbox 1009 1244 1307 1314; x_wconf 80' lang='lat' dir='ltr'>violando;</span> <span class='ocrx_word' id='word_1_63' title='bbox 1339 1247 1439 1302; x_wconf 90' lang='lat' dir='ltr'>sed</span> <span class='ocrx_word' id='word_1_64' title='bbox 1463 1246 1615 1302; x_wconf 83' lang='lat' dir='ltr'>sicut</span> <span class='ocrx_word' id='word_1_65' title='bbox 1646 1262 1809 1319; x_wconf 88' lang='lat' dir='ltr'>regu-</span> 
     </span>
    </p>
   </div>
   <div class='ocr_carea' id='block_1_13' title="bbox 154 1333 1806 1408">
    <p class='ocr_par' dir='ltr' id='par_1_13' title="bbox 154 1333 1806 1408">
     <span class='ocr_line' id='line_1_13' title="bbox 154 1333 1806 1408; baseline -0.001 -15"><span class='ocrx_word' id='word_1_66' title='bbox 154 1336 355 1393; x_wconf 87' lang='lat' dir='ltr'>lariter</span> <span class='ocrx_word' id='word_1_67' title='bbox 411 1339 469 1391; x_wconf 89' lang='lat' dir='ltr'>et</span> <span class='ocrx_word' id='word_1_68' title='bbox 524 1333 800 1390; x_wconf 87' lang='lat' dir='ltr'>canonice</span> <span class='ocrx_word' id='word_1_69' title='bbox 856 1334 1144 1406; x_wconf 90' lang='lat' dir='ltr'>disposita</span> <span class='ocrx_word' id='word_1_70' title='bbox 1176 1339 1334 1401; x_wconf 90' lang='lat' dir='ltr'>sunt,</span> <span class='ocrx_word' id='word_1_71' title='bbox 1367 1339 1425 1390; x_wconf 93' lang='lat' dir='ltr'><strong>et</strong></span> <span class='ocrx_word' id='word_1_72' title='bbox 1461 1334 1632 1408; x_wconf 91' lang='lat' dir='ltr'>longo</span> <span class='ocrx_word' id='word_1_73' title='bbox 1678 1336 1806 1407; x_wconf 88' lang='lat' dir='ltr'>jam</span> 
     </span>
    </p>
   </div>
   <div class='ocr_carea' id='block_1_14' title="bbox 150 1422 1806 1498">
    <p class='ocr_par' dir='ltr' id='par_1_14' title="bbox 150 1422 1806 1498">
     <span class='ocr_line' id='line_1_14' title="bbox 150 1422 1806 1498; baseline -0.002 -16"><span class='ocrx_word' id='word_1_74' title='bbox 150 1435 415 1498; x_wconf 81' lang='lat' dir='ltr'>tempore</span> <span class='ocrx_word' id='word_1_75' title='bbox 457 1422 772 1489; x_wconf 88' lang='lat' dir='ltr'>manentia,</span> <span class='ocrx_word' id='word_1_76' title='bbox 807 1422 888 1478; x_wconf 91' lang='lat' dir='ltr'>ita</span> <span class='ocrx_word' id='word_1_77' title='bbox 918 1440 1150 1496; x_wconf 90' lang='lat' dir='ltr'>quoque</span> <span class='ocrx_word' id='word_1_78' title='bbox 1200 1424 1414 1479; x_wconf 89' lang='lat' dir='ltr'>futuris</span> <span class='ocrx_word' id='word_1_79' title='bbox 1443 1424 1806 1496; x_wconf 87' lang='lat' dir='ltr'>temporibus</span> 
     </span>
    </p>
   </div>
   <div class='ocr_carea' id='block_1_15' title="bbox 153 1512 1806 1585">
    <p class='ocr_par' dir='ltr' id='par_1_15' title="bbox 153 1512 1806 1585">
     <span class='ocr_line' id='line_1_15' title="bbox 153 1512 1806 1585; baseline -0.001 -14"><span class='ocrx_word' id='word_1_80' title='bbox 153 1518 433 1571; x_wconf 89' lang='lat' dir='ltr'>maneant</span> <span class='ocrx_word' id='word_1_81' title='bbox 448 1513 813 1568; x_wconf 89' lang='lat' dir='ltr'>inconcussa.</span> <span class='ocrx_word' id='word_1_82' title='bbox 830 1513 944 1568; x_wconf 87' lang='lat' dir='ltr'>Nec</span> <span class='ocrx_word' id='word_1_83' title='bbox 962 1515 1243 1584; x_wconf 87' lang='lat' dir='ltr'>potestate</span> <span class='ocrx_word' id='word_1_84' title='bbox 1255 1512 1602 1585; x_wconf 89' lang='lat' dir='ltr'>episcopalis</span> <span class='ocrx_word' id='word_1_85' title='bbox 1620 1513 1806 1570; x_wconf 89' lang='lat' dir='ltr'>fastus</span> 
     </span>
    </p>
   </div>
   <div class='ocr_carea' id='block_1_16' title="bbox 151 1601 1806 1674">
    <p class='ocr_par' dir='ltr' id='par_1_16' title="bbox 151 1601 1806 1674">
     <span class='ocr_line' id='line_1_16' title="bbox 151 1601 1806 1674; baseline -0.001 -14"><span class='ocrx_word' id='word_1_86' title='bbox 151 1601 717 1668; x_wconf 84' lang='lat' dir='ltr'>abutens,violenter</span> <span class='ocrx_word' id='word_1_87' title='bbox 737 1606 941 1657; x_wconf 89' lang='lat' dir='ltr'>contra</span> <span class='ocrx_word' id='word_1_88' title='bbox 961 1601 1279 1658; x_wconf 89' lang='lat' dir='ltr'>constituta</span> <span class='ocrx_word' id='word_1_89' title='bbox 1300 1602 1591 1673; x_wconf 88' lang='lat' dir='ltr'>majorum</span> <span class='ocrx_word' id='word_1_90' title='bbox 1613 1601 1806 1674; x_wconf 84' lang='lat' dir='ltr'>dispo-</span> 
     </span>
    </p>
   </div>
   <div class='ocr_carea' id='block_1_17' title="bbox 150 1690 1807 1763">
    <p class='ocr_par' dir='ltr' id='par_1_17' title="bbox 150 1690 1807 1763">
     <span class='ocr_line' id='line_1_17' title="bbox 150 1690 1807 1763; baseline -0.002 -14"><span class='ocrx_word' id='word_1_91' title='bbox 150 1709 287 1749; x_wconf 86' lang='lat' dir='ltr'>nere</span> <span class='ocrx_word' id='word_1_92' title='bbox 319 1691 459 1747; x_wconf 82' lang='lat' dir='ltr'>velit</span> <span class='ocrx_word' id='word_1_93' title='bbox 501 1690 722 1763; x_wconf 89' lang='lat' dir='ltr'>aliquid</span> <span class='ocrx_word' id='word_1_94' title='bbox 766 1692 1047 1747; x_wconf 89' lang='lat' dir='ltr'>adversus</span> <span class='ocrx_word' id='word_1_95' title='bbox 1075 1690 1434 1746; x_wconf 88' lang='lat' dir='ltr'>voluntatem</span> <span class='ocrx_word' id='word_1_96' title='bbox 1468 1690 1714 1759; x_wconf 90' lang='lat' dir='ltr'>abbatis,</span> <span class='ocrx_word' id='word_1_97' title='bbox 1748 1695 1807 1747; x_wconf 91' lang='lat' dir='ltr'>et</span> 
     </span>
    </p>
   </div>
   <div class='ocr_carea' id='block_1_18' title="bbox 153 1779 1804 1852">
    <p class='ocr_par' dir='ltr' id='par_1_18' title="bbox 153 1779 1804 1852">
     <span class='ocr_line' id='line_1_18' title="bbox 153 1779 1804 1852; baseline 0 -15"><span class='ocrx_word' id='word_1_98' title='bbox 153 1782 402 1837; x_wconf 83' lang='lat' dir='ltr'>fratrum</span> <span class='ocrx_word' id='word_1_99' title='bbox 441 1781 502 1836; x_wconf 92' lang='lat' dir='ltr'>in</span> <span class='ocrx_word' id='word_1_100' title='bbox 540 1780 667 1852; x_wconf 90' lang='lat' dir='ltr'>ipso</span> <span class='ocrx_word' id='word_1_101' title='bbox 698 1779 960 1836; x_wconf 75' lang='lat' dir='ltr'>ccenobio</span> <span class='ocrx_word' id='word_1_102' title='bbox 1000 1780 1117 1835; x_wconf 92' lang='lat' dir='ltr'>Deo</span> <span class='ocrx_word' id='word_1_103' title='bbox 1157 1796 1507 1852; x_wconf 87' lang='lat' dir='ltr'>quocunque</span> <span class='ocrx_word' id='word_1_104' title='bbox 1545 1784 1804 1852; x_wconf 90' lang='lat' dir='ltr'>tempore</span> 
     </span>
    </p>
   </div>
   <div class='ocr_carea' id='block_1_19' title="bbox 150 1866 1884 1969">
    <p class='ocr_par' dir='ltr' id='par_1_19' title="bbox 150 1866 1884 1969">
     <span class='ocr_line' id='line_1_19' title="bbox 150 1866 1884 1969; baseline -0.001 -44"><span class='ocrx_word' id='word_1_105' title='bbox 150 1867 977 1925; x_wconf 86' lang='lat' dir='ltr'>militantium.0rdinationes</span> <span class='ocrx_word' id='word_1_106' title='bbox 995 1884 1122 1940; x_wconf 54' lang='lat' dir='ltr'>quae</span> <span class='ocrx_word' id='word_1_107' title='bbox 1145 1866 1483 1924; x_wconf 67' lang='lat' dir='ltr'>necessaria:</span> <span class='ocrx_word' id='word_1_108' title='bbox 1506 1867 1723 1924; x_wconf 88' lang='lat' dir='ltr'>fuerint</span> <span class='ocrx_word' id='word_1_109' title='bbox 1745 1869 1804 1923; x_wconf 92' lang='lat' dir='ltr'>in</span> <span class='ocrx_word' id='word_1_110' title='bbox 1835 1903 1884 1969; x_wconf 82' lang='lat' dir='ltr'><strong>B</strong></span> 
     </span>
    </p>
   </div>
   <div class='ocr_carea' id='block_1_20' title="bbox 150 1956 1807 2025">
    <p class='ocr_par' dir='ltr' id='par_1_20' title="bbox 150 1956 1807 2025">
     <span class='ocr_line' id='line_1_20' title="bbox 150 1956 1807 2025; baseline -0.001 -11"><span class='ocrx_word' id='word_1_111' title='bbox 150 1958 532 2023; x_wconf 87' lang='lat' dir='ltr'>monasterio,</span> <span class='ocrx_word' id='word_1_112' title='bbox 551 1957 670 2012; x_wconf 87' lang='lat' dir='ltr'>sive</span> <span class='ocrx_word' id='word_1_113' title='bbox 700 1957 771 2012; x_wconf 92' lang='lat' dir='ltr'>de</span> <span class='ocrx_word' id='word_1_114' title='bbox 801 1956 1128 2023; x_wconf 86' lang='lat' dir='ltr'>monachis,</span> <span class='ocrx_word' id='word_1_115' title='bbox 1151 1957 1270 2013; x_wconf 91' lang='lat' dir='ltr'>sive</span> <span class='ocrx_word' id='word_1_116' title='bbox 1294 1958 1363 2013; x_wconf 92' lang='lat' dir='ltr'>de</span> <span class='ocrx_word' id='word_1_117' title='bbox 1396 1957 1713 2025; x_wconf 89' lang='lat' dir='ltr'>canonicis,</span> <span class='ocrx_word' id='word_1_118' title='bbox 1748 1962 1807 2014; x_wconf 89' lang='lat' dir='ltr'>et</span> 
     </span>
    </p>
   </div>
   <div class='ocr_carea' id='block_1_21' title="bbox 149 2046 1802 2120">
    <p class='ocr_par' dir='ltr' id='par_1_21' title="bbox 149 2046 1802 2120">
     <span class='ocr_line' id='line_1_21' title="bbox 149 2046 1802 2120; baseline -0.001 -16"><span class='ocrx_word' id='word_1_119' title='bbox 149 2063 296 2120; x_wconf 89' lang='lat' dir='ltr'>quas</span> <span class='ocrx_word' id='word_1_120' title='bbox 332 2046 605 2119; x_wconf 89' lang='lat' dir='ltr'>petierint</span> <span class='ocrx_word' id='word_1_121' title='bbox 640 2046 824 2103; x_wconf 90' lang='lat' dir='ltr'>abbas</span> <span class='ocrx_word' id='word_1_122' title='bbox 867 2050 926 2102; x_wconf 90' lang='lat' dir='ltr'>et</span> <span class='ocrx_word' id='word_1_123' title='bbox 967 2047 1195 2114; x_wconf 80' lang='lat' dir='ltr'>fratres,</span> <span class='ocrx_word' id='word_1_124' title='bbox 1219 2062 1389 2119; x_wconf 87' lang='lat' dir='ltr'>agere</span> <span class='ocrx_word' id='word_1_125' title='bbox 1417 2063 1533 2102; x_wconf 92' lang='lat' dir='ltr'>non</span> <span class='ocrx_word' id='word_1_126' title='bbox 1555 2047 1802 2103; x_wconf 78' lang='lat' dir='ltr'>differat.</span> 
     </span>
    </p>
   </div>
   <div class='ocr_carea' id='block_1_22' title="bbox 149 2133 1803 2208">
    <p class='ocr_par' dir='ltr' id='par_1_22' title="bbox 149 2133 1803 2208">
     <span class='ocr_line' id='line_1_22' title="bbox 149 2133 1803 2208; baseline -0.001 -16"><span class='ocrx_word' id='word_1_127' title='bbox 149 2136 361 2193; x_wconf 81' lang='lat' dir='ltr'>Altaris</span> <span class='ocrx_word' id='word_1_128' title='bbox 392 2150 625 2208; x_wconf 89' lang='lat' dir='ltr'>quoque</span> <span class='ocrx_word' id='word_1_129' title='bbox 662 2138 720 2191; x_wconf 92' lang='lat' dir='ltr'>et</span> <span class='ocrx_word' id='word_1_130' title='bbox 765 2134 1142 2191; x_wconf 87' lang='lat' dir='ltr'>basilicarum</span> <span class='ocrx_word' id='word_1_131' title='bbox 1192 2133 1649 2198; x_wconf 88' lang='lat' dir='ltr'>benedictiones.</span> <span class='ocrx_word' id='word_1_132' title='bbox 1683 2134 1803 2191; x_wconf 90' lang='lat' dir='ltr'>sive</span> 
     </span>
    </p>
   </div>
   <div class='ocr_carea' id='block_1_23' title="bbox 146 2223 1805 2297">
    <p class='ocr_par' dir='ltr' id='par_1_23' title="bbox 146 2223 1805 2297">
     <span class='ocr_line' id='line_1_23' title="bbox 146 2223 1805 2297; baseline -0.001 -16"><span class='ocrx_word' id='word_1_133' title='bbox 146 2224 637 2290; x_wconf 84' lang='lat' dir='ltr'>consecrationes,</span> <span class='ocrx_word' id='word_1_134' title='bbox 655 2228 833 2297; x_wconf 89' lang='lat' dir='ltr'>prout</span> <span class='ocrx_word' id='word_1_135' title='bbox 853 2224 1176 2281; x_wconf 88' lang='lat' dir='ltr'>necessitas</span> <span class='ocrx_word' id='word_1_136' title='bbox 1201 2223 1601 2297; x_wconf 87' lang='lat' dir='ltr'>postulaverit,</span> <span class='ocrx_word' id='word_1_137' title='bbox 1624 2223 1712 2280; x_wconf 88' lang='lat' dir='ltr'>vel</span> <span class='ocrx_word' id='word_1_138' title='bbox 1746 2225 1805 2280; x_wconf 92' lang='lat' dir='ltr'>in</span> 
     </span>
    </p>
   </div>
   <div class='ocr_carea' id='block_1_24' title="bbox 145 2313 1803 2388">
    <p class='ocr_par' dir='ltr' id='par_1_24' title="bbox 145 2313 1803 2388">
     <span class='ocr_line' id='line_1_24' title="bbox 145 2313 1803 2388; baseline 0 -19"><span class='ocrx_word' id='word_1_139' title='bbox 145 2316 268 2388; x_wconf 90' lang='lat' dir='ltr'>ipso</span> <span class='ocrx_word' id='word_1_140' title='bbox 302 2314 682 2381; x_wconf 87' lang='lat' dir='ltr'>monasterio,</span> <span class='ocrx_word' id='word_1_141' title='bbox 702 2313 793 2369; x_wconf 87' lang='lat' dir='ltr'>vel</span> <span class='ocrx_word' id='word_1_142' title='bbox 824 2314 882 2369; x_wconf 91' lang='lat' dir='ltr'>in</span> <span class='ocrx_word' id='word_1_143' title='bbox 914 2313 1072 2386; x_wconf 86' lang='lat' dir='ltr'>agris</span> <span class='ocrx_word' id='word_1_144' title='bbox 1122 2313 1311 2386; x_wconf 90' lang='lat' dir='ltr'>ipsius</span> <span class='ocrx_word' id='word_1_145' title='bbox 1363 2313 1704 2369; x_wconf 89' lang='lat' dir='ltr'>monasterii</span> <span class='ocrx_word' id='word_1_146' title='bbox 1733 2314 1803 2369; x_wconf 91' lang='lat' dir='ltr'>li-</span> 
     </span>
    </p>
   </div>
   <div class='ocr_carea' id='block_1_25' title="bbox 145 2401 1804 2475">
    <p class='ocr_par' dir='ltr' id='par_1_25' title="bbox 145 2401 1804 2475">
     <span class='ocr_line' id='line_1_25' title="bbox 145 2401 1804 2475; baseline -0.001 -15"><span class='ocrx_word' id='word_1_147' title='bbox 145 2405 354 2460; x_wconf 87' lang='lat' dir='ltr'>benter</span> <span class='ocrx_word' id='word_1_148' title='bbox 373 2404 652 2459; x_wconf 86' lang='lat' dir='ltr'>concedat</span> <span class='ocrx_word' id='word_1_149' title='bbox 678 2419 691 2458; x_wconf 89' lang='lat'>:</span> <span class='ocrx_word' id='word_1_150' title='bbox 717 2402 974 2458; x_wconf 88' lang='lat' dir='ltr'>chrisma</span> <span class='ocrx_word' id='word_1_151' title='bbox 994 2419 1248 2475; x_wconf 91' lang='lat' dir='ltr'>quoque,</span> <span class='ocrx_word' id='word_1_152' title='bbox 1265 2401 1576 2475; x_wconf 90' lang='lat' dir='ltr'>oleumque</span> <span class='ocrx_word' id='word_1_153' title='bbox 1601 2419 1804 2459; x_wconf 89' lang='lat' dir='ltr'>conse-</span> 
     </span>
    </p>
   </div>
   <div class='ocr_carea' id='block_1_26' title="bbox 146 2490 1801 2564">
    <p class='ocr_par' dir='ltr' id='par_1_26' title="bbox 146 2490 1801 2564">
     <span class='ocr_line' id='line_1_26' title="bbox 146 2490 1801 2564; baseline -0.001 -16"><span class='ocrx_word' id='word_1_154' title='bbox 146 2498 378 2548; x_wconf 88' lang='lat' dir='ltr'>cratum</span> <span class='ocrx_word' id='word_1_155' title='bbox 428 2508 529 2563; x_wconf 91' lang='lat' dir='ltr'>per</span> <span class='ocrx_word' id='word_1_156' title='bbox 558 2490 824 2564; x_wconf 90' lang='lat' dir='ltr'>singulos</span> <span class='ocrx_word' id='word_1_157' title='bbox 856 2508 1042 2547; x_wconf 92' lang='lat' dir='ltr'>annos</span> <span class='ocrx_word' id='word_1_158' title='bbox 1072 2491 1330 2564; x_wconf 62' lang='lat' dir='ltr'>praebere</span> <span class='ocrx_word' id='word_1_159' title='bbox 1379 2507 1495 2546; x_wconf 92' lang='lat' dir='ltr'>non</span> <span class='ocrx_word' id='word_1_160' title='bbox 1529 2491 1756 2547; x_wconf 74' lang='lat' dir='ltr'>differat</span> <span class='ocrx_word' id='word_1_161' title='bbox 1788 2508 1801 2547; x_wconf 88' lang='lat'><strong>:</strong></span> 
     </span>
    </p>
   </div>
   <div class='ocr_carea' id='block_1_27' title="bbox 147 2580 1805 2655">
    <p class='ocr_par' dir='ltr' id='par_1_27' title="bbox 147 2580 1805 2655">
     <span class='ocr_line' id='line_1_27' title="bbox 147 2580 1805 2655; baseline 0 -18"><span class='ocrx_word' id='word_1_162' title='bbox 147 2586 200 2638; x_wconf 89' lang='lat' dir='ltr'>et</span> <span class='ocrx_word' id='word_1_163' title='bbox 228 2598 341 2655; x_wconf 88' lang='lat' dir='ltr'>pro</span> <span class='ocrx_word' id='word_1_164' title='bbox 385 2580 478 2635; x_wconf 91' lang='lat' dir='ltr'>his</span> <span class='ocrx_word' id='word_1_165' title='bbox 534 2580 809 2637; x_wconf 89' lang='lat' dir='ltr'>omnibus</span> <span class='ocrx_word' id='word_1_166' title='bbox 870 2580 1097 2635; x_wconf 90' lang='lat' dir='ltr'>nullum</span> <span class='ocrx_word' id='word_1_167' title='bbox 1154 2597 1373 2637; x_wconf 90' lang='lat' dir='ltr'>munus</span> <span class='ocrx_word' id='word_1_168' title='bbox 1431 2581 1699 2653; x_wconf 90' lang='lat' dir='ltr'>accipiat,</span> <span class='ocrx_word' id='word_1_169' title='bbox 1733 2598 1805 2637; x_wconf 92' lang='lat' dir='ltr'>ne</span> 
     </span>
    </p>
   </div>
   <div class='ocr_carea' id='block_1_28' title="bbox 146 2668 1803 2743">
    <p class='ocr_par' dir='ltr' id='par_1_28' title="bbox 146 2668 1803 2743">
     <span class='ocr_line' id='line_1_28' title="bbox 146 2668 1803 2743; baseline -0.001 -17"><span class='ocrx_word' id='word_1_170' title='bbox 146 2671 406 2743; x_wconf 86' lang='lat' dir='ltr'>Spiritus</span> <span class='ocrx_word' id='word_1_171' title='bbox 454 2668 641 2725; x_wconf 87' lang='lat' dir='ltr'>sancti</span> <span class='ocrx_word' id='word_1_172' title='bbox 689 2669 938 2742; x_wconf 83' lang='lat' dir='ltr'>gratiam</span> <span class='ocrx_word' id='word_1_173' title='bbox 969 2670 1218 2725; x_wconf 90' lang='lat' dir='ltr'>vendere</span> <span class='ocrx_word' id='word_1_174' title='bbox 1265 2673 1528 2735; x_wconf 89' lang='lat' dir='ltr'>conatus,</span> <span class='ocrx_word' id='word_1_175' title='bbox 1551 2669 1803 2726; x_wconf 86' lang='lat' dir='ltr'>Simonis</span> 
     </span>
    </p>
   </div>
   <div class='ocr_carea' id='block_1_29' title="bbox 146 2758 1801 2830">
    <p class='ocr_par' dir='ltr' id='par_1_29' title="bbox 146 2758 1801 2830">
     <span class='ocr_line' id='line_1_29' title="bbox 146 2758 1801 2830; baseline -0.001 -16"><span class='ocrx_word' id='word_1_176' title='bbox 146 2760 612 2825; x_wconf 87' lang='lat' dir='ltr'>damnationem,</span> <span class='ocrx_word' id='word_1_177' title='bbox 635 2759 789 2830; x_wconf 90' lang='lat' dir='ltr'>quod</span> <span class='ocrx_word' id='word_1_178' title='bbox 823 2758 994 2825; x_wconf 89' lang='lat' dir='ltr'>absit,</span> <span class='ocrx_word' id='word_1_179' title='bbox 1028 2758 1335 2815; x_wconf 87' lang='lat' dir='ltr'>sustineat.</span> <span class='ocrx_word' id='word_1_180' title='bbox 1369 2758 1485 2814; x_wconf 91' lang='lat' dir='ltr'>Hoc</span> <span class='ocrx_word' id='word_1_181' title='bbox 1517 2758 1801 2814; x_wconf 90' lang='lat' dir='ltr'>constitu-</span> 
     </span>
    </p>
   </div>
   <div class='ocr_carea' id='block_1_30' title="bbox 147 2846 1801 2920">
    <p class='ocr_par' dir='ltr' id='par_1_30' title="bbox 147 2846 1801 2920">
     <span class='ocr_line' id='line_1_30' title="bbox 147 2846 1801 2920; baseline -0.001 -17"><span class='ocrx_word' id='word_1_182' title='bbox 147 2852 269 2903; x_wconf 88' lang='lat' dir='ltr'>tum</span> <span class='ocrx_word' id='word_1_183' title='bbox 304 2864 427 2903; x_wconf 88' lang='lat' dir='ltr'>non</span> <span class='ocrx_word' id='word_1_184' title='bbox 477 2846 667 2903; x_wconf 89' lang='lat' dir='ltr'>solum</span> <span class='ocrx_word' id='word_1_185' title='bbox 717 2846 1057 2920; x_wconf 88' lang='lat' dir='ltr'>episcopum</span> <span class='ocrx_word' id='word_1_186' title='bbox 1103 2846 1801 2913; x_wconf 85' lang='lat' dir='ltr'>Ambianensem,verum</span> 
     </span>
    </p>
   </div>
   <div class='ocr_carea' id='block_1_31' title="bbox 144 2935 1804 3009">
    <p class='ocr_par' dir='ltr' id='par_1_31' title="bbox 144 2935 1804 3009">
     <span class='ocr_line' id='line_1_31' title="bbox 144 2935 1804 3009; baseline 0 -17"><span class='ocrx_word' id='word_1_187' title='bbox 144 2937 325 2993; x_wconf 86' lang='lat' dir='ltr'>etiam</span> <span class='ocrx_word' id='word_1_188' title='bbox 364 2952 570 2992; x_wconf 90' lang='lat' dir='ltr'>omnes</span> <span class='ocrx_word' id='word_1_189' title='bbox 611 2953 715 3009; x_wconf 90' lang='lat' dir='ltr'>per</span> <span class='ocrx_word' id='word_1_190' title='bbox 760 2935 956 2992; x_wconf 74' lang='lat' dir='ltr'>Gallia:</span> <span class='ocrx_word' id='word_1_191' title='bbox 989 2936 1430 3007; x_wconf 64' lang='lat' dir='ltr'>Germaniasque</span> <span class='ocrx_word' id='word_1_192' title='bbox 1474 2936 1804 3008; x_wconf 87' lang='lat' dir='ltr'>provincias</span> 
     </span>
    </p>
   </div>
   <div class='ocr_carea' id='block_1_32' title="bbox 148 3023 1802 3098">
    <p class='ocr_par' dir='ltr' id='par_1_32' title="bbox 148 3023 1802 3098">
     <span class='ocr_line' id='line_1_32' title="bbox 148 3023 1802 3098; baseline -0.002 -17"><span class='ocrx_word' id='word_1_193' title='bbox 148 3026 481 3098; x_wconf 90' lang='lat' dir='ltr'>episcopos,</span> <span class='ocrx_word' id='word_1_194' title='bbox 514 3024 850 3097; x_wconf 86' lang='lat' dir='ltr'>ubicunque</span> <span class='ocrx_word' id='word_1_195' title='bbox 898 3025 1200 3097; x_wconf 72' lang='lat' dir='ltr'>praefatum</span> <span class='ocrx_word' id='word_1_196' title='bbox 1246 3023 1667 3080; x_wconf 87' lang='lat' dir='ltr'>monasterium</span> <span class='ocrx_word' id='word_1_197' title='bbox 1716 3024 1802 3080; x_wconf 91' lang='lat' dir='ltr'>vel</span> 
     </span>
    </p>
   </div>
   <div class='ocr_carea' id='block_1_33' title="bbox 143 3111 1800 3186">
    <p class='ocr_par' dir='ltr' id='par_1_33' title="bbox 143 3111 1800 3186">
     <span class='ocr_line' id='line_1_33' title="bbox 143 3111 1800 3186; baseline -0.002 -15"><span class='ocrx_word' id='word_1_198' title='bbox 143 3114 452 3179; x_wconf 81' lang='lat' dir='ltr'>ecclesias,</span> <span class='ocrx_word' id='word_1_199' title='bbox 474 3113 562 3169; x_wconf 88' lang='lat' dir='ltr'>vel</span> <span class='ocrx_word' id='word_1_200' title='bbox 594 3112 887 3186; x_wconf 87' lang='lat' dir='ltr'>agros,vel</span> <span class='ocrx_word' id='word_1_201' title='bbox 908 3113 1162 3168; x_wconf 88' lang='lat' dir='ltr'>famulos</span> <span class='ocrx_word' id='word_1_202' title='bbox 1182 3111 1396 3169; x_wconf 90' lang='lat' dir='ltr'>habere</span> <span class='ocrx_word' id='word_1_203' title='bbox 1416 3112 1800 3185; x_wconf 84' lang='lat' dir='ltr'>dignoscitur,</span> 
     </span>
    </p>
   </div>
   <div class='ocr_carea' id='block_1_34' title="bbox 143 3201 1800 3269">
    <p class='ocr_par' dir='ltr' id='par_1_34' title="bbox 143 3201 1800 3269">
     <span class='ocr_line' id='line_1_34' title="bbox 143 3201 1800 3269; baseline -0.001 -11"><span class='ocrx_word' id='word_1_204' title='bbox 143 3204 460 3259; x_wconf 86' lang='lat' dir='ltr'>observare</span> <span class='ocrx_word' id='word_1_205' title='bbox 490 3202 616 3258; x_wconf 89' lang='lat' dir='ltr'>sine</span> <span class='ocrx_word' id='word_1_206' title='bbox 655 3201 1049 3269; x_wconf 89' lang='lat' dir='ltr'>cunctatione,</span> <span class='ocrx_word' id='word_1_207' title='bbox 1074 3218 1175 3257; x_wconf 93' lang='lat' dir='ltr'>sen</span> <span class='ocrx_word' id='word_1_208' title='bbox 1215 3201 1670 3257; x_wconf 89' lang='lat' dir='ltr'>contradictione</span> <span class='ocrx_word' id='word_1_209' title='bbox 1701 3203 1800 3257; x_wconf 91' lang='lat' dir='ltr'>de-</span> 
     </span>
    </p>
   </div>
   <div class='ocr_carea' id='block_1_35' title="bbox 1920 621 3581 695">
    <p class='ocr_par' dir='ltr' id='par_1_35' title="bbox 1920 621 3581 695">
     <span class='ocr_line' id='line_1_35' title="bbox 1920 621 3581 695; baseline 0.002 -18"><span class='ocrx_word' id='word_1_210' title='bbox 1920 622 2150 690; x_wconf 89' lang='lat' dir='ltr'>debent,</span> <span class='ocrx_word' id='word_1_211' title='bbox 2180 622 2238 678; x_wconf 90' lang='lat' dir='ltr'>id</span> <span class='ocrx_word' id='word_1_212' title='bbox 2278 623 2519 679; x_wconf 91' lang='lat' dir='ltr'>reddere</span> <span class='ocrx_word' id='word_1_213' title='bbox 2547 621 2728 679; x_wconf 89' lang='lat' dir='ltr'>velint</span> <span class='ocrx_word' id='word_1_214' title='bbox 2757 623 2827 678; x_wconf 90' lang='lat' dir='ltr'>de</span> <span class='ocrx_word' id='word_1_215' title='bbox 2878 622 2970 680; x_wconf 89' lang='lat' dir='ltr'>his</span> <span class='ocrx_word' id='word_1_216' title='bbox 3019 639 3145 695; x_wconf 72' lang='lat' dir='ltr'>quae</span> <span class='ocrx_word' id='word_1_217' title='bbox 3177 621 3388 679; x_wconf 89' lang='lat' dir='ltr'>collata</span> <span class='ocrx_word' id='word_1_218' title='bbox 3438 628 3581 680; x_wconf 88' lang='lat' dir='ltr'>sunt</span> 
     </span>
    </p>
   </div>
   <div class='ocr_carea' id='block_1_36' title="bbox 1919 711 3577 785">
    <p class='ocr_par' dir='ltr' id='par_1_36' title="bbox 1919 711 3577 785">
     <span class='ocr_line' id='line_1_36' title="bbox 1919 711 3577 785; baseline 0.002 -18"><span class='ocrx_word' id='word_1_219' title='bbox 1919 711 2056 767; x_wconf 91' lang='lat' dir='ltr'>Deo.</span> <span class='ocrx_word' id='word_1_220' title='bbox 2080 714 2203 778; x_wconf 88' lang='lat' dir='ltr'>Qua</span> <span class='ocrx_word' id='word_1_221' title='bbox 2231 714 2302 769; x_wconf 90' lang='lat' dir='ltr'>de</span> <span class='ocrx_word' id='word_1_222' title='bbox 2334 729 2394 768; x_wconf 90' lang='lat' dir='ltr'>re</span> <span class='ocrx_word' id='word_1_223' title='bbox 2416 713 2789 785; x_wconf 68' lang='lat' dir='ltr'>prazcipimus</span> <span class='ocrx_word' id='word_1_224' title='bbox 2836 712 3094 779; x_wconf 88' lang='lat' dir='ltr'>omnino,</span> <span class='ocrx_word' id='word_1_225' title='bbox 3128 716 3194 768; x_wconf 93' lang='lat' dir='ltr'>ut</span> <span class='ocrx_word' id='word_1_226' title='bbox 3225 713 3577 771; x_wconf 88' lang='lat' dir='ltr'>monasterio</span> 
     </span>
    </p>
   </div>
   <div class='ocr_carea' id='block_1_37' title="bbox 1919 801 3575 874">
    <p class='ocr_par' dir='ltr' id='par_1_37' title="bbox 1919 801 3575 874">
     <span class='ocr_line' id='line_1_37' title="bbox 1919 801 3575 874; baseline 0.001 -18"><span class='ocrx_word' id='word_1_227' title='bbox 1919 801 2225 857; x_wconf 87' lang='lat' dir='ltr'>beatorum</span> <span class='ocrx_word' id='word_1_228' title='bbox 2259 802 2407 857; x_wconf 90' lang='lat' dir='ltr'>Petri</span> <span class='ocrx_word' id='word_1_229' title='bbox 2442 818 2509 857; x_wconf 88' lang='lat' dir='ltr'>ac</span> <span class='ocrx_word' id='word_1_230' title='bbox 2535 802 2889 874; x_wconf 89' lang='lat' dir='ltr'>Pauli,quod</span> <span class='ocrx_word' id='word_1_231' title='bbox 2911 802 3164 857; x_wconf 74' lang='lat' dir='ltr'>Corbeiaa</span> <span class='ocrx_word' id='word_1_232' title='bbox 3186 802 3420 871; x_wconf 89' lang='lat' dir='ltr'>dicitur,</span> <span class='ocrx_word' id='word_1_233' title='bbox 3446 801 3575 858; x_wconf 82' lang='lat' dir='ltr'>nul-</span> 
     </span>
    </p>
   </div>
   <div class='ocr_carea' id='block_1_38' title="bbox 1919 889 3571 963">
    <p class='ocr_par' dir='ltr' id='par_1_38' title="bbox 1919 889 3571 963">
     <span class='ocr_line' id='line_1_38' title="bbox 1919 889 3571 963; baseline 0.003 -19"><span class='ocrx_word' id='word_1_234' title='bbox 1919 889 2037 946; x_wconf 87' lang='lat' dir='ltr'>lam</span> <span class='ocrx_word' id='word_1_235' title='bbox 2069 891 2388 963; x_wconf 66' lang='lat' dir='ltr'>praeficiant</span> <span class='ocrx_word' id='word_1_236' title='bbox 2435 890 2869 963; x_wconf 89' lang='lat' dir='ltr'>personam,ch</span> <span class='ocrx_word' id='word_1_237' title='bbox 2900 908 2968 946; x_wconf 85' lang='lat' dir='ltr'>ex</span> <span class='ocrx_word' id='word_1_238' title='bbox 3016 891 3125 947; x_wconf 89' lang='lat' dir='ltr'>sibi</span> <span class='ocrx_word' id='word_1_239' title='bbox 3157 890 3571 961; x_wconf 87' lang='lat' dir='ltr'>militantibus,</span> 
     </span>
    </p>
   </div>
   <div class='ocr_carea' id='block_1_39' title="bbox 1916 979 3575 1053">
    <p class='ocr_par' dir='ltr' id='par_1_39' title="bbox 1916 979 3575 1053">
     <span class='ocr_line' id='line_1_39' title="bbox 1916 979 3575 1053; baseline 0 -17"><span class='ocrx_word' id='word_1_240' title='bbox 1916 979 2007 1036; x_wconf 90' lang='lat' dir='ltr'>vel</span> <span class='ocrx_word' id='word_1_241' title='bbox 2037 997 2105 1035; x_wconf 87' lang='lat' dir='ltr'><strong>ex</strong></span> <span class='ocrx_word' id='word_1_242' title='bbox 2144 980 2365 1036; x_wconf 89' lang='lat' dir='ltr'>alienos</span> <span class='ocrx_word' id='word_1_243' title='bbox 2398 981 2755 1037; x_wconf 89' lang='lat' dir='ltr'>monasterio</span> <span class='ocrx_word' id='word_1_244' title='bbox 2788 984 3107 1053; x_wconf 89' lang='lat' dir='ltr'>sumptam,</span> <span class='ocrx_word' id='word_1_245' title='bbox 3133 998 3260 1052; x_wconf 74' lang='lat' dir='ltr'>quae</span> <span class='ocrx_word' id='word_1_246' title='bbox 3308 997 3421 1036; x_wconf 90' lang='lat' dir='ltr'>non</span> <span class='ocrx_word' id='word_1_247' title='bbox 3470 997 3575 1053; x_wconf 90' lang='lat' dir='ltr'>per</span> 
     </span>
    </p>
   </div>
   <div class='ocr_carea' id='block_1_40' title="bbox 1917 1067 3572 1142">
    <p class='ocr_par' dir='ltr' id='par_1_40' title="bbox 1917 1067 3572 1142">
     <span class='ocr_line' id='line_1_40' title="bbox 1917 1067 3572 1142; baseline 0.001 -18"><span class='ocrx_word' id='word_1_248' title='bbox 1917 1067 2257 1124; x_wconf 91' lang='lat' dir='ltr'>electionem</span> <span class='ocrx_word' id='word_1_249' title='bbox 2290 1074 2560 1124; x_wconf 88' lang='lat' dir='ltr'>sumatur</span> <span class='ocrx_word' id='word_1_250' title='bbox 2588 1069 2971 1142; x_wconf 88' lang='lat' dir='ltr'>probabilem,</span> <span class='ocrx_word' id='word_1_251' title='bbox 3001 1070 3120 1125; x_wconf 90' lang='lat' dir='ltr'>sive</span> <span class='ocrx_word' id='word_1_252' title='bbox 3149 1070 3221 1124; x_wconf 90' lang='lat' dir='ltr'>de</span> <span class='ocrx_word' id='word_1_253' title='bbox 3250 1068 3420 1136; x_wconf 90' lang='lat' dir='ltr'>laico,</span> <span class='ocrx_word' id='word_1_254' title='bbox 3453 1068 3572 1125; x_wconf 90' lang='lat' dir='ltr'>sive</span> 
     </span>
    </p>
   </div>
   <div class='ocr_carea' id='block_1_41' title="bbox 1917 1157 3570 1231">
    <p class='ocr_par' dir='ltr' id='par_1_41' title="bbox 1917 1157 3570 1231">
     <span class='ocr_line' id='line_1_41' title="bbox 1917 1157 3570 1231; baseline 0.001 -19"><span class='ocrx_word' id='word_1_255' title='bbox 1917 1158 1988 1213; x_wconf 91' lang='lat' dir='ltr'>de</span> <span class='ocrx_word' id='word_1_256' title='bbox 2019 1157 2318 1227; x_wconf 89' lang='lat' dir='ltr'>canonico,</span> <span class='ocrx_word' id='word_1_257' title='bbox 2341 1158 2458 1215; x_wconf 89' lang='lat' dir='ltr'>sive</span> <span class='ocrx_word' id='word_1_258' title='bbox 2490 1158 2560 1214; x_wconf 91' lang='lat' dir='ltr'>de</span> <span class='ocrx_word' id='word_1_259' title='bbox 2589 1175 2939 1231; x_wconf 87' lang='lat' dir='ltr'>quocunque</span> <span class='ocrx_word' id='word_1_260' title='bbox 2970 1158 3146 1214; x_wconf 90' lang='lat' dir='ltr'>fuerit</span> <span class='ocrx_word' id='word_1_261' title='bbox 3174 1158 3394 1213; x_wconf 88' lang='lat' dir='ltr'>ordine.</span> <span class='ocrx_word' id='word_1_262' title='bbox 3418 1158 3570 1221; x_wconf 82' lang='lat' dir='ltr'>Quo-</span> 
     </span>
    </p>
   </div>
   <div class='ocr_carea' id='block_1_42' title="bbox 1918 1245 3570 1320">
    <p class='ocr_par' dir='ltr' id='par_1_42' title="bbox 1918 1245 3570 1320">
     <span class='ocr_line' id='line_1_42' title="bbox 1918 1245 3570 1320; baseline -0.001 -18"><span class='ocrx_word' id='word_1_263' title='bbox 1918 1247 2077 1302; x_wconf 89' lang='lat' dir='ltr'>niam</span> <span class='ocrx_word' id='word_1_264' title='bbox 2099 1264 2233 1302; x_wconf 91' lang='lat' dir='ltr'>vero</span> <span class='ocrx_word' id='word_1_265' title='bbox 2254 1246 2452 1303; x_wconf 66' lang='lat' dir='ltr'>multae</span> <span class='ocrx_word' id='word_1_266' title='bbox 2480 1252 2821 1319; x_wconf 62' lang='lat' dir='ltr'>quaeruntur</span> <span class='ocrx_word' id='word_1_267' title='bbox 2848 1248 2919 1303; x_wconf 91' lang='lat' dir='ltr'>ab</span> <span class='ocrx_word' id='word_1_268' title='bbox 2947 1245 3301 1320; x_wconf 88' lang='lat' dir='ltr'>importunis</span> <span class='ocrx_word' id='word_1_269' title='bbox 3322 1245 3570 1301; x_wconf 87' lang='lat' dir='ltr'>homini-</span> 
     </span>
    </p>
   </div>
   <div class='ocr_carea' id='block_1_43' title="bbox 1916 1335 3570 1409">
    <p class='ocr_par' dir='ltr' id='par_1_43' title="bbox 1916 1335 3570 1409">
     <span class='ocr_line' id='line_1_43' title="bbox 1916 1335 3570 1409; baseline 0 -18"><span class='ocrx_word' id='word_1_270' title='bbox 1916 1337 2030 1392; x_wconf 88' lang='lat' dir='ltr'>bus</span> <span class='ocrx_word' id='word_1_271' title='bbox 2072 1335 2453 1409; x_wconf 86' lang='lat' dir='ltr'>malignitatis</span> <span class='ocrx_word' id='word_1_272' title='bbox 2483 1337 2840 1404; x_wconf 89' lang='lat' dir='ltr'>occasiones,</span> <span class='ocrx_word' id='word_1_273' title='bbox 2863 1341 2919 1392; x_wconf 91' lang='lat' dir='ltr'>et</span> <span class='ocrx_word' id='word_1_274' title='bbox 2957 1352 3192 1391; x_wconf 88' lang='lat' dir='ltr'>necesse</span> <span class='ocrx_word' id='word_1_275' title='bbox 3222 1338 3311 1391; x_wconf 90' lang='lat' dir='ltr'>est</span> <span class='ocrx_word' id='word_1_276' title='bbox 3338 1352 3570 1408; x_wconf 90' lang='lat' dir='ltr'>semper</span> 
     </span>
    </p>
   </div>
   <div class='ocr_carea' id='block_1_44' title="bbox 1916 1422 3629 1498">
    <p class='ocr_par' dir='ltr' id='par_1_44' title="bbox 1916 1422 3629 1498">
     <span class='ocr_line' id='line_1_44' title="bbox 1916 1422 3629 1498; baseline -0.001 -17"><span class='ocrx_word' id='word_1_277' title='bbox 1916 1426 2230 1481; x_wconf 89' lang='lat' dir='ltr'>adversarii</span> <span class='ocrx_word' id='word_1_278' title='bbox 2263 1425 2379 1481; x_wconf 88' lang='lat' dir='ltr'>tela</span> <span class='ocrx_word' id='word_1_279' title='bbox 2408 1426 2607 1498; x_wconf 81' lang='lat' dir='ltr'>clypeo</span> <span class='ocrx_word' id='word_1_280' title='bbox 2638 1424 3014 1498; x_wconf 88' lang='lat' dir='ltr'>protectionis</span> <span class='ocrx_word' id='word_1_281' title='bbox 3046 1422 3346 1497; x_wconf 89' lang='lat' dir='ltr'>repellere,</span> <span class='ocrx_word' id='word_1_282' title='bbox 3370 1425 3567 1480; x_wconf 90' lang='lat' dir='ltr'>decer-</span> <span class='ocrx_word' id='word_1_283' title='bbox 3622 1454 3629 1461; x_wconf 89' lang='lat'><strong>-</strong></span> 
     </span>
    </p>
   </div>
   <div class='ocr_carea' id='block_1_45' title="bbox 1915 1510 3568 1586">
    <p class='ocr_par' dir='ltr' id='par_1_45' title="bbox 1915 1510 3568 1586">
     <span class='ocr_line' id='line_1_45' title="bbox 1915 1510 3568 1586; baseline 0.001 -19"><span class='ocrx_word' id='word_1_284' title='bbox 1915 1513 2115 1570; x_wconf 86' lang='lat' dir='ltr'>nimus</span> <span class='ocrx_word' id='word_1_285' title='bbox 2145 1518 2212 1569; x_wconf 93' lang='lat' dir='ltr'>ut</span> <span class='ocrx_word' id='word_1_286' title='bbox 2241 1514 2444 1581; x_wconf 89' lang='lat' dir='ltr'>abbas,</span> <span class='ocrx_word' id='word_1_287' title='bbox 2468 1518 2780 1586; x_wconf 87' lang='lat' dir='ltr'>postquam</span> <span class='ocrx_word' id='word_1_288' title='bbox 2813 1513 3029 1569; x_wconf 90' lang='lat' dir='ltr'>electus</span> <span class='ocrx_word' id='word_1_289' title='bbox 3051 1512 3224 1569; x_wconf 89' lang='lat' dir='ltr'>fuerit</span> <span class='ocrx_word' id='word_1_290' title='bbox 3252 1515 3309 1569; x_wconf 91' lang='lat' dir='ltr'>et</span> <span class='ocrx_word' id='word_1_291' title='bbox 3338 1510 3568 1569; x_wconf 87' lang='lat' dir='ltr'>ordina-</span> 
     </span>
    </p>
   </div>
   <div class='ocr_carea' id='block_1_46' title="bbox 1916 1601 3565 1676">
    <p class='ocr_par' dir='ltr' id='par_1_46' title="bbox 1916 1601 3565 1676">
     <span class='ocr_line' id='line_1_46' title="bbox 1916 1601 3565 1676; baseline 0 -19"><span class='ocrx_word' id='word_1_292' title='bbox 1916 1605 2033 1668; x_wconf 89' lang='lat' dir='ltr'>tus,</span> <span class='ocrx_word' id='word_1_293' title='bbox 2068 1602 2230 1658; x_wconf 89' lang='lat' dir='ltr'>nulla</span> <span class='ocrx_word' id='word_1_294' title='bbox 2275 1607 2562 1676; x_wconf 86' lang='lat' dir='ltr'>potestate</span> <span class='ocrx_word' id='word_1_295' title='bbox 2592 1603 2937 1675; x_wconf 74' lang='lat' dir='ltr'>praevalente</span> <span class='ocrx_word' id='word_1_296' title='bbox 2986 1603 3313 1675; x_wconf 87' lang='lat' dir='ltr'>dejiciatur,</span> <span class='ocrx_word' id='word_1_297' title='bbox 3348 1601 3462 1658; x_wconf 91' lang='lat' dir='ltr'>nisi</span> <span class='ocrx_word' id='word_1_298' title='bbox 3505 1603 3565 1657; x_wconf 93' lang='lat' dir='ltr'>in</span> 
     </span>
    </p>
   </div>
   <div class='ocr_carea' id='block_1_47' title="bbox 1915 1690 3565 1764">
    <p class='ocr_par' dir='ltr' id='par_1_47' title="bbox 1915 1690 3565 1764">
     <span class='ocr_line' id='line_1_47' title="bbox 1915 1690 3565 1764; baseline 0.001 -19"><span class='ocrx_word' id='word_1_299' title='bbox 1915 1692 2180 1748; x_wconf 89' lang='lat' dir='ltr'>criminis</span> <span class='ocrx_word' id='word_1_300' title='bbox 2227 1709 2406 1748; x_wconf 90' lang='lat' dir='ltr'>causa</span> <span class='ocrx_word' id='word_1_301' title='bbox 2463 1692 2639 1749; x_wconf 88' lang='lat' dir='ltr'>fuerit</span> <span class='ocrx_word' id='word_1_302' title='bbox 2695 1692 3114 1764; x_wconf 88' lang='lat' dir='ltr'>deprehensus,</span> <span class='ocrx_word' id='word_1_303' title='bbox 3140 1692 3310 1764; x_wconf 89' lang='lat' dir='ltr'>cujus</span> <span class='ocrx_word' id='word_1_304' title='bbox 3360 1690 3565 1747; x_wconf 90' lang='lat' dir='ltr'>merito</span> 
     </span>
    </p>
   </div>
   <div class='ocr_carea' id='block_1_48' title="bbox 1916 1779 3566 1836">
    <p class='ocr_par' dir='ltr' id='par_1_48' title="bbox 1916 1779 3566 1836">
     <span class='ocr_line' id='line_1_48' title="bbox 1916 1779 3566 1836; baseline 0.001 -3"><span class='ocrx_word' id='word_1_305' title='bbox 1916 1779 2156 1835; x_wconf 85' lang='lat' dir='ltr'>rectoris</span> <span class='ocrx_word' id='word_1_306' title='bbox 2187 1797 2301 1836; x_wconf 90' lang='lat' dir='ltr'>non</span> <span class='ocrx_word' id='word_1_307' title='bbox 2330 1781 2537 1836; x_wconf 91' lang='lat' dir='ltr'>debeat</span> <span class='ocrx_word' id='word_1_308' title='bbox 2566 1780 2980 1836; x_wconf 88' lang='lat' dir='ltr'>administrare</span> <span class='ocrx_word' id='word_1_309' title='bbox 3001 1779 3282 1835; x_wconf 86' lang='lat' dir='ltr'>officium.</span> <span class='ocrx_word' id='word_1_310' title='bbox 3308 1779 3566 1835; x_wconf 61' lang='lat' dir='ltr'>Infamia;</span> 
     </span>
    </p>
   </div>
   <div class='ocr_carea' id='block_1_49' title="bbox 1913 1868 3566 1942">
    <p class='ocr_par' dir='ltr' id='par_1_49' title="bbox 1913 1868 3566 1942">
     <span class='ocr_line' id='line_1_49' title="bbox 1913 1868 3566 1942; baseline 0 -19"><span class='ocrx_word' id='word_1_311' title='bbox 1913 1885 2045 1925; x_wconf 92' lang='lat' dir='ltr'>vero</span> <span class='ocrx_word' id='word_1_312' title='bbox 2077 1869 2468 1936; x_wconf 89' lang='lat' dir='ltr'>maculis,seu</span> <span class='ocrx_word' id='word_1_313' title='bbox 2519 1870 2783 1925; x_wconf 89' lang='lat' dir='ltr'>criminis</span> <span class='ocrx_word' id='word_1_314' title='bbox 2815 1868 3065 1942; x_wconf 88' lang='lat' dir='ltr'>alicujus</span> <span class='ocrx_word' id='word_1_315' title='bbox 3113 1869 3486 1924; x_wconf 88' lang='lat' dir='ltr'>denotatione</span> <span class='ocrx_word' id='word_1_316' title='bbox 3516 1869 3566 1924; x_wconf 91' lang='lat' dir='ltr'>si</span> 
     </span>
    </p>
   </div>
   <div class='ocr_carea' id='block_1_50' title="bbox 1915 1957 3566 2031">
    <p class='ocr_par' dir='ltr' id='par_1_50' title="bbox 1915 1957 3566 2031">
     <span class='ocr_line' id='line_1_50' title="bbox 1915 1957 3566 2031; baseline 0.001 -19"><span class='ocrx_word' id='word_1_317' title='bbox 1915 1957 2090 2014; x_wconf 91' lang='lat' dir='ltr'>fuerit</span> <span class='ocrx_word' id='word_1_318' title='bbox 2109 1960 2425 2031; x_wconf 88' lang='lat' dir='ltr'>appetitus,</span> <span class='ocrx_word' id='word_1_319' title='bbox 2442 1976 2555 2015; x_wconf 94' lang='lat' dir='ltr'>non</span> <span class='ocrx_word' id='word_1_320' title='bbox 2579 1963 2786 2031; x_wconf 66' lang='lat' dir='ltr'>praeter</span> <span class='ocrx_word' id='word_1_321' title='bbox 2804 1958 3144 2014; x_wconf 89' lang='lat' dir='ltr'>canonicam</span> <span class='ocrx_word' id='word_1_322' title='bbox 3162 1960 3218 2012; x_wconf 90' lang='lat' dir='ltr'>et</span> <span class='ocrx_word' id='word_1_323' title='bbox 3238 1957 3566 2030; x_wconf 86' lang='lat' dir='ltr'>regularem</span> 
     </span>
    </p>
   </div>
   <div class='ocr_carea' id='block_1_51' title="bbox 1914 2045 3566 2120">
    <p class='ocr_par' dir='ltr' id='par_1_51' title="bbox 1914 2045 3566 2120">
     <span class='ocr_line' id='line_1_51' title="bbox 1914 2045 3566 2120; baseline -0.001 -17"><span class='ocrx_word' id='word_1_324' title='bbox 1914 2048 2239 2120; x_wconf 87' lang='lat' dir='ltr'>deponatur</span> <span class='ocrx_word' id='word_1_325' title='bbox 2259 2048 2773 2104; x_wconf 80' lang='lat' dir='ltr'>examinationem.</span> <span class='ocrx_word' id='word_1_326' title='bbox 2799 2047 2916 2103; x_wconf 89' lang='lat' dir='ltr'>Hoc</span> <span class='ocrx_word' id='word_1_327' title='bbox 2947 2063 3080 2103; x_wconf 88' lang='lat' dir='ltr'>vero</span> <span class='ocrx_word' id='word_1_328' title='bbox 3106 2046 3492 2102; x_wconf 89' lang='lat' dir='ltr'>constitutum</span> <span class='ocrx_word' id='word_1_329' title='bbox 3514 2045 3566 2103; x_wconf 91' lang='lat' dir='ltr'>si</span> 
     </span>
    </p>
   </div>
   <div class='ocr_carea' id='block_1_52' title="bbox 1914 2135 3563 2210">
    <p class='ocr_par' dir='ltr' id='par_1_52' title="bbox 1914 2135 3563 2210">
     <span class='ocr_line' id='line_1_52' title="bbox 1914 2135 3563 2210; baseline -0.001 -19"><span class='ocrx_word' id='word_1_330' title='bbox 1914 2136 2090 2193; x_wconf 90' lang='lat' dir='ltr'>fuerit</span> <span class='ocrx_word' id='word_1_331' title='bbox 2110 2137 2183 2191; x_wconf 92' lang='lat' dir='ltr'>ab</span> <span class='ocrx_word' id='word_1_332' title='bbox 2215 2137 2412 2209; x_wconf 92' lang='lat' dir='ltr'>aliquo</span> <span class='ocrx_word' id='word_1_333' title='bbox 2438 2136 2897 2210; x_wconf 68' lang='lat' dir='ltr'>praevaricatum,</span> <span class='ocrx_word' id='word_1_334' title='bbox 2924 2153 3028 2208; x_wconf 89' lang='lat' dir='ltr'>per</span> <span class='ocrx_word' id='word_1_335' title='bbox 3055 2135 3394 2208; x_wconf 89' lang='lat' dir='ltr'>episcopum</span> <span class='ocrx_word' id='word_1_336' title='bbox 3425 2136 3563 2190; x_wconf 86' lang='lat' dir='ltr'>Am-</span> 
     </span>
    </p>
   </div>
   <div class='ocr_carea' id='block_1_53' title="bbox 1915 2223 3561 2298">
    <p class='ocr_par' dir='ltr' id='par_1_53' title="bbox 1915 2223 3561 2298">
     <span class='ocr_line' id='line_1_53' title="bbox 1915 2223 3561 2298; baseline -0.002 -18"><span class='ocrx_word' id='word_1_337' title='bbox 1915 2225 2641 2298; x_wconf 87' lang='lat' dir='ltr'>bianensem,quisqueille</span> <span class='ocrx_word' id='word_1_338' title='bbox 2659 2226 2928 2291; x_wconf 89' lang='lat' dir='ltr'>fuerit,ex</span> <span class='ocrx_word' id='word_1_339' title='bbox 2941 2228 3142 2280; x_wconf 92' lang='lat' dir='ltr'>nostra</span> <span class='ocrx_word' id='word_1_340' title='bbox 3161 2223 3561 2290; x_wconf 90' lang='lat' dir='ltr'>conveniatur,</span> 
     </span>
    </p>
   </div>
   <div class='ocr_carea' id='block_1_54' title="bbox 1914 2312 3566 2387">
    <p class='ocr_par' dir='ltr' id='par_1_54' title="bbox 1914 2312 3566 2387">
     <span class='ocr_line' id='line_1_54' title="bbox 1914 2312 3566 2387; baseline -0.002 -17"><span class='ocrx_word' id='word_1_341' title='bbox 1914 2315 2278 2383; x_wconf 89' lang='lat' dir='ltr'>auctoritate,</span> <span class='ocrx_word' id='word_1_342' title='bbox 2301 2319 2367 2370; x_wconf 93' lang='lat' dir='ltr'>ut</span> <span class='ocrx_word' id='word_1_343' title='bbox 2396 2331 2531 2370; x_wconf 90' lang='lat' dir='ltr'>eum</span> <span class='ocrx_word' id='word_1_344' title='bbox 2563 2314 2664 2387; x_wconf 89' lang='lat' dir='ltr'>qui</span> <span class='ocrx_word' id='word_1_345' title='bbox 2697 2314 2877 2386; x_wconf 89' lang='lat' dir='ltr'>hujus</span> <span class='ocrx_word' id='word_1_346' title='bbox 2908 2313 3064 2368; x_wconf 89' lang='lat' dir='ltr'>sedis</span> <span class='ocrx_word' id='word_1_347' title='bbox 3095 2312 3415 2368; x_wconf 89' lang='lat' dir='ltr'>constituta</span> <span class='ocrx_word' id='word_1_348' title='bbox 3435 2327 3566 2367; x_wconf 91' lang='lat' dir='ltr'>cou-</span> 
     </span>
    </p>
   </div>
   <div class='ocr_carea' id='block_1_55' title="bbox 1912 2400 3566 2475">
    <p class='ocr_par' dir='ltr' id='par_1_55' title="bbox 1912 2400 3566 2475">
     <span class='ocr_line' id='line_1_55' title="bbox 1912 2400 3566 2475; baseline -0.002 -16"><span class='ocrx_word' id='word_1_349' title='bbox 1912 2403 2174 2471; x_wconf 87' lang='lat' dir='ltr'>vulserit,</span> <span class='ocrx_word' id='word_1_350' title='bbox 2201 2404 2525 2470; x_wconf 91' lang='lat' dir='ltr'>conveniat,</span> <span class='ocrx_word' id='word_1_351' title='bbox 2549 2408 2606 2460; x_wconf 91' lang='lat' dir='ltr'>et</span> <span class='ocrx_word' id='word_1_352' title='bbox 2638 2403 2965 2475; x_wconf 85' lang='lat' dir='ltr'>iniquitatis</span> <span class='ocrx_word' id='word_1_353' title='bbox 2993 2418 3110 2457; x_wconf 62' lang='lat' dir='ltr'>suae</span> <span class='ocrx_word' id='word_1_354' title='bbox 3142 2400 3374 2473; x_wconf 91' lang='lat' dir='ltr'>culpam</span> <span class='ocrx_word' id='word_1_355' title='bbox 3401 2416 3566 2456; x_wconf 89' lang='lat' dir='ltr'>com-</span> 
     </span>
    </p>
   </div>
   <div class='ocr_carea' id='block_1_56' title="bbox 1846 2487 3564 2566">
    <p class='ocr_par' dir='ltr' id='par_1_56' title="bbox 1846 2487 3564 2566">
     <span class='ocr_line' id='line_1_56' title="bbox 1846 2487 3564 2566; baseline -0.003 -17"><span class='ocrx_word' id='word_1_356' title='bbox 1846 2493 1859 2500; x_wconf 72' lang='grc'><em>“</em></span> <span class='ocrx_word' id='word_1_357' title='bbox 1912 2496 2167 2559; x_wconf 90' lang='lat' dir='ltr'>moneat,</span> <span class='ocrx_word' id='word_1_358' title='bbox 2192 2493 2403 2566; x_wconf 89' lang='lat' dir='ltr'>cuique</span> <span class='ocrx_word' id='word_1_359' title='bbox 2435 2492 2693 2566; x_wconf 90' lang='lat' dir='ltr'>periculo</span> <span class='ocrx_word' id='word_1_360' title='bbox 2724 2491 3096 2563; x_wconf 88' lang='lat' dir='ltr'>subjiciatur,</span> <span class='ocrx_word' id='word_1_361' title='bbox 3132 2494 3338 2546; x_wconf 92' lang='lat' dir='ltr'>notum</span> <span class='ocrx_word' id='word_1_362' title='bbox 3372 2487 3564 2544; x_wconf 88' lang='lat' dir='ltr'>faciat.</span> 
     </span>
    </p>
   </div>
   <div class='ocr_carea' id='block_1_57' title="bbox 1912 2575 3567 2655">
    <p class='ocr_par' dir='ltr' id='par_1_57' title="bbox 1912 2575 3567 2655">
     <span class='ocr_line' id='line_1_57' title="bbox 1912 2575 3567 2655; baseline -0.004 -17"><span class='ocrx_word' id='word_1_363' title='bbox 1912 2582 2074 2649; x_wconf 87' lang='lat' dir='ltr'>Quod</span> <span class='ocrx_word' id='word_1_364' title='bbox 2134 2583 2182 2637; x_wconf 92' lang='lat' dir='ltr'>si</span> <span class='ocrx_word' id='word_1_365' title='bbox 2241 2582 2329 2638; x_wconf 92' lang='lat' dir='ltr'>vel</span> <span class='ocrx_word' id='word_1_366' title='bbox 2388 2583 2514 2655; x_wconf 90' lang='lat' dir='ltr'>ipse</span> <span class='ocrx_word' id='word_1_367' title='bbox 2571 2581 2909 2654; x_wconf 80' lang='lat' dir='ltr'>neglexerit,</span> <span class='ocrx_word' id='word_1_368' title='bbox 2957 2578 3047 2636; x_wconf 90' lang='lat' dir='ltr'>vel</span> <span class='ocrx_word' id='word_1_369' title='bbox 3099 2578 3444 2651; x_wconf 86' lang='lat' dir='ltr'>despexerit,</span> <span class='ocrx_word' id='word_1_370' title='bbox 3476 2575 3567 2632; x_wconf 93' lang='lat' dir='ltr'>vel</span> 
     </span>
    </p>
   </div>
   <div class='ocr_carea' id='block_1_58' title="bbox 1913 2668 3565 2744">
    <p class='ocr_par' dir='ltr' id='par_1_58' title="bbox 1913 2668 3565 2744">
     <span class='ocr_line' id='line_1_58' title="bbox 1913 2668 3565 2744; baseline -0.002 -18"><span class='ocrx_word' id='word_1_371' title='bbox 1913 2671 2181 2728; x_wconf 89' lang='lat' dir='ltr'>timuerit</span> <span class='ocrx_word' id='word_1_372' title='bbox 2225 2672 2527 2744; x_wconf 81' lang='lat' dir='ltr'>perficere,</span> <span class='ocrx_word' id='word_1_373' title='bbox 2560 2669 3042 2743; x_wconf 81' lang='lat' dir='ltr'>metrOpolitanus</span> <span class='ocrx_word' id='word_1_374' title='bbox 3080 2668 3390 2741; x_wconf 90' lang='lat' dir='ltr'>episcopus</span> <span class='ocrx_word' id='word_1_375' title='bbox 3429 2683 3565 2722; x_wconf 90' lang='lat' dir='ltr'>con-</span> 
     </span>
    </p>
   </div>
   <div class='ocr_carea' id='block_1_59' title="bbox 1908 2755 3566 2832">
    <p class='ocr_par' dir='ltr' id='par_1_59' title="bbox 1908 2755 3566 2832">
     <span class='ocr_line' id='line_1_59' title="bbox 1908 2755 3566 2832; baseline -0.002 -16"><span class='ocrx_word' id='word_1_376' title='bbox 1908 2765 2120 2816; x_wconf 88' lang='lat' dir='ltr'>ventus</span> <span class='ocrx_word' id='word_1_377' title='bbox 2150 2778 2183 2815; x_wconf 88' lang='lat' dir='ltr'>a</span> <span class='ocrx_word' id='word_1_378' title='bbox 2216 2761 2491 2816; x_wconf 88' lang='lat' dir='ltr'>fratribus</span> <span class='ocrx_word' id='word_1_379' title='bbox 2532 2759 2718 2832; x_wconf 91' lang='lat' dir='ltr'>ipsius</span> <span class='ocrx_word' id='word_1_380' title='bbox 2750 2758 3016 2826; x_wconf 76' lang='lat' dir='ltr'>ccenobii,</span> <span class='ocrx_word' id='word_1_381' title='bbox 3041 2773 3351 2830; x_wconf 89' lang='lat' dir='ltr'>personam</span> <span class='ocrx_word' id='word_1_382' title='bbox 3384 2755 3566 2827; x_wconf 86' lang='lat' dir='ltr'>hujus</span> 
     </span>
    </p>
   </div>
   <div class='ocr_carea' id='block_1_60' title="bbox 1912 2844 3564 2916">
    <p class='ocr_par' dir='ltr' id='par_1_60' title="bbox 1912 2844 3564 2916">
     <span class='ocr_line' id='line_1_60' title="bbox 1912 2844 3564 2916; baseline -0.004 -12"><span class='ocrx_word' id='word_1_383' title='bbox 1912 2848 2232 2905; x_wconf 89' lang='lat' dir='ltr'>sanctionis</span> <span class='ocrx_word' id='word_1_384' title='bbox 2262 2848 2620 2911; x_wconf 84' lang='lat' dir='ltr'>violatricem</span> <span class='ocrx_word' id='word_1_385' title='bbox 2652 2848 2812 2903; x_wconf 91' lang='lat' dir='ltr'>adire</span> <span class='ocrx_word' id='word_1_386' title='bbox 2850 2863 2964 2902; x_wconf 92' lang='lat' dir='ltr'>non</span> <span class='ocrx_word' id='word_1_387' title='bbox 3011 2846 3260 2913; x_wconf 74' lang='lat' dir='ltr'>differat,</span> <span class='ocrx_word' id='word_1_388' title='bbox 3296 2848 3354 2900; x_wconf 90' lang='lat' dir='ltr'>et</span> <span class='ocrx_word' id='word_1_389' title='bbox 3381 2844 3564 2916; x_wconf 88' lang='lat' dir='ltr'>hujus</span> 
     </span>
    </p>
   </div>
   <div class='ocr_carea' id='block_1_61' title="bbox 1912 2932 3562 3004">
    <p class='ocr_par' dir='ltr' id='par_1_61' title="bbox 1912 2932 3562 3004">
     <span class='ocr_line' id='line_1_61' title="bbox 1912 2932 3562 3004; baseline -0.002 -12"><span class='ocrx_word' id='word_1_390' title='bbox 1912 2939 2097 2994; x_wconf 90' lang='lat' dir='ltr'>nostri</span> <span class='ocrx_word' id='word_1_391' title='bbox 2126 2938 2337 2994; x_wconf 88' lang='lat' dir='ltr'>decreti</span> <span class='ocrx_word' id='word_1_392' title='bbox 2380 2936 2851 2993; x_wconf 88' lang='lat' dir='ltr'>testificationem</span> <span class='ocrx_word' id='word_1_393' title='bbox 2881 2935 3226 3004; x_wconf 88' lang='lat' dir='ltr'>innotescat,</span> <span class='ocrx_word' id='word_1_394' title='bbox 3258 2936 3441 3004; x_wconf 89' lang='lat' dir='ltr'>utque</span> <span class='ocrx_word' id='word_1_395' title='bbox 3490 2932 3562 2988; x_wconf 93' lang='lat' dir='ltr'>ab</span> 
     </span>
    </p>
   </div>
   <div class='ocr_carea' id='block_1_62' title="bbox 1911 3024 3567 3099">
    <p class='ocr_par' dir='ltr' id='par_1_62' title="bbox 1911 3024 3567 3099">
     <span class='ocr_line' id='line_1_62' title="bbox 1911 3024 3567 3099; baseline -0.004 -16"><span class='ocrx_word' id='word_1_396' title='bbox 1911 3044 1977 3083; x_wconf 92' lang='lat' dir='ltr'>eo</span> <span class='ocrx_word' id='word_1_397' title='bbox 2007 3027 2162 3099; x_wconf 91' lang='lat' dir='ltr'>quod</span> <span class='ocrx_word' id='word_1_398' title='bbox 2194 3043 2365 3099; x_wconf 90' lang='lat' dir='ltr'>prave</span> <span class='ocrx_word' id='word_1_399' title='bbox 2396 3025 2579 3099; x_wconf 88' lang='lat' dir='ltr'>gessit</span> <span class='ocrx_word' id='word_1_400' title='bbox 2606 3024 2869 3080; x_wconf 89' lang='lat' dir='ltr'>recedere</span> <span class='ocrx_word' id='word_1_401' title='bbox 2912 3039 3029 3078; x_wconf 91' lang='lat' dir='ltr'>non</span> <span class='ocrx_word' id='word_1_402' title='bbox 3062 3026 3424 3090; x_wconf 87' lang='lat' dir='ltr'>moretur,ex</span> <span class='ocrx_word' id='word_1_403' title='bbox 3454 3037 3567 3077; x_wconf 91' lang='lat' dir='ltr'>sua</span> 
     </span>
    </p>
   </div>
   <div class='ocr_carea' id='block_1_63' title="bbox 1911 3108 3562 3187">
    <p class='ocr_par' dir='ltr' id='par_1_63' title="bbox 1911 3108 3562 3187">
     <span class='ocr_line' id='line_1_63' title="bbox 1911 3108 3562 3187; baseline -0.004 -17"><span class='ocrx_word' id='word_1_404' title='bbox 1911 3120 2228 3187; x_wconf 88' lang='lat' dir='ltr'>nostraque</span> <span class='ocrx_word' id='word_1_405' title='bbox 2258 3114 2603 3170; x_wconf 89' lang='lat' dir='ltr'>auctoritate</span> <span class='ocrx_word' id='word_1_406' title='bbox 2634 3114 3009 3168; x_wconf 87' lang='lat' dir='ltr'>contestetur.</span> <span class='ocrx_word' id='word_1_407' title='bbox 3032 3112 3104 3165; x_wconf 90' lang='lat' dir='ltr'>At</span> <span class='ocrx_word' id='word_1_408' title='bbox 3146 3109 3195 3166; x_wconf 87' lang='lat' dir='ltr'>si</span> <span class='ocrx_word' id='word_1_409' title='bbox 3226 3108 3323 3164; x_wconf 88' lang='lat' dir='ltr'>ille</span> <span class='ocrx_word' id='word_1_410' title='bbox 3355 3113 3562 3165; x_wconf 88' lang='lat' dir='ltr'>contu-</span> 
     </span>
    </p>
   </div>
   <div class='ocr_carea' id='block_1_64' title="bbox 1912 3197 3559 3274">
    <p class='ocr_par' dir='ltr' id='par_1_64' title="bbox 1912 3197 3559 3274">
     <span class='ocr_line' id='line_1_64' title="bbox 1912 3197 3559 3274; baseline -0.004 -15"><span class='ocrx_word' id='word_1_411' title='bbox 1912 3204 2154 3259; x_wconf 87' lang='lat' dir='ltr'>maciter</span> <span class='ocrx_word' id='word_1_412' title='bbox 2173 3203 2231 3258; x_wconf 91' lang='lat' dir='ltr'>in</span> <span class='ocrx_word' id='word_1_413' title='bbox 2257 3203 2346 3259; x_wconf 90' lang='lat' dir='ltr'>sui</span> <span class='ocrx_word' id='word_1_414' title='bbox 2373 3202 2505 3258; x_wconf 88' lang='lat' dir='ltr'>facti</span> <span class='ocrx_word' id='word_1_415' title='bbox 2542 3200 2967 3274; x_wconf 88' lang='lat' dir='ltr'>perpetratione</span> <span class='ocrx_word' id='word_1_416' title='bbox 3003 3215 3343 3272; x_wconf 89' lang='lat' dir='ltr'>permanere</span> <span class='ocrx_word' id='word_1_417' title='bbox 3364 3197 3559 3253; x_wconf 89' lang='lat' dir='ltr'>decre-</span> 
     </span>
    </p>
   </div>
   <div class='ocr_carea' id='block_1_65' title="bbox 141 3270 3557 3364">
    <p class='ocr_par' dir='ltr' id='par_1_65' title="bbox 141 3270 3557 3364">
     <span class='ocr_line' id='line_1_65' title="bbox 141 3270 3557 3364; baseline -0.002 -17"><span class='ocrx_word' id='word_1_418' title='bbox 141 3293 552 3360; x_wconf 85' lang='lat' dir='ltr'>cernimus,ut</span> <span class='ocrx_word' id='word_1_419' title='bbox 571 3290 771 3346; x_wconf 89' lang='lat' dir='ltr'>nullus</span> <span class='ocrx_word' id='word_1_420' title='bbox 792 3291 1354 3364; x_wconf 89' lang='lat' dir='ltr'>potestatisjure,de</span> <span class='ocrx_word' id='word_1_421' title='bbox 1381 3291 1555 3346; x_wconf 90' lang='lat' dir='ltr'>rebus</span> <span class='ocrx_word' id='word_1_422' title='bbox 1577 3290 1801 3362; x_wconf 64' lang='lat' dir='ltr'>praefati</span> <span class='ocrx_word' id='word_1_423' title='bbox 1832 3270 1875 3336; x_wconf 64' lang='grc' dir='ltr'>(αἶ</span> <span class='ocrx_word' id='word_1_424' title='bbox 1911 3292 2076 3359; x_wconf 86' lang='lat' dir='ltr'>verit,</span> <span class='ocrx_word' id='word_1_425' title='bbox 2101 3295 2159 3347; x_wconf 89' lang='lat' dir='ltr'>et</span> <span class='ocrx_word' id='word_1_426' title='bbox 2187 3308 2299 3347; x_wconf 94' lang='lat' dir='ltr'>non</span> <span class='ocrx_word' id='word_1_427' title='bbox 2324 3291 2478 3362; x_wconf 91' lang='lat' dir='ltr'>quod</span> <span class='ocrx_word' id='word_1_428' title='bbox 2510 3270 2710 3362; x_wconf 77' lang='lat' dir='ltr'>inique</span> <span class='ocrx_word' id='word_1_429' title='bbox 2740 3289 2923 3362; x_wconf 87' lang='lat' dir='ltr'>gessit</span> <span class='ocrx_word' id='word_1_430' title='bbox 2944 3270 3233 3361; x_wconf 76' lang='lat' dir='ltr'>corrigere</span> <span class='ocrx_word' id='word_1_431' title='bbox 3264 3285 3557 3355; x_wconf 90' lang='lat' dir='ltr'>maluerit,</span> 
     </span>
    </p>
   </div>
   <div class='ocr_carea' id='block_1_66' title="bbox 139 3379 1806 3452">
    <p class='ocr_par' dir='ltr' id='par_1_66' title="bbox 139 3379 1806 3452">
     <span class='ocr_line' id='line_1_66' title="bbox 139 3379 1806 3452; baseline 0.001 -17"><span class='ocrx_word' id='word_1_432' title='bbox 139 3380 513 3447; x_wconf 82' lang='lat' dir='ltr'>monasterii,</span> <span class='ocrx_word' id='word_1_433' title='bbox 528 3379 655 3435; x_wconf 91' lang='lat' dir='ltr'>sine</span> <span class='ocrx_word' id='word_1_434' title='bbox 668 3379 966 3436; x_wconf 88' lang='lat' dir='ltr'>voluntate</span> <span class='ocrx_word' id='word_1_435' title='bbox 981 3379 1209 3435; x_wconf 89' lang='lat' dir='ltr'>abbatis</span> <span class='ocrx_word' id='word_1_436' title='bbox 1228 3380 1407 3434; x_wconf 88' lang='lat' dir='ltr'>fratru</span> <span class='ocrx_word' id='word_1_437' title='bbox 1417 3395 1593 3451; x_wconf 88' lang='lat' dir='ltr'>mque</span> <span class='ocrx_word' id='word_1_438' title='bbox 1617 3380 1806 3452; x_wconf 90' lang='lat' dir='ltr'>ipsius</span> 
     </span>
    </p>
   </div>
   <div class='ocr_carea' id='block_1_67' title="bbox 137 3467 1806 3539">
    <p class='ocr_par' dir='ltr' id='par_1_67' title="bbox 137 3467 1806 3539">
     <span class='ocr_line' id='line_1_67' title="bbox 137 3467 1806 3539; baseline -0.002 -13"><span class='ocrx_word' id='word_1_439' title='bbox 137 3469 395 3526; x_wconf 70' lang='lat' dir='ltr'>canobii</span> <span class='ocrx_word' id='word_1_440' title='bbox 426 3468 735 3538; x_wconf 81' lang='lat' dir='ltr'>abutatur;</span> <span class='ocrx_word' id='word_1_441' title='bbox 768 3469 868 3525; x_wconf 88' lang='lat' dir='ltr'>sed</span> <span class='ocrx_word' id='word_1_442' title='bbox 901 3471 1179 3524; x_wconf 89' lang='lat' dir='ltr'>maneant</span> <span class='ocrx_word' id='word_1_443' title='bbox 1207 3467 1407 3522; x_wconf 91' lang='lat' dir='ltr'>omnia</span> <span class='ocrx_word' id='word_1_444' title='bbox 1435 3484 1562 3539; x_wconf 85' lang='lat' dir='ltr'>quae</span> <span class='ocrx_word' id='word_1_445' title='bbox 1594 3467 1806 3523; x_wconf 91' lang='lat' dir='ltr'>collata</span> 
     </span>
    </p>
   </div>
   <div class='ocr_carea' id='block_1_68' title="bbox 137 3555 1804 3630">
    <p class='ocr_par' dir='ltr' id='par_1_68' title="bbox 137 3555 1804 3630">
     <span class='ocr_line' id='line_1_68' title="bbox 137 3555 1804 3630; baseline -0.001 -17"><span class='ocrx_word' id='word_1_446' title='bbox 137 3562 295 3624; x_wconf 86' lang='lat' dir='ltr'>sunt,</span> <span class='ocrx_word' id='word_1_447' title='bbox 323 3558 688 3630; x_wconf 78' lang='lat' dir='ltr'>fuerintque,</span> <span class='ocrx_word' id='word_1_448' title='bbox 714 3557 773 3612; x_wconf 88' lang='lat' dir='ltr'>in</span> <span class='ocrx_word' id='word_1_449' title='bbox 804 3557 1044 3613; x_wconf 89' lang='lat' dir='ltr'>rectoris</span> <span class='ocrx_word' id='word_1_450' title='bbox 1092 3555 1281 3629; x_wconf 91' lang='lat' dir='ltr'>ipsius</span> <span class='ocrx_word' id='word_1_451' title='bbox 1311 3557 1651 3612; x_wconf 88' lang='lat' dir='ltr'>monasterii</span> <span class='ocrx_word' id='word_1_452' title='bbox 1701 3574 1804 3630; x_wconf 93' lang='lat' dir='ltr'>po-</span> 
     </span>
    </p>
   </div>
   <div class='ocr_carea' id='block_1_69' title="bbox 135 3644 1804 3719">
    <p class='ocr_par' dir='ltr' id='par_1_69' title="bbox 135 3644 1804 3719">
     <span class='ocr_line' id='line_1_69' title="bbox 135 3644 1804 3719; baseline -0.001 -17"><span class='ocrx_word' id='word_1_453' title='bbox 135 3646 371 3713; x_wconf 80' lang='lat' dir='ltr'>testate,</span> <span class='ocrx_word' id='word_1_454' title='bbox 400 3651 457 3701; x_wconf 91' lang='lat' dir='ltr'>et</span> <span class='ocrx_word' id='word_1_455' title='bbox 485 3645 741 3719; x_wconf 88' lang='lat' dir='ltr'>regulari</span> <span class='ocrx_word' id='word_1_456' title='bbox 784 3645 1189 3717; x_wconf 90' lang='lat' dir='ltr'>dispositione,</span> <span class='ocrx_word' id='word_1_457' title='bbox 1218 3661 1412 3717; x_wconf 90' lang='lat' dir='ltr'>neque</span> <span class='ocrx_word' id='word_1_458' title='bbox 1461 3645 1539 3700; x_wconf 91' lang='lat' dir='ltr'>sit</span> <span class='ocrx_word' id='word_1_459' title='bbox 1588 3644 1804 3717; x_wconf 88' lang='lat' dir='ltr'>aliquis</span> 
     </span>
    </p>
   </div>
   <div class='ocr_carea' id='block_1_70' title="bbox 133 3734 1805 3810">
    <p class='ocr_par' dir='ltr' id='par_1_70' title="bbox 133 3734 1805 3810">
     <span class='ocr_line' id='line_1_70' title="bbox 133 3734 1805 3810; baseline 0.001 -18"><span class='ocrx_word' id='word_1_460' title='bbox 133 3737 219 3792; x_wconf 81' lang='lat' dir='ltr'>vel</span> <span class='ocrx_word' id='word_1_461' title='bbox 248 3736 595 3810; x_wconf 87' lang='lat' dir='ltr'>regum,vel</span> <span class='ocrx_word' id='word_1_462' title='bbox 620 3735 801 3792; x_wconf 88' lang='lat' dir='ltr'>ullius</span> <span class='ocrx_word' id='word_1_463' title='bbox 823 3736 1149 3809; x_wconf 85' lang='lat' dir='ltr'>potestatis,</span> <span class='ocrx_word' id='word_1_464' title='bbox 1164 3752 1268 3791; x_wconf 92' lang='lat' dir='ltr'>seu</span> <span class='ocrx_word' id='word_1_465' title='bbox 1290 3735 1597 3808; x_wconf 88' lang='lat' dir='ltr'>dignitatis</span> <span class='ocrx_word' id='word_1_466' title='bbox 1620 3734 1805 3793; x_wconf 88' lang='lat' dir='ltr'>fultus</span> 
     </span>
    </p>
   </div>
   <div class='ocr_carea' id='block_1_71' title="bbox 135 3823 1807 3899">
    <p class='ocr_par' dir='ltr' id='par_1_71' title="bbox 135 3823 1807 3899">
     <span class='ocr_line' id='line_1_71' title="bbox 135 3823 1807 3899; baseline -0.001 -17"><span class='ocrx_word' id='word_1_467' title='bbox 135 3828 348 3899; x_wconf 86' lang='lat' dir='ltr'>gradu,</span> <span class='ocrx_word' id='word_1_468' title='bbox 388 3825 492 3897; x_wconf 89' lang='lat' dir='ltr'>qui</span> <span class='ocrx_word' id='word_1_469' title='bbox 531 3825 601 3880; x_wconf 91' lang='lat' dir='ltr'>de</span> <span class='ocrx_word' id='word_1_470' title='bbox 652 3824 995 3881; x_wconf 89' lang='lat' dir='ltr'>monasterii</span> <span class='ocrx_word' id='word_1_471' title='bbox 1054 3824 1275 3898; x_wconf 64' lang='lat' dir='ltr'>praefati</span> <span class='ocrx_word' id='word_1_472' title='bbox 1325 3824 1520 3890; x_wconf 88' lang='lat' dir='ltr'>rebus,</span> <span class='ocrx_word' id='word_1_473' title='bbox 1543 3823 1631 3880; x_wconf 91' lang='lat' dir='ltr'>vel</span> <span class='ocrx_word' id='word_1_474' title='bbox 1681 3824 1807 3880; x_wconf 89' lang='lat' dir='ltr'>vio-</span> 
     </span>
    </p>
   </div>
   <div class='ocr_carea' id='block_1_72' title="bbox 139 3911 1800 3985">
    <p class='ocr_par' dir='ltr' id='par_1_72' title="bbox 139 3911 1800 3985">
     <span class='ocr_line' id='line_1_72' title="bbox 139 3911 1800 3985; baseline -0.001 -17"><span class='ocrx_word' id='word_1_475' title='bbox 139 3912 348 3981; x_wconf 86' lang='lat' dir='ltr'>lenter,</span> <span class='ocrx_word' id='word_1_476' title='bbox 383 3913 476 3969; x_wconf 85' lang='lat' dir='ltr'>vel</span> <span class='ocrx_word' id='word_1_477' title='bbox 506 3917 773 3985; x_wconf 89' lang='lat' dir='ltr'>potenter</span> <span class='ocrx_word' id='word_1_478' title='bbox 823 3912 1061 3968; x_wconf 89' lang='lat' dir='ltr'>invadat</span> <span class='ocrx_word' id='word_1_479' title='bbox 1112 3911 1357 3984; x_wconf 89' lang='lat' dir='ltr'>aliquid,</span> <span class='ocrx_word' id='word_1_480' title='bbox 1400 3912 1487 3968; x_wconf 90' lang='lat' dir='ltr'>vel</span> <span class='ocrx_word' id='word_1_481' title='bbox 1545 3912 1800 3984; x_wconf 89' lang='lat' dir='ltr'>diripiat.</span> 
     </span>
    </p>
   </div>
   <div class='ocr_carea' id='block_1_73' title="bbox 135 3999 1805 4073">
    <p class='ocr_par' dir='ltr' id='par_1_73' title="bbox 135 3999 1805 4073">
     <span class='ocr_line' id='line_1_73' title="bbox 135 3999 1805 4073; baseline -0.001 -15"><span class='ocrx_word' id='word_1_482' title='bbox 135 4003 434 4058; x_wconf 79' lang='lat' dir='ltr'>Abbatem</span> <span class='ocrx_word' id='word_1_483' title='bbox 463 4017 599 4057; x_wconf 89' lang='lat' dir='ltr'>vero</span> <span class='ocrx_word' id='word_1_484' title='bbox 632 4000 838 4057; x_wconf 88' lang='lat' dir='ltr'>fratres</span> <span class='ocrx_word' id='word_1_485' title='bbox 868 4000 1057 4073; x_wconf 91' lang='lat' dir='ltr'>ipsius</span> <span class='ocrx_word' id='word_1_486' title='bbox 1101 3999 1437 4056; x_wconf 89' lang='lat' dir='ltr'>monasterii</span> <span class='ocrx_word' id='word_1_487' title='bbox 1471 4001 1541 4056; x_wconf 90' lang='lat' dir='ltr'>de</span> <span class='ocrx_word' id='word_1_488' title='bbox 1572 4018 1635 4056; x_wconf 91' lang='lat' dir='ltr'>se</span> <span class='ocrx_word' id='word_1_489' title='bbox 1660 4000 1805 4072; x_wconf 86' lang='lat' dir='ltr'>ipsis</span> 
     </span>
    </p>
   </div>
   <div class='ocr_carea' id='block_1_74' title="bbox 138 4089 1804 4164">
    <p class='ocr_par' dir='ltr' id='par_1_74' title="bbox 138 4089 1804 4164">
     <span class='ocr_line' id='line_1_74' title="bbox 138 4089 1804 4164; baseline 0 -18"><span class='ocrx_word' id='word_1_490' title='bbox 138 4089 401 4164; x_wconf 86' lang='lat' dir='ltr'>eligendi</span> <span class='ocrx_word' id='word_1_491' title='bbox 432 4105 665 4162; x_wconf 87' lang='lat' dir='ltr'>semper</span> <span class='ocrx_word' id='word_1_492' title='bbox 690 4090 947 4145; x_wconf 87' lang='lat' dir='ltr'>habeant</span> <span class='ocrx_word' id='word_1_493' title='bbox 976 4093 1343 4161; x_wconf 89' lang='lat' dir='ltr'>potestatem,</span> <span class='ocrx_word' id='word_1_494' title='bbox 1369 4093 1425 4144; x_wconf 88' lang='lat' dir='ltr'>et</span> <span class='ocrx_word' id='word_1_495' title='bbox 1445 4105 1572 4144; x_wconf 91' lang='lat' dir='ltr'>eam</span> <span class='ocrx_word' id='word_1_496' title='bbox 1606 4106 1804 4161; x_wconf 91' lang='lat' dir='ltr'>perso—</span> 
     </span>
    </p>
   </div>
   <div class='ocr_carea' id='block_1_75' title="bbox 139 4178 1806 4252">
    <p class='ocr_par' dir='ltr' id='par_1_75' title="bbox 139 4178 1806 4252">
     <span class='ocr_line' id='line_1_75' title="bbox 139 4178 1806 4252; baseline -0.001 -17"><span class='ocrx_word' id='word_1_497' title='bbox 139 4196 275 4235; x_wconf 87' lang='lat' dir='ltr'>nam</span> <span class='ocrx_word' id='word_1_498' title='bbox 310 4179 705 4252; x_wconf 70' lang='lat' dir='ltr'>eligant,quaa</span> <span class='ocrx_word' id='word_1_499' title='bbox 738 4178 1009 4233; x_wconf 89' lang='lat' dir='ltr'>monachi</span> <span class='ocrx_word' id='word_1_500' title='bbox 1035 4178 1399 4250; x_wconf 89' lang='lat' dir='ltr'>propositum</span> <span class='ocrx_word' id='word_1_501' title='bbox 1426 4182 1485 4233; x_wconf 91' lang='lat' dir='ltr'>et</span> <span class='ocrx_word' id='word_1_502' title='bbox 1515 4178 1717 4232; x_wconf 88' lang='lat' dir='ltr'>habitu</span> <span class='ocrx_word' id='word_1_503' title='bbox 1749 4182 1806 4234; x_wconf 89' lang='lat' dir='ltr'>et</span> 
     </span>
    </p>
   </div>
   <div class='ocr_carea' id='block_1_76' title="bbox 138 4266 1799 4339">
    <p class='ocr_par' dir='ltr' id='par_1_76' title="bbox 138 4266 1799 4339">
     <span class='ocr_line' id='line_1_76' title="bbox 138 4266 1799 4339; baseline -0.001 -16"><span class='ocrx_word' id='word_1_504' title='bbox 138 4269 419 4325; x_wconf 87' lang='lat' dir='ltr'>moribus</span> <span class='ocrx_word' id='word_1_505' title='bbox 457 4268 819 4339; x_wconf 83' lang='lat' dir='ltr'>proﬁteatur,</span> <span class='ocrx_word' id='word_1_506' title='bbox 843 4282 960 4321; x_wconf 90' lang='lat' dir='ltr'>non</span> <span class='ocrx_word' id='word_1_507' title='bbox 1010 4266 1378 4337; x_wconf 88' lang='lat' dir='ltr'>canonicum,</span> <span class='ocrx_word' id='word_1_508' title='bbox 1412 4271 1515 4322; x_wconf 92' lang='lat' dir='ltr'>aut</span> <span class='ocrx_word' id='word_1_509' title='bbox 1564 4266 1799 4335; x_wconf 87' lang='lat' dir='ltr'>laicum,</span> 
     </span>
    </p>
   </div>
   <div class='ocr_carea' id='block_1_77' title="bbox 138 4354 1805 4429">
    <p class='ocr_par' dir='ltr' id='par_1_77' title="bbox 138 4354 1805 4429">
     <span class='ocr_line' id='line_1_77' title="bbox 138 4354 1805 4429; baseline -0.001 -17"><span class='ocrx_word' id='word_1_510' title='bbox 138 4373 331 4429; x_wconf 87' lang='lat' dir='ltr'>neque</span> <span class='ocrx_word' id='word_1_511' title='bbox 348 4354 601 4412; x_wconf 87' lang='lat' dir='ltr'>alterius</span> <span class='ocrx_word' id='word_1_512' title='bbox 619 4354 959 4411; x_wconf 89' lang='lat' dir='ltr'>monasterii</span> <span class='ocrx_word' id='word_1_513' title='bbox 983 4355 1366 4411; x_wconf 89' lang='lat' dir='ltr'>monachum:</span> <span class='ocrx_word' id='word_1_514' title='bbox 1385 4356 1663 4427; x_wconf 90' lang='lat' dir='ltr'>quoniam</span> <span class='ocrx_word' id='word_1_515' title='bbox 1685 4373 1805 4411; x_wconf 86' lang='lat' dir='ltr'>mo—</span> 
     </span>
    </p>
   </div>
   <div class='ocr_carea' id='block_1_78' title="bbox 138 4442 1800 4516">
    <p class='ocr_par' dir='ltr' id='par_1_78' title="bbox 138 4442 1800 4516">
     <span class='ocr_line' id='line_1_78' title="bbox 138 4442 1800 4516; baseline -0.002 -14"><span class='ocrx_word' id='word_1_516' title='bbox 138 4446 391 4503; x_wconf 88' lang='lat' dir='ltr'>nachico</span> <span class='ocrx_word' id='word_1_517' title='bbox 418 4444 612 4500; x_wconf 89' lang='lat' dir='ltr'>ordini</span> <span class='ocrx_word' id='word_1_518' title='bbox 642 4444 934 4516; x_wconf 65' lang='lat' dir='ltr'>praeficere</span> <span class='ocrx_word' id='word_1_519' title='bbox 953 4442 1041 4499; x_wconf 93' lang='lat' dir='ltr'>vel</span> <span class='ocrx_word' id='word_1_520' title='bbox 1074 4442 1409 4511; x_wconf 86' lang='lat' dir='ltr'>laicum,vef</span> <span class='ocrx_word' id='word_1_521' title='bbox 1433 4444 1800 4510; x_wconf 89' lang='lat' dir='ltr'>canonicum,</span> 
     </span>
    </p>
   </div>
   <div class='ocr_carea' id='block_1_79' title="bbox 138 4531 1800 4604">
    <p class='ocr_par' dir='ltr' id='par_1_79' title="bbox 138 4531 1800 4604">
     <span class='ocr_line' id='line_1_79' title="bbox 138 4531 1800 4604; baseline 0 -15"><span class='ocrx_word' id='word_1_522' title='bbox 138 4552 250 4591; x_wconf 87' lang='lat' dir='ltr'>non</span> <span class='ocrx_word' id='word_1_523' title='bbox 284 4539 387 4592; x_wconf 88' lang='lat' dir='ltr'>est</span> <span class='ocrx_word' id='word_1_524' title='bbox 419 4549 649 4589; x_wconf 88' lang='lat' dir='ltr'>servare</span> <span class='ocrx_word' id='word_1_525' title='bbox 681 4531 905 4589; x_wconf 91' lang='lat' dir='ltr'>ordinis</span> <span class='ocrx_word' id='word_1_526' title='bbox 935 4532 1378 4604; x_wconf 83' lang='lat' dir='ltr'>professionem,</span> <span class='ocrx_word' id='word_1_527' title='bbox 1405 4533 1505 4588; x_wconf 85' lang='lat' dir='ltr'>sed</span> <span class='ocrx_word' id='word_1_528' title='bbox 1530 4538 1800 4600; x_wconf 91' lang='lat' dir='ltr'>evertere,</span> 
     </span>
    </p>
   </div>
   <div class='ocr_carea' id='block_1_80' title="bbox 1911 3374 3569 3448">
    <p class='ocr_par' dir='ltr' id='par_1_80' title="bbox 1911 3374 3569 3448">
     <span class='ocr_line' id='line_1_80' title="bbox 1911 3374 3569 3448; baseline -0.003 -12"><span class='ocrx_word' id='word_1_529' title='bbox 1911 3380 2205 3437; x_wconf 87' lang='lat' dir='ltr'>licentiam</span> <span class='ocrx_word' id='word_1_530' title='bbox 2238 3380 2492 3435; x_wconf 87' lang='lat' dir='ltr'>habeant</span> <span class='ocrx_word' id='word_1_531' title='bbox 2536 3379 2744 3433; x_wconf 86' lang='lat' dir='ltr'>fratres</span> <span class='ocrx_word' id='word_1_532' title='bbox 2774 3376 3115 3433; x_wconf 88' lang='lat' dir='ltr'>monasterii</span> <span class='ocrx_word' id='word_1_533' title='bbox 3162 3375 3421 3448; x_wconf 68' lang='lat' dir='ltr'>praedicti</span> <span class='ocrx_word' id='word_1_534' title='bbox 3454 3374 3569 3431; x_wconf 83' lang='lat' dir='ltr'>Ro-</span> 
     </span>
    </p>
   </div>
   <div class='ocr_carea' id='block_1_81' title="bbox 1914 3463 3571 3540">
    <p class='ocr_par' dir='ltr' id='par_1_81' title="bbox 1914 3463 3571 3540">
     <span class='ocr_line' id='line_1_81' title="bbox 1914 3463 3571 3540; baseline -0.003 -15"><span class='ocrx_word' id='word_1_535' title='bbox 1914 3486 2150 3525; x_wconf 90' lang='lat' dir='ltr'>manam</span> <span class='ocrx_word' id='word_1_536' title='bbox 2173 3467 2674 3540; x_wconf 89' lang='lat' dir='ltr'>apostolicamque</span> <span class='ocrx_word' id='word_1_537' title='bbox 2696 3467 2894 3522; x_wconf 89' lang='lat' dir='ltr'>sedem</span> <span class='ocrx_word' id='word_1_538' title='bbox 2919 3466 3102 3537; x_wconf 87' lang='lat' dir='ltr'>adire,</span> <span class='ocrx_word' id='word_1_539' title='bbox 3125 3469 3182 3521; x_wconf 89' lang='lat' dir='ltr'>et</span> <span class='ocrx_word' id='word_1_540' title='bbox 3203 3463 3571 3521; x_wconf 85' lang='lat' dir='ltr'>necessitatis</span> 
     </span>
    </p>
   </div>
   <div class='ocr_carea' id='block_1_82' title="bbox 1914 3551 3568 3629">
    <p class='ocr_par' dir='ltr' id='par_1_82' title="bbox 1914 3551 3568 3629">
     <span class='ocr_line' id='line_1_82' title="bbox 1914 3551 3568 3629; baseline -0.005 -14"><span class='ocrx_word' id='word_1_541' title='bbox 1914 3575 2033 3616; x_wconf 69' lang='lat' dir='ltr'>sua:</span> <span class='ocrx_word' id='word_1_542' title='bbox 2055 3574 2264 3614; x_wconf 87' lang='lat' dir='ltr'>causas</span> <span class='ocrx_word' id='word_1_543' title='bbox 2286 3561 2419 3612; x_wconf 90' lang='lat' dir='ltr'>ante</span> <span class='ocrx_word' id='word_1_544' title='bbox 2436 3573 2671 3629; x_wconf 84' lang='lat' dir='ltr'>papam,</span> <span class='ocrx_word' id='word_1_545' title='bbox 2688 3556 2789 3628; x_wconf 90' lang='lat' dir='ltr'>qui</span> <span class='ocrx_word' id='word_1_546' title='bbox 2812 3558 2951 3610; x_wconf 92' lang='lat' dir='ltr'>tunc</span> <span class='ocrx_word' id='word_1_547' title='bbox 2977 3553 3171 3621; x_wconf 89' lang='lat' dir='ltr'>fuerit,</span> <span class='ocrx_word' id='word_1_548' title='bbox 3186 3552 3350 3607; x_wconf 90' lang='lat' dir='ltr'>urbis</span> <span class='ocrx_word' id='word_1_549' title='bbox 3372 3551 3568 3607; x_wconf 62' lang='lat' dir='ltr'>Roma;</span> 
     </span>
    </p>
   </div>
   <div class='ocr_carea' id='block_1_83' title="bbox 1913 3640 3571 3721">
    <p class='ocr_par' dir='ltr' id='par_1_83' title="bbox 1913 3640 3571 3721">
     <span class='ocr_line' id='line_1_83' title="bbox 1913 3640 3571 3721; baseline -0.006 -16"><span class='ocrx_word' id='word_1_550' title='bbox 1913 3649 2222 3721; x_wconf 90' lang='lat' dir='ltr'>deponere,</span> <span class='ocrx_word' id='word_1_551' title='bbox 2245 3650 2302 3702; x_wconf 90' lang='lat' dir='ltr'>et</span> <span class='ocrx_word' id='word_1_552' title='bbox 2328 3645 2633 3718; x_wconf 66' lang='lat' dir='ltr'>praesentis</span> <span class='ocrx_word' id='word_1_553' title='bbox 2654 3643 2930 3716; x_wconf 67' lang='lat' dir='ltr'>prmeepti</span> <span class='ocrx_word' id='word_1_554' title='bbox 2953 3640 3429 3699; x_wconf 86' lang='lat' dir='ltr'>constitutionem</span> <span class='ocrx_word' id='word_1_555' title='bbox 3452 3656 3571 3696; x_wconf 89' lang='lat' dir='ltr'>ma-</span> 
     </span>
    </p>
   </div>
   <div class='ocr_carea' id='block_1_84' title="bbox 1913 3729 3571 3808">
    <p class='ocr_par' dir='ltr' id='par_1_84' title="bbox 1913 3729 3571 3808">
     <span class='ocr_line' id='line_1_84' title="bbox 1913 3729 3571 3808; baseline -0.005 -15"><span class='ocrx_word' id='word_1_556' title='bbox 1913 3737 2190 3793; x_wconf 79' lang='lat' dir='ltr'>nifestare</span> <span class='ocrx_word' id='word_1_557' title='bbox 2215 3754 2227 3792; x_wconf 92' lang='lat'><strong>:</strong></span> <span class='ocrx_word' id='word_1_558' title='bbox 2256 3736 2456 3808; x_wconf 89' lang='lat' dir='ltr'>sicque</span> <span class='ocrx_word' id='word_1_559' title='bbox 2479 3735 2780 3790; x_wconf 80' lang='lat' dir='ltr'>Romanus</span> <span class='ocrx_word' id='word_1_560' title='bbox 2809 3731 3089 3805; x_wconf 81' lang='lat' dir='ltr'>pontifex,</span> <span class='ocrx_word' id='word_1_561' title='bbox 3115 3729 3352 3803; x_wconf 89' lang='lat' dir='ltr'>cognita</span> <span class='ocrx_word' id='word_1_562' title='bbox 3370 3745 3571 3799; x_wconf 89' lang='lat' dir='ltr'>causa,</span> 
     </span>
    </p>
   </div>
   <div class='ocr_carea' id='block_1_85' title="bbox 1909 3818 3570 3898">
    <p class='ocr_par' dir='ltr' id='par_1_85' title="bbox 1909 3818 3570 3898">
     <span class='ocr_line' id='line_1_85' title="bbox 1909 3818 3570 3898; baseline -0.005 -16"><span class='ocrx_word' id='word_1_563' title='bbox 1909 3827 2079 3898; x_wconf 77' lang='lat' dir='ltr'>justas</span> <span class='ocrx_word' id='word_1_564' title='bbox 2127 3825 2521 3881; x_wconf 79' lang='lat' dir='ltr'>damnationis</span> <span class='ocrx_word' id='word_1_565' title='bbox 2553 3822 2845 3879; x_wconf 89' lang='lat' dir='ltr'>sententia</span> <span class='ocrx_word' id='word_1_566' title='bbox 2900 3837 3065 3878; x_wconf 91' lang='lat' dir='ltr'>reum</span> <span class='ocrx_word' id='word_1_567' title='bbox 3114 3818 3398 3875; x_wconf 90' lang='lat' dir='ltr'>mulctare</span> <span class='ocrx_word' id='word_1_568' title='bbox 3454 3834 3570 3873; x_wconf 89' lang='lat' dir='ltr'>non</span> 
     </span>
    </p>
   </div>
   <div class='ocr_carea' id='block_1_86' title="bbox 1913 3906 3567 3985">
    <p class='ocr_par' dir='ltr' id='par_1_86' title="bbox 1913 3906 3567 3985">
     <span class='ocr_line' id='line_1_86' title="bbox 1913 3906 3567 3985; baseline -0.006 -15"><span class='ocrx_word' id='word_1_569' title='bbox 1913 3919 2240 3971; x_wconf 91' lang='lat' dir='ltr'>cunctetur.</span> <span class='ocrx_word' id='word_1_570' title='bbox 2256 3913 2315 3969; x_wconf 89' lang='lat' dir='ltr'>Si</span> <span class='ocrx_word' id='word_1_571' title='bbox 2350 3913 2484 3985; x_wconf 90' lang='lat' dir='ltr'>quis</span> <span class='ocrx_word' id='word_1_572' title='bbox 2516 3928 2649 3967; x_wconf 88' lang='lat' dir='ltr'>vero</span> <span class='ocrx_word' id='word_1_573' title='bbox 2684 3911 3055 3967; x_wconf 84' lang='lat' dir='ltr'>sacerdotum</span> <span class='ocrx_word' id='word_1_574' title='bbox 3087 3906 3176 3963; x_wconf 91' lang='lat' dir='ltr'>vel</span> <span class='ocrx_word' id='word_1_575' title='bbox 3201 3906 3567 3974; x_wconf 90' lang='lat' dir='ltr'>clericorum,</span> 
     </span>
    </p>
   </div>
   <div class='ocr_carea' id='block_1_87' title="bbox 1913 3996 3566 4069">
    <p class='ocr_par' dir='ltr' id='par_1_87' title="bbox 1913 3996 3566 4069">
     <span class='ocr_line' id='line_1_87' title="bbox 1913 3996 3566 4069; baseline -0.006 -11"><span class='ocrx_word' id='word_1_576' title='bbox 1913 4003 2066 4058; x_wconf 92' lang='lat' dir='ltr'>hanc</span> <span class='ocrx_word' id='word_1_577' title='bbox 2114 4000 2555 4058; x_wconf 87' lang='lat' dir='ltr'>constitutionis</span> <span class='ocrx_word' id='word_1_578' title='bbox 2615 4002 2824 4054; x_wconf 62' lang='lat' dir='ltr'>nostrae</span> <span class='ocrx_word' id='word_1_579' title='bbox 2884 3996 3161 4069; x_wconf 87' lang='lat' dir='ltr'>paginam</span> <span class='ocrx_word' id='word_1_580' title='bbox 3220 4008 3566 4067; x_wconf 87' lang='lat' dir='ltr'>agnoscens,</span> 
     </span>
    </p>
   </div>
   <div class='ocr_carea' id='block_1_88' title="bbox 1913 4080 3567 4153">
    <p class='ocr_par' dir='ltr' id='par_1_88' title="bbox 1913 4080 3567 4153">
     <span class='ocr_line' id='line_1_88' title="bbox 1913 4080 3567 4153; baseline -0.007 -6"><span class='ocrx_word' id='word_1_581' title='bbox 1913 4096 2115 4147; x_wconf 89' lang='lat' dir='ltr'>contra</span> <span class='ocrx_word' id='word_1_582' title='bbox 2143 4104 2272 4146; x_wconf 87' lang='lat' dir='ltr'>eam</span> <span class='ocrx_word' id='word_1_583' title='bbox 2319 4089 2516 4144; x_wconf 88' lang='lat' dir='ltr'>venire</span> <span class='ocrx_word' id='word_1_584' title='bbox 2554 4086 2881 4153; x_wconf 90' lang='lat' dir='ltr'>tentaverit,</span> <span class='ocrx_word' id='word_1_585' title='bbox 2908 4083 3130 4141; x_wconf 91' lang='lat' dir='ltr'>ordinis</span> <span class='ocrx_word' id='word_1_586' title='bbox 3162 4082 3251 4138; x_wconf 91' lang='lat' dir='ltr'>sui</span> <span class='ocrx_word' id='word_1_587' title='bbox 3285 4080 3567 4152; x_wconf 88' lang='lat' dir='ltr'>dignitate</span> 
     </span>
    </p>
   </div>
   <div class='ocr_carea' id='block_1_89' title="bbox 1914 4166 3565 4247">
    <p class='ocr_par' dir='ltr' id='par_1_89' title="bbox 1914 4166 3565 4247">
     <span class='ocr_line' id='line_1_89' title="bbox 1914 4166 3565 4247; baseline -0.009 -12"><span class='ocrx_word' id='word_1_588' title='bbox 1914 4184 2132 4247; x_wconf 90' lang='lat' dir='ltr'>careat;</span> <span class='ocrx_word' id='word_1_589' title='bbox 2164 4178 2353 4234; x_wconf 90' lang='lat' dir='ltr'>laicus</span> <span class='ocrx_word' id='word_1_590' title='bbox 2389 4176 2966 4246; x_wconf 88' lang='lat' dir='ltr'>vero,cujuscunque</span> <span class='ocrx_word' id='word_1_591' title='bbox 2998 4173 3076 4227; x_wconf 90' lang='lat' dir='ltr'>sit</span> <span class='ocrx_word' id='word_1_592' title='bbox 3118 4167 3444 4243; x_wconf 88' lang='lat' dir='ltr'>potestatis,</span> <span class='ocrx_word' id='word_1_593' title='bbox 3476 4166 3565 4222; x_wconf 88' lang='lat' dir='ltr'>vel</span> 
     </span>
    </p>
   </div>
   <div class='ocr_carea' id='block_1_90' title="bbox 1913 4254 3565 4341">
    <p class='ocr_par' dir='ltr' id='par_1_90' title="bbox 1913 4254 3565 4341">
     <span class='ocr_line' id='line_1_90' title="bbox 1913 4254 3565 4341; baseline -0.008 -18"><span class='ocrx_word' id='word_1_594' title='bbox 1913 4267 2237 4341; x_wconf 88' lang='lat' dir='ltr'>dignitatis,</span> <span class='ocrx_word' id='word_1_595' title='bbox 2263 4266 2309 4321; x_wconf 90' lang='lat' dir='ltr'>si</span> <span class='ocrx_word' id='word_1_596' title='bbox 2342 4265 2524 4337; x_wconf 88' lang='lat' dir='ltr'>hujus</span> <span class='ocrx_word' id='word_1_597' title='bbox 2554 4262 2839 4335; x_wconf 84' lang='lat' dir='ltr'>privilegii</span> <span class='ocrx_word' id='word_1_598' title='bbox 2874 4262 3106 4317; x_wconf 90' lang='lat' dir='ltr'>decreta</span> <span class='ocrx_word' id='word_1_599' title='bbox 3135 4259 3196 4313; x_wconf 92' lang='lat' dir='ltr'>in</span> <span class='ocrx_word' id='word_1_600' title='bbox 3228 4257 3425 4328; x_wconf 90' lang='lat' dir='ltr'>aliquo</span> <span class='ocrx_word' id='word_1_601' title='bbox 3442 4254 3565 4310; x_wconf 89' lang='lat' dir='ltr'>vio-</span> 
     </span>
    </p>
   </div>
   <div class='ocr_carea' id='block_1_91' title="bbox 1910 4346 3567 4425">
    <p class='ocr_par' dir='ltr' id='par_1_91' title="bbox 1910 4346 3567 4425">
     <span class='ocr_line' id='line_1_91' title="bbox 1910 4346 3567 4425; baseline -0.009 -13"><span class='ocrx_word' id='word_1_602' title='bbox 1910 4355 2136 4425; x_wconf 88' lang='lat' dir='ltr'>laverit,</span> <span class='ocrx_word' id='word_1_603' title='bbox 2156 4372 2320 4410; x_wconf 90' lang='lat' dir='ltr'>reum</span> <span class='ocrx_word' id='word_1_604' title='bbox 2344 4371 2407 4409; x_wconf 91' lang='lat' dir='ltr'>se</span> <span class='ocrx_word' id='word_1_605' title='bbox 2428 4352 2620 4408; x_wconf 90' lang='lat' dir='ltr'>divino</span> <span class='ocrx_word' id='word_1_606' title='bbox 2635 4350 2860 4423; x_wconf 88' lang='lat' dir='ltr'>judicio</span> <span class='ocrx_word' id='word_1_607' title='bbox 2882 4349 3126 4405; x_wconf 86' lang='lat' dir='ltr'>existere</span> <span class='ocrx_word' id='word_1_608' title='bbox 3147 4348 3218 4402; x_wconf 91' lang='lat' dir='ltr'>de</span> <span class='ocrx_word' id='word_1_609' title='bbox 3237 4346 3567 4418; x_wconf 88' lang='lat' dir='ltr'>perpetrata</span> 
     </span>
    </p>
   </div>
   <div class='ocr_carea' id='block_1_92' title="bbox 1912 4432 3567 4517">
    <p class='ocr_par' dir='ltr' id='par_1_92' title="bbox 1912 4432 3567 4517">
     <span class='ocr_line' id='line_1_92' title="bbox 1912 4432 3567 4517; baseline -0.009 -17"><span class='ocrx_word' id='word_1_610' title='bbox 1912 4445 2222 4517; x_wconf 89' lang='lat' dir='ltr'>iniquitate.</span> <span class='ocrx_word' id='word_1_611' title='bbox 2254 4446 2588 4515; x_wconf 90' lang='lat' dir='ltr'>cognoscat,</span> <span class='ocrx_word' id='word_1_612' title='bbox 2611 4445 2668 4495; x_wconf 91' lang='lat' dir='ltr'>et</span> <span class='ocrx_word' id='word_1_613' title='bbox 2709 4439 2823 4495; x_wconf 91' lang='lat' dir='ltr'>nisi</span> <span class='ocrx_word' id='word_1_614' title='bbox 2854 4437 2941 4493; x_wconf 91' lang='lat' dir='ltr'>vel</span> <span class='ocrx_word' id='word_1_615' title='bbox 2971 4454 3039 4493; x_wconf 90' lang='lat' dir='ltr'>ea</span> <span class='ocrx_word' id='word_1_616' title='bbox 3068 4450 3195 4508; x_wconf 53' lang='lat' dir='ltr'>quae</span> <span class='ocrx_word' id='word_1_617' title='bbox 3225 4433 3297 4489; x_wconf 88' lang='lat' dir='ltr'>ab</span> <span class='ocrx_word' id='word_1_618' title='bbox 3329 4448 3395 4487; x_wconf 90' lang='lat' dir='ltr'>eo</span> <span class='ocrx_word' id='word_1_619' title='bbox 3425 4432 3567 4517; x_wconf 80' lang='lat' dir='ltr'>sunt</span> 
     </span>
    </p>
   </div>
   <div class='ocr_carea' id='block_1_93' title="bbox 1912 4516 3566 4597">
    <p class='ocr_par' dir='ltr' id='par_1_93' title="bbox 1912 4516 3566 4597">
     <span class='ocr_line' id='line_1_93' title="bbox 1912 4516 3566 4597; baseline -0.01 -7"><span class='ocrx_word' id='word_1_620' title='bbox 1912 4516 2069 4590; x_wconf 86' lang='lat' dir='ltr'>mala</span> <span class='ocrx_word' id='word_1_621' title='bbox 2125 4532 2323 4588; x_wconf 57' lang='lat' dir='ltr'>abl‘ta</span> <span class='ocrx_word' id='word_1_622' title='bbox 2382 4529 2723 4596; x_wconf 88' lang='lat' dir='ltr'>restituerit,</span> <span class='ocrx_word' id='word_1_623' title='bbox 2764 4526 2852 4583; x_wconf 88' lang='lat' dir='ltr'>vel</span> <span class='ocrx_word' id='word_1_624' title='bbox 2900 4526 3078 4597; x_wconf 89' lang='lat' dir='ltr'>digna</span> <span class='ocrx_word' id='word_1_625' title='bbox 3111 4521 3260 4595; x_wconf 76' lang='grc' dir='ltr'>[εάἰε.</span> <span class='ocrx_word' id='word_1_626' title='bbox 3293 4521 3445 4576; x_wconf 86' lang='lat' dir='ltr'>Rom.</span> <span class='ocrx_word' id='word_1_627' title='bbox 3475 4516 3566 4574; x_wconf 91' lang='lat' dir='ltr'>vel</span> 
     </span>
    </p>
   </div>
   <div class='ocr_carea' id='block_1_94' title="bbox 133 4605 3569 4701">
    <p class='ocr_par' dir='ltr' id='par_1_94' title="bbox 133 4605 3569 4701">
     <span class='ocr_line' id='line_1_94' title="bbox 133 4605 3569 4701; baseline -0.006 -21"><span class='ocrx_word' id='word_1_628' title='bbox 133 4624 295 4696; x_wconf 85' lang='lat' dir='ltr'>quod</span> <span class='ocrx_word' id='word_1_629' title='bbox 319 4621 742 4694; x_wconf 86' lang='lat' dir='ltr'>unusquisque</span> <span class='ocrx_word' id='word_1_630' title='bbox 762 4619 1110 4694; x_wconf 72' lang='lat' dir='ltr'>praepositus</span> <span class='ocrx_word' id='word_1_631' title='bbox 1132 4622 1301 4691; x_wconf 90' lang='lat' dir='ltr'>cujus</span> <span class='ocrx_word' id='word_1_632' title='bbox 1324 4624 1412 4676; x_wconf 90' lang='lat' dir='ltr'>est</span> <span class='ocrx_word' id='word_1_633' title='bbox 1427 4620 1806 4693; x_wconf 89' lang='lat' dir='ltr'>ordinis,ejus</span> <span class='ocrx_word' id='word_1_634' title='bbox 1834 4636 1882 4701; x_wconf 72' lang='grc' dir='ltr'><strong>Β</strong></span> <span class='ocrx_word' id='word_1_635' title='bbox 1911 4621 2195 4695; x_wconf 77' lang='lat' dir='ltr'>legitima]</span> <span class='ocrx_word' id='word_1_636' title='bbox 2219 4619 2561 4695; x_wconf 72' lang='lat' dir='ltr'>poenitentia</span> <span class='ocrx_word' id='word_1_637' title='bbox 2608 4616 2810 4672; x_wconf 89' lang='lat' dir='ltr'>illicite</span> <span class='ocrx_word' id='word_1_638' title='bbox 2860 4619 2991 4670; x_wconf 81' lang='lat' dir='ltr'>actu</span> <span class='ocrx_word' id='word_1_639' title='bbox 3035 4607 3349 4701; x_wconf 73' lang='lat' dir='ltr'>defleverit,</span> <span class='ocrx_word' id='word_1_640' title='bbox 3377 4605 3479 4701; x_wconf 75' lang='lat' dir='ltr'>Dei</span> <span class='ocrx_word' id='word_1_641' title='bbox 3509 4609 3569 4701; x_wconf 86' lang='lat' dir='ltr'>et</span> 
     </span>
    </p>
   </div>
   <div class='ocr_carea' id='block_1_95' title="bbox 133 4709 1800 4785">
    <p class='ocr_par' dir='ltr' id='par_1_95' title="bbox 133 4709 1800 4785">
     <span class='ocr_line' id='line_1_95' title="bbox 133 4709 1800 4785; baseline -0.001 -19"><span class='ocrx_word' id='word_1_642' title='bbox 133 4729 379 4785; x_wconf 85' lang='lat' dir='ltr'>quoque</span> <span class='ocrx_word' id='word_1_643' title='bbox 412 4711 525 4766; x_wconf 88' lang='lat' dir='ltr'>erit</span> <span class='ocrx_word' id='word_1_644' title='bbox 554 4713 610 4765; x_wconf 83' lang='lat' dir='ltr'>et</span> <span class='ocrx_word' id='word_1_645' title='bbox 639 4712 992 4783; x_wconf 88' lang='lat' dir='ltr'>propagator</span> <span class='ocrx_word' id='word_1_646' title='bbox 1022 4726 1035 4763; x_wconf 87' lang='lat'><strong>:</strong></span> <span class='ocrx_word' id='word_1_647' title='bbox 1072 4725 1179 4765; x_wconf 89' lang='lat' dir='ltr'>nec</span> <span class='ocrx_word' id='word_1_648' title='bbox 1222 4709 1368 4764; x_wconf 89' lang='lat' dir='ltr'>bene</span> <span class='ocrx_word' id='word_1_649' title='bbox 1396 4709 1667 4781; x_wconf 89' lang='lat' dir='ltr'>disponet</span> <span class='ocrx_word' id='word_1_650' title='bbox 1697 4710 1800 4765; x_wconf 90' lang='lat' dir='ltr'>ali-</span> 
     </span>
    </p>
   </div>
   <div class='ocr_carea' id='block_1_96' title="bbox 134 4797 1809 4874">
    <p class='ocr_par' dir='ltr' id='par_1_96' title="bbox 134 4797 1809 4874">
     <span class='ocr_line' id='line_1_96' title="bbox 134 4797 1809 4874; baseline -0.002 -16"><span class='ocrx_word' id='word_1_651' title='bbox 134 4802 383 4874; x_wconf 89' lang='lat' dir='ltr'>quando</span> <span class='ocrx_word' id='word_1_652' title='bbox 407 4798 817 4872; x_wconf 88' lang='lat' dir='ltr'>cujuscunque</span> <span class='ocrx_word' id='word_1_653' title='bbox 837 4797 1062 4854; x_wconf 70' lang='lat' dir='ltr'>militia:</span> <span class='ocrx_word' id='word_1_654' title='bbox 1081 4798 1282 4865; x_wconf 86' lang='lat' dir='ltr'>vitam,</span> <span class='ocrx_word' id='word_1_655' title='bbox 1298 4800 1472 4870; x_wconf 90' lang='lat' dir='ltr'>cujus</span> <span class='ocrx_word' id='word_1_656' title='bbox 1496 4815 1612 4854; x_wconf 88' lang='lat' dir='ltr'>non</span> <span class='ocrx_word' id='word_1_657' title='bbox 1638 4798 1809 4854; x_wconf 87' lang='lat' dir='ltr'>fuerit</span> 
     </span>
    </p>
   </div>
   <div class='ocr_carea' id='block_1_97' title="bbox 138 4887 1808 4963">
    <p class='ocr_par' dir='ltr' id='par_1_97' title="bbox 138 4887 1808 4963">
     <span class='ocr_line' id='line_1_97' title="bbox 138 4887 1808 4963; baseline -0.001 -19"><span class='ocrx_word' id='word_1_658' title='bbox 138 4890 265 4963; x_wconf 89' lang='lat' dir='ltr'>ipse</span> <span class='ocrx_word' id='word_1_659' title='bbox 297 4890 408 4963; x_wconf 83' lang='lat' dir='ltr'>qui</span> <span class='ocrx_word' id='word_1_660' title='bbox 442 4889 705 4961; x_wconf 89' lang='lat' dir='ltr'>disponit</span> <span class='ocrx_word' id='word_1_661' title='bbox 742 4887 1066 4943; x_wconf 67' lang='lat' dir='ltr'>mmulator.</span> <span class='ocrx_word' id='word_1_662' title='bbox 1092 4887 1206 4942; x_wconf 91' lang='lat' dir='ltr'>Sed</span> <span class='ocrx_word' id='word_1_663' title='bbox 1236 4903 1426 4959; x_wconf 90' lang='lat' dir='ltr'>neque</span> <span class='ocrx_word' id='word_1_664' title='bbox 1469 4903 1587 4957; x_wconf 87' lang='lat' dir='ltr'>rex,</span> <span class='ocrx_word' id='word_1_665' title='bbox 1620 4904 1808 4960; x_wconf 88' lang='lat' dir='ltr'>neque</span> 
     </span>
    </p>
   </div>
   <div class='ocr_carea' id='block_1_98' title="bbox 136 4974 1811 5051">
    <p class='ocr_par' dir='ltr' id='par_1_98' title="bbox 136 4974 1811 5051">
     <span class='ocr_line' id='line_1_98' title="bbox 136 4974 1811 5051; baseline -0.002 -17"><span class='ocrx_word' id='word_1_666' title='bbox 136 4983 412 5051; x_wconf 86' lang='lat' dir='ltr'>potestas</span> <span class='ocrx_word' id='word_1_667' title='bbox 444 4976 667 5049; x_wconf 89' lang='lat' dir='ltr'>aliqua,</span> <span class='ocrx_word' id='word_1_668' title='bbox 701 4975 883 5032; x_wconf 86' lang='lat' dir='ltr'>ullam</span> <span class='ocrx_word' id='word_1_669' title='bbox 922 4975 1275 5032; x_wconf 89' lang='lat' dir='ltr'>monasterio</span> <span class='ocrx_word' id='word_1_670' title='bbox 1306 4974 1639 5031; x_wconf 89' lang='lat' dir='ltr'>Corbeiensi</span> <span class='ocrx_word' id='word_1_671' title='bbox 1671 4993 1811 5048; x_wconf 71' lang='lat' dir='ltr'>pra:-</span> 
     </span>
    </p>
   </div>
   <div class='ocr_carea' id='block_1_99' title="bbox 139 5063 1812 5141">
    <p class='ocr_par' dir='ltr' id='par_1_99' title="bbox 139 5063 1812 5141">
     <span class='ocr_line' id='line_1_99' title="bbox 139 5063 1812 5141; baseline -0.001 -18"><span class='ocrx_word' id='word_1_672' title='bbox 139 5072 331 5141; x_wconf 85' lang='lat' dir='ltr'>ponat</span> <span class='ocrx_word' id='word_1_673' title='bbox 358 5081 891 5140; x_wconf 87' lang='lat' dir='ltr'>personam,quam</span> <span class='ocrx_word' id='word_1_674' title='bbox 923 5081 1040 5120; x_wconf 91' lang='lat' dir='ltr'>non</span> <span class='ocrx_word' id='word_1_675' title='bbox 1072 5065 1281 5120; x_wconf 89' lang='lat' dir='ltr'>fratres</span> <span class='ocrx_word' id='word_1_676' title='bbox 1312 5064 1500 5137; x_wconf 91' lang='lat' dir='ltr'>ipsius</span> <span class='ocrx_word' id='word_1_677' title='bbox 1530 5063 1812 5138; x_wconf 87' lang='lat' dir='ltr'>elegerint</span> 
     </span>
    </p>
   </div>
   <div class='ocr_carea' id='block_1_100' title="bbox 139 5152 1810 5224">
    <p class='ocr_par' dir='ltr' id='par_1_100' title="bbox 139 5152 1810 5224">
     <span class='ocr_line' id='line_1_100' title="bbox 139 5152 1810 5224; baseline -0.002 -11"><span class='ocrx_word' id='word_1_678' title='bbox 139 5154 519 5213; x_wconf 87' lang='lat' dir='ltr'>monasterii.</span> <span class='ocrx_word' id='word_1_679' title='bbox 541 5155 766 5211; x_wconf 90' lang='lat' dir='ltr'>Debent</span> <span class='ocrx_word' id='word_1_680' title='bbox 784 5154 943 5211; x_wconf 88' lang='lat' dir='ltr'>enim</span> <span class='ocrx_word' id='word_1_681' title='bbox 968 5153 1172 5209; x_wconf 90' lang='lat' dir='ltr'>mundi</span> <span class='ocrx_word' id='word_1_682' title='bbox 1207 5152 1499 5224; x_wconf 90' lang='lat' dir='ltr'>principes</span> <span class='ocrx_word' id='word_1_683' title='bbox 1530 5152 1810 5210; x_wconf 90' lang='lat' dir='ltr'>honorem</span> 
     </span>
    </p>
   </div>
   <div class='ocr_carea' id='block_1_101' title="bbox 137 5242 1808 5317">
    <p class='ocr_par' dir='ltr' id='par_1_101' title="bbox 137 5242 1808 5317">
     <span class='ocr_line' id='line_1_101' title="bbox 137 5242 1808 5317; baseline -0.002 -17"><span class='ocrx_word' id='word_1_684' title='bbox 137 5251 432 5317; x_wconf 61' lang='lat' dir='ltr'>praestare</span> <span class='ocrx_word' id='word_1_685' title='bbox 463 5245 600 5311; x_wconf 89' lang='lat' dir='ltr'>Deo,</span> <span class='ocrx_word' id='word_1_686' title='bbox 626 5259 799 5315; x_wconf 87' lang='lat' dir='ltr'>quem</span> <span class='ocrx_word' id='word_1_687' title='bbox 833 5242 946 5299; x_wconf 90' lang='lat' dir='ltr'>sibi</span> <span class='ocrx_word' id='word_1_688' title='bbox 975 5242 1178 5298; x_wconf 88' lang='lat' dir='ltr'>volunt</span> <span class='ocrx_word' id='word_1_689' title='bbox 1209 5242 1468 5313; x_wconf 66' lang='lat' dir='ltr'>praastari</span> <span class='ocrx_word' id='word_1_690' title='bbox 1498 5259 1532 5297; x_wconf 87' lang='lat' dir='ltr'>a</span> <span class='ocrx_word' id='word_1_691' title='bbox 1564 5244 1694 5311; x_wconf 91' lang='lat' dir='ltr'>Deo,</span> <span class='ocrx_word' id='word_1_692' title='bbox 1726 5243 1808 5298; x_wconf 89' lang='lat' dir='ltr'>vi-</span> 
     </span>
    </p>
   </div>
   <div class='ocr_carea' id='block_1_102' title="bbox 138 5330 1815 5405">
    <p class='ocr_par' dir='ltr' id='par_1_102' title="bbox 138 5330 1815 5405">
     <span class='ocr_line' id='line_1_102' title="bbox 138 5330 1815 5405; baseline -0.001 -16"><span class='ocrx_word' id='word_1_693' title='bbox 138 5334 365 5391; x_wconf 88' lang='lat' dir='ltr'>delicet</span> <span class='ocrx_word' id='word_1_694' title='bbox 395 5338 465 5389; x_wconf 88' lang='lat' dir='ltr'>ut</span> <span class='ocrx_word' id='word_1_695' title='bbox 493 5332 996 5405; x_wconf 88' lang='lat' dir='ltr'>quemadmodum</span> <span class='ocrx_word' id='word_1_696' title='bbox 1020 5330 1264 5402; x_wconf 88' lang='lat' dir='ltr'>cupiunt</span> <span class='ocrx_word' id='word_1_697' title='bbox 1293 5347 1326 5385; x_wconf 91' lang='lat' dir='ltr'>a</span> <span class='ocrx_word' id='word_1_698' title='bbox 1354 5331 1470 5386; x_wconf 91' lang='lat' dir='ltr'>Deo</span> <span class='ocrx_word' id='word_1_699' title='bbox 1501 5331 1613 5387; x_wconf 90' lang='lat' dir='ltr'>sibi</span> <span class='ocrx_word' id='word_1_700' title='bbox 1647 5332 1815 5388; x_wconf 89' lang='lat' dir='ltr'>colla-</span> 
     </span>
    </p>
   </div>
   <div class='ocr_carea' id='block_1_103' title="bbox 136 5419 1811 5495">
    <p class='ocr_par' dir='ltr' id='par_1_103' title="bbox 136 5419 1811 5495">
     <span class='ocr_line' id='line_1_103' title="bbox 136 5419 1811 5495; baseline -0.002 -16"><span class='ocrx_word' id='word_1_701' title='bbox 136 5428 273 5479; x_wconf 79' lang='lat' dir='ltr'>tum</span> <span class='ocrx_word' id='word_1_702' title='bbox 300 5422 470 5495; x_wconf 87' lang='lat' dir='ltr'>regni</span> <span class='ocrx_word' id='word_1_703' title='bbox 500 5422 781 5478; x_wconf 90' lang='lat' dir='ltr'>honorem</span> <span class='ocrx_word' id='word_1_704' title='bbox 812 5419 1165 5486; x_wconf 88' lang='lat' dir='ltr'>conservari,</span> <span class='ocrx_word' id='word_1_705' title='bbox 1190 5419 1274 5473; x_wconf 89' lang='lat' dir='ltr'>sic</span> <span class='ocrx_word' id='word_1_706' title='bbox 1303 5419 1572 5474; x_wconf 75' lang='lat' dir='ltr'>Ecclesiae</span> <span class='ocrx_word' id='word_1_707' title='bbox 1600 5420 1811 5475; x_wconf 85' lang='lat' dir='ltr'>Christi</span> 
     </span>
    </p>
   </div>
   <div class='ocr_carea' id='block_1_104' title="bbox 139 5507 1810 5583">
    <p class='ocr_par' dir='ltr' id='par_1_104' title="bbox 139 5507 1810 5583">
     <span class='ocr_line' id='line_1_104' title="bbox 139 5507 1810 5583; baseline -0.003 -16"><span class='ocrx_word' id='word_1_708' title='bbox 139 5528 325 5569; x_wconf 84' lang='lat' dir='ltr'>suam</span> <span class='ocrx_word' id='word_1_709' title='bbox 369 5528 487 5566; x_wconf 90' lang='lat' dir='ltr'>non</span> <span class='ocrx_word' id='word_1_710' title='bbox 536 5510 930 5583; x_wconf 88' lang='lat' dir='ltr'>dedignentur</span> <span class='ocrx_word' id='word_1_711' title='bbox 960 5524 1188 5565; x_wconf 87' lang='lat' dir='ltr'>servare</span> <span class='ocrx_word' id='word_1_712' title='bbox 1241 5507 1448 5580; x_wconf 86' lang='lat' dir='ltr'>legem.</span> <span class='ocrx_word' id='word_1_713' title='bbox 1482 5509 1606 5563; x_wconf 91' lang='lat' dir='ltr'>Non</span> <span class='ocrx_word' id='word_1_714' title='bbox 1655 5510 1810 5563; x_wconf 90' lang='lat' dir='ltr'>enim</span> 
     </span>
    </p>
   </div>
   <div class='ocr_carea' id='block_1_105' title="bbox 135 5595 1812 5672">
    <p class='ocr_par' dir='ltr' id='par_1_105' title="bbox 135 5595 1812 5672">
     <span class='ocr_line' id='line_1_105' title="bbox 135 5595 1812 5672; baseline -0.002 -16"><span class='ocrx_word' id='word_1_715' title='bbox 135 5603 341 5667; x_wconf 82' lang='lat' dir='ltr'>decet,</span> <span class='ocrx_word' id='word_1_716' title='bbox 368 5616 557 5672; x_wconf 88' lang='lat' dir='ltr'>neque</span> <span class='ocrx_word' id='word_1_717' title='bbox 580 5600 814 5671; x_wconf 88' lang='lat' dir='ltr'>justum</span> <span class='ocrx_word' id='word_1_718' title='bbox 843 5598 1025 5654; x_wconf 88' lang='lat' dir='ltr'>videri</span> <span class='ocrx_word' id='word_1_719' title='bbox 1058 5597 1291 5670; x_wconf 89' lang='lat' dir='ltr'>poterit,</span> <span class='ocrx_word' id='word_1_720' title='bbox 1319 5601 1384 5651; x_wconf 93' lang='lat' dir='ltr'>ut</span> <span class='ocrx_word' id='word_1_721' title='bbox 1414 5595 1525 5652; x_wconf 90' lang='lat' dir='ltr'>sibi</span> <span class='ocrx_word' id='word_1_722' title='bbox 1557 5597 1812 5652; x_wconf 86' lang='lat' dir='ltr'>militan-</span> 
     </span>
    </p>
   </div>
   <div class='ocr_carea' id='block_1_106' title="bbox 136 5684 1815 5758">
    <p class='ocr_par' dir='ltr' id='par_1_106' title="bbox 136 5684 1815 5758">
     <span class='ocr_line' id='line_1_106' title="bbox 136 5684 1815 5758; baseline -0.002 -12"><span class='ocrx_word' id='word_1_723' title='bbox 136 5690 338 5758; x_wconf 86' lang='lat' dir='ltr'>tibus,</span> <span class='ocrx_word' id='word_1_724' title='bbox 358 5689 428 5744; x_wconf 91' lang='lat' dir='ltr'>de</span> <span class='ocrx_word' id='word_1_725' title='bbox 449 5687 720 5746; x_wconf 68' lang='lat' dir='ltr'>Ecclesiae</span> <span class='ocrx_word' id='word_1_726' title='bbox 741 5687 956 5745; x_wconf 88' lang='lat' dir='ltr'>Christi</span> <span class='ocrx_word' id='word_1_727' title='bbox 985 5684 1462 5758; x_wconf 87' lang='lat' dir='ltr'>possessionibus</span> <span class='ocrx_word' id='word_1_728' title='bbox 1488 5687 1815 5743; x_wconf 89' lang='lat' dir='ltr'>mercedem</span> 
     </span>
    </p>
   </div>
   <div class='ocr_carea' id='block_1_107' title="bbox 1913 4694 3567 4783">
    <p class='ocr_par' dir='ltr' id='par_1_107' title="bbox 1913 4694 3567 4783">
     <span class='ocr_line' id='line_1_107' title="bbox 1913 4694 3567 4783; baseline -0.012 -14"><span class='ocrx_word' id='word_1_729' title='bbox 1913 4694 2649 4783; x_wconf 12' lang='lat' dir='ltr'>beatorumiapostolorum</span> <span class='ocrx_word' id='word_1_730' title='bbox 2692 4704 2845 4760; x_wconf 90' lang='lat' dir='ltr'>Petri</span> <span class='ocrx_word' id='word_1_731' title='bbox 2894 4719 2960 4760; x_wconf 91' lang='lat' dir='ltr'>ac</span> <span class='ocrx_word' id='word_1_732' title='bbox 3006 4698 3168 4757; x_wconf 90' lang='lat' dir='ltr'>Pauli</span> <span class='ocrx_word' id='word_1_733' title='bbox 3217 4694 3567 4753; x_wconf 84' lang='lat' dir='ltr'>auctoritate</span> 
     </span>
    </p>
   </div>
   <div class='ocr_carea' id='block_1_108' title="bbox 1916 4783 3569 4873">
    <p class='ocr_par' dir='ltr' id='par_1_108' title="bbox 1916 4783 3569 4873">
     <span class='ocr_line' id='line_1_108' title="bbox 1916 4783 3569 4873; baseline -0.01 -16"><span class='ocrx_word' id='word_1_734' title='bbox 1916 4805 2091 4873; x_wconf 90' lang='lat' dir='ltr'>atque</span> <span class='ocrx_word' id='word_1_735' title='bbox 2117 4804 2320 4856; x_wconf 91' lang='lat' dir='ltr'>nostra</span> <span class='ocrx_word' id='word_1_736' title='bbox 2348 4795 2636 4854; x_wconf 90' lang='lat' dir='ltr'>sententia</span> <span class='ocrx_word' id='word_1_737' title='bbox 2664 4790 3055 4849; x_wconf 83' lang='lat' dir='ltr'>anathematis</span> <span class='ocrx_word' id='word_1_738' title='bbox 3073 4785 3306 4845; x_wconf 89' lang='lat' dir='ltr'>vinculo</span> <span class='ocrx_word' id='word_1_739' title='bbox 3328 4783 3569 4873; x_wconf 35' lang='lat' dir='ltr'>innodat</span> 
     </span>
    </p>
   </div>
   <div class='ocr_carea' id='block_1_109' title="bbox 1915 4870 3568 4957">
    <p class='ocr_par' dir='ltr' id='par_1_109' title="bbox 1915 4870 3568 4957">
     <span class='ocr_line' id='line_1_109' title="bbox 1915 4870 3568 4957; baseline -0.011 -12"><span class='ocrx_word' id='word_1_740' title='bbox 1915 4870 2034 4957; x_wconf 76' lang='lat' dir='ltr'>tus,</span> <span class='ocrx_word' id='word_1_741' title='bbox 2071 4906 2107 4944; x_wconf 90' lang='lat' dir='ltr'>a</span> <span class='ocrx_word' id='word_1_742' title='bbox 2137 4886 2534 4945; x_wconf 89' lang='lat' dir='ltr'>sacratissimo</span> <span class='ocrx_word' id='word_1_743' title='bbox 2583 4898 2824 4955; x_wconf 91' lang='lat' dir='ltr'>corpore</span> <span class='ocrx_word' id='word_1_744' title='bbox 2880 4898 2946 4938; x_wconf 89' lang='lat' dir='ltr'>ac</span> <span class='ocrx_word' id='word_1_745' title='bbox 2994 4875 3281 4951; x_wconf 89' lang='lat' dir='ltr'>sanguine</span> <span class='ocrx_word' id='word_1_746' title='bbox 3338 4870 3568 4929; x_wconf 91' lang='lat' dir='ltr'>Domini</span> 
     </span>
    </p>
   </div>
   <div class='ocr_carea' id='block_1_110' title="bbox 1918 4963 3567 5037">
    <p class='ocr_par' dir='ltr' id='par_1_110' title="bbox 1918 4963 3567 5037">
     <span class='ocr_line' id='line_1_110' title="bbox 1918 4963 3567 5037; baseline -0.01 -3"><span class='ocrx_word' id='word_1_747' title='bbox 1918 4978 2103 5034; x_wconf 89' lang='lat' dir='ltr'>nostri</span> <span class='ocrx_word' id='word_1_748' title='bbox 2134 4978 2275 5034; x_wconf 88' lang='lat' dir='ltr'>Jesu</span> <span class='ocrx_word' id='word_1_749' title='bbox 2298 4973 2514 5031; x_wconf 78' lang='lat' dir='ltr'>Christi</span> <span class='ocrx_word' id='word_1_750' title='bbox 2541 4971 2768 5027; x_wconf 89' lang='lat' dir='ltr'>alienus</span> <span class='ocrx_word' id='word_1_751' title='bbox 2806 4969 3033 5033; x_wconf 86' lang='lat' dir='ltr'>existat,</span> <span class='ocrx_word' id='word_1_752' title='bbox 3056 4971 3232 5037; x_wconf 89' lang='lat' dir='ltr'>atque</span> <span class='ocrx_word' id='word_1_753' title='bbox 3261 4963 3321 5018; x_wconf 91' lang='lat' dir='ltr'>in</span> <span class='ocrx_word' id='word_1_754' title='bbox 3351 4965 3567 5018; x_wconf 59' lang='lat' dir='ltr'>aeterno</span> 
     </span>
    </p>
   </div>
   <div class='ocr_carea' id='block_1_111' title="bbox 1918 5051 3568 5129">
    <p class='ocr_par' dir='ltr' id='par_1_111' title="bbox 1918 5051 3568 5129">
     <span class='ocr_line' id='line_1_111' title="bbox 1918 5051 3568 5129; baseline -0.012 -5"><span class='ocrx_word' id='word_1_755' title='bbox 1918 5066 2183 5124; x_wconf 83' lang='lat' dir='ltr'>examine</span> <span class='ocrx_word' id='word_1_756' title='bbox 2212 5063 2487 5120; x_wconf 65' lang='lat' dir='ltr'>districta:</span> <span class='ocrx_word' id='word_1_757' title='bbox 2519 5059 2729 5116; x_wconf 90' lang='lat' dir='ltr'>ultioni</span> <span class='ocrx_word' id='word_1_758' title='bbox 2761 5058 3081 5129; x_wconf 89' lang='lat' dir='ltr'>subjaeeat.</span> <span class='ocrx_word' id='word_1_759' title='bbox 3101 5051 3338 5110; x_wconf 88' lang='lat' dir='ltr'>Cunctis</span> <span class='ocrx_word' id='word_1_760' title='bbox 3368 5054 3568 5106; x_wconf 89' lang='lat' dir='ltr'>autem</span> 
     </span>
    </p>
   </div>
   <div class='ocr_carea' id='block_1_112' title="bbox 1920 5136 3571 5217">
    <p class='ocr_par' dir='ltr' id='par_1_112' title="bbox 1920 5136 3571 5217">
     <span class='ocr_line' id='line_1_112' title="bbox 1920 5136 3571 5217; baseline -0.013 -5"><span class='ocrx_word' id='word_1_761' title='bbox 1920 5157 2107 5213; x_wconf 92' lang='lat' dir='ltr'>eidem</span> <span class='ocrx_word' id='word_1_762' title='bbox 2139 5148 2452 5209; x_wconf 76' lang='lat' dir='ltr'>venerabili</span> <span class='ocrx_word' id='word_1_763' title='bbox 2484 5146 2837 5204; x_wconf 89' lang='lat' dir='ltr'>monasterio</span> <span class='ocrx_word' id='word_1_764' title='bbox 2870 5147 3036 5217; x_wconf 88' lang='lat' dir='ltr'>justa</span> <span class='ocrx_word' id='word_1_765' title='bbox 3073 5139 3458 5206; x_wconf 88' lang='lat' dir='ltr'>servantibus,</span> <span class='ocrx_word' id='word_1_766' title='bbox 3491 5136 3571 5192; x_wconf 92' lang='lat' dir='ltr'>sit</span> 
     </span>
    </p>
   </div>
   <div class='ocr_carea' id='block_1_113' title="bbox 1922 5223 3570 5317">
    <p class='ocr_par' dir='ltr' id='par_1_113' title="bbox 1922 5223 3570 5317">
     <span class='ocr_line' id='line_1_113' title="bbox 1922 5223 3570 5317; baseline -0.015 -16"><span class='ocrx_word' id='word_1_767' title='bbox 1922 5262 2033 5317; x_wconf 85' lang='lat' dir='ltr'>pax</span> <span class='ocrx_word' id='word_1_768' title='bbox 2077 5240 2308 5299; x_wconf 91' lang='lat' dir='ltr'>Domini</span> <span class='ocrx_word' id='word_1_769' title='bbox 2356 5236 2541 5294; x_wconf 89' lang='lat' dir='ltr'>nostri</span> <span class='ocrx_word' id='word_1_770' title='bbox 2590 5237 2729 5293; x_wconf 86' lang='lat' dir='ltr'>Jesu</span> <span class='ocrx_word' id='word_1_771' title='bbox 2760 5233 2996 5300; x_wconf 91' lang='lat' dir='ltr'>Christi,</span> <span class='ocrx_word' id='word_1_772' title='bbox 3038 5235 3327 5304; x_wconf 89' lang='lat' dir='ltr'>quatenus</span> <span class='ocrx_word' id='word_1_773' title='bbox 3374 5223 3570 5317; x_wconf 6' lang='lat' dir='ltr'>etqhic</span> 
     </span>
    </p>
   </div>
   <div class='ocr_carea' id='block_1_114' title="bbox 1919 5313 3573 5397">
    <p class='ocr_par' dir='ltr' id='par_1_114' title="bbox 1919 5313 3573 5397">
     <span class='ocr_line' id='line_1_114' title="bbox 1919 5313 3573 5397; baseline -0.016 -7"><span class='ocrx_word' id='word_1_774' title='bbox 1919 5313 2178 5389; x_wconf 73' lang='lat' dir='ltr'>fructum</span> <span class='ocrx_word' id='word_1_775' title='bbox 2201 5331 2367 5384; x_wconf 70' lang='lat' dir='ltr'>bonae</span> <span class='ocrx_word' id='word_1_776' title='bbox 2390 5324 2634 5382; x_wconf 89' lang='lat' dir='ltr'>actionis</span> <span class='ocrx_word' id='word_1_777' title='bbox 2664 5323 2967 5397; x_wconf 90' lang='lat' dir='ltr'>recipiant,</span> <span class='ocrx_word' id='word_1_778' title='bbox 2982 5324 3039 5377; x_wconf 91' lang='lat' dir='ltr'>et</span> <span class='ocrx_word' id='word_1_779' title='bbox 3057 5313 3573 5393; x_wconf 71' lang='lat' dir='ltr'>apud&#39;districtum</span> 
     </span>
    </p>
   </div>
   <div class='ocr_carea' id='block_1_115' title="bbox 1913 5401 3577 5498">
    <p class='ocr_par' dir='ltr' id='par_1_115' title="bbox 1913 5401 3577 5498">
     <span class='ocr_line' id='line_1_115' title="bbox 1913 5401 3577 5498; baseline -0.016 -21"><span class='ocrx_word' id='word_1_780' title='bbox 1913 5422 2179 5493; x_wconf 91' lang='lat' dir='ltr'>judicem</span> <span class='ocrx_word' id='word_1_781' title='bbox 2204 5416 2443 5490; x_wconf 68' lang='lat' dir='ltr'>praemia</span> <span class='ocrx_word' id='word_1_782' title='bbox 2463 5418 2685 5469; x_wconf 62' lang='lat' dir='ltr'>internae</span> <span class='ocrx_word' id='word_1_783' title='bbox 2708 5410 2924 5484; x_wconf 89' lang='lat' dir='ltr'>quietis</span> <span class='ocrx_word' id='word_1_784' title='bbox 2943 5408 3259 5466; x_wconf 79' lang='lat' dir='ltr'>inveniant.</span> <span class='ocrx_word' id='word_1_785' title='bbox 3280 5401 3577 5498; x_wconf 64' lang='lat' dir='ltr'>Scriptum</span> 
     </span>
    </p>
   </div>
   <div class='ocr_carea' id='block_1_116' title="bbox 1923 5496 3579 5585">
    <p class='ocr_par' dir='ltr' id='par_1_116' title="bbox 1923 5496 3579 5585">
     <span class='ocr_line' id='line_1_116' title="bbox 1923 5496 3579 5585; baseline -0.018 -19"><span class='ocrx_word' id='word_1_786' title='bbox 1923 5527 2027 5584; x_wconf 90' lang='lat' dir='ltr'>per</span> <span class='ocrx_word' id='word_1_787' title='bbox 2058 5522 2301 5563; x_wconf 87' lang='lat' dir='ltr'>manum</span> <span class='ocrx_word' id='word_1_788' title='bbox 2335 5503 2545 5560; x_wconf 89' lang='lat' dir='ltr'>Leonis</span> <span class='ocrx_word' id='word_1_789' title='bbox 2586 5501 2797 5558; x_wconf 86' lang='lat' dir='ltr'>notarii</span> <span class='ocrx_word' id='word_1_790' title='bbox 2838 5496 3170 5573; x_wconf 90' lang='lat' dir='ltr'>regionarii,</span> <span class='ocrx_word' id='word_1_791' title='bbox 3203 5496 3261 5550; x_wconf 91' lang='lat' dir='ltr'>et</span> <span class='ocrx_word' id='word_1_792' title='bbox 3290 5496 3579 5585; x_wconf 63' lang='lat' dir='ltr'>scriniarii</span> 
     </span>
    </p>
   </div>
   <div class='ocr_carea' id='block_1_117' title="bbox 1926 5574 3579 5659">
    <p class='ocr_par' dir='ltr' id='par_1_117' title="bbox 1926 5574 3579 5659">
     <span class='ocr_line' id='line_1_117' title="bbox 1926 5574 3579 5659; baseline -0.017 -4"><span class='ocrx_word' id='word_1_793' title='bbox 1926 5574 2140 5655; x_wconf 57' lang='lat' dir='ltr'>sanctae</span> <span class='ocrx_word' id='word_1_794' title='bbox 2180 5597 2454 5652; x_wconf 67' lang='lat' dir='ltr'>Romanae</span> <span class='ocrx_word' id='word_1_795' title='bbox 2502 5590 2790 5659; x_wconf 85' lang='lat' dir='ltr'>Ecclesiae,</span> <span class='ocrx_word' id='word_1_796' title='bbox 2816 5589 2875 5644; x_wconf 92' lang='lat' dir='ltr'>in</span> <span class='ocrx_word' id='word_1_797' title='bbox 2924 5600 3124 5643; x_wconf 90' lang='lat' dir='ltr'>mense</span> <span class='ocrx_word' id='word_1_798' title='bbox 3166 5576 3371 5652; x_wconf 84' lang='lat' dir='ltr'>Aprili,</span> <span class='ocrx_word' id='word_1_799' title='bbox 3424 5574 3579 5630; x_wconf 91' lang='lat' dir='ltr'>indi-</span> 
     </span>
    </p>
   </div>
   <div class='ocr_carea' id='block_1_118' title="bbox 1930 5672 3575 5745">
    <p class='ocr_par' dir='ltr' id='par_1_118' title="bbox 1930 5672 3575 5745">
     <span class='ocr_line' id='line_1_118' title="bbox 1930 5672 3575 5745; baseline -0.016 -1"><span class='ocrx_word' id='word_1_800' title='bbox 1930 5687 2120 5745; x_wconf 90' lang='lat' dir='ltr'>ctione</span> <span class='ocrx_word' id='word_1_801' title='bbox 2165 5702 2242 5742; x_wconf 81' lang='lat' dir='ltr'>XI.</span> <span class='ocrx_word' id='word_1_802' title='bbox 2275 5686 2421 5740; x_wconf 87' lang='lat' dir='ltr'>Data</span> <span class='ocrx_word' id='word_1_803' title='bbox 2473 5698 2531 5737; x_wconf 75' lang='lat' dir='ltr'>xv</span> <span class='ocrx_word' id='word_1_804' title='bbox 2587 5678 2880 5736; x_wconf 85' lang='lat' dir='ltr'>Kalendas</span> <span class='ocrx_word' id='word_1_805' title='bbox 2935 5672 3143 5741; x_wconf 87' lang='lat' dir='ltr'>Maias,</span> <span class='ocrx_word' id='word_1_806' title='bbox 3174 5684 3277 5741; x_wconf 89' lang='lat' dir='ltr'>per</span> <span class='ocrx_word' id='word_1_807' title='bbox 3330 5677 3575 5724; x_wconf 89' lang='lat' dir='ltr'>manum</span> 
     </span>
    </p>
   </div>
  </div>
