3994 6150
466 317 586 382 819

1837 321 2150 385 NICOLAI
2195 323 2424 386 ΡΑΡιΕ
2464 323 2512 386 Ι.

3697 331 3793 395 820

469 451 686 509 Tiberii
721 450 1035 524 primicerii
1080 455 1291 508 sanctae
1340 453 1494 509 sedis
1544 453 1897 526 apostolicae,
1929 455 2118 528 impe-
2151 459 2203 525 Α
2235 458 2419 513 nostri
2451 457 2664 531 pagina
2695 459 2976 530 continet,
2995 463 3113 514 tam
3144 459 3302 516 vobis
3323 476 3486 530 quam
3513 464 3704 519 cunctis
3721 482 3780 537 qu

477 546 644 597 rante
683 541 919 596 domino
978 541 1243 612 piissimo
1274 544 1535 614 Augusto
1591 544 1878 599 Ludovico
1930 563 1963 599 a
2012 546 2127 601 Deo

478 634 774 697 coronato,
819 646 1052 702 magno,
1104 631 1345 701 paciﬁco
1393 631 1766 703 imperatore.
1797 651 1891 688 an.
1926 652 2041 698 xxv,
2075 640 2131 690 et

480 723 614 792 post
645 719 772 789 ejus
795 735 1013 772 annum
1034 736 1126 772 xw
1150 721 1321 789 Vorte,
1356 725 1412 774 et
1443 724 1573 797 post
1606 721 1974 778 consulatum
2003 724 2130 794 ejus

483 824 635 864 anno
664 825 778 871 xxv,
806 808 1039 878 Hann],
1063 806 1382 864 indictione
1414 828 1490 865 χι.

1224 915 1383 970 ΧΧΧ.

485 1027 708 1068 NICOLAI
740 1029 1111 1067 PRIVILEGIUM
1135 1031 1244 1068 PRO
1267 1031 1717 1070 SANDIONYSIANO
1749 1033 2131 1074 MONASTERIO.

1130 1103 1311 1173 (Anno
1347 1105 1499 1172 863.)

491 1189 675 1261 [Apud
707 1189 912 1255 Felib.,
950 1193 1087 1245 Hist.
1119 1191 1182 1246 de
1212 1193 1460 1332 l’abbbqyJe
1487 1194 1551 1248 de
1586 1195 1776 1249 Sa-int-
1790 1197 1956 1251 Denis
1988 1195 2140 1250 inter

1199 1281 1297 1332 pro
1335 1283 1364 1319 a
1396 1307 1408 1316 .

1199 1281 1408 1334 pronai.

560 1350 847 1405 NICOLAUS
869 1351 1198 1422 episcopus,
1226 1370 1427 1408 servus
1449 1370 1749 1410 servorum
1772 1355 1894 1420 Dei,
1915 1354 2142 1411 dilectis

494 1438 774 1494 fratribus
815 1456 880 1494 ac
925 1439 1059 1494 ﬁliis
1091 1441 1306 1496 nostris
1340 1441 1397 1496 in
1429 1443 1742 1499 venerabili
1789 1444 2143 1499 monasterio

494 1527 682 1582 sancti
716 1527 929 1583 Christi
966 1529 1236 1601 martyris
1268 1529 1526 1603 Dionysii
1574 1533 1683 1586 sub
1726 1532 1926 1604 regula
1957 1531 2140 1587 sancti

495 1615 788 1673 Benedicti
822 1615 1094 1688 religiosa
1135 1620 1570 1675 conversatione
1601 1609 1964 1693 degentibus,
1991 1637 2147 1676 nunc

497 1711 553 1761 et
583 1705 797 1762 futuris
828 1706 1212 1778 temporibus.

571 1795 812 1860 Quando
843 1797 910 1850 ad
955 1812 1022 1851 ea
1069 1813 1196 1868 qua:
1230 1797 1650 1854 catholicorum
1711 1817 1914 1873 regum
1975 1805 2151 1859 corda

501 1883 938 1956 pontiﬁcalibus
972 1891 1110 1941 sunt
1136 1885 1374 1942 monitis
1404 1890 1789 1959 provocanda,
1816 1890 1894 1946 ita
1926 1893 2149 1947 ardenti

501 1971 789 2028 desiderio
812 1973 1007 2028 divina
1027 1974 1399 2045 proveniente
1432 1976 1619 2048 gratia
1640 1980 2053 2047 succeduntur,
2089 1985 2153 2036 ut

504 2061 578 2116 ab
609 2062 694 2116 eis
734 2061 886 2118 ultro
938 2069 1276 2135 poscantur,
1308 2069 1470 2120 tanto
1501 2065 1676 2121 alacri
1727 2072 1784 2122 et
1833 2068 1960 2124 laeto
2013 2075 2152 2126 sunt

505 2150 702 2206 animo
732 2152 1356 2224 concedenda,quanto
1386 2160 1443 2209 et
1474 2172 1541 2210 ea
1572 2155 1699 2227 ipsa
1729 2174 1854 2228 quae
1887 2158 2148 2229 cupiunt,

507 2239 557 2295 si
610 2239 830 2295 nollent
888 2243 1094 2306 facere,
1130 2242 1246 2313 peti
1307 2243 1646 2299 debuerant.
1684 2245 1948 2312 Proinde,
1985 2249 2154 2319 juxta

507 2327 726 2400 scripta
754 2327 1021 2399 petitoria
1063 2330 1165 2384 ﬁlii
1201 2331 1384 2385 nostri
1431 2333 1949 2402 prmcellentissimi
2000 2337 2154 2408 regis

509 2417 723 2483 Karoli,
739 2418 837 2488 huj
850 2418 1077 2473 usmodi
1094 2418 1458 2492 privilegium
1476 2423 1779 2493 praesentis
1791 2425 2155 2482 auctoritatis

509 2509 720 2560 nostrae
742 2507 969 2562 decreto
1001 2506 1187 2562 eidem
1222 2511 1574 2566 monasterio
1594 2512 1801 2567 vestris
1823 2514 2156 2586 futurisque

509 2593 877 2665 temporibus
918 2593 1314 2667 indulgemus,
1339 2599 1716 2655 concedimus
1748 2604 1923 2673 atque
1953 2603 2155 2659 ﬁrma-

510 2699 664 2751 mus,
681 2682 918 2739 utsicut
939 2683 1062 2755 ipse
1082 2683 1544 2756 gloriosissimus
1568 2687 1724 2744 ﬁlius
1746 2695 1945 2746 noster
1965 2692 2157 2747 divino

510 2773 722 2828 ductus
745 2789 960 2839 amore,
975 2774 1044 2828 de
1062 2773 1212 2829 villis
1235 2793 1300 2830 ac
1325 2775 1828 2846 facultatibus,seu
1849 2781 2158 2853 stipendiis

509 2861 841 2934 specialiter
891 2863 1336 2930 monachorum,
1378 2869 1435 2921 et
1484 2867 1737 2923 ecclesia:
1796 2875 2162 2926 ornamento-

510 2968 662 3018 rum,
693 2949 781 3005 vel
830 2951 1303 3019 luminariorum,
1344 2971 1411 3009 ac
1461 2955 2017 3026 matriculariorum,
2056 2977 2157 3015 seu

511 3039 834 3111 hospitum,
860 3044 1032 3112 atque
1055 3058 1379 3113 pauperum
1403 3043 1608 3099 usibus
1631 3051 1874 3114 servata,
1899 3047 1985 3102 vel
2013 3064 2160 3104 eme-

512 3126 740 3195 liorata,
774 3144 877 3182 seu
927 3134 1117 3197 aucta,
1152 3130 1517 3187 ordinatione
1566 3149 1693 3204 quae
1743 3139 2003 3206 tempore
2052 3137 2159 3207 piae

515 3214 808 3270 memoriae
838 3194 1119 3288 genitoris
1157 3217 1247 3272 sui
1291 3219 1559 3275 Ludovici
1579 3194 1938 3294 .Augusti,‘ct
1966 3194 2160 3297 Dago-
2191 3194 2232 3260 Ο

507 3303 658 3360 berti
682 3305 977 3376 quondam
1012 3306 1183 3379 regis,
1209 3310 1382 3378 atque
1413 3308 1658 3364 aliorum
1682 3327 1906 3382 regum,
1932 3330 2154 3368 necnon

507 3396 566 3448 et
595 3391 795 3464 Pepini
827 3392 1024 3466 inclyti
1049 3393 1201 3467 regis
1224 3397 1375 3451 atavi
1398 3396 1678 3468 ipsius,et
1699 3400 1891 3455 Karoli
1913 3400 2160 3473 impera-

504 3481 648 3536 toris
679 3481 822 3536 divae
855 3483 1149 3538 memoris:
1182 3484 1268 3538 avi
1313 3485 1522 3557 ipsius,
1545 3487 1751 3542 exinde
1783 3489 1968 3544 fuerat
2008 3491 2160 3546 facta

505 3569 829 3636 constituit,
863 3574 920 3624 et
952 3575 1236 3643 praecepto
1288 3590 1406 3628 suae
1463 3575 1826 3631 auctoritatis
1885 3578 2155 3646 ﬁrmavit,

507 3655 994 3729 privilegiumque
1023 3660 1452 3716 venerabilibus
1483 3663 1760 3719 fratribus
1792 3681 1857 3718 ac
1891 3665 2024 3721 ﬁliis
2055 3684 2159 3722 no-

510 3743 649 3799 stris
679 3743 967 3816 episcopis
998 3745 1230 3801 illarum
1267 3749 1570 3820 regionum
1595 3751 1714 3805 ﬁeri
1740 3755 1796 3804 et
1824 3753 2156 3810 conﬁrmari

515 3830 669 3900 fecit,
692 3832 773 3886 ita
803 3832 956 3887 sicut
985 3832 1043 3887 in
1076 3835 1278 3889 eodem
1311 3835 1627 3910 privilegio,
1653 3842 1826 3910 atque
1857 3843 2161 3914 prmeeptis

513 3917 688 3991 regiis
721 3917 823 3973 ﬁlii
856 3921 1037 3976 nostri
1071 3922 1258 3977 Karoli
1289 3923 1492 3981 exinde
1513 3926 1646 3981 fatis
1669 3926 2014 3998 continetur,
2038 3948 2162 4002 per-

513 4010 687 4079 petuo
719 4008 1060 4065 inconvulsa
1098 4014 1939 4082 permaneant.Constituimus
1983 4020 2157 4074 etiam

513 4097 855 4154 auctoritate
877 4099 1029 4154 beati
1053 4101 1225 4169 Petri,
1252 4106 1315 4156 ut
1336 4101 1531 4157 nullus
1559 4120 1785 4176 regum,
1811 4122 1979 4162 nemo
2012 4108 2159 4162 anti-

510 4185 832 4254 stitum,vel
857 4188 1159 4261 abbatum,
1177 4207 1278 4246 seu
1306 4191 1549 4263 quilibet
1581 4211 1929 4266 quacunque
1952 4197 2159 4268 praedi-

510 4274 609 4328 tus
639 4273 940 4345 dignitate,
971 4277 1041 4332 de
1073 4276 1165 4332 his
1197 4295 1321 4349 quas
1353 4279 1412 4334 in
1444 4282 1678 4351 praefato
1711 4282 2030 4356 privilegio,
2058 4302 2159 4340 seu

511 4359 571 4414 in
603 4363 906 4435 praeceptis
952 4364 1139 4436 ipsius
1173 4367 1276 4421 ﬁlii
1317 4368 1499 4423 nostri
1531 4369 1744 4438 Karoli,
1779 4389 1846 4426 ex
1886 4372 1976 4428 his
2034 4391 2159 4444 quae

511 4449 907 4521 pramisimus
941 4453 1106 4509 factis
1149 4456 1499 4522 continetur,
1522 4457 1609 4512 vel
1651 4459 1709 4513 in
1750 4460 1944 4516 futuro
1976 4463 2046 4516 ab
2070 4479 2157 4530 eo,

2239 547 2297 601 in
2331 563 2396 602 eo
2428 564 2544 619 quo
2575 548 2714 602 estis
2747 549 2951 603 ordine
2983 547 3222 619 locoque
3252 550 3624 616 successerint,
3641 552 3713 606 vel
3737 554 3797 608 eis

2240 652 2489 706 quorum
2523 635 2802 692 interesse
2834 637 3147 709 potuerint,
3181 637 3240 690 in
3270 642 3589 708 perpetuum
3616 655 3794 695 conser-

2239 725 2428 779 vanda
2475 726 2864 793 decernimus,
2901 725 3062 781 salva
3109 726 3164 780 in
3216 725 3476 780 omnibus
3518 743 3628 798 qua;
3668 728 3798 799 hujus

2243 813 2459 868 decreti
2506 813 2719 887 pagina
2760 814 3133 870 continentur
3163 815 3507 880 auctoritate,
3539 820 3590 870 et
3639 816 3798 871 honore

2243 907 2455 957 sancta:
2487 904 2759 958 Romana
2800 902 3089 970 Ecclesia-3,
3113 908 3170 958 et
3201 903 3353 958 sedis
3398 903 3688 975 apostolica:
3725 906 3803 977 pri-

2242 991 2467 1065 vilegio.
2497 992 2554 1047 Si
2579 993 2711 1064 quis
2734 997 2932 1047 autem
2958 992 3267 1047 temerario
3291 1009 3432 1047 ausu
3454 1009 3645 1064 magna
3660 1011 3803 1064 parva-

2245 1098 2310 1136 ve
2343 1098 2590 1153 persona
2613 1086 2816 1136 contra
2846 1081 2952 1136 hoc
2984 1085 3253 1136 nostrum
3285 1080 3641 1152 apostolicum
3661 1082 3804 1136 decre-

2247 1174 2374 1224 tum
2404 1186 2573 1241 agere
2604 1169 3065 1241 praesumpserit,
3091 1170 3238 1224 sciat
3268 1186 3329 1225 se
3358 1169 3704 1224 anathematis
3722 1171 3804 1224 vim

2249 1257 2380 1314 culo
2421 1275 2548 1314 esse
2595 1259 2962 1325 innodatum,
2995 1263 3053 1314 et
3083 1276 3116 1312 a
3145 1275 3320 1331 regno
3379 1258 3474 1314 Dei
3526 1258 3807 1325 alienum,et

2251 1365 2383 1402 cum
2407 1347 2682 1402 omnibus
2716 1349 2912 1419 impiis
2943 1349 3140 1403 aeterni
3172 1347 3420 1403 incendii
3447 1347 3698 1419 supplicio
3719 1365 3807 1402 con-

2252 1437 2593 1491 demnatum
2623 1453 2636 1490 :
2665 1441 2722 1491 at
2750 1453 2882 1491 vero
2915 1437 3014 1508 qui
3061 1437 3395 1491 observator
3421 1436 3674 1492 exstiterit
3711 1452 3806 1508 pra-

2253 1525 2404 1597 cepti
2428 1525 2626 1595 hujus,
2643 1524 2892 1597 gratiam
2913 1530 3087 1596 atque
3110 1524 3810 1595 misericordiam,vitamque

2257 1620 2531 1669 aeternam
2573 1632 2607 1668 a
2653 1613 3203 1669 misericordissimo
3251 1613 3490 1668 Domino
3531 1613 3631 1669 Deo
3674 1617 3810 1668 nostro

2258 1701 2536 1774 consequi
2568 1706 2878 1756 mereatur.

2329 1791 2624 1862 Scriptum
2649 1808 2750 1862 per
2771 1808 3010 1846 manum
3031 1790 3340 1862 Sopbronii
3367 1789 3562 1845 notarii
3585 1787 3812 1861 rcgiouarii

2258 1885 2316 1935 et
2345 1880 2632 1936 scriniarii
2691 1885 2902 1935 sanctae
2961 1880 3234 1934 Romana:
3292 1877 3566 1945 Ecclesiae,
3595 1877 3646 1931 in
3680 1894 3813 1932 mense

2258 1968 2462 2041 Aprili,
2498 1968 2812 2024 indictione
2858 1968 3188 2024 undecima.
3228 1973 3254 2034 τ
3293 1968 3441 2022 Bene
3470 1966 3648 2020 valete.
3669 1965 3814 2020 Datum

2261 2061 2468 2129 quarto
2503 2057 2620 2112 Kal.
2655 2057 2836 2112 Maias
2886 2074 2988 2128 per
3045 2073 3292 2111 manum
3323 2055 3530 2111 Tiberii
3585 2052 3815 2127 primicerii

2262 2150 2474 2200 sanctae
2507 2144 2662 2201 sedis
2688 2145 3036 2217 apostolicae,
3061 2146 3390 2216 imperante
3413 2145 3608 2200 domno
3627 2141 3815 2214 piissimo

2261 2236 2522 2307 Augusto
2557 2234 2866 2300 Ludovico,
2885 2251 2919 2288 a
2951 2234 3064 2290 Deo
3092 2239 3389 2302 coronato,
3412 2248 3626 2306 magno,
3649 2229 3817 2304 pacifica

2262 2323 2630 2395 imperatore,
2657 2340 2809 2378 anno
2849 2328 3055 2394 quarto
3088 2323 3318 2378 decimo
3370 2323 3524 2396 regni
3573 2323 3695 2392 ejus,
3720 2317 3819 2372 indi-

2265 2413 2455 2468 ctione
2489 2411 2820 2467 undecima.

2487 2606 2751 2644 EPISTOLA
2782 2606 3002 2644 NICOLAI
3034 2607 3106 2644 AD
3140 2605 3416 2645 CAROLUM
3444 2604 3665 2644 CALVUM.

2907 2679 3093 2749 (Anno
3129 2679 3284 2750 863.)

2338 2768 2531 2839 [Apud
2574 2765 2826 2830 Dublet.,
2860 2767 2996 2822 Hist.
3029 2767 3094 2822 de
3132 2768 3498 2831 Saint-Denis,
3528 2781 3644 2838 pag.
3671 2763 3780 2828 456.]

2337 2857 2622 2912 NICOLAUS
2653 2855 2982 2928 episcopus,
3009 2873 3215 2912 servus
3247 2872 3536 2911 servorum
3567 2854 3674 2920 Dei,
3697 2847 3823 2907 excel-

2268 2944 2594 3000 lentissimo
2625 2945 2852 3000 CABOLO
2882 2944 3003 3017 regi
3036 2945 3318 3001 Francia.

2339 3035 2616 3105 Supernae
2648 3034 3044 3094 miserationis
3074 3039 3347 3106 respectu
3380 3035 3447 3089 ad
3480 3033 3578 3089 hoc
3607 3025 3826 3103 regiminis

2269 3139 2470 3178 curam
2503 3123 2882 3195 suscipimus,
2917 3127 2982 3178 ut
3027 3124 3119 3194 pie
3150 3123 3514 3195 precantium
3542 3121 3668 3176 votis
3693 3119 3825 3173 favea-

2272 3228 2425 3278 mus,
2460 3217 2516 3267 et
2545 3213 2614 3266 ad
2649 3211 3058 3267 stabiliendam
3099 3217 3442 3268 sanctorum
3474 3211 3765 3270 ﬁrmitatem,
3788 3204 3824 3256 in

2269 3300 2486 3372 quibus
2512 3300 2642 3356 laus
2666 3301 2863 3355 divina
2891 3301 2985 3356 die
3015 3304 3315 3373 noctuque
3341 3318 3441 3373 per
3462 3299 3737 3355 universam
3759 3289 3826 3346 Dei

2267 3389 2584 3444 Ecclesiam
2617 3405 2718 3459 per
2749 3390 2946 3444 orbem
2974 3388 3256 3444 diii‘usam
3293 3392 3402 3446 Deo
3434 3386 3828 3462 persolvitur,au-

2268 3495 2390 3532 rem
2422 3479 3067 3533 accommodemus.Pro
3089 3478 3194 3533 hoc
3213 3479 3373 3534 enim
3394 3477 3668 3550 praemium
3691 3466 3824 3543 piissi-

2268 3583 2431 3620 mum
2464 3567 2617 3637 apud
2651 3566 3084 3622 misericordem
3107 3567 3429 3623 Dominum
3460 3566 3682 3637 recipere
3705 3555 3828 3614 credi-

2269 3655 2488 3710 mus.si
2519 3655 2871 3710 venerabilia
2918 3655 3042 3710 loca
3085 3662 3416 3728 opportune
3447 3654 3697 3716 ordinata,
3718 3650 3756 3702 et
3778 3643 3824 3697 ad

2270 3744 2568 3800 meliorem
2590 3748 2808 3799 statum
2828 3745 3361 3816 perducta,nostris
3382 3745 3585 3800 fuerint
3601 3731 3828 3826 privilegiis

2269 3834 2556 3888 roborata.
2581 3833 2781 3905 Igitur,
2805 3833 2943 3904 quia
2974 3832 3182 3889 litteris
3231 3841 3346 3889 tua-2,
3395 3827 3733 3890 celsitudinis,
3771 3819 3827 3914 ﬁli)

2269 3921 2633 3988 charissime,
2670 3922 2838 3977 nobis
2892 3921 3198 3976 innotbisti
3233 3924 3306 3978 de
3339 3918 3667 3978 monasterio
3699 3912 3829 3968 sancti

2269 4010 2481 4065 Christi
2514 4010 2786 4082 martyris
2816 4010 3090 4082 Dionysii,
3115 4012 3381 4082 speciali,
3406 4017 3469 4066 ut
3498 4002 3833 4092 scripsistiipfl'

2268 4099 2420 4154 troni
2453 4099 2532 4153 tui
2545 4101 2869 4170 ,quondam
2895 4117 2927 4154 a
2954 4099 3244 4156 Ludovico
3283 4100 3402 4156 ﬁlio
3434 4091 3706 4171 Dagoberti
3729 4091 3830 4157 regis

2270 4187 2628 4254 Francize,de
2654 4193 2936 4259 potestate
2967 4189 3124 4244 sedis
3151 4189 3455 4245 Parisiacae
3487 4180 3830 4268 episcopum“?

2269 4276 2511 4357 consilio
2550 4277 2890 4348 pontiﬁcum
2953 4278 3219 4348 ejusdem
3284 4277 3482 4350 patriae
3537 4271 3669 4347 quod
3716 4264 3831 4357 fuerit

2270 4355 2554 4436 ereptum,
2585 4369 2641 4420 et
2672 4365 2885 4421 abhinc
2910 4367 3018 4421 sub
3051 4365 3341 4438 regimine
3372 4381 3585 4439 regum,
3607 4358 3679 4414 vel
3698 4354 3834 4412 claris-

2273 4453 2560 4508 simorum
2595 4455 2876 4510 abbatum
2909 4472 3140 4526 semper
3169 4455 3542 4528 dispositum,
3567 4469 3596 4506 a
3622 4445 3752 4504 nobis
3772 4453 3833 4510 p0-

509 4537 598 4627 vel
621 4539 1035 4609 aquibuslibet
1056 4543 1186 4599 aliis
1219 4544 1290 4598 de
1320 4545 1552 4616 proprio
1580 4546 1794 4601 fuerint
1815 4547 1906 4602 his
1939 4551 2160 4621 specia-
2195 4565 2241 4627 ι)
2274 4542 2505 4598 stulasti
2538 4547 2602 4597 ut
2634 4543 3000 4616 privilegium
3032 4543 3442 4616 episcoporum
3475 4545 3543 4598 de
3569 4538 3733 4627 eode?“
3757 4541 3833 4583 ω’

511 4621 669 4680 libus
690 4627 896 4684 usibus
909 4630 1044 4699 jure
1075 4631 1287 4688 collata
1317 4634 1428 4688 sub
1449 4633 1761 4704 cujuslibet
1783 4652 1970 4691 causae
1993 4655 2162 4694 occa-

513 4710 696 4778 sione,
713 4713 831 4770 sive
854 4718 1403 4792 specie,quidquam
1431 4721 1692 4779 minuere
1716 4723 1801 4779 vel
1825 4725 2071 4793 auferre,
2107 4732 2162 4782 et

515 4796 634 4852 sive
655 4798 778 4855 suis
800 4803 1004 4859 usibus
1027 4807 1430 4878 applicare,vel
1448 4809 1580 4866 aliis
1598 4811 1786 4884 (quasi
1812 4813 1921 4884 piis
1944 4816 2161 4883 causis)

516 4899 620 4972 pro
650 4902 767 4942 sua:
796 4891 1047 4947 avaritiae
1077 4898 1448 4954 excusatione
1477 4906 1797 4972 praesumat
1822 4904 2155 4972 concedere,

517 4971 617 5060 sed
641 4980 859 5060 cuncta
877 4994 1003 5049 qum
1035 4983 1286 5050 praefatis
1307 4971 1512 5042 usibus
1534 4989 1976 5060 monachorum,
2000 4996 2052 5047 et
2075 5008 2161 5047 ec.

518 5056 704 5113 clesiae
735 5071 1230 5138 ornamentorum,
1253 5071 1340 5126 vel
1372 5073 1841 5145 luminariorum,
1882 5079 2156 5134 matricu-

517 5145 818 5215 lariorum,
842 5149 1162 5227 hospitum,
1191 5163 1248 5213 et
1286 5176 1606 5233 pauperum
1647 5166 1842 5221 oblata
1879 5171 2036 5233 sunt,
2068 5167 2155 5223 vel

518 5235 708 5290 offerri
741 5238 1109 5312 contigerint,
1135 5247 1373 5314 perenni
1419 5253 1680 5322 tempore
1727 5253 1949 5310 illibata
1977 5261 2033 5310 et
2061 5256 2156 5310 in-

515 5323 813 5392 convulsa,
838 5342 904 5380 ac
926 5327 1051 5383 sine
1071 5329 1267 5402 aliqua
1297 5334 1702 5406 inquietudine
1723 5357 1924 5397 eorum
1949 5343 2154 5400 usibus

514 5428 617 5482 pro
631 5429 880 5484 quorum
894 5420 1316 5476 sustentatione
1331 5423 1864 5500 gubernationeque
1881 5448 2157 5488 concessa

512 5504 671 5569 sunt,
704 5501 895 5561 modis
924 5507 1200 5563 omnibus
1240 5509 1543 5580 profutura
1588 5524 1988 5584 permaneant.
2023 5524 2152 5576 Haec

511 5584 689 5655 igitur
715 5593 913 5650 omnia
941 5611 1070 5668 quae
1118 5596 1459 5668 hujusmodi
1509 5603 1778 5674 praecepti
1824 5606 2152 5680 decretique

2271 4631 2526 4686 nasterio
2555 4632 2773 4686 factum
2820 4636 3020 4687 nostro
3059 4632 3383 4706 privilegio,
3407 4633 3520 4686 imo
3564 4622 3719 4697 magi!
3740 4629 3831 4706 8P0:

2271 4719 2553 4776 stolorum
2583 4719 2888 4792 principis,
2923 4700 3333 4778 roboraremus
3364 4700 3701 4779 auctoritate,
3726 4700 3830 4803 quod

2270 4808 2648 4864 licentissime
2670 4809 2993 4864 secundum
3018 4814 3179 4866 tuam
3203 4807 3647 4866 benevolentiam
3674 4797 3830 4884 petitio:

2270 4913 2403 4951 nem
2459 4896 2735 4952 fulcimus
2773 4914 2784 4950 :
2821 4898 3162 4954 auctoritate
3211 4899 3503 4970 siquidem
3554 4889 3685 4949 beati
3730 4884 3828 4938 Ρείη

2269 4985 2666 5057 apostolorum
2696 4987 2980 5058 principis
3005 4988 3102 5059 qui
3126 4991 3472 5058 potestatem
3502 4976 3829 5056 ligaudiat‘lue

2269 5075 2527 5131 solvendi
2574 5094 2607 5130 a
2651 5076 2898 5131 Domino
2947 5077 3169 5148 accepit
3205 5078 3408 5149 (Matth.
3442 5076 3570 5141 xw).
3614 5066 3827 5136 cujusque

2266 5179 2370 5216 nos
2401 5161 2597 5217 vicarii
2630 5163 3320 5230 existimus,'stabilimus
3371 5169 3435 5219 ut
3491 5162 3603 5232 ipse
3651 5151 3828 5239 sanctus

2262 5248 2425 5307 locus
2456 5251 2605 5318 sicut
2637 5268 2838 5323 regum
2875 5229 3195 5324 praeceptis,
3224 5257 3279 5308 et
3301 5229 3603 5323 privilegiis
3622 5229 3828 5332 apoSlOIi'

2263 5339 2345 5395 cis
2366 5345 2453 5395 est
2492 5339 2693 5407 fultus,
2727 5357 2829 5411 per
2876 5341 3075 5396 omnia
3107 5347 3388 5413 tempora,
3413 5339 3532 5394 sine
3559 5327 3827 5419 repetiti?ne

2261 5430 2662 5499 cujuscunque
2695 5427 2950 5500 episcopi
2991 5429 3288 5486 Parisiacae
3321 5429 3495 5491 sedis,
3518 5427 3606 5480 aut
3632 5416 3826 5503 alicullls

2253 5515 2575 5588 judiciarize
2622 5517 2950 5588 potestatis,
2974 5518 3061 5574 vel
3103 5520 3498 5590 cujuscunque
3528 5501 3826 5584 praepotentis

2261 5604 2536 5672 hominis,
2565 5621 2794 5676 semper
2827 5605 2980 5662 sicut
3011 5611 3286 5681 pranptat
3314 5611 3370 5661 et
3413 5599 3610 5674 expetit
3636 5596 3826 5650 benevo-
