3992 6150
266 333 388 400 829

1491 330 1899 406 EPISTOLIE
1938 328 2044 393 ET
2086 328 2479 395 DECRETA.

3569 330 3689 398 830

266 468 569 543 religionis
599 485 780 526 causa
835 467 1107 542 conjugia
1150 468 1358 525 debere
1407 466 1647 525 dissolvi
1696 467 1921 533 dicunt,
1953 463 2010 532 Α
2038 481 2461 539 nunquamque
2484 464 2639 523 sedis
2661 463 2996 539 apostolicae
3015 464 3373 523 mentionem
3395 466 3690 537 fecisset,a

269 557 574 614 sciendum
606 562 696 613 est
725 558 882 629 quia,
922 557 1029 613 etsi
1063 558 1171 613 hoc
1202 558 1462 613 humana
1493 557 1781 613 concessit
1810 556 1922 624 lex,

264 650 462 702 tamen
486 645 685 701 divina
708 646 1030 719 prohibeat.
1057 647 1199 703 Ecce
1224 647 1721 719 quemadmodum
1745 646 1926 718 impe-

265 734 393 791 riali
414 736 644 808 judicio
666 753 779 791 non
810 740 1057 808 possunt
1078 736 1472 793 ecclesiastica
1484 738 1624 808 jura
1643 735 1880 792 dissolvi
1906 753 1920 791 :

264 840 394 880 ecce
420 824 676 897 qualiter
699 826 853 897 quod
884 824 973 881 lex
1002 826 1264 881 humana
1285 826 1593 893 concessit,
1618 825 1709 881 lex
1729 825 1925 881 divina

261 913 726 986 prohibeat.Non
740 914 895 986 quod
914 913 1334 987 imperotorum
1351 914 1754 988 leges,quibus
1772 931 1924 987 saepe

262 1001 523 1058 Ecclesia
546 1002 700 1059 circa
722 1003 1023 1060 hmreticos
1045 1003 1248 1062 utitur.
1266 1021 1421 1077 saepe
1444 1005 1598 1063 circa
1618 1009 1919 1078 tyrannos,

262 1095 444 1162 atque
464 1091 620 1146 circa
642 1108 850 1163 pravos
880 1109 1143 1164 quosque
1172 1093 1523 1165 defenditur,
1540 1094 1807 1149 dicamus
1830 1110 1926 1166 pe-

262 1180 429 1235 nitus
450 1180 780 1236 renuendas
803 1197 816 1234 :
838 1182 938 1236 sed
963 1182 1117 1252 quod
1141 1198 1238 1237 eas
1259 1182 1625 1255 evangelicis,
1651 1183 1923 1255 apostoli-

259 1268 369 1339 cis,
395 1273 573 1341 atque
616 1268 913 1325 canonicis
959 1270 1458 1343 decretis,quibus
1506 1272 1922 1344 postponendaa

260 1361 423 1425 sunt,
451 1357 681 1414 nullum
705 1375 875 1431 posse
898 1358 1109 1415 inferre
1132 1360 1539 1432 praejudicium
1561 1377 1919 1416 asseramus.

259 1446 610 1518 Quanquam
643 1444 997 1518 scripseritis
1027 1446 1446 1519 appellationes
1467 1448 1597 1519 ejus
1622 1448 1923 1503 frustrato-

262 1534 402 1602 rias,
428 1534 832 1591 excusationes
863 1552 928 1591 ac
960 1535 1268 1592 dilationes
1301 1537 1484 1592 fuisse
1515 1541 1743 1597 tantum
1777 1552 1919 1607 que-

263 1629 482 1693 rentes,
498 1624 653 1697 quod
677 1616 895 1697 quibus
917 1626 1283 1697 argumentis
1304 1625 1571 1691 firmetis,
1595 1626 1918 1698 praesertim

259 1730 396 1770 cum
415 1713 812 1769 annuentibus
834 1712 946 1770 sibi
969 1714 1293 1770 canonibns
1315 1715 1696 1787 apostolicam
1720 1716 1918 1771 sedem

256 1802 589 1901 appellasse
639 1802 980 1902 solemniter
1025 1798 1311 1874 videatur,
1352 1822 1468 1860 non
1521 1805 1686 1862 facile
1738 1809 1912 1878 patet.
1944 1834 1995 1903 Β

258 1892 486 1963 Quippe
511 1908 645 1946 cum
669 1908 840 1947 nemo
863 1891 1027 1960 sciat,
1051 1893 1378 1948 secundum
1400 1894 1661 1950 veritatis
1682 1899 1919 1951 attesta-

257 1980 653 2052 tionem,qua2
680 1984 821 2035 sunt
866 1981 925 2036 in
956 1980 1215 2048 homine,
1240 1982 1352 2038 nisi
1374 1982 1618 2054 spiritus
1657 1985 1785 2054 ejus
1815 1984 1914 2056 qui

258 2069 316 2125 iu
350 2069 481 2141 ipso
506 2073 614 2125 est.
641 2072 690 2137 (1
716 2069 836 2126 Cor.
863 2070 1105 2141 ll)..Quis
1128 2074 1322 2126 autem
1358 2071 1577 2127 nesciat
1596 2073 1916 2129 constituta

258 2157 629 2214 Sardicensis
659 2156 938 2214 concilii?
987 2175 1117 2231 quae
1148 2159 1494 2232 praecipiunt
1524 2164 1654 2233 post
1692 2160 1915 2233 aliquot

258 2245 520 2318 capitulo
550 2250 758 2318 quarto
784 2264 796 2302 :
827 2247 885 2303 Si
920 2246 1052 2319 quis
1078 2248 1389 2321 episcopus
1410 2250 1710 2321 judicatus
1743 2250 1915 2306 fuerit

261 2334 320 2390 in
353 2335 556 2408 aliqua
583 2352 782 2404 causa,
808 2340 863 2392 et
886 2337 1175 2408 putaverit
1206 2353 1268 2393 se
1299 2338 1511 2394 bonam
1545 2356 1781 2395 causam
1814 2340 1913 2396 ha-

259 2424 421 2493 bere,
442 2429 508 2479 ut
537 2424 753 2481 iterum
783 2425 1096 2482 concilium
1125 2426 1458 2501 [judicium]
1502 2432 1828 2496 renovetur,
1861 2430 1910 2485 si

254 2513 424 2569 vobis
454 2512 663 2587 placet,
683 2514 871 2570 sancti
904 2515 1052 2571 Petri
1077 2515 1323 2589 apostoli
1355 2517 1696 2573 memoriam
1730 2518 1912 2575 hono-

256 2619 463 2658 remus
485 2606 549 2658 ut
570 2602 863 2659 scribatur
880 2604 954 2659 ab
983 2604 1072 2659 his
1094 2605 1193 2677 qui
1218 2622 1457 2661 causam
1479 2607 1909 2676 examinarunt,

252 2690 412 2747 Julio
431 2692 694 2748 Romano
712 2692 1069 2765 episcopo,et
1081 2694 1131 2749 si
1144 2695 1495 2766 judicaverit
1511 2698 1908 2771 renovandum

252 2798 384 2837 esse
408 2780 727 2853 judicium,
760 2787 1090 2849 renovetur,
1113 2788 1169 2839 et
1198 2784 1297 2839 det
1317 2784 1551 2855 judices
1584 2802 1597 2840 :
1632 2785 1681 2841 si
1713 2791 1908 2842 autem

252 2870 588 2943 probaverit
608 2870 783 2927 talem
804 2888 1043 2927 causam
1064 2889 1192 2929 esse
1210 2878 1276 2929 ut
1294 2891 1408 2929 non
1431 2873 1750 2943 refricetur,
1772 2893 1910 2947 prae-

252 2959 461 3016 sertim
509 2977 639 3032 qua:
686 2964 819 3015 acta
874 2964 1013 3016 sunt
1070 2961 1118 3017 si
1179 2962 1514 3031 decreverit,
1564 2965 1910 3021 confirmata

251 3052 449 3104 erunt.
477 3048 619 3104 Item
668 3048 854 3121 capite
906 3054 1126 3117 octavo,
1146 3050 1319 3107 Osius
1365 3051 1675 3126 episcopus
1722 3053 1904 3111 dixit:

252 3135 481 3192 Placuit
510 3141 811 3206 autem,ut
838 3138 885 3193 si
941 3138 1074 3212 quis
1130 3139 1537 3213 episcoporum
1598 3148 1908 3200 accusatus

2033 555 2218 621 vobis,
2236 556 2336 628 qui
2362 572 2600 611 causam
2624 556 2751 628 ejus
2773 556 3174 623 examinastis,
3200 557 3481 612 memoria
3502 558 3686 613 sancti

2034 644 2188 699 Petri
2222 645 2494 700 honorari
2518 647 2816 712 debuerat,
2834 649 3008 717 atque
3031 646 3081 701 ei
3107 645 3427 717 praescribi,
3448 650 3513 701 ut
3533 645 3582 701 si
3596 648 3691 719 ju-

2034 734 2253 789 dicaret
2286 735 2681 790 renovandum
2718 751 2847 790 esse
2870 735 3189 807 judicium,
3216 740 3608 801 renovaretur,
3632 738 3690 791 et

2032 823 2197 878 daret
2219 823 2472 895 judices.
2499 824 2690 879 Verba
2718 829 2869 879 certe
2902 822 3081 898 Vorte,
3112 822 3201 879 vel
3248 828 3419 880 certe.
3454 825 3685 892 HxaoJ,

2032 912 2187 967 sicut
2207 913 2481 985 superius
2502 912 3110 981 commemoravimus,
3127 929 3195 968 ex
3211 913 3476 983 ejusdem
3497 914 3661 969 conci

2031 1000 2091 1056 lii
2126 1001 2447 1065 sanctione,
2470 1003 2623 1074 quod
2659 1002 2706 1057 si
2737 1003 2981 1075 probata
3000 1002 3352 1071 viderentur,
3377 1007 3679 1060 statueret.

2032 1092 2143 1146 Sed
2175 1092 2316 1163 quid
2357 1092 2574 1147 mirum
2606 1091 2701 1158 sit,
2726 1090 2835 1147 hoc
2866 1091 2924 1146 in
2957 1092 3233 1164 despectu
3284 1092 3683 1163 apostolorum

2031 1180 2312 1252 principis
2326 1198 2425 1236 vos
2456 1180 3047 1252 contempsisse,cum
3071 1180 3143 1235 ad
3175 1180 3453 1251 injuriam
3485 1197 3685 1237 sacro-

2033 1287 2163 1324 rum
2186 1276 2569 1337 canonum,et
2588 1269 3007 1326 venerabilium
3032 1271 3430 1327 Romanorum
3458 1269 3687 1343 pontiﬁ-

2031 1373 2164 1413 cum
2197 1359 2583 1427 decretorum,
2609 1364 2973 1432 perpetrasse
3006 1359 3197 1415 adhuc
3227 1360 3394 1433 pejus
3421 1359 3684 1416 invenia-

2030 1448 2215 1503 mini?
2235 1448 2475 1516 scilicet,
2504 1453 2570 1504 ut
2600 1453 2732 1521 post
2764 1448 3211 1522 appellationem
3240 1452 3297 1504 et
3327 1447 3684 1505 reclamatio-

2028 1554 2163 1592 nem
2194 1537 2463 1603 Rothadi,
2489 1537 2547 1592 in
2570 1538 2849 1593 cathedra
2878 1537 3066 1609 ipsius
3095 1536 3343 1593 alterum
3376 1554 3682 1593 consecra-

2030 1626 2171 1683 retis
2203 1625 2352 1699 [ediL
2386 1628 2537 1682 Rom.
2571 1626 3107 1697 consecraveritis]:
3142 1644 3276 1682 cum
3322 1627 3381 1681 id
3430 1627 3682 1683 manife-

2029 1715 2291 1771 stissime
2322 1733 2355 1771 a
2387 1716 2571 1771 sacris
2620 1714 2839 1789 regulis
2872 1719 3099 1771 constet
3129 1733 3256 1772 esse
3304 1714 3584 1781 alienum,
3618 1719 3685 1773 ut

2030 1804 2156 1860 loco
2178 1805 2428 1877 depositi
2457 1804 2694 1861 omnino
2727 1822 2841 1861 non
2865 1805 3190 1869 ordinetur,
3214 1804 3328 1861 nisi
3350 1821 3528 1860 causa
3556 1805 3681 1861 fue-

2028 1894 2103 1949 rit
2128 1895 2185 1950 in
2208 1894 2433 1966 judicio
2464 1892 2718 1967 episcopi
2752 1894 2997 1950 Romani
3030 1892 3435 1950 determinata.
3456 1894 3566 1949 Sed
3594 1893 3681 1949 di-

2027 1982 2176 2051 citis,
2200 1987 2335 2055 post
2363 1982 2812 2055 appellationem
2840 1982 3167 2055 apostolica:
3198 1982 3353 2038 sedis
3386 1981 3552 2037 illum
3581 1999 3679 2039 vo-

2024 2090 2150 2129 cem
2184 2076 2540 2140 mutasse,et
2568 2073 2974 2144 episcoporum
3021 2071 3332 2128 concilium
3366 2071 3677 2144 expetisse.

2023 2161 2246 2226 Quibus
2279 2179 2413 2216 cum
2454 2178 2593 2234 pace
2631 2165 2823 2217 vestra
2862 2161 3130 2227 fatemur,
3161 2160 3431 2232 quamvis
3471 2161 3678 2217 vestris

2023 2249 2449 2306 assertionibus
2470 2250 2642 2305 fidem
2664 2248 3133 2315 adhibeamus,et
3154 2248 3237 2303 ita
3258 2247 3463 2304 fecisse
3483 2247 3674 2303 illum.

2022 2338 2300 2412 quoniam
2327 2356 2438 2396 non
2463 2343 2553 2395 est
2574 2339 2728 2411 quod
2754 2338 2938 2411 possit
2955 2355 3069 2393 non
3088 2337 3241 2393 credi
3263 2337 3673 2405 sanctimonia,

2019 2429 2299 2485 veraciter
2330 2433 2669 2484 teneamus:
2694 2432 2891 2482 tamen
2917 2444 3033 2499 qua
3062 2426 3170 2482 hoc
3201 2425 3522 2482 intentione
3544 2441 3676 2498 ege-

2021 2517 2097 2573 rit
2120 2518 2212 2591 (a),
2237 2517 2324 2573 vel
2356 2519 2508 2590 quod
2543 2517 2591 2572 si
2625 2517 3018 2590 interrogetur
3047 2533 3081 2571 a
3112 2513 3299 2582 nobis,
3326 2516 3677 2587 respondere

2020 2605 2256 2679 penitus
2279 2623 2391 2662 non
2419 2607 2864 2679 ignoramus,ut
2893 2604 3046 2660 sicut
3074 2604 3134 2659 in
3166 2603 3317 2672 aliis,
3351 2608 3410 2660 et
3440 2603 3676 2660 incerta:

2021 2695 2101 2751 rei
2116 2696 2359 2750 dubium
2376 2712 2562 2767 usque
2577 2695 2836 2766 [forte,ob
2850 2695 3085 2749 incertae
3103 2694 3183 2749 rei
3203 2692 3447 2748 dubium
3463 2710 3671 2766 usque,

2020 2784 2224 2856 Hane]
2237 2785 2308 2839 ad
2326 2784 2631 2857 utriusque
2649 2783 2832 2857 partis
2849 2782 3339 2838 examinationem
3358 2782 3555 2852 procul
3570 2783 3675 2837 du-

2018 2874 2115 2929 bio
2147 2879 2451 2930 remeetur.
2478 2874 2759 2929 Praeterea
2803 2872 3224 2928 fraternitatem
3256 2875 3509 2927 vestram
3554 2888 3671 2927 non

2018 2962 2312 3019 credimus
2341 2963 2629 3035 ignorare,
2664 2966 2800 3017 ante
2841 2962 2913 3016 ad
2953 2961 3190 3016 fratrem
3220 2964 3487 3015 nostrum
3518 2959 3671 3015 Rhe-

2018 3067 2249 3107 morum
2280 3051 2619 3124 episcopum
2650 3049 3010 3122 apostolatus
3050 3048 3233 3103 nostri
3272 3064 3379 3103 nos
3419 3047 3672 3104 misisses

2018 3139 2311 3212 apices,ut
2332 3146 2433 3195 aut
2453 3139 2791 3212 saepefatum
2818 3137 3043 3194 Rothad
3055 3154 3150 3193 um
3173 3134 3562 3191 venerabilem
3584 3135 3671 3191 in-

254 3225 453 3293 fuerit,
481 3230 538 3282 et
560 3203 975 3297 judicaverint.
997 3203 1347 3301 congregati.
1369 3230 1626 3306 episcopi
1658 3233 1907 3303 regionis
1936 3203 1981 3273 ο
2019 3203 2107 3284 fra
2126 3203 2366 3301 triginta
2389 3228 2514 3284 dies
2536 3203 2668 3300 post
2688 3227 3016 3283 litterarum
3040 3229 3373 3281 nostrarum
3397 3224 3507 3280 sibi
3532 3224 3669 3280 mis-

250 3314 531 3385 ipsius,et
552 3315 622 3371 de
637 3316 823 3388 gradu
842 3333 949 3372 suo
972 3333 1105 3373 eum
1128 3318 1518 3388 dejecerint,si
1538 3320 1911 3392 appellaverit

249 3403 357 3474 qui
390 3403 654 3475 dejectus
684 3408 790 3471 est,
806 3408 861 3460 et
881 3405 1209 3478 confugerit
1239 3407 1310 3461 ad
1341 3406 1679 3481 episcopum
1702 3410 1909 3467 Roma-

251 3509 346 3547 na!
371 3491 736 3559 Ecclesiae,et
753 3493 1001 3549 voluerit
1024 3512 1084 3550 se
1108 3495 1382 3565 audiri,si
1407 3497 1637 3566 justum
1662 3503 1908 3570 putave-

244 3581 345 3647 rit,
376 3584 443 3636 ut
475 3584 785 3637 renovetur
814 3599 1077 3650 examen,
1107 3583 1359 3640 scribere
1403 3585 1495 3640 his
1526 3584 1788 3643 ecclesiis
1818 3588 1904 3644 di-

243 3674 483 3742 gnetur,
514 3686 643 3742 quae
672 3670 731 3726 in
764 3671 1013 3726 finitima
1042 3677 1100 3727 et
1128 3672 1392 3745 proxima
1420 3674 1716 3746 provincia
1746 3681 1902 3745 sunt,

242 3765 312 3813 nt
342 3757 459 3830 ipsi
493 3757 805 3832 diligenter
834 3760 1072 3816 omnino
1104 3761 1424 3833 requirant,
1450 3766 1506 3818 et
1527 3764 1699 3834 juxta
1728 3765 1903 3821 ﬁdem

239 3846 554 3903 charitatis
586 3848 899 3905 difﬁniant.
924 3849 1087 3914 Quod
1118 3849 1167 3905 si
1200 3850 1251 3905 is
1299 3852 1399 3923 qui
1450 3857 1617 3926 rogat
1662 3870 1901 3911 causam

240 3953 415 3992 suam
443 3936 661 3992 iterum
695 3938 907 4005 audiri,
930 3938 1336 4011 deprecatione
1368 3958 1476 3996 sua
1505 3942 1752 3998 moverit
1780 3943 1899 4015 epi-

236 4041 491 4098 scopum
518 4026 940 4094 Romanum,ut
960 4044 990 4082 e
1010 4026 1191 4083 latere
1212 4044 1318 4084 suo
1341 4030 1744 4102 presbyterum
1773 4031 1902 4087 mit-

236 4117 345 4182 tat,
370 4113 484 4168 erit
521 4113 582 4169 in
629 4119 911 4186 potestate
958 4116 1235 4188 episcopi,
1269 4117 1411 4190 quid
1458 4118 1615 4188 velit,
1667 4123 1725 4174 et
1755 4122 1897 4193 quid

235 4200 510 4258 aestimet.
532 4204 604 4259 Et
633 4203 685 4259 si
714 4200 1033 4260 decreverit
1076 4205 1397 4262 mittendos
1445 4223 1594 4273 esse,
1618 4208 1715 4280 qui
1748 4226 1899 4281 prae-

235 4295 436 4347 sentes
458 4308 596 4347 cum
614 4292 907 4365 episcopis
933 4292 1223 4365 judicent,
1243 4293 1526 4351 habentes
1548 4297 1675 4367 ejus
1705 4302 1899 4354 aucto-

235 4380 474 4437 ritatem
500 4397 534 4436 a
554 4396 671 4453 quo
701 4382 976 4438 destinati
1005 4387 1164 4449 sunt,
1181 4382 1291 4438 erit
1320 4382 1378 4438 in
1412 4400 1518 4440 suo
1549 4385 1810 4442 arbitrio.
1837 4386 1896 4442 Si

232 4486 369 4525 vero
394 4469 708 4526 crediderit
727 4470 1029 4543 episcopos
1054 4471 1339 4539 sufﬁcere,
1355 4475 1420 4526 ut
1441 4474 1669 4545 negotio
1702 4475 1897 4530 termi-

2018 3334 2144 3373 sam
2168 3316 2473 3389 epistolam
2497 3317 2743 3389 pristino
2772 3315 2980 3391 gradui
3016 3313 3365 3385 restitueret,
3390 3316 3491 3369 aut
3530 3330 3665 3368 eum

2017 3422 2151 3461 cum
2182 3406 2389 3462 idoneo
2422 3423 2527 3461 suo
2558 3405 2770 3479 legato,
2799 3406 2847 3459 si
2879 3404 3005 3477 ipse
3034 3402 3231 3459 venire
3282 3419 3396 3457 non
3447 3405 3662 3473 posset,

2016 3512 2133 3550 una
2149 3511 2282 3550 cum
2302 3493 2737 3551 accusatoribus
2752 3494 3010 3565 ejusdem
3027 3491 3209 3560 viri,si
3228 3494 3424 3546 tamen
3442 3494 3666 3558 essent,

2016 3588 2192 3655 atque
2224 3601 2359 3639 cum
2418 3583 2776 3656 presbytero,
2800 3582 2901 3654 qui
2940 3598 3118 3637 causa
3164 3579 3506 3652 dejectionis
3536 3579 3665 3650 ejus

2015 3672 2142 3739 fuit,
2164 3673 2439 3728 misisset.
2460 3673 2621 3738 Quod
2645 3671 2692 3727 si
2721 3675 2993 3727 neutrum
3016 3686 3186 3742 agere
3206 3668 3504 3736 voluisset,
3535 3670 3667 3740 post

2012 3761 2253 3833 triginta
2274 3762 2397 3817 dies
2429 3761 2713 3834 praeﬁxos,
2734 3776 2838 3815 nec
2869 3759 3013 3831 ipse,
3034 3775 3138 3814 nec
3162 3757 3410 3831 quilibet
3438 3756 3663 3829 episco-

2012 3867 2243 3922 porum,
2264 3850 2363 3923 qui
2394 3850 2455 3905 in
2487 3849 2845 3923 depositione
2874 3846 3099 3921 praefati
3129 3846 3382 3919 episcopi
3417 3862 3660 3902 consen-

2011 3943 2227 4001 serant.
2248 3939 2544 3995 licentiam
2568 3938 2882 3994 missarum
2906 3935 3193 3993 solemnia
3213 3934 3543 3992 celebrandi
3568 3952 3663 4007 pe-

2010 4028 2170 4084 nitus
2199 4028 2565 4094 habuissent,
2585 4043 2895 4099 quousque
2928 4042 3058 4098 quaa
3087 4024 3403 4081 salubriter
3430 4025 3662 4079 decreta

2009 4118 2177 4173 nobis
2199 4121 2415 4181 essent,
2430 4116 2767 4172 obedienter
2787 4132 2851 4171 ac
2872 4113 3121 4186 pleniter
3142 4114 3213 4168 ad
3235 4113 3503 4168 effectum
3531 4129 3662 4167 con-

2008 4204 2422 4262 summationis
2443 4204 2846 4276 perducerent.
2868 4202 2978 4257 Sed
3000 4202 3071 4256 ad
3091 4201 3309 4272 scripta
3324 4204 3515 4255 vestra
3538 4203 3662 4254 ten-

2006 4293 2377 4363 dentes,qua:
2406 4307 2564 4346 nunc
2604 4306 2706 4362 per
2738 4291 2976 4345 fratrem
3009 4293 3066 4344 et
3110 4288 3520 4360 coepiscopum
3553 4304 3656 4343 no-

2006 4385 2193 4436 strum
2226 4380 2485 4435 Odoncm
2529 4379 2600 4434 ad
2634 4379 2831 4435 sedem
2874 4375 3255 4448 apostolicam
3296 4374 3653 4443 destinastis,

2005 4469 2336 4526 invenimus
2358 4470 2482 4539 jam
2513 4468 2732 4523 dictum
2756 4466 3195 4523 sanctissimum
3217 4464 3406 4519 virum
3430 4463 3655 4535 judicio

232 4575 380 4614 num
412 4557 745 4631 imponant,
766 4558 941 4614 faciet
978 4560 1134 4631 quod
1182 4560 1619 4632 sapientissimo
1651 4563 1896 4619 consilio
1925 4564 1972 4630 1)
2004 4576 2069 4615 ac
2100 4576 2390 4615 consensu
2432 4561 2645 4623 vestro,
2675 4562 2732 4613 et
2770 4556 3109 4629 episcopatu
3160 4552 3473 4625 privatum,
3507 4557 3563 4608 et
3595 4553 3652 4608 in

221 4646 601 4718 judicaverit.
630 4646 741 4703 Sed
782 4647 935 4702 sicut
980 4646 1040 4702 in
1089 4648 1534 4720 suggestionum
1564 4655 1890 4709 vestrarum

229 4734 569 4792 invenimus
599 4734 853 4807 scriptis,
880 4752 996 4791 non
1022 4734 1298 4792 habuisse
1329 4736 1662 4794 Rothadum
1694 4740 1889 4813 appel-

227 4821 472 4880 lationis
500 4840 699 4879 vocem
758 4823 1053 4880 affirmare
1109 4824 1423 4892 conamini,
1458 4842 1523 4881 eo
1555 4828 1709 4898 quod
1771 4845 1887 4885 non

228 4910 509 4968 habuerit
547 4912 761 4969 bonam
792 4929 1032 4969 causam
1065 4929 1079 4968 :
1112 4929 1247 4968 cum
1287 4917 1515 4970 constet
1544 4916 1886 4988 saepefatum

230 4999 570 5057 Rothadum
603 5019 789 5076 usque
819 5001 994 5058 hodie
1033 5002 1247 5058 bonam
1290 5018 1353 5058 se
1402 5002 1615 5060 habere
1645 5021 1885 5062 causam

230 5094 458 5160 putare,
484 5095 540 5146 et
566 5091 963 5148 venerandum
1000 5090 1336 5158 concilium,
1369 5109 1485 5148 non
1529 5092 1719 5149 solum
1751 5110 1885 5150 eum

228 5178 332 5249 qui
367 5195 608 5235 causam
638 5179 836 5248 habet,
865 5180 968 5236 sed
1000 5183 1057 5235 et
1087 5178 1255 5235 illum
1287 5181 1388 5252 pui
1422 5198 1481 5237 se
1512 5181 1723 5238 bonam
1755 5199 1886 5239 cau-

228 5284 358 5323 sam
382 5267 598 5325 habere
613 5268 820 5326 saltem
843 5268 1153 5342 putaverit,
1168 5270 1365 5326 sedem
1383 5270 1762 5343 apostolicam
1787 5288 1884 5345 ap-

225 5355 448 5428 pellare
469 5358 893 5430 permiserit,et
914 5360 1092 5432 hujus
1113 5361 1186 5416 ab
1209 5377 1277 5416 ea
1307 5362 1702 5417 renovandum
1719 5362 1880 5433 judi-

225 5444 387 5501 cium
418 5446 753 5504 decreverit.
773 5449 1023 5505 Maxime
1053 5466 1186 5505 cum
1210 5450 1382 5520 juxta
1402 5450 1877 5507 constitutionem

221 5539 447 5591 sanctae
466 5535 645 5608 hujus
660 5538 1126 5610 synodi,etiamsi
1149 5554 1454 5610 nunquam
1477 5537 1873 5610 reclamasset,

298 5627 377 5692 (α)
411 5624 598 5681 Locus
628 5627 933 5684 obscurus.

2002 4647 2355 4705 monasterio
2387 4647 2669 4702 hactenus
2699 4662 2827 4701 esse
2872 4648 3168 4699 retrusum
3197 4658 3210 4697 :
3238 4642 3478 4713 insuper
3506 4644 3562 4696 et
3592 4642 3651 4696 in

1998 4737 2278 4793 cathedra
2297 4736 2485 4810 ipsius
2504 4735 2748 4791 alterum
2767 4733 3106 4805 episcopum
3122 4727 3648 4796 ordinatum.Quod

2000 4841 2177 4899 quam
2196 4826 2271 4882 sit
2288 4823 3032 4893 exsecrandum,quamque
3054 4838 3087 4875 a
3110 4818 3280 4875 nobis
3303 4818 3465 4874 nulla
3486 4818 3650 4891 peni-

1997 4919 2094 4971 tus
2117 4914 2397 4986 patientia
2418 4911 2779 4968 tolerandum
2796 4952 2809 4975 ,
2826 4909 2939 4965 dici
2963 4927 3077 4965 non
3111 4906 3402 4981 praevalet,
3418 4907 3649 4963 etiamsi

1997 5003 2190 5059 cuncti
2213 5001 2472 5074 corporis
2490 5004 2652 5055 artus
2667 5002 2966 5054 vertantur
2984 4998 3041 5053 in
3058 4996 3311 5071 linguas.
3326 4997 3489 5053 Certe
3506 4997 3647 5053 dum

1997 5090 2426 5165 suggestiones,
2441 5088 2772 5153 relationes,
2793 5086 3502 5160 preces,consultavestrze
3520 5103 3648 5140 san-

1994 5181 2214 5237 ctitatis
2236 5178 2470 5251 scriptis
2492 5182 2666 5250 atque
2685 5176 2877 5232 verbis
2898 5175 3116 5232 nostris
3134 5174 3381 5231 fuissent
3400 5174 3644 5230 auribus

1992 5271 2452 5335 inculcata,mox
2474 5271 2665 5323 mente
2685 5266 3084 5338 concepimus,
3100 5271 3156 5321 et
3179 5283 3322 5337 pene
3344 5266 3553 5319 cuncta
3577 5266 3645 5316 ut

1991 5375 2386 5419 annueremus
2426 5361 2598 5429 atque
2638 5355 3078 5430 indulgeremus
3110 5353 3532 5426 disposuimus.
3566 5351 3643 5405 At

1989 5450 2087 5505 ubi
2108 5447 2382 5521 injuriam
2408 5445 2590 5502 sancti
2612 5444 2945 5511 Petri,sedis
2963 5442 3293 5516 apostolicae
3314 5437 3643 5511 privilegio-

1986 5556 2120 5596 rum
2137 5535 2601 5603 immunitiones,
2618 5551 2918 5590 sacrorum
2941 5546 3228 5589 canonum
3252 5526 3639 5584 conculcatio-
