3992 6150
363 260 482 336 831

1737 276 2055 343 NICOLAI
2097 275 2330 342 ΡΑΡιΕ
2369 276 2421 342 Ι.

3622 278 3727 353 839

362 423 496 465 nem
528 408 961 482 perspeximus;
1002 410 1147 471 nihil
1179 412 1476 488 potuimus
1503 412 1667 472 vobis
1699 414 2007 488 propinare
2039 396 2086 480 Α
2120 416 2177 469 et
2191 413 2317 470 sine
2334 413 2675 486 pmnitentia
2692 414 3136 471 condemnatur.
3149 414 3291 472 Nam
3304 415 3731 481 fructusdivinus

364 497 824 573 dulcedinis,qui
847 501 949 557 toti
970 503 1253 558 nimirum
1279 503 1481 577 repleti
1509 521 1715 561 sumus
1739 504 2015 559 amaritu-

365 585 826 662 dine.Siquidem
852 608 881 646 e
902 593 1190 647 contrario
1212 611 1315 666 pro
1342 595 1483 649 tanti
1507 597 1874 666 contemptus
1895 610 2016 648 mo-

361 673 415 731 le
435 676 612 751 digna
630 696 729 735 vos
752 679 1251 738 animadversione
1269 684 1550 740 canonica
1576 684 1878 739 severitate
1903 699 2016 738 me-

365 764 473 822 rito
496 768 859 840 puniremus,
885 770 997 825 nisi
1021 772 1339 843 apostolica
1362 774 1684 828 moderatio
1708 772 2013 845 paululum

362 872 471 911 nos
489 856 556 911 ad
580 858 1145 930 magnanimitatem,
1162 866 1217 916 et
1237 866 1429 917 vestra
1449 862 1678 917 dilectio
1707 879 2014 934 provocas-

364 948 470 998 Set.
488 946 646 1010 Quod
667 952 860 1002 autem
888 948 1142 1020 qualiter
1160 949 1219 1005 in
1243 968 1342 1005 vos
1361 956 1756 1023 competenter
1772 955 1827 1007 et
1850 968 2017 1024 regu-

363 1029 562 1087 lariter
582 1050 1004 1103 exerceremus,
1028 1036 1138 1110 ipsi
1170 1056 1274 1095 nos
1307 1040 1515 1095 litteris
1537 1040 1746 1095 vestris
1767 1040 2011 1106 affatim,

360 1125 414 1175 et
465 1123 942 1181 manifestissime
994 1127 1300 1194 docuistis,
1335 1129 1559 1201 quae,si
1608 1130 2015 1201 opportunitas

361 1210 753 1286 fuerit,cnlligi
775 1221 829 1269 et
847 1216 1071 1271 ostendi
1092 1216 1320 1273 facilius
1339 1219 1762 1290 possunt.Sane
1780 1219 2012 1275 interim

362 1301 681 1373 apostolica
707 1308 882 1376 atque
922 1306 1201 1361 canonica
1259 1306 1604 1363 auctoritate
1642 1306 1806 1363 vobis
1864 1308 2016 1363 dun-

360 1391 519 1445 taxat
548 1392 977 1467 episcopis,qui
1009 1394 1067 1450 in
1102 1397 1463 1467 depositione
1496 1402 1552 1451 et
1580 1397 1781 1452 exsilio
1814 1414 2015 1469 supra-

363 1478 502 1533 dicti
535 1480 785 1537 Rothadi
818 1482 901 1539 vel
926 1483 1221 1555 judicium
1251 1485 1517 1549 dedistis,
1539 1486 1625 1541 vel
1659 1503 2013 1542 consensum

362 1567 717 1641 praebuistis,
742 1572 1113 1644 praecipimus
1136 1578 1200 1629 ut
1223 1591 1356 1630 eum
1381 1592 1513 1631 mox
1543 1576 1614 1630 ab
1636 1575 1838 1631 exsilio
1862 1592 2017 1631 revo-

365 1656 527 1711 cetis.
546 1658 616 1713 Et
637 1659 778 1731 quia
802 1662 1126 1718 secundum
1158 1662 1445 1720 indultam
1470 1665 1580 1721 sibi
1605 1682 1637 1721 a
1661 1665 1896 1737 scriptis
1920 1681 2015 1720 re-

365 1743 863 1853 gulisjlicentia‘m,
898 1749 1181 1853 hactenus
1213 1752 1505 1853 appellare
1525 1755 1722 1810 sedem
1740 1753 2015 1853 apostoli-
2045 1787 2092 1853 Β

366 1848 493 1889 cam
509 1833 740 1905 dicitur,
756 1838 999 1895 Romam
1019 1841 1183 1896 illum
1204 1843 1275 1897 ad
1292 1860 1463 1899 suam
1479 1860 1718 1899 causam
1737 1844 1794 1898 in
1814 1848 2015 1899 nostra

365 1923 684 1994 apostolica
701 1928 1011 1998 praesentia
1026 1932 1415 2004 peragendam
1430 1949 1495 1987 ac
1509 1933 2011 1989 determinandam

364 2011 677 2083 destinare,
701 2015 818 2072 imo
840 2016 1088 2091 dirigere
1110 2020 1269 2075 nullo
1303 2022 1475 2077 modo
1500 2021 1887 2095 postponatis.
1911 2021 2013 2077 Di-

363 2116 547 2174 gnum
579 2104 793 2177 quippe
823 2111 911 2162 est
942 2112 1025 2177 ut,
1049 2109 1147 2181 qui
1180 2113 1370 2166 vestro
1410 2110 1674 2167 omnium
1698 2110 1921 2182 judicio
1951 2111 2012 2166 in

362 2189 630 2247 exsilium
666 2194 981 2266 deputatus
1011 2200 1118 2266 est,
1146 2204 1335 2255 vestro
1369 2198 1445 2255 sit
1470 2215 1501 2255 e
1531 2201 1821 2255 contrario
1852 2217 2012 2256 com-

364 2279 530 2334 muni
553 2281 745 2337 studio
767 2284 918 2340 beati
943 2285 1092 2341 Petri
1123 2288 1437 2355 memoriae,
1454 2292 1511 2343 et
1531 2289 1653 2344 sedi
1678 2290 1806 2360 ejus
1836 2288 2014 2345 hono-

365 2366 523 2424 rifice
582 2376 986 2441 praesentatus.
1010 2376 1091 2429 Ex
1135 2376 1298 2431 vobis
1331 2393 1464 2433 vero
1524 2377 1915 2449 praecipimus,
1950 2382 2013 2433 ut

365 2456 502 2525 duo,
533 2458 620 2514 vel
650 2463 787 2528 tres,
821 2465 922 2517 aut.
963 2466 1115 2519 certe
1150 2465 1197 2519 si
1240 2464 1381 2520 libet
1438 2465 1635 2537 plures
1681 2466 2009 2535 mittantur,

366 2546 467 2619 qui
490 2546 571 2601 ita
590 2548 817 2606 cunctis
836 2555 1093 2608 vestrum
1116 2553 1378 2609 omnium
1413 2555 1781 2627 praesentiam
1809 2556 2012 2628 praefe-

365 2639 515 2703 rant,
534 2640 597 2691 ut
618 2637 905 2712 quidquid
922 2642 1213 2715 agendum
1233 2647 1341 2711 est,
1357 2643 1443 2699 vel
1462 2644 1874 2716 experiendum
1894 2645 2014 2702 fue-

365 2723 463 2798 rit,
490 2726 760 2783 refricata
790 2746 915 2802 qua:
965 2735 1093 2787 acta
1123 2736 1261 2787 sunt
1317 2736 1509 2789 vestra
1566 2733 1829 2789 omnium
1887 2732 2012 2791 vice

363 2831 606 2886 prorsus
637 2816 1024 2876 sciscitantur.
1041 2821 1202 2887 Quod
1226 2808 1273 2877 si
1292 2839 1393 2878 vos
1415 2838 1715 2878 occurrere
1746 2823 2013 2895 nequive-

364 2902 410 2958 ri
420 2903 514 2973 tis,
538 2903 784 2963 vicarios
804 2912 1027 2965 vestros
1050 2909 1264 2966 mittite
1289 2927 1301 2966 :
1327 2914 1383 2966 et
1413 2911 1495 2966 ita
1513 2928 1631 2965 una
1651 2928 1785 2967 cum
1809 2912 2011 2984 praefa-

366 2989 480 3048 fato
503 2992 776 3067 religioso
807 2997 981 3054 fratre
1010 3002 1200 3055 vestro
1224 2999 1487 3056 Rothado
1518 3000 1735 3072 pariter
1753 3000 2007 3073 veniant,

363 3080 423 3135 in
455 3083 751 3155 omnibus,
766 3085 917 3141 sicut
946 3087 1216 3160 superius
1237 3087 1510 3156 diximus,
1527 3089 1597 3143 ad
1620 3092 1829 3145 cuncta
1848 3106 2008 3146 exse-

733 3140 750 3155 ,
830 3140 839 3141 ,
906 3140 911 3141 ,
954 3140 1212 3160 “In”-
1243 3140 1597 3156 _________,__
1627 3140 1829 3145 ,ηηκ
1852 3140 1977 3146 νη--

363 3170 616 3243 quenda,
642 3172 726 3229 vel
759 3179 911 3231 certe
952 3177 1299 3248 experienda
1330 3195 1456 3250 quae
1490 3177 1767 3235 ventilata
1813 3195 2008 3234 coram
2040 3140 2086 3224 d

364 3259 532 3316 nobis
553 3261 1091 3333 exstiterint,vicem
1110 3270 1360 3322 vestram
1384 3270 1440 3323 et
1462 3283 1770 3339 personam
1793 3267 2011 3323 haben-

360 3349 643 3414 tes.Quod
665 3350 715 3406 si
737 3355 1060 3426 postposito
1093 3360 1287 3412 nostro
1309 3356 1721 3430 judicio,quod
1754 3356 2010 3413 auctori-

360 3439 479 3494 tate
507 3439 827 3511 apostolica
863 3443 1366 3517 promulgavimus
1405 3450 1580 3518 atque
1620 3446 2006 3517 decrevimus,

360 3542 661 3584 occurrere
673 3531 1068 3599 contemnitis,
1083 3532 1182 3588 Dei
1196 3533 1617 3607 omnipotentis
1631 3538 1688 3589 et
1704 3534 2007 3590 beatorum

358 3613 511 3670 Petri
542 3619 597 3671 et
629 3616 788 3672 Pauli
810 3620 1207 3690 apostolorum
1229 3622 1849 3694 principum,quorum
1882 3622 2007 3694 glo-

359 3701 513 3758 rioso
534 3720 717 3775 agone
739 3710 941 3762 sancta
968 3708 1089 3763 haec
1115 3710 1377 3765 Romana
1400 3709 1675 3775 Ecclesia,
1694 3710 1788 3765 cui
1811 3711 2007 3766 divina

359 3790 740 3863 dispositione
768 3811 1114 3866 praesumus,
1137 3802 1226 3853 est
1254 3798 1500 3854 Domino
1533 3803 1889 3867 consecrata,
1913 3803 2007 3855 at-

359 3897 472 3952 que
493 3885 828 3937 sanctorum
851 3901 1163 3953 canonum,
1180 3904 1433 3959 quorum
1453 3903 1555 3943 vos
1576 3892 2004 3960 contemptores

357 3969 592 4042 scriptis
612 3972 862 4043 propriis
883 3974 1212 4041 ostenditis,
1235 3992 1460 4032 necnon
1481 3980 1537 4032 et
1558 3981 1769 4033 nostra;
1794 3978 2006 4033 medio-

356 4058 579 4114 critatis
593 4062 937 4118 auctoritate
950 4064 1309 4121 amissarum
1325 4064 1625 4121 solemniis
1639 4065 2002 4122 celebrandis

354 4150 538 4203 estote
559 4165 1139 4225 prorsus,quousque
1162 4154 1376 4210 nostris
1398 4154 1849 4210 difﬁnitionibus
1870 4155 2002 4211 obe-

353 4234 547 4304 diatis,
580 4242 835 4295 extorres
868 4258 881 4296 :
916 4240 999 4297 ita
1029 4259 1188 4309 sane,
1220 4246 1283 4298 ut
1313 4243 1362 4299 si
1411 4248 1544 4316 post.
1572 4242 1788 4299 lcctum
1821 4243 2001 4315 huius

355 4326 579 4399 paginae
600 4331 881 4396 tenorem,
901 4328 1054 4386 infra
1075 4331 1318 4405 triginta
1338 4331 1564 4388 dierum
1586 4332 1999 4405 spatium,qua3

354 4413 425 4469 de
456 4414 719 4473 Rothado
748 4418 870 4474 viro
897 4419 1213 4475 venerabili
1253 4420 1557 4476 sanximus
1601 4422 1826 4493 agenda
1856 4421 1998 4487 fore,

2117 502 2350 575 justitia
2381 519 2582 559 recens
2635 503 2764 571 erit,
2797 504 3003 560 fratres
3053 504 3400 573 charissimi,
3449 512 3730 581 praesertim

2124 609 2257 648 cum
2286 591 2429 647 nihil
2456 593 2627 648 nobis
2644 592 2901 666 amplius
2918 594 3145 649 sitcum
3165 595 3417 652 Rothado
3440 614 3601 669 quam
3618 616 3730 658 cum

2123 682 2400 738 omnibus
2421 681 2787 739 Christianis.
2805 682 3023 738 Verum
3045 682 3343 757 privilegia
3373 686 3520 742 sedis
3551 693 3731 745 nostrae

2123 788 2310 842 usque
2342 771 2413 825 ad
2449 775 2717 837 mortem,
2753 771 2948 827 divina
2981 778 3274 828 annuente
3305 773 3502 845 gratia,
3524 777 3736 851 vestigia

2124 863 2356 933 patrum
2390 865 2727 915 nostrorum
2776 865 3091 933 sequentes
3141 861 3536 919 defendemus.
3567 865 3664 921 Sed
3693 872 3737 923 et

2123 966 2225 1004 vos
2258 948 2359 1004 illa
2401 953 2692 1021 quatenus
2738 949 2982 1015 illibata,
3017 955 3219 1022 utpote
3276 951 3453 1007 totius
3506 953 3737 1010 Ecclesia

2124 1038 2356 1093 Domini
2407 1039 2684 1104 remedia,
2722 1038 3147 1107 custodiantur,
3194 1043 3316 1096 toto
3366 1044 3665 1110 conamine,
3693 1049 3740 1100 et

2124 1127 2400 1183 omnibus
2420 1128 2569 1182 votis
2593 1128 2819 1201 operari
2844 1145 2909 1183 ac
2936 1130 3180 1185 suadere
3203 1130 3738 1197 debeatis.Quoniam

2124 1216 2425 1289 privilegia
2456 1216 2610 1272 sedis
2646 1216 2979 1289 apostolica:
3010 1218 3271 1289 tegmina
3301 1223 3458 1287 sunt,
3487 1226 3549 1275 ut
3572 1219 3644 1276 ita
3669 1221 3740 1277 di-

2124 1322 2347 1374 camus,
2399 1306 2583 1361 totius
2638 1306 2908 1362 Ecclesiaa
2971 1306 3291 1374 catholicae,
3342 1307 3642 1381 privilegia,
3668 1308 3740 1365 in-

2123 1411 2323 1466 quam,
2347 1394 2526 1466 hujus
2557 1393 2826 1450 Ecclesiae
2860 1395 3193 1451 munimina
3222 1401 3365 1452 sunt
3393 1395 3543 1452 circa
3568 1414 3738 1455 omnes

2124 1484 2379 1555 impetus
2403 1483 2777 1556 pravitatum.
2801 1483 2946 1540 Nam
2973 1485 3126 1556 quod
3160 1484 3427 1541 Rothado
3451 1485 3609 1541 hodie
3632 1503 3739 1542 con-

2121 1573 2447 1645 tigit,unde
2479 1572 2642 1629 scitis
2673 1574 2827 1646 quod
2852 1590 2982 1629 cras
3013 1573 3257 1630 cuilibet
3288 1591 3403 1630 non
3434 1574 3642 1631 eveniat
3664 1591 3737 1631 ve-

2123 1663 2351 1718 strum?
2372 1662 2467 1718 Sic
2488 1661 2804 1735 Apostolus
2834 1663 3114 1719 admonet
3143 1663 3349 1719 dicens
3374 1680 3386 1719 :
3413 1663 3517 1732 Qui
3537 1671 3675 1735 putat
3694 1679 3739 1719 se

2121 1760 2284 1818 stare,
2316 1752 2498 1809 videat
2530 1767 2601 1808 ne
2640 1752 2799 1808 cadat
2827 1754 2876 1821 (I
2909 1754 3028 1809 Cor.
3060 1753 3139 1824 x).
3172 1752 3340 1816 Quod
3371 1752 3419 1808 si
3450 1751 3737 1825 contigerit,

2124 1846 2190 1897 ut
2208 1841 2399 1897 verbis
2421 1844 2659 1897 utamur
2683 1841 3055 1914 propheticis,
3074 1842 3146 1897 ad
3172 1842 3366 1913 cujus,
3392 1858 3545 1915 rogo,
3566 1840 3738 1897 confu-

2122 1931 2293 2004 gietis
2323 1930 2650 1986 auxilium?
2682 1931 2811 1987 Haec
2841 1930 3083 2003 quidem
3115 1931 3187 1987 de
3223 1929 3490 1987 Rothado
3517 1929 3645 1987 satis
3669 1930 3738 1985 di-

2121 2019 2274 2076 xisse
2305 2019 2578 2075 sufficiat.
2603 2019 2888 2075 Caeterum
2912 2020 2982 2075 de
3011 2019 3323 2086 Balduino,
3347 2020 3418 2075 de
3449 2037 3557 2092 quo
3586 2018 3739 2073 multa

2116 2110 2241 2182 jam
2274 2109 2583 2181 scripsitis,
2608 2108 2756 2164 sciat
2804 2108 3101 2165 beatitudo
3130 2113 3351 2176 vestra,
3375 2126 3487 2165 non
3535 2125 3629 2164 nos
3669 2125 3738 2163 re-

2122 2198 2290 2271 gulas
2321 2202 2497 2271 atque
2545 2201 2749 2253 sancta
2779 2198 3011 2253 decreta
3038 2197 3183 2254 velle
3225 2214 3589 2270 corrumpere
3617 2214 3629 2252 :
3658 2198 3736 2253 sed

2122 2288 2263 2358 quia
2292 2289 2363 2343 ad
2396 2287 2605 2342 limina
2634 2286 3033 2359 apostolorum
3064 2286 3311 2343 veniens
3336 2303 3369 2343 a
3398 2285 3561 2342 nobis
3587 2303 3642 2342 se
3667 2302 3739 2358 pe-

2122 2374 2216 2431 tiit
2236 2376 2478 2446 ajuvari,
2498 2392 2838 2448 quanquam
2862 2392 3191 2443 nossemus,
3211 2376 3372 2448 quod
3398 2375 3550 2431 filius
3576 2381 3739 2430 noster

2121 2464 2362 2521 Carolus
2383 2464 2677 2539 gloriosus
2700 2482 2798 2521 rex
2823 2464 3089 2538 legaliter
3117 2469 3323 2538 posset
3342 2466 3415 2531 ei,
3435 2465 3482 2520 si
3501 2463 3669 2529 vellet,
3692 2467 3737 2518 et

2121 2553 2301 2627 tiliam
2334 2571 2503 2610 suam
2545 2554 2603 2610 in
2647 2570 2884 2611 uxorem
2927 2554 3246 2622 dimittere,
3271 2559 3330 2610 et
3368 2551 3735 2610 misericordia

2120 2658 2239 2698 suae
2270 2643 2519 2715 gratiam
2551 2642 2841 2715 impartiri
2866 2661 2879 2699 ε
2903 2648 3100 2699 tamen
3134 2660 3253 2698 non
3278 2644 3451 2715 jussa
3482 2641 3733 2710 misimus,

2121 2733 2220 2789 sed
2242 2748 2441 2805 preces
2465 2731 2811 2788 obtulimus.
2836 2733 2997 2799 Quod
3029 2736 3226 2788 textus
3259 2730 3624 2804 epistolarum
3651 2744 3733 2783 no-

2120 2824 2560 2893 strarum,quas
2599 2822 2672 2876 ad
2705 2821 2831 2892 jam
2873 2820 3060 2877 fatum
3092 2819 3637 2877 excellentissimum
3664 2833 3733 2871 re-

2118 2914 2344 2983 gem,et
2370 2909 2548 2965 tiliam
2583 2913 2843 2965 nostram
2876 2908 3158 2982 reginam,
3184 2911 3260 2966 ad
3295 2909 3354 2965 id
3393 2906 3731 2966 obtinendum

2118 2999 2458 3067 direximus,
2472 2998 2640 3055 vobis
2660 2998 2802 3055 satis
2825 2998 3036 3071 poterit
3058 2997 3343 3055 indicare.
3363 2999 3504 3054 Nam
3528 3013 3620 3070 pro
3637 3000 3732 3050 tam

2118 3093 2587 3161 praesumptuosa
2616 3088 2945 3144 temeritate
2975 3086 3163 3160 ipsius
3198 3088 3334 3156 viri,
3359 3087 3598 3143 maxime
3623 3098 3731 3139 cum

2121 3176 2561 3233 consideremus
2582 3175 2952 3233 dilectissimi
2976 3175 3079 3231 ﬁlii
3097 3177 3285 3233 nostri
3300 3175 3487 3233 Caroli
3502 3172 3733 3231 sublimis

2120 3265 2274 3338 regis
2322 3267 2747 3322 contrinionem
2794 3266 3008 3331 cordis,
3040 3270 3097 3321 et
3142 3266 3402 3337 pectoris
3450 3260 3732 3320 naturalem

2119 3355 2486 3422 aﬂ‘ectum,et
2515 3372 2622 3411 nos
2670 3353 2838 3411 valde
2888 3353 3207 3422 doluimus,
3227 3359 3288 3410 et
3317 3355 3368 3411 ei
3399 3358 3515 3411 tota
3558 3348 3735 3407 mentis

2118 3444 2419 3501 affectione
2441 3461 2627 3517 usque
2658 3442 2835 3500 hodie
2860 3442 3275 3515 compatimur.
3293 3444 3405 3500 Sed
3435 3446 3611 3498 vestra
3640 3440 3731 3493 fra-

2117 3532 2363 3589 ternitas
2395 3531 2724 3604 pravideat,
2750 3531 2905 3587 sicut
2936 3531 3018 3587 ait
3044 3531 3369 3603 Apostolus
3402 3548 3415 3587 :
3446 3529 3735 3587 Redimam

2116 3627 2340 3692 tempus,
2374 3622 2634 3692 quoniam
2662 3619 2779 3676 dies
2823 3620 2962 3675 mali
3004 3628 3136 3676 sunt
3163 3621 3386 3692 (Ephee.
3414 3623 3510 3690 v):
3541 3616 3731 3687 etjam,

2115 3709 2269 3765 sicut
2300 3709 2413 3780 ipsi
2467 3709 2525 3763 in
2570 3713 2763 3764 vestra
2819 3709 3035 3781 pagina
3092 3709 3420 3777 testamini,
3450 3704 3734 3781 periculosa

2112 3811 2378 3870 tempora
2405 3797 2647 3853 instant.
2681 3797 2763 3854 Ne
2795 3814 2932 3871 ergo
2963 3798 3136 3870 pejus
3157 3797 3362 3854 adhud
3385 3795 3597 3870 aliquid
3616 3792 3731 3850 oria-

2111 3890 2227 3953 tur,
2260 3886 2710 3942 intervenientes
2751 3887 2904 3958 apud
2955 3887 3229 3943 eumdem
3275 3885 3729 3960 gloriosissimum

2112 3991 2330 4048 regem,
2356 3974 2546 4031 ﬁlium
2578 3978 2847 4031 nostrum
2881 3975 3324 4046 charissimum,
3349 3992 3464 4048 quo
3493 3978 3548 4029 et
3574 3969 3730 4045 ipsius

2111 4065 2304 4120 cordis
2348 4080 2651 4121 maerorem
2711 4060 2964 4136 pellatis,
2998 4069 3055 4119 et
3084 4064 3276 4120 eidem
3340 4062 3608 4120 Balduino
3636 4074 3728 4115 non

2110 4170 2537 4226 usquequaque
2565 4152 2902 4209 inflexibilis
2929 4157 3286 4225 perseveret;
3322 4153 3599 4225 prmoipue
3617 4163 3731 4221 quo-

2110 4242 2269 4297 niam
2301 4241 2695 4313 apostolorum
2728 4240 2945 4296 auxilia
2975 4241 3325 4315 deprecatus
3352 4245 3460 4307 est,
3486 4243 3539 4296 et
3567 4235 3730 4294 divina

2111 4330 2382 4402 praesidia
2397 4328 2883 4403 requisivit.Nulli
2899 4330 3115 4386 etenim
3133 4346 3341 4403 regum
3359 4346 3528 4404 grave
3542 4341 3656 4383 esse
3666 4322 3730 4378 vi-

2111 4418 2231 4475 deri
2254 4420 2426 4475 debet
2446 4433 2722 4475 conservo
2739 4435 2845 4474 suo
2863 4417 3127 4474 debitum
3141 4422 3378 4475 centum
3394 4416 3728 4475 denariorum

354 4502 597 4593 minime
654 4506 999 4563 studueritis
1056 4508 1351 4580 perficere.
1402 4508 1663 4565 Scientes
1721 4509 1997 4581 profecto,
2030 4500 3729 4593 D‘dimittere,quifortassesuoasummoregum,etDomintt

353 4592 631 4662 quoniam
663 4593 711 4648 si
743 4598 875 4666 post
903 4595 1024 4651 haec
1064 4595 1124 4650 in
1173 4600 1510 4652 sanctarum
1560 4596 1896 4668 regularum
1943 4602 2002 4652 et

353 4678 534 4751 [forte,
552 4687 841 4752 nostrum,
864 4683 1072 4759 Harax]
1095 4689 1431 4741 nostrarum
1453 4690 1851 4758 contemptum
1878 4685 2000 4741 fue-

351 4767 481 4825 ritis
510 4769 737 4829 diutius
764 4773 1105 4842 conversati,
1127 4774 1321 4847 ipsum
1345 4773 1582 4845 quidem
1607 4773 1938 4830 Rothadum
1966 4792 2001 4831 a

353 4855 543 4925 nobis,
563 4858 890 4930 apostolicae
914 4859 1071 4917 sedis
1094 4878 1274 4919 more.
1295 4878 1327 4916 a
1352 4861 1746 4918 damnationis
1766 4862 1999 4919 vinculo

351 4943 471 5001 fore
494 4944 857 5017 solvendum,
874 4953 1049 5023 atque
1066 4954 1378 5006 convocato
1396 4951 1801 5024 episcoporum
1825 4955 1995 5018 coetu,

350 5034 573 5092 foveam
592 5053 769 5109 quam
803 5037 855 5093 ei
893 5038 1167 5110 parastis,
1183 5039 1344 5094 vobis
1361 5039 1563 5111 procul
1582 5040 1760 5095 dubio
1782 5057 2000 5112 praepa-

350 5124 615 5181 randam.
646 5125 762 5182 Vos
795 5132 1010 5195 autem,
1036 5126 1424 5194 dilectissimi,
1459 5127 1637 5183 nolite
1668 5133 1869 5183 nostra
1898 5129 1999 5183 de-

349 5219 508 5270 creta
536 5215 779 5272 moleste
807 5215 955 5271 ferre
986 5231 1000 5271 :
1038 5215 1177 5287 quia
1208 5214 1361 5271 sicut
1390 5216 1595 5272 beatus
1627 5217 1999 5274 Innocentius

349 5302 763 5361 Macedonibus
786 5303 1011 5371 scribit,
1028 5321 1200 5377 grave
1230 5321 1343 5360 non
1377 5305 1632 5376 oportuit
1651 5306 1830 5362 videri
1857 5307 1999 5379 piis-

350 5392 516 5450 simis
539 5395 835 5451 meutibus
851 5393 1080 5460 vestris,
1096 5393 1499 5466 cujuscunque
1524 5397 1825 5451 retractari
1840 5397 2002 5468 judi-

350 5480 505 5536 cium
531 5499 543 5537 :
570 5484 706 5555 quia
722 5483 935 5539 veritas
957 5481 1245 5555 exagitata
1274 5482 1485 5555 saepius
1508 5482 1696 5556 magis
1720 5483 1996 5557 splende—

379 5569 459 5625 cit
474 5567 532 5626 in
553 5569 702 5640 luce,
719 5577 775 5629 et
791 5571 1075 5645 pernicies
1096 5575 1363 5629 revocata
1380 5570 1437 5627 in
1453 5570 1745 5643 judicium
1763 5574 1997 5646 gravius

2110 4596 2485 4652 dominorum
2534 4596 2735 4653 decem
2788 4594 2975 4652 millia
3006 4595 3364 4653 talentorum
3407 4595 3515 4652 sibi
3546 4587 3729 4649 dimitti

2109 4685 2422 4741 desiderat.
2439 4686 2612 4741 Porro
2635 4683 2777 4758 quid
2799 4686 2871 4742 de
2895 4685 3150 4741 Lotharii
3176 4686 3461 4743 uxoribus
3479 4676 3732 4740 censueri-

2109 4790 2263 4840 mus,
2283 4774 2519 4846 quando
2550 4778 2608 4829 et
2636 4773 2707 4829 de
2738 4773 2845 4829 hoc
2891 4778 3091 4831 nostro
3123 4774 3445 4848 scripsistls
3485 4766 3728 4846 praesuta.

2107 4863 2216 4931 tui,
2250 4862 2308 4917 in
2341 4861 2722 4935 epistolarum
2761 4867 3118 4931 nostrarum,
3151 4879 3300 4936 quas
3343 4880 3447 4936 per
3472 4862 3660 4916 fratres
3681 4857 3728 4910 et

2108 4951 2481 5023 coepiscopos
2501 4955 2732 5007 nostros
2755 4951 3161 5008 Rhadoaldum
3180 4956 3528 5008 etJoannem
3549 4948 3602 5003 in
3618 4942 3722 5001 Gal.

2106 5038 2244 5095 liam
2270 5039 2563 5104 misimus,
2589 5039 2855 5112 poteritis
2878 5040 3309 5113 exemplaribus
3330 5036 3593 5111 reperire.
3610 5035 3725 5099 0W

2107 5127 2375 5185 videlicet
2402 5128 2756 5201 exemplaria
2785 5144 2904 5185 una
2932 5145 3068 5184 cum
3107 5127 3571 5193 commonitorio,
3592 5117 3721 5196 quod

2108 5217 2365 5290 praefatis
2396 5217 2675 5273 fratribus
2720 5218 2937 5274 nostris
2968 5234 3072 5290 pro
3102 5217 3213 5275 hac
3243 5218 3445 5275 eadem
3475 5228 3637 5273 causa
3662 5206 3720 5264 ad

2110 5305 2449 5362 thharium
2481 5322 2677 5379 regem
2720 5307 2920 5363 missis
2970 5307 3264 5377 dedimus,
3286 5323 3387 5381 per
3434 5305 3652 5361 fratrem
3675 5299 3722 5352 et

2108 5393 2520 5467 coepiscopum
2568 5399 2835 5452 nostrum
2884 5396 3146 5454 Odonem
3199 5401 3400 5453 vestras
3457 5382 3720 5449 sanctitati

2108 5482 2568 5539 transmisimus.
2590 5482 2652 5538 In
2674 5483 2892 5557 quibus
2914 5490 3181 5558 patenter
3199 5482 3637 5543 animadvertere
3655 5474 3723 5528 at-

2108 5590 2224 5644 que
2253 5572 2401 5631 scire
2432 5571 2696 5645 potestis,
2716 5573 2884 5631 nobis
2916 5575 3157 5633 omnino
3188 5592 3304 5633 non
3332 5585 3477 5643 opus
3505 5580 3641 5631 6880.
3668 5561 3721 5615 υί
