3994 6150
225 304 347 371 833

1441 298 1854 365 EPISTOLJB
1892 296 1997 363 ET
2039 296 2435 368 DECRETA:

3515 307 3643 381 834

228 435 508 506 sentiam,
540 432 1041 506 quemadmodum
1071 450 1177 489 nos
1199 433 1419 489 hortari
1442 432 1731 500 voluistis,
1757 451 1881 489 me-
1913 435 1957 498 Α
2068 434 2111 488 Ο
2142 451 2319 506 quam
2351 452 2486 490 vera
2513 440 2621 505 est,
2655 435 2737 490 Illi
2795 436 3160 503 charissima,
3188 437 3289 494 illa
3327 440 3636 507 sententia,

228 526 347 581 lius
380 525 462 590 [in
495 523 627 578 edit.
662 527 817 577 Rom.
852 521 995 578 deest
1019 521 1249 587 melius]
1280 524 1887 588 commutemus.Quo-

233 615 390 672 niam
426 611 626 668 divina
656 610 882 667 favente
912 610 1360 685 gratia,tantum
1393 611 1663 686 cupimus
1686 611 1890 683 hujus-

234 702 394 760 modi
428 700 646 768 scelus,
679 701 1003 756 secundum
1026 700 1311 757 creditum
1336 701 1505 758 nobis
1535 700 1766 757 ccelitus
1788 698 1892 754 mi-

236 790 577 855 nisterium,
600 789 672 845 ah
702 788 973 845 Ecclesiae
1006 789 1151 845 facie
1182 790 1465 846 radicitus
1478 794 1802 862 amputare;
1827 793 1893 845 ut

237 881 285 937 si
318 879 432 936 hac
461 878 586 935 vice
613 878 768 934 idem
801 877 1113 936 Lotharius
1145 879 1388 935 monitis
1432 879 1790 946 salubribus,
1826 895 1892 934 ac

239 966 701 1026 diflinitionibus
757 967 973 1023 nostris
1041 968 1299 1040 praalatis
1377 970 1554 1041 [[ονῑε,
1614 969 1890 1042 praefatis,

238 1057 478 1131 HARD.],
510 1060 568 1112 et
590 1055 855 1129 epistolis
903 1057 1121 1113 nostris
1168 1056 1513 1130 regulariter
1550 1056 1658 1114 sibi
1695 1055 1895 1113 missis

240 1146 499 1204 noluerit
522 1144 780 1214 obedire,
816 1162 922 1200 nec
968 1145 1040 1201 ad
1096 1146 1496 1219 pmnitentiam
1547 1145 1897 1219 competenti

239 1233 644 1294 satisfactione
656 1233 958 1306 praemissa
982 1234 1332 1308 quantocius
1355 1235 1630 1308 repedare
1650 1252 1685 1290 a
1706 1234 1895 1302 nobis,

241 1330 487 1398 atquea
528 1323 710 1379 totius
763 1321 1029 1378 Ecclesiae
1080 1339 1339 1396 corpore,
1392 1323 1672 1380 canonica
1723 1328 1899 1396 atque

240 1413 531 1486 apstelica
562 1412 855 1469 sententia
901 1411 1202 1481 efﬁcietur,
1254 1430 1373 1470 una
1427 1428 1562 1469 cum
1623 1413 1899 1469 omnibus

241 1502 577 1560 fautoribus
607 1505 663 1558 et
693 1500 1299 1558 communicatoribus
1330 1503 1475 1568 suis,
1502 1503 1737 1575 penitus
1760 1501 1898 1559 alie-

243 1609 383 1658 nus,
420 1589 713 1663 Praecipue
734 1606 869 1645 vero
901 1590 1093 1662 quoad
1118 1607 1252 1647 eum
1277 1607 1451 1663 quem
1473 1591 1788 1663 perhibetis
1807 1592 1900 1647 die

243 1681 465 1738 natalis
495 1679 731 1736 Domini
764 1696 939 1751 super
961 1678 1257 1736 adulteros
1279 1680 1899 1753 benedictionem,qua3

1994 524 2511 593 quaxu,Salomone
2536 529 2870 594 attestante,
2888 526 2958 583 de
2988 543 3050 583 se
3076 526 3375 601 Sapientia
3402 530 3638 601 profert,

1997 626 2131 665 cum
2182 612 2468 683 perhibet,
2523 613 2756 669 dicens:
2787 618 2897 670 Per
2941 631 3029 670 me
3086 632 3238 686 reges
3293 629 3541 688 regnant,
3593 620 3643 672 ei

1998 699 2179 768 legum
2207 700 2509 757 conditores
2527 702 2682 774 justo
2728 701 3064 759 decernunt!
3090 704 3271 776 (Prov.
3301 709 3451 775 vm.)
3481 705 3642 772 Quod

1999 787 2111 842 nisi
2129 805 2326 844 verum
2342 795 2828 865 esset,nunquam
2842 793 3285 849 omninovestra
3306 792 3523 849 suhlim
3536 793 3547 845 i
3560 798 3570 841 ε
3584 810 3645 849 as

1999 881 2173 931 tantae
2203 878 2557 937 humilitatis
2586 884 2812 953 poterat
2853 881 3057 937 decore
3087 881 3304 936 vestiri.
3338 882 3501 946 Quod
3532 881 3648 938 nisi

2000 982 2201 1022 verum
2220 973 2706 1041 esset,nunquam
2726 970 3084 1042 privatarum
3107 969 3301 1043 legum
3317 970 3647 1044 apostolicae

2004 1055 2160 1112 sedis
2182 1056 2413 1113 decreta
2433 1062 2554 1113 tam
2605 1058 2757 1114 facili
2812 1059 3153 1132 potuissetis
3183 1076 3387 1131 capere
3438 1060 3649 1115 mentis

2006 1144 2245 1200 intuitu.
2278 1146 2423 1202 Nam
2457 1164 2590 1203 cum
2624 1148 2695 1203 de
2725 1150 2979 1221 quodam
3001 1153 3202 1204 contra
3231 1148 3413 1205 Deum
3438 1165 3498 1203 se
3521 1149 3652 1204 effe-

2007 1239 2171 1289 rente
2203 1234 2470 1291 dicatur:
2504 1237 2623 1308 Ipse
2653 1254 2751 1292 rex
2786 1253 2949 1310 super
2993 1240 3277 1294 universos
3305 1238 3448 1309 ﬁlios
3468 1254 3652 1310 super-

2008 1324 2117 1380 bia?
2149 1323 2284 1395 (Job:
2318 1324 2456 1397 xu),
2491 1328 2549 1380 et
2578 1342 2678 1381 vos
2711 1342 2741 1381 e
2788 1326 3014 1381 diverso
3067 1343 3303 1383 summa
3349 1326 3653 1383 videamus

2008 1409 2336 1468 humilitate
2368 1413 2702 1487 praeditum,
2735 1414 2875 1487 quid
2927 1414 3040 1470 nisi
3097 1420 3350 1472 vestram
3397 1415 3652 1490 regalem

2007 1501 2409 1558 excellentiam
2443 1503 2770 1560 imitatione
2793 1501 2982 1559 ﬁlium
3005 1521 3131 1561 esse
3152 1504 3310 1561 illius
3330 1505 3655 1578 poterimus

2008 1591 2329 1658 advertere,
2364 1591 2459 1665 qui
2497 1593 2580 1649 ait
2605 1610 2618 1648 :
2652 1595 2855 1650 Discite
2883 1612 2915 1650 a
2934 1610 3020 1650 me
3038 1596 3171 1667 quia
3190 1597 3342 1651 mitis
3358 1603 3541 1651 sumet
3559 1595 3660 1650 hn-

2006 1680 2158 1735 milis
2187 1680 2345 1736 corde
2370 1684 2398 1735 ?
2419 1682 2621 1753 (Matth.
2655 1687 2764 1752 x1.)
2793 1684 2901 1738 Per
2931 1683 3278 1756 sapientiam
3325 1699 3461 1758 ergo
3492 1700 3656 1757 reges

246 1768 602 1867 maledictio.
616 1768 812 1840 potius
844 1768 1136 1824 credenda
1164 1774 1271 1836 est,
1306 1768 1620 1842 protulisse
1651 1771 1733 1841 [in
1760 1770 1897 1825 edit.
1933 1811 1980 1876 Β
2009 1773 2276 1876 regnant,
2311 1769 2451 1842 quia
2495 1771 2783 1844 sapientia
2830 1771 3040 1840 Patris,
3066 1772 3234 1843 juxta
3290 1772 3654 1845 Apostolum,

245 1861 402 1916 Rom.
434 1855 746 1930 petivisse].
780 1857 860 1912 Ne
890 1874 1023 1914 vero
1048 1857 1347 1931 simplices
1370 1858 1587 1932 quique
1620 1856 1901 1914 adulteris

244 1949 629 2020 aliquatenus
659 1946 909 2002 cessisse
931 1945 1078 2003 falso
1108 1963 1216 2002 nos
1241 1947 1905 2020 epinentur,nonincon-

245 2055 396 2112 grue
428 2034 615 2092 nostri
645 2051 823 2107 super
843 2034 951 2091 hoc
972 2036 1154 2091 animi
1184 2041 1387 2092 votum
1419 2037 1696 2092 omnibus
1720 2036 1906 2091 fratri-

245 2129 365 2183 bus
396 2130 455 2182 et
495 2122 858 2198 coepiscopis
914 2126 1132 2181 nostris
1188 2126 1549 2193 intimantes,
1582 2131 1640 2181 et
1671 2124 1905 2180 concio-

247 2216 451 2272 nando
481 2214 541 2271 in
572 2212 836 2270 ecclesiis
864 2214 1072 2270 vestris
1106 2214 1355 2288 publice,
1388 2213 1615 2270 cunctis
1645 2214 1700 2268 id
1734 2213 1805 2268 ad
1830 2212 1906 2267 1i-

248 2305 507 2378 quidum
542 2303 796 2359 subditis
823 2303 1111 2375 exponite.
1168 2309 1244 2358 De
1287 2303 1564 2359 vocandis
1613 2309 1805 2358 autem
1840 2319 1908 2357 ex

247 2392 506 2467 singulis
536 2391 855 2464 provinciis
896 2409 1000 2463 pro
1023 2393 1431 2464 congreganda
1449 2392 1669 2465 synodo
1690 2391 1908 2462 episco-

246 2484 368 2556 pis,
404 2482 559 2536 unde
585 2479 928 2552 scripsistis.
958 2481 1104 2536 sciat
1135 2481 1417 2536 sanctitas
1447 2481 1907 2546 vestra,misisse

247 2589 365 2628 nos
397 2572 545 2627 duos
576 2587 607 2625 e
637 2569 816 2625 latere
846 2569 906 2624 in
938 2568 1187 2625 Galliam
1212 2570 1419 2625 fratres
1450 2574 1506 2625 et
1535 2569 1910 2641 coepiscopos

249 2665 519 2725 nostros,
552 2674 806 2731 quorum
839 2659 1115 2730 superius
1145 2659 1486 2714 memoriam
1519 2657 1787 2727 fecimus,
1811 2655 1912 2728 qui

249 2749 553 2823 synodum
587 2764 691 2820 pro
735 2747 1126 2802 examinanda
1182 2764 1363 2803 causa
1418 2748 1797 2818 Theuthergae
1856 2749 1913 2801 et

251 2837 595 2894 Waldradze
620 2835 972 2891 feminarum
1006 2841 1389 2892 convocarent
1413 2837 1533 2892 :ubi
1560 2840 1615 2892 et
1646 2836 1814 2890 binos
1845 2851 1912 2892 ex

251 2927 432 2982 vobis
460 2924 762 2998 praesules,
794 2924 946 2980 sicut
977 2925 1046 2980 de
1076 2924 1206 2980 aliis
1234 2924 1448 2998 regnis,
1484 2925 1688 2980 adesse
1708 2939 1915 2996 praece-

251 3016 481 3089 pimus.
516 3012 622 3077 Qui
647 3011 761 3068 nisi
794 3018 965 3068 antea
986 3013 1200 3069 reversi
1225 3014 1522 3080 fuerint,et
1553 3030 1679 3085 quae
1693 3012 1915 3084 egerint

250 3103 1003 3173 noverimus,nequaquam
1033 3102 1103 3157 de
1136 3102 1385 3187 poncilio
1417 3102 1678 3158 faciendo
1692 3100 1915 3173 aliquid

2012 1855 2279 1913 Christus
2310 1863 2399 1914 est
2432 1860 2480 1932 (Ι
2506 1860 2626 1916 Cor.
2662 1860 2722 1932 ι),
2752 1860 2853 1935 qui
2912 1865 3001 1917 est
3048 1878 3147 1916 rex
3193 1878 3421 1935 regum,
3455 1877 3658 1918 eorum

2014 1879 2279 1913 onustus
2310 1879 2399 1914 est
2432 1879 2473 1932 μ
2506 1879 2626 1916 cor.
2662 1879 2722 1932 ι),
2794 1879 2853 1916 ιιι
2912 1879 3001 1917 est
3048 1879 3147 1916 rex
3193 1879 3421 1935 regum,
3455 1879 3658 1918 eorum

2014 1944 2237 2002 scilicet
2268 1947 2584 2020 quiomnes
2607 1879 2802 2005 motui
2824 1949 3432 2022 corporis,omnesque
3444 1950 3661 2006 mentis

2013 2034 2248 2091 illicitos
2262 2037 2555 2109 appetitus
2570 2053 2693 2093 com
2702 2039 2919 2110 petenti
2933 2054 3131 2111 regere
3143 2039 3541 2095 moderamine
3559 2056 3660 2096 no-

2016 2127 2154 2178 runt
2179 2124 2271 2180 :de
2302 2142 2554 2196 quorum
2586 2142 2830 2182 numero
2854 2142 2958 2199 per
2987 2127 3247 2183 divinam
3278 2128 3662 2201 gratiam,vos

2015 2212 2191 2267 etiam
2225 2213 2613 2286 perspicimus
2643 2218 2699 2270 et
2728 2214 3016 2282 laetamur,
3041 2220 3098 2270 et
3126 2215 3243 2271 Deo
3274 2215 3660 2288 omnipotenti

2017 2300 2256 2374 gratias,
2290 2319 2358 2357 ex
2402 2319 2518 2373 quo
2568 2303 2846 2377 regnatis,
2882 2303 3239 2377 muitiplices
3293 2304 3658 2361 exhibemus.

2019 2391 2243 2445 Interea
2255 2392 2477 2446 noverit
2492 2391 2722 2448 dilectio
2736 2397 2925 2449 vestra
2939 2392 3664 2465 (a),Balduinum,utnobis

2020 2478 2466 2553 intimastis,qui
2496 2486 2695 2536 natam
2724 2486 2980 2538 vestram
3013 2481 3126 2538 sibi
3158 2483 3311 2538 furto
3332 2482 3390 2538 in
3425 2499 3663 2538 uxorem

2020 2572 2223 2622 contra
2255 2569 2343 2624 fas
2374 2569 2635 2636 sociavit,
2670 2588 2845 2643 quem
2870 2571 2997 2626 ideo
3024 2570 3336 2627 venerandi
3367 2570 3664 2645 praesules,

2020 2655 2338 2712 Ecclesiam
2371 2658 2602 2714 Domini
2637 2658 2693 2715 in
2720 2677 2898 2733 regno
2912 2664 3102 2716 vestro
3123 2659 3671 2733 gubernantes,vin-

2021 2745 2167 2799 culis
2181 2746 2572 2803 auathematis
2586 2747 3021 2821 obligarunt,ad
3045 2748 3249 2803 limina
3267 2748 3666 2821 apostolorum

2021 2834 2357 2901 accessisse,
2386 2839 2443 2890 et
2464 2841 2526 2890 ut
2581 2853 2615 2891 a
2667 2836 2916 2891 vinculis
2974 2836 3311 2905 soiveretur,
3341 2842 3517 2909 atque
3565 2854 3670 2909 per

2023 2938 2131 2977 nos
2159 2923 2405 2994 gratiam
2435 2923 2738 2992 inveniret,
2774 2925 2970 2980 sedem
3019 2923 3237 2979 adiisse
3265 2923 3665 2995 apostolicam.

2023 3010 2139 3066 Nos
2166 3015 2362 3066 autem
2395 3027 2510 3066 non
2543 3011 2731 3067 solum
2752 3029 2885 3068 eum
2902 3028 2935 3066 a
2952 3011 3200 3068 vinculis
3214 3011 3455 3067 minime
3477 3011 3669 3068 absol-

2021 3099 2237 3167 vimus,
2272 3104 2372 3155 aut
2402 3100 2460 3156 in
2492 3101 2905 3158 communione
2936 3105 3136 3157 nostra
3170 3100 3533 3173 recepimus;
3567 3100 3670 3157 sed

249 3193 583 3249 deliberare
615 3190 839 3247 concite
870 3177 1388 3263 possumus.Licet
1417 3197 1729 3266 postquam
1763 3212 1909 3253 ano-
1944 3177 1986 3242 (ἶ
2024 3189 2219 3261 potius
2248 3193 2367 3245 tam
2400 3195 2930 3263 presumptuosam
2980 3191 3369 3248 temeritatem
3400 3189 3671 3247 detestati

249 3283 353 3339 bis
385 3285 527 3337 sunt
556 3279 1174 3352 separati,audivimus
1198 3281 1536 3338 Lotharium
1560 3301 1593 3340 a
1624 3286 1760 3341 sede
1781 3304 1916 3359 apo-

250 3371 470 3428 stolica
482 3370 730 3442 petitum
754 3386 865 3424 non
888 3374 1255 3442 exspectasse
1269 3371 1915 3439 consultum,nimirum

248 3461 415 3534 quod
452 3457 793 3530 praeviderat
824 3475 930 3514 suo
954 3458 1299 3515 detestando
1313 3458 1555 3517 minime
1586 3463 1915 3534 periturum

250 3547 516 3623 piaculo.
552 3547 868 3619 Postquam
898 3563 1032 3602 vero
1080 3547 1304 3620 praefati
1365 3551 1573 3606 fratres
1615 3552 1798 3608 nostri
1830 3571 1916 3609 re-

255 3638 418 3694 versi
451 3636 689 3705 fuerint,
722 3640 781 3692 et
810 3636 979 3692 nobis
1012 3653 1139 3708 quae
1189 3638 1479 3710 gesserint
1500 3642 1918 3712 enarraverint,

252 3728 490 3800 legatos
524 3726 768 3782 idoneos
799 3726 870 3780 ad
904 3725 1241 3793 concilium,
1277 3728 1432 3798 quod
1468 3729 1685 3802 petitis,
1720 3747 1923 3788 convo-

258 3817 522 3873 candum
552 3814 785 3871 mittere
814 3815 888 3870 ad
930 3812 1123 3870 locum
1183 3814 1554 3888 designatum
1580 3818 1695 3875 Deo
1731 3819 1892 3892 opitu

258 3907 425 3963 laute
455 3904 822 3961 curabimus.
856 3903 1240 3976 Omnipotens
1258 3910 1409 3962 Deus
1432 3908 1503 3962 ad
1533 3908 1853 3979 profectum
1868 3913 1925 3965 et

259 3994 603 4052 custodiam
635 3992 726 4048 sui
762 3992 978 4066 gregis,
1011 4010 1188 4066 super
1216 4011 1390 4067 quem
1417 4011 1518 4051 vos
1550 4002 1805 4053 rectores
1826 4015 1923 4071 po-

262 4100 407 4140 nere
457 4081 665 4149 voluit,
694 4086 753 4138 et
809 4081 904 4138 hic
962 4081 1201 4138 illaesam
1258 4085 1630 4140 sanctitatem
1671 4090 1923 4142 vestram

261 4188 619 4230 conservare
646 4171 939 4243 dignetur,
972 4176 1029 4226 et
1049 4176 1180 4244 post
1201 4173 1537 4229 certaminis
1567 4190 1842 4230 coronam
1865 4175 1925 4231 in

264 4261 492 4319 scelesti
527 4259 721 4333 patria
753 4260 928 4316 faciat
959 4260 1254 4333 percipere
1273 4261 1613 4335 gloriosam.

978 4376 1214 4433 XXXVI.

651 4482 724 4522 AD
763 4482 1036 4523 CAROLUM
1075 4484 1304 4524 CALVUM
1342 4485 1554 4525 REGEM.

923 4557 1112 4628 (Anno
1142 4558 1293 4627 863.)

271 4663 566 4739 Intercedit
589 4680 691 4739 pro
720 4663 1016 4739 Baldaino,
1046 4671 1097 4719 et
1151 4663 1216 4720 de
1263 4665 1503 4739 Rotliado
1552 4666 1761 4721 indicat
1794 4666 1928 4739 quid

343 4738 635 4807 scripserit
691 4735 1186 4810 adUHincmarum,
1218 4744 1269 4810 et
1316 4738 1556 4808 reliquos
1612 4735 1883 4810 episcopos
1907 4757 1926 4794 .-

345 4810 710 4879 hortaturque
728 4806 893 4861 illum
939 4808 1165 4862 Romam
1218 4806 1446 4879 dirigat;
1481 4811 1612 4864 Tum
1638 4806 1703 4864 de
1748 4806 1925 4866 acrio-

348 4881 505 5023 rggus
537 4878 738 4933 litteris
767 4880 885 4933 suis
912 4880 1204 4951 satisfecit,
1246 4878 1444 4950 quibus
1495 4880 1719 4936 Carolus
1748 4884 1931 4943 fuerat

348 4968 377 5006 ο
421 4965 614 5005 ensus.

347 4965 614 5006 onensus.

348 5067 644 5123 NIGOLAUS
679 5063 1008 5137 episcopus,
1041 5081 1242 5122 servus
1272 5082 1574 5122 servorum
1604 5066 1931 5139 Dei,dilicto

280 5154 399 5211 ﬁlio
429 5155 659 5211 Canem
690 5153 945 5228 glorioso
971 5152 1112 5224 regi.

356 5316 433 5387 (α)
446 5314 910 5389 Βᾳιάᾳὶῃιιτηρᾳαί
922 5322 1112 5389 natam
1122 5322 1379 5389 vestram.
1394 5316 1468 5389 Eu
1478 5315 1634 5389 rtivaa
1649 5316 1905 5389 primum
1916 5361 1932 5383 ,

281 5384 1317 5459 poetealegitimteinterBalduinum
1333 5392 1389 5442 et
1405 5387 1608 5459 Judith
1632 5384 1770 5444 actae
1794 5394 1934 5444 sunt

283 5457 989 5531 nuptiaﬁincmarumin
1015 5458 1219 5513 eadem
1232 5458 1644 5531 epistolaapud
1669 5461 1936 5516 Flodoar~

283 5528 473 5585 dum:
508 5529 856 5585 «Dominus
906 5528 1085 5585 etiam
1143 5528 1343 5585 noster
1397 5528 1686 5599 rexffilus
1722 5535 1930 5597 vester,

280 5599 425 5661 huic
456 5599 898 5679 desponsationi
945 5604 1005 5662 et
1056 5601 1457 5677 coniunctioni
1502 5601 1787 5663 interesse
1815 5619 1933 5663 non

1960 4546 2007 4611 D

2024 3295 2253 3346 sumus,
2286 3282 2460 3351 atque
2507 3278 2684 3334 vestri
2733 3278 2985 3352 pectoris
3036 3277 3367 3335 naturalem
3399 3279 3671 3334 allectum

2025 3367 2462 3424 considerantes
2491 3367 3134 3440 doluimus,vestreque
3166 3368 3460 3423 mmstitiaa
3490 3366 3669 3439 parti-

2027 3455 2183 3527 cipes
2215 3455 2422 3521 etlecti,
2454 3457 2619 3512 vobis
2666 3456 2957 3529 hodieque
3015 3457 3426 3529 compatimur.
3459 3456 3672 3513 Verum

2029 3544 2305 3618 quoniam
2328 3545 2399 3600 ad
2433 3544 2629 3601 divina
2659 3562 2787 3601 sese
2838 3546 3111 3618 praesidia
3153 3545 3422 3613 contulit,
3453 3548 3674 3600 amato-

2029 3650 2277 3705 rumque
2303 3638 2628 3690 vestrorum
2659 3634 2812 3689 Petri
2844 3651 2910 3691 ac
2934 3633 3679 3708 Pauliapostolorumprin-

2029 3722 2491 3794 cipum,sihimet
2503 3722 2926 3794 eXpetiitatl‘ore
2948 3722 3356 3790 subsidia,non
3378 3722 3678 3794 potuimus

2031 3811 2297 3868 omittere
2319 3812 2660 3884 quominus.
2694 3816 2760 3867 ut
2779 3813 3031 3886 gratiam
3060 3817 3315 3869 vestram
3332 3810 3677 3885 perciperet,

2033 3900 2189 3974 apud
2217 3901 2377 3973 piam
2422 3900 2825 3958 excellentiam
2874 3907 3129 3959 vestram
3170 3898 3676 3957 interveniremus.

2032 3989 2246 4045 Verum
2278 3994 2534 4046 vestram
2566 3989 2623 4045 in
2650 3991 2925 4047 emnibus
2944 4008 3061 4064 prae
3093 3989 3278 4046 oculis
3297 3988 3579 4045 habentes
3600 3987 3684 4042 di-

2034 4078 2365 4146 lectionem,
2399 4096 2740 4151 quanquam
2771 4080 3031 4136 sciamus
3065 4078 3318 4135 etfiliam
3350 4074 3681 4140 vestram,si

2035 4168 2193 4234 libet,
2228 4184 2400 4240 posse
2425 4184 2526 4223 vos
2553 4167 2604 4222 ei
2635 4166 2902 4240 legaliter
2927 4167 2987 4222 in
3018 4183 3258 4222 uxorem
3290 4164 3601 4229 dimittere,
3627 4165 3684 4218 et

2036 4255 2268 4328 pietatis
2299 4260 2499 4311 vestrae
2548 4253 2865 4312 clementer
2920 4255 3169 4328 gratiam
3226 4250 3534 4324 impertiri,
3565 4267 3683 4305 non

2036 4348 2232 4400 tamen
2269 4345 2445 4416 jussa
2491 4342 2785 4412 misimus,
2821 4344 2919 4399 sed
2955 4359 3155 4414 preces
3193 4339 3537 4397 obtulimus.
3569 4338 3682 4395 Sed

2037 4432 2316 4507 quoniam
2348 4433 2491 4488 dicit
2517 4432 2865 4505 Apostolus:
2900 4432 3243 4489 Redimentes
3291 4438 3517 4500 tempus,
3550 4443 3681 4499 quo-

2036 4525 2191 4579 niam
2221 4522 2335 4579 dies
2363 4523 2502 4578 mali
2550 4530 2679 4579 sunt
2710 4522 2927 4595 (Ephes.
2960 4521 3039 4593 v),
3072 4526 3129 4576 et
3159 4521 3231 4575 ah
3284 4535 3350 4574 eo
3406 4516 3687 4589 praedicta

2042 4612 2368 4686 periculosa
2396 4611 2714 4668 novissima
2738 4628 2867 4667 ecce
2900 4613 3017 4677 iam
3049 4609 3365 4665 imminent
3395 4611 3683 4679 tempora,

2035 4702 2335 4776 provideat
2365 4700 2547 4757 solers
2576 4705 2768 4756 vestra
2797 4699 3158 4780 sublimitas,
3191 4715 3262 4754 ne
3291 4714 3360 4753 ex
3385 4695 3496 4752 hoc
3527 4695 3687 4751 dete-

2037 4793 2161 4848 rius
2193 4792 2383 4846 adhuc
2415 4792 2558 4846 forte
2580 4788 2801 4861 aliquid
2858 4788 3101 4846 oriatur.
3135 4789 3206 4844 Et
3236 4789 3321 4844 ita
3366 4802 3469 4844 vos
3517 4789 3689 4843 cauta

2039 4879 2366 4953 provisione
2397 4879 2660 4950 undique
2721 4882 3068 4951 temperate,
3111 4882 3175 4934 ut
3227 4894 3438 4934 maeror
3494 4876 3688 4933 cordis

2036 4969 2211 5025 vestri
2243 4967 2440 5040 procul
2472 4967 2760 5039 abigatur,
2789 4972 2847 5023 et
2875 4968 3030 5023 circa
3047 4969 3174 5039 jam
3212 4966 3433 5023 dictum
3459 4965 3688 5022 Baldui-

2039 5076 2182 5113 num
2214 5073 2400 5128 usque
2430 5057 2489 5111 in
2536 5056 2712 5111 ﬁnem
2762 5072 3136 5128 nequaquam
3195 5055 3569 5112 inexorabilis
3600 5052 3690 5108 vel

2038 5144 2373 5203 inﬂexibilis
2427 5145 2551 5218 [al.,
2608 5144 3062 5214 inexorabiliter,
3121 5146 3211 5203 vel
3268 5142 3686 5209 inﬂexibiliter,

2037 5309 2256 5365 voluit:
2291 5306 2392 5363 sed
2424 5305 2627 5361 missis
2657 5306 2902 5378 publicae
2925 5306 3006 5363 rei
3039 5304 3505 5378 ministris,sicut
3525 5299 3689 5357 vobis

2039 5379 2332 5454 promisit,
2367 5374 2691 5454 secundum
2723 5378 2887 5454 leges
2922 5379 3118 5454 seaculi
3168 5394 3287 5454 eos“
3314 5374 3519 5454 uxoria
3548 5389 3688 5428 con-

2045 5444 2338 5524 iunctione
2362 5448 2689 5505 adinvicem
2721 5444 2980 5524 copulari
3007 5448 3315 5524 promisit,
3349 5450 3416 5524 et_
3438 5444 3690 5524 honores

2065 5470 2338 5509 unctione
2362 5470 2689 5505 ειωῐινιοεω
2721 5470 2980 5524 ϐορυιειιοι
3028 5470 3315 5523 promisit,
3349 5470 3410 5501 Cb
3439 5470 3688 5519 uuuuruu

2032 5470 2326 5583 balduiao
2358 5538 2461 5597 pro
2480 5526 2675 5580 vestra
2693 5521 3063 5592 solummodo
3085 5518 3360 5596 petitione
3384 5515 3688 5579 donavit.»
