  <div class='ocr_page' id='page_1' title='image "/cluster/home/n/w/nwhite01/storage/ocr_20150623/119/hvd.32044052820040/432.png"; bbox 0 0 3992 6150; ppageno 0'>
   <div class='ocr_carea' id='block_1_1' title="bbox 220 322 342 385">
    <p class='ocr_par' dir='ltr' id='par_1_1' title="bbox 220 322 342 385">
     <span class='ocr_line' id='line_1_1' title="bbox 220 322 342 385; baseline -0.008 0"><span class='ocrx_word' id='word_1_1' title='bbox 220 322 342 385; x_wconf 77' lang='lat'><strong>853</strong></span> 
     </span>
    </p>
   </div>
   <div class='ocr_carea' id='block_1_2' title="bbox 1441 317 2413 389">
    <p class='ocr_par' dir='ltr' id='par_1_2' title="bbox 1441 317 2413 389">
     <span class='ocr_line' id='line_1_2' title="bbox 1441 317 2413 389; baseline -0.003 0"><span class='ocrx_word' id='word_1_2' title='bbox 1441 320 1844 389; x_wconf 66' lang='lat' dir='ltr'><strong>EPISTOLE</strong></span> <span class='ocrx_word' id='word_1_3' title='bbox 1884 317 1987 385; x_wconf 76' lang='lat' dir='ltr'><strong>ET</strong></span> <span class='ocrx_word' id='word_1_4' title='bbox 2028 321 2413 388; x_wconf 81' lang='lat' dir='ltr'><strong>DECRETA.</strong></span> 
     </span>
    </p>
   </div>
   <div class='ocr_carea' id='block_1_3' title="bbox 3508 328 3668 398">
    <p class='ocr_par' dir='ltr' id='par_1_3' title="bbox 3508 328 3668 398">
     <span class='ocr_line' id='line_1_3' title="bbox 3508 328 3668 398; baseline 0.006 -1"><span class='ocrx_word' id='word_1_5' title='bbox 3508 333 3627 398; x_wconf 75' lang='grc'><strong>854</strong></span> <span class='ocrx_word' id='word_1_6' title='bbox 3658 328 3668 347; x_wconf 48' lang='lat'>’</span> 
     </span>
    </p>
   </div>
   <div class='ocr_carea' id='block_1_4' title="bbox 217 430 3630 542">
    <p class='ocr_par' dir='ltr' id='par_1_4' title="bbox 217 430 3630 542">
     <span class='ocr_line' id='line_1_4' title="bbox 217 430 3630 542; baseline 0.003 -27"><span class='ocrx_word' id='word_1_7' title='bbox 217 456 363 515; x_wconf 86' lang='lat' dir='ltr'><strong>Jesu</strong></span> <span class='ocrx_word' id='word_1_8' title='bbox 394 453 630 525; x_wconf 78' lang='lat' dir='ltr'><strong>Christi,</strong></span> <span class='ocrx_word' id='word_1_9' title='bbox 663 472 780 513; x_wconf 93' lang='lat' dir='ltr'><strong>non</strong></span> <span class='ocrx_word' id='word_1_10' title='bbox 812 453 927 515; x_wconf 91' lang='lat' dir='ltr'><strong>nisi</strong></span> <span class='ocrx_word' id='word_1_11' title='bbox 964 430 1154 515; x_wconf 66' lang='lat' dir='ltr'><strong>vicino</strong></span> <span class='ocrx_word' id='word_1_12' title='bbox 1188 458 1394 516; x_wconf 89' lang='lat' dir='ltr'><strong>mortis</strong></span> <span class='ocrx_word' id='word_1_13' title='bbox 1433 457 1712 533; x_wconf 90' lang='lat' dir='ltr'><strong>periculo,</strong></span> <span class='ocrx_word' id='word_1_14' title='bbox 1744 474 1870 517; x_wconf 90' lang='lat' dir='ltr'><strong>om-</strong></span> <span class='ocrx_word' id='word_1_15' title='bbox 1897 455 1957 524; x_wconf 80' lang='grc' dir='ltr'><strong>Α</strong></span> <span class='ocrx_word' id='word_1_16' title='bbox 1983 461 2244 515; x_wconf 87' lang='lat' dir='ltr'><strong>nostram</strong></span> <span class='ocrx_word' id='word_1_17' title='bbox 2275 456 2720 533; x_wconf 83' lang='lat' dir='ltr'><strong>praeceptionem</strong></span> <span class='ocrx_word' id='word_1_18' title='bbox 2748 462 2837 532; x_wconf 88' lang='lat' dir='ltr'><strong>(ut</strong></span> <span class='ocrx_word' id='word_1_19' title='bbox 2865 465 3080 520; x_wconf 65' lang='lat' dir='ltr'><strong>sancte</strong></span> <span class='ocrx_word' id='word_1_20' title='bbox 3113 462 3333 538; x_wconf 80' lang='lat' dir='ltr'><strong>synodo</strong></span> <span class='ocrx_word' id='word_1_21' title='bbox 3377 464 3630 542; x_wconf 83' lang='lat' dir='ltr'><strong>Spiritus</strong></span> 
     </span>
    </p>
   </div>
   <div class='ocr_carea' id='block_1_5' title="bbox 219 545 1873 623">
    <p class='ocr_par' dir='ltr' id='par_1_5' title="bbox 219 545 1873 623">
     <span class='ocr_line' id='line_1_5' title="bbox 219 545 1873 623; baseline 0 -18"><span class='ocrx_word' id='word_1_22' title='bbox 219 547 363 605; x_wconf 89' lang='lat' dir='ltr'><strong>nino</strong></span> <span class='ocrx_word' id='word_1_23' title='bbox 392 545 710 619; x_wconf 85' lang='lat' dir='ltr'><strong>percipiat;</strong></span> <span class='ocrx_word' id='word_1_24' title='bbox 757 550 823 601; x_wconf 92' lang='lat' dir='ltr'><strong>ut</strong></span> <span class='ocrx_word' id='word_1_25' title='bbox 860 546 982 604; x_wconf 66' lang='lat' dir='ltr'><strong>hac</strong></span> <span class='ocrx_word' id='word_1_26' title='bbox 1031 548 1443 623; x_wconf 79' lang='lat' dir='ltr'><strong>unusquisque</strong></span> <span class='ocrx_word' id='word_1_27' title='bbox 1489 549 1722 605; x_wconf 84' lang='lat' dir='ltr'><strong>discens</strong></span> <span class='ocrx_word' id='word_1_28' title='bbox 1776 566 1873 605; x_wconf 91' lang='lat' dir='ltr'><strong>ne-</strong></span> 
     </span>
    </p>
   </div>
   <div class='ocr_carea' id='block_1_6' title="bbox 220 637 1877 713">
    <p class='ocr_par' dir='ltr' id='par_1_6' title="bbox 220 637 1877 713">
     <span class='ocr_line' id='line_1_6' title="bbox 220 637 1877 713; baseline 0.001 -20"><span class='ocrx_word' id='word_1_29' title='bbox 220 650 523 711; x_wconf 80' lang='lat' dir='ltr'><strong>quaquam</strong></span> <span class='ocrx_word' id='word_1_30' title='bbox 573 637 645 692; x_wconf 91' lang='lat' dir='ltr'><strong>de</strong></span> <span class='ocrx_word' id='word_1_31' title='bbox 688 641 895 702; x_wconf 67' lang='lat' dir='ltr'><strong>cetero</strong></span> <span class='ocrx_word' id='word_1_32' title='bbox 947 639 1259 694; x_wconf 90' lang='lat' dir='ltr'><strong>temeraria</strong></span> <span class='ocrx_word' id='word_1_33' title='bbox 1313 639 1770 713; x_wconf 73' lang='lat' dir='ltr'><strong>praesumptione</strong></span> <span class='ocrx_word' id='word_1_34' title='bbox 1807 656 1877 695; x_wconf 85' lang='lat' dir='ltr'><strong>ex</strong></span> 
     </span>
    </p>
   </div>
   <div class='ocr_carea' id='block_1_7' title="bbox 217 720 1877 802">
    <p class='ocr_par' dir='ltr' id='par_1_7' title="bbox 217 720 1877 802">
     <span class='ocr_line' id='line_1_7' title="bbox 217 720 1877 802; baseline 0.001 -19"><span class='ocrx_word' id='word_1_35' title='bbox 217 725 387 783; x_wconf 87' lang='lat' dir='ltr'><strong>laicis</strong></span> <span class='ocrx_word' id='word_1_36' title='bbox 408 724 603 782; x_wconf 89' lang='lat' dir='ltr'><strong>subito</strong></span> <span class='ocrx_word' id='word_1_37' title='bbox 634 725 694 781; x_wconf 90' lang='lat' dir='ltr'><strong>in</strong></span> <span class='ocrx_word' id='word_1_38' title='bbox 715 725 1026 784; x_wconf 84' lang='lat' dir='ltr'><strong>dominicis</strong></span> <span class='ocrx_word' id='word_1_39' title='bbox 1048 727 1257 784; x_wconf 82' lang='lat' dir='ltr'><strong>castris</strong></span> <span class='ocrx_word' id='word_1_40' title='bbox 1280 727 1576 802; x_wconf 89' lang='lat' dir='ltr'><strong>insperato</strong></span> <span class='ocrx_word' id='word_1_41' title='bbox 1599 720 1877 801; x_wconf 82' lang='lat' dir='ltr'><strong>quodam-</strong></span> 
     </span>
    </p>
   </div>
   <div class='ocr_carea' id='block_1_8' title="bbox 217 814 1876 891">
    <p class='ocr_par' dir='ltr' id='par_1_8' title="bbox 217 814 1876 891">
     <span class='ocr_line' id='line_1_8' title="bbox 217 814 1876 891; baseline 0.001 -19"><span class='ocrx_word' id='word_1_42' title='bbox 217 816 397 872; x_wconf 91' lang='lat' dir='ltr'><strong>modo</strong></span> <span class='ocrx_word' id='word_1_43' title='bbox 428 814 651 887; x_wconf 85' lang='lat' dir='ltr'><strong>impetu</strong></span> <span class='ocrx_word' id='word_1_44' title='bbox 680 814 933 888; x_wconf 84' lang='lat' dir='ltr'><strong>irrepere</strong></span> <span class='ocrx_word' id='word_1_45' title='bbox 954 816 1186 885; x_wconf 89' lang='lat' dir='ltr'><strong>audeat,</strong></span> <span class='ocrx_word' id='word_1_46' title='bbox 1201 822 1260 873; x_wconf 91' lang='lat' dir='ltr'><strong>et</strong></span> <span class='ocrx_word' id='word_1_47' title='bbox 1287 816 1652 891; x_wconf 83' lang='lat' dir='ltr'><strong>principatus</strong></span> <span class='ocrx_word' id='word_1_48' title='bbox 1679 834 1876 875; x_wconf 89' lang='lat' dir='ltr'><strong>amore</strong></span> 
     </span>
    </p>
   </div>
   <div class='ocr_carea' id='block_1_9' title="bbox 216 904 1879 979">
    <p class='ocr_par' dir='ltr' id='par_1_9' title="bbox 216 904 1879 979">
     <span class='ocr_line' id='line_1_9' title="bbox 216 904 1879 979; baseline 0.001 -18"><span class='ocrx_word' id='word_1_49' title='bbox 216 910 355 961; x_wconf 86' lang='lat' dir='ltr'><strong>ante</strong></span> <span class='ocrx_word' id='word_1_50' title='bbox 386 904 666 960; x_wconf 79' lang='lat' dir='ltr'><strong>ducatum</strong></span> <span class='ocrx_word' id='word_1_51' title='bbox 700 908 976 976; x_wconf 73' lang='lat' dir='ltr'><strong>praestare</strong></span> <span class='ocrx_word' id='word_1_52' title='bbox 1006 905 1167 974; x_wconf 83' lang='lat' dir='ltr'><strong>velit,</strong></span> <span class='ocrx_word' id='word_1_53' title='bbox 1179 923 1355 979; x_wconf 90' lang='lat' dir='ltr'><strong>quam</strong></span> <span class='ocrx_word' id='word_1_54' title='bbox 1377 906 1586 963; x_wconf 83' lang='lat' dir='ltr'><strong>tironis</strong></span> <span class='ocrx_word' id='word_1_55' title='bbox 1609 924 1879 963; x_wconf 89' lang='lat' dir='ltr'><strong>consum-</strong></span> 
     </span>
    </p>
   </div>
   <div class='ocr_carea' id='block_1_10' title="bbox 218 992 1873 1068">
    <p class='ocr_par' dir='ltr' id='par_1_10' title="bbox 218 992 1873 1068">
     <span class='ocr_line' id='line_1_10' title="bbox 218 992 1873 1068; baseline 0.001 -19"><span class='ocrx_word' id='word_1_56' title='bbox 218 997 343 1049; x_wconf 91' lang='lat' dir='ltr'><strong>met</strong></span> <span class='ocrx_word' id='word_1_57' title='bbox 362 992 654 1061; x_wconf 83' lang='lat' dir='ltr'><strong>ofﬁcium;</strong></span> <span class='ocrx_word' id='word_1_58' title='bbox 680 997 737 1048; x_wconf 89' lang='lat' dir='ltr'><strong>et</strong></span> <span class='ocrx_word' id='word_1_59' title='bbox 766 997 902 1049; x_wconf 84' lang='lat' dir='ltr'><strong>ante</strong></span> <span class='ocrx_word' id='word_1_60' title='bbox 932 997 1118 1051; x_wconf 86' lang='lat' dir='ltr'><strong>tentet</strong></span> <span class='ocrx_word' id='word_1_61' title='bbox 1147 996 1376 1064; x_wconf 89' lang='lat' dir='ltr'><strong>docere,</strong></span> <span class='ocrx_word' id='word_1_62' title='bbox 1402 1013 1579 1068; x_wconf 91' lang='lat' dir='ltr'><strong>quam</strong></span> <span class='ocrx_word' id='word_1_63' title='bbox 1614 995 1836 1052; x_wconf 89' lang='lat' dir='ltr'><strong>discere</strong></span> <span class='ocrx_word' id='word_1_64' title='bbox 1860 1013 1873 1051; x_wconf 89' lang='lat'><strong>:</strong></span> 
     </span>
    </p>
   </div>
   <div class='ocr_carea' id='block_1_11' title="bbox 219 1082 1879 1157">
    <p class='ocr_par' dir='ltr' id='par_1_11' title="bbox 219 1082 1879 1157">
     <span class='ocr_line' id='line_1_11' title="bbox 219 1082 1879 1157; baseline 0.001 -17"><span class='ocrx_word' id='word_1_65' title='bbox 219 1084 378 1140; x_wconf 89' lang='lat' dir='ltr'><strong>sicut</strong></span> <span class='ocrx_word' id='word_1_66' title='bbox 422 1083 479 1138; x_wconf 91' lang='lat' dir='ltr'><strong>in</strong></span> <span class='ocrx_word' id='word_1_67' title='bbox 524 1083 727 1139; x_wconf 86' lang='lat' dir='ltr'><strong>eadem</strong></span> <span class='ocrx_word' id='word_1_68' title='bbox 760 1082 1405 1157; x_wconf 88' lang='lat' dir='ltr'><strong>Constantinopolitana</strong></span> <span class='ocrx_word' id='word_1_69' title='bbox 1440 1083 1698 1141; x_wconf 87' lang='lat' dir='ltr'><strong>Ecclesia</strong></span> <span class='ocrx_word' id='word_1_70' title='bbox 1727 1102 1879 1157; x_wconf 65' lang='lat' dir='ltr'><strong>smpe</strong></span> 
     </span>
    </p>
   </div>
   <div class='ocr_carea' id='block_1_12' title="bbox 220 1173 1875 1246">
    <p class='ocr_par' dir='ltr' id='par_1_12' title="bbox 220 1173 1875 1246">
     <span class='ocr_line' id='line_1_12' title="bbox 220 1173 1875 1246; baseline 0.001 -18"><span class='ocrx_word' id='word_1_71' title='bbox 220 1175 651 1246; x_wconf 64' lang='lat' dir='ltr'><strong>prmsumptum</strong></span> <span class='ocrx_word' id='word_1_72' title='bbox 693 1187 820 1228; x_wconf 91' lang='lat' dir='ltr'><strong>esse</strong></span> <span class='ocrx_word' id='word_1_73' title='bbox 864 1173 1276 1245; x_wconf 86' lang='lat' dir='ltr'><strong>comperimus.</strong></span> <span class='ocrx_word' id='word_1_74' title='bbox 1301 1174 1370 1229; x_wconf 91' lang='lat' dir='ltr'><strong>Et</strong></span> <span class='ocrx_word' id='word_1_75' title='bbox 1400 1191 1609 1230; x_wconf 88' lang='lat' dir='ltr'><strong>rursus</strong></span> <span class='ocrx_word' id='word_1_76' title='bbox 1638 1190 1711 1230; x_wconf 90' lang='lat' dir='ltr'><strong>ne</strong></span> <span class='ocrx_word' id='word_1_77' title='bbox 1741 1190 1875 1230; x_wconf 90' lang='lat' dir='ltr'><strong>con-</strong></span> 
     </span>
    </p>
   </div>
   <div class='ocr_carea' id='block_1_13' title="bbox 220 1259 1880 1336">
    <p class='ocr_par' dir='ltr' id='par_1_13' title="bbox 220 1259 1880 1336">
     <span class='ocr_line' id='line_1_13' title="bbox 220 1259 1880 1336; baseline 0.001 -18"><span class='ocrx_word' id='word_1_78' title='bbox 220 1259 466 1334; x_wconf 83' lang='lat' dir='ltr'><strong>temptis</strong></span> <span class='ocrx_word' id='word_1_79' title='bbox 487 1259 735 1326; x_wconf 81' lang='lat' dir='ltr'><strong>clericis,</strong></span> <span class='ocrx_word' id='word_1_80' title='bbox 753 1278 1001 1333; x_wconf 91' lang='lat' dir='ltr'><strong>quorum</strong></span> <span class='ocrx_word' id='word_1_81' title='bbox 1024 1266 1089 1317; x_wconf 91' lang='lat' dir='ltr'><strong>ut</strong></span> <span class='ocrx_word' id='word_1_82' title='bbox 1107 1266 1241 1334; x_wconf 89' lang='lat' dir='ltr'><strong>pote</strong></span> <span class='ocrx_word' id='word_1_83' title='bbox 1268 1261 1329 1318; x_wconf 90' lang='lat' dir='ltr'><strong>in</strong></span> <span class='ocrx_word' id='word_1_84' title='bbox 1351 1267 1470 1318; x_wconf 89' lang='lat' dir='ltr'><strong>tam</strong></span> <span class='ocrx_word' id='word_1_85' title='bbox 1497 1279 1712 1336; x_wconf 89' lang='lat' dir='ltr'><strong>magna</strong></span> <span class='ocrx_word' id='word_1_86' title='bbox 1735 1264 1880 1320; x_wconf 89' lang='lat' dir='ltr'><strong>urbe</strong></span> 
     </span>
    </p>
   </div>
   <div class='ocr_carea' id='block_1_14' title="bbox 222 1348 1878 1424">
    <p class='ocr_par' dir='ltr' id='par_1_14' title="bbox 222 1348 1878 1424">
     <span class='ocr_line' id='line_1_14' title="bbox 222 1348 1878 1424; baseline 0.001 -17"><span class='ocrx_word' id='word_1_87' title='bbox 222 1350 464 1423; x_wconf 90' lang='lat' dir='ltr'><strong>copiosa</strong></span> <span class='ocrx_word' id='word_1_88' title='bbox 484 1348 797 1405; x_wconf 89' lang='lat' dir='ltr'><strong>multitudo</strong></span> <span class='ocrx_word' id='word_1_89' title='bbox 820 1352 1159 1424; x_wconf 89' lang='lat' dir='ltr'><strong>est,quippe</strong></span> <span class='ocrx_word' id='word_1_90' title='bbox 1182 1351 1254 1407; x_wconf 89' lang='lat' dir='ltr'><strong>ab</strong></span> <span class='ocrx_word' id='word_1_91' title='bbox 1276 1352 1423 1424; x_wconf 86' lang='lat' dir='ltr'><strong>ipsis</strong></span> <span class='ocrx_word' id='word_1_92' title='bbox 1443 1356 1536 1422; x_wconf 91' lang='lat' dir='ltr'><strong>(ut</strong></span> <span class='ocrx_word' id='word_1_93' title='bbox 1563 1352 1645 1407; x_wconf 88' lang='lat' dir='ltr'><strong>ita</strong></span> <span class='ocrx_word' id='word_1_94' title='bbox 1669 1352 1878 1408; x_wconf 83' lang='lat' dir='ltr'><strong>dixeri-</strong></span> 
     </span>
    </p>
   </div>
   <div class='ocr_carea' id='block_1_15' title="bbox 220 1437 1881 1512">
    <p class='ocr_par' dir='ltr' id='par_1_15' title="bbox 220 1437 1881 1512">
     <span class='ocr_line' id='line_1_15' title="bbox 220 1437 1881 1512; baseline 0.001 -16"><span class='ocrx_word' id='word_1_95' title='bbox 220 1443 383 1509; x_wconf 88' lang='lat' dir='ltr'><strong>mus)</strong></span> <span class='ocrx_word' id='word_1_96' title='bbox 415 1437 704 1496; x_wconf 90' lang='lat' dir='ltr'><strong>cunabilis</strong></span> <span class='ocrx_word' id='word_1_97' title='bbox 746 1439 1226 1512; x_wconf 81' lang='lat' dir='ltr'><strong>imprastermisso</strong></span> <span class='ocrx_word' id='word_1_98' title='bbox 1274 1441 1469 1498; x_wconf 89' lang='lat' dir='ltr'><strong>labore</strong></span> <span class='ocrx_word' id='word_1_99' title='bbox 1515 1440 1575 1497; x_wconf 91' lang='lat' dir='ltr'><strong>in</strong></span> <span class='ocrx_word' id='word_1_100' title='bbox 1623 1441 1881 1498; x_wconf 87' lang='lat' dir='ltr'><strong>Ecclesia</strong></span> 
     </span>
    </p>
   </div>
   <div class='ocr_carea' id='block_1_16' title="bbox 222 1527 1882 1596">
    <p class='ocr_par' dir='ltr' id='par_1_16' title="bbox 222 1527 1882 1596">
     <span class='ocr_line' id='line_1_16' title="bbox 222 1527 1882 1596; baseline 0 -11"><span class='ocrx_word' id='word_1_101' title='bbox 222 1527 443 1585; x_wconf 85' lang='lat' dir='ltr'><strong>Christi</strong></span> <span class='ocrx_word' id='word_1_102' title='bbox 474 1527 782 1596; x_wconf 89' lang='lat' dir='ltr'><strong>desudant,</strong></span> <span class='ocrx_word' id='word_1_103' title='bbox 803 1532 861 1583; x_wconf 88' lang='lat' dir='ltr'><strong>et</strong></span> <span class='ocrx_word' id='word_1_104' title='bbox 907 1527 1300 1585; x_wconf 89' lang='lat' dir='ltr'><strong>indesinentia</strong></span> <span class='ocrx_word' id='word_1_105' title='bbox 1329 1530 1577 1587; x_wconf 90' lang='lat' dir='ltr'><strong>Domino</strong></span> <span class='ocrx_word' id='word_1_106' title='bbox 1606 1530 1882 1587; x_wconf 85' lang='lat' dir='ltr'><strong>exhibent</strong></span> 
     </span>
    </p>
   </div>
   <div class='ocr_carea' id='block_1_17' title="bbox 222 1616 1878 1690">
    <p class='ocr_par' dir='ltr' id='par_1_17' title="bbox 222 1616 1878 1690">
     <span class='ocr_line' id='line_1_17' title="bbox 222 1616 1878 1690; baseline 0.001 -17"><span class='ocrx_word' id='word_1_107' title='bbox 222 1617 527 1674; x_wconf 84' lang='lat' dir='ltr'><strong>servitutis</strong></span> <span class='ocrx_word' id='word_1_108' title='bbox 543 1616 849 1689; x_wconf 89' lang='lat' dir='ltr'><strong>obsequia;</strong></span> <span class='ocrx_word' id='word_1_109' title='bbox 871 1618 1050 1690; x_wconf 91' lang='lat' dir='ltr'><strong>is,qui</strong></span> <span class='ocrx_word' id='word_1_110' title='bbox 1071 1619 1142 1674; x_wconf 92' lang='lat' dir='ltr'><strong>de</strong></span> <span class='ocrx_word' id='word_1_111' title='bbox 1160 1619 1301 1676; x_wconf 90' lang='lat' dir='ltr'><strong>foris</strong></span> <span class='ocrx_word' id='word_1_112' title='bbox 1319 1624 1409 1676; x_wconf 89' lang='lat' dir='ltr'><strong>est</strong></span> <span class='ocrx_word' id='word_1_113' title='bbox 1430 1618 1671 1676; x_wconf 85' lang='lat' dir='ltr'><strong>alterius</strong></span> <span class='ocrx_word' id='word_1_114' title='bbox 1690 1619 1878 1689; x_wconf 91' lang='lat' dir='ltr'><strong>ovilis,</strong></span> 
     </span>
    </p>
   </div>
   <div class='ocr_carea' id='block_1_18' title="bbox 221 1706 1883 1781">
    <p class='ocr_par' dir='ltr' id='par_1_18' title="bbox 221 1706 1883 1781">
     <span class='ocr_line' id='line_1_18' title="bbox 221 1706 1883 1781; baseline 0.001 -18"><span class='ocrx_word' id='word_1_115' title='bbox 221 1706 442 1763; x_wconf 86' lang='lat' dir='ltr'><strong>Christi</strong></span> <span class='ocrx_word' id='word_1_116' title='bbox 465 1710 700 1780; x_wconf 89' lang='lat' dir='ltr'><strong>repente</strong></span> <span class='ocrx_word' id='word_1_117' title='bbox 722 1706 1119 1779; x_wconf 84' lang='lat' dir='ltr'><strong>principatum</strong></span> <span class='ocrx_word' id='word_1_118' title='bbox 1137 1706 1397 1780; x_wconf 89' lang='lat' dir='ltr'><strong>arripiat,</strong></span> <span class='ocrx_word' id='word_1_119' title='bbox 1414 1712 1469 1764; x_wconf 89' lang='lat' dir='ltr'><strong>et</strong></span> <span class='ocrx_word' id='word_1_120' title='bbox 1490 1709 1715 1765; x_wconf 81' lang='lat' dir='ltr'><strong>nitatur</strong></span> <span class='ocrx_word' id='word_1_121' title='bbox 1733 1726 1883 1781; x_wconf 91' lang='lat' dir='ltr'><strong>quos</strong></span> 
     </span>
    </p>
   </div>
   <div class='ocr_carea' id='block_1_19' title="bbox 221 1795 1960 1892">
    <p class='ocr_par' dir='ltr' id='par_1_19' title="bbox 221 1795 1960 1892">
     <span class='ocr_line' id='line_1_19' title="bbox 221 1795 1960 1892; baseline 0 -39"><span class='ocrx_word' id='word_1_122' title='bbox 221 1811 355 1853; x_wconf 88' lang='lat' dir='ltr'><strong>esse</strong></span> <span class='ocrx_word' id='word_1_123' title='bbox 387 1812 528 1852; x_wconf 89' lang='lat' dir='ltr'><strong>suos</strong></span> <span class='ocrx_word' id='word_1_124' title='bbox 560 1812 675 1851; x_wconf 90' lang='lat' dir='ltr'><strong>non</strong></span> <span class='ocrx_word' id='word_1_125' title='bbox 706 1795 1090 1869; x_wconf 87' lang='lat' dir='ltr'><strong>recognoscit,</strong></span> <span class='ocrx_word' id='word_1_126' title='bbox 1118 1795 1483 1869; x_wconf 88' lang='lat' dir='ltr'><strong>discerpere:</strong></span> <span class='ocrx_word' id='word_1_127' title='bbox 1508 1800 1566 1853; x_wconf 89' lang='lat' dir='ltr'><strong>et</strong></span> <span class='ocrx_word' id='word_1_128' title='bbox 1596 1814 1736 1870; x_wconf 82' lang='lat' dir='ltr'><strong>grex</strong></span> <span class='ocrx_word' id='word_1_129' title='bbox 1766 1802 1880 1853; x_wconf 87' lang='lat' dir='ltr'><strong>Do-</strong></span> <span class='ocrx_word' id='word_1_130' title='bbox 1912 1828 1960 1892; x_wconf 77' lang='grc' dir='ltr'><strong>Β</strong></span> 
     </span>
    </p>
   </div>
   <div class='ocr_carea' id='block_1_20' title="bbox 223 1881 1887 1958">
    <p class='ocr_par' dir='ltr' id='par_1_20' title="bbox 223 1881 1887 1958">
     <span class='ocr_line' id='line_1_20' title="bbox 223 1881 1887 1958; baseline 0 -18"><span class='ocrx_word' id='word_1_131' title='bbox 223 1883 483 1940; x_wconf 91' lang='lat' dir='ltr'><strong>minicus</strong></span> <span class='ocrx_word' id='word_1_132' title='bbox 503 1881 744 1956; x_wconf 88' lang='lat' dir='ltr'><strong>incipiat</strong></span> <span class='ocrx_word' id='word_1_133' title='bbox 762 1899 920 1953; x_wconf 89' lang='lat' dir='ltr'><strong>eum,</strong></span> <span class='ocrx_word' id='word_1_134' title='bbox 937 1887 1002 1939; x_wconf 91' lang='lat' dir='ltr'><strong>ut</strong></span> <span class='ocrx_word' id='word_1_135' title='bbox 1022 1888 1156 1956; x_wconf 91' lang='lat' dir='ltr'><strong>pote</strong></span> <span class='ocrx_word' id='word_1_136' title='bbox 1176 1889 1516 1941; x_wconf 81' lang='lat' dir='ltr'><strong>extraneum</strong></span> <span class='ocrx_word' id='word_1_137' title='bbox 1540 1890 1599 1942; x_wconf 89' lang='lat' dir='ltr'><strong>et</strong></span> <span class='ocrx_word' id='word_1_138' title='bbox 1615 1884 1887 1958; x_wconf 90' lang='lat' dir='ltr'><strong>improvi-</strong></span> 
     </span>
    </p>
   </div>
   <div class='ocr_carea' id='block_1_21' title="bbox 221 1973 1888 2048">
    <p class='ocr_par' dir='ltr' id='par_1_21' title="bbox 221 1973 1888 2048">
     <span class='ocr_line' id='line_1_21' title="bbox 221 1973 1888 2048; baseline 0 -18"><span class='ocrx_word' id='word_1_139' title='bbox 221 1991 382 2042; x_wconf 89' lang='lat' dir='ltr'><strong>sum,</strong></span> <span class='ocrx_word' id='word_1_140' title='bbox 399 1973 639 2029; x_wconf 89' lang='lat' dir='ltr'><strong>omnino</strong></span> <span class='ocrx_word' id='word_1_141' title='bbox 658 1976 1057 2028; x_wconf 89' lang='lat' dir='ltr'><strong>contemnere:</strong></span> <span class='ocrx_word' id='word_1_142' title='bbox 1078 1973 1401 2046; x_wconf 64' lang='lat' dir='ltr'><strong>prazsertim</strong></span> <span class='ocrx_word' id='word_1_143' title='bbox 1419 1991 1552 2030; x_wconf 91' lang='lat' dir='ltr'><strong>cum</strong></span> <span class='ocrx_word' id='word_1_144' title='bbox 1570 1974 1888 2048; x_wconf 88' lang='lat' dir='ltr'><strong>perspiciat</strong></span> 
     </span>
    </p>
   </div>
   <div class='ocr_carea' id='block_1_22' title="bbox 222 2061 1886 2134">
    <p class='ocr_par' dir='ltr' id='par_1_22' title="bbox 222 2061 1886 2134">
     <span class='ocr_line' id='line_1_22' title="bbox 222 2061 1886 2134; baseline 0.001 -16"><span class='ocrx_word' id='word_1_145' title='bbox 222 2061 307 2118; x_wconf 92' lang='lat' dir='ltr'><strong>nil</strong></span> <span class='ocrx_word' id='word_1_146' title='bbox 341 2061 456 2119; x_wconf 86' lang='lat' dir='ltr'><strong>sibi</strong></span> <span class='ocrx_word' id='word_1_147' title='bbox 487 2061 780 2134; x_wconf 86' lang='lat' dir='ltr'><strong>stipendia</strong></span> <span class='ocrx_word' id='word_1_148' title='bbox 809 2062 1125 2133; x_wconf 87' lang='lat' dir='ltr'><strong>profecisse</strong></span> <span class='ocrx_word' id='word_1_149' title='bbox 1154 2063 1518 2132; x_wconf 89' lang='lat' dir='ltr'><strong>meritorum,</strong></span> <span class='ocrx_word' id='word_1_150' title='bbox 1542 2067 1599 2119; x_wconf 85' lang='lat' dir='ltr'><strong>et</strong></span> <span class='ocrx_word' id='word_1_151' title='bbox 1628 2063 1886 2120; x_wconf 90' lang='lat' dir='ltr'><strong>alienum</strong></span> 
     </span>
    </p>
   </div>
   <div class='ocr_carea' id='block_1_23' title="bbox 223 2141 1652 2209">
    <p class='ocr_par' dir='ltr' id='par_1_23' title="bbox 223 2141 1652 2209">
     <span class='ocr_line' id='line_1_23' title="bbox 223 2141 1652 2209; baseline 0 -1"><span class='ocrx_word' id='word_1_152' title='bbox 223 2168 474 2209; x_wconf 89' lang='lat' dir='ltr'><strong>suorum</strong></span> <span class='ocrx_word' id='word_1_153' title='bbox 505 2154 704 2207; x_wconf 86' lang='lat' dir='ltr'><strong>cernat</strong></span> <span class='ocrx_word' id='word_1_154' title='bbox 733 2167 1079 2208; x_wconf 89' lang='lat' dir='ltr'><strong>consumere</strong></span> <span class='ocrx_word' id='word_1_155' title='bbox 1112 2141 1652 2209; x_wconf 29' lang='lat' dir='ltr'><strong>fructusclaborum.</strong></span> 
     </span>
    </p>
   </div>
   <div class='ocr_carea' id='block_1_24' title="bbox 301 2239 1889 2314">
    <p class='ocr_par' dir='ltr' id='par_1_24' title="bbox 301 2239 1889 2314">
     <span class='ocr_line' id='line_1_24' title="bbox 301 2239 1889 2314; baseline 0.003 -20"><span class='ocrx_word' id='word_1_156' title='bbox 301 2241 354 2295; x_wconf 84' lang='lat' dir='ltr'><strong>ll</strong></span> <span class='ocrx_word' id='word_1_157' title='bbox 365 2283 376 2294; x_wconf 92' lang='lat'><strong>.</strong></span> <span class='ocrx_word' id='word_1_158' title='bbox 400 2239 744 2313; x_wconf 83' lang='lat' dir='ltr'><strong>Gregorium</strong></span> <span class='ocrx_word' id='word_1_159' title='bbox 769 2256 935 2308; x_wconf 83' lang='lat' dir='ltr'><strong>sane,</strong></span> <span class='ocrx_word' id='word_1_160' title='bbox 952 2239 1052 2312; x_wconf 90' lang='lat' dir='ltr'><strong>qui</strong></span> <span class='ocrx_word' id='word_1_161' title='bbox 1069 2244 1444 2314; x_wconf 69' lang='lat' dir='ltr'><strong>Syracusana:</strong></span> <span class='ocrx_word' id='word_1_162' title='bbox 1461 2241 1730 2298; x_wconf 72' lang='lat' dir='ltr'><strong>Ecclesiae</strong></span> <span class='ocrx_word' id='word_1_163' title='bbox 1752 2241 1889 2298; x_wconf 86' lang='lat' dir='ltr'><strong>irre-</strong></span> 
     </span>
    </p>
   </div>
   <div class='ocr_carea' id='block_1_25' title="bbox 225 2328 1890 2403">
    <p class='ocr_par' dir='ltr' id='par_1_25' title="bbox 225 2328 1890 2403">
     <span class='ocr_line' id='line_1_25' title="bbox 225 2328 1890 2403; baseline 0.002 -19"><span class='ocrx_word' id='word_1_164' title='bbox 225 2328 537 2403; x_wconf 88' lang='lat' dir='ltr'><strong>gulariter,</strong></span> <span class='ocrx_word' id='word_1_165' title='bbox 566 2333 743 2401; x_wconf 88' lang='lat' dir='ltr'><strong>atque</strong></span> <span class='ocrx_word' id='word_1_166' title='bbox 773 2328 889 2384; x_wconf 90' lang='lat' dir='ltr'><strong>Deo</strong></span> <span class='ocrx_word' id='word_1_167' title='bbox 932 2333 1265 2403; x_wconf 90' lang='lat' dir='ltr'><strong>contempto</strong></span> <span class='ocrx_word' id='word_1_168' title='bbox 1296 2334 1524 2402; x_wconf 69' lang='lat' dir='ltr'><strong>prmest,</strong></span> <span class='ocrx_word' id='word_1_169' title='bbox 1547 2348 1613 2387; x_wconf 91' lang='lat' dir='ltr'><strong>eo</strong></span> <span class='ocrx_word' id='word_1_170' title='bbox 1645 2331 1797 2403; x_wconf 92' lang='lat' dir='ltr'><strong>quod</strong></span> <span class='ocrx_word' id='word_1_171' title='bbox 1831 2334 1890 2387; x_wconf 89' lang='lat' dir='ltr'><strong>et</strong></span> 
     </span>
    </p>
   </div>
   <div class='ocr_carea' id='block_1_26' title="bbox 228 2417 1890 2493">
    <p class='ocr_par' dir='ltr' id='par_1_26' title="bbox 228 2417 1890 2493">
     <span class='ocr_line' id='line_1_26' title="bbox 228 2417 1890 2493; baseline 0.001 -20"><span class='ocrx_word' id='word_1_172' title='bbox 228 2419 360 2493; x_wconf 88' lang='lat' dir='ltr'><strong>ipse</strong></span> <span class='ocrx_word' id='word_1_173' title='bbox 391 2436 459 2474; x_wconf 88' lang='lat' dir='ltr'><strong>ex</strong></span> <span class='ocrx_word' id='word_1_174' title='bbox 489 2422 652 2491; x_wconf 88' lang='lat' dir='ltr'><strong>parte</strong></span> <span class='ocrx_word' id='word_1_175' title='bbox 710 2417 1221 2475; x_wconf 88' lang='lat' dir='ltr'><strong>schismaticorum</strong></span> <span class='ocrx_word' id='word_1_176' title='bbox 1263 2418 1360 2486; x_wconf 90' lang='lat' dir='ltr'><strong>sit,</strong></span> <span class='ocrx_word' id='word_1_177' title='bbox 1392 2423 1451 2476; x_wconf 91' lang='lat' dir='ltr'><strong>et</strong></span> <span class='ocrx_word' id='word_1_178' title='bbox 1511 2424 1824 2493; x_wconf 85' lang='lat' dir='ltr'><strong>postquam</strong></span> <span class='ocrx_word' id='word_1_179' title='bbox 1855 2437 1890 2475; x_wconf 88' lang='lat' dir='ltr'><strong>a</strong></span> 
     </span>
    </p>
   </div>
   <div class='ocr_carea' id='block_1_27' title="bbox 227 2507 1889 2581">
    <p class='ocr_par' dir='ltr' id='par_1_27' title="bbox 227 2507 1889 2581">
     <span class='ocr_line' id='line_1_27' title="bbox 227 2507 1889 2581; baseline -0.001 -17"><span class='ocrx_word' id='word_1_180' title='bbox 227 2508 458 2581; x_wconf 80' lang='lat' dir='ltr'><strong>synodo</strong></span> <span class='ocrx_word' id='word_1_181' title='bbox 487 2508 859 2580; x_wconf 87' lang='lat' dir='ltr'><strong>episcopatus</strong></span> <span class='ocrx_word' id='word_1_182' title='bbox 899 2507 1090 2563; x_wconf 79' lang='lat' dir='ltr'><strong>officio</strong></span> <span class='ocrx_word' id='word_1_183' title='bbox 1129 2508 1417 2581; x_wconf 87' lang='lat' dir='ltr'><strong>privatus,</strong></span> <span class='ocrx_word' id='word_1_184' title='bbox 1440 2512 1496 2564; x_wconf 86' lang='lat' dir='ltr'><strong>et</strong></span> <span class='ocrx_word' id='word_1_185' title='bbox 1525 2526 1559 2564; x_wconf 90' lang='lat' dir='ltr'><strong>a</strong></span> <span class='ocrx_word' id='word_1_186' title='bbox 1587 2510 1889 2565; x_wconf 89' lang='lat' dir='ltr'><strong>decessore</strong></span> 
     </span>
    </p>
   </div>
   <div class='ocr_carea' id='block_1_28' title="bbox 226 2595 1886 2671">
    <p class='ocr_par' dir='ltr' id='par_1_28' title="bbox 226 2595 1886 2671">
     <span class='ocr_line' id='line_1_28' title="bbox 226 2595 1886 2671; baseline 0 -19"><span class='ocrx_word' id='word_1_187' title='bbox 226 2612 364 2652; x_wconf 88' lang='lat' dir='ltr'><strong>meo</strong></span> <span class='ocrx_word' id='word_1_188' title='bbox 394 2599 608 2652; x_wconf 64' lang='lat' dir='ltr'><strong>sanetae</strong></span> <span class='ocrx_word' id='word_1_189' title='bbox 640 2595 935 2651; x_wconf 66' lang='lat' dir='ltr'><strong>memoriae</strong></span> <span class='ocrx_word' id='word_1_190' title='bbox 956 2612 1109 2669; x_wconf 89' lang='lat' dir='ltr'><strong>papa</strong></span> <span class='ocrx_word' id='word_1_191' title='bbox 1132 2596 1442 2653; x_wconf 87' lang='lat' dir='ltr'><strong>Benedicto</strong></span> <span class='ocrx_word' id='word_1_192' title='bbox 1463 2595 1755 2671; x_wconf 89' lang='lat' dir='ltr'><strong>obligatus</strong></span> <span class='ocrx_word' id='word_1_193' title='bbox 1776 2602 1886 2663; x_wconf 90' lang='lat' dir='ltr'><strong>est,</strong></span> 
     </span>
    </p>
   </div>
   <div class='ocr_carea' id='block_1_29' title="bbox 226 2682 1888 2759">
    <p class='ocr_par' dir='ltr' id='par_1_29' title="bbox 226 2682 1888 2759">
     <span class='ocr_line' id='line_1_29' title="bbox 226 2682 1888 2759; baseline 0 -18"><span class='ocrx_word' id='word_1_194' title='bbox 226 2689 282 2741; x_wconf 90' lang='lat' dir='ltr'><strong>et</strong></span> <span class='ocrx_word' id='word_1_195' title='bbox 312 2684 589 2741; x_wconf 90' lang='lat' dir='ltr'><strong>Photium</strong></span> <span class='ocrx_word' id='word_1_196' title='bbox 620 2682 840 2740; x_wconf 90' lang='lat' dir='ltr'><strong>laicum</strong></span> <span class='ocrx_word' id='word_1_197' title='bbox 862 2684 1057 2740; x_wconf 89' lang='lat' dir='ltr'><strong>subito</strong></span> <span class='ocrx_word' id='word_1_198' title='bbox 1086 2700 1427 2742; x_wconf 87' lang='lat' dir='ltr'><strong>consecrare</strong></span> <span class='ocrx_word' id='word_1_199' title='bbox 1456 2684 1516 2740; x_wconf 91' lang='lat' dir='ltr'><strong>in</strong></span> <span class='ocrx_word' id='word_1_200' title='bbox 1547 2686 1888 2759; x_wconf 88' lang='lat' dir='ltr'><strong>episcopatu</strong></span> 
     </span>
    </p>
   </div>
   <div class='ocr_carea' id='block_1_30' title="bbox 227 2772 1892 2840">
    <p class='ocr_par' dir='ltr' id='par_1_30' title="bbox 227 2772 1892 2840">
     <span class='ocr_line' id='line_1_30' title="bbox 227 2772 1892 2840; baseline 0 -10"><span class='ocrx_word' id='word_1_201' title='bbox 227 2791 349 2830; x_wconf 90' lang='lat' dir='ltr'><strong>non</strong></span> <span class='ocrx_word' id='word_1_202' title='bbox 385 2772 739 2840; x_wconf 81' lang='lat' dir='ltr'><strong>formidavit,</strong></span> <span class='ocrx_word' id='word_1_203' title='bbox 771 2777 830 2829; x_wconf 91' lang='lat' dir='ltr'><strong>et</strong></span> <span class='ocrx_word' id='word_1_204' title='bbox 866 2774 937 2829; x_wconf 92' lang='lat' dir='ltr'><strong>de</strong></span> <span class='ocrx_word' id='word_1_205' title='bbox 987 2790 1150 2829; x_wconf 88' lang='lat' dir='ltr'><strong>sacro</strong></span> <span class='ocrx_word' id='word_1_206' title='bbox 1199 2774 1526 2830; x_wconf 88' lang='lat' dir='ltr'><strong>ministerio</strong></span> <span class='ocrx_word' id='word_1_207' title='bbox 1572 2791 1753 2830; x_wconf 88' lang='lat' dir='ltr'><strong>ausus</strong></span> <span class='ocrx_word' id='word_1_208' title='bbox 1802 2778 1892 2830; x_wconf 86' lang='lat' dir='ltr'><strong>est</strong></span> 
     </span>
    </p>
   </div>
   <div class='ocr_carea' id='block_1_31' title="bbox 226 2861 1890 2936">
    <p class='ocr_par' dir='ltr' id='par_1_31' title="bbox 226 2861 1890 2936">
     <span class='ocr_line' id='line_1_31' title="bbox 226 2861 1890 2936; baseline -0.001 -18"><span class='ocrx_word' id='word_1_209' title='bbox 226 2862 427 2918; x_wconf 90' lang='lat' dir='ltr'><strong>multa</strong></span> <span class='ocrx_word' id='word_1_210' title='bbox 464 2861 1005 2935; x_wconf 87' lang='lat' dir='ltr'><strong>contingere,juxta</strong></span> <span class='ocrx_word' id='word_1_211' title='bbox 1034 2863 1455 2936; x_wconf 81' lang='lat' dir='ltr'><strong>praecedentem</strong></span> <span class='ocrx_word' id='word_1_212' title='bbox 1508 2863 1890 2919; x_wconf 86' lang='lat' dir='ltr'><strong>consuetudi-</strong></span> 
     </span>
    </p>
   </div>
   <div class='ocr_carea' id='block_1_32' title="bbox 226 2950 1888 3023">
    <p class='ocr_par' dir='ltr' id='par_1_32' title="bbox 226 2950 1888 3023">
     <span class='ocr_line' id='line_1_32' title="bbox 226 2950 1888 3023; baseline 0 -16"><span class='ocrx_word' id='word_1_213' title='bbox 226 2968 370 3007; x_wconf 90' lang='lat' dir='ltr'><strong>nem</strong></span> <span class='ocrx_word' id='word_1_214' title='bbox 404 2950 796 3015; x_wconf 90' lang='lat' dir='ltr'><strong>sancimus,et</strong></span> <span class='ocrx_word' id='word_1_215' title='bbox 816 2952 989 3023; x_wconf 81' lang='lat' dir='ltr'><strong>juxta</strong></span> <span class='ocrx_word' id='word_1_216' title='bbox 1019 2951 1360 3008; x_wconf 85' lang='lat' dir='ltr'><strong>canonicam</strong></span> <span class='ocrx_word' id='word_1_217' title='bbox 1412 2950 1888 3009; x_wconf 87' lang='lat' dir='ltr'><strong>deliberationem</strong></span> 
     </span>
    </p>
   </div>
   <div class='ocr_carea' id='block_1_33' title="bbox 227 3039 1888 3114">
    <p class='ocr_par' dir='ltr' id='par_1_33' title="bbox 227 3039 1888 3114">
     <span class='ocr_line' id='line_1_33' title="bbox 227 3039 1888 3114; baseline -0.001 -17"><span class='ocrx_word' id='word_1_218' title='bbox 227 3039 559 3114; x_wconf 88' lang='lat' dir='ltr'><strong>apostolica</strong></span> <span class='ocrx_word' id='word_1_219' title='bbox 588 3040 934 3097; x_wconf 88' lang='lat' dir='ltr'><strong>auctoritate</strong></span> <span class='ocrx_word' id='word_1_220' title='bbox 964 3040 1312 3107; x_wconf 86' lang='lat' dir='ltr'><strong>diffinimus,</strong></span> <span class='ocrx_word' id='word_1_221' title='bbox 1345 3044 1519 3114; x_wconf 89' lang='lat' dir='ltr'><strong>atque</strong></span> <span class='ocrx_word' id='word_1_222' title='bbox 1550 3040 1888 3113; x_wconf 85' lang='lat' dir='ltr'><strong>statuimus,</strong></span> 
     </span>
    </p>
   </div>
   <div class='ocr_carea' id='block_1_34' title="bbox 226 3127 1890 3202">
    <p class='ocr_par' dir='ltr' id='par_1_34' title="bbox 226 3127 1890 3202">
     <span class='ocr_line' id='line_1_34' title="bbox 226 3127 1890 3202; baseline 0.001 -17"><span class='ocrx_word' id='word_1_223' title='bbox 226 3128 395 3186; x_wconf 92' lang='lat' dir='ltr'><strong>omni</strong></span> <span class='ocrx_word' id='word_1_224' title='bbox 408 3127 753 3185; x_wconf 89' lang='lat' dir='ltr'><strong>sacerdotali</strong></span> <span class='ocrx_word' id='word_1_225' title='bbox 771 3132 1166 3201; x_wconf 88' lang='lat' dir='ltr'><strong>carere,atque</strong></span> <span class='ocrx_word' id='word_1_226' title='bbox 1185 3130 1476 3202; x_wconf 88' lang='lat' dir='ltr'><strong>privatum</strong></span> <span class='ocrx_word' id='word_1_227' title='bbox 1490 3130 1611 3186; x_wconf 85' lang='lat' dir='ltr'><strong>fore</strong></span> <span class='ocrx_word' id='word_1_228' title='bbox 1628 3129 1890 3186; x_wconf 88' lang='lat' dir='ltr'><strong>ministe-</strong></span> 
     </span>
    </p>
   </div>
   <div class='ocr_carea' id='block_1_35' title="bbox 227 3195 1961 3291">
    <p class='ocr_par' dir='ltr' id='par_1_35' title="bbox 227 3195 1961 3291">
     <span class='ocr_line' id='line_1_35' title="bbox 227 3195 1961 3291; baseline 0 -17"><span class='ocrx_word' id='word_1_229' title='bbox 227 3218 315 3275; x_wconf 89' lang='lat' dir='ltr'><strong>rio</strong></span> <span class='ocrx_word' id='word_1_230' title='bbox 339 3236 353 3273; x_wconf 93' lang='lat'>:</span> <span class='ocrx_word' id='word_1_231' title='bbox 378 3215 461 3273; x_wconf 90' lang='lat' dir='ltr'><strong>ita</strong></span> <span class='ocrx_word' id='word_1_232' title='bbox 479 3221 547 3286; x_wconf 86' lang='lat' dir='ltr'><strong>_ut</strong></span> <span class='ocrx_word' id='word_1_233' title='bbox 572 3216 731 3272; x_wconf 92' lang='lat' dir='ltr'><strong>nullo</strong></span> <span class='ocrx_word' id='word_1_234' title='bbox 750 3216 923 3273; x_wconf 90' lang='lat' dir='ltr'><strong>modo</strong></span> <span class='ocrx_word' id='word_1_235' title='bbox 945 3195 1117 3273; x_wconf 77' lang='lat' dir='ltr'><strong>liceat</strong></span> <span class='ocrx_word' id='word_1_236' title='bbox 1136 3195 1269 3273; x_wconf 49' lang='lat' dir='ltr'><strong>ei-in</strong></span> <span class='ocrx_word' id='word_1_237' title='bbox 1290 3217 1546 3291; x_wconf 91' lang='lat' dir='ltr'><strong>qualibet</strong></span> <span class='ocrx_word' id='word_1_238' title='bbox 1564 3219 1786 3291; x_wconf 85' lang='lat' dir='ltr'><strong>synedo</strong></span> <span class='ocrx_word' id='word_1_239' title='bbox 1806 3235 1890 3275; x_wconf 84' lang='lat' dir='ltr'><strong>re-</strong></span> <span class='ocrx_word' id='word_1_240' title='bbox 1918 3195 1961 3262; x_wconf 66' lang='grc' dir='ltr'><strong>(ἶ</strong></span> 
     </span>
    </p>
   </div>
   <div class='ocr_carea' id='block_1_36' title="bbox 227 3304 1885 3378">
    <p class='ocr_par' dir='ltr' id='par_1_36' title="bbox 227 3304 1885 3378">
     <span class='ocr_line' id='line_1_36' title="bbox 227 3304 1885 3378; baseline -0.001 -15"><span class='ocrx_word' id='word_1_241' title='bbox 227 3304 561 3363; x_wconf 77' lang='lat' dir='ltr'><strong>stitutionis</strong></span> <span class='ocrx_word' id='word_1_242' title='bbox 592 3322 776 3378; x_wconf 88' lang='lat' dir='ltr'><strong>spem,</strong></span> <span class='ocrx_word' id='word_1_243' title='bbox 811 3309 913 3361; x_wconf 91' lang='lat' dir='ltr'><strong>aut</strong></span> <span class='ocrx_word' id='word_1_244' title='bbox 953 3304 1144 3361; x_wconf 90' lang='lat' dir='ltr'><strong>locum</strong></span> <span class='ocrx_word' id='word_1_245' title='bbox 1182 3306 1395 3363; x_wconf 88' lang='lat' dir='ltr'><strong>habere</strong></span> <span class='ocrx_word' id='word_1_246' title='bbox 1426 3306 1843 3364; x_wconf 88' lang='lat' dir='ltr'><strong>satisfactionis</strong></span> <span class='ocrx_word' id='word_1_247' title='bbox 1872 3323 1885 3361; x_wconf 89' lang='lat'>:</span> 
     </span>
    </p>
   </div>
   <div class='ocr_carea' id='block_1_37' title="bbox 227 3394 1889 3469">
    <p class='ocr_par' dir='ltr' id='par_1_37' title="bbox 227 3394 1889 3469">
     <span class='ocr_line' id='line_1_37' title="bbox 227 3394 1889 3469; baseline 0 -17"><span class='ocrx_word' id='word_1_248' title='bbox 227 3395 394 3469; x_wconf 91' lang='lat' dir='ltr'><strong>quod</strong></span> <span class='ocrx_word' id='word_1_249' title='bbox 425 3394 475 3451; x_wconf 92' lang='lat' dir='ltr'><strong>si</strong></span> <span class='ocrx_word' id='word_1_250' title='bbox 508 3396 580 3451; x_wconf 91' lang='lat' dir='ltr'><strong>de</strong></span> <span class='ocrx_word' id='word_1_251' title='bbox 611 3394 834 3469; x_wconf 89' lang='lat' dir='ltr'><strong>reliquo</strong></span> <span class='ocrx_word' id='word_1_252' title='bbox 866 3396 1305 3467; x_wconf 66' lang='lat' dir='ltr'><strong>praesumpserit</strong></span> <span class='ocrx_word' id='word_1_253' title='bbox 1355 3395 1415 3451; x_wconf 89' lang='lat' dir='ltr'><strong>in</strong></span> <span class='ocrx_word' id='word_1_254' title='bbox 1474 3413 1640 3453; x_wconf 91' lang='lat' dir='ltr'><strong>sacro</strong></span> <span class='ocrx_word' id='word_1_255' title='bbox 1698 3395 1889 3453; x_wconf 86' lang='lat' dir='ltr'><strong>officio</strong></span> 
     </span>
    </p>
   </div>
   <div class='ocr_carea' id='block_1_38' title="bbox 228 3481 1889 3557">
    <p class='ocr_par' dir='ltr' id='par_1_38' title="bbox 228 3481 1889 3557">
     <span class='ocr_line' id='line_1_38' title="bbox 228 3481 1889 3557; baseline 0 -16"><span class='ocrx_word' id='word_1_256' title='bbox 228 3500 399 3541; x_wconf 90' lang='lat' dir='ltr'><strong>more</strong></span> <span class='ocrx_word' id='word_1_257' title='bbox 427 3482 746 3539; x_wconf 89' lang='lat' dir='ltr'><strong>sacerdotis</strong></span> <span class='ocrx_word' id='word_1_258' title='bbox 791 3481 996 3556; x_wconf 90' lang='lat' dir='ltr'><strong>quovis</strong></span> <span class='ocrx_word' id='word_1_259' title='bbox 1045 3487 1305 3557; x_wconf 89' lang='lat' dir='ltr'><strong>tempore</strong></span> <span class='ocrx_word' id='word_1_260' title='bbox 1354 3483 1711 3553; x_wconf 87' lang='lat' dir='ltr'><strong>ministrare,</strong></span> <span class='ocrx_word' id='word_1_261' title='bbox 1745 3502 1889 3541; x_wconf 85' lang='lat' dir='ltr'><strong>ana-</strong></span> 
     </span>
    </p>
   </div>
   <div class='ocr_carea' id='block_1_39' title="bbox 229 3571 1889 3646">
    <p class='ocr_par' dir='ltr' id='par_1_39' title="bbox 229 3571 1889 3646">
     <span class='ocr_line' id='line_1_39' title="bbox 229 3571 1889 3646; baseline 0.001 -17"><span class='ocrx_word' id='word_1_262' title='bbox 229 3573 438 3629; x_wconf 86' lang='lat' dir='ltr'><strong>thema</strong></span> <span class='ocrx_word' id='word_1_263' title='bbox 470 3571 565 3628; x_wconf 91' lang='lat' dir='ltr'><strong>sit.</strong></span> <span class='ocrx_word' id='word_1_264' title='bbox 591 3572 703 3628; x_wconf 90' lang='lat' dir='ltr'><strong>Sed</strong></span> <span class='ocrx_word' id='word_1_265' title='bbox 733 3576 790 3628; x_wconf 92' lang='lat' dir='ltr'><strong>et</strong></span> <span class='ocrx_word' id='word_1_266' title='bbox 819 3571 868 3629; x_wconf 91' lang='lat' dir='ltr'><strong>si</strong></span> <span class='ocrx_word' id='word_1_267' title='bbox 894 3577 1098 3628; x_wconf 88' lang='lat' dir='ltr'><strong>contra</strong></span> <span class='ocrx_word' id='word_1_268' title='bbox 1124 3572 1359 3628; x_wconf 86' lang='lat' dir='ltr'><strong>fratrem</strong></span> <span class='ocrx_word' id='word_1_269' title='bbox 1391 3577 1450 3629; x_wconf 89' lang='lat' dir='ltr'><strong>et</strong></span> <span class='ocrx_word' id='word_1_270' title='bbox 1479 3573 1889 3646; x_wconf 89' lang='lat' dir='ltr'><strong>coepiscopum</strong></span> 
     </span>
    </p>
   </div>
   <div class='ocr_carea' id='block_1_40' title="bbox 229 3660 1891 3734">
    <p class='ocr_par' dir='ltr' id='par_1_40' title="bbox 229 3660 1891 3734">
     <span class='ocr_line' id='line_1_40' title="bbox 229 3660 1891 3734; baseline 0.001 -17"><span class='ocrx_word' id='word_1_271' title='bbox 229 3666 508 3719; x_wconf 89' lang='lat' dir='ltr'><strong>nostrum</strong></span> <span class='ocrx_word' id='word_1_272' title='bbox 540 3660 832 3733; x_wconf 88' lang='lat' dir='ltr'><strong>Ignatium</strong></span> <span class='ocrx_word' id='word_1_273' title='bbox 887 3660 1092 3716; x_wconf 89' lang='lat' dir='ltr'><strong>turbas</strong></span> <span class='ocrx_word' id='word_1_274' title='bbox 1124 3660 1576 3729; x_wconf 78' lang='lat' dir='ltr'><strong>exeitaverit,vel</strong></span> <span class='ocrx_word' id='word_1_275' title='bbox 1632 3662 1705 3717; x_wconf 93' lang='lat' dir='ltr'><strong>ab</strong></span> <span class='ocrx_word' id='word_1_276' title='bbox 1761 3663 1891 3734; x_wconf 87' lang='lat' dir='ltr'><strong>ejus</strong></span> 
     </span>
    </p>
   </div>
   <div class='ocr_carea' id='block_1_41' title="bbox 228 3748 1893 3815">
    <p class='ocr_par' dir='ltr' id='par_1_41' title="bbox 228 3748 1893 3815">
     <span class='ocr_line' id='line_1_41' title="bbox 228 3748 1893 3815; baseline -0.002 -7"><span class='ocrx_word' id='word_1_277' title='bbox 228 3748 653 3808; x_wconf 89' lang='lat' dir='ltr'><strong>communione</strong></span> <span class='ocrx_word' id='word_1_278' title='bbox 684 3748 885 3806; x_wconf 82' lang='lat' dir='ltr'><strong>fideles</strong></span> <span class='ocrx_word' id='word_1_279' title='bbox 915 3749 1205 3815; x_wconf 84' lang='lat' dir='ltr'><strong>averterit,</strong></span> <span class='ocrx_word' id='word_1_280' title='bbox 1229 3750 1543 3806; x_wconf 84' lang='lat' dir='ltr'><strong>anathema</strong></span> <span class='ocrx_word' id='word_1_281' title='bbox 1562 3750 1660 3807; x_wconf 90' lang='lat' dir='ltr'><strong>sit.</strong></span> <span class='ocrx_word' id='word_1_282' title='bbox 1684 3751 1754 3806; x_wconf 89' lang='lat' dir='ltr'><strong>Et</strong></span> <span class='ocrx_word' id='word_1_283' title='bbox 1773 3768 1893 3806; x_wconf 90' lang='lat' dir='ltr'><strong>om-</strong></span> 
     </span>
    </p>
   </div>
   <div class='ocr_carea' id='block_1_42' title="bbox 231 3837 1890 3911">
    <p class='ocr_par' dir='ltr' id='par_1_42' title="bbox 231 3837 1890 3911">
     <span class='ocr_line' id='line_1_42' title="bbox 231 3837 1890 3911; baseline -0.001 -14"><span class='ocrx_word' id='word_1_284' title='bbox 231 3857 336 3897; x_wconf 88' lang='lat' dir='ltr'><strong>nes</strong></span> <span class='ocrx_word' id='word_1_285' title='bbox 371 3838 878 3895; x_wconf 89' lang='lat' dir='ltr'><strong>communicantes</strong></span> <span class='ocrx_word' id='word_1_286' title='bbox 910 3838 961 3894; x_wconf 91' lang='lat' dir='ltr'><strong>ci</strong></span> <span class='ocrx_word' id='word_1_287' title='bbox 994 3839 1066 3894; x_wconf 90' lang='lat' dir='ltr'><strong>ab</strong></span> <span class='ocrx_word' id='word_1_288' title='bbox 1098 3837 1357 3895; x_wconf 87' lang='lat' dir='ltr'><strong>Ecclesia</strong></span> <span class='ocrx_word' id='word_1_289' title='bbox 1384 3839 1756 3911; x_wconf 89' lang='lat' dir='ltr'><strong>abjiciantur,</strong></span> <span class='ocrx_word' id='word_1_290' title='bbox 1789 3840 1890 3896; x_wconf 89' lang='lat' dir='ltr'><strong>sed</strong></span> 
     </span>
    </p>
   </div>
   <div class='ocr_carea' id='block_1_43' title="bbox 230 3926 950 4002">
    <p class='ocr_par' dir='ltr' id='par_1_43' title="bbox 230 3926 950 4002">
     <span class='ocr_line' id='line_1_43' title="bbox 230 3926 950 4002; baseline -0.004 -17"><span class='ocrx_word' id='word_1_291' title='bbox 230 3934 285 3985; x_wconf 89' lang='lat' dir='ltr'><strong>et</strong></span> <span class='ocrx_word' id='word_1_292' title='bbox 315 3928 433 4002; x_wconf 90' lang='lat' dir='ltr'><strong>ipsi</strong></span> <span class='ocrx_word' id='word_1_293' title='bbox 470 3926 783 3983; x_wconf 86' lang='lat' dir='ltr'><strong>anathema</strong></span> <span class='ocrx_word' id='word_1_294' title='bbox 812 3927 950 3984; x_wconf 91' lang='lat' dir='ltr'><strong>sint.</strong></span> 
     </span>
    </p>
   </div>
   <div class='ocr_carea' id='block_1_44' title="bbox 303 4015 1895 4090">
    <p class='ocr_par' dir='ltr' id='par_1_44' title="bbox 303 4015 1895 4090">
     <span class='ocr_line' id='line_1_44' title="bbox 303 4015 1895 4090; baseline -0.001 -17"><span class='ocrx_word' id='word_1_295' title='bbox 303 4016 405 4074; x_wconf 90' lang='lat' dir='ltr'><strong>III.</strong></span> <span class='ocrx_word' id='word_1_296' title='bbox 430 4017 540 4072; x_wconf 87' lang='lat' dir='ltr'><strong>Eos</strong></span> <span class='ocrx_word' id='word_1_297' title='bbox 563 4033 716 4083; x_wconf 91' lang='lat' dir='ltr'><strong>vero,</strong></span> <span class='ocrx_word' id='word_1_298' title='bbox 742 4033 889 4089; x_wconf 90' lang='lat' dir='ltr'><strong>quos</strong></span> <span class='ocrx_word' id='word_1_299' title='bbox 912 4015 1153 4073; x_wconf 87' lang='lat' dir='ltr'><strong>Photius</strong></span> <span class='ocrx_word' id='word_1_300' title='bbox 1176 4017 1524 4090; x_wconf 80' lang='lat' dir='ltr'><strong>neophytus,</strong></span> <span class='ocrx_word' id='word_1_301' title='bbox 1540 4021 1596 4072; x_wconf 89' lang='lat' dir='ltr'><strong>et</strong></span> <span class='ocrx_word' id='word_1_302' title='bbox 1615 4017 1895 4074; x_wconf 88' lang='lat' dir='ltr'><strong>Constan-</strong></span> 
     </span>
    </p>
   </div>
   <div class='ocr_carea' id='block_1_45' title="bbox 230 4103 1893 4179">
    <p class='ocr_par' dir='ltr' id='par_1_45' title="bbox 230 4103 1893 4179">
     <span class='ocr_line' id='line_1_45' title="bbox 230 4103 1893 4179; baseline -0.001 -16"><span class='ocrx_word' id='word_1_303' title='bbox 230 4104 638 4179; x_wconf 69' lang='lat' dir='ltr'><strong>tinopolitanae</strong></span> <span class='ocrx_word' id='word_1_304' title='bbox 668 4103 824 4161; x_wconf 90' lang='lat' dir='ltr'><strong>sedis</strong></span> <span class='ocrx_word' id='word_1_305' title='bbox 856 4104 1106 4174; x_wconf 88' lang='lat' dir='ltr'><strong>invasor,</strong></span> <span class='ocrx_word' id='word_1_306' title='bbox 1133 4104 1190 4161; x_wconf 89' lang='lat' dir='ltr'><strong>in</strong></span> <span class='ocrx_word' id='word_1_307' title='bbox 1215 4104 1478 4178; x_wconf 87' lang='lat' dir='ltr'><strong>quolibet</strong></span> <span class='ocrx_word' id='word_1_308' title='bbox 1497 4105 1893 4162; x_wconf 88' lang='lat' dir='ltr'><strong>ecclesiastico</strong></span> 
     </span>
    </p>
   </div>
   <div class='ocr_carea' id='block_1_46' title="bbox 231 4193 1892 4268">
    <p class='ocr_par' dir='ltr' id='par_1_46' title="bbox 231 4193 1892 4268">
     <span class='ocr_line' id='line_1_46' title="bbox 231 4193 1892 4268; baseline -0.001 -16"><span class='ocrx_word' id='word_1_309' title='bbox 231 4195 444 4253; x_wconf 87' lang='lat' dir='ltr'><strong>ordine</strong></span> <span class='ocrx_word' id='word_1_310' title='bbox 504 4193 781 4268; x_wconf 85' lang='lat' dir='ltr'><strong>provexit,</strong></span> <span class='ocrx_word' id='word_1_311' title='bbox 817 4193 1095 4267; x_wconf 88' lang='lat' dir='ltr'><strong>quoniam</strong></span> <span class='ocrx_word' id='word_1_312' title='bbox 1127 4194 1504 4250; x_wconf 85' lang='lat' dir='ltr'><strong>manifestum</strong></span> <span class='ocrx_word' id='word_1_313' title='bbox 1565 4199 1654 4251; x_wconf 89' lang='lat' dir='ltr'><strong>est</strong></span> <span class='ocrx_word' id='word_1_314' title='bbox 1704 4212 1803 4252; x_wconf 89' lang='lat' dir='ltr'><strong>eos</strong></span> <span class='ocrx_word' id='word_1_315' title='bbox 1833 4195 1892 4250; x_wconf 93' lang='lat' dir='ltr'><strong>in</strong></span> 
     </span>
    </p>
   </div>
   <div class='ocr_carea' id='block_1_47' title="bbox 232 4281 1892 4356">
    <p class='ocr_par' dir='ltr' id='par_1_47' title="bbox 232 4281 1892 4356">
     <span class='ocr_line' id='line_1_47' title="bbox 232 4281 1892 4356; baseline -0.001 -16"><span class='ocrx_word' id='word_1_316' title='bbox 232 4282 519 4340; x_wconf 90' lang='lat' dir='ltr'><strong>omnibus</strong></span> <span class='ocrx_word' id='word_1_317' title='bbox 538 4281 960 4338; x_wconf 88' lang='lat' dir='ltr'><strong>consecratoris</strong></span> <span class='ocrx_word' id='word_1_318' title='bbox 982 4282 1073 4338; x_wconf 88' lang='lat' dir='ltr'><strong>sui</strong></span> <span class='ocrx_word' id='word_1_319' title='bbox 1096 4283 1481 4356; x_wconf 79' lang='lat' dir='ltr'><strong>pravitatibus</strong></span> <span class='ocrx_word' id='word_1_320' title='bbox 1503 4282 1892 4351; x_wconf 88' lang='lat' dir='ltr'><strong>consensisse,</strong></span> 
     </span>
    </p>
   </div>
   <div class='ocr_carea' id='block_1_48' title="bbox 232 4369 1895 4445">
    <p class='ocr_par' dir='ltr' id='par_1_48' title="bbox 232 4369 1895 4445">
     <span class='ocr_line' id='line_1_48' title="bbox 232 4369 1895 4445; baseline -0.001 -17"><span class='ocrx_word' id='word_1_321' title='bbox 232 4375 415 4445; x_wconf 89' lang='lat' dir='ltr'><strong>atque</strong></span> <span class='ocrx_word' id='word_1_322' title='bbox 446 4371 499 4427; x_wconf 90' lang='lat' dir='ltr'><strong>ei</strong></span> <span class='ocrx_word' id='word_1_323' title='bbox 534 4375 662 4443; x_wconf 88' lang='lat' dir='ltr'><strong>post</strong></span> <span class='ocrx_word' id='word_1_324' title='bbox 692 4370 1052 4427; x_wconf 90' lang='lat' dir='ltr'><strong>invasionem</strong></span> <span class='ocrx_word' id='word_1_325' title='bbox 1084 4369 1520 4427; x_wconf 89' lang='lat' dir='ltr'><strong>communicare</strong></span> <span class='ocrx_word' id='word_1_326' title='bbox 1543 4369 1895 4445; x_wconf 89' lang='lat' dir='ltr'><strong>[communi-</strong></span> 
     </span>
    </p>
   </div>
   <div class='ocr_carea' id='block_1_49' title="bbox 232 4459 1899 4534">
    <p class='ocr_par' dir='ltr' id='par_1_49' title="bbox 232 4459 1899 4534">
     <span class='ocr_line' id='line_1_49' title="bbox 232 4459 1899 4534; baseline -0.001 -17"><span class='ocrx_word' id='word_1_327' title='bbox 232 4460 623 4534; x_wconf 85' lang='lat' dir='ltr'><strong>casse],omni</strong></span> <span class='ocrx_word' id='word_1_328' title='bbox 653 4459 904 4515; x_wconf 89' lang='lat' dir='ltr'><strong>clericali</strong></span> <span class='ocrx_word' id='word_1_329' title='bbox 929 4460 1121 4516; x_wconf 82' lang='lat' dir='ltr'><strong>ofﬁcio</strong></span> <span class='ocrx_word' id='word_1_330' title='bbox 1144 4460 1465 4532; x_wconf 89' lang='lat' dir='ltr'><strong>privamus,</strong></span> <span class='ocrx_word' id='word_1_331' title='bbox 1489 4464 1545 4516; x_wconf 84' lang='lat' dir='ltr'><strong>et</strong></span> <span class='ocrx_word' id='word_1_332' title='bbox 1575 4460 1899 4533; x_wconf 87' lang='lat' dir='ltr'><strong>apostolica</strong></span> 
     </span>
    </p>
   </div>
   <div class='ocr_carea' id='block_1_50' title="bbox 1983 549 3629 632">
    <p class='ocr_par' dir='ltr' id='par_1_50' title="bbox 1983 549 3629 632">
     <span class='ocr_line' id='line_1_50' title="bbox 1983 549 3629 632; baseline 0.008 -29"><span class='ocrx_word' id='word_1_333' title='bbox 1983 553 2224 605; x_wconf 88' lang='lat' dir='ltr'><strong>sanctus</strong></span> <span class='ocrx_word' id='word_1_334' title='bbox 2252 549 2542 617; x_wconf 88' lang='lat' dir='ltr'><strong>revelavit,</strong></span> <span class='ocrx_word' id='word_1_335' title='bbox 2573 554 2632 607; x_wconf 89' lang='lat' dir='ltr'><strong>et</strong></span> <span class='ocrx_word' id='word_1_336' title='bbox 2671 550 2899 608; x_wconf 90' lang='lat' dir='ltr'><strong>dudum</strong></span> <span class='ocrx_word' id='word_1_337' title='bbox 2940 553 3251 611; x_wconf 86' lang='lat' dir='ltr'><strong>Zacharias</strong></span> <span class='ocrx_word' id='word_1_338' title='bbox 3299 556 3629 632; x_wconf 90' lang='lat' dir='ltr'><strong>episcopus,</strong></span> 
     </span>
    </p>
   </div>
   <div class='ocr_carea' id='block_1_51' title="bbox 1984 638 3636 721">
    <p class='ocr_par' dir='ltr' id='par_1_51' title="bbox 1984 638 3636 721">
     <span class='ocr_line' id='line_1_51' title="bbox 1984 638 3636 721; baseline 0.007 -28"><span class='ocrx_word' id='word_1_339' title='bbox 1984 638 2264 709; x_wconf 87' lang='lat' dir='ltr'><strong>qui&#39;unus</strong></span> <span class='ocrx_word' id='word_1_340' title='bbox 2284 639 2355 694; x_wconf 91' lang='lat' dir='ltr'><strong>de</strong></span> <span class='ocrx_word' id='word_1_341' title='bbox 2386 638 2608 696; x_wconf 91' lang='lat' dir='ltr'><strong>eisdem</strong></span> <span class='ocrx_word' id='word_1_342' title='bbox 2636 640 2868 698; x_wconf 91' lang='lat' dir='ltr'><strong>duobus</strong></span> <span class='ocrx_word' id='word_1_343' title='bbox 2898 642 3105 715; x_wconf 88' lang='lat' dir='ltr'><strong>legatis</strong></span> <span class='ocrx_word' id='word_1_344' title='bbox 3136 645 3375 714; x_wconf 85' lang='lat' dir='ltr'><strong>exstitit,</strong></span> <span class='ocrx_word' id='word_1_345' title='bbox 3401 647 3636 721; x_wconf 89' lang='lat' dir='ltr'><strong>propria</strong></span> 
     </span>
    </p>
   </div>
   <div class='ocr_carea' id='block_1_52' title="bbox 1985 725 3637 801">
    <p class='ocr_par' dir='ltr' id='par_1_52' title="bbox 1985 725 3637 801">
     <span class='ocr_line' id='line_1_52' title="bbox 1985 725 3637 801; baseline 0.007 -19"><span class='ocrx_word' id='word_1_346' title='bbox 1985 725 2348 784; x_wconf 81' lang='lat' dir='ltr'><strong>confessione</strong></span> <span class='ocrx_word' id='word_1_347' title='bbox 2379 728 2794 801; x_wconf 87' lang='lat' dir='ltr'><strong>manifestavit)</strong></span> <span class='ocrx_word' id='word_1_348' title='bbox 2817 729 3018 787; x_wconf 78' lang='lat' dir='ltr'><strong>infulis</strong></span> <span class='ocrx_word' id='word_1_349' title='bbox 3057 736 3147 788; x_wconf 90' lang='lat' dir='ltr'><strong>est</strong></span> <span class='ocrx_word' id='word_1_350' title='bbox 3176 735 3637 794; x_wconf 89' lang='lat' dir='ltr'><strong>sacerdotalibus</strong></span> 
     </span>
    </p>
   </div>
   <div class='ocr_carea' id='block_1_53' title="bbox 1987 815 3636 892">
    <p class='ocr_par' dir='ltr' id='par_1_53' title="bbox 1987 815 3636 892">
     <span class='ocr_line' id='line_1_53' title="bbox 1987 815 3636 892; baseline 0.007 -22"><span class='ocrx_word' id='word_1_351' title='bbox 1987 815 2368 887; x_wconf 90' lang='lat' dir='ltr'><strong>despoliatus,</strong></span> <span class='ocrx_word' id='word_1_352' title='bbox 2384 818 2728 874; x_wconf 87' lang='lat' dir='ltr'><strong>auctoritate</strong></span> <span class='ocrx_word' id='word_1_353' title='bbox 2740 819 2959 875; x_wconf 89' lang='lat' dir='ltr'><strong>summi</strong></span> <span class='ocrx_word' id='word_1_354' title='bbox 2967 821 3187 892; x_wconf 88' lang='lat' dir='ltr'><strong>judieis</strong></span> <span class='ocrx_word' id='word_1_355' title='bbox 3204 822 3435 880; x_wconf 89' lang='lat' dir='ltr'><strong>Domini</strong></span> <span class='ocrx_word' id='word_1_356' title='bbox 3454 826 3636 883; x_wconf 91' lang='lat' dir='ltr'><strong>nostri</strong></span> 
     </span>
    </p>
   </div>
   <div class='ocr_carea' id='block_1_54' title="bbox 1985 904 3638 984">
    <p class='ocr_par' dir='ltr' id='par_1_54' title="bbox 1985 904 3638 984">
     <span class='ocr_line' id='line_1_54' title="bbox 1985 904 3638 984; baseline 0.007 -24"><span class='ocrx_word' id='word_1_357' title='bbox 1985 904 2126 961; x_wconf 88' lang='lat' dir='ltr'><strong>Jesu</strong></span> <span class='ocrx_word' id='word_1_358' title='bbox 2157 904 2371 961; x_wconf 89' lang='lat' dir='ltr'><strong>Christi</strong></span> <span class='ocrx_word' id='word_1_359' title='bbox 2402 906 2866 980; x_wconf 88' lang='lat' dir='ltr'><strong>promulgamus,</strong></span> <span class='ocrx_word' id='word_1_360' title='bbox 2894 909 3214 979; x_wconf 89' lang='lat' dir='ltr'><strong>sancimus,</strong></span> <span class='ocrx_word' id='word_1_361' title='bbox 3239 916 3415 984; x_wconf 88' lang='lat' dir='ltr'><strong>atque</strong></span> <span class='ocrx_word' id='word_1_362' title='bbox 3445 914 3638 971; x_wconf 89' lang='lat' dir='ltr'><strong>decer-</strong></span> 
     </span>
    </p>
   </div>
   <div class='ocr_carea' id='block_1_55' title="bbox 1987 992 3637 1072">
    <p class='ocr_par' dir='ltr' id='par_1_55' title="bbox 1987 992 3637 1072">
     <span class='ocr_line' id='line_1_55' title="bbox 1987 992 3637 1072; baseline 0.004 -21"><span class='ocrx_word' id='word_1_363' title='bbox 1987 992 2208 1060; x_wconf 87' lang='lat' dir='ltr'><strong>nimus,</strong></span> <span class='ocrx_word' id='word_1_364' title='bbox 2227 1010 2491 1065; x_wconf 90' lang='lat' dir='ltr'><strong>unquam</strong></span> <span class='ocrx_word' id='word_1_365' title='bbox 2523 1012 2628 1051; x_wconf 91' lang='lat' dir='ltr'><strong>nee</strong></span> <span class='ocrx_word' id='word_1_366' title='bbox 2658 996 2859 1065; x_wconf 89' lang='lat' dir='ltr'><strong>fuisse,</strong></span> <span class='ocrx_word' id='word_1_367' title='bbox 2882 1014 2988 1054; x_wconf 88' lang='lat' dir='ltr'><strong>nec</strong></span> <span class='ocrx_word' id='word_1_368' title='bbox 3018 1015 3147 1055; x_wconf 88' lang='lat' dir='ltr'><strong>esse</strong></span> <span class='ocrx_word' id='word_1_369' title='bbox 3178 1000 3528 1072; x_wconf 88' lang='lat' dir='ltr'><strong>depositum,</strong></span> <span class='ocrx_word' id='word_1_370' title='bbox 3548 1002 3637 1060; x_wconf 92' lang='lat' dir='ltr'><strong>vel</strong></span> 
     </span>
    </p>
   </div>
   <div class='ocr_carea' id='block_1_56' title="bbox 1988 1081 3639 1163">
    <p class='ocr_par' dir='ltr' id='par_1_56' title="bbox 1988 1081 3639 1163">
     <span class='ocr_line' id='line_1_56' title="bbox 1988 1081 3639 1163; baseline 0.005 -24"><span class='ocrx_word' id='word_1_371' title='bbox 1988 1100 2059 1139; x_wconf 90' lang='lat' dir='ltr'><strong>an</strong></span> <span class='ocrx_word' id='word_1_372' title='bbox 2067 1081 2855 1157; x_wconf 86' lang='lat' dir='ltr'><strong>athematizatum,tanquam</strong></span> <span class='ocrx_word' id='word_1_373' title='bbox 2869 1087 2968 1159; x_wconf 88' lang='lat' dir='ltr'><strong>qui</strong></span> <span class='ocrx_word' id='word_1_374' title='bbox 2988 1087 3060 1142; x_wconf 92' lang='lat' dir='ltr'><strong>ab</strong></span> <span class='ocrx_word' id='word_1_375' title='bbox 3074 1088 3361 1160; x_wconf 86' lang='lat' dir='ltr'><strong>imperiali</strong></span> <span class='ocrx_word' id='word_1_376' title='bbox 3379 1092 3639 1163; x_wconf 91' lang='lat' dir='ltr'><strong>potentia</strong></span> 
     </span>
    </p>
   </div>
   <div class='ocr_carea' id='block_1_57' title="bbox 1989 1164 3634 1250">
    <p class='ocr_par' dir='ltr' id='par_1_57' title="bbox 1989 1164 3634 1250">
     <span class='ocr_line' id='line_1_57' title="bbox 1989 1164 3634 1250; baseline 0.005 -23"><span class='ocrx_word' id='word_1_377' title='bbox 1989 1172 2067 1227; x_wconf 90' lang='lat' dir='ltr'><strong>sit</strong></span> <span class='ocrx_word' id='word_1_378' title='bbox 2080 1164 2303 1244; x_wconf 77' lang='lat' dir='ltr'><strong>absque</strong></span> <span class='ocrx_word' id='word_1_379' title='bbox 2324 1170 2446 1228; x_wconf 89' lang='lat' dir='ltr'><strong>ulla</strong></span> <span class='ocrx_word' id='word_1_380' title='bbox 2466 1173 2745 1229; x_wconf 90' lang='lat' dir='ltr'><strong>canonica</strong></span> <span class='ocrx_word' id='word_1_381' title='bbox 2760 1176 3106 1233; x_wconf 88' lang='lat' dir='ltr'><strong>auctoritate</strong></span> <span class='ocrx_word' id='word_1_382' title='bbox 3126 1176 3336 1250; x_wconf 87' lang='lat' dir='ltr'><strong>pulsus</strong></span> <span class='ocrx_word' id='word_1_383' title='bbox 3356 1179 3634 1250; x_wconf 89' lang='lat' dir='ltr'><strong>Ecclesia,</strong></span> 
     </span>
    </p>
   </div>
   <div class='ocr_carea' id='block_1_58' title="bbox 1988 1260 3641 1338">
    <p class='ocr_par' dir='ltr' id='par_1_58' title="bbox 1988 1260 3641 1338">
     <span class='ocr_line' id='line_1_58' title="bbox 1988 1260 3641 1338; baseline 0.006 -22"><span class='ocrx_word' id='word_1_384' title='bbox 1988 1264 2045 1316; x_wconf 88' lang='lat' dir='ltr'><strong>et</strong></span> <span class='ocrx_word' id='word_1_385' title='bbox 2073 1264 2354 1332; x_wconf 87' lang='lat' dir='ltr'><strong>tanquam</strong></span> <span class='ocrx_word' id='word_1_386' title='bbox 2380 1261 2481 1333; x_wconf 89' lang='lat' dir='ltr'><strong>qui</strong></span> <span class='ocrx_word' id='word_1_387' title='bbox 2504 1261 2576 1317; x_wconf 91' lang='lat' dir='ltr'><strong>ab</strong></span> <span class='ocrx_word' id='word_1_388' title='bbox 2606 1260 2860 1334; x_wconf 87' lang='lat' dir='ltr'><strong>alligatis</strong></span> <span class='ocrx_word' id='word_1_389' title='bbox 2882 1263 3043 1321; x_wconf 92' lang='lat' dir='ltr'><strong>nullo</strong></span> <span class='ocrx_word' id='word_1_390' title='bbox 3074 1266 3262 1338; x_wconf 87' lang='lat' dir='ltr'><strong>possit</strong></span> <span class='ocrx_word' id='word_1_391' title='bbox 3288 1267 3488 1325; x_wconf 89' lang='lat' dir='ltr'><strong>haberi</strong></span> <span class='ocrx_word' id='word_1_392' title='bbox 3517 1269 3641 1326; x_wconf 87' lang='lat' dir='ltr'><strong>vin-</strong></span> 
     </span>
    </p>
   </div>
   <div class='ocr_carea' id='block_1_59' title="bbox 1989 1347 3637 1426">
    <p class='ocr_par' dir='ltr' id='par_1_59' title="bbox 1989 1347 3637 1426">
     <span class='ocr_line' id='line_1_59' title="bbox 1989 1347 3637 1426; baseline 0.006 -23"><span class='ocrx_word' id='word_1_393' title='bbox 1989 1347 2120 1404; x_wconf 88' lang='lat' dir='ltr'><strong>culo</strong></span> <span class='ocrx_word' id='word_1_394' title='bbox 2151 1347 2479 1422; x_wconf 87' lang='lat' dir='ltr'><strong>colligatus,</strong></span> <span class='ocrx_word' id='word_1_395' title='bbox 2503 1353 2561 1405; x_wconf 90' lang='lat' dir='ltr'><strong>et</strong></span> <span class='ocrx_word' id='word_1_396' title='bbox 2590 1349 2660 1405; x_wconf 90' lang='lat' dir='ltr'><strong>ab</strong></span> <span class='ocrx_word' id='word_1_397' title='bbox 2681 1350 2766 1406; x_wconf 89' lang='lat' dir='ltr'><strong>eis</strong></span> <span class='ocrx_word' id='word_1_398' title='bbox 2791 1351 2891 1422; x_wconf 92' lang='lat' dir='ltr'><strong>qui</strong></span> <span class='ocrx_word' id='word_1_399' title='bbox 2925 1351 3148 1408; x_wconf 88' lang='lat' dir='ltr'><strong>nullam</strong></span> <span class='ocrx_word' id='word_1_400' title='bbox 3173 1370 3307 1410; x_wconf 89' lang='lat' dir='ltr'><strong>eum</strong></span> <span class='ocrx_word' id='word_1_401' title='bbox 3330 1355 3637 1426; x_wconf 89' lang='lat' dir='ltr'><strong>judicandi</strong></span> 
     </span>
    </p>
   </div>
   <div class='ocr_carea' id='block_1_60' title="bbox 1989 1437 3637 1511">
    <p class='ocr_par' dir='ltr' id='par_1_60' title="bbox 1989 1437 3637 1511">
     <span class='ocr_line' id='line_1_60' title="bbox 1989 1437 3637 1511; baseline 0.005 -17"><span class='ocrx_word' id='word_1_402' title='bbox 1989 1440 2358 1509; x_wconf 87' lang='lat' dir='ltr'><strong>potestatem,</strong></span> <span class='ocrx_word' id='word_1_403' title='bbox 2396 1437 2485 1493; x_wconf 87' lang='lat' dir='ltr'><strong>vel</strong></span> <span class='ocrx_word' id='word_1_404' title='bbox 2537 1439 2609 1493; x_wconf 91' lang='lat' dir='ltr'><strong>ab</strong></span> <span class='ocrx_word' id='word_1_405' title='bbox 2666 1439 2986 1511; x_wconf 84' lang='lat' dir='ltr'><strong>apostolica</strong></span> <span class='ocrx_word' id='word_1_406' title='bbox 3037 1443 3175 1499; x_wconf 89' lang='lat' dir='ltr'><strong>sede</strong></span> <span class='ocrx_word' id='word_1_407' title='bbox 3230 1444 3637 1502; x_wconf 82' lang='lat' dir='ltr'><strong>auctoritatem</strong></span> 
     </span>
    </p>
   </div>
   <div class='ocr_carea' id='block_1_61' title="bbox 1990 1525 3642 1607">
    <p class='ocr_par' dir='ltr' id='par_1_61' title="bbox 1990 1525 3642 1607">
     <span class='ocr_line' id='line_1_61' title="bbox 1990 1525 3642 1607; baseline 0.007 -26"><span class='ocrx_word' id='word_1_408' title='bbox 1990 1525 2327 1593; x_wconf 89' lang='lat' dir='ltr'><strong>habuerint,</strong></span> <span class='ocrx_word' id='word_1_409' title='bbox 2349 1530 2406 1582; x_wconf 92' lang='lat' dir='ltr'><strong>et</strong></span> <span class='ocrx_word' id='word_1_410' title='bbox 2427 1526 2657 1583; x_wconf 89' lang='lat' dir='ltr'><strong>nullum</strong></span> <span class='ocrx_word' id='word_1_411' title='bbox 2680 1528 2770 1583; x_wconf 93' lang='lat' dir='ltr'><strong>sui</strong></span> <span class='ocrx_word' id='word_1_412' title='bbox 2804 1528 3044 1587; x_wconf 86' lang='lat' dir='ltr'><strong>honoris</strong></span> <span class='ocrx_word' id='word_1_413' title='bbox 3065 1532 3379 1589; x_wconf 83' lang='lat' dir='ltr'><strong>discrimen</strong></span> <span class='ocrx_word' id='word_1_414' title='bbox 3403 1534 3523 1607; x_wconf 88' lang='lat' dir='ltr'><strong>pati</strong></span> <span class='ocrx_word' id='word_1_415' title='bbox 3539 1536 3642 1592; x_wconf 90' lang='lat' dir='ltr'><strong>de-</strong></span> 
     </span>
    </p>
   </div>
   <div class='ocr_carea' id='block_1_62' title="bbox 1990 1614 3644 1688">
    <p class='ocr_par' dir='ltr' id='par_1_62' title="bbox 1990 1614 3644 1688">
     <span class='ocr_line' id='line_1_62' title="bbox 1990 1614 3644 1688; baseline 0.006 -18"><span class='ocrx_word' id='word_1_416' title='bbox 1990 1614 2202 1671; x_wconf 88' lang='lat' dir='ltr'><strong>buerit.</strong></span> <span class='ocrx_word' id='word_1_417' title='bbox 2222 1615 2292 1671; x_wconf 87' lang='lat' dir='ltr'><strong>Et</strong></span> <span class='ocrx_word' id='word_1_418' title='bbox 2314 1615 2440 1671; x_wconf 91' lang='lat' dir='ltr'><strong>ideo</strong></span> <span class='ocrx_word' id='word_1_419' title='bbox 2468 1614 2635 1671; x_wconf 88' lang='lat' dir='ltr'><strong>illum</strong></span> <span class='ocrx_word' id='word_1_420' title='bbox 2660 1616 2739 1688; x_wconf 92' lang='lat' dir='ltr'><strong>(id</strong></span> <span class='ocrx_word' id='word_1_421' title='bbox 2764 1622 2853 1672; x_wconf 93' lang='lat' dir='ltr'><strong>est</strong></span> <span class='ocrx_word' id='word_1_422' title='bbox 2872 1620 3146 1676; x_wconf 88' lang='lat' dir='ltr'><strong>eumdem</strong></span> <span class='ocrx_word' id='word_1_423' title='bbox 3168 1621 3405 1679; x_wconf 82' lang='lat' dir='ltr'><strong>fratrem</strong></span> <span class='ocrx_word' id='word_1_424' title='bbox 3429 1627 3486 1679; x_wconf 89' lang='lat' dir='ltr'><strong>et</strong></span> <span class='ocrx_word' id='word_1_425' title='bbox 3510 1640 3644 1679; x_wconf 86' lang='lat' dir='ltr'><strong>con-</strong></span> 
     </span>
    </p>
   </div>
   <div class='ocr_carea' id='block_1_63' title="bbox 1992 1704 3644 1784">
    <p class='ocr_par' dir='ltr' id='par_1_63' title="bbox 1992 1704 3644 1784">
     <span class='ocr_line' id='line_1_63' title="bbox 1992 1704 3644 1784; baseline 0.005 -24"><span class='ocrx_word' id='word_1_426' title='bbox 1992 1704 2354 1760; x_wconf 89' lang='lat' dir='ltr'><strong>sacerdotem</strong></span> <span class='ocrx_word' id='word_1_427' title='bbox 2388 1708 2655 1759; x_wconf 90' lang='lat' dir='ltr'><strong>nostrum</strong></span> <span class='ocrx_word' id='word_1_428' title='bbox 2687 1705 2979 1778; x_wconf 87' lang='lat' dir='ltr'><strong>Ignatium</strong></span> <span class='ocrx_word' id='word_1_429' title='bbox 3010 1709 3448 1784; x_wconf 88' lang='lat' dir='ltr'><strong>patriarcham),</strong></span> <span class='ocrx_word' id='word_1_430' title='bbox 3483 1711 3644 1768; x_wconf 88' lang='lat' dir='ltr'><strong>omni</strong></span> 
     </span>
    </p>
   </div>
   <div class='ocr_carea' id='block_1_64' title="bbox 1990 1791 3642 1872">
    <p class='ocr_par' dir='ltr' id='par_1_64' title="bbox 1990 1791 3642 1872">
     <span class='ocr_line' id='line_1_64' title="bbox 1990 1791 3642 1872; baseline 0.006 -26"><span class='ocrx_word' id='word_1_431' title='bbox 1990 1791 2222 1847; x_wconf 87' lang='lat' dir='ltr'><strong>vinculo</strong></span> <span class='ocrx_word' id='word_1_432' title='bbox 2255 1792 2648 1849; x_wconf 87' lang='lat' dir='ltr'><strong>anathematis</strong></span> <span class='ocrx_word' id='word_1_433' title='bbox 2677 1794 2750 1849; x_wconf 88' lang='lat' dir='ltr'><strong>ab</strong></span> <span class='ocrx_word' id='word_1_434' title='bbox 2782 1811 2849 1849; x_wconf 93' lang='lat' dir='ltr'><strong>eo</strong></span> <span class='ocrx_word' id='word_1_435' title='bbox 2890 1800 3135 1865; x_wconf 83' lang='lat' dir='ltr'><strong>remoto,</strong></span> <span class='ocrx_word' id='word_1_436' title='bbox 3165 1815 3269 1872; x_wconf 88' lang='lat' dir='ltr'><strong>per</strong></span> <span class='ocrx_word' id='word_1_437' title='bbox 3296 1802 3642 1871; x_wconf 88' lang='lat' dir='ltr'><strong>potestatem</strong></span> 
     </span>
    </p>
   </div>
   <div class='ocr_carea' id='block_1_65' title="bbox 1993 1880 3645 1962">
    <p class='ocr_par' dir='ltr' id='par_1_65' title="bbox 1993 1880 3645 1962">
     <span class='ocr_line' id='line_1_65' title="bbox 1993 1880 3645 1962; baseline 0.005 -25"><span class='ocrx_word' id='word_1_438' title='bbox 1993 1880 2188 1938; x_wconf 90' lang='lat' dir='ltr'><strong>divina</strong></span> <span class='ocrx_word' id='word_1_439' title='bbox 2207 1898 2345 1937; x_wconf 88' lang='lat' dir='ltr'><strong>voce</strong></span> <span class='ocrx_word' id='word_1_440' title='bbox 2374 1880 2432 1937; x_wconf 92' lang='lat' dir='ltr'><strong>in</strong></span> <span class='ocrx_word' id='word_1_441' title='bbox 2465 1881 2806 1939; x_wconf 81' lang='lat' dir='ltr'><strong>beatissimo</strong></span> <span class='ocrx_word' id='word_1_442' title='bbox 2835 1883 3001 1942; x_wconf 91' lang='lat' dir='ltr'><strong>Petro</strong></span> <span class='ocrx_word' id='word_1_443' title='bbox 3023 1886 3314 1955; x_wconf 81' lang='lat' dir='ltr'><strong>collatam,</strong></span> <span class='ocrx_word' id='word_1_444' title='bbox 3340 1893 3397 1944; x_wconf 90' lang='lat' dir='ltr'><strong>et</strong></span> <span class='ocrx_word' id='word_1_445' title='bbox 3425 1905 3528 1962; x_wconf 88' lang='lat' dir='ltr'><strong>per</strong></span> <span class='ocrx_word' id='word_1_446' title='bbox 3546 1906 3645 1945; x_wconf 90' lang='lat' dir='ltr'><strong>au-</strong></span> 
     </span>
    </p>
   </div>
   <div class='ocr_carea' id='block_1_66' title="bbox 1993 1969 3645 2041">
    <p class='ocr_par' dir='ltr' id='par_1_66' title="bbox 1993 1969 3645 2041">
     <span class='ocr_line' id='line_1_66' title="bbox 1993 1969 3645 2041; baseline 0.005 -15"><span class='ocrx_word' id='word_1_447' title='bbox 1993 1969 2290 2026; x_wconf 87' lang='lat' dir='ltr'><strong>ctoritates</strong></span> <span class='ocrx_word' id='word_1_448' title='bbox 2324 1987 2625 2026; x_wconf 88' lang='lat' dir='ltr'><strong>sacrorum</strong></span> <span class='ocrx_word' id='word_1_449' title='bbox 2666 1988 2979 2041; x_wconf 90' lang='lat' dir='ltr'><strong>canonum,</strong></span> <span class='ocrx_word' id='word_1_450' title='bbox 3013 1977 3070 2030; x_wconf 89' lang='lat' dir='ltr'><strong>et</strong></span> <span class='ocrx_word' id='word_1_451' title='bbox 3098 1975 3477 2035; x_wconf 83' lang='lat' dir='ltr'><strong>decretalium</strong></span> <span class='ocrx_word' id='word_1_452' title='bbox 3506 1994 3645 2034; x_wconf 92' lang='lat' dir='ltr'><strong>con-</strong></span> 
     </span>
    </p>
   </div>
   <div class='ocr_carea' id='block_1_67' title="bbox 1995 2058 3641 2136">
    <p class='ocr_par' dir='ltr' id='par_1_67' title="bbox 1995 2058 3641 2136">
     <span class='ocr_line' id='line_1_67' title="bbox 1995 2058 3641 2136; baseline 0.005 -23"><span class='ocrx_word' id='word_1_453' title='bbox 1995 2058 2368 2114; x_wconf 89' lang='lat' dir='ltr'><strong>stitutionum</strong></span> <span class='ocrx_word' id='word_1_454' title='bbox 2404 2074 2562 2113; x_wconf 88' lang='lat' dir='ltr'><strong>more</strong></span> <span class='ocrx_word' id='word_1_455' title='bbox 2603 2064 2941 2116; x_wconf 89' lang='lat' dir='ltr'><strong>sanctorum</strong></span> <span class='ocrx_word' id='word_1_456' title='bbox 2971 2062 3210 2118; x_wconf 87' lang='lat' dir='ltr'><strong>Patrum</strong></span> <span class='ocrx_word' id='word_1_457' title='bbox 3261 2064 3641 2136; x_wconf 87' lang='lat' dir='ltr'><strong>prolatarum,</strong></span> 
     </span>
    </p>
   </div>
   <div class='ocr_carea' id='block_1_68' title="bbox 1996 2145 3644 2229">
    <p class='ocr_par' dir='ltr' id='par_1_68' title="bbox 1996 2145 3644 2229">
     <span class='ocr_line' id='line_1_68' title="bbox 1996 2145 3644 2229; baseline 0.005 -27"><span class='ocrx_word' id='word_1_458' title='bbox 1996 2146 2243 2219; x_wconf 88' lang='lat' dir='ltr'><strong>pristino</strong></span> <span class='ocrx_word' id='word_1_459' title='bbox 2274 2145 2502 2217; x_wconf 88' lang='lat' dir='ltr'><strong>honori,</strong></span> <span class='ocrx_word' id='word_1_460' title='bbox 2540 2146 2798 2219; x_wconf 81' lang='lat' dir='ltr'><strong>pristinae</strong></span> <span class='ocrx_word' id='word_1_461' title='bbox 2832 2148 3100 2223; x_wconf 86' lang='lat' dir='ltr'><strong>dignitati</strong></span> <span class='ocrx_word' id='word_1_462' title='bbox 3130 2155 3188 2208; x_wconf 88' lang='lat' dir='ltr'><strong>et</strong></span> <span class='ocrx_word' id='word_1_463' title='bbox 3216 2153 3362 2223; x_wconf 88' lang='lat' dir='ltr'><strong>sedi,</strong></span> <span class='ocrx_word' id='word_1_464' title='bbox 3396 2153 3644 2229; x_wconf 90' lang='lat' dir='ltr'><strong>pristino</strong></span> 
     </span>
    </p>
   </div>
   <div class='ocr_carea' id='block_1_69' title="bbox 1994 2236 3646 2313">
    <p class='ocr_par' dir='ltr' id='par_1_69' title="bbox 1994 2236 3646 2313">
     <span class='ocr_line' id='line_1_69' title="bbox 1994 2236 3646 2313; baseline 0.005 -22"><span class='ocrx_word' id='word_1_465' title='bbox 1994 2236 2223 2309; x_wconf 89' lang='lat' dir='ltr'><strong>gradui,</strong></span> <span class='ocrx_word' id='word_1_466' title='bbox 2242 2240 2300 2292; x_wconf 90' lang='lat' dir='ltr'><strong>et</strong></span> <span class='ocrx_word' id='word_1_467' title='bbox 2327 2236 2702 2308; x_wconf 90' lang='lat' dir='ltr'><strong>patriarchio,</strong></span> <span class='ocrx_word' id='word_1_468' title='bbox 2722 2254 2789 2293; x_wconf 92' lang='lat' dir='ltr'><strong>ac</strong></span> <span class='ocrx_word' id='word_1_469' title='bbox 2820 2238 3088 2310; x_wconf 88' lang='lat' dir='ltr'><strong>pristinis</strong></span> <span class='ocrx_word' id='word_1_470' title='bbox 3107 2244 3164 2296; x_wconf 90' lang='lat' dir='ltr'><strong>et</strong></span> <span class='ocrx_word' id='word_1_471' title='bbox 3189 2241 3646 2313; x_wconf 87' lang='lat' dir='ltr'><strong>pontiﬁcialibus</strong></span> 
     </span>
    </p>
   </div>
   <div class='ocr_carea' id='block_1_70' title="bbox 1995 2324 3649 2401">
    <p class='ocr_par' dir='ltr' id='par_1_70' title="bbox 1995 2324 3649 2401">
     <span class='ocr_line' id='line_1_70' title="bbox 1995 2324 3649 2401; baseline 0.004 -21"><span class='ocrx_word' id='word_1_472' title='bbox 1995 2324 2219 2392; x_wconf 83' lang='lat' dir='ltr'><strong>infulis,</strong></span> <span class='ocrx_word' id='word_1_473' title='bbox 2235 2329 2411 2397; x_wconf 87' lang='lat' dir='ltr'><strong>atque</strong></span> <span class='ocrx_word' id='word_1_474' title='bbox 2434 2324 2641 2381; x_wconf 75' lang='lat' dir='ltr'><strong>officiis</strong></span> <span class='ocrx_word' id='word_1_475' title='bbox 2665 2326 3408 2401; x_wconf 86' lang='lat' dir='ltr'><strong>restituimus,statuimus,</strong></span> <span class='ocrx_word' id='word_1_476' title='bbox 3427 2349 3494 2389; x_wconf 91' lang='lat' dir='ltr'><strong>ac</strong></span> <span class='ocrx_word' id='word_1_477' title='bbox 3516 2349 3649 2388; x_wconf 91' lang='lat' dir='ltr'><strong>con-</strong></span> 
     </span>
    </p>
   </div>
   <div class='ocr_carea' id='block_1_71' title="bbox 1996 2414 3648 2492">
    <p class='ocr_par' dir='ltr' id='par_1_71' title="bbox 1996 2414 3648 2492">
     <span class='ocr_line' id='line_1_71' title="bbox 1996 2414 3648 2492; baseline 0.005 -23"><span class='ocrx_word' id='word_1_478' title='bbox 1996 2414 2306 2470; x_wconf 85' lang='lat' dir='ltr'><strong>ﬁrmamus</strong></span> <span class='ocrx_word' id='word_1_479' title='bbox 2340 2431 2354 2469; x_wconf 87' lang='lat'><strong>:</strong></span> <span class='ocrx_word' id='word_1_480' title='bbox 2388 2414 2469 2469; x_wconf 88' lang='lat' dir='ltr'><strong>ita</strong></span> <span class='ocrx_word' id='word_1_481' title='bbox 2501 2418 2567 2469; x_wconf 92' lang='lat' dir='ltr'><strong>ut</strong></span> <span class='ocrx_word' id='word_1_482' title='bbox 2605 2414 2940 2488; x_wconf 89' lang='lat' dir='ltr'><strong>quicunque</strong></span> <span class='ocrx_word' id='word_1_483' title='bbox 2985 2422 3117 2489; x_wconf 88' lang='lat' dir='ltr'><strong>post</strong></span> <span class='ocrx_word' id='word_1_484' title='bbox 3164 2418 3438 2477; x_wconf 87' lang='lat' dir='ltr'><strong>notitiam</strong></span> <span class='ocrx_word' id='word_1_485' title='bbox 3469 2420 3648 2492; x_wconf 84' lang='lat' dir='ltr'><strong>hujus</strong></span> 
     </span>
    </p>
   </div>
   <div class='ocr_carea' id='block_1_72' title="bbox 1996 2502 3650 2588">
    <p class='ocr_par' dir='ltr' id='par_1_72' title="bbox 1996 2502 3650 2588">
     <span class='ocr_line' id='line_1_72' title="bbox 1996 2502 3650 2588; baseline 0.005 -30"><span class='ocrx_word' id='word_1_486' title='bbox 1996 2502 2326 2575; x_wconf 64' lang='lat' dir='ltr'><strong>apostolica:</strong></span> <span class='ocrx_word' id='word_1_487' title='bbox 2385 2506 2559 2575; x_wconf 89' lang='lat' dir='ltr'><strong>atque</strong></span> <span class='ocrx_word' id='word_1_488' title='bbox 2608 2503 2896 2588; x_wconf 64' lang='lat' dir='ltr'><strong>synodicae</strong></span> <span class='ocrx_word' id='word_1_489' title='bbox 2954 2506 3298 2575; x_wconf 88' lang='lat' dir='ltr'><strong>sanctionis,</strong></span> <span class='ocrx_word' id='word_1_490' title='bbox 3332 2508 3650 2580; x_wconf 87' lang='lat' dir='ltr'><strong>quominus</strong></span> 
     </span>
    </p>
   </div>
   <div class='ocr_carea' id='block_1_73' title="bbox 1997 2592 3651 2668">
    <p class='ocr_par' dir='ltr' id='par_1_73' title="bbox 1997 2592 3651 2668">
     <span class='ocr_line' id='line_1_73' title="bbox 1997 2592 3651 2668; baseline 0.004 -19"><span class='ocrx_word' id='word_1_491' title='bbox 1997 2592 2215 2659; x_wconf 88' lang='lat' dir='ltr'><strong>omnia,</strong></span> <span class='ocrx_word' id='word_1_492' title='bbox 2240 2609 2369 2664; x_wconf 63' lang='lat' dir='ltr'><strong>quae</strong></span> <span class='ocrx_word' id='word_1_493' title='bbox 2390 2593 2807 2665; x_wconf 68' lang='lat' dir='ltr'><strong>praemisimus,</strong></span> <span class='ocrx_word' id='word_1_494' title='bbox 2827 2593 3077 2668; x_wconf 87' lang='lat' dir='ltr'><strong>insignis</strong></span> <span class='ocrx_word' id='word_1_495' title='bbox 3107 2597 3483 2668; x_wconf 79' lang='lat' dir='ltr'><strong>pontificatus</strong></span> <span class='ocrx_word' id='word_1_496' title='bbox 3505 2598 3651 2655; x_wconf 88' lang='lat' dir='ltr'><strong>reci-</strong></span> 
     </span>
    </p>
   </div>
   <div class='ocr_carea' id='block_1_74' title="bbox 1998 2680 3651 2755">
    <p class='ocr_par' dir='ltr' id='par_1_74' title="bbox 1998 2680 3651 2755">
     <span class='ocr_line' id='line_1_74' title="bbox 1998 2680 3651 2755; baseline 0.005 -19"><span class='ocrx_word' id='word_1_497' title='bbox 1998 2682 2140 2755; x_wconf 90' lang='lat' dir='ltr'><strong>piat,</strong></span> <span class='ocrx_word' id='word_1_498' title='bbox 2165 2681 2214 2736; x_wconf 92' lang='lat' dir='ltr'><strong>ei</strong></span> <span class='ocrx_word' id='word_1_499' title='bbox 2245 2680 2597 2754; x_wconf 90' lang='lat' dir='ltr'><strong>impedierit,</strong></span> <span class='ocrx_word' id='word_1_500' title='bbox 2621 2685 2677 2736; x_wconf 91' lang='lat' dir='ltr'><strong>et</strong></span> <span class='ocrx_word' id='word_1_501' title='bbox 2708 2700 2822 2738; x_wconf 91' lang='lat' dir='ltr'><strong>non</strong></span> <span class='ocrx_word' id='word_1_502' title='bbox 2857 2682 2914 2739; x_wconf 90' lang='lat' dir='ltr'><strong>in</strong></span> <span class='ocrx_word' id='word_1_503' title='bbox 2951 2685 3227 2742; x_wconf 81' lang='lat' dir='ltr'><strong>omnibus</strong></span> <span class='ocrx_word' id='word_1_504' title='bbox 3261 2684 3399 2741; x_wconf 91' lang='lat' dir='ltr'><strong>huic</strong></span> <span class='ocrx_word' id='word_1_505' title='bbox 3419 2688 3651 2745; x_wconf 88' lang='lat' dir='ltr'><strong>decreto</strong></span> 
     </span>
    </p>
   </div>
   <div class='ocr_carea' id='block_1_75' title="bbox 1998 2769 3650 2846">
    <p class='ocr_par' dir='ltr' id='par_1_75' title="bbox 1998 2769 3650 2846">
     <span class='ocr_line' id='line_1_75' title="bbox 1998 2769 3650 2846; baseline 0.003 -20"><span class='ocrx_word' id='word_1_506' title='bbox 1998 2770 2303 2837; x_wconf 88' lang='lat' dir='ltr'><strong>obedierit,</strong></span> <span class='ocrx_word' id='word_1_507' title='bbox 2318 2769 2405 2826; x_wconf 89' lang='lat' dir='ltr'><strong>vel</strong></span> <span class='ocrx_word' id='word_1_508' title='bbox 2428 2787 2489 2826; x_wconf 89' lang='lat' dir='ltr'><strong>se</strong></span> <span class='ocrx_word' id='word_1_509' title='bbox 2510 2770 2582 2826; x_wconf 92' lang='lat' dir='ltr'><strong>ab</strong></span> <span class='ocrx_word' id='word_1_510' title='bbox 2599 2771 2726 2842; x_wconf 87' lang='lat' dir='ltr'><strong>ejus</strong></span> <span class='ocrx_word' id='word_1_511' title='bbox 2742 2772 3157 2828; x_wconf 89' lang='lat' dir='ltr'><strong>communione</strong></span> <span class='ocrx_word' id='word_1_512' title='bbox 3176 2776 3546 2846; x_wconf 84' lang='lat' dir='ltr'><strong>scperaverit,</strong></span> <span class='ocrx_word' id='word_1_513' title='bbox 3560 2775 3650 2832; x_wconf 90' lang='lat' dir='ltr'><strong>vel</strong></span> 
     </span>
    </p>
   </div>
   <div class='ocr_carea' id='block_1_76' title="bbox 1999 2857 3650 2935">
    <p class='ocr_par' dir='ltr' id='par_1_76' title="bbox 1999 2857 3650 2935">
     <span class='ocr_line' id='line_1_76' title="bbox 1999 2857 3650 2935; baseline 0.003 -21"><span class='ocrx_word' id='word_1_514' title='bbox 1999 2858 2247 2914; x_wconf 88' lang='lat' dir='ltr'><strong>ulterius</strong></span> <span class='ocrx_word' id='word_1_515' title='bbox 2270 2862 2472 2915; x_wconf 88' lang='lat' dir='ltr'><strong>contra</strong></span> <span class='ocrx_word' id='word_1_516' title='bbox 2493 2875 2627 2914; x_wconf 90' lang='lat' dir='ltr'><strong>eum</strong></span> <span class='ocrx_word' id='word_1_517' title='bbox 2660 2857 2895 2931; x_wconf 91' lang='lat' dir='ltr'><strong>aliquod</strong></span> <span class='ocrx_word' id='word_1_518' title='bbox 2919 2860 3212 2932; x_wconf 88' lang='lat' dir='ltr'><strong>judicium</strong></span> <span class='ocrx_word' id='word_1_519' title='bbox 3244 2862 3501 2935; x_wconf 87' lang='lat' dir='ltr'><strong>proferre</strong></span> <span class='ocrx_word' id='word_1_520' title='bbox 3530 2868 3650 2921; x_wconf 85' lang='lat' dir='ltr'><strong>ten-</strong></span> 
     </span>
    </p>
   </div>
   <div class='ocr_carea' id='block_1_77' title="bbox 1997 2946 3646 3025">
    <p class='ocr_par' dir='ltr' id='par_1_77' title="bbox 1997 2946 3646 3025">
     <span class='ocr_line' id='line_1_77' title="bbox 1997 2946 3646 3025; baseline 0.004 -20"><span class='ocrx_word' id='word_1_521' title='bbox 1997 2948 2223 3016; x_wconf 87' lang='lat' dir='ltr'><strong>taverit,</strong></span> <span class='ocrx_word' id='word_1_522' title='bbox 2240 2948 2461 3021; x_wconf 85' lang='lat' dir='ltr'><strong>absque</strong></span> <span class='ocrx_word' id='word_1_523' title='bbox 2490 2946 2646 3004; x_wconf 90' lang='lat' dir='ltr'><strong>sedis</strong></span> <span class='ocrx_word' id='word_1_524' title='bbox 2668 2948 2950 3004; x_wconf 87' lang='lat' dir='ltr'><strong>duntaxat</strong></span> <span class='ocrx_word' id='word_1_525' title='bbox 2981 2950 3311 3022; x_wconf 71' lang='lat' dir='ltr'><strong>apostolica:</strong></span> <span class='ocrx_word' id='word_1_526' title='bbox 3343 2953 3646 3025; x_wconf 68' lang='lat' dir='ltr'><strong>praemisso</strong></span> 
     </span>
    </p>
   </div>
   <div class='ocr_carea' id='block_1_78' title="bbox 1998 3037 3647 3109">
    <p class='ocr_par' dir='ltr' id='par_1_78' title="bbox 1998 3037 3647 3109">
     <span class='ocr_line' id='line_1_78' title="bbox 1998 3037 3647 3109; baseline 0.004 -15"><span class='ocrx_word' id='word_1_527' title='bbox 1998 3054 2317 3106; x_wconf 91' lang='lat' dir='ltr'><strong>consensu;</strong></span> <span class='ocrx_word' id='word_1_528' title='bbox 2340 3037 2389 3092; x_wconf 89' lang='lat' dir='ltr'><strong>si</strong></span> <span class='ocrx_word' id='word_1_529' title='bbox 2413 3037 2651 3109; x_wconf 89' lang='lat' dir='ltr'><strong>quidem</strong></span> <span class='ocrx_word' id='word_1_530' title='bbox 2669 3037 2914 3094; x_wconf 86' lang='lat' dir='ltr'><strong>clericus</strong></span> <span class='ocrx_word' id='word_1_531' title='bbox 2936 3038 3128 3107; x_wconf 88' lang='lat' dir='ltr'><strong>fuerit,</strong></span> <span class='ocrx_word' id='word_1_532' title='bbox 3143 3040 3214 3096; x_wconf 90' lang='lat' dir='ltr'><strong>ab</strong></span> <span class='ocrx_word' id='word_1_533' title='bbox 3237 3041 3398 3097; x_wconf 91' lang='lat' dir='ltr'><strong>omni</strong></span> <span class='ocrx_word' id='word_1_534' title='bbox 3416 3040 3647 3100; x_wconf 89' lang='lat' dir='ltr'><strong>clerica-</strong></span> 
     </span>
    </p>
   </div>
   <div class='ocr_carea' id='block_1_79' title="bbox 1999 3125 3648 3204">
    <p class='ocr_par' dir='ltr' id='par_1_79' title="bbox 1999 3125 3648 3204">
     <span class='ocr_line' id='line_1_79' title="bbox 1999 3125 3648 3204; baseline 0.004 -22"><span class='ocrx_word' id='word_1_535' title='bbox 1999 3132 2096 3182; x_wconf 89' lang='lat' dir='ltr'><strong>tus</strong></span> <span class='ocrx_word' id='word_1_536' title='bbox 2120 3125 2311 3182; x_wconf 83' lang='lat' dir='ltr'><strong>ofﬁcio</strong></span> <span class='ocrx_word' id='word_1_537' title='bbox 2333 3142 2527 3182; x_wconf 88' lang='lat' dir='ltr'><strong>coram</strong></span> <span class='ocrx_word' id='word_1_538' title='bbox 2546 3125 2661 3182; x_wconf 90' lang='lat' dir='ltr'><strong>Deo</strong></span> <span class='ocrx_word' id='word_1_539' title='bbox 2683 3129 2738 3181; x_wconf 90' lang='lat' dir='ltr'><strong>et</strong></span> <span class='ocrx_word' id='word_1_540' title='bbox 2758 3126 3098 3184; x_wconf 89' lang='lat' dir='ltr'><strong>hominibus</strong></span> <span class='ocrx_word' id='word_1_541' title='bbox 3114 3128 3190 3184; x_wconf 89' lang='lat' dir='ltr'><strong>sit</strong></span> <span class='ocrx_word' id='word_1_542' title='bbox 3211 3128 3457 3202; x_wconf 88' lang='lat' dir='ltr'><strong>alienus,</strong></span> <span class='ocrx_word' id='word_1_543' title='bbox 3472 3135 3648 3204; x_wconf 86' lang='lat' dir='ltr'><strong>atque</strong></span> 
     </span>
    </p>
   </div>
   <div class='ocr_carea' id='block_1_80' title="bbox 1998 3214 3652 3292">
    <p class='ocr_par' dir='ltr' id='par_1_80' title="bbox 1998 3214 3652 3292">
     <span class='ocr_line' id='line_1_80' title="bbox 1998 3214 3652 3292; baseline 0.004 -22"><span class='ocrx_word' id='word_1_544' title='bbox 1998 3214 2239 3287; x_wconf 84' lang='lat' dir='ltr'><strong>perenni</strong></span> <span class='ocrx_word' id='word_1_545' title='bbox 2273 3232 2442 3287; x_wconf 79' lang='lat' dir='ltr'><strong>poena</strong></span> <span class='ocrx_word' id='word_1_546' title='bbox 2469 3220 2749 3288; x_wconf 90' lang='lat' dir='ltr'><strong>tanquam</strong></span> <span class='ocrx_word' id='word_1_547' title='bbox 2800 3215 2900 3288; x_wconf 92' lang='lat' dir='ltr'><strong>qui</strong></span> <span class='ocrx_word' id='word_1_548' title='bbox 2950 3216 3300 3289; x_wconf 88' lang='lat' dir='ltr'><strong>magistrum</strong></span> <span class='ocrx_word' id='word_1_549' title='bbox 3329 3220 3652 3292; x_wconf 88' lang='lat' dir='ltr'><strong>prodiderit</strong></span> 
     </span>
    </p>
   </div>
   <div class='ocr_carea' id='block_1_81' title="bbox 1997 3303 3652 3381">
    <p class='ocr_par' dir='ltr' id='par_1_81' title="bbox 1997 3303 3652 3381">
     <span class='ocr_line' id='line_1_81' title="bbox 1997 3303 3652 3381; baseline 0.004 -21"><span class='ocrx_word' id='word_1_550' title='bbox 1997 3321 2132 3360; x_wconf 90' lang='lat' dir='ltr'><strong>cum</strong></span> <span class='ocrx_word' id='word_1_551' title='bbox 2164 3304 2319 3360; x_wconf 88' lang='lat' dir='ltr'><strong>Juda</strong></span> <span class='ocrx_word' id='word_1_552' title='bbox 2348 3303 2625 3360; x_wconf 90' lang='lat' dir='ltr'><strong>traditore</strong></span> <span class='ocrx_word' id='word_1_553' title='bbox 2655 3303 3155 3379; x_wconf 88' lang='lat' dir='ltr'><strong>constringantur,</strong></span> <span class='ocrx_word' id='word_1_554' title='bbox 3182 3311 3239 3362; x_wconf 90' lang='lat' dir='ltr'><strong>et</strong></span> <span class='ocrx_word' id='word_1_555' title='bbox 3269 3306 3381 3364; x_wconf 89' lang='lat' dir='ltr'><strong>nisi</strong></span> <span class='ocrx_word' id='word_1_556' title='bbox 3412 3326 3447 3365; x_wconf 89' lang='lat' dir='ltr'><strong>a</strong></span> <span class='ocrx_word' id='word_1_557' title='bbox 3475 3326 3652 3381; x_wconf 89' lang='lat' dir='ltr'><strong>prava</strong></span> 
     </span>
    </p>
   </div>
   <div class='ocr_carea' id='block_1_82' title="bbox 1999 3392 3653 3465">
    <p class='ocr_par' dir='ltr' id='par_1_82' title="bbox 1999 3392 3653 3465">
     <span class='ocr_line' id='line_1_82' title="bbox 1999 3392 3653 3465; baseline 0.004 -17"><span class='ocrx_word' id='word_1_558' title='bbox 1999 3393 2321 3449; x_wconf 89' lang='lat' dir='ltr'><strong>intentione</strong></span> <span class='ocrx_word' id='word_1_559' title='bbox 2354 3392 2674 3460; x_wconf 89' lang='lat' dir='ltr'><strong>recesserit,</strong></span> <span class='ocrx_word' id='word_1_560' title='bbox 2706 3397 2985 3465; x_wconf 91' lang='lat' dir='ltr'><strong>perpetuo</strong></span> <span class='ocrx_word' id='word_1_561' title='bbox 3016 3395 3388 3453; x_wconf 89' lang='lat' dir='ltr'><strong>anathemate</strong></span> <span class='ocrx_word' id='word_1_562' title='bbox 3420 3403 3653 3455; x_wconf 88' lang='lat' dir='ltr'><strong>maneat</strong></span> 
     </span>
    </p>
   </div>
   <div class='ocr_carea' id='block_1_83' title="bbox 1998 3481 3651 3559">
    <p class='ocr_par' dir='ltr' id='par_1_83' title="bbox 1998 3481 3651 3559">
     <span class='ocr_line' id='line_1_83' title="bbox 1998 3481 3651 3559; baseline 0.002 -20"><span class='ocrx_word' id='word_1_563' title='bbox 1998 3482 2453 3549; x_wconf 87' lang='lat' dir='ltr'><strong>condemnatus;</strong></span> <span class='ocrx_word' id='word_1_564' title='bbox 2478 3481 2526 3536; x_wconf 90' lang='lat' dir='ltr'><strong>si</strong></span> <span class='ocrx_word' id='word_1_565' title='bbox 2554 3498 2686 3537; x_wconf 89' lang='lat' dir='ltr'><strong>vero</strong></span> <span class='ocrx_word' id='word_1_566' title='bbox 2715 3481 2900 3538; x_wconf 90' lang='lat' dir='ltr'><strong>laicus</strong></span> <span class='ocrx_word' id='word_1_567' title='bbox 2920 3483 3205 3539; x_wconf 84' lang='lat' dir='ltr'><strong>exstiterit</strong></span> <span class='ocrx_word' id='word_1_568' title='bbox 3232 3484 3330 3541; x_wconf 89' lang='lat' dir='ltr'><strong>ille</strong></span> <span class='ocrx_word' id='word_1_569' title='bbox 3355 3486 3651 3559; x_wconf 87' lang='lat' dir='ltr'><strong>(quisquis</strong></span> 
     </span>
    </p>
   </div>
   <div class='ocr_carea' id='block_1_84' title="bbox 1999 3570 3655 3645">
    <p class='ocr_par' dir='ltr' id='par_1_84' title="bbox 1999 3570 3655 3645">
     <span class='ocr_line' id='line_1_84' title="bbox 1999 3570 3655 3645; baseline 0.002 -17"><span class='ocrx_word' id='word_1_570' title='bbox 1999 3572 2107 3642; x_wconf 87' lang='lat' dir='ltr'><strong>est)</strong></span> <span class='ocrx_word' id='word_1_571' title='bbox 2140 3570 2281 3628; x_wconf 90' lang='lat' dir='ltr'><strong>huic</strong></span> <span class='ocrx_word' id='word_1_572' title='bbox 2315 3573 2527 3626; x_wconf 64' lang='lat' dir='ltr'><strong>nostrae</strong></span> <span class='ocrx_word' id='word_1_573' title='bbox 2558 3570 2961 3627; x_wconf 90' lang='lat' dir='ltr'><strong>constitutioni</strong></span> <span class='ocrx_word' id='word_1_574' title='bbox 2994 3572 3282 3629; x_wconf 89' lang='lat' dir='ltr'><strong>contraire</strong></span> <span class='ocrx_word' id='word_1_575' title='bbox 3309 3578 3563 3645; x_wconf 89' lang='lat' dir='ltr'><strong>tentans,</strong></span> <span class='ocrx_word' id='word_1_576' title='bbox 3596 3579 3655 3631; x_wconf 90' lang='lat' dir='ltr'><strong>et</strong></span> 
     </span>
    </p>
   </div>
   <div class='ocr_carea' id='block_1_85' title="bbox 2000 3657 3655 3736">
    <p class='ocr_par' dir='ltr' id='par_1_85' title="bbox 2000 3657 3655 3736">
     <span class='ocr_line' id='line_1_85' title="bbox 2000 3657 3655 3736; baseline 0.002 -22"><span class='ocrx_word' id='word_1_577' title='bbox 2000 3675 2134 3714; x_wconf 90' lang='lat' dir='ltr'><strong>eum</strong></span> <span class='ocrx_word' id='word_1_578' title='bbox 2166 3658 2364 3714; x_wconf 88' lang='lat' dir='ltr'><strong>sedem</strong></span> <span class='ocrx_word' id='word_1_579' title='bbox 2396 3662 2454 3714; x_wconf 89' lang='lat' dir='ltr'><strong>et</strong></span> <span class='ocrx_word' id='word_1_580' title='bbox 2478 3673 2713 3713; x_wconf 91' lang='lat' dir='ltr'><strong>omnem</strong></span> <span class='ocrx_word' id='word_1_581' title='bbox 2744 3657 3056 3730; x_wconf 90' lang='lat' dir='ltr'><strong>pristinam</strong></span> <span class='ocrx_word' id='word_1_582' title='bbox 3087 3661 3375 3718; x_wconf 87' lang='lat' dir='ltr'><strong>duntaxat</strong></span> <span class='ocrx_word' id='word_1_583' title='bbox 3405 3662 3655 3736; x_wconf 86' lang='lat' dir='ltr'><strong>dignita-</strong></span> 
     </span>
    </p>
   </div>
   <div class='ocr_carea' id='block_1_86' title="bbox 1998 3746 3653 3824">
    <p class='ocr_par' dir='ltr' id='par_1_86' title="bbox 1998 3746 3653 3824">
     <span class='ocr_line' id='line_1_86' title="bbox 1998 3746 3653 3824; baseline 0.002 -20"><span class='ocrx_word' id='word_1_584' title='bbox 1998 3751 2117 3804; x_wconf 90' lang='lat' dir='ltr'><strong>tem</strong></span> <span class='ocrx_word' id='word_1_585' title='bbox 2149 3746 2406 3820; x_wconf 88' lang='lat' dir='ltr'><strong>recipere</strong></span> <span class='ocrx_word' id='word_1_586' title='bbox 2445 3763 2560 3802; x_wconf 91' lang='lat' dir='ltr'><strong>non</strong></span> <span class='ocrx_word' id='word_1_587' title='bbox 2605 3747 2956 3819; x_wconf 89' lang='lat' dir='ltr'><strong>permiserit,</strong></span> <span class='ocrx_word' id='word_1_588' title='bbox 2987 3747 3078 3804; x_wconf 89' lang='lat' dir='ltr'><strong>vel</strong></span> <span class='ocrx_word' id='word_1_589' title='bbox 3109 3748 3156 3805; x_wconf 90' lang='lat' dir='ltr'><strong>si</strong></span> <span class='ocrx_word' id='word_1_590' title='bbox 3190 3755 3322 3822; x_wconf 89' lang='lat' dir='ltr'><strong>post</strong></span> <span class='ocrx_word' id='word_1_591' title='bbox 3360 3754 3653 3824; x_wconf 88' lang='lat' dir='ltr'><strong>receptam</strong></span> 
     </span>
    </p>
   </div>
   <div class='ocr_carea' id='block_1_87' title="bbox 2000 3836 3656 3912">
    <p class='ocr_par' dir='ltr' id='par_1_87' title="bbox 2000 3836 3656 3912">
     <span class='ocr_line' id='line_1_87' title="bbox 2000 3836 3656 3912; baseline 0.002 -21"><span class='ocrx_word' id='word_1_592' title='bbox 2000 3837 2254 3909; x_wconf 90' lang='lat' dir='ltr'><strong>priorem</strong></span> <span class='ocrx_word' id='word_1_593' title='bbox 2284 3837 2483 3892; x_wconf 87' lang='lat' dir='ltr'><strong>sedem</strong></span> <span class='ocrx_word' id='word_1_594' title='bbox 2511 3837 2702 3891; x_wconf 91' lang='lat' dir='ltr'><strong>denuo</strong></span> <span class='ocrx_word' id='word_1_595' title='bbox 2734 3836 2903 3891; x_wconf 89' lang='lat' dir='ltr'><strong>illum</strong></span> <span class='ocrx_word' id='word_1_596' title='bbox 2936 3837 3252 3911; x_wconf 89' lang='lat' dir='ltr'><strong>impellere,</strong></span> <span class='ocrx_word' id='word_1_597' title='bbox 3277 3843 3336 3893; x_wconf 90' lang='lat' dir='ltr'><strong>et</strong></span> <span class='ocrx_word' id='word_1_598' title='bbox 3358 3856 3392 3895; x_wconf 94' lang='lat' dir='ltr'><strong>a</strong></span> <span class='ocrx_word' id='word_1_599' title='bbox 3412 3839 3656 3912; x_wconf 87' lang='lat' dir='ltr'><strong>patriar-</strong></span> 
     </span>
    </p>
   </div>
   <div class='ocr_carea' id='block_1_88' title="bbox 2001 3924 3655 4001">
    <p class='ocr_par' dir='ltr' id='par_1_88' title="bbox 2001 3924 3655 4001">
     <span class='ocr_line' id='line_1_88' title="bbox 2001 3924 3655 4001; baseline 0.004 -20"><span class='ocrx_word' id='word_1_600' title='bbox 2001 3924 2131 3981; x_wconf 93' lang='lat' dir='ltr'><strong>chio</strong></span> <span class='ocrx_word' id='word_1_601' title='bbox 2179 3924 2462 3997; x_wconf 87' lang='lat' dir='ltr'><strong>expellere</strong></span> <span class='ocrx_word' id='word_1_602' title='bbox 2509 3926 2839 3992; x_wconf 88' lang='lat' dir='ltr'><strong>tentaverit,</strong></span> <span class='ocrx_word' id='word_1_603' title='bbox 2873 3925 2957 3981; x_wconf 93' lang='lat' dir='ltr'><strong>vel</strong></span> <span class='ocrx_word' id='word_1_604' title='bbox 3007 3943 3267 3998; x_wconf 60' lang='lat' dir='ltr'><strong>personis</strong></span> <span class='ocrx_word' id='word_1_605' title='bbox 3316 3927 3505 4001; x_wconf 90' lang='lat' dir='ltr'><strong>ipsius</strong></span> <span class='ocrx_word' id='word_1_606' title='bbox 3552 3947 3655 3987; x_wconf 88' lang='lat' dir='ltr'><strong>seu</strong></span> 
     </span>
    </p>
   </div>
   <div class='ocr_carea' id='block_1_89' title="bbox 2002 4013 3656 4091">
    <p class='ocr_par' dir='ltr' id='par_1_89' title="bbox 2002 4013 3656 4091">
     <span class='ocr_line' id='line_1_89' title="bbox 2002 4013 3656 4091; baseline 0.003 -21"><span class='ocrx_word' id='word_1_607' title='bbox 2002 4013 2345 4070; x_wconf 87' lang='lat' dir='ltr'><strong>sacerdotali</strong></span> <span class='ocrx_word' id='word_1_608' title='bbox 2377 4013 2584 4069; x_wconf 89' lang='lat' dir='ltr'><strong>honori</strong></span> <span class='ocrx_word' id='word_1_609' title='bbox 2625 4014 2887 4085; x_wconf 87' lang='lat' dir='ltr'><strong>aliquam</strong></span> <span class='ocrx_word' id='word_1_610' title='bbox 2921 4014 3249 4072; x_wconf 90' lang='lat' dir='ltr'><strong>molestiam</strong></span> <span class='ocrx_word' id='word_1_611' title='bbox 3295 4017 3424 4074; x_wconf 91' lang='lat' dir='ltr'><strong>sine</strong></span> <span class='ocrx_word' id='word_1_612' title='bbox 3455 4018 3656 4091; x_wconf 63' lang='lat' dir='ltr'><strong>primae</strong></span> 
     </span>
    </p>
   </div>
   <div class='ocr_carea' id='block_1_90' title="bbox 2002 4102 3657 4174">
    <p class='ocr_par' dir='ltr' id='par_1_90' title="bbox 2002 4102 3657 4174">
     <span class='ocr_line' id='line_1_90' title="bbox 2002 4102 3657 4174; baseline 0.003 -17"><span class='ocrx_word' id='word_1_613' title='bbox 2002 4102 2183 4174; x_wconf 91' lang='lat' dir='ltr'><strong>hujus</strong></span> <span class='ocrx_word' id='word_1_614' title='bbox 2212 4103 2368 4158; x_wconf 89' lang='lat' dir='ltr'><strong>sedis</strong></span> <span class='ocrx_word' id='word_1_615' title='bbox 2400 4118 2687 4158; x_wconf 89' lang='lat' dir='ltr'><strong>consensu</strong></span> <span class='ocrx_word' id='word_1_616' title='bbox 2732 4103 3018 4171; x_wconf 87' lang='lat' dir='ltr'><strong>intulerit,</strong></span> <span class='ocrx_word' id='word_1_617' title='bbox 3053 4104 3211 4159; x_wconf 89' lang='lat' dir='ltr'><strong>omni</strong></span> <span class='ocrx_word' id='word_1_618' title='bbox 3255 4106 3657 4163; x_wconf 88' lang='lat' dir='ltr'><strong>benedictione</strong></span> 
     </span>
    </p>
   </div>
   <div class='ocr_carea' id='block_1_91' title="bbox 2005 4189 3655 4264">
    <p class='ocr_par' dir='ltr' id='par_1_91' title="bbox 2005 4189 3655 4264">
     <span class='ocr_line' id='line_1_91' title="bbox 2005 4189 3655 4264; baseline 0.002 -18"><span class='ocrx_word' id='word_1_619' title='bbox 2005 4195 2248 4264; x_wconf 87' lang='lat' dir='ltr'><strong>paterna</strong></span> <span class='ocrx_word' id='word_1_620' title='bbox 2307 4189 2582 4263; x_wconf 87' lang='lat' dir='ltr'><strong>privetur,</strong></span> <span class='ocrx_word' id='word_1_621' title='bbox 2642 4194 2697 4245; x_wconf 87' lang='lat' dir='ltr'><strong>et</strong></span> <span class='ocrx_word' id='word_1_622' title='bbox 2756 4190 3162 4247; x_wconf 82' lang='lat' dir='ltr'><strong>maledictione</strong></span> <span class='ocrx_word' id='word_1_623' title='bbox 3218 4192 3492 4249; x_wconf 90' lang='lat' dir='ltr'><strong>Chanaan</strong></span> <span class='ocrx_word' id='word_1_624' title='bbox 3553 4193 3655 4249; x_wconf 85' lang='lat' dir='ltr'><strong>filii</strong></span> 
     </span>
    </p>
   </div>
   <div class='ocr_carea' id='block_1_92' title="bbox 2004 4277 3658 4351">
    <p class='ocr_par' dir='ltr' id='par_1_92' title="bbox 2004 4277 3658 4351">
     <span class='ocr_line' id='line_1_92' title="bbox 2004 4277 3658 4351; baseline 0.002 -16"><span class='ocrx_word' id='word_1_625' title='bbox 2004 4280 2205 4346; x_wconf 90' lang='lat' dir='ltr'><strong>Cham,</strong></span> <span class='ocrx_word' id='word_1_626' title='bbox 2234 4279 2329 4351; x_wconf 91' lang='lat' dir='ltr'><strong>qui</strong></span> <span class='ocrx_word' id='word_1_627' title='bbox 2363 4277 2772 4334; x_wconf 89' lang='lat' dir='ltr'><strong>verecundiam</strong></span> <span class='ocrx_word' id='word_1_628' title='bbox 2804 4278 2986 4350; x_wconf 89' lang='lat' dir='ltr'><strong>patris</strong></span> <span class='ocrx_word' id='word_1_629' title='bbox 3016 4280 3108 4337; x_wconf 92' lang='lat' dir='ltr'><strong>sui</strong></span> <span class='ocrx_word' id='word_1_630' title='bbox 3137 4280 3344 4338; x_wconf 89' lang='lat' dir='ltr'><strong>videns</strong></span> <span class='ocrx_word' id='word_1_631' title='bbox 3375 4299 3489 4337; x_wconf 91' lang='lat' dir='ltr'><strong>non</strong></span> <span class='ocrx_word' id='word_1_632' title='bbox 3521 4298 3658 4338; x_wconf 89' lang='lat' dir='ltr'><strong>coo-</strong></span> 
     </span>
    </p>
   </div>
   <div class='ocr_carea' id='block_1_93' title="bbox 2006 4365 3659 4442">
    <p class='ocr_par' dir='ltr' id='par_1_93' title="bbox 2006 4365 3659 4442">
     <span class='ocr_line' id='line_1_93' title="bbox 2006 4365 3659 4442; baseline 0.002 -20"><span class='ocrx_word' id='word_1_633' title='bbox 2006 4367 2219 4441; x_wconf 91' lang='lat' dir='ltr'><strong>peruit,</strong></span> <span class='ocrx_word' id='word_1_634' title='bbox 2254 4368 2354 4423; x_wconf 90' lang='lat' dir='ltr'><strong>sed</strong></span> <span class='ocrx_word' id='word_1_635' title='bbox 2418 4365 2626 4434; x_wconf 89' lang='lat' dir='ltr'><strong>irrisit,</strong></span> <span class='ocrx_word' id='word_1_636' title='bbox 2654 4366 2997 4437; x_wconf 89' lang='lat' dir='ltr'><strong>mulctetur;</strong></span> <span class='ocrx_word' id='word_1_637' title='bbox 3050 4372 3108 4423; x_wconf 91' lang='lat' dir='ltr'><strong>et</strong></span> <span class='ocrx_word' id='word_1_638' title='bbox 3155 4385 3290 4424; x_wconf 91' lang='lat' dir='ltr'><strong>eum</strong></span> <span class='ocrx_word' id='word_1_639' title='bbox 3351 4370 3659 4442; x_wconf 90' lang='lat' dir='ltr'><strong>parricidis</strong></span> 
     </span>
    </p>
   </div>
   <div class='ocr_carea' id='block_1_94' title="bbox 2007 4455 3663 4529">
    <p class='ocr_par' dir='ltr' id='par_1_94' title="bbox 2007 4455 3663 4529">
     <span class='ocr_line' id='line_1_94' title="bbox 2007 4455 3663 4529; baseline 0.001 -16"><span class='ocrx_word' id='word_1_640' title='bbox 2007 4461 2225 4513; x_wconf 73' lang='lat' dir='ltr'><strong>aeterna</strong></span> <span class='ocrx_word' id='word_1_641' title='bbox 2251 4473 2418 4529; x_wconf 75' lang='lat' dir='ltr'><strong>pmna</strong></span> <span class='ocrx_word' id='word_1_642' title='bbox 2446 4455 2688 4511; x_wconf 88' lang='lat' dir='ltr'><strong>Domino</strong></span> <span class='ocrx_word' id='word_1_643' title='bbox 2709 4456 3017 4527; x_wconf 90' lang='lat' dir='ltr'><strong>judicante</strong></span> <span class='ocrx_word' id='word_1_644' title='bbox 3038 4456 3406 4529; x_wconf 90' lang='lat' dir='ltr'><strong>percellatur,</strong></span> <span class='ocrx_word' id='word_1_645' title='bbox 3430 4463 3489 4515; x_wconf 88' lang='lat' dir='ltr'><strong>et</strong></span> <span class='ocrx_word' id='word_1_646' title='bbox 3510 4459 3663 4515; x_wconf 87' lang='lat' dir='ltr'><strong>nexi-</strong></span> 
     </span>
    </p>
   </div>
   <div class='ocr_carea' id='block_1_95' title="bbox 232 4544 3660 4632">
    <p class='ocr_par' dir='ltr' id='par_1_95' title="bbox 232 4544 3660 4632">
     <span class='ocr_line' id='line_1_95' title="bbox 232 4544 3660 4632; baseline -0.001 -26"><span class='ocrx_word' id='word_1_647' title='bbox 232 4555 415 4623; x_wconf 85' lang='lat' dir='ltr'><strong>atque</strong></span> <span class='ocrx_word' id='word_1_648' title='bbox 446 4544 729 4605; x_wconf 90' lang='lat' dir='ltr'><strong>canonica</strong></span> <span class='ocrx_word' id='word_1_649' title='bbox 757 4549 1125 4615; x_wconf 87' lang='lat' dir='ltr'><strong>auctoritate,</strong></span> <span class='ocrx_word' id='word_1_650' title='bbox 1150 4553 1207 4605; x_wconf 92' lang='lat' dir='ltr'><strong>et</strong></span> <span class='ocrx_word' id='word_1_651' title='bbox 1238 4548 1502 4622; x_wconf 72' lang='lat' dir='ltr'><strong>synodali</strong></span> <span class='ocrx_word' id='word_1_652' title='bbox 1537 4549 1766 4606; x_wconf 89' lang='lat' dir='ltr'><strong>decreto</strong></span> <span class='ocrx_word' id='word_1_653' title='bbox 1798 4566 1898 4605; x_wconf 87' lang='lat' dir='ltr'><strong>eos</strong></span> <span class='ocrx_word' id='word_1_654' title='bbox 1930 4567 1975 4632; x_wconf 62' lang='grc' dir='ltr'>Β</span> <span class='ocrx_word' id='word_1_655' title='bbox 2006 4546 2118 4602; x_wconf 89' lang='lat' dir='ltr'><strong>bus</strong></span> <span class='ocrx_word' id='word_1_656' title='bbox 2151 4545 2542 4601; x_wconf 84' lang='lat' dir='ltr'><strong>anathematis</strong></span> <span class='ocrx_word' id='word_1_657' title='bbox 2577 4545 2807 4601; x_wconf 90' lang='lat' dir='ltr'><strong>nonnisi</strong></span> <span class='ocrx_word' id='word_1_658' title='bbox 2841 4545 3190 4617; x_wconf 85' lang='lat' dir='ltr'><strong>resipiscens</strong></span> <span class='ocrx_word' id='word_1_659' title='bbox 3220 4547 3455 4619; x_wconf 80' lang='lat' dir='ltr'><strong>penitus</strong></span> <span class='ocrx_word' id='word_1_660' title='bbox 3486 4563 3660 4605; x_wconf 88' lang='lat' dir='ltr'><strong>erua-</strong></span> 
     </span>
    </p>
   </div>
   <div class='ocr_carea' id='block_1_96' title="bbox 233 4638 973 4711">
    <p class='ocr_par' dir='ltr' id='par_1_96' title="bbox 233 4638 973 4711">
     <span class='ocr_line' id='line_1_96' title="bbox 233 4638 973 4711; baseline -0.003 -16"><span class='ocrx_word' id='word_1_661' title='bbox 233 4638 477 4711; x_wconf 84' lang='lat' dir='ltr'><strong>penitus</strong></span> <span class='ocrx_word' id='word_1_662' title='bbox 512 4640 973 4709; x_wconf 86' lang='lat' dir='ltr'><strong>sequestramus.</strong></span> 
     </span>
    </p>
   </div>
   <div class='ocr_carea' id='block_1_97' title="bbox 308 4725 1904 4784">
    <p class='ocr_par' dir='ltr' id='par_1_97' title="bbox 308 4725 1904 4784">
     <span class='ocr_line' id='line_1_97' title="bbox 308 4725 1904 4784; baseline 0.001 -2"><span class='ocrx_word' id='word_1_663' title='bbox 308 4726 403 4783; x_wconf 89' lang='lat' dir='ltr'><strong>IV.</strong></span> <span class='ocrx_word' id='word_1_664' title='bbox 431 4725 989 4782; x_wconf 77' lang='lat' dir='ltr'><strong>Reverentissimum</strong></span> <span class='ocrx_word' id='word_1_665' title='bbox 1011 4730 1069 4781; x_wconf 90' lang='lat' dir='ltr'><strong>et</strong></span> <span class='ocrx_word' id='word_1_666' title='bbox 1099 4726 1543 4782; x_wconf 87' lang='lat' dir='ltr'><strong>sanctissimum</strong></span> <span class='ocrx_word' id='word_1_667' title='bbox 1571 4727 1809 4783; x_wconf 89' lang='lat' dir='ltr'><strong>fratrem</strong></span> <span class='ocrx_word' id='word_1_668' title='bbox 1844 4732 1904 4784; x_wconf 89' lang='lat' dir='ltr'><strong>et</strong></span> 
     </span>
    </p>
   </div>
   <div class='ocr_carea' id='block_1_98' title="bbox 237 4813 1903 4889">
    <p class='ocr_par' dir='ltr' id='par_1_98' title="bbox 237 4813 1903 4889">
     <span class='ocr_line' id='line_1_98' title="bbox 237 4813 1903 4889; baseline -0.001 -16"><span class='ocrx_word' id='word_1_669' title='bbox 237 4814 654 4889; x_wconf 87' lang='lat' dir='ltr'><strong>coepiscopum</strong></span> <span class='ocrx_word' id='word_1_670' title='bbox 674 4819 939 4871; x_wconf 85' lang='lat' dir='ltr'><strong>nostrum</strong></span> <span class='ocrx_word' id='word_1_671' title='bbox 960 4813 1247 4888; x_wconf 86' lang='lat' dir='ltr'><strong>lguatium</strong></span> <span class='ocrx_word' id='word_1_672' title='bbox 1269 4818 1485 4871; x_wconf 71' lang='lat' dir='ltr'><strong>sancta:</strong></span> <span class='ocrx_word' id='word_1_673' title='bbox 1497 4816 1903 4872; x_wconf 90' lang='lat' dir='ltr'><strong>Constantino-</strong></span> 
     </span>
    </p>
   </div>
   <div class='ocr_carea' id='block_1_99' title="bbox 237 4902 1901 4978">
    <p class='ocr_par' dir='ltr' id='par_1_99' title="bbox 237 4902 1901 4978">
     <span class='ocr_line' id='line_1_99' title="bbox 237 4902 1901 4978; baseline -0.001 -18"><span class='ocrx_word' id='word_1_674' title='bbox 237 4904 520 4978; x_wconf 66' lang='lat' dir='ltr'><strong>politanae</strong></span> <span class='ocrx_word' id='word_1_675' title='bbox 550 4903 806 4959; x_wconf 76' lang='lat' dir='ltr'><strong>ecclesiae</strong></span> <span class='ocrx_word' id='word_1_676' title='bbox 858 4902 1387 4976; x_wconf 87' lang='lat' dir='ltr'><strong>patriarcham,qui</strong></span> <span class='ocrx_word' id='word_1_677' title='bbox 1422 4902 1609 4975; x_wconf 90' lang='lat' dir='ltr'><strong>primo</strong></span> <span class='ocrx_word' id='word_1_678' title='bbox 1663 4904 1901 4975; x_wconf 88' lang='lat' dir='ltr'><strong>quidem</strong></span> 
     </span>
    </p>
   </div>
   <div class='ocr_carea' id='block_1_100' title="bbox 238 4991 1901 5068">
    <p class='ocr_par' dir='ltr' id='par_1_100' title="bbox 238 4991 1901 5068">
     <span class='ocr_line' id='line_1_100' title="bbox 238 4991 1901 5068; baseline 0 -19"><span class='ocrx_word' id='word_1_679' title='bbox 238 4992 536 5068; x_wconf 88' lang='lat' dir='ltr'><strong>imperiali</strong></span> <span class='ocrx_word' id='word_1_680' title='bbox 560 4991 838 5049; x_wconf 88' lang='lat' dir='ltr'><strong>violentia</strong></span> <span class='ocrx_word' id='word_1_681' title='bbox 859 5010 924 5048; x_wconf 91' lang='lat' dir='ltr'><strong>ac</strong></span> <span class='ocrx_word' id='word_1_682' title='bbox 950 4996 1188 5060; x_wconf 87' lang='lat' dir='ltr'><strong>terrore,</strong></span> <span class='ocrx_word' id='word_1_683' title='bbox 1213 4992 1446 5065; x_wconf 89' lang='lat' dir='ltr'><strong>proprio</strong></span> <span class='ocrx_word' id='word_1_684' title='bbox 1480 4992 1689 5049; x_wconf 90' lang='lat' dir='ltr'><strong>throno</strong></span> <span class='ocrx_word' id='word_1_685' title='bbox 1713 4994 1901 5065; x_wconf 87' lang='lat' dir='ltr'><strong>priva-</strong></span> 
     </span>
    </p>
   </div>
   <div class='ocr_carea' id='block_1_101' title="bbox 238 5081 1899 5155">
    <p class='ocr_par' dir='ltr' id='par_1_101' title="bbox 238 5081 1899 5155">
     <span class='ocr_line' id='line_1_101' title="bbox 238 5081 1899 5155; baseline 0 -16"><span class='ocrx_word' id='word_1_686' title='bbox 238 5087 340 5139; x_wconf 90' lang='lat' dir='ltr'><strong>tus</strong></span> <span class='ocrx_word' id='word_1_687' title='bbox 370 5086 481 5149; x_wconf 90' lang='lat' dir='ltr'><strong>est,</strong></span> <span class='ocrx_word' id='word_1_688' title='bbox 516 5086 575 5138; x_wconf 91' lang='lat' dir='ltr'><strong>et</strong></span> <span class='ocrx_word' id='word_1_689' title='bbox 605 5086 807 5155; x_wconf 90' lang='lat' dir='ltr'><strong>postea</strong></span> <span class='ocrx_word' id='word_1_690' title='bbox 836 5099 870 5139; x_wconf 90' lang='lat' dir='ltr'><strong>a</strong></span> <span class='ocrx_word' id='word_1_691' title='bbox 897 5081 1100 5138; x_wconf 89' lang='lat' dir='ltr'><strong>Photio</strong></span> <span class='ocrx_word' id='word_1_692' title='bbox 1133 5081 1416 5151; x_wconf 87' lang='lat' dir='ltr'><strong>adultero,</strong></span> <span class='ocrx_word' id='word_1_693' title='bbox 1442 5082 1899 5155; x_wconf 72' lang='lat' dir='ltr'><strong>prmvaricatore,</strong></span> 
     </span>
    </p>
   </div>
   <div class='ocr_carea' id='block_1_102' title="bbox 240 5169 1906 5244">
    <p class='ocr_par' dir='ltr' id='par_1_102' title="bbox 240 5169 1906 5244">
     <span class='ocr_line' id='line_1_102' title="bbox 240 5169 1906 5244; baseline 0.001 -17"><span class='ocrx_word' id='word_1_694' title='bbox 240 5188 311 5227; x_wconf 85' lang='lat' dir='ltr'><strong>ae</strong></span> <span class='ocrx_word' id='word_1_695' title='bbox 344 5188 653 5244; x_wconf 85' lang='lat' dir='ltr'><strong>pervasere</strong></span> <span class='ocrx_word' id='word_1_696' title='bbox 685 5169 843 5227; x_wconf 88' lang='lat' dir='ltr'><strong>sedis</strong></span> <span class='ocrx_word' id='word_1_697' title='bbox 873 5170 1550 5243; x_wconf 70' lang='lat' dir='ltr'><strong>Constantinopolitanze,</strong></span> <span class='ocrx_word' id='word_1_698' title='bbox 1587 5175 1644 5227; x_wconf 90' lang='lat' dir='ltr'><strong>et</strong></span> <span class='ocrx_word' id='word_1_699' title='bbox 1673 5172 1745 5228; x_wconf 87' lang='lat' dir='ltr'><strong>ab</strong></span> <span class='ocrx_word' id='word_1_700' title='bbox 1778 5173 1906 5243; x_wconf 89' lang='lat' dir='ltr'><strong>ejus</strong></span> 
     </span>
    </p>
   </div>
   <div class='ocr_carea' id='block_1_103' title="bbox 240 5257 1908 5333">
    <p class='ocr_par' dir='ltr' id='par_1_103' title="bbox 240 5257 1908 5333">
     <span class='ocr_line' id='line_1_103' title="bbox 240 5257 1908 5333; baseline 0 -16"><span class='ocrx_word' id='word_1_701' title='bbox 240 5258 637 5333; x_wconf 88' lang='lat' dir='ltr'><strong>complicibus</strong></span> <span class='ocrx_word' id='word_1_702' title='bbox 650 5257 1193 5330; x_wconf 86' lang='lat' dir='ltr'><strong>(excommunicatis</strong></span> <span class='ocrx_word' id='word_1_703' title='bbox 1209 5259 1475 5315; x_wconf 87' lang='lat' dir='ltr'><strong>videlicet</strong></span> <span class='ocrx_word' id='word_1_704' title='bbox 1493 5263 1549 5316; x_wconf 90' lang='lat' dir='ltr'><strong>et</strong></span> <span class='ocrx_word' id='word_1_705' title='bbox 1571 5261 1908 5317; x_wconf 87' lang='lat' dir='ltr'><strong>anathema-</strong></span> 
     </span>
    </p>
   </div>
   <div class='ocr_carea' id='block_1_104' title="bbox 240 5346 1906 5421">
    <p class='ocr_par' dir='ltr' id='par_1_104' title="bbox 240 5346 1906 5421">
     <span class='ocr_line' id='line_1_104' title="bbox 240 5346 1906 5421; baseline 0 -18"><span class='ocrx_word' id='word_1_706' title='bbox 240 5348 461 5417; x_wconf 90' lang='lat' dir='ltr'><strong>tizatis,</strong></span> <span class='ocrx_word' id='word_1_707' title='bbox 492 5352 666 5421; x_wconf 91' lang='lat' dir='ltr'><strong>atque</strong></span> <span class='ocrx_word' id='word_1_708' title='bbox 697 5346 1012 5415; x_wconf 84' lang='lat' dir='ltr'><strong>damnatis,</strong></span> <span class='ocrx_word' id='word_1_709' title='bbox 1047 5351 1103 5403; x_wconf 91' lang='lat' dir='ltr'><strong>et</strong></span> <span class='ocrx_word' id='word_1_710' title='bbox 1134 5347 1259 5406; x_wconf 87' lang='lat' dir='ltr'><strong>sine</strong></span> <span class='ocrx_word' id='word_1_711' title='bbox 1289 5348 1722 5420; x_wconf 87' lang='lat' dir='ltr'><strong>episcopalibus</strong></span> <span class='ocrx_word' id='word_1_712' title='bbox 1755 5349 1906 5405; x_wconf 89' lang='lat' dir='ltr'><strong>sedi-</strong></span> 
     </span>
    </p>
   </div>
   <div class='ocr_carea' id='block_1_105' title="bbox 241 5437 1906 5503">
    <p class='ocr_par' dir='ltr' id='par_1_105' title="bbox 241 5437 1906 5503">
     <span class='ocr_line' id='line_1_105' title="bbox 241 5437 1906 5503; baseline 0.001 -12"><span class='ocrx_word' id='word_1_713' title='bbox 241 5438 382 5503; x_wconf 88' lang='lat' dir='ltr'><strong>bus,</strong></span> <span class='ocrx_word' id='word_1_714' title='bbox 416 5440 473 5493; x_wconf 88' lang='lat' dir='ltr'><strong>et</strong></span> <span class='ocrx_word' id='word_1_715' title='bbox 502 5455 538 5492; x_wconf 90' lang='lat' dir='ltr'><strong>a</strong></span> <span class='ocrx_word' id='word_1_716' title='bbox 567 5437 871 5493; x_wconf 85' lang='lat' dir='ltr'><strong>decessore</strong></span> <span class='ocrx_word' id='word_1_717' title='bbox 911 5452 1041 5492; x_wconf 93' lang='lat' dir='ltr'><strong>meo</strong></span> <span class='ocrx_word' id='word_1_718' title='bbox 1090 5440 1305 5492; x_wconf 63' lang='lat' dir='ltr'><strong>sancta:</strong></span> <span class='ocrx_word' id='word_1_719' title='bbox 1353 5437 1771 5493; x_wconf 89' lang='lat' dir='ltr'><strong>recordationis</strong></span> <span class='ocrx_word' id='word_1_720' title='bbox 1803 5439 1906 5493; x_wconf 88' lang='lat' dir='ltr'><strong>Be—</strong></span> 
     </span>
    </p>
   </div>
   <div class='ocr_carea' id='block_1_106' title="bbox 242 5524 1910 5598">
    <p class='ocr_par' dir='ltr' id='par_1_106' title="bbox 242 5524 1910 5598">
     <span class='ocr_line' id='line_1_106' title="bbox 242 5524 1910 5598; baseline 0.001 -18"><span class='ocrx_word' id='word_1_721' title='bbox 242 5525 482 5582; x_wconf 90' lang='lat' dir='ltr'><strong>nedicto</strong></span> <span class='ocrx_word' id='word_1_722' title='bbox 510 5542 679 5598; x_wconf 89' lang='lat' dir='ltr'><strong>papa,</strong></span> <span class='ocrx_word' id='word_1_723' title='bbox 704 5524 977 5598; x_wconf 87' lang='lat' dir='ltr'><strong>obligatis</strong></span> <span class='ocrx_word' id='word_1_724' title='bbox 997 5524 1361 5597; x_wconf 83' lang='lat' dir='ltr'><strong>hominibus)</strong></span> <span class='ocrx_word' id='word_1_725' title='bbox 1384 5524 1910 5581; x_wconf 87' lang='lat' dir='ltr'><strong>anathematizatus</strong></span> 
     </span>
    </p>
   </div>
   <div class='ocr_carea' id='block_1_107' title="bbox 242 5614 1912 5688">
    <p class='ocr_par' dir='ltr' id='par_1_107' title="bbox 242 5614 1912 5688">
     <span class='ocr_line' id='line_1_107' title="bbox 242 5614 1912 5688; baseline 0.001 -18"><span class='ocrx_word' id='word_1_726' title='bbox 242 5618 362 5683; x_wconf 85' lang='lat' dir='ltr'><strong>est,</strong></span> <span class='ocrx_word' id='word_1_727' title='bbox 385 5619 440 5670; x_wconf 81' lang='lat' dir='ltr'><strong>et</strong></span> <span class='ocrx_word' id='word_1_728' title='bbox 471 5618 766 5687; x_wconf 89' lang='lat' dir='ltr'><strong>postremo</strong></span> <span class='ocrx_word' id='word_1_729' title='bbox 808 5615 879 5671; x_wconf 90' lang='lat' dir='ltr'><strong>ab</strong></span> <span class='ocrx_word' id='word_1_730' title='bbox 927 5614 1259 5688; x_wconf 72' lang='lat' dir='ltr'><strong>apostolicae</strong></span> <span class='ocrx_word' id='word_1_731' title='bbox 1290 5615 1447 5671; x_wconf 87' lang='lat' dir='ltr'><strong>sedis</strong></span> <span class='ocrx_word' id='word_1_732' title='bbox 1482 5614 1661 5670; x_wconf 79' lang='lat' dir='ltr'><strong>misso</strong></span> <span class='ocrx_word' id='word_1_733' title='bbox 1710 5620 1912 5671; x_wconf 84' lang='lat' dir='ltr'><strong>contra</strong></span> 
     </span>
    </p>
   </div>
   <div class='ocr_carea' id='block_1_108' title="bbox 2010 4640 2127 4692">
    <p class='ocr_par' dir='ltr' id='par_1_108' title="bbox 2010 4640 2127 4692">
     <span class='ocr_line' id='line_1_108' title="bbox 2010 4640 2127 4692; baseline 0.009 -1"><span class='ocrx_word' id='word_1_734' title='bbox 2010 4640 2127 4692; x_wconf 90' lang='lat' dir='ltr'><strong>tur.</strong></span> 
     </span>
    </p>
   </div>
   <div class='ocr_carea' id='block_1_109' title="bbox 2080 4724 3663 4798">
    <p class='ocr_par' dir='ltr' id='par_1_109' title="bbox 2080 4724 3663 4798">
     <span class='ocr_line' id='line_1_109' title="bbox 2080 4724 3663 4798; baseline 0.003 -20"><span class='ocrx_word' id='word_1_735' title='bbox 2080 4724 2148 4779; x_wconf 89' lang='lat' dir='ltr'><strong>V.</strong></span> <span class='ocrx_word' id='word_1_736' title='bbox 2181 4726 2293 4781; x_wconf 88' lang='lat' dir='ltr'><strong>Eos</strong></span> <span class='ocrx_word' id='word_1_737' title='bbox 2324 4728 2519 4781; x_wconf 87' lang='lat' dir='ltr'><strong>autem</strong></span> <span class='ocrx_word' id='word_1_738' title='bbox 2564 4724 2889 4797; x_wconf 89' lang='lat' dir='ltr'><strong>episcopos,</strong></span> <span class='ocrx_word' id='word_1_739' title='bbox 2922 4742 3026 4781; x_wconf 91' lang='lat' dir='ltr'><strong>seu</strong></span> <span class='ocrx_word' id='word_1_740' title='bbox 3075 4725 3392 4798; x_wconf 88' lang='lat' dir='ltr'><strong>cujuslibet</strong></span> <span class='ocrx_word' id='word_1_741' title='bbox 3439 4726 3663 4783; x_wconf 87' lang='lat' dir='ltr'><strong>ordinis</strong></span> 
     </span>
    </p>
   </div>
   <div class='ocr_carea' id='block_1_110' title="bbox 2012 4811 3665 4886">
    <p class='ocr_par' dir='ltr' id='par_1_110' title="bbox 2012 4811 3665 4886">
     <span class='ocr_line' id='line_1_110' title="bbox 2012 4811 3665 4886; baseline 0.001 -17"><span class='ocrx_word' id='word_1_742' title='bbox 2012 4813 2271 4879; x_wconf 90' lang='lat' dir='ltr'><strong>clericos,</strong></span> <span class='ocrx_word' id='word_1_743' title='bbox 2303 4813 2405 4885; x_wconf 92' lang='lat' dir='ltr'><strong>qui</strong></span> <span class='ocrx_word' id='word_1_744' title='bbox 2438 4817 2571 4885; x_wconf 89' lang='lat' dir='ltr'><strong>post</strong></span> <span class='ocrx_word' id='word_1_745' title='bbox 2618 4811 2898 4883; x_wconf 89' lang='lat' dir='ltr'><strong>injustam</strong></span> <span class='ocrx_word' id='word_1_746' title='bbox 2929 4814 3312 4886; x_wconf 90' lang='lat' dir='ltr'><strong>dejectionem</strong></span> <span class='ocrx_word' id='word_1_747' title='bbox 3363 4815 3559 4873; x_wconf 88' lang='lat' dir='ltr'><strong>fratris</strong></span> <span class='ocrx_word' id='word_1_748' title='bbox 3605 4819 3665 4872; x_wconf 88' lang='lat' dir='ltr'><strong>et</strong></span> 
     </span>
    </p>
   </div>
   <div class='ocr_carea' id='block_1_111' title="bbox 2013 4901 3665 4978">
    <p class='ocr_par' dir='ltr' id='par_1_111' title="bbox 2013 4901 3665 4978">
     <span class='ocr_line' id='line_1_111' title="bbox 2013 4901 3665 4978; baseline 0.001 -20"><span class='ocrx_word' id='word_1_749' title='bbox 2013 4902 2338 4975; x_wconf 90' lang='lat' dir='ltr'><strong>coepiscopi</strong></span> <span class='ocrx_word' id='word_1_750' title='bbox 2373 4902 2555 4959; x_wconf 88' lang='lat' dir='ltr'><strong>nostri</strong></span> <span class='ocrx_word' id='word_1_751' title='bbox 2592 4901 2822 4974; x_wconf 85' lang='lat' dir='ltr'><strong>Ignatii,</strong></span> <span class='ocrx_word' id='word_1_752' title='bbox 2846 4901 2932 4957; x_wconf 92' lang='lat' dir='ltr'><strong>vel</strong></span> <span class='ocrx_word' id='word_1_753' title='bbox 2966 4902 3025 4958; x_wconf 92' lang='lat' dir='ltr'><strong>in</strong></span> <span class='ocrx_word' id='word_1_754' title='bbox 3055 4903 3258 4959; x_wconf 85' lang='lat' dir='ltr'><strong>exsilio</strong></span> <span class='ocrx_word' id='word_1_755' title='bbox 3292 4904 3552 4978; x_wconf 89' lang='lat' dir='ltr'><strong>relegati,</strong></span> <span class='ocrx_word' id='word_1_756' title='bbox 3576 4904 3665 4960; x_wconf 91' lang='lat' dir='ltr'><strong>vel</strong></span> 
     </span>
    </p>
   </div>
   <div class='ocr_carea' id='block_1_112' title="bbox 2014 4990 3666 5064">
    <p class='ocr_par' dir='ltr' id='par_1_112' title="bbox 2014 4990 3666 5064">
     <span class='ocr_line' id='line_1_112' title="bbox 2014 4990 3666 5064; baseline 0.001 -17"><span class='ocrx_word' id='word_1_757' title='bbox 2014 4990 2365 5060; x_wconf 87' lang='lat' dir='ltr'><strong>ministerio,</strong></span> <span class='ocrx_word' id='word_1_758' title='bbox 2384 4996 2486 5048; x_wconf 90' lang='lat' dir='ltr'><strong>aut</strong></span> <span class='ocrx_word' id='word_1_759' title='bbox 2513 4990 2695 5064; x_wconf 88' lang='lat' dir='ltr'><strong>gradu</strong></span> <span class='ocrx_word' id='word_1_760' title='bbox 2726 4990 3007 5047; x_wconf 89' lang='lat' dir='ltr'><strong>invidiose</strong></span> <span class='ocrx_word' id='word_1_761' title='bbox 3036 4992 3241 5064; x_wconf 87' lang='lat' dir='ltr'><strong>privati</strong></span> <span class='ocrx_word' id='word_1_762' title='bbox 3265 4997 3424 5061; x_wconf 89' lang='lat' dir='ltr'><strong>sunt,</strong></span> <span class='ocrx_word' id='word_1_763' title='bbox 3454 4993 3666 5050; x_wconf 88' lang='lat' dir='ltr'><strong>statui-</strong></span> 
     </span>
    </p>
   </div>
   <div class='ocr_carea' id='block_1_113' title="bbox 2016 5077 3667 5155">
    <p class='ocr_par' dir='ltr' id='par_1_113' title="bbox 2016 5077 3667 5155">
     <span class='ocr_line' id='line_1_113' title="bbox 2016 5077 3667 5155; baseline 0.001 -19"><span class='ocrx_word' id='word_1_764' title='bbox 2016 5098 2149 5137; x_wconf 91' lang='lat' dir='ltr'><strong>mus</strong></span> <span class='ocrx_word' id='word_1_765' title='bbox 2171 5086 2235 5136; x_wconf 86' lang='lat' dir='ltr'><strong>ul</strong></span> <span class='ocrx_word' id='word_1_766' title='bbox 2249 5079 2452 5135; x_wconf 84' lang='lat' dir='ltr'><strong>exsilio</strong></span> <span class='ocrx_word' id='word_1_767' title='bbox 2473 5077 2760 5136; x_wconf 81' lang='lat' dir='ltr'><strong>dissoluto</strong></span> <span class='ocrx_word' id='word_1_768' title='bbox 2782 5080 3046 5152; x_wconf 88' lang='lat' dir='ltr'><strong>proprias</strong></span> <span class='ocrx_word' id='word_1_769' title='bbox 3062 5082 3429 5155; x_wconf 87' lang='lat' dir='ltr'><strong>scdes,atque</strong></span> <span class='ocrx_word' id='word_1_770' title='bbox 3446 5083 3667 5155; x_wconf 84' lang='lat' dir='ltr'><strong>gradus</strong></span> 
     </span>
    </p>
   </div>
   <div class='ocr_carea' id='block_1_114' title="bbox 2015 5168 3667 5242">
    <p class='ocr_par' dir='ltr' id='par_1_114' title="bbox 2015 5168 3667 5242">
     <span class='ocr_line' id='line_1_114' title="bbox 2015 5168 3667 5242; baseline 0.001 -17"><span class='ocrx_word' id='word_1_771' title='bbox 2015 5169 2317 5241; x_wconf 90' lang='lat' dir='ltr'><strong>recipiant.</strong></span> <span class='ocrx_word' id='word_1_772' title='bbox 2353 5169 2513 5235; x_wconf 88' lang='lat' dir='ltr'><strong>Quod</strong></span> <span class='ocrx_word' id='word_1_773' title='bbox 2557 5168 2607 5223; x_wconf 91' lang='lat' dir='ltr'><strong>si</strong></span> <span class='ocrx_word' id='word_1_774' title='bbox 2641 5168 2954 5242; x_wconf 85' lang='lat' dir='ltr'><strong>quisquam</strong></span> <span class='ocrx_word' id='word_1_775' title='bbox 3012 5169 3149 5226; x_wconf 92' lang='lat' dir='ltr'><strong>huic</strong></span> <span class='ocrx_word' id='word_1_776' title='bbox 3179 5171 3411 5227; x_wconf 79' lang='lat' dir='ltr'><strong>decreto</strong></span> <span class='ocrx_word' id='word_1_777' title='bbox 3469 5174 3667 5226; x_wconf 92' lang='lat' dir='ltr'><strong>nostro</strong></span> 
     </span>
    </p>
   </div>
   <div class='ocr_carea' id='block_1_115' title="bbox 2015 5258 3671 5331">
    <p class='ocr_par' dir='ltr' id='par_1_115' title="bbox 2015 5258 3671 5331">
     <span class='ocr_line' id='line_1_115' title="bbox 2015 5258 3671 5331; baseline 0.001 -18"><span class='ocrx_word' id='word_1_778' title='bbox 2015 5259 2304 5313; x_wconf 89' lang='lat' dir='ltr'><strong>contraire</strong></span> <span class='ocrx_word' id='word_1_779' title='bbox 2335 5258 2794 5329; x_wconf 65' lang='lat' dir='ltr'><strong>praesumpserit,</strong></span> <span class='ocrx_word' id='word_1_780' title='bbox 2821 5262 2879 5313; x_wconf 91' lang='lat' dir='ltr'><strong>et</strong></span> <span class='ocrx_word' id='word_1_781' title='bbox 2910 5262 2974 5314; x_wconf 89' lang='lat' dir='ltr'><strong>ut</strong></span> <span class='ocrx_word' id='word_1_782' title='bbox 3004 5259 3191 5326; x_wconf 89' lang='lat' dir='ltr'><strong>sedes,</strong></span> <span class='ocrx_word' id='word_1_783' title='bbox 3213 5259 3300 5315; x_wconf 90' lang='lat' dir='ltr'><strong>vel</strong></span> <span class='ocrx_word' id='word_1_784' title='bbox 3332 5259 3550 5331; x_wconf 88' lang='lat' dir='ltr'><strong>gradus</strong></span> <span class='ocrx_word' id='word_1_785' title='bbox 3579 5275 3671 5314; x_wconf 91' lang='lat' dir='ltr'><strong>re-</strong></span> 
     </span>
    </p>
   </div>
   <div class='ocr_carea' id='block_1_116' title="bbox 2018 5345 3668 5420">
    <p class='ocr_par' dir='ltr' id='par_1_116' title="bbox 2018 5345 3668 5420">
     <span class='ocr_line' id='line_1_116' title="bbox 2018 5345 3668 5420; baseline -0.001 -17"><span class='ocrx_word' id='word_1_786' title='bbox 2018 5351 2257 5403; x_wconf 85' lang='lat' dir='ltr'><strong>sumant</strong></span> <span class='ocrx_word' id='word_1_787' title='bbox 2284 5345 2638 5417; x_wconf 87' lang='lat' dir='ltr'><strong>impedierit,</strong></span> <span class='ocrx_word' id='word_1_788' title='bbox 2672 5363 2980 5420; x_wconf 90' lang='lat' dir='ltr'><strong>quousque</strong></span> <span class='ocrx_word' id='word_1_789' title='bbox 3020 5365 3131 5403; x_wconf 92' lang='lat' dir='ltr'><strong>non</strong></span> <span class='ocrx_word' id='word_1_790' title='bbox 3165 5348 3668 5419; x_wconf 86' lang='lat' dir='ltr'><strong>obtemperaverit,</strong></span> 
     </span>
    </p>
   </div>
   <div class='ocr_carea' id='block_1_117' title="bbox 2018 5435 3673 5507">
    <p class='ocr_par' dir='ltr' id='par_1_117' title="bbox 2018 5435 3673 5507">
     <span class='ocr_line' id='line_1_117' title="bbox 2018 5435 3673 5507; baseline -0.001 -15"><span class='ocrx_word' id='word_1_791' title='bbox 2018 5437 2331 5492; x_wconf 87' lang='lat' dir='ltr'><strong>anathema</strong></span> <span class='ocrx_word' id='word_1_792' title='bbox 2354 5435 2606 5491; x_wconf 86' lang='lat' dir='ltr'><strong>sit.Sane</strong></span> <span class='ocrx_word' id='word_1_793' title='bbox 2629 5435 2677 5491; x_wconf 90' lang='lat' dir='ltr'><strong>si</strong></span> <span class='ocrx_word' id='word_1_794' title='bbox 2700 5436 2800 5507; x_wconf 91' lang='lat' dir='ltr'><strong>qui</strong></span> <span class='ocrx_word' id='word_1_795' title='bbox 2822 5453 2890 5492; x_wconf 88' lang='lat' dir='ltr'><strong>ex</strong></span> <span class='ocrx_word' id='word_1_796' title='bbox 2909 5438 2994 5493; x_wconf 91' lang='lat' dir='ltr'><strong>eis</strong></span> <span class='ocrx_word' id='word_1_797' title='bbox 3015 5439 3087 5494; x_wconf 89' lang='lat' dir='ltr'><strong>ab</strong></span> <span class='ocrx_word' id='word_1_798' title='bbox 3109 5436 3241 5493; x_wconf 90' lang='lat' dir='ltr'><strong>aliis</strong></span> <span class='ocrx_word' id='word_1_799' title='bbox 3261 5435 3673 5504; x_wconf 89' lang='lat' dir='ltr'><strong>criminantur,</strong></span> 
     </span>
    </p>
   </div>
   <div class='ocr_carea' id='block_1_118' title="bbox 2020 5523 3675 5599">
    <p class='ocr_par' dir='ltr' id='par_1_118' title="bbox 2020 5523 3675 5599">
     <span class='ocr_line' id='line_1_118' title="bbox 2020 5523 3675 5599; baseline 0.001 -19"><span class='ocrx_word' id='word_1_800' title='bbox 2020 5524 2389 5580; x_wconf 87' lang='lat' dir='ltr'><strong>decernimus</strong></span> <span class='ocrx_word' id='word_1_801' title='bbox 2412 5542 2511 5580; x_wconf 89' lang='lat' dir='ltr'><strong>eos</strong></span> <span class='ocrx_word' id='word_1_802' title='bbox 2535 5529 2705 5580; x_wconf 86' lang='lat' dir='ltr'><strong>antea</strong></span> <span class='ocrx_word' id='word_1_803' title='bbox 2726 5526 2894 5581; x_wconf 89' lang='lat' dir='ltr'><strong>sedes</strong></span> <span class='ocrx_word' id='word_1_804' title='bbox 2918 5525 3154 5598; x_wconf 89' lang='lat' dir='ltr'><strong>quidem</strong></span> <span class='ocrx_word' id='word_1_805' title='bbox 3180 5529 3238 5580; x_wconf 92' lang='lat' dir='ltr'><strong>et</strong></span> <span class='ocrx_word' id='word_1_806' title='bbox 3257 5523 3525 5597; x_wconf 90' lang='lat' dir='ltr'><strong>proprios</strong></span> <span class='ocrx_word' id='word_1_807' title='bbox 3547 5542 3675 5599; x_wconf 87' lang='lat' dir='ltr'><strong>gra-</strong></span> 
     </span>
    </p>
   </div>
   <div class='ocr_carea' id='block_1_119' title="bbox 2021 5613 3676 5685">
    <p class='ocr_par' dir='ltr' id='par_1_119' title="bbox 2021 5613 3676 5685">
     <span class='ocr_line' id='line_1_119' title="bbox 2021 5613 3676 5685; baseline 0 -14"><span class='ocrx_word' id='word_1_808' title='bbox 2021 5616 2132 5671; x_wconf 91' lang='lat' dir='ltr'><strong>dus</strong></span> <span class='ocrx_word' id='word_1_809' title='bbox 2182 5613 2455 5685; x_wconf 85' lang='lat' dir='ltr'><strong>recipere,</strong></span> <span class='ocrx_word' id='word_1_810' title='bbox 2478 5614 2733 5685; x_wconf 86' lang='lat' dir='ltr'><strong>judicari</strong></span> <span class='ocrx_word' id='word_1_811' title='bbox 2782 5619 2977 5671; x_wconf 85' lang='lat' dir='ltr'><strong>autem</strong></span> <span class='ocrx_word' id='word_1_812' title='bbox 3013 5613 3124 5669; x_wconf 88' lang='lat' dir='ltr'><strong>nisi</strong></span> <span class='ocrx_word' id='word_1_813' title='bbox 3156 5631 3190 5668; x_wconf 90' lang='lat' dir='ltr'><strong>a</strong></span> <span class='ocrx_word' id='word_1_814' title='bbox 3218 5614 3354 5670; x_wconf 86' lang='lat' dir='ltr'><strong>sede</strong></span> <span class='ocrx_word' id='word_1_815' title='bbox 3414 5614 3676 5673; x_wconf 84' lang='lat' dir='ltr'><strong>Romana</strong></span> 
     </span>
    </p>
   </div>
  </div>
