3992 6150
389 321 511 394 85.5

1755 330 2071 395 NICOLAI
2113 331 2343 395 ΡΑΡᾹΞ
2386 334 2433 395 l.

3631 342 3731 408 856

389 477 504 525 non
529 460 802 534 patimur.
825 462 935 520 Sed
963 462 1011 520 si
1038 481 1153 537 qua
1174 467 1378 537 praeter
1399 465 1661 539 regulam
1685 466 1829 523 forte
1848 466 2037 540 egisse
2065 467 2118 535 Α
2149 468 2491 542 praecipites.
2513 472 2901 538 Quamobrem
2948 437 3251 532 destinatis
3297 475 3354 533 in
3399 477 3608 535 diversa
3629 480 3737 537 loca

391 552 692 620 dicuntur,
716 557 914 608 nostro
954 570 1053 610 eos
1101 554 1331 610 decreto
1370 555 1724 626 judicandos
1756 558 2034 612 reservari

389 642 910 714 statuimus,juxta
934 643 1088 714 quod
1119 647 1174 698 et
1204 645 1354 699 sacri
1386 646 1732 718 praacipiunt
1760 663 2030 703 canones.

455 731 549 787 VI.
587 732 748 798 Quod
797 736 1022 803 oportet
1051 749 1158 789 nos
1190 735 1480 804 majorum
1533 739 1867 792 nostrorum
1917 741 2034 792 sta-

387 823 516 877 tuta
545 821 785 876 immoto
817 821 1028 877 mentis
1058 821 1276 878 intuitu
1300 829 1736 892 conservare,et
1763 825 1823 880 in
1855 825 2037 882 enmi-

385 910 498 966 bus
528 914 864 966 sanctorum
897 911 1133 966 Patrum
1180 929 1410 985 semper
1449 914 1722 986 dogmata
1752 917 2032 986 venerari,

386 998 507 1054 diﬂi
519 997 713 1054 nimus
735 998 804 1053 de
825 998 1010 1054 sacris
1030 1014 1086 1054 et
1101 1001 1446 1057 venerandis
1470 1002 1828 1076 imaginibus
1848 1006 2038 1061 Domi-

389 1087 450 1143 ni
470 1087 652 1142 nostri
677 1087 818 1143 Jesu
841 1087 1075 1156 Christi,
1091 1090 1335 1161 ejusque
1357 1108 1590 1164 semper
1604 1093 1859 1166 Virginis
1881 1095 2038 1167 geni-

387 1176 797 1242 tricisMarize,
831 1178 1094 1233 omnium
1135 1183 1491 1247 sanctorum,
1517 1182 1615 1252 qui
1648 1183 1761 1239 Deo
1792 1184 1864 1238 ab
1895 1184 2034 1240 Abel

381 1267 547 1338 justo
581 1265 870 1339 placuisse
912 1267 1248 1335 creduntur,
1275 1285 1422 1340 quos
1460 1270 1714 1327 Ecclesia
1743 1279 1947 1329 sancta
1975 1273 2035 1329 in

391 1355 660 1412 universo
691 1355 830 1411 orbe
882 1356 1097 1412 diffusa
1145 1357 1469 1429 antiquitus
1517 1361 1757 1432 accepit,
1792 1380 2036 1436 quisque

390 1445 547 1504 sedis
577 1444 906 1516 apostolicae
955 1446 1234 1517 praesules
1283 1465 1386 1519 pro
1425 1448 1509 1504 eis
1539 1450 1934 1519 decreverunt,
1970 1471 2036 1510 ac

391 1537 741 1600 statuerunt,
762 1532 986 1589 illibata
1011 1534 1341 1606 persistere,
1357 1541 1527 1609 atque
1549 1538 1894 1598 intemerata
1917 1560 2036 1598 ma-

390 1641 546 1680 nere.
574 1626 934 1694 Quapropter
975 1623 1261 1679 Joannem
1295 1627 1588 1697 quondam
1629 1629 2037 1688 Constantino-

388 1711 716 1784 politanum
746 1711 1064 1767 antistitem
1091 1712 1164 1785 (a)
1187 1717 1246 1767 et
1271 1731 1552 1786 sequaces
1582 1717 1908 1792 ipsius,qui
1938 1739 2036 1777 eas

2144 575 2277 613 cum
2311 560 2574 632 epistolis
2594 561 2674 630 (id
2707 567 2813 628 est,
2841 564 2937 620 ubi
2961 564 3121 621 solus
3145 565 3306 622 illum
3327 585 3516 623 rumor
3540 569 3737 628 latitare

2145 647 2480 718 fatebatur),
2535 650 2734 706 missis
2794 653 3032 720 nostris,
3081 654 3339 712 videlicet
3392 659 3739 718 sanctissimis

2143 737 2451 811 episcopis,
2486 745 2678 801 ratum
2711 759 2842 798 eum
2889 743 3166 800 duximus
3195 747 3503 802 convocari.
3533 749 3631 804 Sed
3661 750 3740 806 ille

2144 825 2402 884 diversas
2431 828 2683 885 latebras
2733 834 3091 904 penetrando
3119 838 3208 904 (ut
3237 839 3364 907 pote
3409 835 3555 892 filius
3584 838 3741 894 noctis

2145 919 2200 971 et
2228 917 2623 987 tenebrarum,
2651 921 2749 992 qui
2783 939 2957 994 opera
2988 921 3138 979 lucis
3159 927 3215 979 et
3243 925 3355 980 diei
3379 943 3594 998 semper
3620 928 3744 984 refu-

2144 1005 2329 1076 giens,
2365 1003 2604 1064 causam
2651 1027 2820 1066 suam
2853 1013 2924 1068 ad
2970 1013 3492 1071 manifestationem
3533 1017 3742 1086 justitie

2145 1093 2286 1150 solis
2318 1093 2526 1152 deduci
2557 1099 2852 1167 formidat)
2884 1118 3192 1174 quousque
3221 1101 3419 1172 valuit,
3453 1105 3607 1161 nobis
3633 1107 3744 1163 ebe-

2145 1183 2268 1240 dire
2299 1185 2584 1258 dexpexit.
2617 1191 2686 1244 At
2718 1189 2817 1244 ubi
2849 1207 2964 1246 non
2997 1193 3212 1264 reperit
3243 1197 3430 1249 tutum
3461 1211 3569 1249 sum
3595 1195 3744 1269 tergi-

2141 1274 2487 1331 versationis
2534 1276 2870 1347 latibulum,
2906 1281 3141 1337 tandem
3172 1282 3481 1354 aliquando
3535 1284 3744 1341 Romam

2143 1362 2332 1418 redire
2363 1381 2544 1421 ausus
2570 1371 2679 1422 est.

2215 1452 2444 1510 Etcum
2479 1472 2584 1510 nos
2626 1457 2778 1512 inter
2816 1459 3135 1515 furentium
3175 1462 3624 1518 adversariorum
3651 1462 3746 1518 lin-

2143 1557 2311 1613 guas,
2335 1545 2393 1598 et
2418 1561 2629 1600 manus
2650 1546 2805 1618 apud
2830 1547 3064 1604 beatum
3090 1550 3326 1606 Petrum
3349 1551 3651 1624 apostolum
3671 1552 3748 1606 de-

2143 1632 2581 1705 geremus,ipse
2627 1634 2957 1707 insperatus
3007 1655 3185 1711 super
3241 1657 3350 1696 nos
3403 1641 3598 1708 hostis,
3627 1641 3749 1698 inter

2143 1719 2344 1777 hostes
2375 1722 2620 1794 irrupit:
2646 1729 2722 1791 et,
2744 1729 2807 1782 ut
2849 1744 3004 1782 nunc
3037 1727 3235 1796 claret,
3260 1730 3467 1785 iterum
3491 1731 3745 1787 discessu-

387 1800 759 1872 frangendas,
780 1804 956 1872 atque
983 1800 1291 1858 calcandas
1330 1821 1458 1860 esse
1487 1822 1583 1863 ore
1623 1808 1842 1880 polluto
1874 1827 2036 1866 asse-
2069 1841 2116 1906 B
2147 1827 2246 1865 rus
2279 1810 2679 1868 fraudulenter
2707 1817 2981 1886 accessit;
3009 1835 3124 1890 quo
3154 1822 3351 1874 tamen
3382 1837 3624 1893 corpore,
3654 1837 3746 1893 non

386 1893 610 1959 verant,
637 1889 896 1961 quandiu
931 1890 1003 1944 de
1030 1889 1125 1946 his
1156 1892 1462 1949 nobiscum
1497 1913 1612 1952 non
1644 1899 1952 1967 senserint,
1977 1907 2035 1957 et

381 1981 554 2052 juxta
573 1983 907 2034 sanctorum
932 1980 1274 2051 pontiﬁcum
1297 1984 1688 2043 Romanorum
1716 1989 1964 2056 decreta,
1980 1997 2037 2047 et

388 2069 635 2125 aliorum
667 2068 1086 2125 catholicorum
1110 2071 1347 2128 Patrum
1381 2074 1650 2133 instituta
1683 2096 1796 2134 non
1829 2098 2034 2153 sapue-

388 2158 525 2225 rint,
563 2157 862 2214 sancimus
892 2176 991 2215 eos
1023 2176 1054 2214 a
1077 2159 1329 2227 Christo,
1360 2169 1418 2218 et
1449 2165 1520 2219 ab
1550 2167 1807 2225 Ecclesia
1835 2171 2032 2227 catho-

387 2247 500 2303 lica
531 2251 706 2319 atque
737 2247 1056 2321 apostolica
1073 2266 1201 2305 esse
1233 2251 1566 2310 anathema.

421 2354 681 2418 (Capitula
709 2367 828 2424 qua:
855 2355 1259 2424 subsequuntur
1287 2359 1340 2408 in
1376 2361 1475 2424 alia
1513 2363 1758 2424 primitus
1789 2380 1819 2414 a
1849 2367 2003 2416 nobis

699 2417 918 2467 collecta
947 2417 1152 2480 synodo
1180 2417 1525 2486 promulgata
1557 2429 1722 2489 sunt.)

1185 2535 1231 2595 Ι.

460 2621 600 2690 Quia
627 2622 889 2678 Dominus
917 2624 1070 2679 Jesus
1101 2625 1352 2683 Christus
1392 2646 1557 2687 carne
1593 2638 1963 2700 tantummodo

1048 2713 1243 2767 passus
1271 2709 1364 2755 est.

451 2799 750 2856 Veraciter
781 2801 1024 2874 quidem,
1057 2806 1414 2871 credendum
1445 2815 1556 2881 est,
1580 2818 1636 2868 et
1673 2816 2032 2877 omnimodis

382 2890 778 2960 profitendum
806 2908 818 2945 :
852 2890 990 2963 quia
1021 2893 1304 2952 Dominus
1337 2905 1536 2957 noster
1563 2903 1734 2960 Jesus
1765 2907 2031 2968 Christus

377 2981 552 3045 Deus,
578 2983 634 3034 et
663 2980 761 3035 Dei
797 2979 979 3038 Filius
1024 2985 1356 3061 passionem
1390 2991 1580 3046 crucis
1621 2997 2030 3068 tantummodo

381 3068 705 3124 secundum
738 3086 969 3125 carnem
1003 3073 1322 3140 sustinuit:
1349 3078 1562 3135 deitate
1593 3088 1784 3162 autem
1818 3087 2031 3163 impas-

381 3156 571 3213 sibilis
617 3158 855 3224 mansit,
888 3163 952 3214 ut
1009 3163 1330 3232 apostolica
1385 3168 1550 3224 docet
1607 3156 1941 3244 auctoritas,
1975 3184 2031 3236 et

381 3251 718 3302 sanctorum
752 3247 987 3304 Patrum
1028 3249 1395 3311 lucidissima
1424 3257 1688 3317 doctrina
1718 3268 1989 3324 ostendit.

576 3463 652 3518 De
678 3463 764 3518 his
794 3465 892 3534 qui
917 3463 1262 3522 divinitatem
1288 3473 1603 3541 passibilem
1630 3477 1834 3538 dicunt.

453 3567 520 3622 Hi
553 3572 748 3624 autem
779 3570 876 3640 qui
915 3570 1092 3659 aiunt
1135 3574 1275 3645 quia
1323 3577 1676 3654 Redemptor
1723 3594 1939 3659 noster,
1973 3599 2029 3649 et

377 3655 664 3712 Dominus
693 3658 864 3713 Jesus
897 3658 1163 3718 Christus
1198 3668 1345 3719 Deus
1376 3671 1433 3721 et
1463 3671 1559 3724 Dei
1595 3672 1772 3730 Filius
1804 3655 2025 3750 passio-

376 3760 513 3811 nem
543 3746 734 3800 crucis
766 3748 1088 3803 secundum
1113 3751 1390 3808 deitatem
1414 3759 1713 3828 sustinuit,
1747 3746 1900 3836 quod
1925 3770 2025 3826 im-

374 3830 538 3902 pium
587 3837 695 3896 est,
729 3837 785 3889 et
813 3834 1115 3893 catholicis
1147 3841 1442 3898 mentibus
1472 3830 1846 3919 exsecrabile,
1883 3875 2028 3915 ana-

379 3918 581 3975 thema
607 3919 747 3977 sint.

443 4007 627 4080 Igitur
656 4010 882 4068 rediens
915 4012 1288 4074 Rhadoaldus
1320 4038 1353 4076 a
1381 4022 1604 4093 Galliis,
1633 4029 1728 4084 ubi
1763 4049 1876 4088 non
1912 4037 2019 4091 mi-

371 4113 515 4153 nora
544 4115 720 4170 quam
765 4099 822 4154 in
855 4101 1495 4179 Constantinopolitana
1543 4116 1684 4172 urbe
1714 4136 2016 4194 perperam

370 4190 650 4258 gesserat,
675 4193 730 4243 et
760 4188 1043 4263 collegam
1076 4210 1250 4250 suum
1285 4198 1398 4254 tale
1431 4201 1566 4273 quid
1604 4188 1911 4276 pertulisse
1932 4230 2020 4269 co-

367 4278 833 4349 gnoscens,quin
863 4279 1058 4350 potius
1086 4286 1442 4344 conscientia
1482 4295 1713 4366 prepria
1742 4300 2014 4359 stimula-

367 4365 744 4460 tus,expavit.
763 4369 924 4432 Quod
952 4386 1055 4425 nos
1077 4370 1373 4433 intuentes
1399 4395 1470 4435 ne
1490 4365 1628 4452 quid
1655 4385 2014 4460 formidaret,

366 4450 532 4507 illum
557 4455 874 4512 admodum
895 4475 1102 4514 sumus
1120 4460 1357 4530 hortati,
1372 4450 1794 4544 subjungentes
1811 4450 2018 4538 dunta:

364 4543 462 4596 xat
509 4548 717 4613 praeter
745 4561 985 4602 examen
1019 4552 1222 4620 synodi
1257 4553 1400 4609 nihil
1445 4557 1501 4612 in
1552 4543 1716 4618 illum
1751 4583 1856 4622 nos
1887 4587 2014 4627 esse
2049 4586 2092 4649 ι)

366 4633 648 4720 moturos,
672 4633 770 4687 sed
818 4651 1004 4707 neque
1035 4642 1090 4692 et
1121 4639 1246 4696 sine
1278 4643 1450 4716 culpa
1481 4649 1724 4720 prolata,
1752 4654 1871 4711 fore
1901 4658 2012 4712 ali-

363 4716 503 4787 quid
535 4719 761 4776 adversi
792 4720 1043 4792 laturos;
1071 4729 1334 4801 sedquia
1363 4716 1512 4806 fugit
1542 4716 1757 4810 impius
1780 4747 2012 4804 nemine

362 4811 915 4877 persequente,dum
936 4812 1078 4870 nihil
1105 4817 1244 4873 mali
1269 4824 1325 4875 et
1343 4823 1771 4887 sufﬁcientibus
1795 4837 2009 4893 nostris

359 4893 650 4993 frueretur
679 4898 868 4967 bonis,
901 4907 1034 4958 ante
1066 4909 1301 4980 tempus
1332 4915 1556 4984 synodi,
1591 4924 1724 4974 ante
1755 4922 1846 4977 sui
1879 4941 2010 4996 pur-

357 4983 674 5055 gationem,
699 4988 1005 5048 ecclesiam
1046 4998 1102 5049 et
1146 4983 1478 5067 parochiam
1513 5009 1808 5080 propriam
1841 4983 2005 5069 dese-

357 5088 492 5129 rens
537 5074 607 5128 ad
660 5074 806 5133 alias
857 5079 1132 5139 dimceses
1171 5103 1412 5144 examen
1463 5074 1664 5166 utique
1713 5101 2006 5157 subterfu-

353 5159 564 5232 giendo
597 5179 659 5218 se
707 5167 972 5224 contulit.
1011 5171 1070 5226 ln
1119 5175 1335 5244 quibus
1366 5159 1587 5239 diutius
1619 5202 1684 5241 eo
1719 5196 2002 5258 morante,

355 5252 674 5322 apostolico
702 5257 1098 5315 moderamine
1123 5264 1270 5330 freti,
1297 5270 1655 5336 canonicam,
1682 5293 1855 5346 quam
1890 5252 2005 5336 me;

353 5339 592 5396 rebatur
615 5341 918 5414 ultionem,
937 5364 1115 5419 super
1136 5369 1270 5407 eum
1302 5353 1512 5414 inferre
1533 5339 1908 5422 distulimus:
1931 5387 2002 5425 ne

351 5425 617 5483 videlicet
665 5433 735 5486 ad
769 5434 1082 5493 vindictam
1117 5439 1333 5506 faciles,
1359 5444 1442 5501 vel
1494 5447 1828 5510 videremur
1874 5475 2000 5515 esse

423 5531 500 5600 (a)
533 5533 662 5589 Sivc
717 5537 1001 5597 Joannem

355 5598 538 5654 Hahn.

2145 1905 2338 1954 mente
2360 1917 2607 1969 reverso,
2632 1909 2687 1958 et
2710 1906 2912 1977 synodi
2943 1912 3200 1980 tempore
3227 1914 3462 1982 propter
3484 1909 3747 1965 imminen-

2144 1992 2232 2044 tes
2246 1988 2502 2046 hostium
2519 1994 2926 2064 oppressiones
2943 1995 3212 2066 dilato,ru
3222 2016 3386 2055 more
3396 1999 3748 2071 crebrescente

2145 2078 2499 2147 ditfamatur,
2522 2083 2675 2153 quod
2702 2083 3076 2142 Rhadoaldus
3097 2088 3291 2144 denuo
3314 2089 3508 2161 fugam
3536 2091 3748 2164 arripere

2145 2169 2544 2225 meditaretur.
2576 2172 2698 2235 Quo
2730 2174 2954 2241 audito,
2979 2176 3119 2252 quia
3155 2194 3273 2232 non
3317 2184 3633 2252 poteramus
3661 2180 3747 2236 sub

2145 2262 2264 2312 tam
2289 2258 2578 2316 horrendo
2600 2279 2758 2317 Πευγο
2775 2262 3091 2321 Ecclesiam
3115 2284 3227 2322 non
3253 2267 3558 2325 habentem
3580 2287 3745 2325 macu-

2144 2346 2261 2402 lam
2289 2348 2434 2415 [edit.
2458 2351 2609 2405 Rom.
2635 2352 2802 2408 addit.
2831 2357 2933 2408 aut
2953 2363 3200 2428 rugam],
3226 2364 3329 2414 aut
3351 2359 3558 2432 aliquid
3583 2360 3748 2432 hujus-

2145 2437 2323 2505 modi,
2348 2439 2631 2509 deserere,
2648 2443 2964 2512 quominus
2986 2443 3144 2501 illam
3175 2447 3355 2503 etiam
3379 2467 3411 2504 a
3431 2449 3569 2505 falsa
3589 2451 3748 2522 suspi-

2145 2525 2308 2581 cione
2339 2529 2717 2585 redderemus
2739 2536 3023 2588 extorrem
3051 2551 3062 2590 :
3089 2551 3193 2607 nec
3226 2543 3558 2609 poteramus
3587 2556 3748 2612 perso-

2144 2631 2280 2670 nam
2314 2615 2373 2670 in
2393 2618 2574 2673 tantis
2601 2620 3171 2690 praevaricationibus
3197 2626 3635 2697 diifama_tam,et
3653 2635 3748 2684 tam

2144 2706 2482 2776 [tantorum]
2504 2707 2789 2764 scelerum
2807 2727 2905 2766 ore
2926 2713 3099 2783 [forte,
3115 2711 3306 2784 sorde]
3333 2734 3635 2791 aspersam,
3649 2719 3750 2774 sine

2143 2794 2540 2852 satisfactione
2573 2797 2630 2852 in
2663 2801 3133 2859 communionem
3166 2811 3431 2862 nostram
3465 2809 3747 2872 admittere,

2141 2901 2336 2941 coram
2396 2886 2598 2943 multis
2653 2888 2932 2962 fratribus
2993 2897 3049 2947 et
3104 2894 3419 2969 episc0pis,
3479 2913 3750 2969 coramque

2142 2973 2411 3052 plurimis
2443 2975 2579 3031 filiis
2609 2983 2820 3033 sancta:
2860 2979 3039 3051 hujus
3070 2981 3342 3054 Ecclesiae
3375 2987 3748 3046 admonuimus

2140 3079 2296 3128 eum,
2322 3069 2611 3143 quatenus
2644 3065 2794 3122 sicut
2825 3068 2988 3140 prius
3029 3071 3250 3127 nullam
3302 3075 3360 3140 in
3413 3081 3621 3148 partem
3648 3075 3747 3133 sine

2140 3157 2340 3208 nostra
2367 3152 2602 3210 licentia
2633 3173 2666 3210 a
2699 3156 2958 3227 Romana
2978 3159 3307 3218 discederet
3330 3167 3497 3234 urbe;
3518 3165 3606 3222 sed
3628 3165 3677 3222 in
3695 3181 3752 3222 ea

2887 3224 2890 3227 _
3084 3215 3090 3216 ,
3151 3215 3745 3234 ,,_-_____-,_,-____--

2059 3215 2102 3281 θ’
2141 3242 2423 3318 residens,
2449 3243 2572 3299 sine
2601 3246 2810 3302 timore
2840 3248 2963 3320 suis
2996 3247 3236 3306 licenter
3267 3258 3461 3323 utens,
3483 3260 3535 3311 et
3563 3255 3745 3312 amicos

2138 3348 2204 3386 ac
2237 3331 2505 3389 homines
2554 3351 2702 3407 suos
2734 3335 2912 3393 libere
2944 3341 3276 3410 possidens,
3299 3346 3530 3417 tempus
3575 3343 3744 3417 synodi

2139 3437 2256 3493 qua
2277 3424 2616 3496 purgandus
2637 3428 2809 3493 esset,
2832 3425 3161 3500 intrepidus
3183 3438 3569 3505 exspectaret:
3588 3433 3745 3489 sciens

2137 3512 2393 3582 profecto
2445 3511 2588 3566 nihil
2628 3530 2688 3569 se
2734 3514 3020 3585 injustum
3081 3523 3349 3588 ante,vel
3409 3527 3553 3596 post,
3577 3525 3746 3596 praeter

2137 3617 2375 3655 examen
2409 3603 2752 3674 synodicum
2786 3603 2905 3672 fore
2941 3623 3280 3677 passurum,
3313 3613 3414 3673 sed
3448 3610 3742 3684 injustitia,

2137 3704 2314 3760 quam
2346 3689 2602 3757 haberet,
2638 3708 2766 3747 esse
2797 3710 3166 3753 mansurum.

2209 3777 2453 3848 Insuper
2482 3778 2656 3834 etiam
2691 3781 2880 3847 sciret,
2898 3783 2960 3852 si
2979 3801 3276 3858 quoquam
3313 3807 3348 3845 a
3374 3791 3621 3849 Romana
3645 3789 3744 3845 sine

2133 3864 2370 3920 licentia
2396 3871 2595 3923 nostra
2622 3867 2959 3926 discesserit
2991 3875 3131 3931 urbe
3155 3892 3167 3929 :
3194 3876 3336 3949 quia
3367 3897 3434 3935 ex
3462 3885 3591 3936 tunc
3620 3882 3745 3935 esset

2132 3953 2434 4026 depositus
2463 3960 2519 4011 et
2557 3961 3114 4024 excommunicatus.
3150 3964 3260 4020 Sed
3307 3969 3519 4041 spretis
3553 3966 3745 4026 satisfa-

2131 4041 2425 4099 ctionibus
2449 4046 2682 4118 nostris,
2699 4053 2873 4120 atque
2897 4053 3363 4118 sententiisinse
3384 4057 3632 4130 prolatis,
3651 4057 3756 4110 imo.

2130 4132 2343 4204 spretis
2370 4139 2706 4190 sanctorum
2743 4143 2973 4210 patrum
2999 4142 3538 4214 constitutionibus,
3561 4146 3671 4202 sine
3688 4143 3743 4198 li-

2129 4221 2319 4276 ccntia
2341 4230 2540 4279 nostra
2571 4227 2861 4298 propriam
2888 4227 3201 4294 Ecclesiam
3222 4233 3578 4312 despolians,
3599 4241 3646 4292 et
3670 4234 3742 4288 lu-

2127 4309 2284 4380 pinis
2329 4311 2601 4370 dentibus
2629 4331 2761 4371 oves
2794 4315 2902 4371 sibi
2939 4309 3496 4383 creditasdeserens
3526 4325 3592 4381 ad
3622 4321 3744 4378 alias

2128 4397 2424 4465 dimceses,
2454 4400 2859 4461 imminentem
2894 4409 3180 4480 synodum
3216 4411 3739 4486 fugiens,discessit.

2126 4488 2194 4542 Et
2210 4489 2350 4558 quia
2370 4488 2574 4557 hac,et
2590 4491 2702 4547 alia
2721 4493 2904 4549 multa
2919 4490 3147 4567 objecta
3166 4515 3280 4554 non
3302 4501 3740 4572 diluit,veraesse

2125 4592 2252 4647 quas
2277 4577 2345 4631 de
2368 4577 2464 4634 illo
2488 4580 2851 4650 dicebantur,
2874 4586 3062 4641 modis
3081 4587 3358 4654 omnibus
3379 4609 3609 4646 examen
3631 4589 3742 4646 sub-

2125 4665 2488 4737 terfugiendo
2517 4669 2786 4738 ﬁrmavit.
2804 4674 3184 4748 Quapropter,
3200 4685 3512 4738 convocata
3531 4677 3740 4736 sanctis-

2121 4752 2405 4809 simorum
2429 4756 2834 4830 episcoporum
2862 4779 3174 4827 numerosa
3195 4770 3251 4821 et
3272 4769 3578 4825 venerabili
3599 4768 3738 4837 syrio-

2119 4841 2192 4896 do
2225 4842 2283 4897 in
2318 4844 2587 4916 superius
2631 4856 2956 4906 memorata
2995 4853 3237 4910 ecclesia
3269 4856 3601 4923 Salvatoris,
3629 4872 3736 4930 qua:

2118 4930 2446 5002 appellatur
2465 4933 2946 4995 Constantiniana
2969 4958 2981 4997 :
3006 4945 3351 5010 auctoritate
3375 4947 3476 5003 Dei
3499 4947 3733 5018 omnipo-

2115 5019 2312 5086 tentis,
2330 5026 2386 5076 et
2408 5023 2709 5080 beatorum
2736 5026 2883 5092 Petri
2906 5047 2970 5084 ac
3000 5030 3163 5098 Pauli
3183 5035 3574 5108 apostolorum
3594 5034 3733 5107 prin-

2115 5107 2331 5179 cipum,
2351 5113 2407 5165 et
2433 5111 2694 5168 omnium
2727 5114 2903 5173 simul
2935 5107 3556 5196 sanctorum,quorum
3584 5139 3732 5196 regu-

2115 5195 2199 5251 las
2221 5202 2277 5252 et
2298 5199 2528 5255 decreta
2550 5202 2954 5276 multipliciter
2973 5208 3226 5278 violavit,
3244 5195 3464 5270 necnon
3497 5220 3550 5269 ct
3572 5195 3726 5268 nostri

2113 5288 2472 5358 apostolatus
2494 5291 2720 5361 judicio
2742 5295 3122 5369 deposuimus
3143 5317 3298 5376 eum,
3314 5307 3368 5359 et
3391 5321 3423 5359 a
3444 5318 3665 5376 corpore
3684 5303 3728 5353 et

2111 5377 2395 5449 sanguine
2409 5379 2621 5435 Christi
2639 5387 3624 5460 excommunicavimus,sanctorum
3643 5386 3731 5443 sci-

2109 5461 2242 5518 licet
2273 5470 2489 5522 statuta
2521 5469 2755 5526 Patrum
2794 5483 3125 5548 sequentes,
3159 5486 3215 5535 et
3250 5482 3534 5554 praecipue
3564 5475 3726 5534 sancti

1012 5585 1024 5610 ,
1088 5543 1184 5615 qni
1244 5555 1377 5618 post
1433 5555 1752 5615 Antonium
1814 5565 2049 5633 ponitur
2103 5585 2138 5625 a
2193 5569 2572 5630 Constantino
2633 5543 2984 5654 Porphyrog.
3031 5543 3131 5644 libr.
3174 5543 3268 5657 Ill:
3291 5543 3462 5655 n.2ti,
3496 5583 3723 5646 811.844-
