3992 6150
235 259 352 322 861

1452 251 1858 317 EPISTOL/E
1906 249 2000 312 ET
2044 247 2426 310 DECRETA.

3523 249 3640 312 862

234 396 379 450 sunt
407 389 686 448 Dominus
718 362 970 448 revelare
993 389 1282 464 dignetur.
1298 389 1541 447 Dabitur
1561 392 1756 445 autem
1779 384 1881 442 tibi
1913 383 1970 452 Α
1997 381 2168 441 nobis
2191 381 2506 439 mittuntur
2519 381 2733 439 mentis
2756 381 3191 451 intuitu,vester
3211 386 3500 462 benignus
3521 390 3642 448 haec

236 480 366 537 sine
384 479 747 536 dubitatione
768 480 839 535 ad
858 497 964 535 nos
985 479 1180 536 aditus
1199 479 1466 536 veniendi
1487 496 1498 534 :
1517 478 1670 550 quod
1702 481 1758 532 et
1781 493 1887 531 nos

235 569 556 642 apostolica
583 570 948 635 auctoritate,
980 572 1037 624 et
1066 570 1236 624 ﬁrma
1267 586 1515 625 censura
1545 566 1884 632 statuimus,

233 663 296 715 et
329 658 576 714 dilectus
622 658 778 714 ﬁlius
821 663 1019 713 noster
1067 658 1305 714 Carolus
1349 657 1888 713 Christianissimus

236 765 359 814 rex,
393 752 449 803 et
477 747 648 804 nobis
697 746 1133 814 devotissimus,
1166 747 1402 819 pariter,
1434 751 1491 802 et
1538 747 1889 801 llincmarus

235 837 418 891 frater
445 840 503 890 et
533 835 910 908 coepiscopus
942 839 1158 903 uester,
1193 836 1428 908 scriptis
1478 835 1567 892 sui
1617 833 1888 907 praesenti

231 928 498 997 tempore
539 929 594 986 te
638 925 710 980 ad
758 942 864 981 nos
914 925 1200 981 missuros
1259 926 1379 981 fore
1437 942 1518 993 se,
1553 923 1891 980 ﬁrmissime

236 1018 380 1070 sunt
411 1014 803 1086 omnibusque
837 1014 1026 1069 modis
1059 1013 1318 1086 polliciti.

950 1145 1192 1202 XLVIII.

623 1252 688 1291 AD
728 1251 995 1291 CAROLUM
1035 1252 1262 1291 CALVUM
1303 1252 1514 1291 REGEM.

883 1353 1068 1423 (Anno
1098 1351 1248 1422 863.)

232 1452 500 1508 Hortatur
531 1459 588 1506 ut
619 1450 857 1506 Rothado
887 1455 1116 1507 Romam
1163 1457 1387 1506 venturo
1438 1451 1652 1506 itineris
1692 1451 1892 1505 solatia

903 1523 1220 1593 prospiciat.

303 1639 590 1694 NICOLAUS
621 1638 952 1710 episcopus,
983 1654 1185 1693 servus
1217 1653 1517 1692 servorum
1551 1636 1892 1704 Dei,dilecto

233 1727 354 1784 ﬁlio
385 1727 614 1783 Caaow
645 1725 899 1800 glorioso
930 1726 1073 1799 regi.

303 1818 452 1872 Cum
482 1833 585 1872 vos
615 1819 788 1872 tantas
819 1813 1174 1870 humilitatis
1226 1818 1518 1887 tantaeque
1568 1815 1891 1872 devotionis

231 1905 658 1969 incurvatione,
683 1904 792 1959 sub
811 1903 1031 1976 potenti
1059 1920 1236 1958 manu
1271 1903 1368 1958 Dei
1412 1905 1483 1958 ad
1509 1905 1889 1960 reverentiam

231 1994 663 2066 praecipuorum
685 1992 872 2066 ipsius
887 1991 1283 2065 apostolorum
1301 1991 1450 2048 flecti
1469 1993 1886 2065 conspicimus,

231 2082 547 2154 impletum
574 2082 840 2138 videmus
873 2082 1028 2153 quod
1077 2087 1316 2137 sanctus
1366 2081 1474 2137 Job
1525 2083 1594 2137 de
1651 2082 1889 2139 Domino

232 2170 499 2243 loquitur
527 2171 728 2227 dicens
759 2171 906 2226 :Sub
937 2187 1042 2243 quo
1069 2179 1370 2226 curvantur
1395 2173 1492 2243 qui
1535 2180 1757 2242 portant
1795 2190 1888 2227 or-

233 2263 358 2316 bem
389 2260 526 2327 (Job.
558 2261 655 2329 1x).
683 2260 806 2315 Nisi
838 2260 996 2316 enim
1028 2277 1150 2327 vos,
1186 2259 1287 2331 qui
1319 2259 1378 2314 in
1411 2260 1586 2333 regali
1619 2261 1890 2316 sublimi-

235 2353 357 2404 tate
407 2347 582 2420 positi
629 2347 791 2413 estis,
823 2352 1107 2420 tanquam
1155 2348 1466 2420 cujusdam
1515 2349 1770 2420 ingentis
1818 2350 1893 2404 fa-

232 2437 415 2492 brica:
445 2437 637 2500 bases,
668 2441 859 2492 vestro
890 2437 1102 2492 sudore
1135 2437 1422 2492 mundum
1456 2437 1888 2510 quodammodo

232 2525 609 2598 portassetis,
643 2541 1017 2597 nequaquam
1073 2529 1268 2581 Graeco
1328 2543 1596 2582 sermone
1654 2536 1890 2599 βασ.λέων

231 2613 524 2670 vocabula
552 2613 928 2670 sortiremini.
963 2615 1328 2686 Rursusque,
1358 2615 1469 2671 nisi
1501 2620 1665 2670 tanta
1697 2633 1891 2673 coram

234 2720 480 2760 summo
509 2704 620 2759 Deo
651 2720 752 2758 vos
783 2702 1188 2758 humiliatione
1217 2703 1653 2772 incurvassetis,
1681 2722 1893 2778 nequa-

232 2809 420 2864 quam
463 2792 652 2859 nobis,
676 2791 812 2847 licet
841 2792 1098 2865 indignis
1146 2792 1326 2848 servis
1370 2794 1519 2864 ejus,
1551 2793 1892 2850 obedientiaa

231 2880 392 2937 colla
423 2883 584 2936 tanta
617 2879 894 2936 facilitate
926 2881 1370 2937 submitteretis.
1392 2883 1676 2954 Operatur
1695 2887 1888 2940 autem

230 2970 396 3026 idem
431 2970 553 3040 ipse
585 2970 741 3025 Deus
775 2971 834 3024 in
860 2969 1022 3025 vobis
1055 2970 1185 3036 hoc,
1216 2969 1315 3042 qui
1349 2971 1758 3028 etlaudandus
1806 2979 1894 3029 est

229 3063 477 3132 propter
498 3059 626 3130 hoc,
649 3059 870 3131 quique
893 3059 1153 3131 przevidit
1175 3077 1294 3126 vos,
1319 3064 1374 3114 et
1395 3061 1466 3115 ad
1503 3061 1662 3133 regni
1687 3063 1894 3136 guber—

230 3130 455 3204 nacula
499 3130 830 3214 destinavit,
865 3165 980 3215 quo
1030 3152 1264 3204 auctore
1305 3150 1468 3205 vobis
1519 3149 1709 3206 felicia
1753 3151 1893 3207 arri-
1921 3130 1964 3196 (ἶ

229 3238 482 3302 dent,ut
511 3237 828 3303 cernimus,
851 3241 1136 3308 tempora,
1169 3244 1224 3292 et
1256 3239 1550 3310 prosperis
1590 3257 1889 3312 prospera,

229 3331 296 3381 ut
329 3325 691 3391 audivimus,
726 3327 1064 3381 succedunt.
1100 3328 1462 3398 Quapropter
1491 3329 1620 3399 ejus
1665 3329 1892 3385 miseri-

228 3415 498 3472 cordiam
531 3414 949 3488 gloriﬁcamus,
974 3419 1030 3470 et
1060 3415 1201 3486 quia
1232 3415 1573 3487 ignoramus
1623 3434 1738 3488 quo
1772 3418 1894 3474 haec

228 3504 285 3559 in
347 3503 517 3558 vobis
557 3503 785 3574 judicia
834 3503 1114 3560 divinitus
1159 3509 1484 3575 patrantur,
1519 3505 1891 3562 dilectionem

224 3595 493 3648 vestram
550 3591 977 3648 instantissime
1035 3592 1436 3660 adhortamur,
1479 3599 1545 3649 ut
1602 3612 1891 3652 memores

228 3680 575 3754 fragilitatis
630 3681 902 3736 humana:
953 3681 1116 3737 nulla
1161 3699 1263 3737 vos
1309 3684 1615 3739 commoda
1644 3685 1891 3753 elevent,

229 3769 402 3826 nulla
425 3769 684 3825 secunda
713 3769 1037 3827 dissolvant
1062 3787 1074 3824 :
1101 3771 1200 3826 sed
1233 3787 1464 3843 semper
1483 3773 1554 3827 ad
1586 3774 1894 3846 vosmetip-

229 3876 329 3914 sos
355 3857 659 3925 recurrite,
693 3863 751 3914 et
780 3859 918 3931 quia
947 3859 1091 3914 nihil
1122 3863 1210 3915 est
1243 3859 1299 3914 in
1343 3860 1579 3916 homine
1629 3863 1780 3917 unde
1831 3879 1893 3918 se

225 3946 432 4004 extolli
454 3947 682 4014 debeat,
716 3947 923 4003 sedula
951 3948 1417 4005 consideratione
1448 3950 1804 4022 perpendite.
1830 3951 1890 4007 Si

226 4053 349 4108 qua
381 4051 521 4108 ergo
554 4035 781 4092 caelitus
812 4035 1156 4093 tribuuntur
1188 4039 1259 4093 ad
1307 4043 1528 4105 votum,
1555 4037 1888 4110 largitorem

227 4129 370 4180 ante
403 4123 602 4180 oculos
631 4129 824 4180 vestra
872 4142 1139 4182 revocare
1187 4126 1423 4182 solertia
1467 4144 1580 4182 non
1631 4127 1890 4200 omittat,

228 4231 337 4270 nec
371 4213 433 4268 in
483 4212 574 4268 his
620 4231 747 4285 quae
797 4214 1199 4286 temporalitcr
1246 4216 1646 4270 conceduntur
1696 4216 1888 4284 bonis,

227 4302 556 4359 consistere
578 4303 753 4359 ﬁnem
786 4302 1210 4372 existimet,nec
1232 4303 1344 4360 cito
1377 4305 1586 4360 deﬁuis
1607 4304 1892 4362 delectata

226 4391 635 4458 felicitatibus,
659 4391 934 4464 perennis
967 4390 1348 4448 beatitudinis
1377 4393 1591 4465 gaudia
1621 4399 1890 4465 appetere

1923 1760 1970 1825 B

1998 478 2294 547 gratanter
2322 472 2606 545 suscipiat
2635 473 2889 530 animus.
2924 475 3207 531 Caeterum
3259 479 3330 532 de
3382 479 3642 538 Rhotado

1997 562 2310 618 venerabili
2338 561 2630 634 episcopo,
2650 563 2718 618 de
2742 581 2855 636 quo
2880 565 3229 636 apostolatui
3254 572 3452 624 nostro
3475 571 3643 626 omit-

1995 652 2237 707 tendum
2271 668 2385 706 non
2418 657 2525 719 est,
2558 651 2770 707 iterum
2803 651 3132 726 iterumque
3163 656 3558 729 suggerimus,
3583 665 3648 714 ut

1997 740 2155 796 omni
2189 741 2374 796 desita
2404 741 2816 808 amaritudine,
2851 758 3027 814 quam
3079 744 3232 799 circa
3277 745 3443 801 illum
3478 747 3644 804 celsi-

1996 828 2221 884 tudinis
2245 834 2444 886 vestrze
2470 830 2678 886 retinet
2698 830 3043 904 indignatio,
3061 850 3163 906 pro
3196 851 3391 891 amore
3414 842 3646 908 aposto-

1998 918 2188 974 lorum
2221 917 2523 991 principis,
2546 919 2616 974 ad
2662 921 2832 991 cujus
2865 919 3082 992 sedem,
3119 923 3259 977 dum
3314 925 3649 982 anxiaretur

1999 1025 2098 1064 cor
2154 1009 2304 1078 ejus,
2339 1006 2632 1077 clamavit,
2664 1009 2914 1081 gratiam
2968 1009 3051 1064 illi
3105 1009 3559 1084 impartiamini;
3593 1019 3650 1070 et

2001 1095 2343 1170 placabilem
2377 1113 2514 1169 erga
2545 1113 2677 1152 eum
2721 1098 2906 1170 pietas
2952 1103 3164 1167 vestra,
3195 1106 3540 1174 gratamque
3588 1104 3647 1158 in

2000 1185 2276 1242 omnibus
2319 1203 2380 1242 se
2423 1203 2665 1258 prorsus
2695 1186 2979 1253 exhibeat,
3015 1187 3098 1243 ita
3125 1194 3189 1244 ut
3217 1207 3351 1245 cum
3404 1192 3648 1248 Romam

2001 1276 2370 1348 proiecturus
2401 1275 2530 1342 erit,
2563 1280 2757 1331 vestra
2805 1275 2887 1331 illi
2939 1277 3294 1334 sufﬁcientia
3337 1279 3394 1334 in
3440 1281 3651 1339 itinere

2001 1381 2117 1419 non
2149 1364 2344 1419 desint
2375 1363 2583 1420 solatia
2615 1382 2627 1419 :
2657 1366 2757 1420 sed
2810 1366 3006 1436 potius
3052 1367 3259 1424 vestris
3309 1369 3514 1426 saltem
3547 1389 3649 1444 pro

2003 1452 2170 1508 nobis
2204 1451 2425 1508 ditatus
2457 1453 2862 1518 hencﬁciis,ac
2895 1453 3078 1511 fultus
3101 1457 3479 1524 subsidiis,ad
3503 1476 3652 1532 ccep-

2001 1545 2124 1596 tum
2151 1541 2477 1615 pertingere
2511 1546 2687 1614 queat
2706 1542 2830 1598 sine
2853 1543 3051 1616 aliqua
3083 1543 3427 1602 difﬁcultate
3449 1565 3652 1620 propo-

2003 1629 2203 1685 situm.
2237 1631 2411 1687 Porro
2444 1631 2513 1687 de
2547 1631 2639 1686 his
2671 1649 2774 1704 pro
2806 1631 3023 1705 quibus
3073 1635 3465 1706 apostolatum
3517 1655 3652 1693 nos-

2002 1725 2159 1775 trum
2190 1719 2496 1776 consulere
2528 1720 2734 1776 merito
2767 1723 3129 1790 decrevistis,
3163 1723 3327 1780 fratri
3357 1731 3415 1781 et
3462 1727 3652 1800 coepi-

2000 1826 2174 1883 scopo
2206 1813 2407 1865 nostro
2440 1809 2774 1876 Hincmaro,
2807 1812 2960 1883 quod
2997 1811 3166 1868 nobis
3198 1812 3495 1873 tolerabile
3527 1833 3655 1872 esse

1998 1898 2246 1966 videtur,
2282 1898 2732 1953 custodiendum
2766 1916 2831 1955 ac
2871 1900 3304 1957 decernendum
3355 1904 3652 1962 mandavi-

2000 2004 2152 2042 mus.
2180 1987 2460 2042 Prreterea
2492 1987 2769 2044 nolumus
2797 1989 3063 2061 ignorare
3091 1995 3341 2047 vestram
3376 1994 3656 2065 sagacita-

1998 2080 2116 2130 tem
2147 2075 2301 2147 quod
2333 2075 2463 2131 licet
2493 2093 2725 2149 semper
2755 2078 3126 2134 dilexerimus
3174 2097 3296 2145 vos,
3333 2081 3652 2153 plurimum

1997 2170 2192 2221 tamen
2227 2166 2445 2222 amoris
2466 2166 2622 2222 cordi
2649 2171 2845 2223 nostro
2869 2169 3244 2240 praesentium
3266 2170 3481 2226 latores
3503 2172 3654 2228 inse-

2001 2259 2262 2321 ruerunt,
2298 2255 2398 2326 qui
2439 2254 2662 2310 sedulis
2695 2257 3199 2328 persecutionibus
3230 2259 3354 2315 suis
3385 2264 3505 2315 tam
3541 2260 3651 2315 mi-

2001 2343 2185 2398 randa
2214 2344 2283 2398 de
2313 2343 2478 2399 vobis
2511 2345 2728 2400 nostris
2779 2346 3022 2402 auribus
3070 2347 3454 2403 inculcarunt.
3497 2350 3654 2406 Unde

2000 2437 2056 2487 et
2104 2431 2563 2504 omnipotentem
2613 2434 2797 2489 Deum
2848 2434 3055 2491 merito
3106 2435 3440 2504 laudamus,
3473 2442 3530 2493 et
3580 2439 3652 2494 ad

2001 2519 2328 2576 dilectionis
2357 2527 2563 2577 vestrae
2596 2523 2864 2580 ardorem
2904 2525 3092 2598 magis
3123 2543 3188 2581 ac
3219 2527 3409 2600 magis
3441 2543 3540 2583 cor
3561 2545 3657 2583 no-

2001 2613 2188 2664 strum
2211 2615 2634 2676 consequenter
2650 2613 3085 2670 succendimus.
3111 2613 3392 2686 Optamus
3408 2615 3652 2690 gloriam

1999 2703 2253 2753 vestram
2285 2698 2342 2754 in
2377 2699 2607 2756 Christo
2639 2701 2784 2756 bene
2811 2701 3018 2758 valere.

2733 2825 2920 2880 XLIX.

2384 2930 2456 2968 AD
2498 2930 2958 2970 HERMINTRUDEM
2999 2932 3276 2971 REGINAM.

2645 3003 2834 3073 (Anno
2863 3004 2967 3057 863
2996 3005 3011 3073 )

2002 3092 2302 3174 Respondet
2355 3108 2411 3175 se
2464 3108 2686 3146 causam
2741 3091 3162 3175 ltotliadihquod
3211 3095 3310 3149 illa
3361 3096 3650 3175 inﬂaret:

2073 3165 2216 3231 regis
2261 3164 2500 3230 gratiam
2545 3163 2882 3234 suggerebat,
2926 3163 3285 3220 indiscussam
3342 3167 3653 3240 relinquere

2071 3251 2179 3288 non
2206 3250 2378 3306 posse.

2619 3323 2852 3394 [Mansi,
2886 3324 3043 3395 ibid.]

2071 3411 2358 3466 NICOLAUS
2380 3411 2919 3484 episcOpus,servus
2943 3429 3241 3469 servorum
3259 3415 3375 3483 Dei,
3395 3416 3650 3472 Haemu-

1999 3517 2164 3556 TRUDI
2197 3499 2461 3572 gloriosae
2494 3501 2722 3572 reginas.

2073 3589 2321 3645 Litteras
2347 3589 2675 3646 dilectionis
2692 3591 3043 3658 vestrae,ﬁlia
3061 3591 3502 3660 charissima,ut
3523 3612 3653 3652 nos-

2001 3683 2158 3733 trum
2176 3695 2369 3752 regem
2384 3679 2873 3747 Carolum,virum
2887 3685 3439 3749 vestrum,nostrum
3455 3689 3649 3740 autem

2001 3765 2278 3822 dilectum
2309 3768 2593 3836 ﬁlium,in
2626 3785 2803 3824 causa
2829 3769 3076 3825 Rothadi
3101 3770 3352 3844 episcopi
3385 3775 3650 3830 exaudia-

2001 3872 2155 3924 mus,
2177 3875 2281 3913 nos
2314 3857 2780 3922 hortantes,ecce
2804 3876 2959 3915 nunc
2977 3860 3234 3916 secundo
3258 3861 3646 3934 suscepimus.

2001 3947 2107 4000 Pro
2122 3963 2238 4018 qua
2251 3946 2480 4012 re,mihi
2497 3946 2946 4013 crede,multum
2960 3949 3650 4023 anxiamurmultumque

2002 4035 2260 4106 undique
2293 4040 2659 4090 coarctamur
2691 4054 2704 4091 :
2739 4037 3015 4107 quoniam
3052 4054 3155 4092 nec
3191 4055 3296 4092 nos
3331 4056 3649 4110 possumus

1998 4124 2258 4190 vobis,ut
2288 4124 2593 4180 nobiscum
2618 4125 2686 4180 de
2707 4124 2805 4180 illo
2830 4142 3012 4179 unum
3040 4126 3400 4194 sentiatis,id
3425 4127 3651 4199 ipsum-

2001 4228 2113 4283 que
2143 4211 2351 4280 velitis,
2386 4213 2668 4268 suadere:
2705 4229 2809 4268 nec
2841 4231 3077 4269 rursum
3128 4231 3305 4270 causa
3357 4214 3490 4270 talis
3539 4220 3648 4285 est,

2001 4301 2154 4374 quod
2187 4300 2312 4356 sine
2344 4301 2665 4356 offensione
2716 4302 2814 4356 Dei
2849 4319 2955 4358 nos
2985 4301 3286 4358 valeamus
3337 4308 3653 4376 utrumque

2000 4395 2366 4463 postponere.
2399 4390 2636 4457 Verum,
2675 4389 2814 4457 ﬁlia,
2844 4395 2908 4446 ut
2957 4409 3091 4446 cum
3130 4391 3413 4448 charitate
3460 4397 3654 4449 vestra

227 4480 490 4536 desinat.
529 4479 810 4552 Prospera
838 4497 972 4536 vero
999 4481 1203 4535 mundi
1235 4480 1463 4536 occasio
1494 4481 1658 4537 vobis
1689 4483 1766 4538 sit
1788 4500 1893 4538 cm-
1921 4501 1969 4565 Β
2000 4479 2272 4548 dicam,si
2295 4483 2558 4551 oporteat
2587 4480 2822 4536 obedire
2848 4481 2962 4536 Deo
2985 4481 3172 4554 magis
3205 4498 3380 4553 quam
3405 4480 3654 4536 homini-

226 4568 405 4626 lestia
435 4568 675 4642 praamia
704 4569 1060 4641 requirendi,
1095 4570 1444 4626 non.tomes
1487 4571 1557 4626 ad
1609 4571 1729 4627 ima
1770 4577 1891 4628 ten-

227 4658 434 4714 dendi.
485 4657 631 4714 Hinc
679 4658 950 4731 egregius
1007 4659 1320 4731 Apostolus
1379 4659 1702 4717 admonens
1736 4678 1748 4716 :
1781 4664 1893 4732 Qui

226 4754 489 4810 utuntur,
538 4745 750 4817 inquit,
791 4747 889 4801 hoc
934 4748 1158 4817 mundo,
1191 4757 1456 4819 tanquam
1501 4766 1606 4804 non
1666 4757 1894 4805 utantur

229 4837 280 4904 (Ι
301 4836 426 4891 Cor.
441 4836 566 4904 vn).
589 4835 754 4892 Tunc
782 4835 939 4892 enim
970 4853 1070 4892 vos
1101 4837 1504 4893 indubitanter
1522 4839 1593 4893 ad
1618 4845 1890 4894 aeternam

225 4923 484 4996 gloriam
515 4923 845 4996 pertingere
877 4942 1048 4997 posse
1088 4927 1471 4991 conﬁdemus,
1506 4927 1553 4982 si
1604 4927 1662 4982 in
1713 4927 1891 4999 hujus

224 5013 363 5067 vitae
394 5011 584 5084 gloria
612 5013 835 5084 positos
853 5030 954 5069 vos
976 5014 1365 5071 humilitatem
1391 5016 1598 5072 sectari
1618 5017 1893 5072 veraciter

227 5100 618 5157 senserimus.
644 5101 938 5173 Scriptum
973 5103 1190 5176 quippe
1221 5109 1310 5161 est
1344 5122 1356 5159 :
1390 5107 1637 5161 Gloriam
1679 5121 1888 5177 praece-

224 5191 312 5245 dit
373 5191 665 5246 humilitas
725 5191 906 5262 (Prov.
942 5193 1032 5265 xv)
1068 5210 1081 5248 ε
1117 5211 1147 5249 e
1197 5194 1485 5250 contrario
1542 5211 1673 5250 vero
1708 5211 1720 5249 :
1755 5196 1890 5250 Ante

226 5281 462 5334 ruinam
504 5279 788 5335 exaltatur
833 5297 926 5337 eor
954 5284 1138 5351 (Prov.
1173 5287 1310 5351 xvx).
1345 5283 1454 5339 Sed
1507 5282 1627 5338 haec
1681 5301 1785 5339 nos
1817 5285 1887 5338 ad

223 5367 678 5424 aediﬁcationem
727 5369 1108 5426 sublimitatis
1152 5376 1358 5428 vestrm
1410 5389 1586 5444 quam
1647 5377 1888 5445 paterno

225 5457 644 5512 incunctanter
691 5458 901 5514 affectu
963 5457 1290 5533 diligimus,
1350 5460 1566 5516 cursim
1624 5461 1891 5533 tetigisse

222 5550 425 5602 vestra
473 5543 724 5604 libenter
769 5547 1165 5620 tranquillitas
1215 5550 1455 5616 noverit,
1487 5554 1542 5608 et
1588 5568 1652 5607 eo
1694 5569 1809 5622 quo
1857 5570 1891 5608 a

2003 4568 2278 4642 bus,ipsa
2310 4568 2504 4640 potius
2529 4569 2749 4640 judica.
2771 4569 2886 4625 Nos
2917 4575 3112 4626 autem
3139 4587 3377 4626 causam
3403 4570 3651 4627 Rothadi

2001 4657 2060 4712 in
2083 4657 2291 4713 virtute
2309 4657 2402 4713 Dei
2419 4675 2530 4712 non
2549 4658 2856 4730 patiemur,
2881 4657 3000 4712 vita
3011 4659 3241 4724 comite,
3256 4657 3650 4715 indiscussam

2003 4746 2273 4818 relinqui,
2306 4752 2694 4818 praterquam
2736 4747 2786 4802 si
2817 4751 2949 4802 ante
2993 4746 3146 4803 idem
3175 4748 3524 4805 venerabilis
3566 4749 3653 4804 vir

2002 4835 2247 4908 pristino
2300 4836 2470 4890 luerit
2501 4835 2706 4891 honori
2753 4853 2818 4891 ac
2845 4835 3115 4908 dignitati
3155 4836 3440 4904 redditus,
3471 4855 3646 4910 quam

2002 4941 2197 4980 coram
2226 4929 2424 4980 nostra
2454 4923 2692 4997 speciali
2725 4925 3452 4997 praesentia,discernenda
3472 4943 3650 4983 causa

2002 5014 2191 5086 ipsius
2221 5014 2505 5070 exstiterit
2534 5015 3325 5089 prasentata.Quis,rogo,in
3361 5020 3478 5073 toto
3511 5017 3647 5072 orbe

1999 5103 2158 5175 regni
2193 5103 2368 5158 vestri
2400 5101 2596 5171 lassus,
2629 5103 3364 5172 autlzedendus,clamaret
3387 5123 3644 5178 unquam

1998 5193 2069 5247 ad
2094 5190 2514 5248 sublimitatem
2538 5194 2990 5264 vestram,cujus
3010 5211 3319 5250 vosvocem
3344 5198 3648 5266 postpone-

1998 5281 2230 5348 retis,et
2263 5298 2378 5336 non
2410 5281 2598 5354 magis
2632 5281 2847 5338 ultione
2880 5283 3146 5339 districta
3185 5283 3372 5355 ipsius
3400 5279 3645 5351 injurias

1997 5369 2407 5426 vindicaretis?
2427 5375 2483 5425 et
2515 5387 2620 5426 nos
2653 5388 2769 5442 quo
2797 5373 2970 5428 modo
2994 5372 3212 5428 hortari
3249 5368 3546 5435 videmini,
3580 5374 3646 5425 ut

1998 5476 2193 5516 vocem
2218 5459 2730 5533 sanguinisl‘ratris
2753 5462 2932 5518 nostri
2960 5479 3072 5517 non
3095 5459 3514 5516 exaudiamus?
3531 5464 3646 5515 Ant

1999 5549 2290 5622 quomodo
2306 5549 2711 5606 obturabimus
2733 5568 2907 5607 aures
2931 5552 3000 5605 ad
3024 5549 3307 5606 clamores
3325 5545 3643 5618 illius,cum
