3992 6150
226 393 337 452 8'13

1439 394 1841 455 EPISTOLJE
1881 395 1982 456 ΕΤ
2028 395 2388 458 DECRETA
2402 441 2417 458 .

3505 405 3624 466 874

222 525 448 592 veritas,
481 525 756 598 quisquis
804 543 906 598 pro
937 528 1175 582 veritate
1238 527 1429 599 palam
1489 544 1605 582 non
1664 532 1866 594 certat,
1897 530 1953 597 Α
1981 546 2137 585 nunc
2171 529 2444 586 audimus
2477 531 2868 587 Guntharium
2900 532 3277 589 interdictum
3309 533 3417 589 sibi
3453 535 3625 591 mini-

224 615 516 670 Christum
548 631 742 678 coram
788 615 1126 672 hominibus
1159 617 1358 688 procul
1388 618 1567 672 dubio
1597 618 1867 689 abnegat.

293 703 334 758 Ι.
360 704 416 758 Si
442 702 711 760 voluntas
732 705 861 775 ejus
885 721 989 760 nec
1011 709 1154 777 erat,
1179 722 1282 761 nec
1306 710 1414 774 est,
1439 723 1539 761 nec
1560 706 1671 761 erit
1691 706 1750 760 in
1775 705 1873 762 illa

218 791 437 864 injuste
457 792 686 864 copula,
711 793 827 848 Deo
860 792 1078 864 gratias
1112 794 1514 866 agimus,quia
1542 793 1706 849 valde
1739 793 1870 849 dili-

217 881 412 954 gimus
452 881 731 937 illum.Et
779 882 997 938 idcirco
1051 882 1370 955 plurimum
1419 884 1749 939 doleremus
1798 882 1868 950 si,

215 971 372 1042 quod
395 970 565 1037 absit,
590 970 757 1027 aliter
776 977 949 1028 esset.
971 973 1080 1028 Sed
1108 973 1247 1044 quia
1279 973 1395 1029 Deo
1417 972 1634 1046 gratias
1666 989 1763 1027 rex
1782 976 1872 1028 est

215 1065 270 1114 et
317 1059 378 1114 in
428 1060 668 1116 sublimi
707 1064 993 1132 potestate
1044 1061 1330 1128 consistit,
1372 1062 1563 1134 palam
1594 1059 1871 1116 omnibus

214 1148 543 1204 innotescat
563 1166 732 1204 suam
760 1167 872 1206 non
898 1167 1024 1206 esse
1049 1151 1105 1204 in
1133 1151 1231 1205 tali
1253 1150 1462 1223 copula
1480 1150 1866 1217 voluntatem;

218 1243 281 1292 ut
310 1239 570 1294 videntes
619 1238 888 1294 homines
939 1240 1065 1309 ejus
1113 1240 1265 1296 bona
1316 1257 1507 1316 opera,
1543 1239 1869 1312 glorificent

215 1327 446 1382 Patrem
477 1332 742 1382 nostrum
774 1328 874 1400 qui
924 1332 1012 1384 est
1070 1329 1128 1383 in
1179 1328 1357 1384 caelis.
1393 1329 1574 1384 Nemo
1623 1327 1863 1400 quippe,

216 1416 369 1471 sicut
400 1415 626 1472 Veritas
656 1416 814 1482 dicit,
842 1419 1107 1473 accendit
1151 1419 1430 1473 lucernam
1468 1426 1518 1472 et
1556 1416 1718 1489 ponit
1746 1433 1865 1471 eam

215 1506 314 1560 sub
342 1505 544 1570 modio,
568 1506 659 1561 sed
687 1523 851 1577 super
876 1507 1284 1574 candelabrum,
1317 1516 1378 1562 ut
1407 1508 1583 1562 luceat
1609 1507 1866 1562 omnibus

216 1597 313 1665 qui
352 1597 408 1649 in
459 1595 613 1650 demo
641 1604 772 1649 sunt
800 1598 1020 1663 (Matth.
1047 1596 1121 1666 v).
1151 1597 1299 1669 Ergo
1354 1597 1579 1652 deserat
1624 1594 1866 1651 simula-

217 1682 530 1751 tionem,et
550 1682 792 1756 arripiat
821 1683 1063 1739 liberam
1087 1685 1607 1756 audaciam,quam
1641 1700 1742 1754 pro
1764 1682 1865 1738 Dei

217 1772 474 1840 nomine,
512 1789 624 1828 non
659 1771 848 1828 solum
904 1790 1038 1828 cum
1097 1778 1186 1829 est
1231 1791 1347 1841 rex,
1379 1790 1578 1829 verum
1611 1772 1782 1828 etiam
1816 1772 1863 1826 si

214 1867 368 1917 esset
390 1861 1263 1934 pauperrimus,apprehendere
1282 1878 1652 1934 nequaquam
1671 1859 1865 1916 formi-

213 1951 351 2006 dare
385 1950 687 2005 debuerat.
721 1951 868 2016 Quia
903 1968 1035 2006 vero
1067 1952 1302 2022 quando
1334 1952 1664 2006 habuerunt
1693 1966 1864 2022 syno-

211 2039 406 2094 dalem
429 2042 800 2106 conventum,
820 2038 900 2094 ibi
932 2056 1037 2094 nec
1071 2041 1194 2112 ipse
1225 2039 1472 2108 fuit,nec
1505 2039 1761 2111 episcopi
1793 2039 1865 2095 de

212 2145 392 2200 regno
426 2127 632 2200 ipsius,
666 2127 774 2183 hoc
821 2145 1172 2201 magnopere
1205 2129 1566 2184 laudandum
1607 2144 1720 2183 non
1752 2132 1863 2196 est,

211 2233 274 2271 eo
306 2218 464 2289 quod
512 2217 558 2271 si
591 2221 765 2283 esset,
801 2217 1042 2273 forsitan
1091 2217 1596 2278 contradixissent,
1621 2216 1860 2272 forsitan

209 2307 596 2362 ascenderent
625 2323 694 2362 ex
733 2307 974 2362 adverso
1004 2312 1061 2362 et
1091 2311 1451 2379 opponerent
1491 2322 1727 2360 murum
1760 2322 1863 2378 pro

210 2398 388 2452 domo
418 2396 672 2452 Domini.
693 2399 908 2451 Verum
935 2395 1500 2466 meliusjudicamus
1521 2411 1620 2450 eos
1645 2394 1724 2449 ibi
1748 2411 1864 2449 non

209 2486 395 2541 fuisse
428 2501 605 2556 quam
660 2484 708 2541 si
757 2489 956 2540 essent
1003 2490 1059 2540 et
1105 2483 1193 2540 vel
1240 2484 1482 2539 tacendo
1533 2483 1861 2539 consensis-

208 2579 361 2630 sent.
386 2574 671 2639 Quoniam
703 2578 900 2628 autem
947 2577 1180 2646 propter
1226 2577 1488 2628 nostram
1522 2571 1860 2643 petitionem

206 2669 261 2718 et
290 2680 558 2719 amorem
610 2662 806 2718 fratris
837 2663 928 2718 sui
963 2661 1417 2717 familiaritatem
1473 2660 1680 2716 habuit
1727 2677 1861 2715 cum

204 2753 327 2819 illo,
348 2757 404 2807 et
427 2768 670 2823 regnum
699 2753 825 2823 ejus
848 2751 1129 2807 stabilivit
1152 2756 1208 2806 et
1228 2751 1420 2806 adhuc
1443 2750 1699 2805 stabilire
1718 2749 1860 2814 vult,

107 2865 115 2874 ·
206 2843 251 2898 si
285 2846 505 2897 nostra:
538 2841 824 2896 obedierit
857 2840 1113 2912 jussioni
1165 2841 1310 2896 bene
1358 2840 1513 2894 facit.
1541 2839 1672 2904 Sed,
1717 2838 1860 2911 proh

203 2930 404 2986 dolor!
431 2930 571 3002 quid
597 2928 644 2985 ei
678 2927 916 3002 prodest
947 2946 1188 3002 regnum
1222 2935 1510 2984 terrarum
1543 2927 1641 3000 qui
1675 2928 1864 2999 perdit

204 3019 556 3075 aetherium?
577 3018 678 3074 Vel
712 3021 880 3090 cujus
927 3010 1344 3074 familiaritatis
1384 3017 1630 3073 societas
1660 3016 1861 3071 haberi

202 3112 404 3182 potest
431 3124 566 3162 cum
613 3125 677 3163 eo
736 3108 838 3179 qui
897 3107 1254 3163 dissociatur
1284 3125 1316 3161 a
1347 3112 1478 3176 Deo,
1513 3110 1570 3161 et
1626 3122 1860 3161 carnem

202 3213 382 3252 suam
413 3195 545 3251 odio
594 3196 839 3262 habens,
872 3194 1024 3250 tollit
1074 3197 1336 3251 membra
1357 3194 1674 3262 Cbristi,et
1726 3193 1864 3249 facit

203 3303 267 3341 ea
300 3285 573 3340 membra
603 3301 728 3340 mer
764 3285 946 3340 tricis.

273 3375 351 3430 Ιῐ.
389 3375 551 3440 Quod
601 3373 651 3430 si
684 3391 716 3429 a
746 3373 837 3428 via
863 3374 1127 3430 veritatis
1160 3373 1254 3429 ille
1303 3373 1614 3429 Lotbarius
1663 3372 1860 3428 devia-

198 3464 354 3520 verit
387 3468 446 3519 et
474 3480 690 3518 normae
727 3463 971 3535 justitize
1022 3480 1138 3518 non
1187 3462 1490 3529 obedierit,
1523 3467 1579 3517 et
1608 3463 1861 3517 domnus

201 3570 298 3607 rex
335 3551 668 3608 Ludovicus
695 3551 954 3625 postulat
981 3557 1248 3608 nostrum
1279 3551 1690 3624 apostolatum,
1711 3551 1862 3606 sicut

197 3641 504 3697 credimus
525 3641 664 3713 quia
683 3658 751 3696 ex
767 3641 960 3697 cordis
983 3641 1239 3713 postulat
1255 3640 1712 3713 simplicitate,et
1729 3656 1860 3695 con-

195 3729 450 3785 ﬁdimus
482 3730 620 3802 quia
649 3735 964 3802 postquam
993 3736 1258 3786 nostrum
1290 3729 1598 3785 consilium
1633 3728 1857 3800 quaerit,

196 3835 314 3874 non
362 3819 764 3892 parvipendet,
800 3820 900 3874 sed
950 3818 1286 3875 obedienter
1331 3819 1608 3891 perﬁciet,
1641 3818 1861 3874 interea

194 3907 577 3980 disponimus
609 3909 881 3963 eumdem
930 3908 1270 3963 Lotharium
1303 3909 1635 3974 admonere,
1665 3911 1721 3962 et
1750 3906 1859 3962 iste

194 4002 452 4068 patruus
482 3997 531 4051 ei
553 3995 826 4051 similiter
855 3995 1047 4051 faciat.
1072 3997 1233 4061 Quod
1257 3995 1304 4049 si
1339 3996 1507 4051 toties
1538 3999 1858 4050 conventus

192 4102 407 4157 parere
427 4085 595 4141 nobis
609 4084 1225 4153 distulerit,neminem
1241 4083 1702 4139 Christianorum
1721 4101 1856 4140 cum

189 4165 256 4230 eo
288 4174 574 4230 volumus
607 4173 1065 4230 familiaritatem
1099 4172 1354 4245 aliquam
1388 4173 1622 4236 habere,
1647 4173 1748 4228 sed
1782 4172 1857 4228 sit

193 4264 453 4319 ulterius
483 4263 759 4319 omnibus
787 4263 940 4318 sicut
962 4261 1231 4318 ethnicus
1261 4267 1316 4317 et
1349 4260 1698 4333 publicanus
1720 4279 1854 4317 cum

189 4351 598 4408 familiaribus
627 4353 772 4407 suis.
797 4353 883 4407 Tu
915 4355 1133 4418 autem,
1163 4351 1534 4406 sanctissime
1563 4351 1853 4424 episcope,

192 4442 343 4497 bene
379 4442 535 4496 nosti
563 4441 703 4514 quia
723 4458 874 4513 saepe
906 4439 1174 4496 nonnulli
1196 4438 1486 4512 compulsi
1517 4441 1762 4496 redeunt
1783 4440 1855 4496 ad

189 4530 348 4585 viam
385 4530 801 4586 salutis.Unde
822 4530 870 4586 si
903 4530 1055 4585 sicut
1084 4531 1234 4601 apud
1271 4545 1377 4584 nos
1407 4527 1634 4584 nullum
1669 4530 1857 4602 potuit

1982 617 2224 672 sterium
2260 636 2606 692 usurpasse;
2643 625 2998 693 quapropter
3035 622 3148 677 tale
3187 621 3497 677 consilium
3528 623 3627 678 da-

1982 723 2113 761 mus
2145 712 2200 762 et
2248 725 2351 779 per
2383 709 2788 764 auctoritatem
2823 710 2918 766 Dei
2961 714 3016 765 et
3045 711 3348 767 beatorum
3394 710 3541 766 Petri
3575 714 3633 767 et

1982 795 2142 850 Pauli
2165 797 2562 868 apostolorum
2587 799 2920 871 principum
2939 803 2995 854 et
3016 801 3279 855 omnium
3303 799 3480 856 simul
3504 817 3632 856 san-

1979 888 2202 940 ctorum
2229 891 2463 958 patrum
2487 888 2702 942 domno
2725 889 2846 960 regi
2870 888 3156 943 Ludovico
3177 887 3545 962 injungimus
3569 893 3633 944 ut

1979 973 2052 1028 ab
2085 975 2349 1044 ejusdem
2383 976 2695 1031 Guntharii
2726 977 2812 1032 vel
2851 976 3025 1032 etiam
3057 977 3437 1049 Theodgaudi
3470 994 3626 1033 com-

1977 1063 2256 1119 munione
2288 1081 2349 1120 se
2381 1081 2635 1137 suosque
2675 1083 2878 1121 omnes
2920 1071 2976 1120 et
3007 1065 3294 1138 praecipue
3325 1065 3629 1139 episcopos

1979 1151 2337 1220 substrahat,
2361 1157 2418 1209 et
2447 1172 2482 1209 a
2513 1154 2903 1210 familiaritate
2946 1171 3148 1210 eorum
3191 1153 3288 1226 qui
3321 1153 3436 1210 illis
3467 1173 3623 1211 com-

1977 1240 2282 1297 municant
2309 1242 2394 1298 vel
2426 1259 2660 1314 quoquo
2689 1243 2860 1300 modo
2890 1244 3171 1311 favent,se
3201 1246 3256 1298 et
3285 1259 3423 1298 suos
3455 1248 3625 1316 quot-

1977 1334 2119 1399 quot
2150 1334 2339 1402 potest
2367 1332 2679 1400 contineat,
2706 1332 2785 1387 ita
2814 1336 3010 1387 tamen
3038 1331 3087 1388 si
3117 1349 3315 1388 verum
3349 1338 3436 1388 est
3466 1335 3621 1405 quod

1979 1417 2352 1474 interdictum
2387 1421 2497 1476 sibi
2523 1421 2848 1493 episcopale
2869 1421 3125 1476 officium
3155 1422 3546 1495 peragant,vel
3571 1421 3622 1478 si

1976 1509 2376 1564 conventicula
2407 1515 2605 1566 contra
2633 1509 3042 1566 diffinitionem
3077 1514 3337 1566 nostram
3373 1511 3428 1566 in
3462 1511 3620 1584 ipsos

1975 1595 2260 1666 prolatam
2322 1615 2672 1671 congregare
2727 1599 3103 1667 tentaverint;
3163 1599 3435 1656 similiter
3491 1605 3546 1656 et
3587 1617 3622 1657 a

1978 1675 2232 1740 Lotharii
2250 1689 2662 1743 communione
2680 1705 2741 1744 se
2759 1687 2997 1744 omnino
3019 1689 3360 1761 suspendat,
3379 1689 3461 1744 ita
3479 1691 3622 1760 dun-

1973 1777 2132 1829 taxat
2161 1774 2210 1829 si
2243 1775 2396 1831 idem
2419 1776 2728 1834 Lotbarius
2758 1778 2978 1833 monita
3011 1782 3210 1833 nostra
3230 1776 3533 1850 negligens
3561 1778 3619 1833 in

1975 1862 2182 1934 copula
2221 1863 2545 1919 Waldrada:
2576 1881 2917 1935 permanere
2947 1863 3345 1937 delcgerit,vel
3377 1864 3426 1919 si
3457 1863 3622 1920 cuili-

1975 1950 2070 2005 bet
2095 1952 2504 2008 damnatorum
2537 1953 2908 2025 praefatorum
2931 1957 3132 2008 contra
3162 1954 3392 2008 decreta
3423 1957 3624 2009 nostra

1974 2040 2245 2094 renitenti
2290 2041 2724 2096 communicare
2771 2041 2858 2096 vel
2916 2041 3105 2097 favere
3161 2041 3618 2113 praesumpserit.

1973 2127 2243 2200 Alioquin
2275 2146 2381 2186 nec
2413 2130 2512 2185 Dei
2547 2147 2649 2186 nec
2691 2132 2992 2185 beatorum
3038 2129 3437 2203 apostolorum
3470 2130 3620 2186 Petri

1971 2220 2028 2270 et
2058 2215 2243 2285 Pauli,
2265 2235 2370 2274 nec
2403 2223 2615 2274 sanctae
2655 2217 2949 2274 catholica:
2981 2223 3037 2274 et
3067 2218 3395 2291 apostolicae
3428 2217 3619 2274 Eccle-

1972 2304 2070 2360 sia:
2101 2307 2573 2364 communionem
2607 2308 2820 2363 habere
2852 2307 3051 2378 procul
3084 2307 3262 2363 dubio
3291 2309 3522 2379 poterit.

2041 2395 2134 2450 ΙΙΙ.
2168 2395 2277 2449 ΡῘῶ
2310 2396 2604 2451 memoria:
2638 2397 2913 2452 Ludovici
2955 2396 3324 2469 imperatoris
3355 2396 3616 2453 studium

1971 2483 2397 2552 collaudamus,
2432 2485 2990 2556 praedecessorisquc
3025 2485 3207 2541 nostri
3249 2489 3461 2542 sanctis
3493 2503 3618 2542 me-

1973 2573 2167 2627 moriae
2199 2573 2459 2646 Gregorii
2492 2574 2734 2646 vestigia
2763 2575 2926 2648 sequi
2960 2573 3146 2647 parati
3176 2592 3404 2632 sumus.

2042 2662 2133 2716 IV.
2171 2662 2241 2717 Ut
2271 2663 2578 2734 episcopus
2612 2664 3042 2730 Bremonensis,
3069 2662 3202 2719 licet
3232 2681 3265 2719 a
3294 2663 3620 2720 Gunthario

1971 2750 2092 2806 haec
2123 2767 2236 2805 non
2268 2751 2522 2823 potuerit
2553 2751 2677 2806 dari
2711 2751 2962 2818 licentia,
2997 2769 3102 2808 nec
3135 2753 3204 2807 ab
3235 2769 3300 2808 eo
3330 2752 3446 2807 tale
3477 2753 3619 2824 quid

1971 2839 2086 2910 peti
2121 2840 2406 2907 debuerit,
2432 2846 2626 2894 tamen
2671 2857 2773 2912 pro
2814 2857 3010 2896 amore
3041 2841 3240 2896 domui
3273 2842 3449 2913 regis,
3482 2840 3620 2912 quia

1970 2928 2068 3000 pia
2096 2933 2185 2983 est
2210 2929 2338 2999 ejus
2370 2928 2590 2999 petitio,
2619 2945 2754 2983 cum
2786 2933 2985 2983 nostra
3017 2930 3358 2985 auctoritate
3389 2930 3448 2984 in
3481 2947 3620 3002 prae-

1971 3016 2124 3072 dicto
2163 3015 2288 3071 loco
2336 3017 2582 3072 Bremon
2615 3021 2961 3089 potestatem
2996 3021 3052 3072 et
3083 3017 3362 3074 honorem
3394 3017 3618 3073 archie-

1970 3104 2306 3178 piscopatus
2337 3122 2515 3178 super
2540 3105 2734 3160 Donas
2754 3108 2811 3161 et
2835 3106 3087 3161 Suvevos
3109 3106 3338 3175 habeat,
3362 3110 3418 3162 et
3439 3105 3617 3161 simili

1971 3195 2143 3251 modo
2174 3194 2266 3250 sui
2296 3211 2664 3250 successores
2688 3211 2790 3266 per
2812 3198 3078 3267 tempora
3099 3195 3296 3252 futura
3315 3199 3617 3268 perpetua-

1886 3274 1930 3344 C
1969 3282 2101 3338 liter
2129 3287 2367 3338 teneant
2396 3287 2570 3354 atque
2600 3282 2957 3354 possideant.

2039 3371 2105 3426 V.
2142 3373 2222 3427 De
2255 3372 2527 3444 episcopo
2569 3372 3039 3430 Radasbenensis
3069 3373 3336 3443 civitatis,
3370 3373 3420 3431 si
3450 3375 3615 3442 adeo,

1969 3461 2120 3516 sicut
2150 3460 2315 3527 dicis,
2349 3461 2684 3516 infirmatur
2715 3465 2780 3516 ut
2821 3463 2892 3517 de
2935 3462 3139 3518 ovibus
3171 3462 3280 3518 sibi
3313 3465 3617 3520 commisis

1970 3549 2193 3606 nullam
2225 3566 2426 3606 curam
2468 3549 2681 3605 habere
2727 3550 2930 3622 possit,
2965 3568 3036 3606 ne
3063 3550 3192 3606 sine
3223 3551 3615 3609 sollicitudine

1969 3638 2246 3712 pastorali
2261 3639 2535 3710 degentes
2549 3655 2683 3694 oves
2696 3639 2774 3694 Ch
2785 3639 2907 3694 risti
2926 3640 3258 3712 depereant,
3274 3642 3618 3712 profiteatur

1969 3727 2183 3799 scripto
2206 3733 2262 3783 et
2287 3727 2532 3800 propria:
2564 3745 2775 3783 manus
2807 3728 3234 3800 subscriptione
3266 3747 3370 3786 suo
3403 3735 3615 3786 metro-

1967 3816 2226 3890 politano
2258 3833 2319 3872 se
2353 3815 2432 3871 nil
2463 3815 2608 3872 lucri
2643 3817 2795 3889 plebi
2824 3817 2934 3872 sibi
2957 3819 3282 3875 commissae
3314 3836 3483 3891 posse
3513 3837 3618 3892 pro

1967 3923 2075 3962 sua
2105 3905 2264 3977 gravi
2297 3906 2670 3978 aegrotatione
2700 3905 2979 3962 conferre.
3007 3907 3118 3962 Sed
3150 3912 3208 3963 et
3239 3908 3414 3964 simili
3446 3909 3618 3964 modo

1968 4012 2272 4066 nunquam
2303 4010 2365 4050 se
2395 3995 2671 4066 deinceps
2701 3995 3030 4067 episcopale
3057 3997 3315 4053 officium
3347 3998 3620 4070 repetitu-

1966 4100 2096 4138 rum
2128 4082 2490 4155 polliceatur,
2521 4083 2569 4138 si
2601 4087 2796 4138 tamen
2824 4085 2950 4154 ejus
2981 4085 3041 4138 in
3073 4085 3179 4141 hoc
3200 4090 3322 4141 tota
3350 4086 3619 4142 voluntas

1965 4177 2054 4227 est
2074 4177 2131 4228 et
2153 4173 2223 4227 de
2247 4172 2495 4227 sanitate
2528 4171 2713 4243 ipsius
2737 4173 2923 4227 modis
2945 4173 3220 4229 omnibus
3251 4175 3614 4246 desperatur.

1968 4261 2070 4318 His
2102 4262 2182 4316 ita
2212 4260 2411 4334 gestis,
2447 4277 2563 4314 non
2616 4259 2750 4315 talis
2781 4260 3012 4332 qualem
3071 4261 3198 4333 ipse
3254 4262 3512 4334 elegerit,
3545 4279 3616 4318 ne

1965 4355 2166 4407 contra
2188 4365 2440 4405 canones
2462 4365 2861 4404 successorem
2886 4349 2996 4404 sibi
3021 4351 3144 4424 ipse
3165 4350 3409 4422 elegisse
3429 4351 3618 4407 videa-

1963 4445 2089 4508 tur;
2114 4439 2215 4496 sed
2241 4455 2416 4510 quem
2439 4436 2578 4493 cleri
2612 4441 2669 4493 et
2694 4437 2882 4509 plebis
2912 4455 3044 4494 cum
3079 4456 3364 4496 consensu
3399 4445 3614 4496 metro-

1965 4528 2206 4602 politani
2225 4526 2495 4586 voluntas
2516 4526 2720 4599 egerit,
2735 4526 2786 4582 is
2810 4526 2933 4583 loco
2956 4527 3141 4600 ipsius
3163 4528 3472 4602 episcopus
3495 4546 3614 4586 mo-

191 4618 419 4675 babere
445 4636 565 4674 suae
595 4619 924 4691 iniquitatis
955 4617 1316 4691 praesidium,
1343 4617 1422 4673 ita
1452 4617 1680 4673 nullum
1702 4621 1855 4674 inve-
1880 4645 1934 4715 Β
1967 4619 2056 4674 dis
2079 4617 2354 4674 omnibus
2379 4616 2855 4683 consecretur,de
2887 4614 3015 4687 ipsa
3035 4616 3289 4673 Ecclesia
3313 4618 3612 4689 superstiti

188 4708 388 4764 nisset
414 4708 568 4779 apud
593 4713 831 4780 patruos
855 4713 912 4762 et
935 4708 1143 4763 fratres
1177 4723 1317 4763 suos
1348 4707 1709 4779 confugium,
1729 4709 1852 4779 jam

186 4796 275 4851 vel
309 4799 557 4852 coactus
589 4795 822 4851 rediret.
847 4796 958 4852 Sed
991 4813 1123 4850 cum
1158 4796 1374 4849 invenit
1406 4795 1666 4867 requiem
1699 4797 1854 4867 apud

186 4884 296 4940 hos
343 4889 405 4940 et
443 4889 861 4952 tutamentum,
896 4885 1100 4940 reverti
1154 4884 1493 4939 contemnit.
1529 4885 1675 4953 Quia
1723 4902 1855 4940 vero

186 4991 296 5030 nos
327 4991 468 5029 cum
503 4979 707 5030 sancta
737 4975 1142 5047 synodojuxta
1161 4991 1413 5029 canones
1436 4990 1502 5029 ea
1524 4973 1856 5029 conditione

185 5063 664 5134 Theodgaudum
710 5068 767 5118 et
815 5062 1206 5120 Guntharium
1259 5062 1642 5133 deposuimus
1691 5069 1755 5118 ut
1807 5063 1856 5119 si

174 5152 358 5222 juxta
399 5153 826 5223 praecedentem
859 5152 1344 5208 consuetudinem
1388 5151 1612 5224 aliquid
1645 5153 1714 5208 de
1747 5153 1856 5208 mi-

181 5241 441 5295 nisterio
472 5258 638 5296 sacro
671 5243 954 5297 auderent
994 5241 1351 5313 contingere,
1386 5239 1547 5296 nullo
1579 5241 1752 5296 modo
1785 5241 1852 5296 li-

182 5333 351 5384 ceret
381 5329 466 5385 eis
496 5345 602 5386 nec
634 5330 694 5385 in
736 5329 850 5386 alia
891 5331 1109 5403 synodo
1143 5329 1530 5385 restitutionis
1561 5347 1723 5402 spem
1757 5335 1854 5386 aut

181 5415 393 5472 locum
424 5417 640 5474 habere
669 5418 1114 5484 sotisfactionis,
1138 5418 1238 5473 sed
1267 5422 1322 5473 et
1351 5418 1854 5474 communicantes

179 5506 266 5562 eis
300 5524 513 5564 omnes
549 5509 725 5581 adjici
769 5510 840 5565 de
887 5508 1163 5576 Ecclesia,
1188 5511 1245 5562 et
1293 5509 1544 5563 maxime
1578 5509 1624 5564 si
1655 5513 1857 5580 postea

178 5613 376 5668 quam
401 5597 714 5654 didicerint
729 5599 1011 5654 adversus
1033 5602 1388 5653 memoratos
1409 5597 1694 5670 prolatam
1717 5599 1856 5654 fuis-

174 5701 243 5743 se
277 5687 666 5756 sententiam,
688 5688 908 5744 eisdem
941 5685 1378 5743 communicare
1401 5687 1771 5757 tentaverint,
1800 5691 1857 5745 et

513 5813 776 5879 PATROL.
823 5814 1027 5879 CXIX.

1963 4709 2234 4781 episcopo
2284 4705 2594 4778 stipendiis
2637 4704 2898 4776 quandiu
2939 4705 3140 4761 vixerit
3186 4705 3614 4765 sufﬁcientibus

1965 4815 2068 4870 per
2097 4811 2492 4852 successorem
2516 4810 2687 4849 suum
2722 4792 3062 4866 episcopum
3093 4795 3503 4867 subrogandis.

2034 4885 2129 4940 Vl.
2155 4886 2234 4940 De
2257 4883 2573 4958 Hartuvigo
2605 4882 3020 4938 Pazzouvensis
3051 4883 3297 4941 civitatis
3317 4885 3610 4958 episcopo,

1965 4992 2137 5048 quem
2173 4971 2431 5028 asseritis
2464 4976 2596 5027 ante
2617 4989 2801 5027 annos
2825 4977 3076 5044 quatuor
3095 4973 3344 5047 paralysi
3378 4992 3613 5048 percus-

1966 5081 2118 5131 sum,
2145 5063 2225 5117 ita
2244 5065 2308 5116 ut
2325 5059 2402 5114 nil
2419 5059 2608 5115 valeat
2626 5059 2813 5132 luqui,
2830 5065 2884 5116 et
2902 5061 3152 5118 Ecclesia
3169 5063 3280 5117 sibi
3297 5064 3614 5119 commissa

1967 5153 2284 5223 dissipetur
2314 5153 2371 5204 et
2391 5150 2460 5203 ad
2485 5148 2737 5204 nihilum
2765 5150 3081 5223 redigatur,
3099 5152 3239 5207 dum
3262 5157 3318 5208 et
3339 5153 3497 5208 omni
3517 5169 3614 5224 pa-

1964 5240 2165 5300 storali
2192 5255 2333 5295 cura
2353 5239 2634 5293 destituta
2656 5243 2713 5293 et
2735 5238 2896 5294 nulla
2919 5239 3234 5312 episcopali
3255 5239 3614 5312 providentia

1964 5333 2370 5401 circumsepta,
2388 5326 2436 5383 si
2460 5326 2541 5382 ita
2566 5331 2672 5394 est,
2690 5327 2861 5383 debet
2890 5327 3044 5383 idem
3072 5329 3381 5401 episcopus
3401 5327 3610 5382 saltem

1963 5420 2179 5491 scripto
2202 5415 2804 5489 proﬁteriseoflicium
2825 5416 2968 5473 illud
2989 5435 3103 5474 non
3121 5433 3290 5490 posse
3313 5431 3604 5488 peragere.

1964 5509 2123 5575 Quod
2159 5506 2206 5562 si
2239 5506 2346 5561 hoc
2376 5521 2545 5576 agere
2576 5522 2691 5560 non
2729 5509 2935 5576 potest,
2969 5507 3261 5577 quomodo
3293 5520 3610 5575 possumus

1963 5596 2174 5654 viventi
2207 5594 2478 5667 episcopo
2510 5594 2805 5666 propriam
2835 5593 3153 5648 Ecclesiam
3186 5593 3433 5660 auferre,
3467 5593 3608 5652 dum

1963 5685 2197 5745 divitias
2249 5681 2660 5744 misericordiae
2713 5681 2814 5740 Dei
2873 5680 3070 5740 nullus
3118 5681 3610 5754 comprehendere

3212 5807 3290 5875 28
