3992 6150
447 354 564 416 875

1817 358 2093 420 NICOLA

2209 355 2384 418 AP/E
2427 357 2475 417 Ι.
3668 361 3764 417 816

448 487 653 560 possit,
678 493 735 544 et
763 491 904 545 dum
940 491 1050 564 ipsi
1083 509 1208 565 qua:
1240 491 1440 547 minus
1469 494 1746 563 putamus
1787 491 1978 563 ipsius
2006 493 2092 547 di-
2121 494 2176 560 Α
2207 491 2287 545 ita
2304 488 2868 562 deincepsobediens
2891 486 3198 560 peremnia
3214 484 3768 546 fierivelitadnostram

447 577 818 649 spensatione
849 582 1202 636 occurrunt“?
1232 581 1319 635 Sit
1349 598 1484 653 ergo
1516 597 1660 636 cura
1687 597 1879 636 rerum
1912 580 2099 636 eccle-

449 664 820 723 siasticarum
853 686 1150 725 cecouomo
1181 669 1361 726 electo
1393 671 1464 725 de
1491 669 1724 742 proprio
1755 669 1907 726 clero
1936 671 2100 742 juxta

449 771 648 812 sacros
695 773 948 812 canones
998 758 1340 827 commissa;
1375 763 1431 814 et
1461 777 1588 831 qua:
1637 760 1707 814 ad
1757 759 2097 832 episcopum

451 860 620 917 agere
652 846 960 918 pertinent,
987 865 1090 920 per
1119 849 1458 920 episcopum
1499 864 1673 920 quem
1705 848 2098 920 metropolita-

453 950 565 990 nus
596 935 838 991 antistes
861 937 933 992 ad
968 937 1074 993 hoc
1099 956 1247 1010 opus
1275 939 1564 1009 agendum
1599 936 1835 1010 elegerit
1865 938 2098 992 interim

451 1027 750 1093 gerantur.
784 1024 968 1081 Aliter
999 1032 1194 1082 autem
1227 1028 1298 1082 de
1336 1027 1446 1082 hoc
1477 1043 1654 1098 quam
1686 1027 1755 1082 de
1803 1027 2098 1099 superiore

452 1109 726 1180 diximus,
761 1113 898 1185 quia
929 1113 1087 1170 illius
1132 1117 1308 1171 aifatu
1359 1117 1508 1171 scire
1557 1131 1894 1187 possumus,
1928 1115 2099 1170 istius

451 1216 584 1254 vero
614 1200 969 1258 voluntatem
1002 1221 1173 1260 nosse
1203 1204 1537 1275 nequimus.

524 1289 643 1344 VII.
664 1290 744 1346 De
761 1291 1271 1364 episcopojuventi
1295 1295 1414 1364 [al.,
1433 1292 1652 1364 juveni]
1675 1293 1920 1348 facimus
1943 1294 2097 1366 quod

451 1377 544 1450 pie
575 1394 608 1433 a
637 1379 806 1434 nobis
838 1397 896 1435 re
923 1379 1106 1436 voluit
1135 1381 1450 1452 postulare.

523 1467 666 1522 VIII.
702 1467 983 1524 Similiter
1012 1470 1081 1524 de
1113 1469 1420 1524 Liudberto
1461 1470 1926 1543 archiepiscopos
1959 1469 2099 1526 faci-

452 1572 586 1612 mus
617 1559 770 1629 quod
801 1559 1084 1630 poposcit.

526 1646 615 1702 IX.
649 1647 911 1717 Hymnus
951 1647 1270 1720 angelicus,
1306 1649 1360 1704 id
1412 1653 1500 1705 est
1527 1650 1718 1705 Gloria
1768 1651 1826 1705 in
1875 1651 2101 1705 excelsis

453 1736 578 1803 Deo,
616 1752 732 1790 non
762 1741 851 1791 est
881 1753 915 1791 a
941 1737 1298 1810 presbyteris
1337 1739 1452 1793 nisi
1488 1738 1547 1792 in
1589 1739 1846 1811 paschali
1880 1739 2099 1794 festivi-

455 1828 571 1878 tate
601 1823 904 1892 dicendus,
928 1826 1082 1896 quod
1123 1830 1180 1880 et
1236 1826 1384 1882 liber
1430 1828 1942 1905 Sacramentorum
2000 1829 2099 1884 de-
2131 1867 2178 1931 Β

455 1917 762 1980 monstrat,
796 1919 854 1969 et
882 1916 1240 1971 consuetudo
1273 1916 1328 1970 in
1369 1916 1631 1972 Romana
1661 1917 1916 1974 Ecclesia
1949 1918 2098 1973 anti-

453 2002 652 2075 quitus
693 2003 997 2060 observata
1055 2009 1316 2076 patenter
1363 2005 1638 2073 ostendit,
1664 2023 1841 2078 quam
1891 2008 2100 2063 debere

451 2108 655 2148 omnes
684 2091 743 2146 in
775 2092 1082 2149 ordinibus
1122 2093 1533 2151 ecclesiasticis
1563 2095 1728 2167 sequi
1758 2097 1966 2152 beatus
2000 2097 2101 2151 In-

449 2181 757 2238 nocentius
787 2181 845 2236 in
877 2180 1162 2254 principio
1184 2183 1482 2239 decretum
1504 2201 1745 2240 suorum
1778 2185 2102 2240 luculenter

451 2269 703 2344 exponit.

520 2359 586 2414 X.
621 2359 726 2415 Pro
774 2374 908 2431 rege
965 2358 1398 2432 Danorum,qui
1431 2361 1586 2417 vovit
1643 2366 1839 2418 votum
1899 2364 2014 2419 Deo
2045 2367 2102 2419 et

451 2449 654 2503 sancto
686 2447 871 2513 Petro,
895 2448 1115 2519 gratias
1147 2448 1377 2520 agimus
1407 2450 1594 2506 eidem
1627 2451 1766 2517 Deo,
1789 2453 2102 2523 deprecan-

450 2540 540 2592 tes
565 2534 783 2607 pariter
802 2539 867 2589 ut
887 2535 1041 2606 quod
1075 2535 1244 2591 nobis
1276 2537 1346 2592 de
1369 2537 1630 2594 Cornelio
1653 2541 1989 2596 centurione
2011 2558 2097 2596 re-

451 2623 654 2691 fertur,
678 2622 854 2678 faciat
883 2639 1115 2694 quoque
1153 2622 1468 2680 clementer
1498 2627 1569 2683 de
1613 2626 1720 2682 hoc
1749 2627 1808 2682 in
1840 2629 2100 2701 proximo

455 2729 559 2768 nos
591 2711 812 2766 audire.
836 2711 940 2766 Cui
979 2713 1272 2769 orationes
1311 2718 1367 2769 et
1395 2714 1772 2789 eleemosynm
1811 2719 1918 2773 etsi
1970 2723 2101 2774 ante

453 2799 811 2872 baptismum
844 2817 959 2856 non
992 2801 1336 2872 profuerunt
1365 2805 1436 2858 ad
1467 2803 1807 2862 diluendam
1841 2807 2104 2879 impieta-

451 2893 653 2959 tatem,
679 2889 1024 2962 profuerunt
1052 2894 1247 2946 tamen
1277 2892 1350 2948 ad
1372 2896 1838 2967 cognoscendam
1858 2899 2101 2954 veracis-

450 2980 661 3036 simam
693 2979 992 3052 pietatem.

518 3069 609 3124 ΧῙ.
644 3068 928 3135 Quoniam
962 3070 1201 3126 nuntias
1223 3072 1376 3142 quod
1410 3071 1599 3128 fidelis
1619 3091 1717 3129 rex
1746 3075 2098 3148 dispositum

2209 583 2477 634 mutuam
2503 582 2834 650 sanctaaque
2853 577 2950 633 Dei
2973 576 3236 633 Ecclesiae
3266 576 3626 632 exaltationcm
3651 578 3770 633 ~sicut

2209 667 2366 723 filius
2390 667 2537 740 patri
2559 672 2614 722 et
2627 667 2830 738 junior
2851 666 3154 739 magistro,
3169 665 3246 721 sis
3268 682 3388 738 pem
3405 665 3610 720 ﬁrmam
3627 666 3677 721 in
3695 685 3773 723 no-

2211 757 2302 810 bis
2321 757 2534 812 habere
2557 759 2765 828 potest,
2782 755 2931 810 sicut
2947 755 3155 811 habuit
3169 760 3459 827 postquam
3475 772 3569 810 nos
3583 755 3712 812 Deus
3729 758 3774 812 in

2209 849 2410 901 sancta
2439 845 2548 900 hac
2579 845 2714 900 sede
2745 844 3070 900 constituit.
3095 844 3196 898 Cui
3229 844 3547 898 intimamus
3573 845 3646 898 uti
3673 849 3776 916 post

2209 935 2364 990 Deus
2397 933 2570 990 talem
2605 934 2662 988 in
2695 933 2862 990 nobis
2895 951 3058 1006 spem
3088 933 3297 989 habeat
3326 938 3386 987 ut
3415 933 3591 989 nullus
3618 934 3681 989 sit
3706 935 3776 989 cui

2208 1022 2306 1078 ille
2337 1024 2536 1078 credat
2562 1024 2714 1094 quod
2748 1039 2853 1078 nos
2887 1022 2968 1077 illi
2995 1027 3051 1078 et
3081 1023 3204 1078 suis
3225 1039 3335 1077 non
3365 1039 3521 1077 omne
3548 1022 3776 1095 gaudium

2208 1117 2264 1167 et
2293 1129 2525 1167 omnem
2557 1111 2806 1167 velimus
2836 1111 3065 1167 evenire
3096 1110 3372 1181 laetitiam,
3394 1115 3632 1182 optantes
3657 1112 3779 1166 scili-

2209 1205 2319 1267 cet,
2343 1205 2400 1256 et
2423 1206 2600 1255 Deum
2627 1200 3087 1272 omnipotentem
3112 1199 3458 1255 incessanter
3486 1200 3777 1271 ﬂagitantes,

2209 1294 2274 1344 ut
2304 1308 2420 1345 non
2459 1288 2647 1346 solum
2684 1290 2740 1343 in
2772 1291 3044 1360 praesenti
3076 1289 3284 1344 saeculo
3333 1305 3582 1360 prospere
3625 1295 3782 1361 regnet

2209 1383 2384 1452 atque
2414 1396 2514 1452 per
2545 1378 2731 1434 multa
2750 1383 3083 1450 temporum
3113 1377 3398 1433 curricula
3417 1378 3604 1449 vigeat,
3624 1395 3780 1432 verum

2209 1468 2384 1524 etiam
2416 1469 2475 1522 in
2507 1469 2705 1524 futuro
2739 1483 2872 1522 cum
2905 1466 3134 1522 Christo
3177 1467 3302 1522 sine
3342 1468 3447 1522 line
3478 1467 3624 1521 beate
3648 1465 3780 1534 vivat,

2211 1557 2393 1613 Deum
2427 1557 2577 1612 sicut
2605 1562 2692 1612 est
2720 1555 3144 1630 contemplans.

2951 1664 3114 1720 LXII.

2275 1769 2492 1808 NICOLAI
2525 1770 2789 1809 EPISTOLA
2817 1771 2890 1808 AD
2921 1770 3256 1809 ANSGABIUM
3296 1768 3738 1807 ARCHIEPISCOPUM

2787 1840 3280 1880 HAMBURGENSEM.

2985 1930 3089 1969 SEU

2208 2002 2372 2057 Bulla
2405 2018 2505 2074 pro
2543 2003 2920 2074 conjunctione
2965 2004 3302 2073 episcopatus
3350 2001 3786 2069 Hamburgensisel

2643 2077 2947 2130 Bremensis
2971 2091 3117 2130 anno
3145 2075 3247 2128 865
3281 2073 3424 2128 data.

2278 2180 2564 2236 NICOLAUS
2597 2180 2925 2252 episcopus,
2953 2198 3155 2237 servus
3185 2196 3479 2236 servorum
3513 2179 3616 2244 Dei,
3644 2175 3787 2232 omni-

2209 2270 2318 2324 bus
2350 2268 2622 2325 lidelibus
2661 2268 2926 2325 Ecclesia)
2971 2274 3184 2325 sanctae
3242 2269 3357 2339 Dei,
3391 2266 3730 2341 presentibus
3749 2269 3788 2320 et

2210 2357 2445 2424 futuris,
2479 2356 2730 2414 salutem
2762 2362 2819 2413 et
2848 2357 3228 2429 apostolicam
3266 2357 3707 2413 benedictionem.

2280 2447 2558 2518 Quisquis
2617 2447 2954 2515 Dominum,
2990 2451 3046 2502 et
3088 2447 3529 2518 Redemptorem
3576 2449 3788 2501 nostrum

2207 2536 2410 2591 Jesum
2442 2535 2739 2592 Christum
2770 2536 2841 2590 de
2872 2536 3006 2590 sinu
3051 2535 3244 2592 Patris
3273 2536 3346 2592 ad
3377 2541 3579 2590 terram
3607 2550 3693 2604 pro
3715 2533 3789 2586 de-

2209 2625 2594 2680 monstranda
2641 2625 2916 2681 cordibus
2953 2625 3266 2680 hominum
3296 2641 3428 2680 vera
3456 2629 3509 2679 et
3535 2627 3673 2678 certa
3708 2621 3791 2676 fide

2209 2713 2581 2770 descendisse
2613 2731 2726 2768 non
2760 2714 3007 2781 dubitat,
3033 2715 3295 2787 profecto
3318 2732 3429 2770 non
3459 2713 3679 2786 ignorat,
3699 2725 3791 2765 om-

2210 2821 2334 2871 nes,
2353 2803 2452 2874 qui
2477 2803 2739 2875 ejusdem
2765 2804 2896 2858 {idei
2927 2821 3028 2873 per
3055 2804 3311 2876 gratiam
3335 2804 3515 2875 ipsius
3541 2801 3792 2874 participes

2210 2892 2344 2949 facti
2379 2897 2540 2958 sunt,
2577 2897 2634 2948 et
2662 2892 2947 2964 praecipue
2979 2909 3105 2958 nos,
3133 2892 3236 2964 qui
3271 2909 3372 2963 per
3399 2891 3634 2962 primum
3661 2891 3791 2944 tanta

2206 2982 2438 3037 virtutis
2471 2981 2811 3035 ministrum
2840 2979 3032 3036 locum
3063 2982 3427 3052 praecipuum
3455 2975 3794 3044 tenemus,ho-

2209 3070 2467 3125 minibus
2488 3069 2696 3124 debere
2727 3068 3025 3124 lucrandis
3049 3069 3344 3138 insistere,
3361 3074 3416 3124 et
3437 3086 3532 3140 per
3551 3067 3791 3122 universas

449 3158 662 3214 habeat
689 3158 885 3214 venire
913 3158 1206 3214 Tullinam
1240 3164 1296 3215 et
1325 3161 1534 3217 deinde
1565 3180 1765 3234 pacem
1799 3182 1932 3220 cum
1967 3181 2100 3237 rege
2145 3236 2153 3237 η
2208 3163 2410 3232 gentes
2436 3159 2595 3214 verbi
2645 3157 2873 3214 semina
2919 3175 3128 3225 serere,
3154 3177 3219 3213 ac
3275 3158 3480 3215 solatia
3533 3155 3790 3212 ferentibus

447 3245 835 3318 Vulgarorum
867 3245 1215 3302 confirmare
1246 3252 1301 3302 et
1341 3248 1654 3304 Rastitium
1705 3256 1807 3306 aut
1851 3236 2096 3308 volendo
2127 3236 2168 3302 C
2208 3248 2562 3304 ministrare.
2586 3246 2750 3302 Nunc
2782 3251 2976 3302 autem
3019 3248 3156 3320 quia
3190 3248 3520 3304 Ludovicus
3551 3241 3788 3301 sublimis-

450 3339 551 3391 aut
581 3334 828 3390 nolendo
863 3333 973 3389 sibi
1006 3335 1371 3392 obedientem
1402 3339 1610 3406 facere,
1635 3356 1873 3396 oramus
1907 3341 2094 3396 omni-

446 3429 743 3497 potentem
773 3423 956 3480 Deum
989 3428 1054 3479 ut
1082 3423 1327 3498 angelus
1358 3428 1458 3498 qui
1491 3427 1601 3482 fuit
1631 3445 1764 3483 cum
1795 3430 1972 3486 Jacob
1995 3447 2094 3502 pa-

447 3513 722 3580 triarcha,
749 3513 825 3568 sit
846 3529 1078 3585 quoque
1103 3531 1232 3568 cum
1266 3514 1394 3587 ipso
1417 3520 1627 3571 etcum
1650 3517 1924 3574 omnibus
1949 3517 2092 3590 suis,

448 3607 506 3658 et
536 3603 680 3658 bene
711 3602 984 3674 disponat
1025 3603 1138 3658 iter
1164 3604 1314 3675 ejus,
1338 3609 1394 3659 et
1423 3621 1557 3660 cum
1590 3622 1730 3677 pace
1778 3611 1834 3662 et
1881 3607 2094 3679 gaudio

449 3694 772 3747 revertatur
800 3691 872 3746 ad
905 3691 1159 3762 propria.

519 3779 635 3834 ΧΠ.
669 3778 813 3844 Quia
856 3795 992 3834 vero
1033 3778 1179 3834 dicis
1226 3781 1380 3851 quod
1411 3780 1949 3840 Christianissimus
1997 3802 2095 3840 rex

447 3873 639 3941 speret
660 3868 814 3939 quod
839 3867 961 3939 ipse
984 3883 1082 3922 rex
1103 3867 1491 3941 Vulgarorum
1509 3872 1579 3926 ad
1606 3871 1777 3927 {idem
1801 3873 1940 3928 velit
1965 3891 2095 3929 con-

444 3957 588 4015 verti
611 3958 803 4028 etjam
828 3955 998 4011 multi
1020 3972 1088 4011 ex
1117 3957 1262 4029 ipsis
1283 3957 1596 4014 Christiani
1628 3961 1760 4016 facti
1792 3962 1930 4027 sint,
1962 3979 2093 4035 gra-

446 4047 560 4104 tias
584 4046 815 4120 agimus
838 4046 973 4112 Deo,
991 4061 1165 4117 quem
1189 4063 1497 4119 precamur
1519 4053 1581 4103 ut
1602 4049 1900 4105 abundare
1924 4051 2096 4108 faciat

448 4137 811 4192 incrementa
843 4135 1080 4207 frugum
1124 4135 1184 4191 in
1225 4136 1428 4192 horreo
1460 4154 1584 4192 suo.
1630 4137 1926 4210 Jejunium
1960 4158 2093 4197 vero

446 4242 550 4298 pro
580 4225 664 4282 eis
693 4229 749 4280 et
776 4224 1088 4293 orationes,
1112 4225 1264 4280 sicut
1293 4242 1394 4297 per
1423 4230 1478 4280 te
1508 4225 1793 4294 hortatur,
1816 4228 1930 4284 Deo
1962 4247 2092 4302 pro-

447 4314 588 4387 pitio
621 4313 924 4369 faciemus.

516 4403 665 4458 XIII.
687 4403 968 4458 Praeterea
990 4403 1187 4460 fateris
1209 4404 1360 4475 quod
1386 4404 1801 4462 devotissimus
1823 4406 2094 4481 princeps

446 4492 789 4565 deprecetur
809 4507 913 4547 nos
935 4496 999 4547 ut
1030 4492 1079 4548 si
1110 4492 1323 4563 aliquis
1355 4492 1662 4548 sinistrum
1684 4496 1990 4568 quippiam
2024 4498 2095 4554 de

2205 3337 2394 3392 simus
2425 3353 2521 3392 rex
2560 3352 2663 3407 per
2692 3335 3063 3392 Salomonem
3095 3335 3486 3392 venerabilem
3516 3334 3789 3406 episcopum

2204 3426 2457 3482 civitatis
2485 3425 2972 3493 Constantiensis,
2999 3431 3196 3482 nostro
3232 3425 3464 3481 studuit
3504 3417 3792 3496 apostolatui

2206 3516 2499 3581 intimare,
2517 3515 2672 3587 quod
2695 3515 2801 3585 piae
2824 3515 3114 3570 memorim
3148 3515 3480 3570 Ludovicus
3496 3513 3566 3583 (α)
3590 3510 3702 3582 pius
3719 3507 3793 3560 im-

2205 3609 2436 3678 perator
2480 3603 2814 3676 progenitor
2845 3605 2919 3675 (ὁ)
2951 3621 3115 3672 suus,
3151 3604 3470 3676 quemdam
3503 3597 3795 3657 monachum

2205 3695 2439 3749 nomine
2469 3692 2860 3748 Anscharium
2902 3693 2972 3748 de
3013 3693 3374 3749 monasterio
3405 3687 3703 3747 Corbeiensi
3728 3690 3797 3739 tu-

2204 3782 2388 3848 lisset,
2411 3787 2466 3836 et
2497 3781 2839 3838 collocasset
2879 3799 3012 3837 eum
3052 3782 3224 3852 juxta
3265 3781 3492 3838 Albiam
3524 3777 3728 3834 fluvium
3754 3772 3796 3826 in

2203 3871 2533 3927 conﬁnibus
2596 3875 2888 3926 Danorum
2947 3875 3368 3944 Saxonumque
3406 3874 3473 3939 (c)
3507 3869 3561 3922 in
3614 3859 3797 3920 castello

2207 3960 2624 4031 llammeburg,
2658 3959 2809 4014 inter
2857 3960 3005 4016 duos
3048 3961 3453 4032 episcopatus,
3487 3958 3797 4013 Bremensem

2205 4048 2426 4105 scilicet
2456 4054 2512 4104 et
2540 4048 2916 4105 Verdensem.
2943 4049 3021 4104 De
3054 4049 3278 4120 quibus
3323 4048 3529 4104 tollens
3557 4038 3797 4100 ecclesias,

2204 4145 2261 4192 et
2290 4138 2548 4193 decimas
2597 4137 2667 4192 ad
2702 4137 3189 4194 sustentationem
3235 4135 3586 4210 provehendi
3624 4123 3801 4204 praefati

2197 4229 2324 4299 jam
2373 4227 2626 4298 episcOpi
2677 4226 3136 4298 clericorumque
3184 4228 3341 4296 ejus.
3376 4223 3726 4282 condonasset
3757 4214 3798 4267 in

2205 4317 2477 4389 praedicto
2511 4315 2655 4382 loco,
2682 4321 2999 4383 annuente,
3029 4331 3094 4370 ac
3127 4313 3424 4371 solemnia
3449 4313 3593 4370 sedis
3622 4308 3800 4382 aposto-

2203 4404 2326 4460 licae
2348 4403 2649 4476 privilegia
2681 4404 2971 4475 praebente
3000 4404 3430 4476 prmdecessore
3468 4407 3647 4458 nostro
3673 4399 3797 4452 bona!

2205 4493 2498 4551 memoriae
2530 4493 2805 4565 Gregorio
2864 4509 3033 4565 papa.
3069 4493 3254 4564 Cujus
3305 4498 3364 4549 et
3413 4489 3719 4547 auctoritate
3753 4479 3797 4534 in

445 4581 547 4638 illo
567 4581 737 4638 nobis
755 4597 857 4654 per
878 4581 1127 4637 missum
1150 4597 1250 4636 seu
1269 4597 1372 4652 per
1391 4581 1699 4653 epistolam
1718 4583 2092 4652 intimaverit,
2123 4605 2171 4673 Β
2203 4581 2538 4656 supradicto
2559 4580 3088 4654 Nordalbingorum
3108 4581 3327 4653 populo
3356 4581 3521 4637 sedes
3541 4573 3801 4673 constituta

446 4686 561 4724 non
594 4671 646 4724 ei
679 4671 985 4724 credamus
1035 4668 1384 4740 priusquam
1431 4668 1558 4742 ipse
1595 4671 1790 4728 venire
1837 4691 2092 4745 praesens
2123 4662 2168 4690 ’τ
2201 4678 2290 4728 est
2321 4669 2837 4742 archiepiscopalis
2870 4671 2930 4724 in
2961 4669 3198 4726 castello
3230 4671 3507 4743 superius
3537 4662 3798 4722 memorato

443 4755 533 4812 vel
565 4772 706 4811 suos
728 4756 966 4813 idoneos
991 4757 1222 4830 lugatos
1245 4758 1316 4813 ad
1344 4775 1450 4814 nos
1469 4760 1655 4830 possit
1675 4763 2091 4820 transmittere.

445 4845 548 4900 Cui
571 4845 979 4902 renuntiamus
1001 4846 1138 4919 quia
1158 4864 1264 4903 nos
1290 4847 1504 4920 pignus
1526 4850 1997 4920 repromissionis
2016 4854 2095 4908 di-

442 4933 710 4990 lectionis
731 4938 786 4990 et
807 4935 1129 4992 devotionis
1160 4954 1277 4992 suae
1304 4935 1645 4992 retinemus.
1663 4940 1841 5011 Cujus
1873 4958 2093 4997 memo-

444 5039 558 5091 res,
591 5023 639 5078 si
672 5024 811 5095 quid
845 5025 914 5080 de
945 5024 1070 5096 ipso
1116 5043 1330 5081 saevum
1384 5026 1529 5082 forte
1573 5027 1933 5095 audiremus,
1965 5035 2092 5085 tan-

445 5129 623 5185 quam
656 5113 706 5169 si
739 5131 1014 5169 ranarum
1047 5120 1252 5170 cantus
1273 5114 1566 5170 declinare
1595 5117 2095 5174 studebimus.Ve—

444 5217 577 5258 rum
600 5201 723 5273 ipse
755 5219 985 5274 semper
1015 5209 1282 5273 operetur
1323 5203 1478 5257 unde
1517 5203 1907 5274 tripudiantes
1939 5205 2090 5262 laete-

444 5306 581 5347 mur
609 5296 667 5346 et
697 5291 770 5346 ob
803 5290 858 5345 id
891 5291 1008 5346 Deo
1038 5291 1254 5363 gratias
1281 5289 1508 5345 debitas
1537 5293 1957 5362 persolvamus.

512 5378 656 5436 XIV.
682 5379 855 5435 Porro
886 5379 1262 5435 asserverasti
1303 5380 1456 5451 quod
1489 5379 1740 5438 domnus
1785 5400 1884 5438 rex
1923 5385 2091 5442 nobis

535 5502 589 5576 ᾳ)
619 5503 791 5576 Deest
821 5503 880 5559 in
911 5502 1084 5560 editis
1115 5503 1400 5572 Bolland.,
1429 5505 1576 5576 pius.

535 5519 571 5558 α
621 5503 791 5559 Deest
821 5503 880 5559 in
911 5502 1048 5558 editi

513 5502 589 5718 ib;
619 5573 785 5643 Boll.,
816 5576 1048 5645 genitor.

513 5647 565 5718 (ο
617 5643 784 5717 ΒοΙΙ.,
813 5655 865 5704 et
891 5646 1048 5706 διαυο

513 5643 585 5721 (ο)
617 5643 784 5717 ΒοΙΙ.,
813 5643 865 5704 et
891 5646 1196 5706 Slavorum.

2205 4760 2621 4829 Hammeburg,
2653 4763 2710 4813 et
2747 4757 2805 4812 in
2849 4759 3052 4814 eadem
3085 4775 3322 4830 quoque
3375 4757 3511 4813 sedc
3559 4755 3755 4822 accepto
3778 4760 3801 4796 8

2204 4851 2339 4906 sede
2369 4847 2689 4921 apoctolica
2719 4846 2914 4918 pallio,
2938 4847 3417 4919 archiepiscopus
3450 4845 3659 4918 primus
3685 4832 3802 4892 ordi-

2204 4944 2379 4994 natus
2409 4941 2498 4992 est
2518 4935 3008 5003 Anscharius,cui
3031 4954 3065 4991 a
3096 4937 3335 5008 prazfato
3362 4935 3437 5008 (cl)
3461 4947 3675 4990 summo
3692 4939 3800 4999 pon-

2203 5029 2358 5083 tiﬁce
2389 5025 2652 5098 delegata
2681 5029 2770 5081 est
2808 5042 2949 5081 cura
2993 5025 3323 5082 seminandi
3374 5024 3605 5080 verbum
3635 5014 3733 5079 Dei,
3758 5013 3798 5063 ει

2203 5115 2432 5171 animas
2464 5114 2579 5170 Deo
2624 5113 2888 5169 lucrandi
2915 5115 3000 5185 (θ).
3025 5115 3207 5185 Cujus
3255 5109 3631 5185 delegationis
3658 5107 3703 5160 et
3726 5113 3799 5154 au-

2202 5203 2510 5271 ctoritatis,
2538 5219 2604 5258 ac
2633 5202 2794 5274 pallii
2835 5203 3189 5275 acceptionis
3219 5202 3438 5275 pagina
3483 5196 3641 5254 nobis
3683 5192 3798 5246 θεία

2201 5293 2436 5365 ρτωίειὶο
2468 5291 2586 5347 filio
2628 5296 2825 5346 nostro
2861 5291 3151 5348 Ludovico
3182 5307 3316 5364 rege
3349 5307 3453 5362 per
3473 5289 3594 5360 jam
3622 5282 3800 5339 dictum

2201 5383 2571 5439 Salomonem
2631 5379 3072 5436 sanctissimum
3136 5381 3483 5453 episcopum
3537 5366 3799 5430 destinata:

2269 5503 3140 5589 (d)Eallznenlesiteurm:.
3212 5577 3222 5589 .
3311 5575 3323 5586 .
3375 5575 3386 5585 .

2269 5571 2338 5650 (ej
2372 5579 2474 5633 Hic
2504 5577 2721 5658 desinit
2761 5571 2907 5633 Boll.
2940 5577 3050 5633 Sed
3083 5576 3180 5660 hic
3208 5575 3418 5647 incipit
3455 5571 3754 5640 excerptum
3779 5572 3806 5611 II

2198 5650 2509 5708 Remberto
2543 5666 2600 5705 1n
2632 5647 2762 5705 Vita
2792 5649 2851 5707 S.
2882 5651 3153 5724 Ansgaru
3185 5649 3411 5707 datum.
