3992 6150
187 390 311 452 877

1401 389 1810 452 EPISTOLIE
1852 387 1954 451 ET
1995 388 2383 452 DECRETA.

3477 394 3599 455 8'78

179 523 358 594 juxta
379 537 600 578 morem
622 524 842 577 sanctae
864 521 1137 578 Romanas
1154 521 1425 578 Ecclesiae
1447 520 1720 578 ebullata.
1738 521 1844 577 Per
1869 521 1927 592 Α
1955 524 2012 576 et
2038 521 2303 577 facienda
2334 538 2464 578 esse
2513 538 2629 578 non
2679 521 3041 589 dubitamus,
3075 524 3328 580 maxime
3376 525 3432 580 in
3478 530 3599 582 tam

187 612 363 683 cujus
392 610 618 683 pagina:
642 615 901 666 tenorem
919 610 1040 666 haee
1068 611 1152 666 ita
1180 611 1333 667 facta
1354 611 1534 667 fuisse
1563 609 1843 683 comperi-

186 700 521 763 mus,sicut
549 699 736 771 pietas
767 698 938 755 nobis
959 699 1085 770 jam
1119 700 1339 773 praefati
1372 700 1526 774 regis
1558 717 1661 773 per
1706 700 1842 755 ﬁde-

184 789 306 845 lem
335 788 527 843 virum
560 786 931 844 Salomonem
964 787 1300 861 episcopum
1334 789 1645 845 intimavit.
1680 789 1837 845 Unde

184 895 298 934 nos
325 876 571 950 vestigia
596 876 744 932 tanti
776 876 1073 949 pontiﬁcis
1097 883 1155 933 et
1185 878 1627 950 praedecessoris
1658 877 1842 934 nostri

185 965 452 1040 Gregorii
475 969 807 1038 sequentes,
826 982 1179 1037 omnemque
1210 966 1326 1022 Deo
1358 966 1597 1040 dignam
1628 967 1705 1023 ibi
1730 970 1843 1022 sta-

184 1060 377 1111 tutam
408 1054 831 1124 providentiam
863 1059 1265 1127 agnoscentes,
1297 1072 1643 1128 magnorum
1673 1056 1839 1128 prin-

186 1145 392 1217 cipum
412 1147 632 1210 votum,
650 1142 923 1199 Ludovici
942 1142 1212 1199 videlicet
1246 1143 1389 1199 divae
1424 1142 1842 1200 recordationis

182 1233 459 1308 Augusti,
477 1237 533 1289 et
561 1232 836 1305 aequivoci
869 1233 997 1304 ejus
1027 1232 1130 1288 ﬁlii
1161 1232 1630 1290 excellentissimi
1665 1234 1838 1307 regis,

183 1328 307 1378 tam
339 1322 522 1394 hujus
552 1320 880 1394 apostolicae
912 1321 1278 1377 auctoritatis
1319 1326 1625 1394 praecepto,
1660 1339 1838 1394 quam

181 1411 362 1468 etiam
397 1409 559 1482 pallii
588 1408 822 1466 datione
870 1425 1031 1465 more
1081 1410 1573 1482 praedecessorum
1621 1415 1842 1467 nostro-

183 1518 317 1556 rum
348 1499 624 1555 roborare
646 1498 1028 1567 decrevimus,
1049 1502 1338 1570 quatenus
1366 1504 1529 1555 tanta
1560 1500 1840 1557 fundatus

182 1588 532 1645 auctoritate
552 1585 1011 1660 praenominatus
1040 1587 1398 1643 Anscharius
1448 1587 1675 1660 primus
1702 1589 1841 1645 Nor-

181 1677 598 1751 dalbingorum
629 1675 1125 1748 archiepiscopus,
1141 1679 1196 1732 et
1228 1682 1359 1749 post
1387 1676 1584 1749 ipsum
1616 1694 1841 1734 succes-

183 1784 346 1824 sores
375 1767 528 1838 ejus,
561 1764 861 1821 lucrandis
892 1763 1164 1836 plebibus
1193 1765 1838 1832 insistentes,adversus

180 1858 547 1912 tentamenta
563 1852 779 1909 diaboli
800 1852 1110 1909 validiores
1131 1852 1404 1909 existant.
1425 1855 1623 1926 Ipsum
1650 1853 1834 1910 ﬁlium

181 1948 451 2000 nostrum
475 1944 604 2015 jam
628 1941 852 1997 dictum
880 1941 1270 1997 Anscharium
1301 1941 1556 2013 legatum
1601 1942 1661 1997 in
1711 1959 1835 1998 om-

180 2034 359 2089 nibus
385 2032 847 2103 circumquaque
875 2031 1151 2104 gentibus
1198 2031 1504 2098 Sueorum,
1539 2030 1835 2087 Danorum

178 2127 235 2179 et
264 2122 595 2187 Slavorum,
627 2135 693 2176 ac
723 2119 784 2176 in
814 2119 1036 2175 caeteris
1066 2118 1405 2191 ubicunque
1434 2118 1552 2175 illis
1599 2118 1660 2174 in
1702 2136 1836 2191 par-

178 2212 342 2268 tibus
383 2208 720 2266 constitutis
768 2208 963 2263 divina
1004 2208 1189 2281 pietas
1245 2207 1464 2264 ostium
1523 2209 1831 2281 aperuerit,

177 2300 480 2375 publicam
534 2296 969 2371 evangelizandi
1010 2280 1343 2352 tribuimus
1407 2280 1832 2353 auctoritatem:

176 2390 501 2464 Ipsumque
559 2387 759 2443 sedem
829 2384 1379 2459 Nordalbingorum,
1444 2387 1838 2459 Hammeburg

175 2480 418 2544 dictam,
452 2477 514 2531 in
544 2476 825 2532 honorem
860 2476 920 2531 S.
953 2474 1291 2541 Salvatoris,
1322 2478 1655 2547 sanctasque
1705 2476 1836 2547 ejus

174 2568 538 2624 intemeratae
568 2563 876 2621 Genitricis
906 2580 1140 2637 semper
1186 2563 1441 2637 Virginis
1474 2562 1666 2619 Mariae
1698 2580 1834 2620 con-

175 2660 495 2722 secratam,
526 2653 800 2725 deinceps
825 2668 954 2709 esse
986 2652 1355 2709 decernimus
1376 2652 1839 2726 archiepiscopa-

176 2746 313 2802 lem.
348 2746 537 2815 Atque
568 2747 633 2802 ut
675 2742 897 2798 strenui
948 2741 1346 2814 praadicatoris
1395 2742 1675 2814 episcopi,
1705 2747 1839 2814 post

177 2835 493 2891 decessum
513 2831 654 2888 dicti
674 2830 981 2887 Anscharii
1015 2830 1672 2903 archiepiscopi,crehro
1712 2848 1837 2903 per-

177 2940 329 2980 sena
358 2926 521 2978 tanto
550 2921 743 2977 ofﬁcio
781 2924 916 2994 apta
965 2918 1216 2991 eligatur
1263 2936 1495 2991 semper
1540 2919 1837 2976 successio

176 3011 578 3088 (successura)
607 3009 718 3065 sub
749 3007 930 3064 divini
961 3008 1348 3064 obtestatione
1370 3006 1581 3079 judicii
1627 3007 1834 3063 statui-

177 3118 341 3157 mus.
374 3099 593 3155 Verum
645 3098 784 3170 quia
830 3096 1070 3153 Carolus
1120 3112 1238 3161 rex,
1282 3097 1460 3151 frater
1516 3095 1836 3169 supradicti

174 3190 336 3263 regis
382 3187 678 3253 Ludovici,
702 3190 834 3260 post
885 3186 1191 3243 decessum
1240 3185 1610 3258 imperatoris
1654 3185 1837 3257 patris

1866 1896 1913 1962 B

1951 609 2188 666 novellae
2246 610 2707 667 Christianitatis
2764 610 3142 683 plantatione,
3178 612 3238 667 in
3290 631 3406 685 qua
3455 613 3599 669 varii

1951 698 2142 755 solent
2168 703 2406 755 eventus
2436 698 2789 772 contingere.
2825 700 3214 768 Quamobrem
3257 704 3601 759 auctoritate

1950 787 2367 860 omnipotentis
2398 787 2524 855 Dei,
2555 792 2612 843 et
2640 788 2941 845 beatorum
2995 789 3393 861 apostolorum
3442 792 3599 848 Petri

1951 881 2007 932 et
2038 876 2199 932 Pauli
2224 876 2336 932 hoc
2365 880 2566 933 nostro
2596 876 2825 932 decreto
2854 876 3247 943 decernimus,
3271 880 3597 935 secundum

1950 964 2400 1022 reverentissimi
2439 964 2580 1039 regii
2612 965 2885 1021 Ludovici
2934 968 3157 1029 votum,
3188 966 3348 1039 ipsas
3396 968 3597 1041 praedi-

1950 1059 2071 1111 ctas
2103 1055 2401 1121 diceeeses,
2434 1054 3033 1127 Hammeburgensem
3062 1054 3330 1112 videlicet
3375 1060 3431 1112 et
3469 1057 3598 1113 Bro-

1950 1160 2235 1211 mensem,
2270 1161 2384 1199 non
2436 1143 2710 1215 deinceps
2764 1144 2933 1212 duas,
2966 1143 3067 1199 sed
3128 1162 3306 1200 unam
3355 1161 3503 1212 esse,
3538 1148 3596 1201 et

1947 1232 2159 1301 vocari,
2193 1232 2483 1303 subdique
2530 1232 2673 1298 sedi,
2715 1248 2844 1303 quae
2908 1233 3351 1303 praedecessoris
3407 1234 3594 1289 nostri

1947 1321 2179 1376 decreto
2208 1318 2685 1391 archiepiscopali
2728 1325 2812 1375 est
2860 1336 3101 1375 munere
3144 1320 3479 1388 sublimata,
3515 1338 3599 1378 re-

1948 1410 2155 1465 stituta
2183 1411 2468 1466 duntaxat
2497 1409 2567 1464 de
2598 1409 2928 1465 Bremensis
2958 1409 3224 1465 Ecclesiae
3259 1411 3434 1466 rebus
3473 1411 3596 1483 epi-

1947 1499 2214 1572 sc0patui
2243 1497 2523 1555 Verdensi
2554 1497 2705 1570 parti
2740 1497 2874 1553 inde
2895 1497 3332 1554 ablata.Nullus
3362 1516 3494 1557 vero
3512 1517 3599 1555 ar-

1947 1589 2357 1662 chiepiscopus
2386 1586 2749 1643 Coloniensis
2777 1585 2958 1642 ullam
2990 1586 3264 1660 deinceps
3302 1588 3363 1643 in
3393 1589 3596 1646 eadem

1948 1676 2180 1734 dioecesi
2213 1675 2468 1731 vindicet
2497 1675 2612 1731 sibi
2638 1675 3073 1744 aucioritatem;
3098 1674 3362 1747 quinimo
3381 1681 3439 1734 et
3459 1677 3596 1750 ipsi,

1946 1771 2003 1823 et
2032 1765 2308 1823 omnibus
2339 1762 2576 1819 omnino
2609 1764 2930 1819 suademus
2958 1780 3105 1819 vera:
3135 1764 3436 1838 religionis
3479 1766 3598 1821 cul-

1945 1855 2192 1923 toribus,
2225 1858 2289 1908 ut
2319 1868 2484 1909 sacra
2508 1851 2630 1907 haec
2658 1851 2946 1924 legatione
2972 1852 3352 1926 fungentibus
3376 1856 3602 1928 adjuto-

1946 1944 2031 2000 rio
2060 1943 2178 1999 sint
2208 1946 2265 1997 et
2295 1940 2522 2006 solatio,
2555 1944 2846 2011 quatenus
2870 1941 3059 2013 gratia
3107 1941 3287 2015 hujus
3330 1943 3598 2000 beneﬁcii

1944 2032 2178 2106 plenam
2211 2029 2538 2086 mercedem
2588 2029 2843 2100 recipere
2872 2034 3207 2086 mereantur
3261 2032 3333 2087 ab
3381 2049 3448 2087 eo
3498 2034 3599 2105 qui

1944 2122 2089 2178 dixit
2122 2140 2135 2178 :
2170 2122 2262 2189 Ite,
2295 2120 2473 2176 docete
2502 2135 2686 2175 omnes
2716 2127 2929 2188 gentes;
2951 2124 3042 2175 et:
3066 2123 3388 2194 Quicunque
3408 2126 3603 2196 recipit

1942 2229 2054 2277 vos,
2086 2227 2175 2267 me
2199 2207 2613 2281 recipit(Matth.
2655 2226 2691 2262 x
2740 2216 2791 2264 et
2838 2208 3060 2280 xxvm).
3110 2209 3309 2282 Itaque
3339 2211 3537 2267 omnia
3566 2230 3601 2268 a

1944 2301 2152 2357 dilecto
2185 2298 2302 2354 ﬁlio
2332 2300 2531 2353 nostro
2590 2296 2877 2353 Ludovico
2927 2298 2998 2352 ad
3040 2297 3149 2353 hoc
3197 2299 3313 2355 Deo
3352 2299 3598 2374 dignum

1944 2390 2203 2448 ofﬁcium
2235 2388 2533 2460 deputata,
2561 2390 2762 2441 nostra
2784 2385 2954 2441 etiam
2982 2385 3076 2459 pia
3096 2388 3223 2459 ejus
3242 2392 3374 2444 vota
3397 2394 3598 2446 aucto-

1944 2480 2113 2535 ritate
2147 2477 2477 2533 ﬁrmamus.
2511 2475 2581 2529 Et
2627 2475 2767 2547 quia
2813 2492 2985 2531 casus
3035 2477 3459 2549 praeteritorum
3491 2497 3598 2536 nos

1944 2573 2145 2625 cautos
2178 2564 2399 2621 faciunt
2426 2564 2485 2619 in
2521 2564 2995 2624 futurum.omne
3026 2583 3262 2638 quoque
3292 2567 3602 2625 adversan.

1943 2655 2190 2725 tem,vel
2221 2652 2737 2720 contradicentem,
2762 2657 2936 2725 atque
2987 2655 3203 2711 nostris
3246 2655 3338 2712 his
3384 2657 3599 2714 studiis

1944 2741 2503 2820 quoquomodolibet
2520 2740 2893 2797 insidiantem
2913 2742 3304 2800 anathematis
3319 2762 3599 2803 mucrone

1945 2832 2325 2909 percutimus,
2349 2836 2521 2901 atque
2540 2834 2828 2900 perpetuae
2855 2829 3091 2885 ultionis
3114 2848 3276 2887 reum
3310 2833 3601 2890 diabolica

1945 2928 2098 2981 sorte
2126 2923 2498 2989 damnamus,
2520 2921 2585 2972 ut
2614 2917 2845 2972 culmen
2869 2918 3248 2990 apostolicum
3274 2937 3434 2976 more
3456 2939 3598 2993 prs:-

1944 3015 2317 3069 decessorum
2352 3011 2685 3063 nostrorum
2718 3023 3074 3078 causamque
3100 3006 3201 3063 Dei
3243 3007 3337 3080 pio
3387 3010 3595 3066 alfectu

1943 3099 2305 3166 zelantes,ab
2337 3095 2594 3152 adversis
2627 3094 2763 3151 hinc
2790 3094 2926 3151 inde
2955 3096 3222 3167 partibus
3254 3098 3440 3154 tutius
3474 3115 3598 3154 mu-

1945 3190 2195 3245 niamur.
2219 3186 2291 3259 (α)
2318 3186 2382 3241 Et
2422 3185 2559 3257 quia
2591 3189 2666 3251 te,
2693 3183 3037 3240 charissime
3070 3184 3150 3239 ﬁli
3181 3185 3488 3255 Anschari,
3508 3187 3596 3243 di-

171 3279 287 3347 sui,
312 3277 427 3352 pia
460 3275 752 3332 memoriae
778 3274 1072 3340 Ludovici,
1094 3273 1338 3330 abstulit
1359 3291 1392 3329 a
1414 3274 1833 3347 praenominato
1863 3264 1905 3331 C
1944 3279 2075 3333 vina
2104 3274 2412 3333 clementia
2441 3290 2588 3328 nova
2617 3272 2676 3328 in
2708 3273 2843 3329 sede
2869 3273 3125 3346 primum
3159 3274 3595 3348 disposuitesse

170 3368 324 3435 loco,
360 3367 463 3438 qui
504 3365 722 3421 dicitur
750 3363 1168 3436 Hammeburg,
1202 3362 1645 3431 monasterium,
1680 3363 1836 3434 quod

171 3455 508 3530 appellatur
537 3452 803 3521 Turholt,
839 3452 1021 3508 situm
1070 3452 1131 3507 in
1181 3451 1525 3508 occidentali
1571 3451 1833 3519 Francia,

171 3546 327 3618 quod
361 3543 483 3600 illis
512 3543 741 3617 genitor
763 3559 909 3598 suus
933 3542 1004 3598 ad
1028 3540 1507 3614 supplementum
1531 3544 1589 3596 et
1617 3539 1834 3596 victum

171 3633 487 3706 episcopos
541 3636 598 3687 et
656 3628 882 3687 clericis
940 3631 1068 3701 ejus
1129 3630 1388 3697 dederat,
1423 3632 1741 3702 cceperunt,
1772 3632 1838 3684 ut

171 3719 645 3792 fertur,ministri
662 3718 865 3776 altaris
885 3716 1601 3776 recedere.Deﬁcientibus
1622 3718 1837 3791 quippe

170 3807 527 3868 necessariis
552 3808 910 3882 sumptibus,
946 3808 1018 3863 ab
1051 3807 1196 3879 ipsis
1242 3811 1607 3863 recesserunt
1655 3806 1839 3880 genti-

173 3898 594 3968 bus,eteadem
612 3898 682 3954 ad
697 3900 899 3971 gentes
916 3895 1126 3968 legatio
1140 3913 1242 3968 per
1262 3895 1599 3967 hujusmodi
1614 3896 1835 3952 factum

172 3988 410 4045 defecit.
444 3991 579 4060 Ipsa
608 4002 842 4061 quoque
879 3983 1215 4058 metropolis
1264 3984 1663 4058 Hammeburg
1691 4001 1837 4057 pene

171 4079 414 4134 deserta
442 4081 532 4133 est
561 4076 733 4132 facta.
759 4074 946 4149 Igitur
967 4073 1108 4130 dum
1135 4074 1255 4129 haec
1288 4078 1622 4146 agerentur,
1638 4074 1838 4129 defun-

173 4172 306 4224 ctus
337 4170 433 4222 est
452 4165 821 4222 diazcesanus
853 4162 1208 4229 Bremensis,
1240 4179 1368 4235 qua:
1399 4162 1536 4218 huic
1566 4160 1838 4235 contigua

172 4273 303 4313 esse
335 4254 577 4311 dicitur.
612 4255 877 4325 Cumque
908 4269 1059 4324 saepe
1089 4251 1283 4308 dictus
1314 4267 1412 4306 rex
1445 4254 1501 4307 et
1530 4250 1680 4307 hanc
1701 4249 1837 4306 dim-

173 4346 357 4401 cesim
409 4347 737 4410 vacantem,
770 4346 829 4397 et
878 4340 1037 4396 illam
1071 4339 1359 4397 novellam
1408 4339 1836 4396 institutionem

172 4436 443 4490 cerneret
493 4432 893 4500 deﬁcientem;
927 4430 1168 4502 insuper
1225 4433 1281 4485 et
1330 4432 1640 4502 utramque
1684 4428 1837 4485 hanc

169 4520 627 4588 Ecclesiam,Dei
662 4519 1035 4593 permittente
1065 4517 1292 4574 occulto
1316 4518 1564 4590 judicio,
1584 4535 1686 4591 per
1705 4518 1835 4574 bar-

1945 3366 2471 3437 archiepisc0pum,
2508 3379 2731 3435 nosque
2760 3362 2867 3417 tibi
2898 3362 3142 3435 pallium
3173 3364 3242 3419 ad
3278 3364 3595 3421 missarum

1945 3454 2229 3512 solemnia
2256 3452 2600 3508 celebranda
2619 3450 2964 3520 tribuimus;
2990 3452 3143 3524 quod
3167 3452 3273 3508 tibi
3303 3452 3362 3509 in
3385 3453 3596 3512 diebus

1944 3544 2063 3600 tuis
2094 3543 2199 3610 uti,
2216 3539 2553 3597 etEcclesiie
2575 3544 2686 3595 tuae
2715 3544 2991 3612 perpetuo
3014 3541 3193 3596 statui
3217 3542 3592 3601 manentibus

1945 3630 2260 3706 privilegiis
2305 3629 2388 3685 uti
2439 3628 2744 3701 largimur,
2775 3628 2989 3685 idcirco
3032 3629 3211 3703 hujus
3260 3631 3590 3688 indumenti

1945 3722 2131 3778 honor
2151 3738 2184 3776 a
2213 3724 2269 3775 te
2300 3719 2620 3775 servandus
2651 3721 2740 3773 est
2770 3734 3000 3773 morum
3020 3717 3417 3777 vivacitate.Si
3457 3737 3593 3794 ergo

1945 3814 2207 3883 pastores
2229 3807 2423 3864 ovium
2442 3806 2561 3863 sole
2583 3805 2833 3879 geluque
2856 3824 2959 3880 pro
2979 3808 3175 3881 gregis
3198 3809 3288 3865 sui
3310 3810 3595 3885 custodia,

1945 3918 2017 3956 ne
2046 3917 2163 3973 qua
2211 3916 2280 3955 ex
2327 3897 2410 3953 eis
2459 3900 2560 3952 aut
2604 3896 2852 3952 errando
2884 3902 3106 3968 pereat,
3138 3902 3240 3954 aut
3269 3898 3471 3955 ferinis
3520 3898 3601 3953 la-

1945 3988 2161 4043 nianda
2178 3986 2492 4043 morsibus.
2509 3984 2694 4040 oculis
2712 4001 2943 4057 semper
2957 3985 3335 4059 vigilantibus
3349 3988 3599 4043 circum-

1945 4080 2226 4151 spectant,
2263 4077 2485 4147 quanto
2516 4074 2748 4141 sudore,
2774 4078 3109 4147 quantaque
3141 4091 3279 4131 cura
3314 4076 3598 4133 debemus

1944 4182 2072 4222 esse
2102 4162 2413 4236 pervigiles
2455 4177 2582 4228 nos,
2612 4161 2710 4233 qui
2760 4164 3023 4233 pastores
3072 4162 3404 4218 animarum
3446 4162 3596 4219 dici-

1944 4271 2098 4320 mur,
2134 4251 2530 4316 attendamus,
2564 4255 2620 4303 et
2653 4265 2725 4304 ne
2755 4254 3097 4321 susceptum
3129 4251 3390 4307 ofﬁcium
3410 4251 3469 4306 in
3493 4256 3601 4307 ter-

1945 4343 2102 4400 renis
2134 4339 2386 4413 negotiis
2416 4336 2788 4410 aliquatenus
2818 4337 3120 4411 implicare
3150 4340 3600 4408 debeas,admo-

1945 4447 2190 4499 nemus;
2222 4427 2455 4500 vitaque
2477 4431 2579 4482 tua
2614 4425 2691 4481 sit
2713 4425 2850 4482 ﬁliis
2870 4426 2988 4484 tuis
3010 4428 3120 4483 via.
3138 4428 3200 4483 In
3223 4427 3372 4502 ipsa,
3398 4428 3446 4484 si
3485 4446 3602 4501 qua

1944 4520 2223 4577 fortitudo
2246 4516 2363 4573 illis
2391 4515 2568 4586 inest,
2601 4514 2880 4588 dirigant,
2906 4516 2965 4571 in
3011 4533 3078 4573 ea
3108 4517 3262 4589 quod
3294 4516 3601 4572 imitentur

170 4612 457 4668 barorum
491 4608 771 4666 saevitiam
805 4607 1126 4664 admodum
1157 4610 1546 4675 attenuatam;
1580 4623 1837 4678 quaerere
1866 4633 1914 4698 Β
1947 4607 2250 4682 aspiciant.
2285 4606 2348 4662 In
2381 4604 2510 4678 ipsa
2541 4620 2774 4677 semper
2803 4604 3226 4662 considerando
3266 4605 3597 4679 proﬁciant,

172 4700 372 4773 coepit,
390 4698 645 4772 qualiter
673 4697 951 4770 praedicta
983 4694 1317 4753 Bremensis
1348 4693 1607 4751 Ecclesia
1635 4695 1839 4767 praedi-

173 4794 277 4844 cta:
311 4787 554 4846 novellae
587 4783 1066 4859 archiepiscopali
1100 4784 1387 4851 uniretur,
1404 4787 1461 4839 et
1490 4784 1842 4842 subderetur

173 4878 324 4944 sedi,
356 4881 558 4934 nostro
583 4876 694 4933 hoc
716 4880 915 4931 votum
944 4874 1252 4931 roborante
1285 4873 1534 4928 decreto.
1553 4872 1716 4929 Unde
1739 4891 1841 4948 per

174 4982 334 5039 saepe
395 4966 620 5023 dictum
674 4962 1065 5022 venerabilem
1142 4962 1391 5018 missum
1467 4960 1839 5019 Salomonem

175 5056 689 5111 Constantiensem
722 5053 1085 5126 episcopum,
1112 5050 1285 5107 nobis
1331 5050 1440 5105 hoc
1472 5050 1722 5107 relatum
1753 5057 1842 5109 est

176 5144 681 5211 conﬁrmandum,
715 5159 783 5198 ac
814 5141 1176 5215 postulatum
1209 5143 1298 5196 est
1337 5142 1540 5195 nostra
1583 5141 1841 5196 auctori-

174 5235 303 5290 tate
334 5232 890 5289 roborandum.Nos
921 5245 1057 5301 ergo
1091 5229 1147 5283 id
1181 5226 1383 5285 subtili
1414 5230 1844 5301 perpendentes

174 5321 473 5391 examine,
499 5319 1024 5378 animadvertimus
1055 5320 1291 5390 propter
1311 5317 1629 5372 instantem
1652 5335 1844 5374 neces-

172 5412 420 5466 sitatem
466 5413 525 5466 et
571 5410 904 5466 animarum
954 5406 1119 5462 lucra
1164 5405 1223 5460 in
1273 5405 1545 5478 gentibus
1584 5411 1838 5477 ostensa,

175 5498 327 5555 utile
360 5499 502 5567 fore,
537 5496 737 5554 omnia
768 5514 895 5570 quae
926 5496 1191 5569 proﬁeua
1218 5493 1490 5550 Ecclesiae
1521 5495 1844 5566 probantur

174 5589 451 5657 existere,
485 5592 543 5645 et
568 5587 785 5649 divinis
817 5603 931 5643 non
968 5583 1255 5642 insultant
1301 5582 1625 5659 praeceptis,
1657 5583 1838 5657 licita,

254 5680 337 5757 (a)
369 5677 474 5737 Hic
504 5675 720 5736 desinit
752 5674 1116 5737 Rembertus.

1948 4701 2012 4753 ut
2041 4702 2211 4753 tuum
2248 4698 2380 4770 post
2421 4699 2603 4750 Deum
2630 4692 2895 4748 videatur
2920 4710 3047 4749 esse
3079 4694 3298 4750 bonum
3330 4697 3484 4766 quod
3517 4695 3599 4751 vi-

1948 4786 2155 4842 xerint.
2186 4785 2295 4841 Cor
2325 4800 2461 4857 ergo
2492 4787 2659 4837 tuum
2706 4798 2895 4854 neque
2938 4798 3235 4854 prospera,
3270 4800 3397 4856 quae
3446 4788 3601 4840 tem-

1948 4874 2223 4948 poraliter
2251 4871 2653 4937 blandiuntur,
2686 4868 2983 4939 extollant,
3018 4888 3207 4944 neque
3237 4873 3479 4929 adversa
3510 4873 3605 4929 de-

1941 4963 2171 5036 jiciant.
2200 4960 2539 5018 Districtum
2575 4959 2714 5014 mali
2738 4963 3114 5033 cognoscant,
3138 4961 3303 5033 pium
3334 4961 3599 5020 benevoli

1949 5053 2222 5110 sentiant.
2256 5050 2551 5106 Insontem
2583 5049 2736 5121 apud
2772 5053 2827 5104 te
2858 5049 3087 5106 malitia
3118 5050 3307 5107 aliena
3328 5070 3444 5108 non
3476 5069 3607 5107 ma—

1951 5141 2125 5209 culet,
2149 5156 2314 5196 reum
2362 5137 2550 5211 gratia
2597 5154 2710 5193 non
2743 5144 2995 5195 excuset.
3026 5139 3234 5197 Viduis
3273 5145 3330 5197 et
3359 5140 3600 5214 pupillis

1950 5230 2164 5300 injuste
2195 5226 2492 5300 oppressis
2518 5226 2777 5283 defensio
2808 5230 2909 5283 tua
2938 5229 3264 5286 subveniat.
3299 5230 3461 5297 Ecce,
3487 5228 3600 5282 fra-

1950 5322 2039 5375 ter
2068 5314 2596 5381 charissime,inter
2625 5315 2813 5371 multa
2833 5315 3091 5386 alia,ista
3113 5321 3251 5375 sunt
3273 5314 3602 5383 sacerdotii,

1950 5407 2067 5464 ista
2111 5410 2249 5463 sunt
2296 5402 2478 5478 pallii.
2512 5404 2645 5468 Quae
2679 5403 2727 5460 si
2771 5405 3030 5463 studiose
3080 5403 3416 5472 servaveris,
3448 5403 3603 5475 quod

1950 5497 2106 5554 foras
2138 5495 2431 5568 accepisse
2462 5493 2810 5562 ostenderis,
2843 5495 3003 5552 intus
3052 5493 3313 5551 habebis.
3354 5492 3602 5549 Verum-

1950 5591 2146 5647 tamen
2178 5585 2293 5644 ista
2336 5582 2534 5643 omnia
2581 5583 2852 5663 superius
2900 5600 3142 5654 annexa,
3175 5583 3246 5643 ab
3282 5580 3603 5659 apostolico,
