4036 6132
177 281 296 343 889

1385 281 1795 347 EPISTOLE
1834 281 1934 344 ET
1977 280 2368 346 DEGRETA.

3464 284 3587 348 890

174 416 311 474 dere
340 431 578 473 necesse
607 417 786 483 est,ut
804 414 1009 474 beatus
1035 432 1186 490 papa
1201 415 1577 473 Innocentius
1595 415 1667 472 ad
1700 415 1822 473 Ale-
1850 415 1905 483 Α
1934 414 2045 472 sibi
2078 411 2180 472 aut
2208 415 2484 474 ecclesias
2532 433 2648 474 non
2697 415 3023 487 convenire,
3055 422 3159 476 aut
3181 418 3254 477 ab
3303 420 3584 494 apostolis

171 507 463 563 xandrum
486 504 913 562 Antiochenam
936 506 1199 563 scribens
1222 507 1402 578 (epist.
1425 508 1544 575 20):
1561 506 1820 571 Quorum

171 596 353 662 enim,
385 595 601 668 inquit,
631 600 688 651 te
719 595 974 651 maxima
1003 599 1298 668 exspectat
1339 612 1499 662 cura,
1533 596 1823 668 praecipue

170 691 341 742 tuum
371 685 586 740 debent
615 684 823 740 mereri
848 684 1162 756 judicium.
1180 686 1326 758 Ergo
1350 683 1491 756 quia
1511 685 1690 740 totius
1713 699 1823 739 nos

166 774 447 832 Ecclesiae
473 772 731 829 maxima
754 789 895 829 cura
922 772 1312 846 praestolatur,
1331 776 1596 828 nostrum
1621 772 1823 845 praeci-

170 880 285 937 pue
305 863 478 919 debet
506 861 764 918 Ecclesia
793 866 913 918 tota
942 862 1143 933 procul
1176 860 1352 918 dubio
1380 862 1672 934 judicium
1696 879 1826 934 pro-

170 952 407 1010 mereri.
441 952 551 1009 Sed
583 951 820 1007 tandem
869 952 939 1007 ad
986 951 1354 1024 propositum
1404 952 1735 1020 redeamus,
1767 955 1826 1008 et

167 1041 322 1099 votis
352 1043 491 1108 tuis,
524 1045 813 1113 quantum
844 1057 1183 1113 possumus,
1217 1041 1333 1096 Deo
1364 1045 1697 1114 praestante,
1721 1041 1825 1095 mi-

170 1130 545 1187 sericorditer
594 1145 948 1185 annuamus.
982 1130 1178 1202 Itaque
1225 1128 1275 1185 si
1324 1128 1822 1202 Theutgualdum,

170 1220 399 1275 dudum
429 1218 790 1291 episcopum,
824 1217 977 1274 sicut
1006 1217 1391 1291 proﬁteris,in
1415 1217 1679 1290 catalogo
1710 1218 1828 1291 epi-

168 1325 485 1381 scoporum
518 1324 635 1364 non
663 1307 895 1380 recipis,
932 1323 1240 1379 quousque
1284 1308 1357 1363 de
1405 1323 1470 1363 eo
1502 1307 1824 1365 humanius

167 1402 517 1464 tractemus,
533 1400 591 1452 et
619 1397 669 1453 si
701 1395 1094 1454 Guntharium
1127 1395 1524 1453 ministerium
1557 1396 1667 1454 sibi
1692 1398 1828 1454 veti-

169 1492 295 1543 tum
329 1489 736 1558 usurpantem,
770 1502 886 1541 non
920 1484 1112 1542 solum
1161 1485 1315 1540 inter
1360 1484 1666 1559 episcopos
1709 1500 1825 1544 non

169 1575 523 1649 susceperis,
556 1575 655 1631 sed
688 1591 793 1631 nec
823 1575 936 1647 ipsi
967 1591 1073 1631 nec
1117 1574 1447 1631 fautoribus
1495 1577 1625 1648 ejus
1672 1593 1830 1633 com-

172 1664 591 1731 municaveris,
625 1668 683 1720 et
713 1663 833 1738 regi
864 1665 923 1720 in
955 1663 1174 1720 scelere
1212 1667 1577 1738 permanenti
1611 1667 1831 1739 episco-

1929 504 2119 577 ipsam
2148 506 2616 563 contrarietatem
2668 506 2939 563 inditam.
2975 509 3115 575 Quis
3157 509 3314 566 enim
3359 513 3585 568 nesciat

1929 598 2031 649 aut
2060 611 2175 649 non
2206 594 2467 651 advertat
2515 595 2573 650 id
2623 596 2780 667 quod
2813 612 2848 650 a
2875 596 3134 668 principe
3179 598 3583 671 apostolorum

1930 682 2095 739 Petro
2119 683 2392 738 Romanis
2423 682 2691 739 Ecclesia;
2713 684 2997 739 traditum
3020 690 3109 741 est
3129 702 3196 741 ac
3217 703 3372 743 nunc
3393 704 3585 760 usque

1930 771 2275 838 custoditur,
2291 772 2364 827 ab
2395 772 2671 828 omnibus
2691 773 2902 829 debere
2925 774 3241 835 servari,ne
3265 775 3581 849 superduci

1931 864 2033 916 aut
2056 860 2347 916 introduci
2366 860 2587 933 aliquid
2612 862 2766 934 quod
2795 866 2897 917 aut
2918 863 3324 920 auctoritatem
3349 882 3464 920 non
3487 866 3587 922 ha—

1931 949 2177 1005 beataut
2193 949 2427 1006 aliunde
2456 951 2723 1007 videatur
2752 953 3012 1024 accipere
3038 954 3412 1027 exemplum?
3440 956 3585 1012 Item

1931 1043 2062 1111 post
2091 1038 2230 1094 alia.
2264 1038 2504 1111 Oportet
2523 1056 2622 1096 eos
2645 1040 2754 1096 hoc
2787 1041 2950 1113 sequi
2985 1042 3139 1114 quod
3171 1043 3430 1100 Ecclesia
3477 1045 3589 1102 Ro-
3652 1108 3670 1126 ο

1932 1143 2108 1183 mana
2132 1127 2405 1195 custodit,
2431 1145 2465 1182 a
2487 1145 2602 1200 quo
2631 1145 2729 1186 eos
2755 1129 3112 1202 principium
3144 1132 3437 1204 accepisse
3465 1151 3579 1190 non

1932 1216 2179 1273 dubium
2195 1220 2381 1286 est,ne
2403 1217 2544 1273 dum
2561 1218 2884 1291 peregrinis
2900 1220 3305 1277 affectionibus
3323 1223 3585 1290 student,

1932 1309 2108 1377 caput
2138 1304 2572 1361 institutionum
2599 1306 2907 1363 videantur
2947 1307 3233 1365 amittere.
3266 1310 3411 1367 Item
3457 1315 3591 1385 post

1935 1392 2085 1449 alia:
2110 1393 2170 1449 Si
2200 1394 2659 1467 praedecessores
2684 1395 2770 1452 tui
2802 1396 3000 1452 minus
3030 1397 3252 1470 aliquid
3284 1405 3385 1456 aut
3421 1400 3589 1457 aliter

1934 1485 2269 1551 tenuerunt,
2300 1482 2517 1540 idcirco
2548 1501 2705 1540 nunc
2734 1487 3160 1558 respondemus
3190 1505 3305 1545 non
3337 1491 3491 1562 quod
3532 1494 3588 1548 te

1934 1571 2202 1645 ignorare
2232 1572 2561 1639 credamus,
2594 1574 2694 1630 sed
2729 1578 2795 1629 ut
2842 1575 3064 1647 majore
3109 1578 3454 1635 auctoritate
3498 1579 3588 1636 vel

1934 1663 2070 1716 tuos
2089 1659 2487 1729 instituas,vel
2518 1661 2568 1717 si
2592 1662 2690 1735 qui
2715 1679 2750 1719 a
2769 1663 3041 1720 Romanis
3063 1664 3330 1723 Ecclesiae
3352 1666 3590 1724 institu-

170 1755 384 1829 paliter
411 1753 856 1824 contradixeﬁs,
884 1758 941 1810 et
966 1754 1293 1810 secundum
1333 1754 1483 1812 vires
1514 1755 1572 1810 in
1603 1756 1764 1813 nullo
1795 1775 1828 1812 a
1858 1788 1907 1854 Β
1940 1746 2196 1803 tionibus
2224 1751 2442 1847 errant.
2474 1752 2577 1854 au‘t
2605 1764 2998 1819 commoneas.
3032 1756 3137 1808 aut
3158 1752 3430 1824 judicare
3472 1773 3590 1814 non

172 1843 514 1901 constitutis
542 1845 600 1899 et
621 1841 928 1899 sententiis
950 1843 1023 1898 ab
1044 1842 1377 1915 apostolica;
1397 1844 1553 1901 sedis
1584 1845 1833 1917 praesule

174 1932 421 2007 prolatis
452 1931 790 1999 deviaveris,
807 1932 911 1987 aed
938 1931 1009 1987 de
1036 1936 1244 1988 caatero
1266 1948 1370 2004 pro
1412 1933 1525 1988 ﬁde
1545 1933 1834 1991 catholica

175 2027 228 2079 et
257 2021 622 2078 correctione
655 2019 941 2085 fidelium,
964 2036 1033 2075 ac
1063 2036 1166 2093 pro
1196 2022 1607 2077 conservandis
1640 2022 1830 2095 ponti-

176 2110 303 2167 ﬁcis
334 2110 459 2183 [al.,
482 2108 817 2181 pontificiis]
841 2106 997 2165 sedis
1030 2108 1357 2181 apostolicae
1389 2109 1709 2184 privilegiis
1736 2130 1835 2169 no-

178 2200 411 2255 biscum
437 2198 714 2268 senseris,
730 2197 1038 2254 nobiscum
1055 2214 1159 2270 pro
1179 2197 1405 2254 viribus
1428 2199 1830 2270 decertaveris,

180 2290 392 2345 fratres
424 2303 680 2361 quoque,
713 2291 770 2343 et
800 2286 1097 2358 proximos
1128 2289 1262 2343 tuos
1294 2287 1599 2343 nobiscum
1633 2306 1836 2359 sapere

182 2377 457 2434 hortatus
475 2375 676 2442 fueris,
690 2376 845 2432 Deus
869 2374 1687 2449 omuipotens,intercessione
1704 2396 1839 2451 apo-

182 2466 471 2523 stolarum
493 2464 825 2538 principum
858 2464 1011 2522 Petri
1038 2482 1107 2520 ae
1136 2463 1556 2535 Pauli,vincula
1572 2466 1836 2523 omnium

182 2559 559 2628 peccatorum
590 2553 874 2622 absolvat,
905 2557 965 2610 et
993 2553 1285 2626 quidquid
1314 2553 1662 2612 humanitus
1680 2557 1837 2628 quod

181 2644 235 2699 in
269 2640 461 2699 oculis
494 2641 822 2713 majestatis
853 2643 982 2714 ejus
1012 2640 1311 2714 displicuit
1329 2642 1520 2714 egisti,
1537 2643 1644 2699 tibi
1670 2644 1847 2701 mise-

181 2737 346 2789 ratus
370 2730 755 2805 indulgeat,et
770 2730 1191 2787 benedictionis
1208 2748 1327 2786 suae
1338 2731 1526 2804 gratia
1540 2734 1597 2789 te
1610 2732 1849 2806 replens

180 2822 253 2879 ad
282 2819 711 2878 beatitudinem
734 2819 975 2876 visionis
996 2837 1114 2877 suae
1146 2821 1446 2893 perducat.

927 2936 1111 2991 LXIX.

363 3043 432 3082 AD
468 3040 705 3082 ,ωοκσι
741 3038 1106 3081 VIENNENSBM
1144 3040 1660 3082 ARCHIEPISCOPUM.

827 3115 1016 3184 (Anno
1043 3115 1193 3186 864.)

180 3205 492 3263 hvwwntii
519 3208 547 3261 1
572 3218 735 3276 papa
762 3204 1085 3276 auctoritate
1124 3203 1272 3276 docet
1320 3205 1607 3274 infcriores
1654 3206 1838 3261 Eccle-

244 3281 369 3405 fiias
398 3294 433 3332 α
460 3274 724 3334 ama
765 3274 1253 3331 consuetudinibus
1297 3288 1411 3331 non
1454 3276 1645 3332 debere
1690 3293 1839 3333 rece-

287 3364 404 3405 ere.

707 3436 899 3510 [Apud
929 3434 1140 3503 Mansi,
1173 3436 1332 3507 ibid.]

248 3537 535 3592 Nxcoucs
565 3534 896 3607 episcopus,
920 3550 1123 3590 servus
1172 3548 1471 3589 servorum
1520 3535 1642 3591 Dei.
1675 3550 1839 3593 reve-

180 3622 527 3682 rentissimo
573 3626 632 3678 et
682 3622 1056 3679 sanctissimo
1103 3622 1381 3678 confratri
1427 3628 1626 3679 nostro
1654 3626 1841 3682 ADON!

182 3718 405 3769 sanctis
434 3710 787 3767 Viennensis
817 3710 1083 3767 Ecclesiae
1116 3710 1573 3784 archiepiscopo.

247 3802 422 3874 Seps
452 3800 781 3856 sanctitatis
808 3804 1010 3856 vestrae
1036 3798 1263 3856 litteras
1293 3801 1684 3873 suscepimus,
1712 3819 1839 3875 quae

179 3908 290 3946 nos
324 3889 651 3945 mouebant
680 3892 739 3945 et
765 3887 975 3945 obnixe
997 3888 1301 3961 regebant,
1316 3892 1381 3944 ut
1399 3890 1471 3945 de
1492 3890 1840 3948 ecclesiasti-

178 3980 267 4036 cis
286 3978 494 4036 causis
512 3976 828 4034 Ecclesiam
842 3980 1095 4034 vestram
1118 3976 1371 4049 qualiter
1401 3993 1568 4052 agere
1607 3981 1844 4037 deberet

180 4068 641 4125 instrueremus.
657 4066 821 4123 Unde
846 4065 1016 4122 nobis
1043 4065 1189 4121 nihil
1224 4065 1432 4123 melius
1456 4068 1647 4124 visum
1669 4073 1758 4125 est
1777 4073 1844 4124 ut

181 4156 565 4215 sanctitatem
592 4159 847 4212 vestram
872 4172 945 4213 ex
973 4154 1227 4211 decretis
1243 4159 1301 4211 et
1319 4154 1605 4212 institutis
1628 4158 1844 4230 praede-

182 4259 497 4301 cessorum
554 4245 886 4298 nostrorum
944 4243 1309 4312 (locaremus,
1336 4244 1438 4315 qui
1479 4260 1594 4316 quo
1640 4246 1843 4301 ordine

184 4327 452 4389 Ecclesia
480 4329 573 4385 cui
603 4330 721 4386 Deo
750 4335 986 4388 auctare
1015 4347 1264 4403 pressae
1293 4331 1847 4407 dignoscimur,sive

181 4421 311 4479 aliae
342 4420 423 4476 ab
452 4418 586 4493 ipsa.
628 4418 800 4492 longe
841 4419 1072 4492 lateque
1117 4420 1369 4477 fundatas
1421 4425 1746 4489 versentur,
1780 4423 1840 4479 in

182 4509 432 4583 scriptis
462 4508 589 4564 suis
618 4508 1053 4567 evidentissima
1074 4509 1244 4566 nobis
1264 4510 1582 4567 tenendum
1600 4511 1847 4584 relique-
1878 4525 1925 4590 Π

181 4603 343 4654 runt.
384 4596 773 4654 Beatissimae
804 4598 1181 4655 Innaeentius
1210 4613 1365 4671 papa
1392 4599 1465 4655 ad
1504 4600 1846 4657 Decentium

180 4688 538 4761 episcopum
569 4686 961 4758 Eugubinum,
976 4688 1135 4759 quod
1164 4691 1275 4744 tua:
1304 4688 1599 4745 sanctitati
1620 4702 1852 4762 semper

180 4774 511 4835 memorari
538 4773 834 4847 volumus,
866 4776 950 4832 ita
972 4776 1317 4833 instruendo
1346 4776 1562 4849 posuit.
1597 4777 1658 4833 Si
1679 4776 1849 4835 insti‘

179 4869 321 4922 uita
347 4863 847 4930 ecclesiasticum
869 4868 1009 4921 sunt
1033 4883 1067 4922 a
1094 4864 1285 4923 beatis
1310 4865 1591 4938 apostolis
1610 4865 1846 4935 tradita,

178 4953 429 5026 integra
451 4951 669 5009 vellent
698 4952 933 5010 Domini
958 4954 1295 5011 sacerdotes
1327 4954 1654 5022 observare,
1689 4953 1851 5011 nulla

179 5041 469 5107 varietas,
483 5040 646 5098 nulla
675 5041 977 5099 diversitas
1006 5042 1068 5098 in
1094 5041 1240 5115 ipsis
1266 5042 1574 5099 ordinibus
1601 5058 1669 5100 ac
1710 5056 1847 5099 con-

180 5129 629 5188 morationibus
660 5130 990 5188 haberetur.
1004 5132 1113 5188 Sed
1134 5132 1277 5189 dum
1300 5130 1717 5205 unusquisque
1732 5146 1849 5188 non

182 5219 351 5292 quod
386 5217 672 5274 traditum
694 5222 806 5289 est,
836 5220 938 5277 sed
966 5220 1127 5293 quod
1168 5219 1280 5276 sibi
1315 5220 1506 5276 visum
1540 5219 1715 5276 fuerit
1741 5220 1852 5277 hoc

181 5307 498 5365 existimat
515 5323 648 5365 esse
677 5308 1022 5380 tenendum,
1054 5309 1189 5364 inde
1236 5308 1472 5365 diversa
1516 5309 1575 5364 in
1606 5308 1851 5365 diversis

179 5395 464 5455 ecclesiis
491 5399 596 5452 aut
624 5400 822 5453 tenere
866 5401 969 5453 aut
1010 5397 1302 5454 celebrare
1346 5397 1619 5454 videntur
1650 5415 1663 5452 :
1695 5414 1761 5452 ac
1786 5398 1854 5452 iit

179 5478 549 5543 scandalum
591 5485 844 5558 populis,
866 5486 968 5559 qui
1016 5486 1160 5542 dum
1206 5486 1477 5544 nesciunt
1506 5485 1849 5543 traditiones

182 5573 481 5646 antiquas
506 5574 771 5631 humana
797 5574 1254 5648 praesumptione
1283 5578 1608 5648 corruptas,
1642 5576 1851 5646 putant

1940 1836 2192 1903 dilferas,
2217 1840 2282 1891 ut
2301 1835 2449 1892 seire
2465 1836 2767 1894 valeamus
2786 1838 2886 1911 qui
2912 1838 3031 1896 sint
3051 1841 3152 1914 qui
3180 1846 3283 1898 aut
3307 1844 3594 1902 novitates

1940 1926 2368 1992 inducunt,aut
2396 1925 2637 1984 alterius
2666 1927 3148 2002 Ecclesiaa,quam
3180 1931 3455 1989 Romanae
3474 1934 3599 1990 exi-

1941 2014 2187 2071 stimant
2230 2014 2717 2071 consuetudinem
2770 2033 2902 2073 esse
2950 2020 3319 2075 servandam.
3344 2021 3490 2078 Data
3530 2039 3595 2081 lu

1942 2104 2083 2160 Idus
2112 2103 2467 2170 Decembris,
2498 2103 2818 2161 indictione
2844 2122 2969 2162 xm.

2122 2334 2189 2373 AD
2228 2332 2543 2373 GALLIONEM
2583 2331 2869 2375 SENENSEM
2910 2336 3420 2381 ARCHIEPISCOPUM.

2302 2402 2737 2479 Fragmentum.
2773 2440 2841 2449 —
2870 2410 3057 2482 (Anno
3086 2413 3239 2482 864.)

1945 2496 2128 2552 Altera
2154 2502 2310 2568 parte
2336 2495 2574 2563 absente,
2605 2495 2893 2569 deﬁnitiva
2921 2516 3029 2555 non
3058 2502 3274 2573 feratur
3302 2507 3591 2562 sententia.

2302 2584 2580 2655 [Gratiam
2615 2584 2683 2657 ΙΙ,
2710 2602 2759 2642 c.
2792 2587 2849 2654 3,
2881 2603 2937 2659 q.
2970 2588 3023 2657 9,
3053 2606 3102 2646 o.
3131 2591 3240 2663 12.]

2021 2683 2239 2739 Revera
2261 2682 2462 2754 justus
2493 2683 2778 2741 mediator
2806 2702 2922 2740 non
2951 2690 3058 2756 est,
3091 2688 3191 2761 qui
3240 2688 3301 2747 in
3334 2709 3450 2749 uno
3481 2692 3598 2750 liti-

1949 2777 2142 2845 gante,
2175 2775 2233 2827 et
2263 2770 2440 2826 altero
2472 2771 3053 2840 absente,amborum
3083 2784 3444 2851 emergentes
3462 2781 3598 2840 lites

1949 2859 2211 2917 decidere
2244 2876 2358 2915 non
2390 2859 2683 2915 formidat.
2715 2859 2819 2917 His
2847 2862 2929 2917 ita
2958 2865 3596 2939 prmmissis,volumus,

1950 2954 2008 3006 et
2032 2947 2353 3021 apostolica
2375 2947 2714 3004 auctoritate
2745 2966 3074 3017 monemus,
3100 2957 3164 3008 ut
3193 2955 3242 3010 si
3273 2957 3596 3032 presbyter,

1950 3038 2022 3094 de
2052 3053 2168 3110 quo
2199 3037 3240 3110 agitur,postexcommunicationem
3261 3061 3597 3120 suam,apo~

1872 3156 1915 3222 ρ
1953 3124 2218 3222 stolicam
2252 3126 2450 3182 sedem
2484 3126 2641 3182 adire
2671 3126 2934 3197 voluerit,
2969 3128 3167 3188 nullus
3201 3132 3310 3189 iter
3337 3135 3466 3206 ejus
3486 3135 3599 3193 im-

1954 3215 2149 3289 pedire
2181 3218 2516 3287 praesumat.

2681 3305 2867 3362 LXXI.

2410 3408 2600 3449 SERMO
2640 3410 2857 3450 NICOLAI
2896 3410 3058 3454 PAPIE
3096 3415 3134 3454 Ι.

1950 3480 2477 3574 οπίνῖὲβρέἶέίίίέἐ
2495 3498 2763 3574 θέἕῖῖξιμθθῗ
2780 3485 3017 3574 cui???
3061 3503 3117 3574 1,"
3158 3490 3335 3574 Irim
3379 3492 3512 3574 ἱεῖσα
3539 3495 3597 3548 in

2020 3553 2252 3631 basilica
2278 3560 2478 3631 {angue
2506 3552 2698 3631 inertas
2733 3554 2804 3609 ad
2830 3570 3107 3631 prjwsepe,
3137 3558 3227 3631 die
3273 3552 3600 3631 vigiliarum

2362 3625 2600 3680 Domini.
2623 3626 2806 3694 (Anno
2820 3625 2971 3695 864.)
2990 3625 3177 3703 [Apud
3210 3625 3591 3692 Madeiﬁonc.

2082 3712 2162 3750 m.
2296 3737 2309 3749 .

2021 3792 2258 3865 Propter
2287 3808 2408 3859 eos,
2441 3792 2669 3861 fra'res,
2700 3795 2804 3866 qui
2854 3812 2971 3852 non
3022 3813 3255 3871 semper
3285 3801 3601 3860 adfuerunt
3692 3854 3695 3859 .

1950 3881 2281 3947 nobiscum,
2305 3898 2541 3938 necesse
2570 3887 2661 3939 est
2679 3884 2973 3941 sanctitati
2992 3892 3198 3943 vestra:
3220 3905 3458 3947 causam
3490 3893 3600 3950 Ro—

1949 3969 2115 4026 thadi
2145 3969 2340 4025 fratris
2369 3974 2427 4026 et
2453 3970 2779 4043 coepiscopi
2824 3974 3030 4041 nostri,
3064 3982 3351 4047 quantum
3400 3979 3597 4035 Domi-

1951 4075 2064 4114 nus
2095 4058 2397 4114 donaverit
2423 4075 2593 4131 posse
2613 4076 2717 4132 per
2736 4061 3000 4118 ordinem
3016 4080 3292 4133 reserare;
3308 4071 3600 4138 quatenus

1951 4163 2070 4202 una
2097 4145 2407 4203 nobiscum
2438 4147 2738 4220 negotium
2768 4148 2926 4204 illius
2947 4151 3018 4205 ad
3037 4150 3327 4223 liquidum
3348 4171 3598 4213 noscens

1950 4232 2285 4291 fraternitas
2300 4239 2358 4290 et
2385 4235 2747 4292 unanimitas
2766 4238 3290 4307 vestra,nobiscum
3317 4240 3515 4314 etiam,
3542 4248 3602 4300 et

1951 4324 2023 4380 de
2052 4323 2369 4397 privilegiis
2400 4323 2730 4396 apostolicis
2759 4324 2939 4392 sedis,
2962 4343 3065 4383 seu
3089 4332 3302 4384 sancta
3327 4330 3599 4387 Romanis

1951 4411 2242 4483 Ecclesiae,
2278 4430 2313 4469 a
2342 4414 2697 4484 quibusdam
2728 4415 2998 4487 nequiter
3023 4415 3355 4475 imminutis
3382 4423 3440 4474 et
3469 4437 3600 4477 eva-

1953 4500 2139 4558 cuatis
2167 4501 2381 4567 doleat,
2412 4507 2469 4557 et
2491 4501 2611 4558 zelo
2643 4503 2971 4560 ferventiori
3001 4521 3266 4574 accensa,
3296 4507 3368 4563 de
3397 4507 3491 4565 his
3519 4526 3604 4566 re-

1956 4591 2308 4663 cuperandis
2338 4590 2590 4647 sollicita
2613 4591 2690 4648 sit
2714 4597 2777 4648 et
2800 4593 3043 4662 intenta,
3068 4611 3136 4650 ac
3164 4595 3236 4652 de
3264 4600 3426 4653 tanto
3454 4598 3597 4667 viro,

1959 4678 2223 4736 Rothado
2253 4669 2537 4749 videlicet,
2579 4681 2991 4739 consacerdote
3039 4687 3260 4757 nostro,
3288 4690 3603 4745 retractare

1958 4784 2025 4824 ac
2057 4769 2447 4840 praemeditari
2477 4770 2738 4839 studeat;
2763 4774 3057 4843 quatenus
3099 4772 3152 4830 is
3175 4774 3278 4846 qui
3310 4791 3543 4850 semper
3569 4795 3605 4833 a

1957 4856 2175 4915 finibus
2201 4861 2388 4925 terras,
2422 4861 2487 4914 ut
2513 4858 2598 4916 ita
2626 4858 2836 4926 dicam,
2869 4860 2941 4916 ad
2973 4878 3080 4918 nos
3111 4868 3168 4918 et
3197 4865 3362 4935 prius
3387 4864 3604 4924 absens

1957 4944 2230 5002 clamavit
2254 4950 2311 5002 et
2339 4947 2493 5003 beati
2526 4947 2679 5004 Petri
2709 4948 3106 5021 apostolorum
3155 4952 3435 5028 principis
3480 4972 3603 5013 me-

1957 5034 2204 5091 moriam
2226 5034 2378 5091 inter
2399 5035 2759 5093 saevientium
2786 5036 3020 5111 linguas
3045 5040 3325 5099 oblivioni
3348 5060 3462 5100 non
3485 5049 3603 5101 tra-

1958 5122 2132 5192 didit;
2165 5124 2266 5180 sed
2297 5125 2369 5179 de
2399 5125 2797 5182 monasteriin
2828 5127 3093 5185 districta
3130 5133 3413 5195 custodia,
3446 5134 3604 5190 velut

1956 5211 2138 5269 Jonas
2158 5212 2229 5267 de
2256 5215 2451 5267 ventre
2482 5212 2613 5280 ceti,
2653 5218 2711 5270 et
2746 5214 2947 5272 Daniel
2987 5217 3059 5273 de
3086 5216 3216 5275 lacu
3238 5219 3493 5289 leonum,
3529 5222 3601 5277 ad

1958 5299 2270 5356 Dominum
2303 5304 2361 5356 et
2377 5302 2449 5357 ad
2464 5301 2773 5359 dilectores
2790 5304 2881 5360 vel
2897 5304 3139 5364 dilectos
3160 5308 3456 5381 apostolos
3471 5310 3602 5379 ejus

1956 5389 2308 5445 vociferatus
2338 5393 2449 5460 est,
2470 5395 2524 5446 et
2555 5391 2763 5447 deinde
2796 5393 3145 5464 abstractus,
3179 5395 3315 5452 licet
3364 5396 3603 5452 destitu-

1958 5481 2056 5535 tus
2084 5476 2171 5533 vel
2190 5477 2749 5553 exspoliatus,atque
2768 5483 2928 5539 omni
2956 5498 3026 5538 ex
3055 5488 3219 5556 parte
3240 5488 3601 5544 attenuatus.

1958 5566 2197 5624 tandem
2221 5565 2337 5624 Deo
2367 5567 2516 5625 duce
2545 5570 2883 5644 prasidium
2934 5588 3133 5643 suum,
3164 5571 3223 5628 id
3267 5576 3359 5630 est
3403 5575 3601 5633 sedem
