4036 6132
462 323 588 403 899

467 473 732 548 scopatui
779 474 1138 541 redderetur,
1190 473 1428 533 omnino
1471 472 1766 530 restabat?
1794 474 1957 539 Quod
2005 490 2109 546 per
2137 474 2187 539 Α

458 569 727 643 nostram
760 562 1213 620 mediocritatem
1238 563 1363 634 jam
1387 578 1542 618 nunc
1565 562 1784 618 factum
1815 568 1918 619 tua
1936 580 2109 619 nosse

465 654 676 729 poterit
722 669 962 726 prorsus
1004 652 1312 708 industria.
1344 650 1444 707 Cui
1478 651 1557 707 rei
1588 669 1897 708 monemus
1926 651 2111 708 omni-

465 746 701 802 modam
751 741 1088 815 patientiam
1137 740 1406 797 exhibere
1438 744 1539 796 tua
1569 758 1685 796 non
1730 740 1987 815 negligat
2017 745 2110 797 ut-

465 850 694 906 cunque
720 828 1050 896 solertia,ne
1080 827 1355 884 talionem
1379 828 1619 884 reddere
1648 827 1774 895 tibi,
1809 827 1961 883 sicut
1998 828 2107 884 du-

465 924 606 979 dum
638 920 1242 994 promisimus,nostra
1272 922 1514 990 cogatur
1543 916 1858 973 auctoritas
1879 917 2017 991 (2,q.
2050 920 2104 984 6,

460 1013 685 1083 Arguta,
718 1010 747 1083 §
777 1010 903 1067 Haec
931 1010 1128 1081 quippe
1154 1008 1292 1080 nos).
1326 1007 1453 1063 Haec
1485 1006 1700 1079 quippe
1736 1023 1842 1063 nos
1889 1008 1948 1062 in
1994 1006 2107 1064 Ro-

462 1101 638 1158 thado
664 1100 882 1155 idcirco
910 1096 1137 1153 noveris
1169 1099 1457 1168 operatos,
1490 1098 1557 1151 ut
1602 1094 1904 1168 privilegia
1948 1096 2106 1152 sedis

459 1188 810 1265 apostolicze,
845 1204 971 1260 quae
1004 1185 1155 1242 male
1186 1201 1219 1241 a
1247 1184 1410 1240 vobis
1440 1183 1653 1240 violata
1683 1200 1809 1239 esse
1834 1184 2107 1240 videban-

458 1285 573 1349 tur,
606 1283 663 1336 et
692 1296 727 1335 a
756 1277 925 1334 nobis
956 1280 1041 1331 tot
1068 1274 1354 1347 impensis
1382 1272 1704 1339 laboribus,
1734 1277 1925 1329 vestra
1956 1273 2105 1330 resi-

456 1374 643 1427 stente
674 1365 1060 1432 contumacia,
1089 1361 1416 1436 recuperari
1442 1378 1555 1418 non
1587 1365 1873 1435 poterant,
1905 1364 2101 1420 aucto-

457 1460 625 1517 ritat:
654 1456 973 1531 apostolica
1001 1458 1059 1509 et
1088 1451 1367 1508 canonica
1398 1452 1635 1507 Patrum
1666 1450 2099 1520 deliberatione,

458 1549 703 1624 pristino
734 1546 968 1601 tandem
987 1547 1043 1600 et
1060 1541 1292 1615 proprio
1313 1540 1726 1596 decorarentur
1746 1540 2104 1598 honore.Cte-

456 1644 648 1695 terum
673 1636 723 1692 si
744 1636 890 1690 forte
906 1630 1038 1705 quis
1055 1631 1333 1686 adversus
1356 1628 1581 1685 Rothad
1592 1645 1689 1684 um
1718 1645 1886 1685 voces
1904 1629 2101 1703 habet,

453 1726 541 1795 vel
560 1726 607 1782 si
626 1725 750 1798 ipse
780 1740 814 1779 a
838 1720 1145 1778 sanctitate
1164 1723 1265 1775 tua
1287 1720 1483 1790 justas
1514 1722 1715 1774 contra
1737 1735 1798 1775 se
1818 1719 2102 1776 hactenus

456 1814 743 1872 sustineat
773 1808 1187 1884 querimonias,
1222 1807 1493 1863 volumus
1532 1812 1589 1864 et
1636 1807 2008 1863 decernimus
2036 1812 2100 1864 ut

456 1910 703 1975 utraque
726 1905 885 1974 parte
907 1896 1595 1969 conveniente,quidquid
1622 1895 1765 1951 illud
1791 1901 2101 1965 est,coram

457 1996 657 2049 nostra
686 1987 919 2063 speciali
953 1986 1263 2061 praesentia
1294 1986 1598 2058 dirigatur.
1627 1986 1791 2051 Quod
1823 1989 1870 2041 si
1905 1984 2102 2042 nullus

455 2081 766 2137 calumniis
779 2095 974 2135 coram
989 2074 1318 2149 apostolatu
1336 2079 1534 2130 nostro
1551 2075 1888 2147 saepefatum
1906 2075 2099 2130 virum

453 2171 732 2243 impetere
760 2166 1027 2234 voluerit,
1061 2182 1186 2238 quae
1218 2165 1288 2219 de
1318 2163 1419 2218 illo
1469 2163 1837 2219 decernimus
1878 2161 2101 2218 illibata

454 2264 510 2316 et
538 2259 851 2315 imminuta
880 2256 1221 2312 consistant.
1250 2253 1510 2309 Tandem
1556 2251 1872 2324 aliquando
1912 2268 2097 2307 unum

452 2367 483 2406 e
512 2348 765 2415 duobus,
792 2347 948 2419 quod
995 2342 1119 2399 vult
1165 2342 1495 2398 fraternitas
1543 2344 1665 2405 tua,
1714 2340 1824 2395 sibi
1872 2339 2098 2396 anobis

450 2435 682 2509 optione
712 2433 1007 2508 proposita
1025 2432 1232 2505 eligat;
1264 2429 1402 2502 quia
1418 2434 1734 2501 utrumque
1750 2427 2094 2484 canonicum

448 2529 555 2595 est,
587 2528 903 2595 utrumque
934 2522 1005 2577 ad
1036 2520 1193 2575 sedis
1223 2518 1550 2590 apostolicae
1584 2516 1835 2589 pertinet
1864 2516 2095 2588 privile-

446 2611 920 2689 gium.Videlicet
948 2615 1049 2666 aut
1079 2625 1208 2681 quas
1234 2608 1304 2662 de
1334 2608 1604 2679 saepefato
1636 2606 1812 2661 fratre
1832 2610 1889 2661 et
1910 2607 2095 2678 coepi-

447 2720 624 2776 scopo
657 2707 855 2758 nostro
886 2699 1148 2756 Rothado
1187 2697 1587 2769 disposuimus
1637 2695 1986 2768 adimplens,
2028 2698 2089 2752 in

445 2791 607 2848 nullo
658 2790 1020 2864 refragatrix,
1053 2789 1152 2844 sed
1202 2786 1529 2843 exsecutrix
1578 2785 1954 2841 inveniatur:
1989 2790 2092 2841 aut

445 2885 597 2937 certe
628 2881 873 2937 Romam
901 2895 1096 2935 coram
1130 2875 1432 2943 nobis,seu
1463 2878 1666 2930 sancta
1698 2874 1961 2929 Romana
1990 2875 2090 2929 Ec-

443 2971 637 3037 clesia,
670 2986 804 3025 cum
837 2968 963 3040 ipso
993 2966 1329 3023 conﬂictum
1362 2967 1690 3035 sumptura,
1720 2966 1779 3018 et
1828 2979 1930 3034 pro
1979 2962 2089 3019 hoc

443 3059 809 3126 altercatura,
843 3072 1149 3130 properare
1200 3054 1325 3109 sine
1383 3052 1657 3108 dilatione
1696 3056 1969 3107 maturet.
2004 3053 2088 3108 Ita

441 3149 721 3204 duntaxat
754 3151 819 3202 ut
849 3145 1012 3218 prius
1052 3145 1176 3216 ipse
1224 3142 1528 3199 Rothadus
1574 3141 1799 3196 cunctis
1850 3140 2081 3209 ablatis,

440 3236 592 3293 sicut
643 3235 983 3301 statuimus,
1036 3232 1391 3304 recuperatis
1432 3230 1773 3297 honoribus,
1824 3233 1881 3285 et
1935 3230 2086 3285 vires
2117 3219 2159 3286 C

439 3325 612 3399 longo
643 3329 905 3396 tempore
933 3324 1117 3378 fessas
1148 3320 1325 3394 priori
1357 3318 1673 3375 valetudini
1708 3319 1971 3374 redditus
2002 3335 2085 3375 re-
2120 3376 2123 3379 _

437 3412 932 3479 sumens,diutius
964 3409 1258 3485 possideat
1286 3414 1344 3465 et
1367 3408 1492 3463 suis
1525 3407 1799 3463 omnibus
1825 3407 2085 3478 perfrua-

435 3503 718 3568 tur.Quod
750 3502 798 3557 si
830 3509 1104 3557 neutrum
1136 3498 1262 3554 sine
1286 3503 1596 3571 procurata
1628 3513 1793 3551 mora
1815 3495 2082 3551 fortassis

435 3607 604 3664 agere
632 3590 908 3655 volueris,
939 3593 996 3644 et
1042 3587 1323 3645 resultare
1352 3586 1446 3641 his
1478 3603 1605 3658 quae
1638 3586 1708 3641 de
1738 3584 1837 3639 illo
1869 3584 2045 3639 statui
2066 3616 2083 3625 -

435 3697 568 3735 mus
600 3679 771 3735 solito
803 3696 964 3734 more
991 3678 1234 3733 ulterius
1265 3676 1659 3743 curaveris,ab
1688 3676 1847 3731 omni
1882 3675 1963 3731 sis
1986 3692 2080 3730 sa-

433 3767 710 3823 cerdotali
743 3766 1044 3840 dignitate,
1075 3766 1174 3821 Dei
1208 3781 1310 3837 per
1340 3782 1444 3820 nos
1468 3763 1712 3836 judicio,
1739 3768 1794 3820 et
1823 3764 2080 3819 auctori-

346 3896 361 3911 ,
432 3860 488 3911 te
519 3855 677 3910 sedis
708 3854 1056 3927 apostolicae,
1094 3854 1164 3909 de
1195 3858 1396 3908 caetero
1449 3857 1871 3925 sequestratus,
1904 3853 1983 3909 ita
2015 3857 2081 3907 ut

432 3961 735 4017 nunquam
766 3942 960 3999 locum
982 3940 1397 3998 satisfactionis
1413 3944 1515 3997 aut
1530 3941 1749 3997 ordinis
1767 3941 2081 3998 restitutio-

432 4049 565 4089 nem
594 4032 897 4106 operiaris.

2131 1853 2177 1917 B

1153 4148 1358 4204 LXXV.

737 4257 808 4296 AD
851 4254 1165 4294 UNIVEBSOS
1203 4253 1504 4294 EPISCOPOS
1541 4255 1772 4295 ῦΔιιΙΑΕ.

1069 4327 1255 4399 (Anno
1285 4327 1434 4399 865.)

432 4420 496 4477 Ut
544 4417 848 4474 Rothadum
890 4433 924 4471 α
969 4432 1027 4472 se
1070 4418 1391 4488 restitutum
1439 4416 1665 4487 benigne
1690 4415 2072 4488 suscipiant:

498 4489 602 4545 ubi
654 4489 829 4545 multa
874 4488 939 4543 de
986 4487 1131 4543 sedis
1177 4486 1875 4559 apostolicmfprivilegiz's,
1906 4486 2077 4559 etde

863 4558 1230 4615 Romanorum
1286 4558 1645 4613 decretalibus
1696 4560 1906 4630 copiose
1959 4558 2074 4613 dis-
2101 4589 2152 4656 Β

496 4634 649 4687 serit.

944 4720 1128 4791 [Apud
1156 4718 1365 4786 Mansi,
1399 4717 1558 4785 ibid.]

496 4835 785 4891 Nicoums
831 4836 1161 4907 episcopus,
1205 4850 1408 4891 servus
1462 4849 1758 4889 servorum
1811 4834 1932 4900 Dei,
1985 4851 2072 4889 re-

423 4921 849 4979 verentissimis
887 4926 944 4977 et
990 4920 1384 4977 sanctissimis
1433 4919 1823 4975 confratribus
1855 4920 2072 4975 nostris

424 5009 879 5084 archiepiscopis
909 5015 965 5067 et
988 5010 1279 5084 episcopis
1326 5009 1481 5083 apud
1534 5008 1750 5066 Gallias
1789 5010 2070 5065 constitu-

425 5101 522 5156 tis.

494 5190 769 5257 Quamvis
817 5188 1184 5264 singularum
1233 5187 1644 5259 Ecclesiarum,
1679 5205 1807 5261 quae
1839 5192 2076 5261 propter

423 5279 820 5335 diversitatem
853 5283 1143 5333 terrarum
1186 5276 1387 5333 multae
1433 5293 1560 5333 esse
1608 5277 1902 5345 dicuntur,
1936 5293 2071 5332 cum

425 5385 544 5424 una
570 5368 647 5423 sit
678 5372 733 5424 et
766 5366 940 5423 unica
969 5365 1196 5438 Sponso
1229 5382 1356 5433 suo,
1390 5366 1543 5421 sicut
1572 5365 1696 5437 ipse
1726 5365 1787 5421 in
1817 5364 2071 5421 Canticis

423 5456 784 5512 canticorum
817 5454 959 5511 dicit
990 5471 1003 5509 :
1036 5471 1152 5509 una
1196 5461 1271 5510 est
1315 5455 1563 5510 columba
1592 5471 1710 5510 mea
1742 5454 1916 5527 (Cant.
1948 5454 2027 5526 v1)
2054 5473 2067 5524 ;

424 5547 482 5599 et
512 5559 613 5616 per
642 5542 1016 5601 Psalmistam
1062 5559 1075 5598 :
1126 5544 1277 5598 Erue
1326 5542 1391 5599 de
1433 5560 1605 5599 manu
1651 5546 1803 5599 canis
1849 5545 2070 5600 unicam

423 5645 603 5694 meam
632 5633 800 5709 (Psat.
830 5637 979 5707 xxi);
1010 5635 1231 5711 pastor,
1265 5635 1324 5691 et
1354 5630 1681 5711 episcopus,
1715 5647 1782 5692 ac
1811 5633 2071 5711 pontifex

1833 339 2141 403 NICOLAI
2183 338 2413 404 PAPJE
2454 344 2505 405 Ι.

3699 351 3799 413 900

2220 474 2505 531 Dominus
2535 479 2732 532 noster
2758 476 2933 534 Jesus
2962 475 3353 551 Christus,qui
3384 478 3524 536 hanc
3552 483 3740 540 creavit
3754 490 3801 541 et

2217 564 2484 633 redemit,
2517 564 2728 621 existat
2760 584 2773 635 ;
2808 567 2888 623 ita
2914 571 2979 622 ut
3031 566 3128 623 ille
3167 567 3438 624 veraciter
3463 586 3525 625 ac
3554 569 3800 645 principa-

2214 650 2347 708 liter
2379 652 2490 708 ista
2521 653 2600 709 sit
2616 654 2832 721 omnia,
2835 655 3002 725 juxta
3019 656 3172 728 quod
3193 655 3455 714 ﬁdelibus
3474 674 3569 730 per
3585 659 3799 731 primum

2217 742 2547 815 apostolum
2580 742 2793 799 dicitur
2824 761 2837 799 :
2872 745 3139 801 Conversi
3162 746 3286 801 estis
3314 762 3457 801 nunc
3483 747 3548 802 ad
3581 758 3805 820 pastorem

2215 838 2269 885 et
2312 832 2618 905 episcopum
2673 832 2990 888 animarum
3037 841 3339 889 vestrarum
3384 834 3454 904 (II
3492 837 3627 893 Petr.
3656 837 3736 909 II);
3762 842 3806 895 et

2208 920 2378 988 juxta
2424 922 2581 993 quod
2633 920 2902 995 egregius
2950 922 3297 993 praedicator
3335 923 3404 978 de
3447 939 3509 979 eo
3556 924 3804 997 loquens:

2219 1009 2380 1074 Talis,
2414 1009 2625 1082 inquit,
2676 1009 2894 1068 decebat
2935 1018 2998 1066 ut
3039 1012 3196 1066 nobis
3242 1020 3375 1068 esset
3403 1014 3634 1085 pontifex
3657 1016 3804 1081 (Hebr.

2212 1098 2342 1168 vn);
2378 1098 2683 1154 subiturus
2703 1104 2899 1155 tamen
2919 1100 2990 1156 ad
3013 1098 3189 1156 caelos
3220 1099 3371 1157 hanc
3399 1101 3662 1173 apostolis
3688 1120 3807 1159 com-

2215 1186 2531 1253 mendavit,
2582 1204 2650 1243 ac
2700 1204 2804 1261 per
2848 1205 2967 1256 eos,
3012 1193 3295 1262 tanquam
3342 1189 3683 1246 hereditario
3701 1193 3806 1264 jure

2213 1277 2650 1331 successoribus
2681 1293 2908 1345 eorum,
2939 1278 3110 1333 nobis
3140 1278 3380 1346 scilicet,
3398 1294 3540 1351 quos
3566 1283 3802 1351 pastores,

2212 1365 2516 1438 episcopos
2547 1382 2613 1421 ac
2645 1367 2948 1438 pontifices
2979 1383 3157 1439 super
3186 1366 3380 1439 ipsam
3408 1368 3805 1440 oonstituit,ejus

2212 1453 2583 1525 providentia
2614 1466 2815 1510 curam
2845 1453 3111 1523 indulsit,
3137 1460 3428 1527 quatenus
3459 1472 3558 1528 pro
3584 1457 3803 1531 patribus

2211 1541 2332 1597 nati
2364 1541 2486 1609 filii,
2520 1548 2578 1599 et
2606 1559 2709 1615 pro
2738 1543 2823 1599 eis
2853 1544 3157 1600 constituti
3203 1543 3494 1619 principes
3522 1546 3579 1601 in
3617 1561 3804 1602 omnem

2209 1635 2449 1697 terram,
2482 1631 2803 1688 imitatores
2834 1649 3035 1689 eorum
3067 1650 3357 1702 essemus,
3389 1634 3540 1690 sicut
3577 1639 3629 1690 et
3654 1634 3804 1707 ipsius

2210 1718 2449 1777 Christi.
2478 1721 2693 1777 Verum
2725 1726 2783 1777 et
2809 1722 2964 1777 inter
2981 1722 3359 1778 beatissimos
3388 1722 3807 1795 apostolos,sicnt

2212 1812 2269 1864 et
2296 1808 2394 1865 ille
2425 1826 2673 1884 magnus
2706 1811 2818 1866 Leo
2849 1811 3055 1867 scribit
3092 1800 3194 1884 (ep.
3227 1814 3321 1880 88,
3353 1812 3423 1868 ad
3469 1814 3801 1881 Anastasium),

2209 1897 2268 1953 in
2303 1897 2690 1955 similitudine
2718 1899 2959 1955 honoris
2992 1900 3103 1955 fuit
3132 1902 3403 1973 quaedam
3436 1900 3685 1957 discretio
3724 1918 3800 1972 po.

2207 1988 2459 2053 testatis,
2491 1992 2546 2043 et
2578 2005 2709 2044 cum
2743 1989 3008 2046 omnium
3040 2006 3145 2062 par
3193 1993 3351 2045 esset
3387 1989 3600 2057 electio,
3631 1989 3716 2045 uni
3741 1994 3801 2044 ta-

2209 2091 2344 2131 men
2388 2077 2592 2132 datum
2643 2082 2731 2133 est
2781 2082 2847 2133 ut
2891 2078 3115 2134 caeteris
3162 2078 3548 2150 praemineret.
3598 2077 3667 2133 De
3712 2094 3801 2150 qua

2208 2165 2396 2220 forma
2423 2165 2831 2238 episcoporum
2864 2182 3095 2239 quoque
3147 2171 3237 2222 est
3282 2171 3408 2222 orta
3439 2166 3735 2233 distinctio;
3758 2170 3800 2221 et

2208 2270 2424 2326 magna
2452 2253 2834 2327 dispositione
2884 2255 3182 2328 provisum
3230 2261 3326 2312 est
3374 2272 3446 2311 ne
3493 2272 3678 2311 omnes
3715 2254 3798 2310 sibi

2207 2343 2405 2398 omnia
2435 2342 2925 2410 vindicarent,sed
2949 2349 3147 2400 essent
3174 2345 3231 2399 in
3262 2344 3511 2418 singulis
3540 2343 3798 2417 provinciis

2206 2431 2704 2504 singuli,quorum
2734 2431 2885 2487 inter
2915 2434 3121 2488 fratres
3152 2433 3469 2489 haberetur
3495 2435 3667 2505 prima
3698 2448 3797 2488 sen-

2204 2520 2384 2576 tentia
2406 2525 2493 2576 :et
2523 2537 2730 2577 rursus
2751 2521 2991 2593 quidam
3015 2522 3073 2576 in
3097 2522 3423 2594 majoribus
3454 2522 3678 2578 urbibus
3696 2538 3797 2577 con-

2202 2610 2411 2678 stituti,
2445 2609 2897 2667 sollicitudinem
2929 2609 3056 2680 eius
3090 2612 3459 2683 susciperent
3485 2611 3795 2684 ampliorem,

2200 2716 2303 2771 per
2334 2716 2482 2772 quos
2512 2699 2582 2754 ad
2615 2716 2793 2755 unam
2814 2700 2963 2755 Petri
2994 2701 3192 2756 sedem
3212 2699 3558 2756 universalis
3575 2700 3795 2756 Ecclesia:

2199 2806 2341 2845 cura
2370 2788 2707 2855 conflueret,
2739 2792 2797 2843 et
2823 2787 2969 2843 nihil
3002 2806 3260 2861 unquam
3298 2806 3333 2845 a
3360 2805 3464 2846 suo
3507 2789 3676 2861 capite
3699 2787 3792 2842 dis-

2199 2877 2431 2933 sideret.
2467 2877 2627 2942 Quod
2660 2876 2770 2932 nisi
2806 2877 3046 2949 quidam
3078 2893 3145 2931 ex
3176 2877 3346 2933 vobis
3376 2876 3533 2934 nullo
3581 2873 3791 2932 interiori

2197 2965 2783 3037 comprehendissent
2806 2966 3353 3037 obtutu,nunquam
3378 2966 3682 3022 Rothadum
3699 2963 3789 3035 epi-

2195 3071 2438 3127 scopum
2472 3054 2835 3110 Suessonicae
2865 3054 3028 3110 urbis
3057 3054 3184 3110 sine
3214 3070 3507 3111 consensu
3530 3059 3703 3109 nostro
3718 3052 3790 3107 de-

2195 3145 2554 3216 posuissent,
2594 3144 3088 3215 depraadarentur.
3123 3147 3179 3199 et
3210 3143 3269 3197 in
3306 3144 3568 3200 exsilium
3598 3141 3787 3215 pulsum

2197 3231 2594 3307 monasteriali
2626 3232 2902 3287 custodia
2934 3232 3362 3304 manciparent.
3388 3234 3526 3288 Nam
3549 3229 3787 3304 quomodo

2193 3339 2307 3377 non
2341 3337 2545 3376 omnes
2572 3320 2768 3377 verbis
2798 3321 2996 3376 omnia
3021 3320 3461 3394 vindicatis,qui
3484 3320 3687 3393 judicia
3703 3316 3789 3389 epi-

2194 3427 2525 3483 scoporum,
2558 3426 2685 3482 quae
2732 3410 2938 3465 merito
2988 3409 3143 3465 inter
3187 3411 3419 3481 majora
3466 3412 3792 3465 numerantur

2192 3499 2445 3572 negotia,
2475 3503 2681 3554 vestrae
2711 3497 3116 3555 deliberationi
3160 3498 3494 3555 tribuistis?
3518 3500 3599 3554 An
3645 3492 3788 3551 modi-

2191 3605 2324 3643 cum
2356 3587 2520 3644 vobis
2551 3604 2680 3643 esse
2705 3587 2933 3643 videtur
2973 3587 3179 3643 fratres
3227 3592 3285 3642 et
3337 3588 3686 3661 coepiscOpos
3718 3598 3791 3637 ve-

2191 3682 2345 3732 stros
2364 3676 2913 3749 praeterapostolice
2937 3675 3093 3732 sedis
3114 3692 3473 3733 consensum
3497 3668 3789 3748 depositioni

2189 3765 2516 3837 subjicere?
2532 3765 2695 3831 Quod
2715 3764 2764 3820 si
2776 3764 3184 3821 damnationes
3202 3764 3604 3838 episcoporum
3621 3778 3715 3818 non
3729 3759 3792 3813 in-

2193 3858 2278 3910 ter
2303 3854 2525 3926 majora
2547 3854 2777 3927 negotia
2801 3853 3471 3926 dinumeratis,quorum
3485 3856 3602 3927 jam
3623 3863 3788 3908 causas

2188 3943 2341 3999 inter
2369 3943 2593 4015 majora
2623 3942 2977 4014 eomputatis
3017 3943 3293 4016 negotia?
3340 3944 3508 4010 Quid,
3558 3957 3696 4014 rogo,
3736 3936 3789 3991 de

2187 4032 2540 4106 presbyteris
2568 4029 2658 4087 vel
2684 4032 2755 4087 de
2786 4030 3079 4087 inferioris
3106 4031 3330 4104 gradus
3360 4031 3577 4089 clericis
3616 4028 3786 4101 agitur.

2188 4138 2440 4194 quorum
2474 4120 2628 4193 apud
2679 4136 2786 4176 nos
2836 4136 3070 4192 quoque
3118 4136 3297 4176 causa
3350 4112 3788 4177 Chalcedonensis

2186 4209 2417 4267 concilii
2466 4209 2684 4282 regulis
2714 4212 2859 4278 (cun.
2904 4208 2981 4278 9),
3024 4225 3159 4265 cum
3209 4210 3363 4266 ratio
3407 4209 3593 4282 exigit,
3638 4199 3789 4262 audiri

2176 4299 2465 4371 jubetur?
2514 4298 2574 4354 Si
2623 4298 2930 4371 episcopos
2976 4302 3140 4354 tanta
3191 4298 3471 4355 facilitate
3525 4289 3786 4369 deponitis,

2185 4388 2501 4460 quomodo,
2535 4403 2698 4461 rogo,
2730 4404 2832 4460 per
2882 4403 3006 4455 vos,
3040 4404 3291 4459 quorum
3344 4387 3433 4443 vel
3482 4387 3539 4443 in
3584 4378 3788 4456 singulis

2185 4476 2501 4549 provinciis
2532 4476 2784 4533 habetur
2812 4476 2999 4549 prima
3028 4476 3344 4543 sententia,
3384 4476 3472 4533 vel
3501 4475 3596 4549 qui
3615 4474 3667 4529 in
3692 4483 3787 4526 ma-

2177 4566 2410 4638 joribus
2440 4565 2690 4622 urbibus
2718 4565 3019 4621 constituti
3051 4565 3510 4623 sollicitudinem
3540 4556 3788 4632 suscipitis

2182 4654 2549 4727 ampliorem,
2583 4655 2656 4710 ad
2687 4671 2866 4711 unam
2896 4654 3049 4710 Petri
3079 4655 3280 4711 sedem
3340 4650 3673 4711 universalis
3712 4645 3787 4701 Ec-

2184 4744 2372 4801 clesiae
2404 4760 2545 4800 cura
2565 4744 2827 4815 conﬂuit,
2862 4743 2963 4815 qui
2993 4744 3064 4799 de
3109 4744 3436 4816 majoribus
3476 4733 3785 4814 deponendis

2183 4830 2471 4902 episcOpis
2496 4829 2644 4886 nihil
2675 4830 2747 4886 ad
2768 4831 2897 4902 ejus
2926 4831 3196 4886 notitiam
3219 4831 3443 4888 deferre
3462 4826 3664 4885 curatis
3678 4823 3704 4878 Ἰ
3718 4823 3783 4877 An

2182 4919 2441 4992 episcopi
2471 4920 2542 4975 de
2574 4918 2887 4976 universali
2917 4918 3175 4975 Ecclesia
3203 4936 3318 4975 non
3350 4923 3507 4985 sunt,
3526 4922 3588 4973 ut
3605 4916 3667 4971 de
3692 4909 3783 4966 illis

2182 5006 2533 5063 damnandis
2559 5024 2662 5080 per
2701 5024 2803 5063 vos
2845 5006 3068 5079 aliquid
3116 5008 3188 5063 ad
3236 5024 3417 5063 unam
3448 5006 3592 5062 Petri
3619 5000 3779 5058 sedem

2180 5096 2389 5153 deferri
2439 5113 2552 5153 non
2608 5095 2883 5153 curetur?
2927 5096 3030 5151 Vel
3074 5097 3366 5169 quomodo
3393 5095 3476 5152 nil
3513 5100 3781 5165 usquama

2183 5203 2290 5241 suo
2322 5185 2512 5257 capite
2539 5184 2806 5253 dissidet,
2830 5199 2966 5241 cum
2998 5186 3069 5241 de
3090 5185 3497 5257 adjudicandis
3516 5172 3777 5256 praecipuis

2182 5274 2464 5331 membris
2486 5272 2777 5341 Ecclesiae,
2811 5274 2870 5329 id
2896 5277 2987 5329 est
3015 5273 3324 5347 episcopis,
3355 5290 3391 5329 a
3419 5270 3615 5344 capite,
3636 5265 3683 5321 id
3710 5263 3778 5318 est

2182 5364 2317 5420 sede
2368 5361 2706 5436 apostolica,
2756 5360 3128 5419 dissentitis?
3170 5363 3257 5418 An
3305 5361 3472 5418 sedes
3506 5349 3778 5430 apostolicl

2179 5457 2355 5524 caput
2385 5468 2503 5507 non
2533 5452 2661 5507 est?
2692 5452 2932 5507 Frustra
2959 5467 3121 5524 ergo,
3153 5454 3221 5506 ut
3248 5448 3437 5506 multa
3459 5448 3772 5519 praeteream.

2179 5540 2491 5598 concilium
2524 5539 2869 5597 Sardicense
2919 5541 2992 5596 ad
3037 5538 3264 5596 Julium
3300 5536 3625 5612 episcopum
3653 5529 3776 5584 inter

2177 5634 2385 5692 caetera
2431 5628 2580 5689 dixit
2622 5630 2706 5703 (in
2745 5631 2906 5707 epist.
2961 5628 3032 5689 ad
3076 5629 3363 5706 Julium):
3406 5621 3686 5702 Optimum
3728 5615 3776 5672 et
