3994 6150
179 263 308 322 901

1415 263 1824 327 EPISTOLE
1866 264 1967 325 ET
2008 262 2396 325 DECRETA.

3488 271 3608 332 902

178 394 364 450 valde
387 395 986 468 congruentissimum
1009 413 1136 452 esse
1158 397 1390 452 videtur
1410 396 1456 452 si
1481 397 1552 451 ad
1577 401 1770 469 caput,
1795 395 1852 451 id
1881 398 1936 466 Α
1968 414 2143 468 penes
2165 415 2270 452 nos
2297 397 2605 466 habentur,
2621 415 2748 470 qua:
2772 415 2886 455 non
2910 398 3102 456 solum
3126 416 3609 474 quorumcunque

177 487 278 538 est
315 484 389 538 ad
427 484 578 539 Petri
607 484 852 558 apostoli
885 486 1104 552 sedem,
1131 486 1200 541 de
1233 484 1482 558 singulis
1520 484 1850 558 quibusque

177 573 520 642 provinciis
550 572 780 628 Domini
827 574 1081 629 referant
1111 574 1458 629 sacerdotes.
1483 574 1625 629 Ecce
1656 575 1850 629 sedem

184 661 350 717 Petri
388 667 565 733 caput
612 662 988 734 appellatam,
1021 663 1110 718 cui
1144 663 1213 718 de
1245 662 1492 735 singulis
1542 661 1853 735 provinciis

185 750 436 804 Domini
497 751 709 806 referre
761 752 1088 807 sacerdotes
1146 751 1378 806 debent.
1411 753 1452 806 E
1502 755 1704 806 contra
1750 768 1852 806 vos

185 839 342 894 adeo
376 838 530 893 hanc
561 839 883 911 despicitis,
907 844 973 894 ut
1001 840 1073 895 ad
1103 857 1231 895 eam
1255 838 1399 894 nihil
1431 841 1500 895 de
1532 839 1853 911 majoribus

182 927 470 982 Ecclesiae
503 928 752 1000 negotiis
787 929 994 984 referre
1045 928 1360 996 curetis,ac
1392 929 1729 1000 episcopum
1763 929 1850 982 in-

186 1015 474 1072 consulta
503 1021 558 1071 et
588 1021 926 1089 contempta
954 1017 1053 1072 illa
1073 1018 1360 1089 deponere
1385 1017 1774 1089 prmsumatis,
1799 1022 1854 1072 et

188 1105 494 1177 przecipue
535 1106 733 1161 sedem
775 1105 1153 1178 apostolicam
1203 1106 1612 1177 appellantem.
1666 1106 1854 1162 Nimis

189 1211 460 1266 namque
493 1195 816 1250 absurdum
849 1199 938 1250 est
966 1197 1118 1266 quod
1154 1195 1366 1262 dicitis,
1393 1195 1852 1266 Rothadum,qui

191 1284 269 1338 ad
311 1283 612 1354 judicium
672 1285 829 1340 sedis
875 1283 1204 1355 apostolicae
1262 1285 1608 1356 provocavit,
1643 1284 1853 1339 iterum

191 1376 436 1427 mutata
455 1388 591 1427 voce
611 1377 801 1428 vestra
817 1372 1043 1444 judicia
1063 1372 1408 1446 postulasse.
1431 1374 1592 1438 Quod
1624 1373 1852 1429 etiamsi

191 1462 275 1515 ita
309 1460 544 1527 fuisset,
567 1478 601 1516 a
629 1466 821 1516 vestra
861 1461 1047 1517 fuerat
1087 1461 1444 1517 fraternitate
1475 1461 1856 1534 corrigendus

189 1555 247 1605 et
273 1550 422 1622 quia
443 1568 478 1604 a
499 1549 710 1621 majori
735 1551 806 1604 ad
831 1549 1076 1606 minoris
1102 1550 1464 1606 auctoritatis
1489 1556 1858 1622 provocasset

180 1640 514 1710 judicium,
541 1639 968 1694 emendandus.
996 1640 1155 1694 Licet
1177 1639 1352 1695 certis
1379 1655 1492 1694 non
1516 1644 1711 1711 patere
1732 1657 1858 1711 pos-

193 1729 273 1782 sit
305 1725 450 1782 ullis
482 1726 720 1780 indiciis
741 1743 775 1780 a
803 1731 1003 1781 nostro
1034 1726 1200 1780 illum
1227 1726 1298 1780 ad
1319 1729 1508 1780 vestra
1528 1726 1857 1781 cucurrisse

185 1815 442 1887 judicia,
461 1831 636 1886 quem
660 1819 888 1870 constat
913 1815 973 1869 in
1007 1815 1131 1885 ipso
1154 1813 1395 1869 articulo
1420 1818 1619 1869 contra
1641 1831 1700 1869 se
1724 1831 1855 1885 pro-

192 1905 450 1960 ferendis
505 1903 803 1958 sententiae
853 1903 1050 1958 sedem
1097 1901 1475 1974 apostolicam
1506 1901 1853 1974 appellasse,

189 1999 248 2049 et
281 1993 440 2065 quod
475 2009 537 2048 se
569 1991 641 2046 ab
670 1991 769 2046 illa
790 1991 1045 2062 judicari
1076 1995 1336 2064 posceret
1361 2007 1554 2046 coram
1580 1990 1855 2046 omnibus

190 2082 578 2138 exclamasse.
611 2081 863 2152 IEquum
895 2097 1007 2134 non
1059 2080 1226 2150 foret,
1251 2080 1297 2134 si
1330 2080 1402 2134 ad
1450 2084 1642 2134 vestra
1673 2097 1733 2135 se
1755 2080 1852 2150 ju-

189 2172 350 2226 dicia
383 2169 1073 2240 convertisset,quamvis
1107 2169 1214 2224 etsi
1247 2169 1444 2224 sedem
1475 2168 1853 2240 apostolicam

194 2258 541 2315 nullatenus
571 2257 943 2329 appellasset,
976 2262 1178 2312 contra
1225 2261 1310 2312 tot
1338 2261 1532 2312 tamen
1589 2263 1646 2312 et
1693 2261 1857 2312 tanta

202 2365 308 2403 vos
341 2345 658 2402 decretalia
686 2345 874 2401 ell‘erri
919 2350 1157 2412 statuta,
1189 2351 1244 2401 et
1282 2345 1620 2418 episcopum
1653 2346 1854 2402 incon-

202 2437 382 2495 sultis
417 2436 586 2492 nobis
617 2436 903 2508 deponere
934 2435 1094 2492 nullo
1141 2438 1312 2492 modo
1361 2437 1667 2493 debuistis.
1692 2438 1853 2501 Quod

202 2535 404 2581 tamen
450 2542 570 2594 vos,
604 2531 668 2579 ut
710 2529 935 2580 servata
963 2525 1262 2580 vobiscum
1295 2526 1637 2582 medullitus
1669 2526 1855 2582 chari-

198 2622 319 2670 tate
353 2615 571 2678 dicam,
619 2614 1020 2686 postposuisse
1068 2614 1355 2680 dolemus,
1390 2619 1445 2669 et
1494 2615 1854 2671 diversorum

196 2704 358 2761 sedis
387 2702 719 2775 apostolicae
751 2703 1065 2775 praesulum
1099 2704 1329 2758 decreta
1360 2703 1418 2758 in
1449 2703 1558 2760 hoc
1589 2721 1689 2759 vos
1721 2721 1856 2759 con-

196 2793 518 2866 tempsisse
567 2793 820 2864 negotio,
854 2809 968 2846 non
1008 2792 1304 2848 immerito
1352 2793 1855 2864 reprehendimus.

195 2883 366 2938 Absit
397 2881 554 2937 enim
579 2886 644 2936 ut
668 2881 1296 2953 cujuscunque,usque
1319 2881 1390 2936 ad
1424 2881 1698 2936 ultimum
1730 2881 1858 2936 vitae

195 2990 317 3027 suae
352 2971 487 3026 dien
521 2971 624 3042 qui
665 2970 724 3024 in
775 2971 887 3025 fide
933 2968 1221 3026 catholica
1268 2970 1738 3042 perseveraverit,
1772 2968 1858 3025 vel

194 3059 519 3118 decretalia
547 3058 992 3126 constituta,vel
1023 3060 1094 3114 de
1125 3059 1521 3115 ecclesiastica
1555 3059 1864 3131 disciplina

1963 486 2358 540 Romanorum
2390 485 2757 558 pontificum,
2785 502 2988 542 verum
3020 488 3195 543 etiam
3229 490 3485 560 priorum
3511 491 3608 545 de-

1960 578 2116 628 creta
2148 573 2204 628 in
2245 573 2370 629 suis
2401 574 2594 629 causis
2641 575 2907 646 praeferre
2953 581 3298 633 noscuntur.
3333 580 3400 632 At
3433 595 3608 646 nunc,

1961 661 2060 716 ubi
2094 661 2218 717 suis
2247 661 2461 717 animis
2502 662 2806 731 resultare,
2839 668 2896 717 et
2926 664 3227 736 privilegia
3275 669 3435 722 tanto
3481 683 3609 735 nos,

1961 754 2025 803 ut
2055 750 2114 804 in
2147 749 2236 804 sui
2269 754 2458 807 status
2502 750 2906 806 incolumitate
2954 753 3290 824 persistant,
3315 754 3613 812 elaborare

1963 854 2077 893 non
2111 855 2433 906 cessamus,
2457 845 2677 911 quanto
2703 841 2983 896 universa:
3008 842 3271 897 Ecclesia:
3299 843 3610 914 profuisse,

1962 927 2237 998 prodesse
2265 944 2330 983 ac
2375 930 2678 999 profutura
2709 946 2940 1001 semper
2967 947 3096 985 esse
3143 931 3482 1005 probantur.
3519 933 3613 987 Di-

1962 1033 2144 1088 gnum
2177 1033 2312 1089 ergo
2343 1022 2432 1071 est
2463 1021 2527 1072 ut
2556 1017 2654 1072 ubi
2689 1018 2959 1074 universa
2991 1018 3217 1075 fabrica:
3251 1021 3436 1075 moles
3468 1020 3616 1075 inni-

1963 1105 2125 1170 titur,
2157 1103 2235 1158 ibi
2271 1106 2504 1160 firmum
2539 1104 2914 1178 validumque
2944 1106 3228 1163 habeatur
3258 1109 3316 1162 in
3339 1108 3614 1164 omnibus

1965 1192 2436 1246 fundamentum.
2477 1192 2641 1262 (Dist.
2689 1194 2773 1260 19,
2816 1194 2879 1248 Si
2906 1195 3286 1261 Romanorum,
3313 1198 3426 1262 §Si
3451 1195 3612 1267 ideo.)

1966 1281 2138 1336 Porro
2171 1281 2219 1334 si
2253 1281 2381 1335 ideo
2422 1298 2536 1336 non
2579 1297 2706 1336 esse
2738 1283 3055 1338 decretales
3087 1284 3361 1356 epistolas
3391 1284 3615 1356 prisco-

1966 1387 2095 1424 rum
2130 1369 2474 1441 pontificum
2522 1371 2914 1426 Romanorum
2967 1373 3359 1429 admittendas
3389 1373 3612 1440 dicunt,

1965 1457 2105 1529 quia
2137 1457 2194 1511 in
2244 1457 2440 1513 codice
2471 1475 2769 1513 canonum
2815 1476 2929 1514 non
2981 1460 3274 1516 habentur
3328 1462 3613 1534 ascriptze,

1965 1563 2102 1619 ergo
2136 1563 2239 1601 nec
2285 1547 2543 1618 Gregorii
2602 1548 2812 1612 sancti,
2847 1565 2954 1604 nec
2987 1548 3164 1604 ullius
3221 1549 3458 1606 alterius
3515 1551 3615 1622 qui

1967 1639 2100 1690 ante
2129 1634 2216 1689 vel
2249 1640 2380 1706 post
2408 1635 2604 1708 ipsum
2638 1636 2873 1704 fuit,est
2901 1636 3134 1709 aliquod
3162 1638 3497 1694 institutum
3527 1639 3615 1695 vel

1966 1724 2250 1795 scriptum
2285 1724 2708 1795 recipiendum,
2735 1743 2800 1780 eo
2833 1727 2987 1797 quod
3021 1726 3078 1781 in
3111 1727 3308 1783 codice
3325 1744 3616 1783 canonum

1968 1830 2079 1868 non
2115 1813 2398 1868 habeatur
2427 1814 2769 1884 ascriptum.
2798 1815 2946 1887 Ergo
2978 1815 3303 1872 doctrinam
3335 1833 3535 1871 eorum
3561 1821 3619 1872 et

1965 1901 2298 1957 sanctiones
2329 1903 2399 1957 de
2430 1902 2730 1958 codicibus
2780 1903 2904 1959 suis
2953 1905 3227 1972 eradant;
3263 1911 3327 1960 ut
3358 1905 3500 1977 quid
3531 1904 3618 1960 vel

1965 1991 2338 2046 membranas
2371 1996 2676 2062 occupant,
2701 1996 3010 2062 postquam
3056 2010 3170 2048 non
3203 1993 3495 2048 habentur
3522 2010 3616 2049 ac-

1964 2079 2185 2151 ceptae?
2234 2080 2344 2135 Sed
2389 2097 2568 2151 quare
2598 2078 2851 2134 multum
2897 2081 3297 2146 immoremur,
3330 2099 3462 2136 cum
3513 2098 3617 2138 nec

1965 2170 2124 2240 ipsas
2153 2167 2380 2223 divinas
2408 2167 2738 2239 Scripturas
2765 2168 2902 2222 Novi
2931 2173 2986 2224 et
3011 2169 3239 2226 Veteris
3261 2169 3616 2226 Testamenti

1955 2259 2081 2328 jam
2114 2256 2450 2329 recipimus,
2486 2257 2532 2311 si
2564 2256 2709 2312 istos
2749 2257 3090 2314 duxerimus
3123 2258 3493 2315 audiendos?
3521 2261 3616 2314 Et-

1964 2347 2119 2401 enim
2167 2350 2439 2401 neutrum
2489 2345 2698 2401 horum
2734 2347 2792 2401 in
2828 2347 3026 2402 codice
3088 2347 3618 2404 ecclesiasticorum

1965 2452 2254 2491 canonum
2295 2434 2543 2490 habetur
2590 2435 2895 2490 insertum.
2930 2437 3042 2491 Sed
3095 2436 3432 2508 responsuri
3483 2440 3622 2493 sunt

1964 2525 2083 2590 isti,
2119 2523 2217 2595 qui
2253 2540 2367 2578 non
2417 2524 2488 2578 ad
2521 2523 2908 2579 obediendum
2945 2525 3142 2596 potius
3176 2543 3354 2599 quam
3407 2527 3478 2581 ad
3531 2543 3620 2582 re-

1967 2614 2294 2668 sistendum
2327 2629 2558 2683 semper
2587 2613 2770 2684 parati
2801 2618 2958 2679 sunt,
2987 2615 3247 2671 dicentes
3281 2617 3433 2687 quod
3472 2616 3622 2670 inter

1967 2718 2220 2756 canones
2245 2700 2571 2756 inveniatur
2590 2701 2912 2772 capitulum
2948 2703 3134 2757 sancti
3158 2721 3320 2774 papae
3346 2706 3621 2760 Innocen-

1967 2791 2028 2846 tii
2058 2792 2230 2862 (Decr.
2255 2806 2302 2845 c.
2336 2792 2448 2856 27),
2474 2789 2642 2858 cujus
2670 2789 3012 2844 auctoritate
3052 2792 3328 2847 doceatur
3368 2809 3401 2847 a
3449 2792 3618 2848 nobis

1969 2885 2289 2949 utrumque
2338 2879 2776 2932 Testamentum
2809 2895 2936 2934 esse
2984 2880 3404 2950 recipiendum,
3433 2897 3617 2952 quan-

1970 2987 2146 3040 quam
2178 2967 2236 3020 in
2271 2966 2415 3038 ipsis
2455 2966 2713 3038 paternis
2743 2968 3067 3023 canonibus
3124 2968 3354 3023 nullum
3412 2985 3614 3024 eorum

1970 3055 2340 3112 contineatur
2369 3071 2437 3110 ex
2467 3058 2584 3109 toto
2617 3055 2922 3111 insertum.
2959 3056 3182 3121 Quibus
3212 3058 3282 3112 ad
3316 3057 3434 3113 hare
3456 3075 3614 3114 asse-

197 3149 481 3222 quzelibet
510 3149 788 3220 exposita,
823 3149 1016 3203 debito
1058 3147 1216 3203 cultu
1249 3154 1304 3204 et
1335 3165 1470 3204 cum
1501 3165 1734 3204 summa
1767 3147 1850 3203 di-
1885 3134 1926 3200 C
1966 3146 2213 3200 rendum
2234 3148 2322 3199 est
2343 3143 2618 3214 quoniam
2643 3143 2688 3198 si
2716 3143 2890 3199 Vetus
2912 3145 3254 3218 Novumque
3273 3149 3606 3204 Testamen-

197 3237 496 3295 scretione
517 3253 631 3292 non
656 3235 1080 3308 amplectamur
1101 3237 1403 3308 opuscula,
1420 3255 1548 3309 qua:
1571 3238 1853 3292 duntaxat

199 3334 258 3384 et
289 3325 625 3398 antiquitus
655 3330 857 3380 sancta
897 3326 1159 3380 Romana
1197 3326 1452 3382 Ecclesia
1480 3343 1849 3394 conservans,

199 3416 377 3472 nobis
408 3431 639 3486 quoque
663 3413 1046 3469 custodienda
1068 3414 1383 3480 mandavit,
1408 3419 1464 3469 et
1493 3431 1669 3486 penes
1700 3431 1762 3470 se
1791 3414 1852 3469 in

198 3506 330 3560 suis
364 3503 617 3559 archivis
639 3507 695 3557 et
713 3502 957 3558 vetustis
988 3501 1097 3558 rite
1128 3505 1526 3558 monumentis
1555 3504 1856 3559 recondita

196 3598 533 3649 veneratur.
549 3591 714 3647 Absit
734 3597 798 3646 ut
819 3591 1035 3663 scripta
1057 3607 1257 3646 eorum
1279 3609 1394 3663 quo
1417 3594 1709 3663 quomodo
1732 3610 1858 3664 par-

195 3681 571 3755 vipendenda
592 3681 1148 3751 dicamus,qu0rum
1178 3681 1446 3736 videmus
1478 3682 1593 3736 Deo
1624 3687 1856 3737 auctore

196 3775 467 3827 sanctam
501 3769 838 3836 Ecclesiam,
862 3775 963 3824 aut
993 3785 1156 3824 roseo
1189 3785 1392 3825 cruore
1435 3770 1720 3837 floridam,
1755 3775 1857 3827 aut

197 3860 463 3916 rorifluis
478 3858 792 3914 sudoribus
810 3862 864 3913 et
881 3857 1218 3913 salubribus
1231 3857 1477 3929 eloquiis
1491 3859 1852 3914 adornatam.

193 3950 370 4020 (Dist.
418 3949 480 4003 Si
527 3950 939 4014 Romanorum.)
977 3947 1036 4002 Si
1097 3947 1253 4002 enim
1305 3946 1566 4017 ipsorum
1626 3949 1854 4004 decreto

192 4044 549 4094 caeterorum
579 4036 863 4108 opuscula
907 4039 1292 4091 tractatorum
1343 4037 1741 4108 approbantur
1769 4038 1856 4093 vel

195 4128 615 4199 reprobantur,
641 4125 720 4181 ita
750 4128 817 4180 ut
847 4125 999 4196 quod
1052 4125 1219 4179 sedes
1257 4124 1576 4196 apostolica
1627 4127 1854 4197 probat,

195 4212 379 4269 hodie
408 4216 679 4268 teneatur
726 4216 1050 4282 acceptum,
1075 4215 1130 4266 et
1160 4212 1316 4283 quod
1349 4210 1449 4268 illa
1487 4213 1717 4284 repulit,
1752 4214 1855 4268 ha-

196 4307 412 4358 ctenus
453 4301 720 4357 inefficax
765 4299 1050 4355 habeatur
1083 4317 1095 4356 :
1129 4304 1188 4356 et
1237 4304 1456 4372 quanto
1505 4302 1698 4372 potius
1729 4319 1856 4374 quae

195 4393 330 4463 ipsa
363 4407 468 4463 pro
498 4389 786 4445 catholica
804 4389 942 4457 fide,
963 4407 1066 4461 pro
1098 4389 1358 4460 profanis
1380 4391 1753 4462 dogmatibus
1775 4409 1857 4448 re-

193 4479 516 4552 pellendis,
541 4496 644 4550 pro
675 4478 850 4533 variis
895 4482 952 4533 et
991 4477 1325 4533 multifariis
1356 4479 1621 4535 Ecclesiae
1654 4497 1850 4536 neces-
1882 4503 1930 4567 Β

193 4569 480 4625 sitatibus
511 4572 568 4623 et
597 4567 856 4623 ﬁdelium
889 4567 1151 4623 moribus
1175 4567 1291 4633 [al.,
1316 4568 1594 4638 motibus]
1626 4569 1851 4625 diverso

193 4664 463 4729 tempore
510 4656 766 4729 scripsit,
790 4655 949 4712 omni
980 4655 1193 4711 debent
1239 4655 1457 4710 honore
1489 4657 1763 4727 praeferri,
1797 4663 1854 4714 et

193 4749 266 4804 ab
293 4747 574 4802 omnibus
596 4763 836 4818 prorsus
858 4746 914 4800 in
939 4743 1297 4816 quibuslibet
1318 4745 1853 4816 opportunitatibus

194 4836 552 4892 discretione
580 4834 668 4891 vel
715 4833 1151 4906 dispensatione
1199 4833 1480 4906 magistra
1529 4840 1854 4892 reverenter

195 4923 472 4981 assumi?
502 4926 849 4995 Quanquam
907 4923 1147 4995 quidam
1190 4926 1446 4978 vestrum
1512 4924 1853 4997 scripserint

198 5014 363 5070 haud
394 5012 498 5069 illa
529 5012 838 5068 decretalia
876 5012 1203 5084 priscorum
1234 5012 1575 5083 pontiﬁcum
1627 5014 1685 5069 in
1735 5019 1852 5071 toto

200 5102 426 5159 codicis
457 5119 749 5158 canonum
780 5118 1018 5173 corpore
1061 5101 1341 5156 contineri
1375 5101 1688 5174 descripta,
1719 5121 1853 5158 cum

200 5193 316 5265 ipsi
378 5209 498 5248 sua:
556 5191 864 5247 intentioni
923 5190 1043 5244 haec
1101 5190 1407 5262 suffragari
1468 5192 1855 5264 conspiciunt,

198 5281 320 5337 illis
351 5281 755 5337 indiﬁ‘erenter
782 5283 1048 5348 utantur,
1073 5282 1128 5334 et
1158 5278 1349 5334 solum
1381 5297 1538 5336 nunc
1566 5283 1634 5336 ad
1669 5282 1858 5338 immi-

202 5370 510 5426 nutionem
543 5369 848 5443 potestatis
879 5367 1037 5424 sedis
1067 5366 1394 5438 apostolica:
1425 5375 1482 5424 et
1512 5371 1584 5426 ad
1615 5388 1856 5428 suorum

200 5461 620 5533 argumentum
643 5457 1073 5533 [augmentum]
1093 5455 1526 5529 privilegiorum
1545 5461 1742 5517 minus
1768 5478 1858 5517 ac-

203 5552 367 5627 cepta
398 5566 528 5609 esse
550 5548 912 5628 perhibeant.
940 5546 1088 5606 Nam
1113 5544 1394 5606 nonnulla
1416 5564 1617 5609 eorum
1641 5551 1858 5629 scripta

1960 3239 2088 3291 tum
2120 3233 2448 3305 recipienda
2479 3235 2637 3300 sunt,
2662 3250 2775 3288 non
2810 3235 2966 3305 quod
2999 3235 3184 3290 codici
3215 3253 3505 3291 canonum
3539 3255 3608 3294 ex

1962 3329 2080 3379 toto
2113 3323 2442 3377 habeantur
2465 3338 2711 3386 annexa,
2737 3323 2837 3377 sed
2862 3325 3016 3395 quod
3042 3324 3114 3378 de
3144 3324 3238 3380 his
3269 3325 3616 3397 recipiendis

1963 3412 2147 3468 sancti
2181 3428 2339 3483 papae
2363 3411 2684 3466 Innocentii
2715 3411 2940 3482 prolata
2970 3413 3202 3468 videtur
3231 3430 3358 3469 esse
3389 3419 3626 3470 senten-‘

1963 3503 2072 3567 tia;
2103 3505 2280 3556 restat
2304 3499 2583 3580 nimirum
2608 3501 2761 3571 quod
2789 3501 3106 3558 decretales
3127 3501 3384 3575 epistola:
3409 3504 3616 3560 Roma-

1966 3608 2172 3646 norum
2206 3589 2548 3661 pontificum
2589 3594 2727 3644 sunt
2787 3590 3154 3662 recipiendae,
3213 3591 3443 3647 etiamsi
3498 3611 3614 3648 non

1965 3684 2103 3735 sunt
2132 3695 2425 3734 canonum
2456 3677 2641 3732 codici
2673 3679 3116 3751 compaginatae,
3150 3681 3428 3752 quoniam
3468 3682 3619 3736 inter

1964 3770 2124 3841 ipsos
2155 3784 2406 3823 canones
2455 3784 2638 3821 unum
2682 3768 2738 3821 Β.
2774 3769 2983 3824 Leonis
3016 3769 3340 3840 capitulum
3389 3775 3618 3826 constat

1963 3875 2091 3914 esse
2124 3856 2490 3930 permistum,
2525 3873 2639 3927 quo
2680 3857 2760 3910 ita
2789 3858 2988 3912 omnia
3037 3858 3351 3914 decretalia
3400 3859 3616 3915 consti-

1964 3952 2091 4003 tuta
2122 3947 2278 4002 sedis
2336 3945 2665 4017 apostolica:
2717 3945 2998 4001 custodiri
3057 3949 3434 4015 mandantur,
3470 3954 3536 4003 ut
3567 3948 3616 4003 si

1965 4036 2099 4107 quis
2133 4035 2190 4088 in
2222 4034 2321 4088 illa
2349 4033 2727 4103 commiserit,
2756 4036 2980 4089 noverit
3002 4035 3112 4090 sibi
3140 4038 3370 4091 veniam
3393 4036 3611 4107 negari.

1962 4125 2057 4179 Ait
2081 4122 2234 4179 enim
2268 4120 2522 4192 capitulo
2551 4122 2586 4175 5
2630 4137 2872 4176 suorum
2915 4122 3301 4178 Decretalium
3336 4124 3512 4195 (epist.
3545 4124 3616 4179 ad

1962 4215 2233 4285 episcopos
2261 4227 2360 4282 per
2392 4210 2771 4281 Campaniam)
2800 4228 2812 4265 :
2839 4211 2920 4266 Ne
2963 4210 3103 4282 quid
3146 4228 3280 4266 vero
3330 4212 3408 4268 sit
3456 4212 3612 4284 quod

1965 4296 2424 4371 prietermissum
2456 4313 2490 4351 a
2520 4296 2689 4352 nobis
2713 4297 2856 4352 forte
2884 4298 3170 4364 credatur,
3199 4299 3397 4355 omnia
3426 4301 3616 4355 decre-

1964 4387 2103 4442 talia
2134 4385 2451 4442 constituta
2480 4389 2600 4440 tam
2635 4385 2815 4441 beatae
2842 4387 3262 4444 recordationis
3295 4387 3614 4444 Innocentii

1962 4494 2138 4552 quam
2173 4474 2436 4531 omnium
2468 4475 2840 4530 decessorum
2893 4479 3248 4543 nostrorum,
3274 4494 3399 4548 quae
3431 4477 3502 4532 de
3526 4493 3616 4532 ec-

1962 4564 2303 4623 clesiasticis
2337 4562 2661 4631 ordinibus,
2692 4566 2748 4618 et
2764 4580 3052 4618 canonum
3076 4564 3447 4638 promulgata
3476 4570 3612 4621 sunt

1962 4651 2314 4725 disciplinis,
2347 4650 2427 4705 ita
2471 4655 2671 4705 vestrae
2715 4649 3013 4705 dilectioni
3057 4652 3334 4708 custodiri
3365 4655 3615 4709 manda-

1962 4760 2118 4804 mus,
2141 4745 2202 4796 ut
2235 4740 2282 4795 si
2307 4738 2439 4810 quis
2462 4738 2518 4792 in
2544 4737 2642 4792 illa
2664 4738 3046 4808 commiserit,
3067 4741 3296 4796 veniam
3323 4742 3434 4797 sibi
3458 4742 3616 4798 dein-

1962 4849 2097 4904 ceps
2129 4827 2351 4885 noverit
2381 4827 2674 4898 denegari.
2699 4827 2954 4883 Dicendo
2985 4846 3118 4885 vero
3155 4833 3340 4886 omnia
3370 4832 3613 4888 decreta-

1962 4922 2040 4976 lia
2068 4920 2378 4981 constituta,
2412 4915 2642 4970 nullum
2693 4916 2764 4970 de
2823 4917 3214 4974 decretalibus
3275 4921 3614 4978 constitutis

1963 5006 2334 5082 praetermisit
2366 5005 2521 5075 quod
2563 5021 2676 5059 non
2709 5007 3071 5062 mandaverit
3101 5025 3229 5064 esse
3277 5011 3611 5067 custodien-

1966 5101 2127 5155 dum.
2160 5097 2230 5150 Et
2262 5110 2466 5149 rursus
2511 5094 2825 5150 asserendo
2855 5099 3103 5152 omnium
3131 5098 3466 5155 decessorum
3514 5115 3614 5154 no-

1963 5197 2222 5252 strorum,
2257 5181 2485 5238 nullum
2529 5183 2876 5254 pontiﬁcum
2920 5185 3315 5243 Romanorum
3347 5189 3447 5258 qui
3479 5191 3611 5241 ante

1966 5294 2027 5334 se
2056 5274 2250 5343 fuerit,
2274 5271 2515 5344 excepit,
2540 5273 2710 5342 cujus
2764 5274 2846 5330 ita
2893 5291 3008 5331 non
3042 5277 3380 5348 praeceperit
3409 5276 3610 5330 decre-

1964 5365 2105 5424 talia
2133 5363 2454 5420 constituta
2482 5362 2554 5417 ab
2587 5362 2864 5420 omnibus
2895 5365 3197 5432 custodiri,
3223 5370 3286 5420 ut
3315 5363 3363 5419 si
3395 5363 3528 5434 quis
3550 5365 3610 5421 in

1965 5455 2066 5512 illa
2107 5449 2736 5516 commiserit,veniam
2795 5451 2906 5507 sibi
2929 5449 3210 5526 'deinceps
3267 5452 3492 5509 noverit
3520 5452 3613 5509 de-

1966 5542 2186 5621 negari.
2211 5541 2412 5618 Itaque
2446 5539 2592 5598 nihil
2627 5541 2870 5601 interest
2900 5545 3097 5603 utrum
3128 5541 3247 5604 sint
3275 5541 3476 5602 omnia
3505 5544 3611 5604 de—
