4036 6132
457 264 575 326 903

1819 259 2130 324 NICOLAI
2184 261 2409 321 ΡΑΡΑΞ
2454 262 2502 321 I.

3698 260 3793 325 904

459 396 697 453 crotalia
724 395 883 452 sedis
930 393 1260 468 apostolicae
1293 394 1610 455 constituta
1654 394 1805 449 inter
1852 410 2104 449 canones
2133 395 2188 460 Α
2218 392 2406 449 exitus
2428 392 2902 464 judicamus,qui
2926 396 3144 464 quanto
3165 393 3375 465 gradus
3398 398 3526 449 sunt
3547 396 3796 470 praecipui,

459 485 838 542 conciliorum
873 484 1157 554 immista,
1191 501 1323 539 cum
1370 482 1569 538 omnia
1618 483 1676 538 in
1728 500 1844 538 uno
1871 499 2110 554 corpore

459 573 858 646 compaginari
907 590 1019 628 non
1072 573 1318 645 possint,
1352 578 1409 628 et
1435 571 1536 627 illa
1567 571 1650 628 eis
1681 569 1953 628 intersint
1983 588 2109 643 quas

459 663 799 720 ﬁrmitatem
840 662 933 718 his
965 679 1092 734 quas
1121 662 1336 718 desunt
1374 666 1430 718 ct
1456 661 1713 734 vigorem
1755 678 1928 716 suum
1961 660 2110 714 assi-

459 757 658 825 gnent.
688 750 1011 807 Prascrtim
1045 767 1178 806 cum
1221 749 1524 824 synodalia
1566 755 1750 823 gesta,
1785 750 1934 804 inter
1984 765 2108 820 quae

460 841 571 912 ipsi
603 857 853 896 canones
883 840 1087 896 statuti
1135 845 1293 907 sunt,
1329 840 1388 895 in
1422 839 1618 896 codice
1667 855 1958 894 canonum
1993 855 2106 893 non

459 930 804 996 habeantur,
829 930 928 984 sed
963 947 996 984 a
1027 929 1196 985 nobis
1226 929 1386 985 omni
1419 928 1578 984 cultu
1609 929 1803 983 debito
1835 943 2107 983 veneren-

457 1022 572 1074 tur.
600 1019 890 1073 Consonat
928 1021 1125 1073 autem
1170 1017 1305 1073 huic
1345 1017 1684 1073 beatissimo
1726 1033 1885 1088 papa
1932 1015 2108 1071 Leoni

459 1111 699 1163 sanctus
721 1113 775 1162 et
805 1106 1265 1162 facundissimus
1296 1106 1354 1160 in
1386 1105 1644 1161 Decretis
1665 1105 1790 1160 suis
1822 1121 1971 1176 papa
2001 1104 2108 1159 Ge-

457 1195 662 1262 lasius,
687 1195 768 1250 ita
797 1195 1070 1268 inquiens
1110 1195 1191 1266 (in
1238 1195 1459 1267 synodo
1499 1195 1780 1263 Romana,
1805 1194 1867 1248 de
1894 1195 2109 1264 scriptis

456 1285 705 1358 canam):
735 1283 1061 1340 Decretales
1090 1283 1386 1355 epistolas,
1413 1301 1560 1355 quas
1593 1282 1915 1338 beatissimi
1946 1299 2106 1354 papa:

445 1373 704 1429 diversis
735 1372 1098 1445 temporibus
1129 1373 1200 1427 de
1231 1373 1374 1426 urbe
1407 1373 1591 1427 Roma
1621 1389 1724 1443 pro
1745 1371 2106 1427 diversorum

458 1465 694 1518 Patrum
717 1461 1144 1517 consultatione
1173 1462 1478 1529 dederunt,
1504 1460 1912 1516 venerabiliter
1930 1460 2109 1515 susci-

458 1551 701 1622 piendas
744 1550 1136 1604 decernimus.
1170 1551 1230 1604 In
1285 1567 1398 1621 quo
1450 1551 1770 1606 notandum
1805 1550 1943 1621 quia
1991 1566 2105 1604 non

457 1639 603 1694 dixit
622 1639 939 1694 decretales
962 1637 1244 1710 epistolas
1266 1656 1392 1710 quae
1427 1639 1576 1694 inter
1596 1655 1851 1698 canones
1881 1638 2105 1693 haben-

458 1734 574 1796 tur,
600 1744 702 1782 nec
726 1731 975 1792 tantum,
992 1743 1138 1798 quas
1165 1728 1428 1784 moderni
1453 1727 1756 1800 pontiﬁces
1777 1726 2102 1793 ediderunt,

458 1817 558 1872 sed
590 1833 737 1888 quas
777 1815 1102 1871 beatissimi
1154 1833 1315 1889 papa:
1348 1816 1591 1872 diversis
1640 1816 2001 1888 temporibus
2033 1815 2106 1870 ab

459 1905 602 1960 urbe
627 1905 809 1960 Roma
837 1905 1146 1961 dederunt.
1168 1905 1347 1961 Dictis
1377 1909 1571 1960 autem
1604 1906 1849 1960 diversis
1875 1908 2104 1976 tempo-

458 1993 642 2062 ribus,
668 1995 844 2050 etiam
876 1993 976 2050 illa
998 1999 1265 2067 tempora
1285 1996 1371 2052 vir
1401 2000 1640 2051 sanctus
1668 1993 2107 2066 comprehendit

458 2100 604 2156 quae,
638 2084 1139 2140 crebrescentibus
1180 2101 1540 2156 paganorum
1580 2083 2102 2155 persecutionibus,

456 2173 528 2228 ad
563 2173 761 2228 sedem
795 2172 1174 2245 apostolicam
1206 2173 1414 2229 deferri
1459 2191 1666 2232 causas
1697 2172 2102 2246 episcoporum

455 2261 804 2317 difficillime
833 2262 1268 2333 permittebant.

529 2351 629 2406 His
678 2350 760 2405 ita
787 2350 983 2404 divina
1031 2351 1255 2406 favente
1303 2351 1493 2422 gratia
1543 2350 1874 2423 praelibatis.
1909 2355 2102 2406 osten-

454 2439 655 2494 dimus
686 2437 907 2494 nullam
939 2439 1326 2494 differentiam
1369 2456 1499 2494 esse
1547 2441 1701 2495 inter
1756 2458 1824 2495 ea
1874 2441 2106 2495 decreta

457 2544 585 2600 quae
618 2527 676 2581 in
709 2527 904 2582 codice
935 2544 1226 2583 canonum
1268 2527 1559 2583 habentur
1590 2529 1744 2584 sedis
1776 2527 2103 2600 apostolicae

457 2615 869 2688 pressulum,et
893 2633 963 2672 ea
1003 2633 1129 2682 quae
1171 2634 1285 2688 pre
1317 2616 1693 2675 multitudine
1731 2617 1823 2672 vix
1853 2635 1956 2690 per
1985 2619 2102 2673 sin-

455 2705 595 2778 gula
622 2705 987 2761 voluminum
1028 2722 1272 2778 corpora
1305 2706 1690 2778 reperiuntur,
1726 2724 1860 2762 cum
1909 2707 2107 2763 omnia

456 2799 514 2850 et
535 2794 799 2850 omnium
823 2795 1195 2850 decessorum
1221 2811 1462 2850 suorum
1488 2796 1800 2852 decretalis
1821 2796 2105 2853 constitu-

455 2887 726 2956 ta,atque
745 2882 1061 2941 decretales
1091 2883 1551 2956 epistolas,quas
1585 2885 1907 2942 beatissimi
1943 2902 2103 2958 papae

452 2972 702 3029 diversis
731 2973 1096 3044 temporibus
1127 2974 1198 3028 ab
1225 2974 1368 3029 urbe
1401 2974 1584 3029 Roma
1613 2975 2104 3038 dederunt,venc-

455 3061 719 3117 rabiliter
745 3078 870 3118 esse
901 3061 1303 3134 suscipiendas
1335 3067 1391 3118 et
1421 3063 1832 3118 custodiendas
1863 3063 2104 3119 eximios

2219 487 2275 537 et
2318 482 2376 536 in
2425 480 2683 537 Ecclesia
2713 481 2926 536 Christi
2975 480 3366 548 sublimiores,
3394 487 3703 551 tanto,cum
3745 488 3797 543 de

2219 571 2430 626 horum
2467 575 2623 626 statu
2656 569 2743 625 vel
2778 587 2915 626 casu
2948 571 3156 643 agitur,
3182 571 3400 642 majora
3419 572 3632 643 negotia
3649 579 3698 629 et
3713 574 3798 630 dit-

2219 659 2492 715 {iciliores
2513 676 2824 715 causarum
2847 660 3036 715 exitus
3063 657 3266 731 agitari
3289 659 3371 714 vel
3393 659 3582 716 haberi
3600 663 3798 718 credun-

2217 753 2332 804 tur.
2355 749 2471 820 Ipsi
2503 748 2717 820 quippe
2763 748 2935 820 primi
2969 747 3028 802 in
3059 747 3331 817 Ecclesia,
3359 747 3466 819 ipsi
3506 751 3797 808 arundinem

2218 841 2502 906 tenentes,
2518 836 2804 892 metiuntu
2816 855 2842 891 r
2861 841 3125 892 sanctam
3142 836 3482 902 Jerusalem,
3496 837 3597 909 ipsi
3615 839 3796 894 fabrica

2219 925 2320 980 Dei
2343 931 2622 997 praesunt,
2643 925 2754 998 ipsi
2775 925 3167 998 speculatores
3184 925 3427 981 civitatis
3445 926 3540 982 Dei
3561 933 3698 992 sunt,
3713 928 3796 1001 ipsi

2219 1014 2447 1083 arietes,
2473 1015 2584 1087 ipsi
2615 1019 2878 1088 pastores
2898 1015 3092 1086 gregis
3115 1014 3418 1080 Dominici,
3441 1015 3546 1087 ipsi
3567 1015 3796 1073 columns

2219 1103 2430 1158 domus
2469 1104 2687 1158 summi
2735 1103 2887 1176 regis
2917 1103 3191 1158 existunt.
3225 1106 3309 1158 An
3360 1106 3572 1176 majora
3616 1108 3796 1178 negotia

2218 1209 2427 1248 causas
2455 1191 2796 1248 inferiorum
2828 1192 3171 1248 clericorum
3202 1209 3332 1249 esse
3359 1193 3796 1265 conjicitis,utho~

2219 1299 2348 1336 rum
2381 1299 2588 1338 causas
2639 1282 2826 1352 nobis,
2861 1286 2918 1337 et
2946 1281 3352 1354 episcoporum
3410 1283 3565 1338 vobis
3618 1285 3796 1356 negotia

2215 1370 2528 1426 tribuatis?
2560 1370 2833 1437 Quamvis
2863 1375 2920 1426 et
2949 1370 3239 1432 inferioris
3270 1372 3485 1444 gradus
3515 1371 3794 1428 clericorum

2217 1476 2426 1515 causas
2458 1460 2614 1532 apud
2639 1477 2766 1526 nos,
2791 1477 2925 1515 cum
2957 1464 3190 1532 tempus
3219 1460 3306 1516 vel
3338 1478 3428 1516 res
3449 1461 3796 1532 exegerit,csse

2219 1549 2524 1616 finiendas,
2549 1566 2579 1604 e
2611 1549 2836 1605 diverso
2876 1548 3075 1621 procul
3108 1549 3286 1604 dubio
3317 1549 3658 1623 colligamus,
3685 1549 3796 1606 sicut

2217 1638 2422 1696 beatus
2445 1654 2595 1710 papa
2616 1638 2757 1693 dicit
2781 1638 3156 1694 Innocentius
3179 1639 3356 1710 (epist.
3393 1639 3459 1693 ad
3490 1641 3793 1712 Victi-icium):

2137 1769 2182 1833 Β
2217 1726 2276 1780 Si
2308 1743 2435 1798 quae
2465 1731 2659 1783 autem
2692 1744 2880 1783 causa:
2900 1725 2986 1782 vel
3013 1727 3416 1783 contentiones
3445 1728 3586 1783 inter
3611 1727 3794 1784 clericos

2214 1819 2335 1870 tam
2358 1816 2678 1888 superioris
2693 1816 2917 1871 ordinis
2935 1833 3112 1888 quam
3137 1816 3431 1872 inferioris
3449 1817 3612 1872 etiam
3634 1818 3795 1872 fuerint

2209 1908 2440 1973 exortae,
2459 1909 2522 1959 ut
2539 1905 2859 1960 secundum
2878 1906 3164 1977 synodum
3183 1904 3474 1960 Nicaanam
3496 1905 3793 1980 congregatis

2213 1994 2477 2063 ejusdem
2509 1993 2816 2065 provinciae
2845 1995 3132 2066 episcopis
3174 1996 3442 2067 jurgium
3482 1995 3792 2060 terminetur;

2213 2098 2318 2136 nec
2345 2081 2515 2136 alicui
2561 2081 2748 2148 liceat,
2783 2083 2908 2138 sine
2956 2083 3296 2154 przejudicio
3344 2087 3535 2139 tamen
3579 2084 3792 2139 Romanis

2215 2169 2499 2239 Ecclesiae,
2520 2171 2735 2226 relictis
2758 2171 2850 2226 his
2879 2172 3283 2227 sacerdotibus
3302 2172 3401 2244 qui
3431 2172 3488 2227 in
3510 2173 3686 2228 eadem
3705 2190 3794 2246 pro-

2211 2259 2402 2314 vincia
2423 2259 2521 2314 Dei
2545 2259 2860 2315 Ecclesiam
2883 2266 3026 2316 nutu
3053 2261 3248 2317 divino
3270 2262 3671 2334 gubernant,ad
3689 2260 3792 2316 alias

2212 2347 2516 2403 convolare
2542 2349 2887 2420 provincias.
2915 2352 2998 2404 An
3024 2351 3252 2421 majora
3274 2351 3500 2423 negotia
3523 2349 3793 2424 metropoli-

2212 2441 2486 2492 tanorum
2519 2442 2749 2492 tantum
2781 2454 2909 2494 esse
2953 2438 3260 2494 fatemini?
3291 2440 3400 2495 Sed
3433 2439 3612 2494 audite
3639 2455 3793 2492 rursus

2214 2526 2354 2597 quid
2388 2526 2458 2580 de
2503 2526 2790 2598 episcopis
2843 2533 3082 2582 sanctus
3131 2532 3424 2584 asseveret
3463 2529 3582 2583 Leo.
3603 2527 3790 2591 Quibus,

2211 2613 2504 2686 inquiens,
2530 2615 2637 2670 etsi
2693 2616 2947 2688 dignitas
2979 2618 3315 2674 communis
3346 2622 3452 2684 est,
3476 2617 3603 2672 ordo
3643 2622 3793 2670 tamen

2210 2704 2502 2776 generalis
2533 2709 2639 2773 est,
2668 2710 2724 2760 et
2763 2722 2958 2760 revera
2989 2722 3144 2761 unus
3183 2706 3258 2761 de
3319 2711 3532 2778 septem
3587 2704 3792 2760 Ecclesia

2211 2794 2492 2865 gradibus
2523 2798 2630 2859 est,
2668 2793 3251 2867 metropolitanorum
3286 2794 3503 2851 scilicet
3529 2799 3580 2850 et
3605 2793 3793 2865 reliquo-

2213 2899 2345 2937 rum
2363 2883 2770 2955 episcoporum
2787 2873 3189 2955 ordo.thuod
3205 2885 3353 2940 dicit
3363 2882 3792 2956 Apostolus,opor-

2212 2975 2294 3026 tet
2323 2972 2663 3044 episcopum
2723 2971 3297 3044 irreprehensibilem
3355 2989 3498 3039 esse,
3529 2989 3630 3027 non
3670 2970 3791 3025 video

2213 3061 2412 3115 minus
2434 3061 2898 3133 metropolitanis
2921 3078 3097 3133 quam
3121 3061 3346 3117 caeteris
3363 3061 3630 3134 episcopis
3643 3073 3792 3114 conve-

458 3151 758 3224 praesules,
783 3150 1034 3206 Leonem
1067 3150 1287 3206 scilicet
1331 3157 1388 3206 et
1435 3151 1752 3222 Gelasium,
1790 3154 2103 3209 mandasse
2131 3137 2174 3201 C
2216 3149 2359 3205 nire.
2380 3149 2500 3206 Nisi
2526 3151 2670 3206 forte
2691 3151 3026 3223 episCOpatu
3049 3167 3111 3206 se
3143 3150 3330 3222 privet
3352 3151 3604 3223 quisquis
3627 3151 3790 3203 metro-

457 3239 853 3312 prohavimus.
875 3239 1150 3305 Quamvis
1171 3245 1227 3294 et
1251 3240 1358 3296 hoc
1380 3241 1534 3312 quod
1567 3258 1718 3314 saepe
1749 3258 2103 3297 commemo-

457 3332 620 3384 ratus
670 3329 892 3396 B.Leo,
927 3328 1259 3401 apostolicae
1309 3329 1465 3386 sedis
1517 3331 1783 3399 antistes,
1832 3332 1903 3386 ad
1951 3333 2104 3386 Ana-

455 3420 706 3474 stasium
739 3417 1322 3474 Thessalonicensem
1361 3419 1857 3492 archiepiscopum
1904 3421 2108 3476 scribit

455 3507 636 3578 (epist.
660 3508 1185 3579 82),quorumdam
1225 3513 1548 3564 vestrorum
1593 3509 2102 3582 praesumptionem

457 3595 864 3666 potentissime
898 3595 1044 3661 ferit,
1077 3601 1132 3651 et
1175 3598 1330 3667 quod
1379 3597 1517 3652 talia
1562 3599 1794 3671 negotia
1823 3599 1990 3654 nobis
2019 3599 2107 3653 in-

459 3680 744 3736 consultis
793 3681 1047 3737 diflinire
1097 3684 1337 3740 minime
1367 3686 1645 3753 debeatis,
1672 3687 1978 3741 manifeste
2009 3689 2107 3742 de-

459 3771 711 3826 nuntiat.
739 3770 835 3824 Ait
859 3771 1015 3826 enim
1042 3789 1054 3826 :
1083 3772 1228 3826 Nam
1250 3789 1383 3828 cum
1419 3774 1642 3844 majora
1671 3775 1902 3847 negotia
1925 3779 1980 3830 et
2000 3775 2108 3830 dif-

459 3857 731 3913 ﬁciliores
771 3875 1082 3914 causarum
1114 3859 1302 3915 exitus
1350 3861 1599 3918 liberum
1647 3863 1750 3918 tibi
1799 3868 1953 3920 esset
2000 3866 2109 3919 sub

459 3951 672 4002 nostris
689 3947 988 4002 sententiae
1009 3950 1435 4020 exspectatione
1450 3953 1824 4023 suspendere,
1842 3970 1945 4009 nec
1961 3954 2109 4010 ratio

457 4035 586 4104 tibi,
614 4053 716 4091 nec
749 4035 1067 4093 necessitas
1090 4038 1216 4104 fuit,
1237 4039 1296 4094 in
1319 4039 1375 4094 id
1407 4041 1561 4112 quod
1587 4058 1922 4097 mensuram
1947 4048 2107 4099 tuam

457 4126 758 4182 excederet
803 4126 1095 4182 deviandi.
1129 4128 1196 4183 Et
1236 4127 1374 4183 item
1405 4130 1677 4202 deinceps
1714 4148 1726 4186 :
1763 4132 2108 4199 Praesertim,

456 4215 670 4286 inquit,
704 4231 838 4270 cum
888 4215 1118 4271 etiamsi
1151 4217 1291 4289 quid
1337 4218 1450 4273 tale
1500 4218 1720 4292 aliquid
1769 4226 2108 4289 mereretur,

455 4306 912 4376 exspectandum
932 4304 1036 4359 tibi
1061 4306 1233 4360 fuerit
1249 4307 1390 4378 quid
1412 4309 1480 4362 ad
1503 4311 1607 4364 tua
1624 4309 1890 4365 consulta
1912 4312 2114 4366 rescri-

455 4394 674 4450 berem.
699 4395 765 4449 Et
796 4393 970 4465 paulo
995 4399 1128 4466 post
1158 4413 1170 4450 :
1195 4395 1303 4450 Sed
1338 4397 1568 4452 etiamsi
1595 4399 1734 4470 quid
1766 4415 1938 4472 grave
1970 4400 2112 4455 into-

457 4481 884 4555 lerandumque
915 4483 1326 4551 committeret,
1349 4489 1551 4540 nostra
1572 4490 1696 4541 erat
1726 4489 2112 4560 exspectanda

457 4587 727 4638 censura,
750 4575 816 4626 ut
847 4570 993 4626 nihil
1023 4587 1153 4628 esse
1184 4572 1346 4643 prius
1383 4573 1725 4630 decerneres
1760 4593 1936 4647 quam
1970 4575 2109 4648 quid

459 4658 627 4714 nobis
650 4657 901 4730 placeret
930 4675 1296 4732 agnosceres.
1321 4661 1482 4724 Quod
1512 4679 1618 4718 nos
1644 4680 1876 4736 quoque
1897 4665 1967 4720 de
1998 4666 2108 4721 Ro-

457 4746 635 4802 thado
663 4748 828 4804 vobis
878 4766 992 4804 non
1025 4749 1485 4806 irrationabilius
1535 4751 1724 4808 dicere
1772 4771 2106 4825 possumus,

459 4834 597 4906 quia
627 4837 768 4891 dum
813 4842 939 4892 octo
989 4838 1105 4893 fere
1135 4855 1320 4895 annos
1349 4839 1786 4907 ventilaveritis,
1813 4859 1917 4898 nec
1963 4843 2108 4899 ratio

456 4923 621 4980 vobis
655 4941 762 4980 nec
794 4925 1108 4983 necessitas
1142 4928 1250 4983 iuit
1280 4929 1337 4983 in
1369 4929 1427 4984 id
1455 4931 1610 5001 quod
1646 4948 1983 4988 mensuram
2013 4951 2108 4989 ve-

457 5017 640 5068 stram
673 5015 974 5070 excederet
1013 5016 1303 5074 deviandi.
1330 5019 1442 5074 Sed
1487 5019 1719 5076 etiamsi
1750 5022 1889 5094 quid
1938 5039 2109 5094 grave

456 5101 1010 5176 intolerandumque
1059 5107 1472 5175 committeret,
1522 5114 1722 5166 nostra
1768 5115 1891 5166 erat
1938 5129 2107 5184 expe-

455 5192 668 5248 ctanda
693 5209 960 5258 censura,
994 5198 1058 5248 ut
1107 5193 1249 5248 nihil
1299 5193 1464 5265 prius
1513 5197 1900 5255 decerneretis
1930 5216 2106 5271 quam

457 5281 597 5354 quid
623 5281 794 5338 nobis
817 5281 1067 5353 placeret
1088 5284 1499 5354 agnosceretis.
1521 5286 1630 5341 Sed
1664 5287 1862 5343 dicitis
1883 5288 2108 5360 judicia

456 5369 862 5442 episcoporum
887 5387 999 5425 non
1021 5387 1151 5426 esse
1174 5373 1396 5442 majora
1418 5373 1668 5446 negotia,
1692 5393 1799 5431 nec
1821 5376 2103 5432 difﬁcilio-

457 5475 549 5514 res
582 5474 894 5515 causarum
923 5460 1134 5515 exitus.
1167 5463 1240 5516 At
1270 5477 1376 5516 nos
1407 5461 1618 5518 horum
1651 5464 1856 5520 merito
1879 5465 2106 5537 judicia

459 5546 685 5620 majora
730 5549 964 5624 negotia
993 5548 1268 5620 dicimus,
1300 5554 1356 5609 et
1405 5550 1760 5612 difﬁciliores
1793 5570 2103 5614 causarum

2213 3237 2604 3310 politanorum
2631 3240 2701 3294 ad
2728 3257 2789 3295 se
2811 3239 2918 3295 hoc
2938 3239 3197 3312 Apostoli
3222 3241 3446 3296 dictum
3471 3256 3576 3294 non
3604 3237 3790 3292 aestimet

2214 3327 2524 3399 pertinere.
2550 3328 2712 3383 Unde
2744 3345 2851 3384 nos
2882 3345 2996 3384 non
3044 3329 3292 3386 minoris
3328 3330 3546 3384 numeri
3575 3343 3663 3382 nec
3687 3323 3787 3380 alte-

2215 3416 2337 3472 rius
2369 3417 2535 3472 famee
2565 3422 2954 3485 accusatores,
2985 3423 3162 3473 testes
3182 3419 3272 3474 vel
3296 3419 3520 3489 judices
3541 3413 3789 3489 quaerimus

2215 3506 2274 3560 in
2307 3507 2556 3578 negotiis
2586 3507 3015 3578 episcoporum,
3050 3523 3228 3578 quam
3263 3508 3545 3580 exigimus
3573 3506 3622 3559 in
3649 3499 3792 3558 causis

2217 3594 2821 3666 metropolitanorum.
2841 3596 3000 3651 Unde
3022 3600 3141 3651 tam
3162 3595 3398 3652 illorum
3421 3613 3584 3668 quam
3604 3594 3792 3648 istorum

2217 3683 2580 3756 negotiorum
2603 3685 2772 3740 nobis
2789 3685 2978 3740 exitus
3001 3685 3280 3740 reservari
3303 3685 3507 3740 merito
3521 3681 3744 3738 volumus
3755 3677 3796 3728 et

2210 3773 2344 3843 jure
2364 3773 2750 3828 decrevimus.
2770 3775 2973 3829 Totius
2994 3773 3148 3829 enim
3172 3774 3460 3840 Ecclesiae,
3479 3777 3580 3827 Deo
3599 3771 3793 3826 auctore,

2216 3860 2561 3934 generaliter
2591 3861 3050 3917 sollicitudinem
3085 3862 3369 3934 gerimus,
3393 3868 3449 3918 et
3469 3859 3696 3917 omnium
3721 3850 3796 3907 uti-

2220 3968 2332 4022 que
2356 3950 2452 4023 qui
2473 3950 2787 4008 Ecclesiam
2808 3951 3029 4006 faciunt
3046 3967 3186 4008 cura
3203 3951 3459 4007 constrin
3468 3950 3518 4023 gi
3527 3965 3657 4012 mur,
3670 3947 3794 4011 atque

2217 4040 2484 4095 omnium
2513 4058 2762 4112 quorum
2794 4057 2902 4096 nos
2948 4040 3204 4096 maxima
3233 4057 3376 4096 cura
3422 4038 3696 4111 exspectat,
3724 4044 3794 4084 uo-

2216 4134 2407 4185 strum
2442 4129 2730 4202 praecipue
2761 4129 2975 4184 debent
3015 4130 3334 4202 promereri
3375 4127 3661 4202 judicium,
3687 4120 3794 4175 sicut

2220 4218 2594 4273 Innocentius
2626 4218 2698 4274 ad
2724 4217 3118 4274 Alexandrum
3151 4219 3417 4275 scribens
3443 4211 3792 4272 Antiochenam

2217 4309 2394 4378 (epist.
2427 4308 2544 4379 20),
2576 4324 2688 4362 non
2732 4307 2980 4362 scilicet
3012 4308 3202 4363 solum
3263 4305 3790 4379 metropolitanorum,

2217 4396 2322 4452 sed
2354 4400 2411 4451 et
2439 4395 2708 4452 omnium
2741 4397 2979 4452 omnino
3019 4398 3408 4464 sacerdotum,
3441 4391 3675 4467 quinimo
3700 4381 3793 4440 uni-

2218 4501 2519 4540 versorum
2551 4485 2651 4557 qui
2697 4502 2758 4541 se
2787 4487 2858 4541 de
2888 4485 3092 4541 ovibus
3144 4485 3534 4558 principaliter
3576 4473 3792 4536 divinilus

2221 4573 2384 4630 Petro
2415 4575 2839 4630 commendatis
2872 4591 3000 4630 esse
3045 4592 3160 4630 non
3193 4575 3461 4631 nesciunt
3490 4589 3502 4627 :
3535 4569 3586 4624 id
3614 4570 3792 4622 estnon

2219 4662 2409 4718 solum
2442 4668 2786 4719 cunctorum
2820 4664 2919 4736 qui
2972 4665 3042 4718 de
3074 4663 3309 4718 illorum
3359 4675 3588 4718 numero
3611 4645 3792 4744 sunt

2219 4751 2436 4823 quibus
2459 4752 2744 4808 Dominus
2765 4735 3012 4825 principi
3037 4751 3434 4824 apostolorum
3456 4747 3618 4804 dixit:
3642 4743 3698 4797 Tu
3716 4735 3792 4791 ali-

2218 4841 2433 4913 quando
2477 4858 2763 4897 conversus
2809 4843 3070 4912 conﬁrma
3117 4844 3321 4913 fratres
3375 4848 3486 4896 tuos
3515 4837 3643 4910 (Luc.
3671 4825 3788 4890 xxul:

2219 4931 2317 4985 sed
2352 4932 2526 4986 etiam
2561 4931 2660 5003 qui
2692 4932 2762 4986 de
2795 4930 2889 4986 his
2929 4931 3189 5002 piscibus
3221 4935 3378 4997 sunt,
3408 4928 3502 5001 qui
3531 4925 3660 4979 intra
3688 4918 3789 4978 rem:

2217 5019 2374 5090 quod
2397 5021 2468 5075 ab
2498 5020 2624 5092 ipso
2648 5021 2720 5075 ad
2750 5020 2916 5075 littus
2938 5019 3091 5075 trahi
3114 5020 3440 5092 specialiter
3457 5011 3788 5088 jussum,csse

2219 5124 2280 5162 se
2314 5113 2761 5181 rocognoscunt.
2794 5109 2998 5164 Adhuc
3037 5113 3232 5165 tamen
3280 5100 3583 5182 percontari
3608 5095 3788 5170 propter

2218 5197 2611 5253 contentiosos
2636 5198 2775 5254 libet
2797 5214 3069 5270 quamam
3086 5199 3330 5270 judicia,
3347 5195 3430 5252 vel
3451 5201 3667 5265 quorum
3693 5188 3784 5235 esse

2218 5287 2441 5358 majora
2473 5287 2707 5359 negotia
2754 5287 3102 5359 praedicatis,
3127 5286 3176 5341 si
3209 5286 3592 5359 episcoporum
3626 5277 3783 5328 calls“

2217 5391 2330 5429 non
2346 5375 2498 5431 inter
2513 5375 2803 5448 praecipua
2815 5378 3190 5447 computatus
3207 5370 3455 5448 negotia?
3468 5373 3546 5424 An
3562 5361 3780 5450 laicome

2215 5468 2270 5518 et
2281 5445 2610 5538 vulgarium
2629 5445 3215 5537 populorumjudicia
3231 5445 3377 5521 inter
3390 5460 3592 5530 majora
3607 5445 3782 5519 negoti8

2213 5553 2453 5629 ponitis,
2479 5569 2626 5632 quos
2655 5570 2802 5631 pene
2833 5555 3090 5632 quotidie
3120 5571 3256 5614 cum
3286 5549 3480 5612 vestris
3507 5549 3558 5607 et
3582 5540 3686 5603 sine
3710 5546 3782 5588 νου

2140 4507 2186 4572 D
