3994 6150
218 323 345 387 eos

1447 326 1845 389 EPISTOL/E
1887 326 1987 388 ET
2031 326 2388 390 DECRETA
2404 374 2417 387 .

3513 314 3633 399 see

218 457 365 514 stris
386 463 445 516 et
465 458 592 515 sine
612 459 819 516 vestris
845 459 1109 532 epistolis
1131 460 1203 516 ad
1220 459 1622 517 discutiendos
1641 464 1698 515 et
1712 460 1871 531 judi-
1901 464 1956 529 Î‘
1986 461 2305 533 plurimum
2324 466 2718 531 commendat,
2736 482 2934 521 verum
2959 465 3131 523 etiam
3154 484 3273 523 rem
3292 468 3362 523 de
3379 486 3494 539 qua
3516 469 3633 541 agi-

218 547 446 605 candos
477 548 856 620 suscipimus,
887 554 945 603 et
972 548 1293 616 discussos,
1324 549 1413 604 vel
1438 548 1755 621 judicatus,
1792 550 1877 605 vel

214 635 529 693 absolutos
549 636 934 693 dimittimus?
946 637 1207 709 Denique
1227 644 1329 693 aut
1344 640 1711 694 saecularium
1725 638 1881 710 judi-

218 726 311 782 cia
332 726 489 782 inter
512 727 754 798 majora,
770 731 827 782 et
851 727 1258 799 episcoporum
1280 727 1432 784 inter
1453 728 1681 783 minora
1712 744 1883 801 uego-

216 814 300 872 tia
331 814 720 883 collocabitis,
752 820 811 871 et
838 815 1003 872 vobis
1032 817 1461 889 episcoporum,
1497 817 1667 873 nobis
1698 816 1879 873 laico-

217 922 353 961 rum
378 903 606 975 judicia
634 904 1004 960 reservabitis
1026 921 1037 959 :
1060 911 1161 961 aut
1192 910 1367 972 certe,
1390 907 1439 961 si
1471 907 1877 979 epiSCOporum

209 994 446 1065 judicia
476 997 617 1050 sunt
638 993 863 1062 majora
891 993 1142 1065 negotia,
1160 995 1332 1065 juxta
1356 995 1605 1050 Leonem
1628 994 1878 1050 liberum

215 1082 385 1139 vobis
414 1098 544 1138 esse
573 1080 775 1136 debuit
802 1080 925 1137 haec
952 1082 1063 1136 sub
1094 1088 1304 1137 nostris
1336 1082 1636 1137 sententiae
1676 1097 1881 1153 exspe-

219 1171 478 1229 ctatione
509 1171 904 1242 suspendere;
938 1175 1041 1225 aut
1069 1170 1118 1227 si
1152 1187 1399 1243 persona
1420 1170 1727 1242 judicandi
1766 1170 1880 1227 tale

219 1261 449 1334 aliquid
482 1265 821 1324 mereretur,
852 1261 1309 1332 exspectandum
1335 1260 1499 1315 vobis
1528 1261 1715 1314 fuerat
1735 1257 1877 1330 quid

217 1351 292 1407 ad
316 1355 514 1407 vestra
544 1348 813 1404 consulta
833 1349 1586 1407 rescriberem.Absurdum
1610 1352 1698 1405 est
1719 1348 1877 1403 enim

218 1446 283 1497 ut
311 1439 498 1495 laicos
526 1453 790 1510 quosque
818 1441 878 1493 et
908 1437 1186 1493 minimos
1213 1438 1314 1509 qui
1345 1443 1484 1494 sunt
1515 1438 1574 1492 in
1621 1435 1879 1493 ecclesiis

214 1529 453 1595 vestris,
478 1532 676 1583 nostro
699 1526 946 1582 mittatis
958 1526 1335 1597 judicandos,
1360 1531 1416 1583 et
1436 1526 1663 1583 addatis
1686 1524 1880 1598 quoti-

216 1620 394 1675 diauo
426 1616 646 1684 labori;
679 1619 738 1671 et
775 1616 1205 1688 episcOporum,
1235 1616 1333 1688 qui
1368 1616 1657 1688 praecipua
1687 1614 1879 1670 Eccle-

215 1709 315 1765 size
359 1705 628 1762 membra
670 1708 828 1772 sunt,
878 1710 1079 1761 vestrae
1130 1705 1398 1761 subdatis
1444 1703 1880 1760 deliberationis

213 1795 483 1854 arbitria.

284 1885 393 1941 His
421 1900 556 1940 vero
588 1882 823 1938 tandem
853 1881 1113 1952 omissis,
1144 1883 1260 1939 Deo
1294 1884 1461 1951 duce,
1495 1884 1700 1939 scitote
1747 1898 1878 1965 nos,

214 1976 375 2051 quod
399 1973 723 2030 temeritate
744 1973 1028 2045 magistra
1050 1991 1350 2045 perperam
1377 1989 1411 2028 a
1431 1973 1590 2029 vobis
1609 1970 1881 2029 commis-

213 2082 352 2121 sum
381 2069 491 2130 est,
522 2066 580 2118 et
610 2062 763 2133 quod
791 2060 1139 2117 inconsultis
1172 2061 1339 2117 nobis
1371 2063 1430 2117 in
1465 2062 1727 2117 Rotbado
1761 2061 1878 2115 fra-

212 2159 303 2210 tre
357 2156 417 2207 et
462 2150 803 2222 coepiscopo
851 2155 1049 2205 nostro
1097 2167 1458 2223 praepropere
1499 2148 1878 2223 perpetrastis

215 2240 473 2315 (etiamsi
504 2254 808 2310 nunquam
839 2239 1038 2294 sedem
1070 2239 1449 2311 apostolicam
1481 2238 1876 2313 appellasset),

216 2332 321 2390 Dei
362 2328 728 2395 auctoritate,
776 2331 834 2383 et
878 2328 1353 2384 beatissimorum
1403 2329 1556 2384 Petri
1604 2345 1669 2384 ac
1714 2326 1876 2383 Pauli

216 2418 557 2494 principum
590 2415 1009 2489 apostolorum,
1039 2433 1138 2472 seu
1183 2418 1445 2473 omnium
1500 2418 1874 2473 deeessorum

216 2525 514 2575 meorum,
540 2523 764 2563 necnon
793 2510 852 2562 et
880 2510 1218 2562 sanctorum
1250 2512 1638 2563 trecentorum
1675 2507 1872 2562 decem

214 2605 274 2657 et
304 2603 438 2655 octo
469 2597 707 2655 Patrum
740 2594 839 2668 qui
871 2597 1025 2668 apud
1060 2596 1309 2652 Nicaeam
1342 2598 1450 2653 sub
1492 2597 1873 2652 Canstantino

215 2689 315 2761 pio
346 2685 612 2762 principe
642 2689 1055 2753 convenerunt,
1090 2686 1324 2757 penitus
1355 2691 1701 2773 evacuautes
1733 2691 1791 2741 et
1812 2686 1872 2740 in

216 2778 456 2834 irritum
487 2775 787 2839 ducentes,
804 2774 1106 2846 praefatum
1128 2774 1457 2830 Rotbadum
1483 2775 1729 2847 pristino
1750 2792 1874 2847 gra-

214 2866 340 2933 dui,
378 2861 637 2937 pristinas
669 2862 963 2934 dignitati,
996 2863 1242 2934 pristino
1272 2864 1595 2918 reddidisse
1630 2880 1872 2935 prorsus

215 2952 427 3013 honori
453 2969 467 3018 ;
501 2951 585 3007 ita
617 2956 682 3009 ut
711 2950 907 3007 divina
938 2952 1214 3025 mysteria
1244 2952 1587 3008 conficiendi
1618 2951 1869 3024 priorem

216 3041 561 3101 facultatem
591 3040 860 3111 adeptus,
891 3039 1168 3112 omnique
1199 3041 1538 3096 sacerdotali
1564 3042 1871 3097 restitutus

215 3131 437 3196 officio,
457 3130 582 3185 sine
612 3128 924 3199 cujuslibet
953 3129 1430 3197 contradictione,
1456 3130 1699 3202 propria:
1721 3147 1872 3184 rece-

1911 1846 1958 1911 B

1986 556 2082 604 tur
2105 550 2160 605 in
2186 553 2387 623 paucis
2410 554 2620 608 astruit
2643 559 2695 609 et
2721 556 3172 621 ostendit,nobis
3194 557 3452 612 videlicet
3477 557 3633 612 brevi

1986 656 2259 695 sermone
2290 641 2611 713 propinans
2642 644 2795 715 quod
2828 644 2898 699 dc
2931 645 3248 701 multorum
3272 645 3638 701 voluminum

1986 728 2254 784 fontibus
2286 730 2504 785 hausit.
2537 731 2810 787 Scribens
2843 733 2998 787 enim
3044 733 3331 806 episcopis
3366 751 3468 806 per
3500 739 3639 789 Dar~

1994 816 2229 872 daniam
2273 819 2628 886 constitutis,
2681 821 2834 876 inter
2883 827 3085 877 caetera
3132 826 3310 894 (epist.
3348 824 3481 893 li):
3528 822 3643 878 Nec

1987 905 2593 977 plaue,ait,tacemus,
2612 910 2765 982 quod
2798 917 3009 965 cuncta
3039 928 3141 983 per
3170 912 3461 966 mundum
3484 910 3643 967 novit

1986 994 2261 1060 Ecclesia,
2279 997 2555 1068 quoniam
2574 998 2969 1069 quorumlidet
2986 999 3292 1054 sententiis
3310 998 3487 1071 ligata
3502 1017 3642 1072 pon-

1988 1082 2215 1138 tificum
2249 1085 2415 1140 sedes
2448 1086 2595 1141 beati
2624 1088 2771 1141 Petri
2799 1087 3167 1159 apostolijus
3198 1087 3409 1143 habeat
3456 1087 3637 1144 resol-

1985 1171 2178 1239 vendi,
2217 1178 2415 1244 utpote
2439 1192 2564 1246 quae
2588 1176 2659 1230 de
2681 1176 2836 1230 omni
2860 1176 3118 1232 Ecclesia
3138 1177 3225 1231 fas
3248 1176 3460 1232 habeat
3480 1177 3639 1248 judi-

1988 1261 2179 1316 candi.
2200 1266 2339 1317 Item
2356 1264 2425 1318 ad
2450 1264 2754 1337 episcopos
2776 1265 3114 1333 Orientales,
3130 1270 3262 1338 post
3283 1266 3636 1338 quingentos

1988 1348 2199 1420 inquit,
2215 1367 2402 1407 annos
2426 1353 2745 1407 constituta
2758 1353 2967 1408 Christi
2997 1371 3095 1410 eos
3114 1353 3257 1410 velle
3280 1355 3632 1424 subvertere,

1988 1453 2121 1493 cum
2145 1438 2385 1511 triginta
2417 1457 2702 1496 annorum
2734 1441 2824 1497 lex
2854 1441 3161 1497 hominum
3184 1460 3299 1498 non
3323 1442 3508 1516 possit
3526 1444 3635 1499 ab-

1988 1527 2491 1599 rumpi,sanctum
2513 1530 2897 1585 Athanasium
2930 1532 3057 1587 ideo
3090 1548 3206 1586 non
3238 1533 3577 1588 damnatum
3603 1551 3638 1589 a

1988 1617 2210 1688 synodo
2234 1616 2508 1687 Orientis,
2526 1619 2665 1691 quia
2685 1621 2853 1676 sedes
2876 1620 2989 1675 ista
3011 1638 3127 1676 non
3152 1621 3528 1690 consenserit,
3546 1621 3636 1678 vel

1988 1709 2258 1759 sanctum
2290 1705 2578 1762 Joannem
2610 1708 3343 1780 Constantiuopolitanum,
3360 1708 3447 1765 vel
3469 1727 3637 1766 sanc-

1987 1797 2115 1848 tum
2143 1794 2501 1850 Flavianum.
2518 1796 2577 1852 Si
2599 1813 2735 1869 ergo
2758 1797 2867 1852 hac
2890 1815 3004 1853 nou
3029 1799 3425 1854 sonseutiente
3448 1798 3639 1866 sola,ii

1990 1881 2251 1939 damnati
2275 1900 2309 1938 a
2330 1885 2550 1956 synodo
2563 1884 2833 1953 Orientis,
2852 1904 2965 1942 non
2992 1891 3306 1959 potuerunt
3326 1904 3452 1943 esse
3480 1887 3642 1944 dam-

1989 1970 2133 2038 nati,
2185 1989 2548 2044 consequens
2594 1979 2679 2030 est
2724 1976 2921 2041 etiam,
2958 1975 3057 2047 qui
3087 1977 3289 2031 eadem
3320 1975 3443 2033 sola
3473 1978 3638 2033 dam-

1990 2065 2182 2128 nante,
2216 2061 2342 2116 sine
2372 2063 2591 2135 synodo
2621 2063 2938 2120 damnatus
2971 2064 3163 2133 fuerit,
3196 2065 3509 2121 damnatus
3540 2066 3635 2122 sit.

1988 2150 2050 2203 In
2083 2166 2199 2221 quo
2232 2151 2382 2205 inter
2411 2157 2618 2207 caetera
2650 2153 2971 2208 notandum
3012 2158 3099 2208 est
3128 2153 3267 2225 quia
3297 2154 3343 2210 si
3376 2154 3483 2209 hos
3533 2155 3632 2226 qui

1988 2244 2119 2310 post
2134 2239 2488 2313 quingentos
2504 2258 2689 2297 annos
2706 2246 2927 2297 statuta
2940 2242 3149 2297 Christi
3170 2248 3265 2297 tan
3275 2243 3476 2299 tabaut
3495 2244 3634 2299 sub-

1984 2332 2225 2392 vertere,
2258 2333 2424 2383 tanta
2452 2328 2540 2383 vir
2583 2335 2823 2385 sanctus
2872 2331 3267 2403 increpatione
3314 2331 3632 2405 redarguit,

1984 2432 2120 2471 cum
2152 2417 2391 2489 triginta
2423 2434 2709 2473 annorum
2740 2418 2827 2474 lex
2848 2420 3153 2474 hominum
3182 2436 3296 2475 non
3318 2421 3504 2492 possit
3530 2422 3635 2476 ab-

1984 2506 2198 2579 rumpi,
2215 2511 2433 2578 quanto
2458 2506 2646 2579 magis
2667 2508 3055 2579 exprobrandi
3077 2512 3217 2564 sunt
3236 2509 3335 2581 qui
3366 2525 3435 2565 ea
3455 2509 3634 2565 etiam

1986 2600 2120 2665 post
2149 2596 2514 2668 octingentos
2546 2602 2691 2652 eteo
2714 2598 2969 2669 amplius
2992 2615 3177 2654 annos
3202 2599 3469 2654 nituntur
3488 2599 3635 2655 evel-

1988 2682 2152 2738 lere?
2202 2686 2335 2749 Quaa
2392 2701 2523 2739 vero
2571 2689 2792 2741 statuta
2839 2686 3049 2742 Christi
3105 2686 3331 2752 dixerit,
3390 2686 3635 2744 inferius

1984 2771 2319 2841 declaravit,
2353 2791 2487 2828 cum
2521 2773 2645 2828 sola
2675 2774 2812 2830 sede
2863 2774 3183 2846 apostolica
3232 2792 3345 2830 non
3389 2793 3633 2831 consen-

1982 2862 2161 2916 tiente
2195 2861 2490 2916 nemiuem
2524 2879 2695 2932 posse
2725 2863 3016 2930 damnari,
3047 2868 3104 2918 et
3135 2863 3257 2919 sola
3286 2881 3354 2919 ea
3387 2881 3631 2920 consen-

1979 2950 2177 3012 tiente,
2211 2950 2311 3021 qui
2344 2951 2658 3005 damnatus
2687 2951 2893 3019 fuerat,
2927 2951 3269 3007 damnatum
3310 2952 3512 3007 haberi
3544 2969 3635 3008 ex-

1979 3039 2194 3110 posuit.
2222 3040 2455 3094 Statuta
2486 3040 2681 3111 itaque
2706 3040 2919 3096 Christi
2952 3040 3096 3095 dixit
3126 3046 3256 3112 post
3278 3041 3632 3114 quingentos

1978 3145 2163 3184 annos
2184 3128 2517 3183 subvertere
2542 3145 2554 3194 ;
2579 3128 2720 3199 quia
2731 3129 2852 3199 jam
2879 3130 3191 3201 quinquies
3212 3135 3445 3185 centum
3464 3130 3630 3185 circi-

217 3226 333 3293 pte:
368 3219 545 3274 libere
576 3218 771 3289 praasit
798 3216 1091 3281 Ecclesia},
1113 3234 1146 3271 a
1177 3236 1293 3290 qua
1327 3219 1671 3275 inconsultis
1703 3220 1871 3275 nobis
1902 3208 1944 3276 C
1984 3222 2071 3272 ter
2098 3216 2236 3272 anni
2268 3216 2921 3288 printerieraut,quando
2939 3218 3285 3274 venerabilis
3304 3235 3454 3291 papa
3485 3218 3630 3273 dixit

216 3307 504 3381 expulsus
521 3311 629 3362 est.
646 3306 902 3378 Denique
923 3322 1058 3361 cum
1082 3311 1216 3362 ante
1239 3308 1540 3363 biennium
1563 3308 1800 3381 scriptis
1820 3314 1877 3363 et

216 3397 417 3454 verbis
445 3395 736 3452 instanter
763 3395 1077 3467 egissimus
1111 3401 1174 3450 ut
1218 3396 1372 3451 idem
1424 3398 1724 3453 Rothadus
1772 3404 1875 3454 aut

217 3485 474 3560 propriae
505 3484 847 3541 redderetur
866 3483 1271 3549 Ecclesiae,aut
1301 3488 1455 3540 certe
1473 3486 1713 3541 Romam
1737 3504 1873 3542 cum

215 3574 462 3633 vicariis
487 3572 694 3630 vestris
724 3577 781 3629 et
809 3572 997 3645 ipsius
1044 3574 1484 3630 accusatoribus
1536 3576 1606 3630 ad
1657 3576 1873 3631 exami-

219 3663 491 3723 nandum
523 3667 580 3718 et
599 3660 987 3732 judicandum
1018 3662 1187 3718 nobis
1217 3663 1610 3731 destinaretis,
1639 3670 1697 3720 et
1728 3664 1876 3720 nihil

217 3752 382 3825 apud
414 3768 518 3807 vos
550 3749 864 3823 impetrare
893 3752 1311 3824 potuissemus,
1346 3754 1488 3809 dum
1521 3757 1695 3810 modo
1744 3754 1872 3822 hoc,

217 3842 399 3898 modo
429 3839 575 3895 illud
606 3840 678 3895 ad
708 3841 1072 3896 excusandas
1098 3848 1501 3899 excusationes
1532 3844 1590 3898 in
1625 3843 1876 3916 peccatis

214 3929 594 4003 objiccretis;
628 3929 865 3985 tandem
895 3928 1233 4002 aliquando,
1281 3932 1396 3987 Deo
1446 3933 1790 4004 inspirante,
1823 3939 1880 3990 et

214 4020 471 4077 Nicanae
502 4017 671 4075 uobis
704 4018 906 4091 synodi
940 4019 1167 4076 decreto
1190 4020 1566 4094 suffragante,
1593 4040 1707 4094 quo
1728 4022 1881 4079 inter

215 4112 435 4165 cetera
455 4106 788 4181 praecipitur
808 4112 873 4164 ut
886 4108 1012 4165 suis
1034 4107 1337 4182 privilegia
1365 4115 1668 4167 serventur
1686 4111 1879 4168 Eccle-

219 4197 354 4264 siis,
378 4201 570 4253 ratum
600 4196 877 4253 duximus
897 4198 1025 4269 jam
1046 4198 1269 4254 factum
1296 4198 1647 4268 Rothadum,
1667 4217 1883 4257 memo-

221 4303 321 4343 res
354 4284 581 4344 scilicet
609 4284 1047 4360 privilegiorum
1078 4286 1411 4359 apostolicae
1439 4288 1663 4357 sedis,a
1682 4289 1880 4345 vincu-

221 4377 302 4433 lis
317 4374 542 4448 quibus
556 4373 744 4441 illum,
761 4391 832 4431 ne
856 4379 1116 4432 uteretur
1134 4376 1325 4432 ofï¬cio
1348 4394 1452 4433 uec
1473 4395 1591 4433 sua:
1610 4382 1885 4451 praeesset

222 4463 524 4531 Ecclesiae,
556 4462 896 4538 colligastis.
928 4464 1069 4536 quia
1098 4481 1204 4521 nos
1234 4482 1349 4521 non
1381 4468 1740 4535 censuimus,
1775 4471 1883 4524 ab-

1983 3306 2179 3361 sedem
2203 3304 2578 3376 apostolicam
2604 3305 2723 3360 haec
2747 3307 3188 3363 statutaChristi
3211 3308 3625 3379 promeruisse.

1986 3393 2286 3465 Privilegia
2315 3394 2472 3450 enim
2506 3410 2614 3449 sua
2644 3411 2676 3449 a
2707 3395 2935 3451 Christo
2959 3395 3213 3451 Ecclesia
3244 3398 3504 3452 Romana
3525 3412 3630 3470 per

1985 3483 2217 3538 Petrum
2249 3488 2563 3539 consecuta
2593 3488 2769 3550 est,ct
2800 3485 2925 3557 ipsa
2955 3492 3095 3540 sunt
3124 3490 3345 3541 statuta
3367 3485 3576 3541 Christi
3608 3503 3622 3541 :

1985 3588 2113 3643 quae
2144 3572 2384 3643 quidam
2414 3576 2555 3627 tunc
2580 3577 2711 3644 post
2728 3572 3086 3645 quiugintos,
3108 3590 3264 3629 nunc
3286 3579 3419 3647 post
3440 3576 3631 3631 octin-

1984 3666 2189 3734 gentos
2209 3677 2394 3716 annos
2415 3660 2712 3716 exinanire
2742 3666 3046 3718 conantur.
3061 3662 3347 3733 Ecclesiae,
3364 3664 3630 3737 inquam,

1988 3753 2260 3806 Romanae
2291 3751 2433 3806 adeo
2461 3756 2596 3805 suat
2626 3752 2869 3823 antiqua
2896 3756 2952 3808 et
2978 3757 3173 3808 vetera
3217 3752 3539 3826 privilegia,
3570 3758 3638 3810 ut

1986 3841 2219 3895 Nicaeus
2247 3840 2526 3911 synodus,
2562 3840 2715 3895 sicut
2738 3844 2757 3865 '
2793 3841 3127 3897 Bonifacius
3165 3842 3379 3913 praesul
3405 3848 3638 3915 aposto-

1988 3930 2137 3995 licus
2165 3929 2587 4001 episcopis.per
2615 3929 2979 3986 Thessaliam
3013 3930 3346 3988 constitutis
3378 3932 3642 3990 scribens

1989 4020 2089 4087 ait,
2124 4036 2239 4075 non
2273 4018 2495 4090 aliquid
2538 4035 2717 4090 super
2764 4035 2893 4074 eam
2943 4037 3090 4076 ausa
3134 4021 3211 4076 sit
3263 4021 3639 4088 constituere,

1990 4126 2124 4163 cum
2146 4108 2440 4163 videretur
2456 4106 2601 4161 nihil
2625 4125 2805 4179 supra
2826 4108 3101 4163 meritum
3126 4126 3298 4164 suum
3322 4125 3492 4180 posse
3512 4126 3644 4165 con-

1991 4197 2161 4253 ï¬teri.
2186 4195 2399 4252 Omnia
2428 4194 2682 4266 denique
2708 4201 2943 4250 noverat
2965 4195 3105 4252 huic
3122 4197 3352 4251 Domini
3375 4213 3642 4254 sermone

1991 4302 2289 4357 concessa.
2326 4283 2385 4339 Si
2419 4284 2634 4351 amnia,
2668 4299 2804 4356 ergo
2844 4289 2901 4339 et
2945 4284 3350 4357 episcoporum
3392 4285 3638 4357 judicia.

1994 4352 2337 4432 Perhibehte
2368 4383 2563 4428 autem
2594 4352 2762 4428 beato
2794 4352 3086 4430 Bonifacio
3119 4352 3271 4446 quod
3294 4352 3525 4430 Nicaina
3546 4392 3640 4449 sy-

1993 4464 2183 4521 nodus
2214 4479 2391 4535 super
2409 4461 2732 4529 eam,haud
2754 4462 2996 4517 dubium
3021 4463 3162 4534 quin
3186 4463 3509 4519 Romanam
3535 4465 3641 4520 Ec-

222 4553 598 4611 solveudum.
632 4553 831 4626 Neque
859 4555 1016 4611 enim
1046 4558 1168 4611 tam
1191 4554 1442 4612 stolidus
1463 4561 1654 4613 tamve
1674 4560 1885 4630 poterit
1915 4578 1963 4642 D
1994 4552 2231 4611 clesiam
2264 4569 2379 4607 non
2412 4568 2557 4607 ausa
2578 4552 2652 4607 sit
2672 4550 2868 4623 aliqua
2890 4552 3400 4617 constituere,cum
3423 4552 3644 4610 videret

218 4642 568 4701 traditionis
598 4640 836 4699 tramite
866 4642 1069 4699 devius
1100 4643 1367 4710 inveniri,
1397 4646 1499 4717 qui
1530 4646 1752 4703 caeteris
1782 4649 1884 4704 Ec-

218 4730 426 4788 clesiis
458 4729 765 4804 privilegia
793 4732 1009 4788 servari
1057 4736 1114 4789 et
1161 4731 1270 4789 soli
1318 4734 1591 4789 Romanis
1623 4736 1889 4794 Ecclesiae

221 4818 410 4879 adimi
443 4819 654 4877 debere
686 4819 1009 4892 perhibent,
1044 4838 1171 4893 quae
1204 4822 1467 4877 omnium
1502 4824 1888 4881 Ecclesiarum

228 4908 541 4983 magistra,
573 4912 764 4965 mater
790 4913 850 4964 et
879 4915 1054 4982 caput
1079 4914 1188 4965 est.
1222 4911 1279 4966 Si
1314 4912 1447 4982 quis
1478 4919 1670 4969 autem
1720 4914 1896 4971 tacita

229 4999 404 5064 forte,
438 4997 578 5068 quia
608 5014 725 5052 non
775 4998 953 5054 audet
1000 5003 1202 5071 aperta
1249 5000 1658 5057 mussitatione
1708 5003 1893 5070 fateri,

228 5086 512 5142 Romanis
546 5084 892 5157 hujusmodi
918 5086 1188 5143 Ecclesia:
1219 5088 1518 5162 privilegia
1547 5108 1662 5146 non
1694 5092 1894 5163 fuisse,

232 5174 460 5248 quibus
478 5174 650 5231 sedes
670 5174 991 5247 apostolica
1007 5175 1255 5232 aliorum
1280 5177 1460 5249 ligata
1480 5180 1798 5251 praesulum
1821 5184 1902 5237 fa-

233 5263 522 5320 cultatem
554 5262 827 5321 habuerit
856 5263 1236 5331 dissolvendi,
1270 5270 1477 5337 praeter
1507 5270 1661 5341 quod
1708 5270 1901 5341 prisca

234 5369 438 5409 rerum
472 5351 839 5425 probatione,
862 5356 920 5411 et
949 5352 1367 5410 nonnullarum
1398 5356 1734 5413 recitatione
1763 5356 1903 5412 scri-

230 5446 553 5515 pturarum
586 5442 969 5513 convincitur,
1012 5442 1181 5498 testis
1223 5448 1313 5498 est
1358 5445 1563 5500 beatus
1610 5445 1897 5512 Gelasius,

232 5548 414 5604 quem
426 5530 647 5588 idcirco
665 5531 738 5586 ad
755 5531 1160 5589 testimonium
1170 5548 1352 5603 super
1368 5533 1460 5589 his
1474 5534 1900 5606 perhibendum

235 5619 651 5698 produximus,
685 5620 827 5695 quia
855 5619 1012 5677 hunc
1046 5637 1162 5678 non
1197 5621 1387 5679 solum
1412 5623 1526 5680 vita
1555 5629 1611 5680 et
1639 5623 1902 5681 doctrina

226 5757 253 5781 â€˜
575 5749 842 5815 PATROL.
889 5748 1097 5814 CXIX.

1998 4642 2146 4699 nihil
2177 4658 2355 4714 supra
2384 4641 2660 4697 meritum
2693 4658 2867 4696 suum
2908 4658 3078 4713 posse
3129 4641 3412 4711 conï¬teri,
3446 4642 3647 4700 omnia

2000 4732 2252 4804 denique
2280 4730 2417 4786 huic
2449 4735 2683 4785 noverat
2713 4729 2942 4785 Domini
3001 4746 3269 4787 sermone
3317 4747 3596 4789 concessa
3630 4749 3643 4789 :

2001 4827 2057 4878 et
2088 4821 2437 4893 objurgante
2474 4822 2674 4874 sancto
2731 4818 2958 4874 Gelasio
3012 4835 3111 4875 eos
3170 4819 3271 4892 qui
3329 4822 3651 4878 constituta

2003 4909 2216 4966 Christi
2248 4909 2517 4964 volebant
2545 4908 2899 4974 subvertere,
2933 4923 3064 4963 cum
3101 4908 3399 4982 privilegia
3437 4910 3653 4966 Roma-

2005 5016 2091 5055 na:
2120 4998 2277 5055 sedis
2307 4998 2697 5054 moliebantur
2736 4996 3072 5069 infringere,
3126 4998 3435 5055 manifeste
3484 5000 3657 5055 datur

2007 5087 2250 5161 intelligi
2282 5088 2483 5142 eadem
2516 5102 2643 5141 esse
2695 5086 3013 5141 constituta
3059 5086 3272 5143 Christi
3335 5105 3460 5160 qua:
3517 5091 3658 5144 sunt

2009 5178 2208 5233 omnia
2236 5176 2337 5231 illa
2368 5194 2494 5248 qua:
2528 5175 2664 5229 huic
2695 5174 2963 5231 Ecclesia:
2995 5177 3253 5249 synodus
3283 5177 3514 5232 Niczena
3553 5192 3655 5230 no-

2008 5271 2168 5323 verat
2188 5266 2419 5322 Domiui
2441 5282 2708 5321 sermone
2749 5267 3113 5321 coneessa.A
3151 5270 3410 5339 tempore
3441 5263 3657 5335 quippe

2011 5373 2124 5429 quo
2156 5355 2413 5427 synodus
2444 5354 2676 5409 Nicmna
2703 5353 2894 5409 fuerat
2934 5359 3362 5419 consummata,
3394 5352 3656 5408 nondum

2010 5442 2313 5517 quingenti
2345 5459 2532 5514 usque
2563 5443 2634 5498 ad
2665 5441 2962 5499 Gelasium
3004 5442 3141 5498 anni
3188 5440 3560 5505 transierant,
3590 5442 3660 5497 ut

2009 5534 2081 5589 de
2093 5532 2335 5589 Nicaeus:
2358 5530 2563 5605 synodi
2586 5531 2821 5587 statutis
2845 5537 3044 5587 tantus
3062 5530 3147 5583 vir
3164 5528 3380 5583 dixisse
3392 5527 3661 5586 videatur

2010 5640 2109 5681 eos
2131 5626 2264 5700 post
2285 5623 2638 5698 quingentos
2661 5638 2845 5678 annos
2867 5624 3086 5678 statuta
3114 5617 3326 5674 Christi
3347 5615 3489 5676 velle
3521 5618 3662 5676 sub-

3268 5746 3345 5819 29
