  <div class='ocr_page' id='page_1' title='image "/cluster/home/n/w/nwhite01/storage/ocr_20150623/119/hvd.32044052820040/459.png"; bbox 0 0 4036 6132; ppageno 0'>
   <div class='ocr_carea' id='block_1_1' title="bbox 411 296 530 355">
    <p class='ocr_par' dir='ltr' id='par_1_1' title="bbox 411 296 530 355">
     <span class='ocr_line' id='line_1_1' title="bbox 411 296 530 355; baseline -0.017 0"><span class='ocrx_word' id='word_1_1' title='bbox 411 296 530 355; x_wconf 89' lang='lat'><strong>907</strong></span> 
     </span>
    </p>
   </div>
   <div class='ocr_carea' id='block_1_2' title="bbox 1784 290 2462 353">
    <p class='ocr_par' dir='ltr' id='par_1_2' title="bbox 1784 290 2462 353">
     <span class='ocr_line' id='line_1_2' title="bbox 1784 290 2462 353; baseline 0 -1"><span class='ocrx_word' id='word_1_2' title='bbox 1784 291 2097 353; x_wconf 87' lang='lat' dir='ltr'>NICOLAI</span> <span class='ocrx_word' id='word_1_3' title='bbox 2140 290 2370 352; x_wconf 67' lang='lat' dir='ltr'><strong>PAPIE</strong></span> <span class='ocrx_word' id='word_1_4' title='bbox 2410 291 2462 352; x_wconf 91' lang='grc' dir='ltr'><strong>Ι.</strong></span> 
     </span>
    </p>
   </div>
   <div class='ocr_carea' id='block_1_3' title="bbox 3664 294 3767 365">
    <p class='ocr_par' dir='ltr' id='par_1_3' title="bbox 3664 294 3767 365">
     <span class='ocr_line' id='line_1_3' title="bbox 3664 294 3767 365; baseline 0 -9"><span class='ocrx_word' id='word_1_5' title='bbox 3664 294 3767 365; x_wconf 77' lang='lat'>908</span> 
     </span>
    </p>
   </div>
   <div class='ocr_carea' id='block_1_4' title="bbox 410 422 3770 499">
    <p class='ocr_par' dir='ltr' id='par_1_4' title="bbox 410 422 3770 499">
     <span class='ocr_line' id='line_1_4' title="bbox 410 422 3770 499; baseline -0 -15"><span class='ocrx_word' id='word_1_6' title='bbox 410 432 653 484; x_wconf 89' lang='lat' dir='ltr'>vertere.</span> <span class='ocrx_word' id='word_1_7' title='bbox 689 427 890 483; x_wconf 82' lang='lat' dir='ltr'>Restat</span> <span class='ocrx_word' id='word_1_8' title='bbox 918 442 1053 498; x_wconf 86' lang='lat' dir='ltr'>ergo</span> <span class='ocrx_word' id='word_1_9' title='bbox 1085 430 1149 481; x_wconf 92' lang='lat' dir='ltr'>ut</span> <span class='ocrx_word' id='word_1_10' title='bbox 1179 424 1337 481; x_wconf 90' lang='lat' dir='ltr'>illius</span> <span class='ocrx_word' id='word_1_11' title='bbox 1368 425 1649 497; x_wconf 89' lang='lat' dir='ltr'>temporis</span> <span class='ocrx_word' id='word_1_12' title='bbox 1697 424 2055 481; x_wconf 82' lang='lat' dir='ltr'>mentionem</span> <span class='ocrx_word' id='word_1_13' title='bbox 2084 425 2140 492; x_wconf 78' lang='grc' dir='ltr'><strong>Α</strong></span> <span class='ocrx_word' id='word_1_14' title='bbox 2170 425 2302 491; x_wconf 91' lang='lat' dir='ltr'>dus,</span> <span class='ocrx_word' id='word_1_15' title='bbox 2325 422 2673 481; x_wconf 86' lang='lat' dir='ltr'>venerabilis</span> <span class='ocrx_word' id='word_1_16' title='bbox 2695 422 3026 496; x_wconf 87' lang='lat' dir='ltr'>episcopus,</span> <span class='ocrx_word' id='word_1_17' title='bbox 3051 428 3288 496; x_wconf 89' lang='lat' dir='ltr'>paratus</span> <span class='ocrx_word' id='word_1_18' title='bbox 3318 424 3392 481; x_wconf 88' lang='lat' dir='ltr'>sit</span> <span class='ocrx_word' id='word_1_19' title='bbox 3410 425 3557 481; x_wconf 90' lang='lat' dir='ltr'>omni</span> <span class='ocrx_word' id='word_1_20' title='bbox 3577 427 3770 499; x_wconf 84' lang='lat' dir='ltr'>regula-</span> 
     </span>
    </p>
   </div>
   <div class='ocr_carea' id='block_1_5' title="bbox 416 515 2067 588">
    <p class='ocr_par' dir='ltr' id='par_1_5' title="bbox 416 515 2067 588">
     <span class='ocr_line' id='line_1_5' title="bbox 416 515 2067 588; baseline -0.002 -16"><span class='ocrx_word' id='word_1_21' title='bbox 416 517 637 585; x_wconf 90' lang='lat' dir='ltr'>fecerit,</span> <span class='ocrx_word' id='word_1_22' title='bbox 672 534 706 572; x_wconf 90' lang='lat' dir='ltr'>a</span> <span class='ocrx_word' id='word_1_23' title='bbox 733 534 849 588; x_wconf 90' lang='lat' dir='ltr'>quo</span> <span class='ocrx_word' id='word_1_24' title='bbox 881 517 1335 588; x_wconf 89' lang='lat' dir='ltr'>quingentorum</span> <span class='ocrx_word' id='word_1_25' title='bbox 1368 515 1597 571; x_wconf 80' lang='lat' dir='ltr'>circiter</span> <span class='ocrx_word' id='word_1_26' title='bbox 1627 531 1913 571; x_wconf 91' lang='lat' dir='ltr'>annorum</span> <span class='ocrx_word' id='word_1_27' title='bbox 1940 531 2067 569; x_wconf 89' lang='lat' dir='ltr'>cur-</span> 
     </span>
    </p>
   </div>
   <div class='ocr_carea' id='block_1_6' title="bbox 418 602 2061 677">
    <p class='ocr_par' dir='ltr' id='par_1_6' title="bbox 418 602 2061 677">
     <span class='ocr_line' id='line_1_6' title="bbox 418 602 2061 677; baseline -0.002 -17"><span class='ocrx_word' id='word_1_28' title='bbox 418 605 602 661; x_wconf 89' lang='lat' dir='ltr'>ricula</span> <span class='ocrx_word' id='word_1_29' title='bbox 634 622 820 677; x_wconf 90' lang='lat' dir='ltr'>usque</span> <span class='ocrx_word' id='word_1_30' title='bbox 848 605 921 660; x_wconf 91' lang='lat' dir='ltr'>ad</span> <span class='ocrx_word' id='word_1_31' title='bbox 953 621 1015 659; x_wconf 90' lang='lat' dir='ltr'>se</span> <span class='ocrx_word' id='word_1_32' title='bbox 1046 603 1316 659; x_wconf 76' lang='lat' dir='ltr'>devoluta</span> <span class='ocrx_word' id='word_1_33' title='bbox 1335 608 1602 676; x_wconf 78' lang='lat' dir='ltr'>poterant</span> <span class='ocrx_word' id='word_1_34' title='bbox 1624 602 2061 675; x_wconf 88' lang='lat' dir='ltr'>comprehendi.</span> 
     </span>
    </p>
   </div>
   <div class='ocr_carea' id='block_1_7' title="bbox 419 692 2067 766">
    <p class='ocr_par' dir='ltr' id='par_1_7' title="bbox 419 692 2067 766">
     <span class='ocr_line' id='line_1_7' title="bbox 419 692 2067 766; baseline -0.002 -17"><span class='ocrx_word' id='word_1_35' title='bbox 419 695 686 750; x_wconf 83' lang='lat' dir='ltr'>Christus</span> <span class='ocrx_word' id='word_1_36' title='bbox 716 694 871 750; x_wconf 91' lang='lat' dir='ltr'>enim</span> <span class='ocrx_word' id='word_1_37' title='bbox 903 693 1203 766; x_wconf 87' lang='lat' dir='ltr'>privilegia</span> <span class='ocrx_word' id='word_1_38' title='bbox 1240 694 1557 750; x_wconf 88' lang='lat' dir='ltr'>constituta</span> <span class='ocrx_word' id='word_1_39' title='bbox 1587 693 1645 748; x_wconf 89' lang='lat' dir='ltr'>in</span> <span class='ocrx_word' id='word_1_40' title='bbox 1678 694 1844 748; x_wconf 89' lang='lat' dir='ltr'>Petro</span> <span class='ocrx_word' id='word_1_41' title='bbox 1876 692 2067 763; x_wconf 90' lang='lat' dir='ltr'>dispo-</span> 
     </span>
    </p>
   </div>
   <div class='ocr_carea' id='block_1_8' title="bbox 421 781 2068 852">
    <p class='ocr_par' dir='ltr' id='par_1_8' title="bbox 421 781 2068 852">
     <span class='ocr_line' id='line_1_8' title="bbox 421 781 2068 852; baseline -0.002 -13"><span class='ocrx_word' id='word_1_42' title='bbox 421 784 534 839; x_wconf 90' lang='lat' dir='ltr'>sita</span> <span class='ocrx_word' id='word_1_43' title='bbox 560 783 647 838; x_wconf 87' lang='lat' dir='ltr'>vel</span> <span class='ocrx_word' id='word_1_44' title='bbox 680 784 911 837; x_wconf 84' lang='lat' dir='ltr'>firmata</span> <span class='ocrx_word' id='word_1_45' title='bbox 950 781 1222 837; x_wconf 67' lang='lat' dir='ltr'>Romana:</span> <span class='ocrx_word' id='word_1_46' title='bbox 1272 781 1522 836; x_wconf 85' lang='lat' dir='ltr'>contulit</span> <span class='ocrx_word' id='word_1_47' title='bbox 1570 781 1857 849; x_wconf 55' lang='lat' dir='ltr'>Ecclesia},</span> <span class='ocrx_word' id='word_1_48' title='bbox 1891 798 2068 852; x_wconf 89' lang='lat' dir='ltr'>super</span> 
     </span>
    </p>
   </div>
   <div class='ocr_carea' id='block_1_9' title="bbox 421 870 2066 945">
    <p class='ocr_par' dir='ltr' id='par_1_9' title="bbox 421 870 2066 945">
     <span class='ocr_line' id='line_1_9' title="bbox 421 870 2066 945; baseline -0.002 -17"><span class='ocrx_word' id='word_1_49' title='bbox 421 890 596 945; x_wconf 91' lang='lat' dir='ltr'>quam</span> <span class='ocrx_word' id='word_1_50' title='bbox 628 871 769 927; x_wconf 86' lang='lat' dir='ltr'>nihil</span> <span class='ocrx_word' id='word_1_51' title='bbox 801 872 1060 944; x_wconf 79' lang='lat' dir='ltr'>synodus</span> <span class='ocrx_word' id='word_1_52' title='bbox 1093 870 1366 942; x_wconf 66' lang='lat' dir='ltr'>quaelibet</span> <span class='ocrx_word' id='word_1_53' title='bbox 1394 888 1539 927; x_wconf 90' lang='lat' dir='ltr'>ausa</span> <span class='ocrx_word' id='word_1_54' title='bbox 1569 876 1658 927; x_wconf 89' lang='lat' dir='ltr'>est</span> <span class='ocrx_word' id='word_1_55' title='bbox 1688 870 1895 926; x_wconf 90' lang='lat' dir='ltr'>merito</span> <span class='ocrx_word' id='word_1_56' title='bbox 1927 887 2066 924; x_wconf 89' lang='lat' dir='ltr'>con-</span> 
     </span>
    </p>
   </div>
   <div class='ocr_carea' id='block_1_10' title="bbox 418 959 2066 1030">
    <p class='ocr_par' dir='ltr' id='par_1_10' title="bbox 418 959 2066 1030">
     <span class='ocr_line' id='line_1_10' title="bbox 418 959 2066 1030; baseline -0.002 -14"><span class='ocrx_word' id='word_1_57' title='bbox 418 961 828 1027; x_wconf 90' lang='lat' dir='ltr'>stituere,cum</span> <span class='ocrx_word' id='word_1_58' title='bbox 861 960 1005 1015; x_wconf 80' lang='lat' dir='ltr'>sciat</span> <span class='ocrx_word' id='word_1_59' title='bbox 1036 960 1234 1015; x_wconf 82' lang='lat' dir='ltr'>omnia</span> <span class='ocrx_word' id='word_1_60' title='bbox 1266 959 1603 1030; x_wconf 20' lang='lat' dir='ltr'>illirDomini</span> <span class='ocrx_word' id='word_1_61' title='bbox 1636 976 1903 1014; x_wconf 91' lang='lat' dir='ltr'>sermone</span> <span class='ocrx_word' id='word_1_62' title='bbox 1924 975 2066 1013; x_wconf 89' lang='lat' dir='ltr'>con-</span> 
     </span>
    </p>
   </div>
   <div class='ocr_carea' id='block_1_11' title="bbox 418 1045 2067 1121">
    <p class='ocr_par' dir='ltr' id='par_1_11' title="bbox 418 1045 2067 1121">
     <span class='ocr_line' id='line_1_11' title="bbox 418 1045 2067 1121; baseline -0.002 -17"><span class='ocrx_word' id='word_1_63' title='bbox 418 1066 601 1104; x_wconf 90' lang='lat' dir='ltr'>cessa.</span> <span class='ocrx_word' id='word_1_64' title='bbox 620 1048 1128 1121; x_wconf 80' lang='lat' dir='ltr'>Dispensationem</span> <span class='ocrx_word' id='word_1_65' title='bbox 1147 1049 1362 1121; x_wconf 87' lang='lat' dir='ltr'>quippe</span> <span class='ocrx_word' id='word_1_66' title='bbox 1381 1048 1799 1121; x_wconf 84' lang='lat' dir='ltr'>redemptionis</span> <span class='ocrx_word' id='word_1_67' title='bbox 1823 1045 2067 1102; x_wconf 81' lang='lat' dir='ltr'>humani</span> 
     </span>
    </p>
   </div>
   <div class='ocr_carea' id='block_1_12' title="bbox 418 1138 2068 1211">
    <p class='ocr_par' dir='ltr' id='par_1_12' title="bbox 418 1138 2068 1211">
     <span class='ocr_line' id='line_1_12' title="bbox 418 1138 2068 1211; baseline -0.002 -18"><span class='ocrx_word' id='word_1_68' title='bbox 418 1138 649 1211; x_wconf 84' lang='lat' dir='ltr'>generis</span> <span class='ocrx_word' id='word_1_69' title='bbox 663 1142 796 1193; x_wconf 90' lang='lat' dir='ltr'>ante</span> <span class='ocrx_word' id='word_1_70' title='bbox 807 1142 1072 1210; x_wconf 92' lang='lat' dir='ltr'>tempora</span> <span class='ocrx_word' id='word_1_71' title='bbox 1084 1138 1386 1193; x_wconf 64' lang='lat' dir='ltr'>saecularia</span> <span class='ocrx_word' id='word_1_72' title='bbox 1397 1138 1682 1193; x_wconf 90' lang='lat' dir='ltr'>Dominus</span> <span class='ocrx_word' id='word_1_73' title='bbox 1699 1138 2068 1209; x_wconf 89' lang='lat' dir='ltr'>omnipotens</span> 
     </span>
    </p>
   </div>
   <div class='ocr_carea' id='block_1_13' title="bbox 418 1225 2067 1301">
    <p class='ocr_par' dir='ltr' id='par_1_13' title="bbox 418 1225 2067 1301">
     <span class='ocr_line' id='line_1_13' title="bbox 418 1225 2067 1301; baseline -0.001 -18"><span class='ocrx_word' id='word_1_74' title='bbox 418 1243 595 1301; x_wconf 85' lang='lat' dir='ltr'>penes</span> <span class='ocrx_word' id='word_1_75' title='bbox 627 1244 688 1283; x_wconf 89' lang='lat' dir='ltr'>se</span> <span class='ocrx_word' id='word_1_76' title='bbox 713 1228 1041 1283; x_wconf 82' lang='lat' dir='ltr'>ordinatam</span> <span class='ocrx_word' id='word_1_77' title='bbox 1074 1227 1431 1291; x_wconf 89' lang='lat' dir='ltr'>custodiens,</span> <span class='ocrx_word' id='word_1_78' title='bbox 1484 1231 1542 1283; x_wconf 91' lang='lat' dir='ltr'>et</span> <span class='ocrx_word' id='word_1_79' title='bbox 1584 1231 1844 1299; x_wconf 91' lang='lat' dir='ltr'>tempore</span> <span class='ocrx_word' id='word_1_80' title='bbox 1874 1225 2067 1281; x_wconf 90' lang='lat' dir='ltr'>carnis</span> 
     </span>
    </p>
   </div>
   <div class='ocr_carea' id='block_1_14' title="bbox 420 1314 2065 1388">
    <p class='ocr_par' dir='ltr' id='par_1_14' title="bbox 420 1314 2065 1388">
     <span class='ocr_line' id='line_1_14' title="bbox 420 1314 2065 1388; baseline -0.002 -16"><span class='ocrx_word' id='word_1_81' title='bbox 420 1317 757 1382; x_wconf 85' lang='lat' dir='ltr'>ostendens,</span> <span class='ocrx_word' id='word_1_82' title='bbox 793 1334 1146 1372; x_wconf 84' lang='lat' dir='ltr'>ascensurus</span> <span class='ocrx_word' id='word_1_83' title='bbox 1176 1318 1247 1372; x_wconf 85' lang='lat' dir='ltr'>ad</span> <span class='ocrx_word' id='word_1_84' title='bbox 1281 1316 1472 1383; x_wconf 73' lang='lat' dir='ltr'>caelos,</span> <span class='ocrx_word' id='word_1_85' title='bbox 1508 1317 1567 1371; x_wconf 92' lang='lat' dir='ltr'>in</span> <span class='ocrx_word' id='word_1_86' title='bbox 1618 1315 1863 1388; x_wconf 79' lang='lat' dir='ltr'>apostoli</span> <span class='ocrx_word' id='word_1_87' title='bbox 1894 1314 2065 1381; x_wconf 91' lang='lat' dir='ltr'>Petri,</span> 
     </span>
    </p>
   </div>
   <div class='ocr_carea' id='block_1_15' title="bbox 420 1404 2068 1478">
    <p class='ocr_par' dir='ltr' id='par_1_15' title="bbox 420 1404 2068 1478">
     <span class='ocr_line' id='line_1_15' title="bbox 420 1404 2068 1478; baseline -0.001 -18"><span class='ocrx_word' id='word_1_88' title='bbox 420 1421 709 1478; x_wconf 88' lang='lat' dir='ltr'>perquam</span> <span class='ocrx_word' id='word_1_89' title='bbox 724 1410 779 1460; x_wconf 88' lang='lat' dir='ltr'>et</span> <span class='ocrx_word' id='word_1_90' title='bbox 791 1405 1154 1478; x_wconf 79' lang='lat' dir='ltr'>apostolatus</span> <span class='ocrx_word' id='word_1_91' title='bbox 1167 1405 1607 1478; x_wconf 84' lang='lat' dir='ltr'>etepiscopat‘us</span> <span class='ocrx_word' id='word_1_92' title='bbox 1628 1404 1880 1476; x_wconf 88' lang='lat' dir='ltr'>sumpsit</span> <span class='ocrx_word' id='word_1_93' title='bbox 1899 1420 2068 1459; x_wconf 80' lang='lat' dir='ltr'>exor-</span> 
     </span>
    </p>
   </div>
   <div class='ocr_carea' id='block_1_16' title="bbox 420 1492 2068 1567">
    <p class='ocr_par' dir='ltr' id='par_1_16' title="bbox 420 1492 2068 1567">
     <span class='ocr_line' id='line_1_16' title="bbox 420 1492 2068 1567; baseline -0.002 -18"><span class='ocrx_word' id='word_1_94' title='bbox 420 1493 985 1565; x_wconf 89' lang='lat' dir='ltr'>dium,confessione</span> <span class='ocrx_word' id='word_1_95' title='bbox 1017 1511 1272 1566; x_wconf 88' lang='lat' dir='ltr'>curaque</span> <span class='ocrx_word' id='word_1_96' title='bbox 1302 1494 1589 1567; x_wconf 64' lang='lat' dir='ltr'>praecipue</span> <span class='ocrx_word' id='word_1_97' title='bbox 1618 1492 1948 1557; x_wconf 86' lang='lat' dir='ltr'>collocavit;</span> <span class='ocrx_word' id='word_1_98' title='bbox 1968 1492 2068 1564; x_wconf 91' lang='lat' dir='ltr'>qui</span> 
     </span>
    </p>
   </div>
   <div class='ocr_carea' id='block_1_17' title="bbox 419 1582 2067 1655">
    <p class='ocr_par' dir='ltr' id='par_1_17' title="bbox 419 1582 2067 1655">
     <span class='ocr_line' id='line_1_17' title="bbox 419 1582 2067 1655; baseline -0.001 -17"><span class='ocrx_word' id='word_1_99' title='bbox 419 1587 558 1639; x_wconf 88' lang='lat' dir='ltr'>tunc</span> <span class='ocrx_word' id='word_1_100' title='bbox 572 1600 674 1655; x_wconf 89' lang='lat' dir='ltr'>per</span> <span class='ocrx_word' id='word_1_101' title='bbox 685 1600 746 1638; x_wconf 89' lang='lat' dir='ltr'>se</span> <span class='ocrx_word' id='word_1_102' title='bbox 760 1584 1101 1655; x_wconf 87' lang='lat' dir='ltr'>etdeineeps</span> <span class='ocrx_word' id='word_1_103' title='bbox 1117 1600 1218 1655; x_wconf 92' lang='lat' dir='ltr'>per</span> <span class='ocrx_word' id='word_1_104' title='bbox 1230 1601 1346 1639; x_wconf 69' lang='lat' dir='ltr'>suae</span> <span class='ocrx_word' id='word_1_105' title='bbox 1361 1582 1776 1639; x_wconf 89' lang='lat' dir='ltr'>sollicitudinis</span> <span class='ocrx_word' id='word_1_106' title='bbox 1789 1582 2067 1647; x_wconf 80' lang='lat' dir='ltr'>haeredes,</span> 
     </span>
    </p>
   </div>
   <div class='ocr_carea' id='block_1_18' title="bbox 422 1672 2073 1745">
    <p class='ocr_par' dir='ltr' id='par_1_18' title="bbox 422 1672 2073 1745">
     <span class='ocr_line' id='line_1_18' title="bbox 422 1672 2073 1745; baseline -0.001 -17"><span class='ocrx_word' id='word_1_107' title='bbox 422 1672 576 1729; x_wconf 91' lang='lat' dir='ltr'>circa</span> <span class='ocrx_word' id='word_1_108' title='bbox 605 1673 933 1727; x_wconf 90' lang='lat' dir='ltr'>humanum</span> <span class='ocrx_word' id='word_1_109' title='bbox 965 1689 1171 1745; x_wconf 82' lang='lat' dir='ltr'>genus,</span> <span class='ocrx_word' id='word_1_110' title='bbox 1191 1691 1315 1744; x_wconf 64' lang='lat' dir='ltr'>quae</span> <span class='ocrx_word' id='word_1_111' title='bbox 1341 1674 1449 1729; x_wconf 88' lang='lat' dir='ltr'>sibi</span> <span class='ocrx_word' id='word_1_112' title='bbox 1476 1674 1759 1729; x_wconf 87' lang='lat' dir='ltr'>Dominus</span> <span class='ocrx_word' id='word_1_113' title='bbox 1781 1689 2073 1728; x_wconf 91' lang='lat' dir='ltr'>commen-</span> 
     </span>
    </p>
   </div>
   <div class='ocr_carea' id='block_1_19' title="bbox 423 1761 2072 1827">
    <p class='ocr_par' dir='ltr' id='par_1_19' title="bbox 423 1761 2072 1827">
     <span class='ocr_line' id='line_1_19' title="bbox 423 1761 2072 1827; baseline 0 -10"><span class='ocrx_word' id='word_1_114' title='bbox 423 1762 599 1826; x_wconf 89' lang='lat' dir='ltr'>davit,</span> <span class='ocrx_word' id='word_1_115' title='bbox 634 1778 750 1815; x_wconf 90' lang='lat' dir='ltr'>non</span> <span class='ocrx_word' id='word_1_116' title='bbox 798 1761 1021 1816; x_wconf 89' lang='lat' dir='ltr'>destitit</span> <span class='ocrx_word' id='word_1_117' title='bbox 1068 1761 1355 1817; x_wconf 76' lang='lat' dir='ltr'>exhibere.</span> <span class='ocrx_word' id='word_1_118' title='bbox 1404 1762 1531 1817; x_wconf 69' lang='lat' dir='ltr'>Haec</span> <span class='ocrx_word' id='word_1_119' title='bbox 1580 1763 1737 1818; x_wconf 90' lang='lat' dir='ltr'>enim</span> <span class='ocrx_word' id='word_1_120' title='bbox 1779 1761 1899 1827; x_wconf 88' lang='lat' dir='ltr'>ille,</span> <span class='ocrx_word' id='word_1_121' title='bbox 1950 1761 2072 1817; x_wconf 72' lang='lat' dir='ltr'>haec</span> 
     </span>
    </p>
   </div>
   <div class='ocr_carea' id='block_1_20' title="bbox 422 1851 2070 1922">
    <p class='ocr_par' dir='ltr' id='par_1_20' title="bbox 422 1851 2070 1922">
     <span class='ocr_line' id='line_1_20' title="bbox 422 1851 2070 1922; baseline 0 -17"><span class='ocrx_word' id='word_1_122' title='bbox 422 1866 792 1905; x_wconf 84' lang='lat' dir='ltr'>successores</span> <span class='ocrx_word' id='word_1_123' title='bbox 822 1851 948 1920; x_wconf 82' lang='lat' dir='ltr'>ejus</span> <span class='ocrx_word' id='word_1_124' title='bbox 979 1866 1047 1905; x_wconf 78' lang='lat' dir='ltr'>ex</span> <span class='ocrx_word' id='word_1_125' title='bbox 1074 1856 1215 1906; x_wconf 91' lang='lat' dir='ltr'>tunc</span> <span class='ocrx_word' id='word_1_126' title='bbox 1245 1867 1414 1922; x_wconf 88' lang='lat' dir='ltr'>agere</span> <span class='ocrx_word' id='word_1_127' title='bbox 1444 1868 1558 1906; x_wconf 89' lang='lat' dir='ltr'>non</span> <span class='ocrx_word' id='word_1_128' title='bbox 1582 1851 2070 1917; x_wconf 89' lang='lat' dir='ltr'>omittunt,modo</span> 
     </span>
    </p>
   </div>
   <div class='ocr_carea' id='block_1_21' title="bbox 423 1938 2072 2012">
    <p class='ocr_par' dir='ltr' id='par_1_21' title="bbox 423 1938 2072 2012">
     <span class='ocr_line' id='line_1_21' title="bbox 423 1938 2072 2012; baseline 0 -18"><span class='ocrx_word' id='word_1_129' title='bbox 423 1938 635 2005; x_wconf 86' lang='lat' dir='ltr'>verbis,</span> <span class='ocrx_word' id='word_1_130' title='bbox 661 1939 832 1994; x_wconf 92' lang='lat' dir='ltr'>modo</span> <span class='ocrx_word' id='word_1_131' title='bbox 866 1939 1232 1995; x_wconf 90' lang='lat' dir='ltr'>decretorum</span> <span class='ocrx_word' id='word_1_132' title='bbox 1264 1957 1507 1995; x_wconf 91' lang='lat' dir='ltr'>suorum</span> <span class='ocrx_word' id='word_1_133' title='bbox 1530 1940 1792 2012; x_wconf 89' lang='lat' dir='ltr'>epistolis</span> <span class='ocrx_word' id='word_1_134' title='bbox 1822 1940 1895 1995; x_wconf 91' lang='lat' dir='ltr'>ab</span> <span class='ocrx_word' id='word_1_135' title='bbox 1926 1940 2072 1995; x_wconf 92' lang='lat' dir='ltr'>urbe</span> 
     </span>
    </p>
   </div>
   <div class='ocr_carea' id='block_1_22' title="bbox 426 2026 2070 2099">
    <p class='ocr_par' dir='ltr' id='par_1_22' title="bbox 426 2026 2070 2099">
     <span class='ocr_line' id='line_1_22' title="bbox 426 2026 2070 2099; baseline 0.001 -17"><span class='ocrx_word' id='word_1_136' title='bbox 426 2027 688 2082; x_wconf 79' lang='lat' dir='ltr'>Romana</span> <span class='ocrx_word' id='word_1_137' title='bbox 716 2026 961 2082; x_wconf 87' lang='lat' dir='ltr'>diversis</span> <span class='ocrx_word' id='word_1_138' title='bbox 1002 2028 1363 2099; x_wconf 88' lang='lat' dir='ltr'>temporibus</span> <span class='ocrx_word' id='word_1_139' title='bbox 1412 2030 1585 2095; x_wconf 89' lang='lat' dir='ltr'>datis,</span> <span class='ocrx_word' id='word_1_140' title='bbox 1619 2029 2070 2085; x_wconf 85' lang='lat' dir='ltr'>commissarum</span> 
     </span>
    </p>
   </div>
   <div class='ocr_carea' id='block_1_23' title="bbox 424 2116 2067 2190">
    <p class='ocr_par' dir='ltr' id='par_1_23' title="bbox 424 2116 2067 2190">
     <span class='ocr_line' id='line_1_23' title="bbox 424 2116 2067 2190; baseline -0.001 -17"><span class='ocrx_word' id='word_1_141' title='bbox 424 2116 534 2173; x_wconf 88' lang='lat' dir='ltr'>sibi</span> <span class='ocrx_word' id='word_1_142' title='bbox 564 2116 758 2172; x_wconf 91' lang='lat' dir='ltr'>ovium</span> <span class='ocrx_word' id='word_1_143' title='bbox 800 2117 1223 2188; x_wconf 89' lang='lat' dir='ltr'>providentiam</span> <span class='ocrx_word' id='word_1_144' title='bbox 1272 2117 1671 2190; x_wconf 89' lang='lat' dir='ltr'>principaliter</span> <span class='ocrx_word' id='word_1_145' title='bbox 1717 2121 2067 2174; x_wconf 83' lang='lat' dir='ltr'>exercentes.</span> 
     </span>
    </p>
   </div>
   <div class='ocr_carea' id='block_1_24' title="bbox 425 2205 2072 2279">
    <p class='ocr_par' dir='ltr' id='par_1_24' title="bbox 425 2205 2072 2279">
     <span class='ocr_line' id='line_1_24' title="bbox 425 2205 2072 2279; baseline 0 -18"><span class='ocrx_word' id='word_1_146' title='bbox 425 2206 626 2277; x_wconf 88' lang='lat' dir='ltr'>Itaque</span> <span class='ocrx_word' id='word_1_147' title='bbox 657 2205 989 2262; x_wconf 85' lang='lat' dir='ltr'>Rothadum</span> <span class='ocrx_word' id='word_1_148' title='bbox 1023 2205 1383 2278; x_wconf 88' lang='lat' dir='ltr'>episcopum,</span> <span class='ocrx_word' id='word_1_149' title='bbox 1409 2207 1481 2262; x_wconf 89' lang='lat' dir='ltr'>de</span> <span class='ocrx_word' id='word_1_150' title='bbox 1511 2224 1625 2279; x_wconf 90' lang='lat' dir='ltr'>quo</span> <span class='ocrx_word' id='word_1_151' title='bbox 1656 2206 1941 2263; x_wconf 88' lang='lat' dir='ltr'>hactenus</span> <span class='ocrx_word' id='word_1_152' title='bbox 1976 2223 2072 2262; x_wconf 81' lang='lat' dir='ltr'>no-</span> 
     </span>
    </p>
   </div>
   <div class='ocr_carea' id='block_1_25' title="bbox 423 2294 2073 2367">
    <p class='ocr_par' dir='ltr' id='par_1_25' title="bbox 423 2294 2073 2367">
     <span class='ocr_line' id='line_1_25' title="bbox 423 2294 2073 2367; baseline -0.001 -16"><span class='ocrx_word' id='word_1_153' title='bbox 423 2294 562 2351; x_wconf 87' lang='lat' dir='ltr'>stris</span> <span class='ocrx_word' id='word_1_154' title='bbox 592 2295 1028 2367; x_wconf 90' lang='lat' dir='ltr'>contempsistis</span> <span class='ocrx_word' id='word_1_155' title='bbox 1071 2295 1306 2351; x_wconf 89' lang='lat' dir='ltr'>obedire</span> <span class='ocrx_word' id='word_1_156' title='bbox 1365 2296 1680 2364; x_wconf 83' lang='lat' dir='ltr'>mandatis,</span> <span class='ocrx_word' id='word_1_157' title='bbox 1740 2297 1979 2351; x_wconf 85' lang='lat' dir='ltr'>tandem</span> <span class='ocrx_word' id='word_1_158' title='bbox 2038 2313 2073 2351; x_wconf 90' lang='lat' dir='ltr'>a</span> 
     </span>
    </p>
   </div>
   <div class='ocr_carea' id='block_1_26' title="bbox 422 2384 2073 2457">
    <p class='ocr_par' dir='ltr' id='par_1_26' title="bbox 422 2384 2073 2457">
     <span class='ocr_line' id='line_1_26' title="bbox 422 2384 2073 2457; baseline 0.001 -18"><span class='ocrx_word' id='word_1_159' title='bbox 422 2384 612 2451; x_wconf 90' lang='lat' dir='ltr'>nobis,</span> <span class='ocrx_word' id='word_1_160' title='bbox 628 2384 940 2449; x_wconf 89' lang='lat' dir='ltr'>imoaDeo,</span> <span class='ocrx_word' id='word_1_161' title='bbox 957 2384 1206 2455; x_wconf 90' lang='lat' dir='ltr'>pristino</span> <span class='ocrx_word' id='word_1_162' title='bbox 1228 2386 1437 2456; x_wconf 81' lang='lat' dir='ltr'>gradui</span> <span class='ocrx_word' id='word_1_163' title='bbox 1460 2385 1797 2441; x_wconf 89' lang='lat' dir='ltr'>restitutum</span> <span class='ocrx_word' id='word_1_164' title='bbox 1820 2386 2073 2457; x_wconf 84' lang='lat' dir='ltr'>benigne</span> 
     </span>
    </p>
   </div>
   <div class='ocr_carea' id='block_1_27' title="bbox 422 2471 2072 2545">
    <p class='ocr_par' dir='ltr' id='par_1_27' title="bbox 422 2471 2072 2545">
     <span class='ocr_line' id='line_1_27' title="bbox 422 2471 2072 2545; baseline 0.001 -18"><span class='ocrx_word' id='word_1_165' title='bbox 422 2472 723 2544; x_wconf 89' lang='lat' dir='ltr'>suscipite,</span> <span class='ocrx_word' id='word_1_166' title='bbox 759 2472 898 2543; x_wconf 89' lang='lat' dir='ltr'>quia</span> <span class='ocrx_word' id='word_1_167' title='bbox 927 2471 1023 2526; x_wconf 93' lang='lat' dir='ltr'>ille</span> <span class='ocrx_word' id='word_1_168' title='bbox 1055 2473 1424 2545; x_wconf 87' lang='lat' dir='ltr'>evangelicus</span> <span class='ocrx_word' id='word_1_169' title='bbox 1469 2473 1628 2530; x_wconf 83' lang='lat' dir='ltr'>filius</span> <span class='ocrx_word' id='word_1_170' title='bbox 1677 2475 1907 2531; x_wconf 90' lang='lat' dir='ltr'>rediens</span> <span class='ocrx_word' id='word_1_171' title='bbox 1955 2490 2072 2529; x_wconf 92' lang='lat' dir='ltr'>non</span> 
     </span>
    </p>
   </div>
   <div class='ocr_carea' id='block_1_28' title="bbox 424 2558 2072 2635">
    <p class='ocr_par' dir='ltr' id='par_1_28' title="bbox 424 2558 2072 2635">
     <span class='ocr_line' id='line_1_28' title="bbox 424 2558 2072 2635; baseline 0.001 -20"><span class='ocrx_word' id='word_1_172' title='bbox 424 2559 617 2615; x_wconf 90' lang='lat' dir='ltr'>solum</span> <span class='ocrx_word' id='word_1_173' title='bbox 651 2560 867 2631; x_wconf 90' lang='lat' dir='ltr'>suscipi</span> <span class='ocrx_word' id='word_1_174' title='bbox 903 2558 1134 2628; x_wconf 89' lang='lat' dir='ltr'>meruit,</span> <span class='ocrx_word' id='word_1_175' title='bbox 1169 2561 1268 2616; x_wconf 90' lang='lat' dir='ltr'>sed</span> <span class='ocrx_word' id='word_1_176' title='bbox 1302 2566 1359 2616; x_wconf 84' lang='lat' dir='ltr'>et</span> <span class='ocrx_word' id='word_1_177' title='bbox 1388 2561 1601 2635; x_wconf 87' lang='lat' dir='ltr'>dignus</span> <span class='ocrx_word' id='word_1_178' title='bbox 1626 2563 1885 2633; x_wconf 87' lang='lat' dir='ltr'>paternis</span> <span class='ocrx_word' id='word_1_179' title='bbox 1915 2579 2072 2618; x_wconf 87' lang='lat' dir='ltr'>com-</span> 
     </span>
    </p>
   </div>
   <div class='ocr_carea' id='block_1_29' title="bbox 427 2649 2076 2725">
    <p class='ocr_par' dir='ltr' id='par_1_29' title="bbox 427 2649 2076 2725">
     <span class='ocr_line' id='line_1_29' title="bbox 427 2649 2076 2725; baseline 0.002 -21"><span class='ocrx_word' id='word_1_180' title='bbox 427 2649 694 2722; x_wconf 79' lang='lat' dir='ltr'>plexibus</span> <span class='ocrx_word' id='word_1_181' title='bbox 725 2649 1105 2719; x_wconf 89' lang='lat' dir='ltr'>invenitur,et</span> <span class='ocrx_word' id='word_1_182' title='bbox 1123 2650 1407 2707; x_wconf 81' lang='lat' dir='ltr'>annulum</span> <span class='ocrx_word' id='word_1_183' title='bbox 1432 2652 1565 2707; x_wconf 84' lang='lat' dir='ltr'>fidei</span> <span class='ocrx_word' id='word_1_184' title='bbox 1597 2653 1895 2725; x_wconf 89' lang='lat' dir='ltr'>recipit,et</span> <span class='ocrx_word' id='word_1_185' title='bbox 1924 2652 2076 2708; x_wconf 87' lang='lat' dir='ltr'>stola</span> 
     </span>
    </p>
   </div>
   <div class='ocr_carea' id='block_1_30' title="bbox 432 2738 2074 2812">
    <p class='ocr_par' dir='ltr' id='par_1_30' title="bbox 432 2738 2074 2812">
     <span class='ocr_line' id='line_1_30' title="bbox 432 2738 2074 2812; baseline 0.002 -20"><span class='ocrx_word' id='word_1_186' title='bbox 432 2738 852 2804; x_wconf 88' lang='lat' dir='ltr'>circumdatur,</span> <span class='ocrx_word' id='word_1_187' title='bbox 886 2755 990 2810; x_wconf 91' lang='lat' dir='ltr'>per</span> <span class='ocrx_word' id='word_1_188' title='bbox 1020 2754 1197 2810; x_wconf 90' lang='lat' dir='ltr'>quam</span> <span class='ocrx_word' id='word_1_189' title='bbox 1221 2741 1360 2811; x_wconf 92' lang='lat' dir='ltr'>quid</span> <span class='ocrx_word' id='word_1_190' title='bbox 1384 2739 1541 2795; x_wconf 89' lang='lat' dir='ltr'>aliud</span> <span class='ocrx_word' id='word_1_191' title='bbox 1566 2758 1744 2812; x_wconf 90' lang='lat' dir='ltr'>quam</span> <span class='ocrx_word' id='word_1_192' title='bbox 1768 2741 2074 2798; x_wconf 88' lang='lat' dir='ltr'>sacerdotii</span> 
     </span>
    </p>
   </div>
   <div class='ocr_carea' id='block_1_31' title="bbox 431 2827 2074 2904">
    <p class='ocr_par' dir='ltr' id='par_1_31' title="bbox 431 2827 2074 2904">
     <span class='ocr_line' id='line_1_31' title="bbox 431 2827 2074 2904; baseline 0.003 -22"><span class='ocrx_word' id='word_1_193' title='bbox 431 2828 802 2883; x_wconf 87' lang='lat' dir='ltr'>declarantur</span> <span class='ocrx_word' id='word_1_194' title='bbox 829 2827 1131 2901; x_wconf 87' lang='lat' dir='ltr'>insignia?</span> <span class='ocrx_word' id='word_1_195' title='bbox 1161 2830 1275 2884; x_wconf 90' lang='lat' dir='ltr'>Nec</span> <span class='ocrx_word' id='word_1_196' title='bbox 1305 2829 1622 2901; x_wconf 83' lang='lat' dir='ltr'>probabilis</span> <span class='ocrx_word' id='word_1_197' title='bbox 1651 2830 1870 2886; x_wconf 81' lang='lat' dir='ltr'>exstitit</span> <span class='ocrx_word' id='word_1_198' title='bbox 1918 2832 2074 2904; x_wconf 91' lang='lat' dir='ltr'>apud</span> 
     </span>
    </p>
   </div>
   <div class='ocr_carea' id='block_1_32' title="bbox 426 2916 2073 2992">
    <p class='ocr_par' dir='ltr' id='par_1_32' title="bbox 426 2916 2073 2992">
     <span class='ocr_line' id='line_1_32' title="bbox 426 2916 2073 2992; baseline 0.004 -21"><span class='ocrx_word' id='word_1_199' title='bbox 426 2921 652 2989; x_wconf 91' lang='lat' dir='ltr'>patrem</span> <span class='ocrx_word' id='word_1_200' title='bbox 686 2917 880 2973; x_wconf 91' lang='lat' dir='ltr'>senior</span> <span class='ocrx_word' id='word_1_201' title='bbox 909 2916 1087 2985; x_wconf 79' lang='lat' dir='ltr'>ﬁlius,</span> <span class='ocrx_word' id='word_1_202' title='bbox 1109 2919 1262 2990; x_wconf 90' lang='lat' dir='ltr'>quod</span> <span class='ocrx_word' id='word_1_203' title='bbox 1297 2918 1505 2973; x_wconf 77' lang='lat' dir='ltr'>invidit</span> <span class='ocrx_word' id='word_1_204' title='bbox 1528 2924 1756 2992; x_wconf 90' lang='lat' dir='ltr'>recepto</span> <span class='ocrx_word' id='word_1_205' title='bbox 1778 2937 1790 2975; x_wconf 91' lang='lat'><strong>:</strong></span> <span class='ocrx_word' id='word_1_206' title='bbox 1811 2938 1917 2976; x_wconf 90' lang='lat' dir='ltr'>nec</span> <span class='ocrx_word' id='word_1_207' title='bbox 1946 2926 2073 2977; x_wconf 89' lang='lat' dir='ltr'>tan-</span> 
     </span>
    </p>
   </div>
   <div class='ocr_carea' id='block_1_33' title="bbox 428 3005 2077 3082">
    <p class='ocr_par' dir='ltr' id='par_1_33' title="bbox 428 3005 2077 3082">
     <span class='ocr_line' id='line_1_33' title="bbox 428 3005 2077 3082; baseline 0.003 -21"><span class='ocrx_word' id='word_1_208' title='bbox 428 3011 555 3062; x_wconf 90' lang='lat' dir='ltr'>tum</span> <span class='ocrx_word' id='word_1_209' title='bbox 574 3005 764 3062; x_wconf 91' lang='lat' dir='ltr'>meriti</span> <span class='ocrx_word' id='word_1_210' title='bbox 784 3006 990 3063; x_wconf 89' lang='lat' dir='ltr'>habuit</span> <span class='ocrx_word' id='word_1_211' title='bbox 1007 3024 1185 3080; x_wconf 87' lang='lat' dir='ltr'>penes</span> <span class='ocrx_word' id='word_1_212' title='bbox 1202 3013 1426 3079; x_wconf 84' lang='lat' dir='ltr'>patrem</span> <span class='ocrx_word' id='word_1_213' title='bbox 1447 3010 2077 3082; x_wconf 88' lang='lat' dir='ltr'>perseverando,quan-</span> 
     </span>
    </p>
   </div>
   <div class='ocr_carea' id='block_1_34' title="bbox 431 3097 2072 3173">
    <p class='ocr_par' dir='ltr' id='par_1_34' title="bbox 431 3097 2072 3173">
     <span class='ocr_line' id='line_1_34' title="bbox 431 3097 2072 3173; baseline 0.003 -23"><span class='ocrx_word' id='word_1_214' title='bbox 431 3100 560 3151; x_wconf 91' lang='lat' dir='ltr'>tum</span> <span class='ocrx_word' id='word_1_215' title='bbox 592 3112 750 3151; x_wconf 67' lang='lat' dir='ltr'>noxae</span> <span class='ocrx_word' id='word_1_216' title='bbox 801 3097 1085 3152; x_wconf 84' lang='lat' dir='ltr'>contraxit</span> <span class='ocrx_word' id='word_1_217' title='bbox 1143 3114 1257 3153; x_wconf 91' lang='lat' dir='ltr'>non</span> <span class='ocrx_word' id='word_1_218' title='bbox 1317 3097 1648 3170; x_wconf 88' lang='lat' dir='ltr'>recipiendo</span> <span class='ocrx_word' id='word_1_219' title='bbox 1705 3116 2072 3173; x_wconf 90' lang='lat' dir='ltr'>germanum.</span> 
     </span>
    </p>
   </div>
   <div class='ocr_carea' id='block_1_35' title="bbox 430 3185 2074 3261">
    <p class='ocr_par' dir='ltr' id='par_1_35' title="bbox 430 3185 2074 3261">
     <span class='ocr_line' id='line_1_35' title="bbox 430 3185 2074 3261; baseline 0.003 -22"><span class='ocrx_word' id='word_1_220' title='bbox 430 3186 579 3256; x_wconf 86' lang='lat' dir='ltr'>Ergo</span> <span class='ocrx_word' id='word_1_221' title='bbox 612 3185 891 3257; x_wconf 89' lang='lat' dir='ltr'>suscipite</span> <span class='ocrx_word' id='word_1_222' title='bbox 919 3185 1089 3240; x_wconf 92' lang='lat' dir='ltr'>illum</span> <span class='ocrx_word' id='word_1_223' title='bbox 1120 3191 1185 3241; x_wconf 91' lang='lat' dir='ltr'>ut</span> <span class='ocrx_word' id='word_1_224' title='bbox 1216 3187 2074 3261; x_wconf 88' lang='lat' dir='ltr'>fratrem,suscipite,inquam,</span> 
     </span>
    </p>
   </div>
   <div class='ocr_carea' id='block_1_36' title="bbox 426 3273 2072 3349">
    <p class='ocr_par' dir='ltr' id='par_1_36' title="bbox 426 3273 2072 3349">
     <span class='ocr_line' id='line_1_36' title="bbox 426 3273 2072 3349; baseline 0.004 -21"><span class='ocrx_word' id='word_1_225' title='bbox 426 3273 595 3329; x_wconf 91' lang='lat' dir='ltr'>illum</span> <span class='ocrx_word' id='word_1_226' title='bbox 625 3279 689 3329; x_wconf 89' lang='lat' dir='ltr'>ut</span> <span class='ocrx_word' id='word_1_227' title='bbox 718 3291 849 3329; x_wconf 91' lang='lat' dir='ltr'>mea</span> <span class='ocrx_word' id='word_1_228' title='bbox 875 3275 1115 3331; x_wconf 88' lang='lat' dir='ltr'>viscera.</span> <span class='ocrx_word' id='word_1_229' title='bbox 1149 3274 1439 3331; x_wconf 90' lang='lat' dir='ltr'>Sollicitos</span> <span class='ocrx_word' id='word_1_230' title='bbox 1470 3280 1662 3332; x_wconf 90' lang='lat' dir='ltr'>autem</span> <span class='ocrx_word' id='word_1_231' title='bbox 1688 3294 1791 3333; x_wconf 90' lang='lat' dir='ltr'>vos</span> <span class='ocrx_word' id='word_1_232' title='bbox 1830 3295 1932 3349; x_wconf 91' lang='lat' dir='ltr'>pro</span> <span class='ocrx_word' id='word_1_233' title='bbox 1979 3297 2072 3333; x_wconf 89' lang='lat' dir='ltr'>sa-</span> 
     </span>
    </p>
   </div>
   <div class='ocr_carea' id='block_1_37' title="bbox 425 3360 2070 3437">
    <p class='ocr_par' dir='ltr' id='par_1_37' title="bbox 425 3360 2070 3437">
     <span class='ocr_line' id='line_1_37' title="bbox 425 3360 2070 3437; baseline 0.005 -22"><span class='ocrx_word' id='word_1_234' title='bbox 425 3360 547 3418; x_wconf 92' lang='lat' dir='ltr'>lute</span> <span class='ocrx_word' id='word_1_235' title='bbox 564 3362 812 3418; x_wconf 91' lang='lat' dir='ltr'>libenter</span> <span class='ocrx_word' id='word_1_236' title='bbox 830 3364 1002 3419; x_wconf 87' lang='lat' dir='ltr'>audio</span> <span class='ocrx_word' id='word_1_237' title='bbox 1020 3380 1031 3418; x_wconf 90' lang='lat'><strong>:</strong></span> <span class='ocrx_word' id='word_1_238' title='bbox 1048 3369 1251 3419; x_wconf 92' lang='lat' dir='ltr'>contra</span> <span class='ocrx_word' id='word_1_239' title='bbox 1272 3371 1446 3437; x_wconf 92' lang='lat' dir='ltr'>caput</span> <span class='ocrx_word' id='word_1_240' title='bbox 1467 3367 1641 3421; x_wconf 90' lang='lat' dir='ltr'>etiam</span> <span class='ocrx_word' id='word_1_241' title='bbox 1665 3366 1710 3421; x_wconf 91' lang='lat' dir='ltr'>si</span> <span class='ocrx_word' id='word_1_242' title='bbox 1739 3367 2070 3423; x_wconf 89' lang='lat' dir='ltr'>faciendum</span> 
     </span>
    </p>
   </div>
   <div class='ocr_carea' id='block_1_38' title="bbox 425 3452 2074 3529">
    <p class='ocr_par' dir='ltr' id='par_1_38' title="bbox 425 3452 2074 3529">
     <span class='ocr_line' id='line_1_38' title="bbox 425 3452 2074 3529; baseline 0.004 -23"><span class='ocrx_word' id='word_1_243' title='bbox 425 3456 533 3519; x_wconf 89' lang='lat' dir='ltr'>est,</span> <span class='ocrx_word' id='word_1_244' title='bbox 568 3469 683 3508; x_wconf 91' lang='lat' dir='ltr'>non</span> <span class='ocrx_word' id='word_1_245' title='bbox 714 3452 961 3509; x_wconf 88' lang='lat' dir='ltr'>libenter</span> <span class='ocrx_word' id='word_1_246' title='bbox 990 3453 1254 3509; x_wconf 88' lang='lat' dir='ltr'>admitto.</span> <span class='ocrx_word' id='word_1_247' title='bbox 1308 3454 1409 3510; x_wconf 89' lang='lat' dir='ltr'>Cui</span> <span class='ocrx_word' id='word_1_248' title='bbox 1459 3473 1671 3511; x_wconf 91' lang='lat' dir='ltr'>manus</span> <span class='ocrx_word' id='word_1_249' title='bbox 1722 3457 2074 3529; x_wconf 82' lang='lat' dir='ltr'>porrigenda</span> 
     </span>
    </p>
   </div>
   <div class='ocr_carea' id='block_1_39' title="bbox 422 3541 2068 3618">
    <p class='ocr_par' dir='ltr' id='par_1_39' title="bbox 422 3541 2068 3618">
     <span class='ocr_line' id='line_1_39' title="bbox 422 3541 2068 3618; baseline 0.004 -23"><span class='ocrx_word' id='word_1_250' title='bbox 422 3544 531 3609; x_wconf 89' lang='lat' dir='ltr'>est,</span> <span class='ocrx_word' id='word_1_251' title='bbox 548 3541 851 3597; x_wconf 88' lang='lat' dir='ltr'>vobiscum</span> <span class='ocrx_word' id='word_1_252' title='bbox 874 3544 1125 3615; x_wconf 88' lang='lat' dir='ltr'>porrigo,</span> <span class='ocrx_word' id='word_1_253' title='bbox 1141 3544 1233 3599; x_wconf 89' lang='lat' dir='ltr'>cui</span> <span class='ocrx_word' id='word_1_254' title='bbox 1255 3544 1745 3616; x_wconf 81' lang='lat' dir='ltr'>porrigo,mecum</span> <span class='ocrx_word' id='word_1_255' title='bbox 1769 3546 2068 3618; x_wconf 81' lang='lat' dir='ltr'>porrigite.</span> 
     </span>
    </p>
   </div>
   <div class='ocr_carea' id='block_1_40' title="bbox 423 3626 2068 3706">
    <p class='ocr_par' dir='ltr' id='par_1_40' title="bbox 423 3626 2068 3706">
     <span class='ocr_line' id='line_1_40' title="bbox 423 3626 2068 3706; baseline 0.004 -24"><span class='ocrx_word' id='word_1_256' title='bbox 423 3626 482 3682; x_wconf 92' lang='lat' dir='ltr'>Si</span> <span class='ocrx_word' id='word_1_257' title='bbox 510 3627 603 3683; x_wconf 92' lang='lat' dir='ltr'>cui</span> <span class='ocrx_word' id='word_1_258' title='bbox 633 3632 828 3685; x_wconf 90' lang='lat' dir='ltr'>autem</span> <span class='ocrx_word' id='word_1_259' title='bbox 860 3629 1083 3701; x_wconf 90' lang='lat' dir='ltr'>aliquid</span> <span class='ocrx_word' id='word_1_260' title='bbox 1113 3631 1395 3699; x_wconf 84' lang='lat' dir='ltr'>donastis,</span> <span class='ocrx_word' id='word_1_261' title='bbox 1430 3637 1486 3687; x_wconf 90' lang='lat' dir='ltr'>et</span> <span class='ocrx_word' id='word_1_262' title='bbox 1516 3649 1640 3705; x_wconf 82' lang='lat' dir='ltr'>ego.</span> <span class='ocrx_word' id='word_1_263' title='bbox 1676 3634 1820 3688; x_wconf 84' lang='lat' dir='ltr'>Nam</span> <span class='ocrx_word' id='word_1_264' title='bbox 1855 3638 1913 3688; x_wconf 92' lang='lat' dir='ltr'>et</span> <span class='ocrx_word' id='word_1_265' title='bbox 1940 3650 2068 3706; x_wconf 85' lang='lat' dir='ltr'>ego,</span> 
     </span>
    </p>
   </div>
   <div class='ocr_carea' id='block_1_41' title="bbox 421 3715 2072 3793">
    <p class='ocr_par' dir='ltr' id='par_1_41' title="bbox 421 3715 2072 3793">
     <span class='ocr_line' id='line_1_41' title="bbox 421 3715 2072 3793; baseline 0.004 -22"><span class='ocrx_word' id='word_1_266' title='bbox 421 3715 531 3771; x_wconf 89' lang='lat' dir='ltr'>etsi</span> <span class='ocrx_word' id='word_1_267' title='bbox 562 3716 701 3787; x_wconf 92' lang='lat' dir='ltr'>quid</span> <span class='ocrx_word' id='word_1_268' title='bbox 732 3718 937 3772; x_wconf 91' lang='lat' dir='ltr'>donavi</span> <span class='ocrx_word' id='word_1_269' title='bbox 974 3724 1209 3790; x_wconf 90' lang='lat' dir='ltr'>propter</span> <span class='ocrx_word' id='word_1_270' title='bbox 1238 3737 1359 3787; x_wconf 88' lang='lat' dir='ltr'>vos,</span> <span class='ocrx_word' id='word_1_271' title='bbox 1384 3720 1441 3774; x_wconf 90' lang='lat' dir='ltr'>in</span> <span class='ocrx_word' id='word_1_272' title='bbox 1475 3738 1726 3793; x_wconf 89' lang='lat' dir='ltr'>persona</span> <span class='ocrx_word' id='word_1_273' title='bbox 1754 3722 2072 3789; x_wconf 86' lang='lat' dir='ltr'>Christi,ut</span> 
     </span>
    </p>
   </div>
   <div class='ocr_carea' id='block_1_42' title="bbox 422 3805 2070 3883">
    <p class='ocr_par' dir='ltr' id='par_1_42' title="bbox 422 3805 2070 3883">
     <span class='ocr_line' id='line_1_42' title="bbox 422 3805 2070 3883; baseline 0.005 -24"><span class='ocrx_word' id='word_1_274' title='bbox 422 3821 537 3859; x_wconf 92' lang='lat' dir='ltr'>non</span> <span class='ocrx_word' id='word_1_275' title='bbox 569 3805 977 3876; x_wconf 89' lang='lat' dir='ltr'>possideamur</span> <span class='ocrx_word' id='word_1_276' title='bbox 1008 3824 1042 3860; x_wconf 89' lang='lat' dir='ltr'>a</span> <span class='ocrx_word' id='word_1_277' title='bbox 1072 3808 1307 3863; x_wconf 90' lang='lat' dir='ltr'>Satana.</span> <span class='ocrx_word' id='word_1_278' title='bbox 1343 3809 1468 3864; x_wconf 90' lang='lat' dir='ltr'>Non</span> <span class='ocrx_word' id='word_1_279' title='bbox 1518 3810 1675 3865; x_wconf 89' lang='lat' dir='ltr'>enim</span> <span class='ocrx_word' id='word_1_280' title='bbox 1728 3810 2070 3883; x_wconf 89' lang='lat' dir='ltr'>ignoramus</span> 
     </span>
    </p>
   </div>
   <div class='ocr_carea' id='block_1_43' title="bbox 419 3893 2070 3973">
    <p class='ocr_par' dir='ltr' id='par_1_43' title="bbox 419 3893 2070 3973">
     <span class='ocr_line' id='line_1_43' title="bbox 419 3893 2070 3973; baseline 0.005 -25"><span class='ocrx_word' id='word_1_281' title='bbox 419 3893 707 3949; x_wconf 90' lang='lat' dir='ltr'>versutias</span> <span class='ocrx_word' id='word_1_282' title='bbox 721 3894 975 3966; x_wconf 90' lang='lat' dir='ltr'>ejus,qui</span> <span class='ocrx_word' id='word_1_283' title='bbox 989 3912 1166 3967; x_wconf 90' lang='lat' dir='ltr'>super</span> <span class='ocrx_word' id='word_1_284' title='bbox 1184 3896 1539 3955; x_wconf 91' lang='lat' dir='ltr'>discessione</span> <span class='ocrx_word' id='word_1_285' title='bbox 1560 3898 2070 3973; x_wconf 70' lang='lat' dir='ltr'>laztatur.Apostoli</span> 
     </span>
    </p>
   </div>
   <div class='ocr_carea' id='block_1_44' title="bbox 421 3982 2068 4058">
    <p class='ocr_par' dir='ltr' id='par_1_44' title="bbox 421 3982 2068 4058">
     <span class='ocr_line' id='line_1_44' title="bbox 421 3982 2068 4058; baseline 0.005 -20"><span class='ocrx_word' id='word_1_286' title='bbox 421 3999 556 4038; x_wconf 90' lang='lat' dir='ltr'>vero</span> <span class='ocrx_word' id='word_1_287' title='bbox 588 3982 890 4038; x_wconf 61' lang='lat' dir='ltr'>declarata:</span> <span class='ocrx_word' id='word_1_288' title='bbox 913 3984 1291 4058; x_wconf 86' lang='lat' dir='ltr'>benignitatis</span> <span class='ocrx_word' id='word_1_289' title='bbox 1314 3986 1494 4043; x_wconf 90' lang='lat' dir='ltr'>herba</span> <span class='ocrx_word' id='word_1_290' title='bbox 1520 3993 1677 4055; x_wconf 90' lang='lat' dir='ltr'>sunt,</span> <span class='ocrx_word' id='word_1_291' title='bbox 1702 3990 1854 4045; x_wconf 90' lang='lat' dir='ltr'>sicut</span> <span class='ocrx_word' id='word_1_292' title='bbox 1876 4008 1944 4046; x_wconf 88' lang='lat' dir='ltr'>ea</span> <span class='ocrx_word' id='word_1_293' title='bbox 1961 3991 2068 4046; x_wconf 87' lang='lat' dir='ltr'>viri</span> 
     </span>
    </p>
   </div>
   <div class='ocr_carea' id='block_1_45' title="bbox 422 4070 2071 4146">
    <p class='ocr_par' dir='ltr' id='par_1_45' title="bbox 422 4070 2071 4146">
     <span class='ocr_line' id='line_1_45' title="bbox 422 4070 2071 4146; baseline 0.006 -21"><span class='ocrx_word' id='word_1_294' title='bbox 422 4070 746 4126; x_wconf 89' lang='lat' dir='ltr'>beatissimi</span> <span class='ocrx_word' id='word_1_295' title='bbox 769 4071 1098 4143; x_wconf 71' lang='lat' dir='ltr'>apostolica:</span> <span class='ocrx_word' id='word_1_296' title='bbox 1120 4073 1275 4130; x_wconf 90' lang='lat' dir='ltr'>sedis</span> <span class='ocrx_word' id='word_1_297' title='bbox 1299 4076 1594 4146; x_wconf 70' lang='lat' dir='ltr'>praesules,</span> <span class='ocrx_word' id='word_1_298' title='bbox 1616 4078 1992 4134; x_wconf 91' lang='lat' dir='ltr'>Innocentius</span> <span class='ocrx_word' id='word_1_299' title='bbox 2015 4084 2071 4135; x_wconf 91' lang='lat' dir='ltr'>et</span> 
     </span>
    </p>
   </div>
   <div class='ocr_carea' id='block_1_46' title="bbox 422 4160 2069 4240">
    <p class='ocr_par' dir='ltr' id='par_1_46' title="bbox 422 4160 2069 4240">
     <span class='ocr_line' id='line_1_46' title="bbox 422 4160 2069 4240; baseline 0.006 -26"><span class='ocrx_word' id='word_1_300' title='bbox 422 4160 1785 4234; x_wconf 89' lang='lat' dir='ltr'>Bonifacius,sapientissimereplicarunt,Porro</span> <span class='ocrx_word' id='word_1_301' title='bbox 1798 4168 2069 4240; x_wconf 90' lang='lat' dir='ltr'>quisquis</span> 
     </span>
    </p>
   </div>
   <div class='ocr_carea' id='block_1_47' title="bbox 424 4250 2070 4329">
    <p class='ocr_par' dir='ltr' id='par_1_47' title="bbox 424 4250 2070 4329">
     <span class='ocr_line' id='line_1_47' title="bbox 424 4250 2070 4329; baseline 0.005 -24"><span class='ocrx_word' id='word_1_302' title='bbox 424 4252 627 4305; x_wconf 90' lang='lat' dir='ltr'>contra</span> <span class='ocrx_word' id='word_1_303' title='bbox 657 4250 765 4305; x_wconf 86' lang='lat' dir='ltr'>hoc</span> <span class='ocrx_word' id='word_1_304' title='bbox 796 4250 978 4306; x_wconf 90' lang='lat' dir='ltr'>nostri</span> <span class='ocrx_word' id='word_1_305' title='bbox 1010 4252 1370 4323; x_wconf 86' lang='lat' dir='ltr'>apostolatus</span> <span class='ocrx_word' id='word_1_306' title='bbox 1399 4255 1722 4321; x_wconf 89' lang='lat' dir='ltr'>decretum,</span> <span class='ocrx_word' id='word_1_307' title='bbox 1757 4261 1888 4329; x_wconf 91' lang='lat' dir='ltr'>post</span> <span class='ocrx_word' id='word_1_308' title='bbox 1917 4258 2070 4313; x_wconf 89' lang='lat' dir='ltr'>noti-</span> 
     </span>
    </p>
   </div>
   <div class='ocr_carea' id='block_1_48' title="bbox 420 4338 2065 4418">
    <p class='ocr_par' dir='ltr' id='par_1_48' title="bbox 420 4338 2065 4418">
     <span class='ocr_line' id='line_1_48' title="bbox 420 4338 2065 4418; baseline 0.006 -25"><span class='ocrx_word' id='word_1_309' title='bbox 420 4338 566 4394; x_wconf 88' lang='lat' dir='ltr'>tiam</span> <span class='ocrx_word' id='word_1_310' title='bbox 592 4340 721 4410; x_wconf 84' lang='lat' dir='ltr'>ejus</span> <span class='ocrx_word' id='word_1_311' title='bbox 751 4356 812 4395; x_wconf 91' lang='lat' dir='ltr'>se</span> <span class='ocrx_word' id='word_1_312' title='bbox 843 4341 1106 4408; x_wconf 77' lang='lat' dir='ltr'>efferens,</span> <span class='ocrx_word' id='word_1_313' title='bbox 1140 4359 1292 4413; x_wconf 59' lang='lat' dir='ltr'>saepe</span> <span class='ocrx_word' id='word_1_314' title='bbox 1326 4344 1440 4399; x_wconf 89' lang='lat' dir='ltr'>fato</span> <span class='ocrx_word' id='word_1_315' title='bbox 1474 4345 1737 4401; x_wconf 82' lang='lat' dir='ltr'>Rothado</span> <span class='ocrx_word' id='word_1_316' title='bbox 1773 4347 2065 4418; x_wconf 89' lang='lat' dir='ltr'>episcopo,</span> 
     </span>
    </p>
   </div>
   <div class='ocr_carea' id='block_1_49' title="bbox 423 4427 2067 4502">
    <p class='ocr_par' dir='ltr' id='par_1_49' title="bbox 423 4427 2067 4502">
     <span class='ocr_line' id='line_1_49' title="bbox 423 4427 2067 4502; baseline 0.005 -19"><span class='ocrx_word' id='word_1_317' title='bbox 423 4429 499 4483; x_wconf 90' lang='lat' dir='ltr'>ad</span> <span class='ocrx_word' id='word_1_318' title='bbox 526 4427 917 4500; x_wconf 89' lang='lat' dir='ltr'>recipiendam</span> <span class='ocrx_word' id='word_1_319' title='bbox 950 4434 1007 4484; x_wconf 91' lang='lat' dir='ltr'>et</span> <span class='ocrx_word' id='word_1_320' title='bbox 1033 4432 1346 4502; x_wconf 86' lang='lat' dir='ltr'>regendam</span> <span class='ocrx_word' id='word_1_321' title='bbox 1382 4433 1743 4489; x_wconf 69' lang='lat' dir='ltr'>Suessonicae</span> <span class='ocrx_word' id='word_1_322' title='bbox 1776 4436 1938 4491; x_wconf 89' lang='lat' dir='ltr'>urbis</span> <span class='ocrx_word' id='word_1_323' title='bbox 1965 4436 2067 4491; x_wconf 89' lang='lat' dir='ltr'>Ec-</span> 
     </span>
    </p>
   </div>
   <div class='ocr_carea' id='block_1_50' title="bbox 421 4516 2068 4594">
    <p class='ocr_par' dir='ltr' id='par_1_50' title="bbox 421 4516 2068 4594">
     <span class='ocr_line' id='line_1_50' title="bbox 421 4516 2068 4594; baseline 0.006 -24"><span class='ocrx_word' id='word_1_324' title='bbox 421 4516 681 4589; x_wconf 91' lang='lat' dir='ltr'>clesiam,</span> <span class='ocrx_word' id='word_1_325' title='bbox 728 4516 965 4589; x_wconf 89' lang='lat' dir='ltr'>aliquod</span> <span class='ocrx_word' id='word_1_326' title='bbox 1013 4518 1206 4590; x_wconf 88' lang='lat' dir='ltr'>palam</span> <span class='ocrx_word' id='word_1_327' title='bbox 1255 4518 1341 4574; x_wconf 92' lang='lat' dir='ltr'>vel</span> <span class='ocrx_word' id='word_1_328' title='bbox 1391 4521 1613 4576; x_wconf 89' lang='lat' dir='ltr'>occulte</span> <span class='ocrx_word' id='word_1_329' title='bbox 1661 4524 2068 4594; x_wconf 68' lang='lat' dir='ltr'>praeparaverit</span> 
     </span>
    </p>
   </div>
   <div class='ocr_carea' id='block_1_51' title="bbox 421 4605 2073 4681">
    <p class='ocr_par' dir='ltr' id='par_1_51' title="bbox 421 4605 2073 4681">
     <span class='ocr_line' id='line_1_51' title="bbox 421 4605 2073 4681; baseline 0.005 -21"><span class='ocrx_word' id='word_1_330' title='bbox 421 4605 954 4671; x_wconf 77' lang='lat' dir='ltr'>offendiculum,vel</span> <span class='ocrx_word' id='word_1_331' title='bbox 968 4605 1014 4662; x_wconf 91' lang='lat' dir='ltr'>si</span> <span class='ocrx_word' id='word_1_332' title='bbox 1030 4607 1489 4680; x_wconf 72' lang='lat' dir='ltr'>personzeipsius</span> <span class='ocrx_word' id='word_1_333' title='bbox 1502 4625 1616 4680; x_wconf 89' lang='lat' dir='ltr'>quo</span> <span class='ocrx_word' id='word_1_334' title='bbox 1628 4612 1919 4681; x_wconf 91' lang='lat' dir='ltr'>quomodo</span> <span class='ocrx_word' id='word_1_335' title='bbox 1934 4612 2073 4668; x_wconf 88' lang='lat' dir='ltr'>insi-</span> 
     </span>
    </p>
   </div>
   <div class='ocr_carea' id='block_1_52' title="bbox 421 4692 2071 4768">
    <p class='ocr_par' dir='ltr' id='par_1_52' title="bbox 421 4692 2071 4768">
     <span class='ocr_line' id='line_1_52' title="bbox 421 4692 2071 4768; baseline 0.006 -21"><span class='ocrx_word' id='word_1_336' title='bbox 421 4692 615 4749; x_wconf 90' lang='lat' dir='ltr'>diatus</span> <span class='ocrx_word' id='word_1_337' title='bbox 637 4696 945 4764; x_wconf 86' lang='lat' dir='ltr'>exstiterit;</span> <span class='ocrx_word' id='word_1_338' title='bbox 973 4696 1238 4767; x_wconf 90' lang='lat' dir='ltr'>quinimo</span> <span class='ocrx_word' id='word_1_339' title='bbox 1259 4696 1307 4753; x_wconf 89' lang='lat' dir='ltr'>si</span> <span class='ocrx_word' id='word_1_340' title='bbox 1332 4696 1465 4768; x_wconf 87' lang='lat' dir='ltr'>quis</span> <span class='ocrx_word' id='word_1_341' title='bbox 1486 4703 1741 4755; x_wconf 90' lang='lat' dir='ltr'>vestrum</span> <span class='ocrx_word' id='word_1_342' title='bbox 1772 4700 1841 4755; x_wconf 93' lang='lat' dir='ltr'>ad</span> <span class='ocrx_word' id='word_1_343' title='bbox 1875 4700 2071 4758; x_wconf 87' lang='lat' dir='ltr'>Eccle-</span> 
     </span>
    </p>
   </div>
   <div class='ocr_carea' id='block_1_53' title="bbox 420 4781 2071 4862">
    <p class='ocr_par' dir='ltr' id='par_1_53' title="bbox 420 4781 2071 4862">
     <span class='ocr_line' id='line_1_53' title="bbox 420 4781 2071 4862; baseline 0.006 -25"><span class='ocrx_word' id='word_1_344' title='bbox 420 4781 568 4837; x_wconf 89' lang='lat' dir='ltr'>siam</span> <span class='ocrx_word' id='word_1_345' title='bbox 602 4784 995 4856; x_wconf 90' lang='lat' dir='ltr'>recipiendam</span> <span class='ocrx_word' id='word_1_346' title='bbox 1018 4785 1122 4852; x_wconf 92' lang='lat' dir='ltr'>illi,</span> <span class='ocrx_word' id='word_1_347' title='bbox 1139 4790 1419 4858; x_wconf 89' lang='lat' dir='ltr'>tanquam</span> <span class='ocrx_word' id='word_1_348' title='bbox 1442 4787 1619 4843; x_wconf 85' lang='lat' dir='ltr'>frater</span> <span class='ocrx_word' id='word_1_349' title='bbox 1639 4789 1824 4856; x_wconf 89' lang='lat' dir='ltr'>fratri,</span> <span class='ocrx_word' id='word_1_350' title='bbox 1844 4791 2071 4862; x_wconf 89' lang='lat' dir='ltr'>adjuto-</span> 
     </span>
    </p>
   </div>
   <div class='ocr_carea' id='block_1_54' title="bbox 420 4870 2067 4947">
    <p class='ocr_par' dir='ltr' id='par_1_54' title="bbox 420 4870 2067 4947">
     <span class='ocr_line' id='line_1_54' title="bbox 420 4870 2067 4947; baseline 0.007 -23"><span class='ocrx_word' id='word_1_351' title='bbox 420 4870 571 4927; x_wconf 87' lang='lat' dir='ltr'>rium</span> <span class='ocrx_word' id='word_1_352' title='bbox 596 4889 709 4926; x_wconf 88' lang='lat' dir='ltr'>non</span> <span class='ocrx_word' id='word_1_353' title='bbox 736 4874 1086 4944; x_wconf 79' lang='lat' dir='ltr'>przestiterit,</span> <span class='ocrx_word' id='word_1_354' title='bbox 1114 4879 1313 4947; x_wconf 85' lang='lat' dir='ltr'>utpote</span> <span class='ocrx_word' id='word_1_355' title='bbox 1334 4876 1435 4947; x_wconf 90' lang='lat' dir='ltr'>qui</span> <span class='ocrx_word' id='word_1_356' title='bbox 1456 4876 1611 4933; x_wconf 91' lang='lat' dir='ltr'>videt</span> <span class='ocrx_word' id='word_1_357' title='bbox 1632 4877 1869 4935; x_wconf 82' lang='lat' dir='ltr'>fratrem</span> <span class='ocrx_word' id='word_1_358' title='bbox 1893 4896 2067 4936; x_wconf 91' lang='lat' dir='ltr'>suum</span> 
     </span>
    </p>
   </div>
   <div class='ocr_carea' id='block_1_55' title="bbox 420 4960 2064 5039">
    <p class='ocr_par' dir='ltr' id='par_1_55' title="bbox 420 4960 2064 5039">
     <span class='ocr_line' id='line_1_55' title="bbox 420 4960 2064 5039; baseline 0.007 -26"><span class='ocrx_word' id='word_1_359' title='bbox 420 4960 826 5015; x_wconf 87' lang='lat' dir='ltr'>necessitatem</span> <span class='ocrx_word' id='word_1_360' title='bbox 859 4962 1092 5027; x_wconf 87' lang='lat' dir='ltr'>habere,</span> <span class='ocrx_word' id='word_1_361' title='bbox 1126 4968 1182 5018; x_wconf 92' lang='lat' dir='ltr'>et</span> <span class='ocrx_word' id='word_1_362' title='bbox 1207 4964 1426 5019; x_wconf 90' lang='lat' dir='ltr'>claudit</span> <span class='ocrx_word' id='word_1_363' title='bbox 1453 4964 1673 5021; x_wconf 89' lang='lat' dir='ltr'>viscera</span> <span class='ocrx_word' id='word_1_364' title='bbox 1705 4984 1814 5023; x_wconf 89' lang='lat' dir='ltr'>sua</span> <span class='ocrx_word' id='word_1_365' title='bbox 1862 4969 1935 5023; x_wconf 88' lang='lat' dir='ltr'>ab</span> <span class='ocrx_word' id='word_1_366' title='bbox 1976 4985 2064 5039; x_wconf 92' lang='lat' dir='ltr'>eo,</span> 
     </span>
    </p>
   </div>
   <div class='ocr_carea' id='block_1_56' title="bbox 419 5048 2068 5130">
    <p class='ocr_par' dir='ltr' id='par_1_56' title="bbox 419 5048 2068 5130">
     <span class='ocr_line' id='line_1_56' title="bbox 419 5048 2068 5130; baseline 0.007 -27"><span class='ocrx_word' id='word_1_367' title='bbox 419 5052 475 5105; x_wconf 86' lang='lat' dir='ltr'>et</span> <span class='ocrx_word' id='word_1_368' title='bbox 504 5048 680 5103; x_wconf 85' lang='lat' dir='ltr'>veluti</span> <span class='ocrx_word' id='word_1_369' title='bbox 715 5050 763 5105; x_wconf 91' lang='lat' dir='ltr'>is</span> <span class='ocrx_word' id='word_1_370' title='bbox 796 5051 853 5105; x_wconf 92' lang='lat' dir='ltr'>in</span> <span class='ocrx_word' id='word_1_371' title='bbox 883 5068 996 5122; x_wconf 91' lang='lat' dir='ltr'>quo</span> <span class='ocrx_word' id='word_1_372' title='bbox 1027 5053 1281 5107; x_wconf 86' lang='lat' dir='ltr'>charitas</span> <span class='ocrx_word' id='word_1_373' title='bbox 1311 5053 1412 5108; x_wconf 90' lang='lat' dir='ltr'>Dei</span> <span class='ocrx_word' id='word_1_374' title='bbox 1444 5071 1559 5110; x_wconf 91' lang='lat' dir='ltr'>non</span> <span class='ocrx_word' id='word_1_375' title='bbox 1592 5060 1808 5123; x_wconf 91' lang='lat' dir='ltr'>manet,</span> <span class='ocrx_word' id='word_1_376' title='bbox 1838 5057 1909 5112; x_wconf 91' lang='lat' dir='ltr'>ab</span> <span class='ocrx_word' id='word_1_377' title='bbox 1940 5056 2068 5130; x_wconf 89' lang='lat' dir='ltr'>ipsa</span> 
     </span>
    </p>
   </div>
   <div class='ocr_carea' id='block_1_57' title="bbox 417 5137 2070 5219">
    <p class='ocr_par' dir='ltr' id='par_1_57' title="bbox 417 5137 2070 5219">
     <span class='ocr_line' id='line_1_57' title="bbox 417 5137 2070 5219; baseline 0.007 -27"><span class='ocrx_word' id='word_1_378' title='bbox 417 5137 718 5206; x_wconf 83' lang='lat' dir='ltr'>charitate,</span> <span class='ocrx_word' id='word_1_379' title='bbox 745 5157 871 5211; x_wconf 62' lang='lat' dir='ltr'>quae</span> <span class='ocrx_word' id='word_1_380' title='bbox 921 5141 1073 5196; x_wconf 91' lang='lat' dir='ltr'>Deus</span> <span class='ocrx_word' id='word_1_381' title='bbox 1105 5146 1211 5205; x_wconf 90' lang='lat' dir='ltr'>est,</span> <span class='ocrx_word' id='word_1_382' title='bbox 1245 5148 1301 5196; x_wconf 89' lang='lat' dir='ltr'>et</span> <span class='ocrx_word' id='word_1_383' title='bbox 1331 5159 1364 5196; x_wconf 90' lang='lat' dir='ltr'>a</span> <span class='ocrx_word' id='word_1_384' title='bbox 1412 5160 1648 5215; x_wconf 91' lang='lat' dir='ltr'>corpore</span> <span class='ocrx_word' id='word_1_385' title='bbox 1679 5149 1733 5201; x_wconf 90' lang='lat' dir='ltr'>et</span> <span class='ocrx_word' id='word_1_386' title='bbox 1785 5147 2070 5219; x_wconf 88' lang='lat' dir='ltr'>sanguine</span> 
     </span>
    </p>
   </div>
   <div class='ocr_carea' id='block_1_58' title="bbox 416 5227 2069 5303">
    <p class='ocr_par' dir='ltr' id='par_1_58' title="bbox 416 5227 2069 5303">
     <span class='ocr_line' id='line_1_58' title="bbox 416 5227 2069 5303; baseline 0.005 -20"><span class='ocrx_word' id='word_1_387' title='bbox 416 5227 652 5296; x_wconf 86' lang='lat' dir='ltr'>Christi,</span> <span class='ocrx_word' id='word_1_388' title='bbox 672 5234 729 5285; x_wconf 91' lang='lat' dir='ltr'>et</span> <span class='ocrx_word' id='word_1_389' title='bbox 749 5247 782 5285; x_wconf 90' lang='lat' dir='ltr'>a</span> <span class='ocrx_word' id='word_1_390' title='bbox 804 5229 973 5283; x_wconf 90' lang='lat' dir='ltr'>nobis</span> <span class='ocrx_word' id='word_1_391' title='bbox 1001 5230 1099 5299; x_wconf 92' lang='lat' dir='ltr'>qui</span> <span class='ocrx_word' id='word_1_392' title='bbox 1136 5231 1397 5284; x_wconf 91' lang='lat' dir='ltr'>membra</span> <span class='ocrx_word' id='word_1_393' title='bbox 1420 5230 1579 5287; x_wconf 91' lang='lat' dir='ltr'>illius</span> <span class='ocrx_word' id='word_1_394' title='bbox 1602 5251 1830 5303; x_wconf 92' lang='lat' dir='ltr'>sumus,</span> <span class='ocrx_word' id='word_1_395' title='bbox 1854 5234 2069 5291; x_wconf 88' lang='lat' dir='ltr'>habea-</span> 
     </span>
    </p>
   </div>
   <div class='ocr_carea' id='block_1_59' title="bbox 416 5317 2068 5396">
    <p class='ocr_par' dir='ltr' id='par_1_59' title="bbox 416 5317 2068 5396">
     <span class='ocr_line' id='line_1_59' title="bbox 416 5317 2068 5396; baseline 0.005 -25"><span class='ocrx_word' id='word_1_396' title='bbox 416 5320 514 5371; x_wconf 89' lang='lat' dir='ltr'>tur</span> <span class='ocrx_word' id='word_1_397' title='bbox 542 5318 899 5373; x_wconf 90' lang='lat' dir='ltr'>omnimodis</span> <span class='ocrx_word' id='word_1_398' title='bbox 932 5317 1177 5372; x_wconf 90' lang='lat' dir='ltr'>alienus.</span> <span class='ocrx_word' id='word_1_399' title='bbox 1214 5319 1393 5373; x_wconf 85' lang='lat' dir='ltr'>Horro</span> <span class='ocrx_word' id='word_1_400' title='bbox 1426 5337 1495 5375; x_wconf 91' lang='lat' dir='ltr'>ne</span> <span class='ocrx_word' id='word_1_401' title='bbox 1527 5322 1820 5391; x_wconf 87' lang='lat' dir='ltr'>justitiam</span> <span class='ocrx_word' id='word_1_402' title='bbox 1871 5341 2068 5396; x_wconf 89' lang='lat' dir='ltr'>regere</span> 
     </span>
    </p>
   </div>
   <div class='ocr_carea' id='block_1_60' title="bbox 416 5406 2068 5485">
    <p class='ocr_par' dir='ltr' id='par_1_60' title="bbox 416 5406 2068 5485">
     <span class='ocr_line' id='line_1_60' title="bbox 416 5406 2068 5485; baseline 0.006 -25"><span class='ocrx_word' id='word_1_403' title='bbox 416 5411 625 5461; x_wconf 74' lang='lat' dir='ltr'>nostrae</span> <span class='ocrx_word' id='word_1_404' title='bbox 657 5410 886 5464; x_wconf 88' lang='lat' dir='ltr'>tantum</span> <span class='ocrx_word' id='word_1_405' title='bbox 909 5406 1214 5462; x_wconf 87' lang='lat' dir='ltr'>videamur</span> <span class='ocrx_word' id='word_1_406' title='bbox 1234 5406 1549 5463; x_wconf 82' lang='lat' dir='ltr'>voluntatis</span> <span class='ocrx_word' id='word_1_407' title='bbox 1580 5411 1843 5476; x_wconf 86' lang='lat' dir='ltr'>arbitrio,</span> <span class='ocrx_word' id='word_1_408' title='bbox 1877 5430 1942 5468; x_wconf 88' lang='lat' dir='ltr'>ac</span> <span class='ocrx_word' id='word_1_409' title='bbox 1965 5430 2068 5485; x_wconf 90' lang='lat' dir='ltr'>per</span> 
     </span>
    </p>
   </div>
   <div class='ocr_carea' id='block_1_61' title="bbox 414 5493 2064 5568">
    <p class='ocr_par' dir='ltr' id='par_1_61' title="bbox 414 5493 2064 5568">
     <span class='ocr_line' id='line_1_61' title="bbox 414 5493 2064 5568; baseline 0.007 -21"><span class='ocrx_word' id='word_1_410' title='bbox 414 5493 524 5549; x_wconf 88' lang='lat' dir='ltr'>hoc</span> <span class='ocrx_word' id='word_1_411' title='bbox 555 5496 922 5553; x_wconf 66' lang='lat' dir='ltr'>aestimemun</span> <span class='ocrx_word' id='word_1_412' title='bbox 954 5495 1248 5552; x_wconf 89' lang='lat' dir='ltr'>canonicis</span> <span class='ocrx_word' id='word_1_413' title='bbox 1281 5494 1507 5568; x_wconf 82' lang='lat' dir='ltr'>legibus</span> <span class='ocrx_word' id='word_1_414' title='bbox 1539 5501 1845 5563; x_wconf 89' lang='lat' dir='ltr'>contraire.</span> <span class='ocrx_word' id='word_1_415' title='bbox 1867 5504 2064 5558; x_wconf 91' lang='lat' dir='ltr'>sanci-</span> 
     </span>
    </p>
   </div>
   <div class='ocr_carea' id='block_1_62' title="bbox 412 5586 2063 5662">
    <p class='ocr_par' dir='ltr' id='par_1_62' title="bbox 412 5586 2063 5662">
     <span class='ocr_line' id='line_1_62' title="bbox 412 5586 2063 5662; baseline 0.009 -26"><span class='ocrx_word' id='word_1_416' title='bbox 412 5597 548 5647; x_wconf 84' lang='lat' dir='ltr'>mus</span> <span class='ocrx_word' id='word_1_417' title='bbox 579 5588 754 5660; x_wconf 90' lang='lat' dir='ltr'>atque</span> <span class='ocrx_word' id='word_1_418' title='bbox 784 5586 1153 5645; x_wconf 85' lang='lat' dir='ltr'>decernimus</span> <span class='ocrx_word' id='word_1_419' title='bbox 1175 5589 1464 5660; x_wconf 85' lang='lat' dir='ltr'>quatenus</span> <span class='ocrx_word' id='word_1_420' title='bbox 1488 5589 1833 5662; x_wconf 69' lang='lat' dir='ltr'>smpedictus</span> <span class='ocrx_word' id='word_1_421' title='bbox 1857 5592 2063 5650; x_wconf 78' lang='lat' dir='ltr'>ttotha—</span> 
     </span>
    </p>
   </div>
   <div class='ocr_carea' id='block_1_63' title="bbox 2174 512 3772 587">
    <p class='ocr_par' dir='ltr' id='par_1_63' title="bbox 2174 512 3772 587">
     <span class='ocr_line' id='line_1_63' title="bbox 2174 512 3772 587; baseline 0.003 -20"><span class='ocrx_word' id='word_1_422' title='bbox 2174 514 2315 569; x_wconf 87' lang='lat' dir='ltr'>riter</span> <span class='ocrx_word' id='word_1_423' title='bbox 2339 513 2600 585; x_wconf 88' lang='lat' dir='ltr'>poscenti</span> <span class='ocrx_word' id='word_1_424' title='bbox 2631 513 2703 568; x_wconf 90' lang='lat' dir='ltr'>de</span> <span class='ocrx_word' id='word_1_425' title='bbox 2734 529 2815 581; x_wconf 92' lang='lat' dir='ltr'>se,</span> <span class='ocrx_word' id='word_1_426' title='bbox 2850 512 2986 585; x_wconf 88' lang='lat' dir='ltr'>quia</span> <span class='ocrx_word' id='word_1_427' title='bbox 3020 517 3133 568; x_wconf 92' lang='lat' dir='ltr'>Deo</span> <span class='ocrx_word' id='word_1_428' title='bbox 3177 512 3419 585; x_wconf 91' lang='lat' dir='ltr'>propitio</span> <span class='ocrx_word' id='word_1_429' title='bbox 3466 513 3601 569; x_wconf 91' lang='lat' dir='ltr'>nulli</span> <span class='ocrx_word' id='word_1_430' title='bbox 3644 517 3772 587; x_wconf 81' lang='lat' dir='ltr'>parti</span> 
     </span>
    </p>
   </div>
   <div class='ocr_carea' id='block_1_64' title="bbox 2174 600 3774 677">
    <p class='ocr_par' dir='ltr' id='par_1_64' title="bbox 2174 600 3774 677">
     <span class='ocr_line' id='line_1_64' title="bbox 2174 600 3774 677; baseline 0.001 -20"><span class='ocrx_word' id='word_1_431' title='bbox 2174 602 2363 659; x_wconf 77' lang='lat' dir='ltr'>favere</span> <span class='ocrx_word' id='word_1_432' title='bbox 2392 600 2662 657; x_wconf 88' lang='lat' dir='ltr'>volumus</span> <span class='ocrx_word' id='word_1_433' title='bbox 2694 602 3212 673; x_wconf 83' lang='lat' dir='ltr'>contrajustitam,</span> <span class='ocrx_word' id='word_1_434' title='bbox 3241 619 3432 658; x_wconf 88' lang='lat' dir='ltr'>coram</span> <span class='ocrx_word' id='word_1_435' title='bbox 3470 603 3613 659; x_wconf 90' lang='lat' dir='ltr'>sedis</span> <span class='ocrx_word' id='word_1_436' title='bbox 3656 620 3774 677; x_wconf 82' lang='lat' dir='ltr'>apo-</span> 
     </span>
    </p>
   </div>
   <div class='ocr_carea' id='block_1_65' title="bbox 2175 690 3773 763">
    <p class='ocr_par' dir='ltr' id='par_1_65' title="bbox 2175 690 3773 763">
     <span class='ocr_line' id='line_1_65' title="bbox 2175 690 3773 763; baseline 0.001 -17"><span class='ocrx_word' id='word_1_437' title='bbox 2175 690 2391 746; x_wconf 72' lang='lat' dir='ltr'>stolicaa</span> <span class='ocrx_word' id='word_1_438' title='bbox 2424 690 2673 763; x_wconf 66' lang='lat' dir='ltr'>praesule</span> <span class='ocrx_word' id='word_1_439' title='bbox 2704 691 2944 747; x_wconf 87' lang='lat' dir='ltr'>reddere</span> <span class='ocrx_word' id='word_1_440' title='bbox 2975 691 3279 747; x_wconf 90' lang='lat' dir='ltr'>rationem.</span> <span class='ocrx_word' id='word_1_441' title='bbox 3308 690 3392 747; x_wconf 89' lang='lat' dir='ltr'>Ita</span> <span class='ocrx_word' id='word_1_442' title='bbox 3419 691 3681 747; x_wconf 76' lang='lat' dir='ltr'>duntaxat</span> <span class='ocrx_word' id='word_1_443' title='bbox 3704 698 3773 759; x_wconf 89' lang='lat' dir='ltr'>ut,</span> 
     </span>
    </p>
   </div>
   <div class='ocr_carea' id='block_1_66' title="bbox 2176 778 3775 853">
    <p class='ocr_par' dir='ltr' id='par_1_66' title="bbox 2176 778 3775 853">
     <span class='ocr_line' id='line_1_66' title="bbox 2176 778 3775 853; baseline 0.001 -18"><span class='ocrx_word' id='word_1_444' title='bbox 2176 779 2501 835; x_wconf 89' lang='lat' dir='ltr'>secundum</span> <span class='ocrx_word' id='word_1_445' title='bbox 2535 780 2827 850; x_wconf 89' lang='lat' dir='ltr'>majorum</span> <span class='ocrx_word' id='word_1_446' title='bbox 2861 778 3262 843; x_wconf 85' lang='lat' dir='ltr'>diffinitiones.</span> <span class='ocrx_word' id='word_1_447' title='bbox 3294 784 3421 835; x_wconf 78' lang='lat' dir='ltr'>ante</span> <span class='ocrx_word' id='word_1_448' title='bbox 3468 778 3649 835; x_wconf 87' lang='lat' dir='ltr'>omnia</span> <span class='ocrx_word' id='word_1_449' title='bbox 3671 797 3775 853; x_wconf 69' lang='lat' dir='ltr'>qua</span> 
     </span>
    </p>
   </div>
   <div class='ocr_carea' id='block_1_67' title="bbox 2176 867 3778 942">
    <p class='ocr_par' dir='ltr' id='par_1_67' title="bbox 2176 867 3778 942">
     <span class='ocr_line' id='line_1_67' title="bbox 2176 867 3778 942; baseline 0.001 -20"><span class='ocrx_word' id='word_1_450' title='bbox 2176 868 2340 940; x_wconf 91' lang='lat' dir='ltr'>prius</span> <span class='ocrx_word' id='word_1_451' title='bbox 2370 869 2714 940; x_wconf 89' lang='lat' dir='ltr'>possederat</span> <span class='ocrx_word' id='word_1_452' title='bbox 2745 868 2971 942; x_wconf 87' lang='lat' dir='ltr'>integro</span> <span class='ocrx_word' id='word_1_453' title='bbox 2992 868 3129 939; x_wconf 88' lang='lat' dir='ltr'>jure</span> <span class='ocrx_word' id='word_1_454' title='bbox 3151 867 3390 941; x_wconf 82' lang='lat' dir='ltr'>recipiat</span> <span class='ocrx_word' id='word_1_455' title='bbox 3405 885 3419 937; x_wconf 91' lang='lat'><strong>;</strong></span> <span class='ocrx_word' id='word_1_456' title='bbox 3434 868 3570 924; x_wconf 91' lang='lat' dir='ltr'>adeo</span> <span class='ocrx_word' id='word_1_457' title='bbox 3590 872 3647 924; x_wconf 90' lang='lat' dir='ltr'>ut</span> <span class='ocrx_word' id='word_1_458' title='bbox 3666 870 3778 925; x_wconf 84' lang='lat' dir='ltr'>talis</span> 
     </span>
    </p>
   </div>
   <div class='ocr_carea' id='block_1_68' title="bbox 2177 956 3778 1029">
    <p class='ocr_par' dir='ltr' id='par_1_68' title="bbox 2177 956 3778 1029">
     <span class='ocr_line' id='line_1_68' title="bbox 2177 956 3778 1029; baseline 0.002 -18"><span class='ocrx_word' id='word_1_459' title='bbox 2177 956 2253 1011; x_wconf 90' lang='lat' dir='ltr'>sit</span> <span class='ocrx_word' id='word_1_460' title='bbox 2284 957 2342 1012; x_wconf 92' lang='lat' dir='ltr'>in</span> <span class='ocrx_word' id='word_1_461' title='bbox 2371 957 2647 1012; x_wconf 88' lang='lat' dir='ltr'>omnibus</span> <span class='ocrx_word' id='word_1_462' title='bbox 2690 956 2880 1029; x_wconf 88' lang='lat' dir='ltr'>qualis</span> <span class='ocrx_word' id='word_1_463' title='bbox 2929 962 3064 1014; x_wconf 89' lang='lat' dir='ltr'>ante</span> <span class='ocrx_word' id='word_1_464' title='bbox 3115 958 3461 1014; x_wconf 90' lang='lat' dir='ltr'>sententiam</span> <span class='ocrx_word' id='word_1_465' title='bbox 3508 962 3692 1012; x_wconf 86' lang='lat' dir='ltr'>contra</span> <span class='ocrx_word' id='word_1_466' title='bbox 3729 975 3778 1014; x_wconf 85' lang='lat' dir='ltr'>se</span> 
     </span>
    </p>
   </div>
   <div class='ocr_carea' id='block_1_69' title="bbox 2176 1044 3781 1119">
    <p class='ocr_par' dir='ltr' id='par_1_69' title="bbox 2176 1044 3781 1119">
     <span class='ocr_line' id='line_1_69' title="bbox 2176 1044 3781 1119; baseline 0.002 -19"><span class='ocrx_word' id='word_1_467' title='bbox 2176 1044 2462 1118; x_wconf 89' lang='lat' dir='ltr'>prolatam</span> <span class='ocrx_word' id='word_1_468' title='bbox 2484 1046 2664 1102; x_wconf 90' lang='lat' dir='ltr'>fuisse</span> <span class='ocrx_word' id='word_1_469' title='bbox 2681 1046 3281 1119; x_wconf 90' lang='lat' dir='ltr'>dignoscitur.Sicque</span> <span class='ocrx_word' id='word_1_470' title='bbox 3303 1045 3781 1114; x_wconf 85' lang='lat' dir='ltr'>demum,Ecclesia</span> 
     </span>
    </p>
   </div>
   <div class='ocr_carea' id='block_1_70' title="bbox 2177 1134 3778 1208">
    <p class='ocr_par' dir='ltr' id='par_1_70' title="bbox 2177 1134 3778 1208">
     <span class='ocr_line' id='line_1_70' title="bbox 2177 1134 3778 1208; baseline 0.001 -18"><span class='ocrx_word' id='word_1_471' title='bbox 2177 1139 2426 1207; x_wconf 90' lang='lat' dir='ltr'>recepta,</span> <span class='ocrx_word' id='word_1_472' title='bbox 2460 1140 2516 1190; x_wconf 91' lang='lat' dir='ltr'>et</span> <span class='ocrx_word' id='word_1_473' title='bbox 2558 1136 2896 1208; x_wconf 87' lang='lat' dir='ltr'>episcopatu</span> <span class='ocrx_word' id='word_1_474' title='bbox 2940 1134 3125 1191; x_wconf 90' lang='lat' dir='ltr'>libera</span> <span class='ocrx_word' id='word_1_475' title='bbox 3173 1136 3481 1192; x_wconf 89' lang='lat' dir='ltr'>securitate</span> <span class='ocrx_word' id='word_1_476' title='bbox 3526 1152 3778 1206; x_wconf 76' lang='lat' dir='ltr'>possessa,</span> 
     </span>
    </p>
   </div>
   <div class='ocr_carea' id='block_1_71' title="bbox 2177 1224 3779 1297">
    <p class='ocr_par' dir='ltr' id='par_1_71' title="bbox 2177 1224 3779 1297">
     <span class='ocr_line' id='line_1_71' title="bbox 2177 1224 3779 1297; baseline 0.001 -18"><span class='ocrx_word' id='word_1_477' title='bbox 2177 1225 2458 1296; x_wconf 80' lang='lat' dir='ltr'>proximis</span> <span class='ocrx_word' id='word_1_478' title='bbox 2474 1229 2532 1281; x_wconf 91' lang='lat' dir='ltr'>et</span> <span class='ocrx_word' id='word_1_479' title='bbox 2551 1224 2776 1293; x_wconf 89' lang='lat' dir='ltr'>amicis,</span> <span class='ocrx_word' id='word_1_480' title='bbox 2794 1225 3052 1292; x_wconf 90' lang='lat' dir='ltr'>rebus,et</span> <span class='ocrx_word' id='word_1_481' title='bbox 3072 1224 3216 1297; x_wconf 90' lang='lat' dir='ltr'>ipsis</span> <span class='ocrx_word' id='word_1_482' title='bbox 3242 1225 3555 1297; x_wconf 86' lang='lat' dir='ltr'>resumptis</span> <span class='ocrx_word' id='word_1_483' title='bbox 3572 1224 3779 1292; x_wconf 86' lang='lat' dir='ltr'>viribus,</span> 
     </span>
    </p>
   </div>
   <div class='ocr_carea' id='block_1_72' title="bbox 2176 1312 3783 1387">
    <p class='ocr_par' dir='ltr' id='par_1_72' title="bbox 2176 1312 3783 1387">
     <span class='ocr_line' id='line_1_72' title="bbox 2176 1312 3783 1387; baseline 0.001 -20"><span class='ocrx_word' id='word_1_484' title='bbox 2176 1314 2423 1370; x_wconf 87' lang='lat' dir='ltr'>vestitus</span> <span class='ocrx_word' id='word_1_485' title='bbox 2453 1330 2706 1385; x_wconf 92' lang='lat' dir='ltr'>quoque,</span> <span class='ocrx_word' id='word_1_486' title='bbox 2726 1318 2783 1369; x_wconf 88' lang='lat' dir='ltr'>et</span> <span class='ocrx_word' id='word_1_487' title='bbox 2813 1312 3219 1387; x_wconf 88' lang='lat' dir='ltr'>spiritualibus</span> <span class='ocrx_word' id='word_1_488' title='bbox 3246 1313 3419 1369; x_wconf 91' lang='lat' dir='ltr'>annis</span> <span class='ocrx_word' id='word_1_489' title='bbox 3440 1318 3783 1382; x_wconf 88' lang='lat' dir='ltr'>tectus,accu-</span> 
     </span>
    </p>
   </div>
   <div class='ocr_carea' id='block_1_73' title="bbox 2179 1402 3782 1476">
    <p class='ocr_par' dir='ltr' id='par_1_73' title="bbox 2179 1402 3782 1476">
     <span class='ocr_line' id='line_1_73' title="bbox 2179 1402 3782 1476; baseline 0 -18"><span class='ocrx_word' id='word_1_490' title='bbox 2179 1402 2472 1459; x_wconf 90' lang='lat' dir='ltr'>satoribus</span> <span class='ocrx_word' id='word_1_491' title='bbox 2504 1404 2850 1475; x_wconf 87' lang='lat' dir='ltr'>respondeat</span> <span class='ocrx_word' id='word_1_492' title='bbox 2879 1402 3024 1471; x_wconf 89' lang='lat' dir='ltr'>suis,</span> <span class='ocrx_word' id='word_1_493' title='bbox 3056 1406 3114 1459; x_wconf 90' lang='lat' dir='ltr'>et</span> <span class='ocrx_word' id='word_1_494' title='bbox 3152 1404 3309 1459; x_wconf 89' lang='lat' dir='ltr'>unde</span> <span class='ocrx_word' id='word_1_495' title='bbox 3352 1402 3657 1476; x_wconf 87' lang='lat' dir='ltr'>impetitur,</span> <span class='ocrx_word' id='word_1_496' title='bbox 3686 1402 3782 1476; x_wconf 84' lang='lat' dir='ltr'>ple-</span> 
     </span>
    </p>
   </div>
   <div class='ocr_carea' id='block_1_74' title="bbox 2180 1491 3783 1565">
    <p class='ocr_par' dir='ltr' id='par_1_74' title="bbox 2180 1491 3783 1565">
     <span class='ocr_line' id='line_1_74' title="bbox 2180 1491 3783 1565; baseline -0.001 -18"><span class='ocrx_word' id='word_1_497' title='bbox 2180 1491 2428 1548; x_wconf 91' lang='lat' dir='ltr'>nissima</span> <span class='ocrx_word' id='word_1_498' title='bbox 2457 1493 2691 1548; x_wconf 89' lang='lat' dir='ltr'>studeat</span> <span class='ocrx_word' id='word_1_499' title='bbox 2722 1492 2829 1548; x_wconf 89' lang='lat' dir='ltr'>hos</span> <span class='ocrx_word' id='word_1_500' title='bbox 2862 1492 2961 1565; x_wconf 89' lang='lat' dir='ltr'>qui</span> <span class='ocrx_word' id='word_1_501' title='bbox 2997 1491 3137 1548; x_wconf 82' lang='lat' dir='ltr'>toris</span> <span class='ocrx_word' id='word_1_502' title='bbox 3169 1495 3347 1564; x_wconf 87' lang='lat' dir='ltr'>atque</span> <span class='ocrx_word' id='word_1_503' title='bbox 3372 1491 3529 1547; x_wconf 92' lang='lat' dir='ltr'>intus</span> <span class='ocrx_word' id='word_1_504' title='bbox 3559 1497 3684 1547; x_wconf 90' lang='lat' dir='ltr'>sunt</span> <span class='ocrx_word' id='word_1_505' title='bbox 3706 1508 3783 1546; x_wconf 84' lang='lat' dir='ltr'>sa-</span> 
     </span>
    </p>
   </div>
   <div class='ocr_carea' id='block_1_75' title="bbox 2178 1581 2875 1638">
    <p class='ocr_par' dir='ltr' id='par_1_75' title="bbox 2178 1581 2875 1638">
     <span class='ocr_line' id='line_1_75' title="bbox 2178 1581 2875 1638; baseline 0 -2"><span class='ocrx_word' id='word_1_506' title='bbox 2178 1581 2506 1637; x_wconf 88' lang='lat' dir='ltr'>tisfactione</span> <span class='ocrx_word' id='word_1_507' title='bbox 2535 1581 2875 1638; x_wconf 83' lang='lat' dir='ltr'>certiﬁcare.</span> 
     </span>
    </p>
   </div>
   <div class='ocr_carea' id='block_1_76' title="bbox 2887 1688 3122 1744">
    <p class='ocr_par' dir='ltr' id='par_1_76' title="bbox 2887 1688 3122 1744">
     <span class='ocr_line' id='line_1_76' title="bbox 2887 1688 3122 1744; baseline 0.004 -1"><span class='ocrx_word' id='word_1_508' title='bbox 2887 1688 3122 1744; x_wconf 80' lang='lat' dir='ltr'>LXXVI.</span> 
     </span>
    </p>
   </div>
   <div class='ocr_carea' id='block_1_77' title="bbox 2411 1794 3583 1836">
    <p class='ocr_par' dir='ltr' id='par_1_77' title="bbox 2411 1794 3583 1836">
     <span class='ocr_line' id='line_1_77' title="bbox 2411 1794 3583 1836; baseline -0.002 -2"><span class='ocrx_word' id='word_1_509' title='bbox 2411 1796 2483 1834; x_wconf 80' lang='lat' dir='ltr'>AD</span> <span class='ocrx_word' id='word_1_510' title='bbox 2519 1794 2748 1835; x_wconf 76' lang='lat' dir='ltr'>CLERUM</span> <span class='ocrx_word' id='word_1_511' title='bbox 2788 1795 2855 1834; x_wconf 76' lang='grc' dir='ltr'>ετ</span> <span class='ocrx_word' id='word_1_512' title='bbox 2891 1795 3117 1833; x_wconf 80' lang='lat' dir='ltr'>PLEBEM</span> <span class='ocrx_word' id='word_1_513' title='bbox 3156 1794 3583 1836; x_wconf 59' lang='lat' dir='ltr'>SUESSIONICAH.‘</span> 
     </span>
    </p>
   </div>
   <div class='ocr_carea' id='block_1_78' title="bbox 2834 1869 3179 1937">
    <p class='ocr_par' dir='ltr' id='par_1_78' title="bbox 2834 1869 3179 1937">
     <span class='ocr_line' id='line_1_78' title="bbox 2834 1869 3179 1937; baseline 0 -14"><span class='ocrx_word' id='word_1_514' title='bbox 2834 1869 3020 1935; x_wconf 83' lang='lat' dir='ltr'>(Anno</span> <span class='ocrx_word' id='word_1_515' title='bbox 3049 1869 3179 1937; x_wconf 86' lang='lat'>865)</span> 
     </span>
    </p>
   </div>
   <div class='ocr_carea' id='block_1_79' title="bbox 2184 1955 3784 2084">
    <p class='ocr_par' dir='ltr' id='par_1_79' title="bbox 2184 1955 3784 2084">
     <span class='ocr_line' id='line_1_79' title="bbox 2184 1955 3784 2084; baseline -0.002 -71"><span class='ocrx_word' id='word_1_516' title='bbox 2184 1958 2245 2013; x_wconf 86' lang='lat' dir='ltr'>Ut</span> <span class='ocrx_word' id='word_1_517' title='bbox 2276 1958 2582 2013; x_wconf 76' lang='lat' dir='ltr'>restitutum</span> <span class='ocrx_word' id='word_1_518' title='bbox 2607 1959 2720 2014; x_wconf 77' lang='lat' dir='ltr'>sibi</span> <span class='ocrx_word' id='word_1_519' title='bbox 2748 1958 3055 2041; x_wconf 60' lang='lat' dir='ltr'>Rothadam</span> <span class='ocrx_word' id='word_1_520' title='bbox 3084 1959 3399 2084; x_wconf 62' lang='lat' dir='ltr'>episcopum</span> <span class='ocrx_word' id='word_1_521' title='bbox 3440 1958 3588 2013; x_wconf 80' lang='lat' dir='ltr'>omni</span> <span class='ocrx_word' id='word_1_522' title='bbox 3628 1955 3784 2028; x_wconf 69' lang='lat' dir='ltr'>affectu</span> 
     </span>
     <span class='ocr_line' id='line_1_80' title="bbox 2852 2046 3151 2084; baseline 0 0"><span class='ocrx_word' id='word_1_523' title='bbox 2852 2046 3107 2084; x_wconf 66' lang='lat' dir='ltr'>exczvzan</span> <span class='ocrx_word' id='word_1_524' title='bbox 3138 2071 3151 2083; x_wconf 91' lang='lat'>.</span> 
     </span>
    </p>
   </div>
   <div class='ocr_carea' id='block_1_80' title="bbox 2852 2046 3151 2101">
    <p class='ocr_par' dir='ltr' id='par_1_80' title="bbox 2852 2046 3151 2101">
     <span class='ocr_line' id='line_1_81' title="bbox 2852 2046 3151 2101; baseline 0 -17"><span class='ocrx_word' id='word_1_525' title='bbox 2852 2046 3151 2101; x_wconf 68' lang='lat' dir='ltr'>exczpzanz.</span> 
     </span>
    </p>
   </div>
   <div class='ocr_carea' id='block_1_81' title="bbox 2692 2117 3319 2191">
    <p class='ocr_par' dir='ltr' id='par_1_81' title="bbox 2692 2117 3319 2191">
     <span class='ocr_line' id='line_1_82' title="bbox 2692 2117 3319 2191; baseline 0 -18"><span class='ocrx_word' id='word_1_526' title='bbox 2692 2119 2860 2191; x_wconf 87' lang='lat' dir='ltr'>Apud</span> <span class='ocrx_word' id='word_1_527' title='bbox 2894 2117 3103 2185; x_wconf 87' lang='lat' dir='ltr'>Mansi,</span> <span class='ocrx_word' id='word_1_528' title='bbox 3136 2118 3319 2189; x_wconf 78' lang='lat' dir='ltr'>[ibid.]</span> 
     </span>
    </p>
   </div>
   <div class='ocr_carea' id='block_1_82' title="bbox 2251 2205 3415 2280">
    <p class='ocr_par' dir='ltr' id='par_1_82' title="bbox 2251 2205 3415 2280">
     <span class='ocr_line' id='line_1_83' title="bbox 2251 2205 3415 2280; baseline 0 -19"><span class='ocrx_word' id='word_1_529' title='bbox 2251 2206 2412 2263; x_wconf 88' lang='lat' dir='ltr'>Clero</span> <span class='ocrx_word' id='word_1_530' title='bbox 2441 2211 2498 2263; x_wconf 91' lang='lat' dir='ltr'>et</span> <span class='ocrx_word' id='word_1_531' title='bbox 2528 2206 2682 2280; x_wconf 91' lang='lat' dir='ltr'>plebi</span> <span class='ocrx_word' id='word_1_532' title='bbox 2713 2207 3056 2263; x_wconf 87' lang='lat' dir='ltr'>consistenti</span> <span class='ocrx_word' id='word_1_533' title='bbox 3088 2205 3415 2263; x_wconf 89' lang='lat' dir='ltr'>Suessioni.</span> 
     </span>
    </p>
   </div>
   <div class='ocr_carea' id='block_1_83' title="bbox 2251 2296 3785 2369">
    <p class='ocr_par' dir='ltr' id='par_1_83' title="bbox 2251 2296 3785 2369">
     <span class='ocr_line' id='line_1_84' title="bbox 2251 2296 3785 2369; baseline -0.003 -17"><span class='ocrx_word' id='word_1_534' title='bbox 2251 2296 2415 2352; x_wconf 91' lang='lat' dir='ltr'>Sicut</span> <span class='ocrx_word' id='word_1_535' title='bbox 2446 2296 2705 2369; x_wconf 91' lang='lat' dir='ltr'>priorum</span> <span class='ocrx_word' id='word_1_536' title='bbox 2737 2300 3049 2369; x_wconf 91' lang='lat' dir='ltr'>parentum</span> <span class='ocrx_word' id='word_1_537' title='bbox 3071 2300 3159 2352; x_wconf 90' lang='lat' dir='ltr'>est</span> <span class='ocrx_word' id='word_1_538' title='bbox 3179 2297 3252 2351; x_wconf 90' lang='lat' dir='ltr'>de</span> <span class='ocrx_word' id='word_1_539' title='bbox 3280 2296 3528 2351; x_wconf 85' lang='lat' dir='ltr'>orbitate</span> <span class='ocrx_word' id='word_1_540' title='bbox 3556 2298 3785 2350; x_wconf 88' lang='lat' dir='ltr'>natorum</span> 
     </span>
    </p>
   </div>
   <div class='ocr_carea' id='block_1_84' title="bbox 2182 2380 3784 2459">
    <p class='ocr_par' dir='ltr' id='par_1_84' title="bbox 2182 2380 3784 2459">
     <span class='ocr_line' id='line_1_85' title="bbox 2182 2380 3784 2459; baseline -0.001 -20"><span class='ocrx_word' id='word_1_541' title='bbox 2182 2384 2297 2440; x_wconf 90' lang='lat' dir='ltr'>acri</span> <span class='ocrx_word' id='word_1_542' title='bbox 2324 2384 2488 2441; x_wconf 89' lang='lat' dir='ltr'>valde</span> <span class='ocrx_word' id='word_1_543' title='bbox 2518 2384 2934 2442; x_wconf 89' lang='lat' dir='ltr'>lamentatione</span> <span class='ocrx_word' id='word_1_544' title='bbox 2975 2384 3196 2459; x_wconf 89' lang='lat' dir='ltr'>lugere,</span> <span class='ocrx_word' id='word_1_545' title='bbox 3247 2385 3335 2441; x_wconf 90' lang='lat' dir='ltr'>ita</span> <span class='ocrx_word' id='word_1_546' title='bbox 3381 2385 3697 2441; x_wconf 89' lang='lat' dir='ltr'>devotorum</span> <span class='ocrx_word' id='word_1_547' title='bbox 3733 2380 3784 2437; x_wconf 86' lang='lat' dir='ltr'><strong>ﬁ-</strong></span> 
     </span>
    </p>
   </div>
   <div class='ocr_carea' id='block_1_85' title="bbox 2179 2470 3786 2548">
    <p class='ocr_par' dir='ltr' id='par_1_85' title="bbox 2179 2470 3786 2548">
     <span class='ocr_line' id='line_1_86' title="bbox 2179 2470 3786 2548; baseline -0.002 -20"><span class='ocrx_word' id='word_1_548' title='bbox 2179 2473 2393 2531; x_wconf 90' lang='lat' dir='ltr'>liorum</span> <span class='ocrx_word' id='word_1_549' title='bbox 2426 2474 2727 2547; x_wconf 90' lang='lat' dir='ltr'>proprium</span> <span class='ocrx_word' id='word_1_550' title='bbox 2750 2479 2840 2531; x_wconf 90' lang='lat' dir='ltr'>est</span> <span class='ocrx_word' id='word_1_551' title='bbox 2860 2476 2929 2531; x_wconf 91' lang='lat' dir='ltr'>de</span> <span class='ocrx_word' id='word_1_552' title='bbox 2951 2475 3136 2548; x_wconf 88' lang='lat' dir='ltr'>patris</span> <span class='ocrx_word' id='word_1_553' title='bbox 3162 2473 3485 2530; x_wconf 89' lang='lat' dir='ltr'>amissione</span> <span class='ocrx_word' id='word_1_554' title='bbox 3504 2470 3786 2529; x_wconf 85' lang='lat' dir='ltr'>vehementi</span> 
     </span>
    </p>
   </div>
   <div class='ocr_carea' id='block_1_86' title="bbox 2183 2560 3785 2635">
    <p class='ocr_par' dir='ltr' id='par_1_86' title="bbox 2183 2560 3785 2635">
     <span class='ocr_line' id='line_1_87' title="bbox 2183 2560 3785 2635; baseline -0.002 -16"><span class='ocrx_word' id='word_1_555' title='bbox 2183 2580 2429 2619; x_wconf 61' lang='lat' dir='ltr'>maerore</span> <span class='ocrx_word' id='word_1_556' title='bbox 2458 2565 2610 2619; x_wconf 81' lang='lat' dir='ltr'>afﬁci</span> <span class='ocrx_word' id='word_1_557' title='bbox 2646 2568 2703 2620; x_wconf 91' lang='lat' dir='ltr'>et</span> <span class='ocrx_word' id='word_1_558' title='bbox 2731 2565 2936 2620; x_wconf 91' lang='lat' dir='ltr'>ardore</span> <span class='ocrx_word' id='word_1_559' title='bbox 2960 2563 3149 2619; x_wconf 89' lang='lat' dir='ltr'>valido</span> <span class='ocrx_word' id='word_1_560' title='bbox 3170 2563 3423 2619; x_wconf 90' lang='lat' dir='ltr'>cruciari</span> <span class='ocrx_word' id='word_1_561' title='bbox 3451 2581 3463 2631; x_wconf 89' lang='lat'>;</span> <span class='ocrx_word' id='word_1_562' title='bbox 3496 2579 3559 2618; x_wconf 89' lang='lat' dir='ltr'>ac</span> <span class='ocrx_word' id='word_1_563' title='bbox 3587 2578 3678 2635; x_wconf 90' lang='lat' dir='ltr'>per</span> <span class='ocrx_word' id='word_1_564' title='bbox 3700 2560 3785 2615; x_wconf 85' lang='lat' dir='ltr'>hoc</span> 
     </span>
    </p>
   </div>
   <div class='ocr_carea' id='block_1_87' title="bbox 2182 2653 3788 2726">
    <p class='ocr_par' dir='ltr' id='par_1_87' title="bbox 2182 2653 3788 2726">
     <span class='ocr_line' id='line_1_88' title="bbox 2182 2653 3788 2726; baseline -0.002 -18"><span class='ocrx_word' id='word_1_565' title='bbox 2182 2657 2385 2708; x_wconf 88' lang='lat' dir='ltr'>contra</span> <span class='ocrx_word' id='word_1_566' title='bbox 2412 2658 2684 2709; x_wconf 89' lang='lat' dir='ltr'>naturam</span> <span class='ocrx_word' id='word_1_567' title='bbox 2717 2653 3151 2726; x_wconf 91' lang='lat' dir='ltr'>quodammodo</span> <span class='ocrx_word' id='word_1_568' title='bbox 3182 2653 3406 2726; x_wconf 89' lang='lat' dir='ltr'>agitur,</span> <span class='ocrx_word' id='word_1_569' title='bbox 3439 2653 3488 2707; x_wconf 90' lang='lat' dir='ltr'>si</span> <span class='ocrx_word' id='word_1_570' title='bbox 3531 2667 3638 2707; x_wconf 89' lang='lat' dir='ltr'>una</span> <span class='ocrx_word' id='word_1_571' title='bbox 3680 2665 3788 2723; x_wconf 80' lang='lat' dir='ltr'>pars</span> 
     </span>
    </p>
   </div>
   <div class='ocr_carea' id='block_1_88' title="bbox 2184 2736 3786 2815">
    <p class='ocr_par' dir='ltr' id='par_1_88' title="bbox 2184 2736 3786 2815">
     <span class='ocr_line' id='line_1_89' title="bbox 2184 2736 3786 2815; baseline -0.002 -18"><span class='ocrx_word' id='word_1_572' title='bbox 2184 2740 2309 2797; x_wconf 92' lang='lat' dir='ltr'>sine</span> <span class='ocrx_word' id='word_1_573' title='bbox 2340 2741 2580 2798; x_wconf 88' lang='lat' dir='ltr'>alterius</span> <span class='ocrx_word' id='word_1_574' title='bbox 2608 2742 2793 2815; x_wconf 90' lang='lat' dir='ltr'>partis</span> <span class='ocrx_word' id='word_1_575' title='bbox 2823 2742 3098 2799; x_wconf 85' lang='lat' dir='ltr'>societate</span> <span class='ocrx_word' id='word_1_576' title='bbox 3129 2741 3405 2798; x_wconf 84' lang='lat' dir='ltr'>anxietnr</span> <span class='ocrx_word' id='word_1_577' title='bbox 3424 2745 3481 2796; x_wconf 90' lang='lat' dir='ltr'>et</span> <span class='ocrx_word' id='word_1_578' title='bbox 3498 2736 3786 2796; x_wconf 86' lang='lat' dir='ltr'>doleat.Sed</span> 
     </span>
    </p>
   </div>
   <div class='ocr_carea' id='block_1_89' title="bbox 2183 2829 3787 2900">
    <p class='ocr_par' dir='ltr' id='par_1_89' title="bbox 2183 2829 3787 2900">
     <span class='ocr_line' id='line_1_90' title="bbox 2183 2829 3787 2900; baseline -0.002 -16"><span class='ocrx_word' id='word_1_579' title='bbox 2183 2830 2242 2885; x_wconf 90' lang='lat' dir='ltr'>in</span> <span class='ocrx_word' id='word_1_580' title='bbox 2276 2829 2385 2887; x_wconf 89' lang='lat' dir='ltr'>hoc</span> <span class='ocrx_word' id='word_1_581' title='bbox 2415 2848 2535 2900; x_wconf 89' lang='lat' dir='ltr'>vos,</span> <span class='ocrx_word' id='word_1_582' title='bbox 2570 2831 2900 2887; x_wconf 89' lang='lat' dir='ltr'>charissimi</span> <span class='ocrx_word' id='word_1_583' title='bbox 2934 2830 3059 2899; x_wconf 83' lang='lat' dir='ltr'>ﬁlii,</span> <span class='ocrx_word' id='word_1_584' title='bbox 3093 2831 3248 2887; x_wconf 89' lang='lat' dir='ltr'>sicut</span> <span class='ocrx_word' id='word_1_585' title='bbox 3276 2831 3352 2886; x_wconf 89' lang='lat' dir='ltr'>de</span> <span class='ocrx_word' id='word_1_586' title='bbox 3381 2829 3541 2886; x_wconf 88' lang='lat' dir='ltr'>vobis</span> <span class='ocrx_word' id='word_1_587' title='bbox 3562 2830 3787 2899; x_wconf 80' lang='lat' dir='ltr'>frequens</span> 
     </span>
    </p>
   </div>
   <div class='ocr_carea' id='block_1_90' title="bbox 2185 2916 3786 2993">
    <p class='ocr_par' dir='ltr' id='par_1_90' title="bbox 2185 2916 3786 2993">
     <span class='ocr_line' id='line_1_91' title="bbox 2185 2916 3786 2993; baseline -0.003 -19"><span class='ocrx_word' id='word_1_588' title='bbox 2185 2924 2383 2975; x_wconf 90' lang='lat' dir='ltr'>narrat</span> <span class='ocrx_word' id='word_1_589' title='bbox 2410 2919 2628 2992; x_wconf 90' lang='lat' dir='ltr'>opinio,</span> <span class='ocrx_word' id='word_1_590' title='bbox 2665 2937 3023 2993; x_wconf 88' lang='lat' dir='ltr'>nequaqum,</span> <span class='ocrx_word' id='word_1_591' title='bbox 3058 2925 3169 2976; x_wconf 88' lang='lat' dir='ltr'>Deo</span> <span class='ocrx_word' id='word_1_592' title='bbox 3208 2919 3455 2992; x_wconf 85' lang='lat' dir='ltr'>gratias,</span> <span class='ocrx_word' id='word_1_593' title='bbox 3489 2916 3682 2991; x_wconf 85' lang='lat' dir='ltr'>frigidi,</span> <span class='ocrx_word' id='word_1_594' title='bbox 3709 2930 3786 2971; x_wconf 87' lang='lat' dir='ltr'>ne-</span> 
     </span>
    </p>
   </div>
   <div class='ocr_carea' id='block_1_91' title="bbox 2184 3004 3788 3083">
    <p class='ocr_par' dir='ltr' id='par_1_91' title="bbox 2184 3004 3788 3083">
     <span class='ocr_line' id='line_1_92' title="bbox 2184 3004 3788 3083; baseline -0.004 -19"><span class='ocrx_word' id='word_1_595' title='bbox 2184 3025 2480 3081; x_wconf 87' lang='lat' dir='ltr'>quaquam</span> <span class='ocrx_word' id='word_1_596' title='bbox 2511 3009 2821 3066; x_wconf 78' lang='lat' dir='ltr'>exstitistis</span> <span class='ocrx_word' id='word_1_597' title='bbox 2840 3009 3075 3083; x_wconf 89' lang='lat' dir='ltr'>ingrati.</span> <span class='ocrx_word' id='word_1_598' title='bbox 3100 3009 3371 3081; x_wconf 91' lang='lat' dir='ltr'>Denique</span> <span class='ocrx_word' id='word_1_599' title='bbox 3392 3007 3583 3064; x_wconf 91' lang='lat' dir='ltr'>nullus</span> <span class='ocrx_word' id='word_1_600' title='bbox 3602 3004 3788 3061; x_wconf 79' lang='lat' dir='ltr'>dubitat</span> 
     </span>
    </p>
   </div>
   <div class='ocr_carea' id='block_1_92' title="bbox 2186 3094 3787 3171">
    <p class='ocr_par' dir='ltr' id='par_1_92' title="bbox 2186 3094 3787 3171">
     <span class='ocr_line' id='line_1_93' title="bbox 2186 3094 3787 3171; baseline -0.005 -17"><span class='ocrx_word' id='word_1_601' title='bbox 2186 3115 2335 3169; x_wconf 85' lang='lat' dir='ltr'>quas</span> <span class='ocrx_word' id='word_1_602' title='bbox 2366 3099 2590 3155; x_wconf 90' lang='lat' dir='ltr'>devotio</span> <span class='ocrx_word' id='word_1_603' title='bbox 2611 3103 2822 3167; x_wconf 88' lang='lat' dir='ltr'>vestra,</span> <span class='ocrx_word' id='word_1_604' title='bbox 2843 3098 3076 3171; x_wconf 91' lang='lat' dir='ltr'>proprio</span> <span class='ocrx_word' id='word_1_605' title='bbox 3106 3098 3395 3154; x_wconf 87' lang='lat' dir='ltr'>destituta</span> <span class='ocrx_word' id='word_1_606' title='bbox 3413 3094 3787 3171; x_wconf 59' lang='lat' dir='ltr'>praesidiojpsa</span> 
     </span>
    </p>
   </div>
   <div class='ocr_carea' id='block_1_93' title="bbox 2105 3171 3783 3261">
    <p class='ocr_par' dir='ltr' id='par_1_93' title="bbox 2105 3171 3783 3261">
     <span class='ocr_line' id='line_1_94' title="bbox 2105 3171 3783 3261; baseline -0.002 -20"><span class='ocrx_word' id='word_1_607' title='bbox 2105 3171 2150 3241; x_wconf 83' lang='lat' dir='ltr'><strong>C</strong></span> <span class='ocrx_word' id='word_1_608' title='bbox 2185 3192 2471 3260; x_wconf 83' lang='lat' dir='ltr'>quantum</span> <span class='ocrx_word' id='word_1_609' title='bbox 2502 3190 2572 3244; x_wconf 87' lang='lat' dir='ltr'>ad</span> <span class='ocrx_word' id='word_1_610' title='bbox 2604 3188 2903 3245; x_wconf 88' lang='lat' dir='ltr'>hominem</span> <span class='ocrx_word' id='word_1_611' title='bbox 2928 3187 3176 3261; x_wconf 90' lang='lat' dir='ltr'>pertinet</span> <span class='ocrx_word' id='word_1_612' title='bbox 3204 3187 3472 3261; x_wconf 84' lang='lat' dir='ltr'>orphans</span> <span class='ocrx_word' id='word_1_613' title='bbox 3504 3198 3783 3247; x_wconf 85' lang='lat' dir='ltr'>remanens,</span> 
     </span>
    </p>
   </div>
   <div class='ocr_carea' id='block_1_94' title="bbox 2182 3270 3784 3351">
    <p class='ocr_par' dir='ltr' id='par_1_94' title="bbox 2182 3270 3784 3351">
     <span class='ocr_line' id='line_1_95' title="bbox 2182 3270 3784 3351; baseline -0.005 -19"><span class='ocrx_word' id='word_1_614' title='bbox 2182 3277 2373 3333; x_wconf 89' lang='lat' dir='ltr'>varias</span> <span class='ocrx_word' id='word_1_615' title='bbox 2397 3283 2453 3333; x_wconf 91' lang='lat' dir='ltr'>et</span> <span class='ocrx_word' id='word_1_616' title='bbox 2475 3277 2808 3351; x_wconf 91' lang='lat' dir='ltr'>multipices</span> <span class='ocrx_word' id='word_1_617' title='bbox 2838 3277 3201 3334; x_wconf 84' lang='lat' dir='ltr'>calamitates</span> <span class='ocrx_word' id='word_1_618' title='bbox 3229 3276 3555 3349; x_wconf 89' lang='lat' dir='ltr'>pertulerit.</span> <span class='ocrx_word' id='word_1_619' title='bbox 3586 3274 3681 3329; x_wconf 89' lang='lat' dir='ltr'>Sed</span> <span class='ocrx_word' id='word_1_620' title='bbox 3712 3270 3784 3325; x_wconf 85' lang='lat' dir='ltr'>ille</span> 
     </span>
    </p>
   </div>
   <div class='ocr_carea' id='block_1_95' title="bbox 2183 3366 3785 3440">
    <p class='ocr_par' dir='ltr' id='par_1_95' title="bbox 2183 3366 3785 3440">
     <span class='ocr_line' id='line_1_96' title="bbox 2183 3366 3785 3440; baseline -0.004 -19"><span class='ocrx_word' id='word_1_621' title='bbox 2183 3366 2281 3437; x_wconf 90' lang='lat' dir='ltr'>qui</span> <span class='ocrx_word' id='word_1_622' title='bbox 2316 3366 2587 3424; x_wconf 83' lang='lat' dir='ltr'>fidelibus</span> <span class='ocrx_word' id='word_1_623' title='bbox 2617 3366 2921 3440; x_wconf 91' lang='lat' dir='ltr'>discipulis</span> <span class='ocrx_word' id='word_1_624' title='bbox 2951 3367 3119 3435; x_wconf 82' lang='lat' dir='ltr'>dixit,</span> <span class='ocrx_word' id='word_1_625' title='bbox 3140 3369 3261 3423; x_wconf 87' lang='lat' dir='ltr'>Non</span> <span class='ocrx_word' id='word_1_626' title='bbox 3296 3368 3599 3438; x_wconf 80' lang='lat' dir='ltr'>relinquam</span> <span class='ocrx_word' id='word_1_627' title='bbox 3623 3378 3698 3418; x_wconf 77' lang='lat' dir='ltr'>vos</span> <span class='ocrx_word' id='word_1_628' title='bbox 3720 3376 3785 3415; x_wconf 87' lang='lat' dir='ltr'>or-</span> 
     </span>
    </p>
   </div>
   <div class='ocr_carea' id='block_1_96' title="bbox 2176 3450 3783 3529">
    <p class='ocr_par' dir='ltr' id='par_1_96' title="bbox 2176 3450 3783 3529">
     <span class='ocr_line' id='line_1_97' title="bbox 2176 3450 3783 3529; baseline -0.004 -20"><span class='ocrx_word' id='word_1_629' title='bbox 2176 3455 2389 3527; x_wconf 82' lang='lat' dir='ltr'>phanos</span> <span class='ocrx_word' id='word_1_630' title='bbox 2416 3459 2607 3525; x_wconf 87' lang='lat' dir='ltr'>(Joan.</span> <span class='ocrx_word' id='word_1_631' title='bbox 2640 3461 2777 3525; x_wconf 78' lang='lat' dir='ltr'>xw),</span> <span class='ocrx_word' id='word_1_632' title='bbox 2810 3474 2925 3512; x_wconf 90' lang='lat' dir='ltr'>non</span> <span class='ocrx_word' id='word_1_633' title='bbox 2962 3456 3153 3513; x_wconf 90' lang='lat' dir='ltr'>solum</span> <span class='ocrx_word' id='word_1_634' title='bbox 3186 3456 3464 3529; x_wconf 74' lang='lat' dir='ltr'>praesenti</span> <span class='ocrx_word' id='word_1_635' title='bbox 3496 3470 3597 3509; x_wconf 91' lang='lat' dir='ltr'>sua</span> <span class='ocrx_word' id='word_1_636' title='bbox 3640 3450 3783 3520; x_wconf 84' lang='lat' dir='ltr'>maje-</span> 
     </span>
    </p>
   </div>
   <div class='ocr_carea' id='block_1_97' title="bbox 2182 3539 3787 3618">
    <p class='ocr_par' dir='ltr' id='par_1_97' title="bbox 2182 3539 3787 3618">
     <span class='ocr_line' id='line_1_98' title="bbox 2182 3539 3787 3618; baseline -0.006 -18"><span class='ocrx_word' id='word_1_637' title='bbox 2182 3548 2331 3600; x_wconf 86' lang='lat' dir='ltr'>state</span> <span class='ocrx_word' id='word_1_638' title='bbox 2361 3546 2629 3616; x_wconf 79' lang='lat' dir='ltr'>protexit,</span> <span class='ocrx_word' id='word_1_639' title='bbox 2664 3545 2762 3601; x_wconf 90' lang='lat' dir='ltr'>sed</span> <span class='ocrx_word' id='word_1_640' title='bbox 2794 3545 2969 3601; x_wconf 90' lang='lat' dir='ltr'>etiam</span> <span class='ocrx_word' id='word_1_641' title='bbox 3001 3545 3271 3618; x_wconf 87' lang='lat' dir='ltr'>prepitia,</span> <span class='ocrx_word' id='word_1_642' title='bbox 3326 3561 3444 3617; x_wconf 90' lang='lat' dir='ltr'>quo</span> <span class='ocrx_word' id='word_1_643' title='bbox 3491 3539 3704 3599; x_wconf 86' lang='lat' dir='ltr'>desolati</span> <span class='ocrx_word' id='word_1_644' title='bbox 3743 3539 3787 3590; x_wconf 84' lang='lat' dir='ltr'>et</span> 
     </span>
    </p>
   </div>
   <div class='ocr_carea' id='block_1_98' title="bbox 2181 3633 3783 3707">
    <p class='ocr_par' dir='ltr' id='par_1_98' title="bbox 2181 3633 3783 3707">
     <span class='ocr_line' id='line_1_99' title="bbox 2181 3633 3783 3707; baseline -0.007 -19"><span class='ocrx_word' id='word_1_645' title='bbox 2181 3633 2445 3689; x_wconf 85' lang='lat' dir='ltr'>destituti</span> <span class='ocrx_word' id='word_1_646' title='bbox 2466 3634 2665 3703; x_wconf 89' lang='lat' dir='ltr'>eratis,</span> <span class='ocrx_word' id='word_1_647' title='bbox 2687 3651 2791 3707; x_wconf 91' lang='lat' dir='ltr'>pro</span> <span class='ocrx_word' id='word_1_648' title='bbox 2813 3652 2921 3690; x_wconf 90' lang='lat' dir='ltr'>sua</span> <span class='ocrx_word' id='word_1_649' title='bbox 2947 3633 3243 3691; x_wconf 88' lang='lat' dir='ltr'>redonavit</span> <span class='ocrx_word' id='word_1_650' title='bbox 3263 3635 3490 3706; x_wconf 83' lang='lat' dir='ltr'>pietate</span> <span class='ocrx_word' id='word_1_651' title='bbox 3508 3634 3783 3687; x_wconf 88' lang='lat' dir='ltr'>rectorem:</span> 
     </span>
    </p>
   </div>
   <div class='ocr_carea' id='block_1_99' title="bbox 2181 3722 3785 3796">
    <p class='ocr_par' dir='ltr' id='par_1_99' title="bbox 2181 3722 3785 3796">
     <span class='ocr_line' id='line_1_100' title="bbox 2181 3722 3785 3796; baseline -0.006 -18"><span class='ocrx_word' id='word_1_652' title='bbox 2181 3723 2351 3779; x_wconf 90' lang='lat' dir='ltr'>nobis</span> <span class='ocrx_word' id='word_1_653' title='bbox 2373 3723 2719 3796; x_wconf 91' lang='lat' dir='ltr'>scilicet,qui</span> <span class='ocrx_word' id='word_1_654' title='bbox 2742 3724 2802 3780; x_wconf 92' lang='lat' dir='ltr'>in</span> <span class='ocrx_word' id='word_1_655' title='bbox 2824 3742 2890 3780; x_wconf 92' lang='lat' dir='ltr'>eo</span> <span class='ocrx_word' id='word_1_656' title='bbox 2909 3722 3179 3791; x_wconf 90' lang='lat' dir='ltr'>vivimus,</span> <span class='ocrx_word' id='word_1_657' title='bbox 3199 3739 3510 3779; x_wconf 82' lang='lat' dir='ltr'>movemur</span> <span class='ocrx_word' id='word_1_658' title='bbox 3527 3725 3581 3776; x_wconf 91' lang='lat' dir='ltr'>et</span> <span class='ocrx_word' id='word_1_659' title='bbox 3599 3728 3785 3780; x_wconf 83' lang='lat' dir='ltr'>sumus,</span> 
     </span>
    </p>
   </div>
   <div class='ocr_carea' id='block_1_100' title="bbox 2182 3802 3790 3869">
    <p class='ocr_par' dir='ltr' id='par_1_100' title="bbox 2182 3802 3790 3869">
     <span class='ocr_line' id='line_1_101' title="bbox 2182 3802 3790 3869; baseline -0.007 -2"><span class='ocrx_word' id='word_1_660' title='bbox 2182 3813 2253 3867; x_wconf 88' lang='lat' dir='ltr'>ad</span> <span class='ocrx_word' id='word_1_661' title='bbox 2276 3829 2411 3867; x_wconf 91' lang='lat' dir='ltr'>eum</span> <span class='ocrx_word' id='word_1_662' title='bbox 2434 3812 2597 3867; x_wconf 85' lang='lat' dir='ltr'>vobis</span> <span class='ocrx_word' id='word_1_663' title='bbox 2619 3814 2985 3869; x_wconf 86' lang='lat' dir='ltr'>reddendum</span> <span class='ocrx_word' id='word_1_664' title='bbox 3015 3816 3163 3868; x_wconf 90' lang='lat' dir='ltr'>nutu</span> <span class='ocrx_word' id='word_1_665' title='bbox 3194 3828 3319 3867; x_wconf 77' lang='lat' dir='ltr'>suae</span> <span class='ocrx_word' id='word_1_666' title='bbox 3343 3805 3711 3867; x_wconf 90' lang='lat' dir='ltr'>miserationis</span> <span class='ocrx_word' id='word_1_667' title='bbox 3725 3802 3790 3857; x_wconf 84' lang='lat' dir='ltr'>in-</span> 
     </span>
    </p>
   </div>
   <div class='ocr_carea' id='block_1_101' title="bbox 2182 3892 3788 3974">
    <p class='ocr_par' dir='ltr' id='par_1_101' title="bbox 2182 3892 3788 3974">
     <span class='ocr_line' id='line_1_102' title="bbox 2182 3892 3788 3974; baseline -0.006 -19"><span class='ocrx_word' id='word_1_668' title='bbox 2182 3901 2362 3956; x_wconf 92' lang='lat' dir='ltr'>terius</span> <span class='ocrx_word' id='word_1_669' title='bbox 2393 3901 2690 3973; x_wconf 89' lang='lat' dir='ltr'>imperans</span> <span class='ocrx_word' id='word_1_670' title='bbox 2711 3907 2769 3957; x_wconf 90' lang='lat' dir='ltr'>et</span> <span class='ocrx_word' id='word_1_671' title='bbox 2787 3906 3183 3974; x_wconf 90' lang='lat' dir='ltr'>competenter</span> <span class='ocrx_word' id='word_1_672' title='bbox 3202 3901 3503 3957; x_wconf 88' lang='lat' dir='ltr'>erudiens.</span> <span class='ocrx_word' id='word_1_673' title='bbox 3518 3900 3650 3954; x_wconf 86' lang='lat' dir='ltr'>Ecce</span> <span class='ocrx_word' id='word_1_674' title='bbox 3665 3892 3788 3949; x_wconf 88' lang='lat' dir='ltr'>enim</span> 
     </span>
    </p>
   </div>
   <div class='ocr_carea' id='block_1_102' title="bbox 2178 3982 3793 4060">
    <p class='ocr_par' dir='ltr' id='par_1_102' title="bbox 2178 3982 3793 4060">
     <span class='ocr_line' id='line_1_103' title="bbox 2178 3982 3793 4060; baseline -0.008 -14"><span class='ocrx_word' id='word_1_675' title='bbox 2178 3990 2566 4046; x_wconf 89' lang='lat' dir='ltr'>venerabilem</span> <span class='ocrx_word' id='word_1_676' title='bbox 2597 3991 2787 4047; x_wconf 92' lang='lat' dir='ltr'>virum</span> <span class='ocrx_word' id='word_1_677' title='bbox 2820 3992 3172 4060; x_wconf 82' lang='lat' dir='ltr'>Rothadum,</span> <span class='ocrx_word' id='word_1_678' title='bbox 3209 3990 3452 4046; x_wconf 89' lang='lat' dir='ltr'>fratrem</span> <span class='ocrx_word' id='word_1_679' title='bbox 3484 3990 3723 4043; x_wconf 89' lang='lat' dir='ltr'>nostrum</span> <span class='ocrx_word' id='word_1_680' title='bbox 3747 3982 3793 4034; x_wconf 82' lang='lat' dir='ltr'>et</span> 
     </span>
    </p>
   </div>
   <div class='ocr_carea' id='block_1_103' title="bbox 2179 4080 3793 4153">
    <p class='ocr_par' dir='ltr' id='par_1_103' title="bbox 2179 4080 3793 4153">
     <span class='ocr_line' id='line_1_104' title="bbox 2179 4080 3793 4153; baseline -0.003 -18"><span class='ocrx_word' id='word_1_681' title='bbox 2179 4080 2590 4153; x_wconf 91' lang='lat' dir='ltr'>coepiscopum</span> <span class='ocrx_word' id='word_1_682' title='bbox 2623 4085 2914 4149; x_wconf 91' lang='lat' dir='ltr'>nostrum,</span> <span class='ocrx_word' id='word_1_683' title='bbox 2936 4085 3199 4136; x_wconf 90' lang='lat' dir='ltr'>vestrum</span> <span class='ocrx_word' id='word_1_684' title='bbox 3233 4083 3435 4135; x_wconf 90' lang='lat' dir='ltr'>autem</span> <span class='ocrx_word' id='word_1_685' title='bbox 3463 4081 3690 4150; x_wconf 86' lang='lat' dir='ltr'>patrem,</span> <span class='ocrx_word' id='word_1_686' title='bbox 3718 4084 3793 4142; x_wconf 71' lang='lat' dir='ltr'>p8-</span> 
     </span>
    </p>
   </div>
   <div class='ocr_carea' id='block_1_104' title="bbox 2181 4161 3790 4243">
    <p class='ocr_par' dir='ltr' id='par_1_104' title="bbox 2181 4161 3790 4243">
     <span class='ocr_line' id='line_1_105' title="bbox 2181 4161 3790 4243; baseline -0.008 -19"><span class='ocrx_word' id='word_1_687' title='bbox 2181 4173 2395 4225; x_wconf 88' lang='lat' dir='ltr'>slorem</span> <span class='ocrx_word' id='word_1_688' title='bbox 2415 4174 2588 4242; x_wconf 84' lang='lat' dir='ltr'>atque</span> <span class='ocrx_word' id='word_1_689' title='bbox 2608 4169 3158 4243; x_wconf 84' lang='lat' dir='ltr'>magistrum,cujus</span> <span class='ocrx_word' id='word_1_690' title='bbox 3173 4168 3353 4241; x_wconf 87' lang='lat' dir='ltr'>longa</span> <span class='ocrx_word' id='word_1_691' title='bbox 3366 4168 3494 4239; x_wconf 86' lang='lat' dir='ltr'>jam</span> <span class='ocrx_word' id='word_1_692' title='bbox 3511 4161 3790 4222; x_wconf 87' lang='lat' dir='ltr'>eruditione</span> 
     </span>
    </p>
   </div>
   <div class='ocr_carea' id='block_1_105' title="bbox 2180 4248 3787 4331">
    <p class='ocr_par' dir='ltr' id='par_1_105' title="bbox 2180 4248 3787 4331">
     <span class='ocr_line' id='line_1_106' title="bbox 2180 4248 3787 4331; baseline -0.004 -20"><span class='ocrx_word' id='word_1_693' title='bbox 2180 4257 2473 4324; x_wconf 90' lang='lat' dir='ltr'>instructi,</span> <span class='ocrx_word' id='word_1_694' title='bbox 2505 4260 2674 4331; x_wconf 90' lang='lat' dir='ltr'>cujus</span> <span class='ocrx_word' id='word_1_695' title='bbox 2704 4259 2843 4313; x_wconf 92' lang='lat' dir='ltr'>olim</span> <span class='ocrx_word' id='word_1_696' title='bbox 2875 4258 3025 4313; x_wconf 91' lang='lat' dir='ltr'>sacri</span> <span class='ocrx_word' id='word_1_697' title='bbox 3050 4256 3208 4313; x_wconf 91' lang='lat' dir='ltr'>verbi</span> <span class='ocrx_word' id='word_1_698' title='bbox 3241 4274 3394 4329; x_wconf 87' lang='lat' dir='ltr'>pane</span> <span class='ocrx_word' id='word_1_699' title='bbox 3426 4252 3632 4319; x_wconf 89' lang='lat' dir='ltr'>refecti,</span> <span class='ocrx_word' id='word_1_700' title='bbox 3652 4248 3787 4318; x_wconf 69' lang='lat' dir='ltr'>cujus</span> 
     </span>
    </p>
   </div>
   <div class='ocr_carea' id='block_1_106' title="bbox 2180 4337 3787 4420">
    <p class='ocr_par' dir='ltr' id='par_1_106' title="bbox 2180 4337 3787 4420">
     <span class='ocr_line' id='line_1_107' title="bbox 2180 4337 3787 4420; baseline -0.003 -20"><span class='ocrx_word' id='word_1_701' title='bbox 2180 4346 2475 4403; x_wconf 90' lang='lat' dir='ltr'>diuturnis</span> <span class='ocrx_word' id='word_1_702' title='bbox 2516 4347 2820 4403; x_wconf 89' lang='lat' dir='ltr'>laboribus</span> <span class='ocrx_word' id='word_1_703' title='bbox 2870 4352 2925 4403; x_wconf 91' lang='lat' dir='ltr'>et</span> <span class='ocrx_word' id='word_1_704' title='bbox 2972 4346 3188 4420; x_wconf 89' lang='lat' dir='ltr'>vigiliis</span> <span class='ocrx_word' id='word_1_705' title='bbox 3230 4342 3621 4415; x_wconf 88' lang='lat' dir='ltr'>circumsepti,</span> <span class='ocrx_word' id='word_1_706' title='bbox 3650 4337 3787 4407; x_wconf 68' lang='lat' dir='ltr'>cujus</span> 
     </span>
    </p>
   </div>
   <div class='ocr_carea' id='block_1_107' title="bbox 2180 4422 3782 4509">
    <p class='ocr_par' dir='ltr' id='par_1_107' title="bbox 2180 4422 3782 4509">
     <span class='ocr_line' id='line_1_108' title="bbox 2180 4422 3782 4509; baseline -0.002 -19"><span class='ocrx_word' id='word_1_707' title='bbox 2180 4435 2514 4509; x_wconf 86' lang='lat' dir='ltr'>magisterio</span> <span class='ocrx_word' id='word_1_708' title='bbox 2563 4441 2619 4492; x_wconf 91' lang='lat' dir='ltr'>et</span> <span class='ocrx_word' id='word_1_709' title='bbox 2666 4436 2931 4493; x_wconf 90' lang='lat' dir='ltr'>doctrina</span> <span class='ocrx_word' id='word_1_710' title='bbox 2978 4441 3091 4492; x_wconf 91' lang='lat' dir='ltr'>Deo</span> <span class='ocrx_word' id='word_1_711' title='bbox 3137 4434 3279 4491; x_wconf 89' lang='lat' dir='ltr'>estis</span> <span class='ocrx_word' id='word_1_712' title='bbox 3330 4439 3563 4490; x_wconf 86' lang='lat' dir='ltr'>auctore</span> <span class='ocrx_word' id='word_1_713' title='bbox 3604 4422 3782 4487; x_wconf 58' lang='lat' dir='ltr'>refecti,</span> 
     </span>
    </p>
   </div>
   <div class='ocr_carea' id='block_1_108' title="bbox 2099 4519 3785 4607">
    <p class='ocr_par' dir='ltr' id='par_1_108' title="bbox 2099 4519 3785 4607">
     <span class='ocr_line' id='line_1_109' title="bbox 2099 4519 3785 4607; baseline -0.003 -28"><span class='ocrx_word' id='word_1_714' title='bbox 2099 4543 2146 4607; x_wconf 77' lang='grc' dir='ltr'>Ι)</span> <span class='ocrx_word' id='word_1_715' title='bbox 2180 4524 2390 4596; x_wconf 89' lang='lat' dir='ltr'>prioris</span> <span class='ocrx_word' id='word_1_716' title='bbox 2419 4526 2623 4581; x_wconf 85' lang='lat' dir='ltr'>infulis</span> <span class='ocrx_word' id='word_1_717' title='bbox 2653 4524 2961 4582; x_wconf 89' lang='lat' dir='ltr'>sacerdotii</span> <span class='ocrx_word' id='word_1_718' title='bbox 2992 4529 3049 4581; x_wconf 92' lang='lat' dir='ltr'>et</span> <span class='ocrx_word' id='word_1_719' title='bbox 3078 4524 3347 4597; x_wconf 90' lang='lat' dir='ltr'>pristinis</span> <span class='ocrx_word' id='word_1_720' title='bbox 3370 4519 3785 4591; x_wconf 79' lang='lat' dir='ltr'>redintegratum</span> 
     </span>
    </p>
   </div>
   <div class='ocr_carea' id='block_1_109' title="bbox 2176 4610 3786 4686">
    <p class='ocr_par' dir='ltr' id='par_1_109' title="bbox 2176 4610 3786 4686">
     <span class='ocr_line' id='line_1_110' title="bbox 2176 4610 3786 4686; baseline -0.007 -18"><span class='ocrx_word' id='word_1_721' title='bbox 2176 4613 2499 4670; x_wconf 89' lang='lat' dir='ltr'>honoribus</span> <span class='ocrx_word' id='word_1_722' title='bbox 2530 4632 2594 4669; x_wconf 91' lang='lat' dir='ltr'>ac</span> <span class='ocrx_word' id='word_1_723' title='bbox 2616 4615 2893 4671; x_wconf 88' lang='lat' dir='ltr'>omnibus</span> <span class='ocrx_word' id='word_1_724' title='bbox 2913 4614 3283 4686; x_wconf 88' lang='lat' dir='ltr'>episcopatus</span> <span class='ocrx_word' id='word_1_725' title='bbox 3304 4611 3517 4669; x_wconf 85' lang='lat' dir='ltr'>ofﬁciis</span> <span class='ocrx_word' id='word_1_726' title='bbox 3535 4610 3786 4664; x_wconf 84' lang='lat' dir='ltr'>restaura-</span> 
     </span>
    </p>
   </div>
   <div class='ocr_carea' id='block_1_110' title="bbox 2176 4686 3787 4774">
    <p class='ocr_par' dir='ltr' id='par_1_110' title="bbox 2176 4686 3787 4774">
     <span class='ocr_line' id='line_1_111' title="bbox 2176 4686 3787 4774; baseline -0.009 -17"><span class='ocrx_word' id='word_1_727' title='bbox 2176 4705 2325 4770; x_wconf 92' lang='lat' dir='ltr'>tum,</span> <span class='ocrx_word' id='word_1_728' title='bbox 2357 4707 2558 4758; x_wconf 70' lang='lat' dir='ltr'>vestraa</span> <span class='ocrx_word' id='word_1_729' title='bbox 2586 4702 2762 4758; x_wconf 91' lang='lat' dir='ltr'>alacri</span> <span class='ocrx_word' id='word_1_730' title='bbox 2792 4702 3079 4759; x_wconf 91' lang='lat' dir='ltr'>devotioni</span> <span class='ocrx_word' id='word_1_731' title='bbox 3111 4706 3166 4759; x_wconf 87' lang='lat' dir='ltr'>et</span> <span class='ocrx_word' id='word_1_732' title='bbox 3196 4701 3303 4774; x_wconf 68' lang='lat' dir='ltr'>piae</span> <span class='ocrx_word' id='word_1_733' title='bbox 3333 4694 3623 4756; x_wconf 86' lang='lat' dir='ltr'>dilectioni</span> <span class='ocrx_word' id='word_1_734' title='bbox 3650 4686 3787 4748; x_wconf 87' lang='lat' dir='ltr'>remi-</span> 
     </span>
    </p>
   </div>
   <div class='ocr_carea' id='block_1_111' title="bbox 2178 4775 3787 4864">
    <p class='ocr_par' dir='ltr' id='par_1_111' title="bbox 2178 4775 3787 4864">
     <span class='ocr_line' id='line_1_112' title="bbox 2178 4775 3787 4864; baseline -0.004 -18"><span class='ocrx_word' id='word_1_735' title='bbox 2178 4790 2639 4848; x_wconf 88' lang='lat' dir='ltr'>simus.Habetis</span> <span class='ocrx_word' id='word_1_736' title='bbox 2658 4796 2934 4864; x_wconf 65' lang='lat' dir='ltr'>praeterea</span> <span class='ocrx_word' id='word_1_737' title='bbox 2958 4791 3019 4847; x_wconf 92' lang='lat' dir='ltr'>in</span> <span class='ocrx_word' id='word_1_738' title='bbox 3051 4791 3160 4847; x_wconf 90' lang='lat' dir='ltr'>hoc</span> <span class='ocrx_word' id='word_1_739' title='bbox 3192 4791 3375 4847; x_wconf 65' lang='lat' dir='ltr'>beata:</span> <span class='ocrx_word' id='word_1_740' title='bbox 3410 4775 3787 4845; x_wconf 61' lang='lat' dir='ltr'>recordationiﬁ</span> 
     </span>
    </p>
   </div>
   <div class='ocr_carea' id='block_1_112' title="bbox 2174 4868 3787 4953">
    <p class='ocr_par' dir='ltr' id='par_1_112' title="bbox 2174 4868 3787 4953">
     <span class='ocr_line' id='line_1_113' title="bbox 2174 4868 3787 4953; baseline -0.006 -19"><span class='ocrx_word' id='word_1_741' title='bbox 2174 4879 2478 4936; x_wconf 87' lang='lat' dir='ltr'>Athanasii</span> <span class='ocrx_word' id='word_1_742' title='bbox 2492 4881 2935 4953; x_wconf 87' lang='lat' dir='ltr'>prudentissimi</span> <span class='ocrx_word' id='word_1_743' title='bbox 2951 4880 3270 4937; x_wconf 83' lang='lat' dir='ltr'>sacerdotis</span> <span class='ocrx_word' id='word_1_744' title='bbox 3287 4876 3634 4949; x_wconf 80' lang='lat' dir='ltr'>exemplum:</span> <span class='ocrx_word' id='word_1_745' title='bbox 3647 4868 3787 4939; x_wconf 76' lang='lat' dir='ltr'>cujus</span> 
     </span>
    </p>
   </div>
   <div class='ocr_carea' id='block_1_113' title="bbox 2176 4967 3783 5029">
    <p class='ocr_par' dir='ltr' id='par_1_113' title="bbox 2176 4967 3783 5029">
     <span class='ocr_line' id='line_1_114' title="bbox 2176 4967 3783 5029; baseline -0.003 -6"><span class='ocrx_word' id='word_1_746' title='bbox 2176 4968 2485 5024; x_wconf 89' lang='lat' dir='ltr'>tolerantia</span> <span class='ocrx_word' id='word_1_747' title='bbox 2515 4970 2605 5025; x_wconf 91' lang='lat' dir='ltr'>cui</span> <span class='ocrx_word' id='word_1_748' title='bbox 2642 4987 2754 5025; x_wconf 91' lang='lat' dir='ltr'>non</span> <span class='ocrx_word' id='word_1_749' title='bbox 2784 4968 3168 5026; x_wconf 90' lang='lat' dir='ltr'>consolationi</span> <span class='ocrx_word' id='word_1_750' title='bbox 3199 4968 3324 5024; x_wconf 86' lang='lat' dir='ltr'>sit?</span> <span class='ocrx_word' id='word_1_751' title='bbox 3349 4967 3443 5023; x_wconf 92' lang='lat' dir='ltr'>cui</span> <span class='ocrx_word' id='word_1_752' title='bbox 3494 4980 3603 5019; x_wconf 91' lang='lat' dir='ltr'>non</span> <span class='ocrx_word' id='word_1_753' title='bbox 3650 4968 3783 5029; x_wconf 70' lang='grc' dir='ltr'>ερρω</span> 
     </span>
    </p>
   </div>
   <div class='ocr_carea' id='block_1_114' title="bbox 2176 5049 3786 5132">
    <p class='ocr_par' dir='ltr' id='par_1_114' title="bbox 2176 5049 3786 5132">
     <span class='ocr_line' id='line_1_115' title="bbox 2176 5049 3786 5132; baseline -0.004 -21"><span class='ocrx_word' id='word_1_754' title='bbox 2176 5057 2350 5112; x_wconf 86' lang='lat' dir='ltr'>faciat</span> <span class='ocrx_word' id='word_1_755' title='bbox 2379 5058 2506 5129; x_wconf 93' lang='lat' dir='ltr'>ejus</span> <span class='ocrx_word' id='word_1_756' title='bbox 2538 5058 2931 5132; x_wconf 83' lang='lat' dir='ltr'>inexspectata</span> <span class='ocrx_word' id='word_1_757' title='bbox 2960 5056 3246 5115; x_wconf 83' lang='lat' dir='ltr'>reversio?</span> <span class='ocrx_word' id='word_1_758' title='bbox 3267 5055 3516 5128; x_wconf 84' lang='lat' dir='ltr'>Ejicitur</span> <span class='ocrx_word' id='word_1_759' title='bbox 3536 5049 3656 5108; x_wconf 79' lang='lat' dir='ltr'>Ario</span> <span class='ocrx_word' id='word_1_760' title='bbox 3674 5057 3786 5118; x_wconf 67' lang='lat' dir='ltr'>pw-</span> 
     </span>
    </p>
   </div>
   <div class='ocr_carea' id='block_1_115' title="bbox 2180 5134 3784 5218">
    <p class='ocr_par' dir='ltr' id='par_1_115' title="bbox 2180 5134 3784 5218">
     <span class='ocr_line' id='line_1_116' title="bbox 2180 5134 3784 5218; baseline -0.009 -17"><span class='ocrx_word' id='word_1_761' title='bbox 2180 5151 2484 5218; x_wconf 89' lang='lat' dir='ltr'>sequente,</span> <span class='ocrx_word' id='word_1_762' title='bbox 2499 5147 2598 5203; x_wconf 90' lang='lat' dir='ltr'>sed</span> <span class='ocrx_word' id='word_1_763' title='bbox 2622 5148 2980 5204; x_wconf 87' lang='lat' dir='ltr'>revocandus</span> <span class='ocrx_word' id='word_1_764' title='bbox 3002 5146 3248 5203; x_wconf 88' lang='lat' dir='ltr'>Domino</span> <span class='ocrx_word' id='word_1_765' title='bbox 3268 5134 3784 5218; x_wconf 82' lang='lat' dir='ltr'>prosequente.Pas-</span> 
     </span>
    </p>
   </div>
   <div class='ocr_carea' id='block_1_116' title="bbox 2178 5224 3779 5309">
    <p class='ocr_par' dir='ltr' id='par_1_116' title="bbox 2178 5224 3779 5309">
     <span class='ocr_line' id='line_1_117' title="bbox 2178 5224 3779 5309; baseline -0.004 -18"><span class='ocrx_word' id='word_1_766' title='bbox 2178 5252 2280 5291; x_wconf 93' lang='lat' dir='ltr'>sus</span> <span class='ocrx_word' id='word_1_767' title='bbox 2310 5240 2399 5291; x_wconf 91' lang='lat' dir='ltr'>est</span> <span class='ocrx_word' id='word_1_768' title='bbox 2428 5252 2739 5303; x_wconf 89' lang='lat' dir='ltr'>carcerem,</span> <span class='ocrx_word' id='word_1_769' title='bbox 2763 5254 2975 5309; x_wconf 88' lang='lat' dir='ltr'>passus</span> <span class='ocrx_word' id='word_1_770' title='bbox 2994 5239 3084 5293; x_wconf 89' lang='lat' dir='ltr'>est</span> <span class='ocrx_word' id='word_1_771' title='bbox 3106 5234 3430 5309; x_wconf 89' lang='lat' dir='ltr'>angustias,</span> <span class='ocrx_word' id='word_1_772' title='bbox 3455 5245 3557 5286; x_wconf 89' lang='lat' dir='ltr'>nec</span> <span class='ocrx_word' id='word_1_773' title='bbox 3578 5224 3779 5284; x_wconf 64' lang='lat' dir='ltr'>mirum.</span> 
     </span>
    </p>
   </div>
   <div class='ocr_carea' id='block_1_117' title="bbox 2177 5314 3780 5398">
    <p class='ocr_par' dir='ltr' id='par_1_117' title="bbox 2177 5314 3780 5398">
     <span class='ocr_line' id='line_1_118' title="bbox 2177 5314 3780 5398; baseline -0.006 -18"><span class='ocrx_word' id='word_1_774' title='bbox 2177 5324 2227 5380; x_wconf 90' lang='lat' dir='ltr'>si</span> <span class='ocrx_word' id='word_1_775' title='bbox 2257 5324 2344 5380; x_wconf 91' lang='lat' dir='ltr'>vir</span> <span class='ocrx_word' id='word_1_776' title='bbox 2372 5324 2731 5397; x_wconf 89' lang='lat' dir='ltr'>apostolicus</span> <span class='ocrx_word' id='word_1_777' title='bbox 2752 5343 2819 5382; x_wconf 90' lang='lat' dir='ltr'>ea</span> <span class='ocrx_word' id='word_1_778' title='bbox 2859 5343 3071 5398; x_wconf 89' lang='lat' dir='ltr'>passus</span> <span class='ocrx_word' id='word_1_779' title='bbox 3109 5329 3218 5393; x_wconf 91' lang='lat' dir='ltr'>est,</span> <span class='ocrx_word' id='word_1_780' title='bbox 3242 5322 3457 5396; x_wconf 88' lang='lat' dir='ltr'>quibus</span> <span class='ocrx_word' id='word_1_781' title='bbox 3487 5336 3548 5375; x_wconf 90' lang='lat' dir='ltr'>se</span> <span class='ocrx_word' id='word_1_782' title='bbox 3573 5314 3780 5386; x_wconf 72' lang='lat' dir='ltr'>Aposw&#39;</span> 
     </span>
    </p>
   </div>
   <div class='ocr_carea' id='block_1_118' title="bbox 2174 5407 3779 5494">
    <p class='ocr_par' dir='ltr' id='par_1_118' title="bbox 2174 5407 3779 5494">
     <span class='ocr_line' id='line_1_119' title="bbox 2174 5407 3779 5494; baseline -0.011 -25"><span class='ocrx_word' id='word_1_783' title='bbox 2174 5412 2267 5469; x_wconf 92' lang='lat' dir='ltr'>lus</span> <span class='ocrx_word' id='word_1_784' title='bbox 2296 5414 2579 5487; x_wconf 89' lang='lat' dir='ltr'>gloriatur</span> <span class='ocrx_word' id='word_1_785' title='bbox 2607 5414 2982 5470; x_wconf 83' lang='lat' dir='ltr'>exercitatum</span> <span class='ocrx_word' id='word_1_786' title='bbox 3007 5416 3080 5485; x_wconf 91' lang='lat' dir='ltr'>(II</span> <span class='ocrx_word' id='word_1_787' title='bbox 3105 5418 3255 5481; x_wconf 85' lang='lat' dir='ltr'>Cor.,</span> <span class='ocrx_word' id='word_1_788' title='bbox 3278 5414 3377 5480; x_wconf 77' lang='lat' dir='ltr'>xl).</span> <span class='ocrx_word' id='word_1_789' title='bbox 3406 5411 3468 5465; x_wconf 92' lang='lat' dir='ltr'>ln</span> <span class='ocrx_word' id='word_1_790' title='bbox 3500 5407 3596 5494; x_wconf 80' lang='lat' dir='ltr'>bis</span> <span class='ocrx_word' id='word_1_791' title='bbox 3617 5407 3779 5494; x_wconf 66' lang='lat' dir='ltr'>tamen</span> 
     </span>
    </p>
   </div>
   <div class='ocr_carea' id='block_1_119' title="bbox 2174 5488 3778 5583">
    <p class='ocr_par' dir='ltr' id='par_1_119' title="bbox 2174 5488 3778 5583">
     <span class='ocr_line' id='line_1_120' title="bbox 2174 5488 3778 5583; baseline -0.008 -24"><span class='ocrx_word' id='word_1_792' title='bbox 2174 5504 2449 5559; x_wconf 89' lang='lat' dir='ltr'>omnibus</span> <span class='ocrx_word' id='word_1_793' title='bbox 2478 5508 2716 5559; x_wconf 88' lang='lat' dir='ltr'>secutus</span> <span class='ocrx_word' id='word_1_794' title='bbox 2746 5509 2836 5561; x_wconf 88' lang='lat' dir='ltr'>est</span> <span class='ocrx_word' id='word_1_795' title='bbox 2859 5504 3046 5572; x_wconf 92' lang='lat' dir='ltr'>illum,</span> <span class='ocrx_word' id='word_1_796' title='bbox 3071 5503 3172 5577; x_wconf 89' lang='lat' dir='ltr'>qui</span> <span class='ocrx_word' id='word_1_797' title='bbox 3202 5501 3310 5560; x_wconf 87' lang='lat' dir='ltr'>sibi</span> <span class='ocrx_word' id='word_1_798' title='bbox 3341 5499 3400 5554; x_wconf 89' lang='lat' dir='ltr'>in</span> <span class='ocrx_word' id='word_1_799' title='bbox 3432 5488 3778 5583; x_wconf 49' lang='lat' dir='ltr'>tribulationi-</span> 
     </span>
    </p>
   </div>
   <div class='ocr_carea' id='block_1_120' title="bbox 2175 5578 3780 5672">
    <p class='ocr_par' dir='ltr' id='par_1_120' title="bbox 2175 5578 3780 5672">
     <span class='ocr_line' id='line_1_121' title="bbox 2175 5578 3780 5672; baseline -0.014 -23"><span class='ocrx_word' id='word_1_800' title='bbox 2175 5592 2283 5650; x_wconf 90' lang='lat' dir='ltr'>bus</span> <span class='ocrx_word' id='word_1_801' title='bbox 2312 5608 2373 5651; x_wconf 83' lang='lat' dir='ltr'>se</span> <span class='ocrx_word' id='word_1_802' title='bbox 2404 5591 2631 5667; x_wconf 86' lang='lat' dir='ltr'>placere</span> <span class='ocrx_word' id='word_1_803' title='bbox 2656 5595 2925 5664; x_wconf 87' lang='lat' dir='ltr'>testatur,</span> <span class='ocrx_word' id='word_1_804' title='bbox 2960 5594 3196 5672; x_wconf 86' lang='lat' dir='ltr'>fugatus</span> <span class='ocrx_word' id='word_1_805' title='bbox 3223 5590 3405 5656; x_wconf 86' lang='lat' dir='ltr'>illinc,</span> <span class='ocrx_word' id='word_1_806' title='bbox 3438 5589 3489 5643; x_wconf 89' lang='lat' dir='ltr'>ct</span> <span class='ocrx_word' id='word_1_807' title='bbox 3512 5584 3567 5641; x_wconf 90' lang='lat' dir='ltr'>in</span> <span class='ocrx_word' id='word_1_808' title='bbox 3590 5578 3780 5652; x_wconf 73' lang='lat' dir='ltr'>nostris</span> 
     </span>
    </p>
   </div>
   <div class='ocr_carea' id='block_1_121' title="bbox 2098 1803 2147 1869">
    <p class='ocr_par' dir='ltr' id='par_1_121' title="bbox 2098 1803 2147 1869">
     <span class='ocr_line' id='line_1_122' title="bbox 2098 1803 2147 1869; baseline 0 0"><span class='ocrx_word' id='word_1_809' title='bbox 2098 1803 2147 1869; x_wconf 94' lang='lat' dir='ltr'><strong>B</strong></span> 
     </span>
    </p>
   </div>
  </div>
