4036 6132
246 355 367 418 91⁸7

963 490 1193 546 LXXXI.
1532 562 1536 568 Α

426 616 497 654 AD
536 614 765 654 ADONEM
802 614 1166 655 VIENNENSEM
1206 616 1725 657 ARCHIEPISCOPUM.

889 716 1080 784 (Anno
1109 717 1257 789 865.)

249 831 361 916 Cur
387 831 641 921 sylwdlas
671 849 779 921 non
812 834 1001 921 fuerit
1042 833 1327 916 celebrata.
1360 833 1697 921 DenArsenio
1725 835 1900 921 legato

321 906 383 959 in
422 903 649 960 ‘Gallias
699 911 752 959 et
806 903 1157 960 Germaniam
1206 907 1390 960 misso.
1428 903 1792 962 Guntharitmi
1848 916 1900 963 et

324 975 881 1048 Theutgaudumrnon
907 978 1076 1047 fuisse
1103 978 1340 1048 pristino
1373 977 1577 1044 gradui
1606 980 1894 1035 restitutos.

316 1048 703 1121 Presbyterum
736 1047 962 1121 Gerardi
1007 1050 1218 1103 comitis
1275 1048 1568 1105 alteriusve
1608 1051 1898 1121 cujuslibet

319 1119 454 1174 laici
478 1134 589 1174 non
619 1126 763 1175 recte
786 1120 1077 1191 appellari.

762 1252 945 1325 [Apud
981 1250 1190 1319 Mansi,
1226 1253 1385 1325 ibid.]

316 1388 604 1444 NICOLAUS
643 1388 971 1461 episcopus,
1004 1404 1205 1444 servus
1251 1404 1551 1443 servorum
1584 1390 1702 1456 Dei,
1739 1406 1895 1445 reve-

243 1476 585 1533 rentissimo
605 1482 664 1533 et
685 1476 1060 1533 sanctissimo
1093 1476 1371 1533 confratri
1400 1479 1586 1533 Aoom
1616 1478 1899 1551 archiepi-

246 1582 426 1638 scopo
455 1565 791 1623 Viennensi.

317 1654 570 1722 Miraris,
605 1656 799 1723 frater,
833 1672 938 1711 cur
963 1655 1255 1728 synodum
1288 1655 1636 1728 dispositam
1660 1675 1775 1727 non
1804 1676 1895 1715 ce-

240 1743 687 1813 lebraverimus,
723 1761 856 1800 cum
886 1745 946 1799 in
974 1761 1041 1800 ea
1069 1743 1221 1801 inter
1249 1749 1455 1801 caetera
1483 1763 1609 1819 quae
1636 1765 1791 1803 nunc
1814 1749 1899 1804 in-

1465 356 1869 421 EPISTOL/E
1912 359 2013 422 ET
2055 359 2446 425 DECRETA.

1929 496 1982 561 Α
2014 496 2238 550 remedi
2274 497 2448 551 verbo
2496 495 2871 563 intellexeris,
2914 515 3021 553 nos
3068 498 3250 554 fateor
3300 498 3659 571 ignoramus.

3541 364 3661 428 918

2012 584 2608 657 Nunquid‘Gerardus
2624 602 2820 643 comes
2846 586 3014 643 illum
3041 588 3449 660 presbyterum
3468 605 3664 644 conse-

2011 674 2237 729 cravit?
2258 675 2523 747 nunquid
2555 676 2626 731 de
2656 675 2842 748 ipsius
2873 680 2962 731 est
2992 676 3271 732 dioecesi?
3304 676 3407 732 Ubi
3440 676 3549 733 hoc
3579 675 3662 733 1e-

2010 764 2192 839 gisti?
2224 765 2322 821 ubi
2354 765 2463 821 hoc
2497 765 2802 821 didicisti?
2829 767 2953 823 Nisi
3005 766 3145 838 quia
3191 767 3512 840 presbyteri
3545 784 3659 822 non

2010 853 2340 926 specialiter
2360 854 2611 911 ecclesiae
2643 855 2914 922 civitatis,
2933 861 3035 910 aut
3058 854 3314 910 ecclesias
3338 857 3660 927 possessio-

2008 944 2121 1011 nis,
2155 949 2255 1000 aut
2285 944 2567 1017 martyrii,
2596 949 2697 1000 aut
2728 945 3065 1001 monasterii
3099 946 3427 1000 secundum
3461 963 3659 1002 sacras

2008 1033 2240 1104 regulas
2262 1033 2623 1097 ordinantur,
2643 1034 2741 1088 sed
2766 1033 2826 1088 in
2849 1033 3121 1088 domibus
3143 1032 3425 1088 laicorum
3450 1033 3659 1089 consti-

2006 1126 2275 1189 tuuntur,
2299 1126 2509 1178 etcum
2540 1121 2923 1178 szecularibus
2954 1122 3096 1177 adeo
3131 1127 3567 1189 conversantur,
3592 1126 3659 1177 ut

2007 1228 2123 1266 non
2142 1212 2264 1284 jam
2288 1211 2385 1267 Dei
2410 1216 2467 1267 et
2489 1210 2745 1267 ecclesia:
2763 1211 3096 1282 cujuslibet,
3122 1212 3221 1266 sed
3244 1210 3403 1266 illius
3426 1211 3657 1267 comitis

2007 1304 2181 1373 atque
2212 1299 2372 1356 illius
2394 1300 2560 1355 ducis
2582 1316 2709 1356 esse
2732 1300 3039 1355 dicantur?
3055 1300 3134 1355 ita
3165 1302 3230 1353 ut
3258 1299 3564 1372 impletum
3579 1300 3659 1355 sit

2007 1390 2164 1461 quod
2196 1406 2299 1461 per
2331 1389 2672 1461 prophetam
2717 1389 2931 1445 dicitur
2963 1406 2975 1443 :
3006 1391 3073 1444 Et
3096 1390 3200 1444 erit
3230 1391 3371 1444 sicut
3396 1390 3653 1461 populus,

2004 1481 2086 1534 sic
2104 1478 2352 1535 sacerdos
2377 1478 2517 1547 (Osc.
2544 1479 2641 1549 1v).
2676 1478 2835 1544 Quod
2864 1478 3108 1533 fortasse
3132 1495 3317 1532 unum
3340 1483 3429 1533 est
3451 1495 3654 1533 eorum

1961 1640 1964 1643 η
2007 1585 2154 1640 quae,
2190 1585 2325 1622 cum
2357 1568 2416 1622 in
2449 1566 2685 1623 nomine
2716 1567 2945 1623 Domini
2980 1566 3423 1623 convenerimus
3448 1566 3655 1622 unani-

2006 1657 2179 1712 miter
2208 1656 2265 1711 in
2296 1656 2577 1729 idipsum,
2612 1656 2900 1729 oportebit
2931 1656 3233 1711 decentius
3264 1656 3661 1723 emendari,et

2004 1750 2286 1818 tanquam
2318 1749 2667 1801 venenatum
2693 1745 3012 1801 elleborum
3035 1744 3350 1817 amputari.
3371 1745 3659 1816 Optamus

242 1840 582 1907 congruunt
610 1836 699 1907 [ΓῚ
729 1834 1053 1907 ingruunt],
1087 1838 1143 1889 et
1172 1832 1415 1908 longum
1446 1840 1534 1892 est
1564 1854 1800 1893 narrare
1826 1839 1896 1894 de
1929 1871 1975 1935 Β
2008 1836 2429 1891 fraternitatem
2458 1839 2711 1890 vestram
2743 1835 2801 1889 in
2835 1834 3060 1890 Christo
3094 1835 3237 1889 bene
3266 1833 3476 1889 valere.

240 1923 499 1997 negotiis
522 1941 648 1995 quae
672 1924 827 1996 apud
858 1940 960 1979 vos
989 1927 1275 1997 geruntur
1302 1924 1419 1979 Deo
1447 1930 1681 1982 auctore
1702 1928 1900 1999 praeci-

242 2029 364 2086 pue
390 2012 692 2079 ventilare,
727 2028 793 2068 ac
837 2029 955 2069 una
1000 2012 1325 2081 vobiscum,
1357 2017 1548 2070 tecum
1593 2015 1815 2071 scilicet
1845 2020 1901 2072 et

241 2100 474 2157 caeteris
503 2100 786 2157 fratribus
816 2100 1032 2157 nostris
1064 2101 1374 2157 decernere
1394 2105 1896 2176 proposuerimus,

240 2194 300 2246 et
329 2206 434 2246 vos
466 2207 570 2262 per
600 2207 748 2263 quos
786 2207 879 2246 res
931 2189 1167 2245 illarum
1216 2190 1546 2263 regionum,
1579 2209 1706 2265 quae
1736 2194 1901 2250 vobis

239 2280 438 2353 magis
468 2296 572 2351 pro
603 2278 902 2335 vicinitate
935 2296 1113 2351 quam
1164 2280 1334 2335 nobis
1364 2284 1512 2337 nota:
1543 2284 1896 2351 consistunt,

240 2366 536 2440 liquidius
566 2372 624 2425 et
654 2368 1043 2423 sufﬁcientius
1070 2384 1385 2439 agnoscere
1417 2372 1820 2442 sperabamus,
1846 2377 1902 2429 et

241 2475 459 2514 rursus
489 2456 774 2530 quidquid
802 2453 938 2513 ’Deo
983 2456 1272 2515 revelante
1323 2461 1701 2516 statuendum
1754 2466 1897 2531 erat,

238 2546 367 2603 illis
389 2546 824 2602 arbitrabamur
844 2544 1109 2618 partibus
1132 2546 1898 2616 innotescendum,defueri-

242 2635 324 2691 tis
353 2652 368 2703 ;
400 2635 722 2707 prmsertim
775 2651 909 2689 cum
956 2634 1123 2690 vobis
1152 2638 1209 2690 et
1237 2636 1516 2692 omnibus
1561 2654 1707 2709 pene
1747 2640 1903 2695 ultra

240 2724 425 2797 Alpes
455 2724 841 2780 existentibus
884 2724 1278 2780 Ecclesiarum
1311 2726 1412 2781 Dei
1445 2725 1795 2797 prasulibus
1827 2718 1900 2784 ad

244 2814 544 2887 synodum
576 2814 770 2868 Romae
802 2812 1232 2881 celebrandam,
1264 2819 1321 2869 et
1351 2815 1423 2871 ad
1449 2815 1598 2871 hanc
1621 2833 1682 2873 se
1701 2834 1904 2872 convo-

245 2906 475 2960 candos
514 2902 799 2956 fuerimus
849 2902 1209 2973 frequentius
1242 2903 1555 2973 provocati,
1588 2908 1645 2959 et
1674 2921 1778 2977 pro
1809 2905 1903 2961 his

245 3009 381 3065 quae
396 2988 593 3046 illicite
607 3006 905 3062 perperam
920 2993 1177 3061 aguntur
1190 2991 1564 3062 potissimum
1579 2992 1821 3048 existam
1833 3011 1902 3049 us

241 3078 568 3137 salubriter
598 3078 820 3149 agitati.
849 3077 1007 3134 Alias
1041 3083 1237 3134 autem
1287 3080 1559 3135 misimus
1589 3082 1900 3138 Arsenium

239 3167 639 3225 venerabilem
686 3167 1026 3239 episcopum
1075 3167 1520 3240 apocrisiarium
1564 3175 1620 3226 et
1650 3170 1897 3227 missum

242 3256 581 3331 apostolicae
604 3256 760 3312 sedis
782 3261 837 3312 et
858 3256 1259 3314 consiliarium
1284 3259 1899 3324 nostrum,Galliarum
1931 3243 1973 3308 θ

240 3351 299 3404 et
318 3344 650 3403 Germania:
673 3346 938 3417 partibus
957 3346 1026 3402 de
1043 3347 1294 3420 negotiis
1314 3345 1591 3403 instantis
1622 3350 1904 3421 temporis

242 3435 524 3508 quaedam
573 3434 875 3490 vobiscum
924 3434 1274 3490 rimaturum
1312 3452 1377 3492 ac
1406 3436 1802 3493 inventurum.
1835 3438 1907 3493 Et

243 3525 382 3581 ideo
406 3540 521 3579 non
545 3521 877 3595 putavimus
906 3540 1008 3579 vos
1038 3524 1244 3580 debere
1275 3525 1477 3581 deesse
1508 3526 1623 3581 illis
1654 3527 1904 3600 regioni-

244 3614 385 3679 bus,
419 3612 682 3684 quandiu
736 3612 931 3685 ipsum
985 3612 1103 3667 illic
1134 3630 1226 3668 me
1265 3614 1554 3669 demorari
1587 3620 1901 3671 constaret.

244 3702 418 3759 Unde
448 3701 595 3756 bene
626 3699 798 3757 faciet
825 3701 1124 3757 beatitudo
1155 3705 1257 3757 tua
1288 3703 1335 3759 si
1367 3702 1453 3758 illi
1488 3704 1815 3773 adhaaserit,
1850 3710 1908 3760 et

243 3792 307 3847 in
343 3790 443 3846 his
476 3807 602 3862 qua
634 3807 703 3845 ex
732 3795 935 3846 nostra
963 3790 1325 3864 delegatione
1346 3795 1574 3865 agenda
1593 3800 1750 3862 sunt,
1778 3795 1906 3866 ejus

244 3880 561 3937 laboribus
593 3880 845 3935 fraterne
890 3881 1425 3938 communicaverit.
1460 3884 1681 3939 Asserit
1710 3890 1905 3939 autem

248 3967 541 4025 sanctitas
553 3972 658 4023 tua
675 3968 830 4039 quod
845 3968 1001 4023 fama
1019 3967 1238 4041 ubique
1257 3975 1568 4044 spargatur
1579 3972 1909 4045 Theutgau-

246 4059 399 4115 dum
430 4062 487 4111 et
512 4055 903 4112 Guntharium
937 4057 1162 4112 dudum
1194 4057 1496 4130 episcopos
1523 4075 1625 4131 per
1654 4077 1762 4115 nos
1795 4061 1909 4133 pri-

247 4147 413 4204 stino
444 4143 651 4218 gradui
685 4145 1026 4214 restitutos;
1061 4147 1215 4218 quod
1265 4147 1518 4219 qualiter
1560 4148 1652 4221 agi
1685 4152 1909 4220 poterat

249 4237 399 4292 dum
433 4234 647 4302 scelus,
674 4239 795 4289 tam
839 4235 994 4306 quod
1030 4252 1127 4291 rex
1153 4235 1461 4292 Lotharius
1489 4237 1547 4291 in
1576 4237 1909 4308 repulsione

248 4324 640 4395 Theutberga:
671 4323 883 4395 reginae
913 4329 970 4379 et
999 4324 1357 4382 admissione
1383 4327 1561 4381 scorti
1589 4326 1905 4394 commisit,

247 4430 435 4486 quam
457 4413 613 4484 quod
640 4412 989 4485 Ingeltrudis
1019 4415 1341 4487 apostatrix
1361 4420 1417 4471 et
1430 4414 1694 4470 adultera
1704 4432 1908 4488 perpe-

246 4502 450 4566 travit,
483 4502 676 4557 adhuc
704 4501 913 4575 vigeat,
943 4504 1112 4574 cujus
1144 4504 1398 4558 fautores
1429 4504 1587 4560 fuere
1614 4505 1910 4560 nescimus

2073 2101 2144 2140 AD
2182 2100 2488 2140 ARDUICUM
2524 2098 3022 2139 ARCBIIPISCOPUM
3062 2098 3591 2139 VESONTIONENSEM.

2648 2200 2834 2271 (Anno
2867 2198 3016 2269 865.)

2356 2316 2653 2389 Respondet
2682 2316 2751 2371 ad
2781 2316 3027 2371 consulta
3053 2314 3310 2387 ejusdem.

2521 2433 2704 2507 [Apud
2740 2432 2950 2504 Mansi,
2986 2432 3148 2505 ibid.]

2081 2551 2370 2606 NICOLAUS
2403 2550 2733 2622 episcopus,
2781 2566 2982 2606 servus
3014 2565 3312 2605 servorum
3346 2547 3469 2614 Dei,
3503 2564 3660 2603 reve-

2012 2640 2347 2697 rentissimo
2369 2643 2426 2695 et
2456 2639 2831 2694 sanctissimo
2864 2637 3139 2693 confratri
3171 2640 3369 2693 nostro
3398 2638 3662 2692 Aaoutco

2013 2728 2443 2785 Bisontionensi
2473 2728 2947 2799 Archiepiscopo.

2083 2822 2241 2873 Inter
2264 2822 2469 2872 caetera
2488 2816 2771 2871 virtutum
2792 2820 3025 2871 tuarum
3050 2814 3461 2887 insignia,quze
3485 2814 3664 2887 pluri-

2013 2906 2125 2962 mis
2147 2905 2617 2978 suntgratiarum
2633 2904 2962 2959 actionibus
2980 2904 3659 2963 cumulanda.summam

2012 2995 2404 3051 obedientiam
2437 2997 2632 3048 tenere
2650 2997 2702 3048 te
2734 2993 3129 3065 conspicimus
3157 3009 3289 3046 cum
3310 2991 3661 3048 humilitatis

2013 3083 2268 3157 fastigio.
2294 3085 2513 3138 Etcum
2543 3086 2767 3137 tantam
2800 3082 2857 3136 in
2881 3087 2935 3137 te
2957 3082 3111 3137 circa
3134 3098 3239 3137 nos
3262 3080 3442 3135 animi
3473 3079 3657 3136 admi-

2011 3173 2121 3229 rati
2147 3189 2459 3228 cernamus
2491 3170 3146 3235 alacritatem,mentem
3178 3174 3339 3224 tuam
3374 3168 3660 3241 apostolo-

2016 3279 2144 3317 rum
2178 3261 2389 3334 spiritu
2421 3264 2637 3315 tactam
2672 3277 2786 3315 non
2819 3259 3181 3314 dubitamus.
3202 3258 3306 3314 Cui
3329 3259 3473 3313 dum
3490 3258 3658 3331 apri-

2016 3357 2169 3407 mate
2192 3368 2320 3416 suo,
2343 3350 2516 3420 cujus
2540 3366 2643 3404 nos
2666 3348 2799 3404 licet
2819 3348 3042 3403 meritis
3064 3348 3319 3419 impares
3349 3348 3501 3403 vices
3519 3346 3663 3419 geri-

2016 3457 2171 3505 mus,
2206 3442 2434 3494 tantum
2482 3437 2655 3491 verbo
2705 3437 3017 3500 diceretur,
3065 3436 3202 3491 l’ado
3244 3437 3472 3507 piscari,
3508 3435 3660 3491 illico

2014 3528 2445 3601 responderunt
2493 3525 2733 3591 aientes,
2790 3526 3041 3581 Venimus
3071 3534 3119 3580 et
3150 3541 3245 3579 nos
3275 3533 3448 3580 tecum
3479 3527 3659 3593 (Joan.

2014 3636 2129 3682 xm,
2154 3618 2205 3688 3)
2233 3633 2245 3671 :
2272 3616 2351 3670 ita
2372 3630 2606 3686 quoque
2630 3630 2784 3668 nunc
2818 3614 3225 3668 unanimitatis
3246 3618 3359 3668 tuae
3391 3613 3664 3668 fraterni-

2014 3712 2105 3763 tas
2129 3722 2262 3763 cum
2286 3722 2392 3760 nos
2417 3720 2519 3776 pro
2542 3702 2841 3757 lucrandis
2862 3707 2917 3756 et
2939 3701 3351 3757 abstrahendis
3372 3718 3402 3756 e
3425 3700 3589 3757 falsis
3609 3706 3667 3757 et

2017 3795 2234 3852 amaris
2265 3794 2445 3865 hujus
2477 3792 2679 3847 mundi
2715 3791 3047 3864 gurgitibus
3072 3791 3331 3846 ﬁdelium
3354 3790 3667 3846 animabus

2018 3884 2196 3941 studii
2229 3900 2500 3956 gressum
2536 3897 2747 3953 ponere
2779 3881 2902 3936 solo
2933 3897 3203 3936 sermone
3232 3879 3377 3935 velle
3403 3880 3666 3947 sentiret,

2017 3974 2284 4048 protinus
2307 3972 2444 4044 quia
2474 3987 2582 4026 nos
2615 3970 2959 4041 scqui,quia
2990 3986 3094 4040 per
3124 3974 3327 4024 nostra
3356 3968 3556 4040 cupiat
3577 3984 3667 4024 ve-

2017 4064 2193 4135 stigia
2224 4064 2522 4134 gratanter
2552 4059 2837 4123 incedere,
2864 4057 3086 4112 nullam
3119 4056 3458 4111 dilationem
3492 4072 3669 4127 passa

2017 4150 2404 4223 suggessit,et
2435 4163 2620 4217 usque
2651 4147 2721 4200 ad
2756 4151 3001 4200 mortem
3035 4163 3096 4200 se
3128 4146 3433 4200 nobiscum
3465 4148 3669 4199 contra

2018 4240 2216 4295 hostes
2237 4236 2671 4297 dimicaturam,
2688 4234 2889 4288 crebra
2911 4233 3199 4305 legatione
3228 4233 3410 4288 missa
3421 4249 3668 4303 spopon-

2018 4328 2122 4383 dit.
2148 4327 2257 4382 Sed
2281 4340 2519 4380 oramus
2552 4322 3014 4394 omnipotentem
3042 4322 3224 4376 Deum
3260 4325 3323 4375 ut
3352 4320 3444 4375 cui
3478 4321 3666 4376 factus

2018 4434 2080 4473 es
2100 4416 2161 4470 in
2184 4413 2527 4485 hujusmodi
2551 4410 2938 4484 promissione
2968 4409 3310 4477 consimilis,
3332 4413 3668 4481 protegente

2017 4507 2147 4577 ipso
2161 4501 2504 4560 efficiarisin
2522 4500 2828 4571 negatione
2850 4496 3669 4569 dissimilis.Quanquam,etsi

250 4592 301 4646 si
327 4592 457 4663 ipse
482 4588 856 4662 aliquatenus
878 4591 1296 4647 animadvertis
1322 4609 1332 4647 :
1358 4594 1648 4665 prmcipue
1672 4594 1728 4647 in
1752 4594 1909 4649 Gun-
1940 4615 1986 4678 Β
2019 4595 2133 4650 tale
2163 4593 2298 4665 quid
2335 4590 2665 4655 accidisset,
2698 4589 2850 4643 idem
2900 4587 3023 4659 ipse
3056 4588 3244 4641 fuerat
3274 4586 3330 4639 in
3364 4602 3667 4657 recupera-
3738 4616 3743 4621 ~

253 4680 474 4751 thario,
489 4680 590 4750 qui
605 4683 805 4735 contra
818 4697 1016 4737 sacros
1029 4697 1279 4737 canones
1295 4682 1527 4737 decreta
1541 4686 1737 4738 nostra
1752 4687 1908 4754 post-

254 4784 508 4841 ponens,
524 4767 919 4823 ministerium
934 4770 1046 4825 sibi
1060 4769 1334 4840 vetitumj
1346 4774 1480 4825 uxta
1496 4772 1913 4842 praecedentem

255 4856 752 4914 consuetudinem
785 4859 1121 4931 contingere
1152 4876 1333 4916 ausus
1358 4860 1754 4926 est.Quamvis
1777 4877 1912 4932 ergo

256 4946 399 5002 hinc
450 4945 599 5001 nihil
649 4964 837 5018 usque
884 4947 1074 5004 adhuc
1105 4949 1164 5004 in
1197 4950 1367 5004 corde
1400 4954 1598 5003 nostro
1628 4953 1910 5015 teneatur,

256 5040 462 5091 tamen
493 5035 542 5091 si
575 5036 646 5090 de
677 5037 1035 5094 restituendo
1085 5054 1382 5109 quoquam
1431 5054 1633 5093 eorum
1691 5037 1913 5108 aliquid

257 5123 616 5197 egissemus,
650 5129 1076 5197 consequenter
1108 5125 1260 5181 sicut
1289 5126 1359 5180 de
1390 5143 1551 5193 casu,
1579 5125 1659 5181 ita
1680 5142 1914 5198 quoque

258 5213 544 5269 omnibus
579 5212 745 5269 vobis
774 5213 845 5269 de
876 5213 1239 5271 restitutione
1271 5214 1521 5272 scribere
1551 5232 1911 5271 curaremus.

259 5302 413 5359 Illud
457 5307 676 5371 autem,
711 5302 890 5358 frater
935 5302 1299 5370 charissime,
1333 5303 1645 5359 ridiculose
1694 5304 1913 5369 sonuit,

257 5391 420 5465 quod
455 5390 692 5464 apicum
723 5396 958 5447 tuorum
981 5392 1249 5465 gerulum
1282 5392 1451 5448 nobis
1474 5393 1913 5463 commendans,

258 5480 426 5535 hunc
442 5480 851 5553 presbyterum
871 5482 1110 5537 Gerardi
1132 5480 1379 5537 illustris
1401 5480 1630 5536 comitis
1651 5496 1778 5535 esse
1798 5497 1915 5551 per-

257 5567 553 5624 hibueris.
576 5568 724 5625 Vere
764 5571 918 5641 quod
945 5570 1068 5643 [pro
1091 5570 1253 5643 quid.
1278 5572 1485 5635 Hann]
1518 5569 1623 5623 hoc
1658 5568 1916 5624 scribens

259 5655 582 5730 prudentia
612 5660 714 5713 tua
742 5657 934 5714 dicere
963 5658 1327 5726 voluerit,vel
1350 5659 1488 5730 quid
1520 5673 1697 5729 super
1717 5657 1919 5727 hujus-

2019 4684 2177 4739 tione
2211 4684 2393 4737 forma
2437 4679 2672 4751 penitus
2720 4676 3046 4743 imitabilis,
3081 4677 3284 4730 beatus
3315 4673 3536 4729 scilicet
3566 4675 3670 4730 Pe-

2022 4779 2151 4829 trus
2173 4768 2569 4843 apostolorum
2596 4766 2891 4839 princeps,
2916 4766 3015 4835 qui
3038 4764 3248 4820 Malchi
3273 4763 3554 4836 corporali
3575 4763 3672 4819 ab-

2024 4862 2209 4917 scissa
2239 4857 2431 4931 gladio
2485 4873 2624 4911 aure
2673 4853 3152 4921 inobcdientiam,
3185 4859 3242 4908 et
3270 4854 3329 4907 in
3359 4853 3585 4908 Anania
3615 4859 3674 4908 et

2023 4949 2270 5021 Saphira
2301 4945 2550 5018 spiritali
2581 4943 2737 4999 verbi
2772 4959 3049 4998 mucrone
3082 4943 3453 4998 mendacium
3475 4946 3531 4998 et
3546 4960 3675 4998 ava-

2022 5036 2216 5092 ritiam
2242 5032 2509 5108 perculit.
2536 5033 2718 5103 Cujus
2741 5032 2881 5086 dum
2908 5031 3106 5087 sedem
3134 5031 3429 5087 veneraris
3451 5036 3507 5086 et
3522 5048 3671 5103 prae-

2022 5129 2188 5198 cepta
2202 5122 2771 5191 sectaris,credimus
2797 5121 2949 5193 quod
2974 5118 3674 5193 patrociniaquoqueadi-

2023 5212 2289 5288 piscaris,
2314 5216 2371 5267 et
2394 5211 2548 5283 apud
2573 5210 2757 5266 Deum
2780 5208 3266 5265 intercessionum
3291 5224 3531 5264 suarum
3554 5211 3674 5276 teg-

2024 5304 2185 5358 mina
2206 5318 2588 5372 consequare.
2604 5300 2634 5355 J
2643 5317 2735 5355 am
2759 5315 2890 5354 vero
2913 5299 2982 5353 ad
3010 5298 3277 5353 consulta
3296 5293 3672 5352 fraternitatis

2022 5392 2234 5458 ture,de
2247 5390 2464 5463 quibus
2480 5407 2579 5461 per
2599 5389 2931 5445 litterarum
2956 5394 3189 5443 tuarum
3213 5386 3549 5457 portitorem
3566 5381 3673 5438 tibi

2020 5480 2260 5535 voluisti
2296 5479 2654 5552 responderi,
2689 5483 2863 5549 prout
2902 5477 3186 5532 Dominus
3217 5471 3462 5537 dederit,
3496 5488 3529 5525 a
3560 5488 3685 5543 quo

2024 5574 2113 5624 est
2141 5584 2300 5623 omne
2348 5568 2537 5621 (tntum
2581 5569 2845 5638 optimum
2875 5575 2923 5621 ct
2955 5580 3111 5621 omne
3137 5563 3341 5616 donum
3379 5564 3679 5633 perfectum

2026 5662 2167 5727 (Jac.
2213 5675 2254 5722 ι,
2303 5657 2407 5725 l7),
2458 5655 2673 5711 mentis
2726 5654 2959 5710 oculum
3014 5650 3352 5722 dirigentes,
3408 5649 3677 5706 charitati
