3994 6150
160 263 297 327 921

1408 264 1813 330 EPISTOL/E
1854 265 1955 329 ET
1999 264 2389 330 DECRETA.

3486 272 3608 335 922

166 398 448 471 gnanrlis
468 414 601 454 vero
632 398 956 453 infantibus
980 399 1354 454 manifestum
1377 404 1600 455 estnon
1632 402 1702 454 ab
1735 401 1845 455 a‘lio
1879 404 1928 468 Α
1962 417 2076 465 rex,
2112 402 2211 472 qui
2246 417 2489 473 regnum
2525 406 2689 457 tuum
2722 420 2823 475 per
2852 401 3172 459 maximum
3206 404 3459 478 spatium
3492 406 3612 462 lon-

168 504 370 561 quam
403 489 478 544 ab
517 487 789 561 episcopo
840 488 965 545 fieri
1013 488 1208 545 licere.
1233 511 1261 539 »
1284 490 1353 545 Et
1399 506 1640 545 rursus:
1674 510 1697 538 ι
1732 490 1849 546 Hoc

164 582 411 643 autem,
433 577 648 650 inquit,
669 577 812 634 solis
852 578 1224 650 pontiﬁcibus
1264 578 1459 634 deberi
1494 583 1557 633 ut
1586 578 1673 634 vel
1706 595 1843 634 con-

170 666 445 739 signent,
476 666 565 722 vel
597 667 949 722 Paraclitum
991 667 1274 739 Spiritum
1318 668 1571 729 tradant,
1606 685 1720 724 non
1755 685 1847 724 so-

173 755 310 811 lum
331 757 702 812 consuetudo
719 755 1111 811 ecclesiastica
1129 758 1511 824 demonstrat,
1525 775 1727 812 verum
1752 757 1852 813 illa

174 845 363 901 lectio
402 847 655 900 Actuum
688 845 1083 915 apostolorum
1117 862 1247 916 quae
1289 847 1498 901 asserit
1528 848 1763 902 Petrum
1795 851 1852 901 et

177 935 485 991 Joannem
516 950 646 989 esse
683 934 954 1004 directos,
979 934 1077 1006 qui
1110 935 1236 1005 jam
1270 934 1576 1008 baptizatis
1613 936 1851 991 tradant

183 1023 481 1097 Spiritum
513 1027 805 1079 sanctum.
828 1045 855 1073 ››

876 1129 1059 1168 CAPUT
1095 1130 1173 1168 VI.

262 1202 351 1269 (S.
387 1202 582 1273 Greg.,
615 1200 713 1257 lib.
736 1218 838 1269 xu,
863 1201 1067 1257 indict.
1091 1202 1142 1270 l,
1167 1219 1258 1275 ep.
1280 1204 1396 1271 25.)
1421 1204 1593 1259 Porro
1618 1203 1689 1258 de
1721 1218 1849 1274 pre-

187 1291 614 1363 sbytero,quod
634 1307 746 1345 non
767 1291 954 1364 possit
970 1291 1449 1348 restaurationem
1472 1297 1601 1365 post
1616 1292 1850 1365 lapsum

186 1380 474 1451 recipere,
491 1385 557 1435 ut
587 1379 773 1435 multa
802 1385 1236 1453 pretereamus,
1262 1382 1465 1437 beatus
1489 1398 1638 1454 papa
1659 1380 1848 1437 decla-

188 1468 639 1541 mt,Gregorius
659 1469 732 1523 ad
765 1469 1149 1525 Sabinianum
1177 1470 1329 1525 inter
1353 1474 1559 1525 caetera
1588 1471 1851 1526 scribens

188 1559 567 1614 Jadertinum
580 1558 921 1631 episcopum
939 1576 987 1614 τα
997 1560 1403 1632 Presbyterum
1417 1559 1852 1631 vero,inquiens

188 1648 265 1702 de
286 1664 409 1719 quo
432 1664 540 1703 nos
571 1648 905 1703 fraternitas
933 1651 1036 1703 tua
1066 1647 1267 1703 latoris
1298 1649 1672 1720 praesentium
1704 1647 1850 1704 rela-

189 1737 353 1793 tione
375 1734 648 1805 consulit,
673 1736 835 1791 nulla
863 1738 1089 1792 ratione
1114 1736 1173 1791 in
1197 1753 1363 1793 sacro
1383 1737 1586 1793 ordine
1617 1742 1747 1809 post
1766 1736 1848 1791 la-

192 1843 373 1899 psum
395 1830 500 1881 aut
520 1841 882 1898 permanere,
897 1829 999 1880 aut
1015 1826 1269 1881 revocari
1287 1842 1457 1898 posse
1473 1842 1850 1899 cognoscas.»

266 1915 403 1971 Hice
424 1914 683 1982 quidem,
702 1914 879 1969 frater
899 1914 1338 1980 cbarissime,in
1362 1915 1567 1971 multis
1585 1915 1850 1987 occupati

195 2005 290 2059 vix
318 2005 391 2060 ad
424 2009 527 2058 tua
555 2004 821 2059 consulta
860 2003 1294 2076 rescripsimus.
1316 2004 1533 2061 Caetera
1559 2021 1693 2060 vero
1724 2021 1851 2077 quas

194 2093 501 2150 communi
515 2091 828 2149 consulant
844 2092 1254 2160 utilitati,cum
1274 2094 1515 2150 Arsenio
1536 2091 1851 2149 venerabili

190 2183 494 2255 episcopo,
521 2181 897 2254 apocrisiario
941 2186 998 2237 et
1043 2181 1224 2237 misso
1281 2182 1612 2255 apostolicae
1670 2182 1847 2250 sedis,

195 2288 372 2344 quem
406 2270 537 2326 illas
570 2272 627 2326 in
660 2275 853 2344 partes
875 2270 1217 2338 direximus,
1244 2288 1378 2327 cum
1402 2273 1517 2327 Deo
1545 2274 1691 2327 duce
1720 2290 1851 2344 per—

193 2360 437 2423 venerit,
459 2360 605 2415 satis
626 2358 828 2415 valetis
859 2360 1209 2433 abundeque
1242 2364 1511 2427 tractare,
1538 2362 1629 2415 cui
1661 2366 1718 2417 et
1748 2379 1850 2417 no-

194 2455 320 2505 stra
351 2450 605 2513 credere,
630 2454 687 2504 et
717 2455 819 2505 tua
848 2450 1017 2505 nobis
1048 2451 1407 2522 exponenda,
1432 2468 1564 2506 cum
1596 2451 1847 2518 redierit,

196 2537 418 2610 poteris
450 2539 575 2593 sine
606 2536 726 2591 ulla
770 2537 1226 2593 contrectatione
1269 2538 1651 2595 committere.
1675 2540 1850 2611 Optas

198 2643 335 2682 mus
359 2625 778 2682 fraternitatem
810 2631 972 2681 tuam
1006 2627 1064 2681 in
1087 2626 1319 2682 Christo
1352 2644 1507 2682 nunc
1537 2632 1593 2683 et
1622 2644 1854 2700 semper

198 2716 349 2771 bene
378 2713 587 2770 valere.

867 2821 1051 2860 CAPUT
1088 2821 1187 2860 VII.

275 2895 333 2951 Si
367 2893 503 2966 quis
531 2910 600 2949 ex
630 2894 863 2966 propria
883 2895 1225 2967 cognatione
1248 2894 1593 2967 sanguinem
1616 2895 1854 2952 occisio-

198 2983 295 3039 nis
325 2983 562 3049 fuderit,
585 2982 735 3039 sacri
767 3000 1019 3040 canones
1051 3002 1238 3056 usque
1271 2984 1341 3039 ad
1376 2989 1625 3040 mortem
1652 2984 1848 3056 abjici,

192 3076 257 3128 et
281 3072 434 3128 inter
464 3070 707 3127 rebelles
737 3072 1003 3145 deputari
1036 3076 1373 3128 sanxerunt.

886 3187 1170 3244 LXXXIII.

186 3294 271 3334 AD
302 3292 632 3333 LUDOVICUM
664 3292 972 3333 GERMANIE.
1002 3293 1357 3333 EPCAROLUM
1388 3293 1618 3333 CALVUM
1651 3294 1848 3333 REGES.

836 3366 1023 3438 (Anno
1060 3368 1210 3438 865.)

190 3455 555 3527 Beprehendit
585 3455 725 3527 quod
752 3456 1023 3527 episcopos
1056 3457 1114 3511 in
1138 3455 1330 3512 Urbem
1353 3454 1423 3510 ad
1453 3455 1722 3527 synodum
1742 3472 1852 3513 non

264 3472 555 3527 rprenenau
622 3472 724 3510 πιθα
752 3472 1023 3527 episcopos
1056 3472 1114 3511 in
1138 3472 1330 3512 uroem
1353 3472 1423 3510 aa
1453 3472 1722 3527 synouum
1742 3472 1851 3513 non

264 3529 537 3611 miserint.
576 3472 646 3610 gl.
668 3527 986 3611 Lotliariun}
1108 3527 1343 3611 divortio
1365 3543 1707 3611 lcommonere
1727 3545 1851 3611 per-

186 3642 201 3647 -
264 3607 417 3668 gant.
455 3603 533 3655 De
557 3600 820 3670 episcopi:
850 3600 912 3669 in
942 3599 1335 3670 coloniemiet
1357 3598 1741 3654 Cameracensi
1762 3616 1848 3655 ec-

266 3672 433 3727 clesia
463 3668 863 3737 consecrandis,
895 3678 947 3726 et
971 3669 1037 3725 de
1067 3668 1305 3725 Rothado
1339 3672 1740 3726 Suessionensi.

731 3767 916 3839 [Apud
948 3765 1154 3833 Mansi,
1188 3766 1350 3838 ibid.]

258 3875 555 3932 NICOLAUS
599 3873 932 3946 episcopus,
975 3888 1179 3928 servus
1226 3888 1524 3928 servorum
1560 3873 1847 3941 Dei,dile-

183 3962 476 4021 ctissimis
494 3960 643 4018 {iliis
665 3962 952 4018 Luoovmo
983 3965 1042 4017 et
1069 3960 1293 4016 Canam
1323 3960 1730 4033 glorisissimis
1759 3979 1847 4018 re-

181 4053 383 4126 gibus.

251 4138 572 4197 Credimus
600 4155 669 4194 ex
690 4138 790 4195 Dei
813 4137 1097 4202 dono,lilii
1121 4137 1844 4211 ebarissimi,processisse

181 4230 345 4303 quod
376 4228 692 4284 unanimes
730 4227 917 4283 effecti
945 4244 1050 4284 vos
1097 4228 1169 4283 de
1212 4228 1385 4283 corde
1435 4243 1582 4300 puro
1622 4233 1678 4282 et
1707 4243 1845 4283 con-

180 4316 440 4375 scientia
468 4315 641 4383 bona,
668 4321 727 4371 et
757 4316 870 4371 fide
910 4331 1026 4370 non
1060 4316 1194 4370 licia
1232 4315 1537 4388 junxistis.
1564 4315 1727 4372 Unde
1759 4317 1843 4384 fit,

181 4412 247 4463 ut
274 4422 401 4462 nuo
433 4404 651 4470 animo,
677 4408 735 4460 et
764 4422 881 4460 uno
909 4420 1007 4460 ore
1040 4422 1142 4477 per
1167 4421 1271 4460 vos
1300 4404 1661 4477 glorificetur
1689 4405 1845 4461 Deus

180 4502 237 4551 et
268 4496 451 4551 Pater
477 4492 708 4549 Domini
754 4493 1110 4581 nostriJesu
1139 4491 1377 4560 Christi,
1401 4498 1459 4549 et
1513 4495 1585 4550 ad
1631 4499 1845 4550 sanctae
1875 4517 1925 4581 D

178 4581 487 4640 catholica:
526 4586 585 4637 et
631 4580 963 4655 apostolicae
1013 4581 1300 4649 Ecclesiae,
1337 4582 1618 4655 regnique
1665 4584 1841 4639 vestri

176 4671 364 4727 decus
394 4670 731 4741 conjunctio
770 4675 963 4726 vestra
1002 4671 1266 4742 proficiat
1324 4671 1397 4725 ad
1455 4670 1727 4726 salutem.
1761 4672 1841 4727 De

176 4757 450 4832 epistolis
482 4763 678 4814 autem
710 4759 948 4826 nostris,
962 4775 1112 4830 quas
1141 4758 1530 4831 suscipientes
1555 4760 1839 4834 archiepi-

175 4847 378 4922 scopis
407 4852 468 4903 et
494 4847 807 4921 episcopis,
838 4863 1154 4920 regnorum
1212 4852 1562 4915 vestrorum,
1611 4849 1729 4906 imo
1785 4857 1844 4907 et

177 4936 446 4994 Lotharii
477 4936 640 5010 regni
673 4937 892 5010 pariter
926 4936 1378 5009 archiepiscopis
1424 4942 1483 4993 et
1527 4938 1839 5012 episcopis,

177 5026 513 5083 secundum
554 5030 814 5083 tenorem
858 5025 1093 5082 illarum
1135 5026 1404 5096 dedistis,
1428 5031 1624 5097 grates
1661 5027 1843 5084 excel-

177 5113 376 5171 lentiae
398 5120 604 5170 vestrae
634 5115 1087 5171 retulimus.Sed
1124 5115 1265 5186 quia
1292 5130 1391 5171 eos
1436 5116 1509 5170 ad
1550 5118 1839 5189 synodum

178 5209 472 5271 nostram,
495 5208 553 5259 et
599 5221 704 5275 pro
734 5205 1011 5276 angustia
1038 5203 1341 5276 temporis,
1365 5208 1425 5260 et
1472 5221 1577 5277 pro
1626 5206 1841 5277 injuria

176 5290 810 5359 transitus,occurrere
841 5309 957 5347 non
979 5290 1167 5347 valere
1198 5291 1449 5357 dixistis,
1469 5294 1676 5349 merito
1697 5296 1842 5351 dure

177 5380 607 5448 tulimus,cum
639 5385 802 5437 tanta
819 5381 1100 5452 temporis
1131 5381 1405 5453 angustia
1434 5398 1550 5437 non
1576 5382 1844 5439 immine-

179 5475 282 5538 ret,
308 5475 373 5525 at
404 5468 614 5526 saltem
664 5470 736 5525 de
784 5469 1086 5526 vobiscum
1137 5471 1620 5527 conversantibus
1668 5472 1840 5528 binos

181 5558 415 5617 mittere
459 5558 893 5630 nequivissetis,
942 5558 1229 5631 praecipue
1276 5562 1364 5628 tu,
1396 5558 1477 5615 fili
1530 5560 1609 5615 mi
1641 5560 1841 5619 Carole

1956 490 2089 561 qius
2119 506 2296 561 quam
2332 490 2528 546 fratris
2576 491 2661 546 tui
2706 492 2979 548 Ludovici
3010 493 3206 550 dilecti
3264 494 3368 552 filii
3426 497 3611 553 nostri

1956 578 2196 651 gloriosi
2228 580 2381 652 regis
2412 581 2486 635 ab
2517 579 2625 635 hac
2656 585 2859 639 sancta
2889 583 3027 638 sede
3061 583 3120 638 in
3153 584 3612 670 occideptalibus

1958 668 2223 740 partibus
2245 685 2416 723 secus
2440 686 2599 725 mare
2615 670 2911 726 Oceanum
2935 672 3224 745 disparari
3244 668 3464 731 fateris.
3486 676 3613 731 Non

1956 755 2114 810 enim
2146 756 2423 811 credibile
2456 761 2646 828 potest
2675 759 3025 823 existere,ut
3055 760 3197 816 adeo
3229 760 3463 835 longius
3493 763 3614 819 dis—

1957 849 2197 917 paretur
2228 861 2473 918 regnum
2508 852 2695 914 tuum,
2730 851 2813 915 ut,
2842 846 2996 904 sicut
3036 865 3215 920 supra
3254 851 3614 909 meminibus

1957 934 2110 1001 (edit.
2149 935 2295 989 Rom.
2328 936 2564 990 inserit:
2597 934 2803 992 saltem
2838 936 2908 991 de
2937 937 3239 993 vobiscum
3271 956 3614 996 conversan-

1959 1022 2140 1088 tibus,
2164 1022 2273 1091 vel,
2300 1027 2455 1091 etc.),
2480 1023 2566 1079 vel
2599 1024 2767 1080 binos
2791 1026 2989 1094 unius,
3007 1032 3109 1082 aut
3129 1027 3378 1083 duarum
3404 1033 3613 1085 metro-

1962 1110 2166 1183 poleon
2202 1109 2425 1184 legatos
2456 1111 2718 1168 omnium
2759 1113 2914 1169 vices
2946 1120 3184 1188 agentes
3215 1116 3464 1191 dirigere
3496 1135 3612 1175 non

1957 1198 2261 1256 valuisses.
2282 1199 2756 1272 Reprehensibile
2770 1202 3022 1275 denique
3034 1203 3199 1260 valde
3216 1222 3344 1261 esse
3362 1211 3610 1278 constat,

1961 1289 2116 1360 quod
2150 1288 2538 1357 subintulisti,
2566 1289 2811 1346 dicendo
2843 1293 3123 1363 majorem
3151 1299 3374 1365 partem
3395 1296 3615 1369 episco-

1960 1394 2169 1449 porum
2204 1380 2467 1434 omnium
2500 1379 2595 1436 die
2626 1385 2942 1454 noctuque,
2974 1399 3108 1438 cum
3160 1383 3291 1440 aliis
3341 1386 3613 1443 fidelibus

1958 1466 2098 1531 tuis,
2123 1472 2327 1523 contra
2356 1467 2578 1540 piratas
2619 1470 2947 1526 maritimos
2988 1471 3310 1545 invigilare,
3334 1475 3407 1530 ob
3438 1476 3613 1549 idque

1959 1554 2216 1627 episcopi
2251 1556 2649 1628 impediantur
2675 1558 2869 1614 venire
2897 1575 2910 1615 :
2944 1576 3079 1615 cum
3110 1561 3365 1618 militum
3397 1563 3643 1627 Christi,

1961 1644 2038 1700 sit
2058 1642 2286 1700 Christo
2317 1647 2551 1714 servire,
2578 1646 2844 1703 militum
2863 1665 2996 1704 vero
3026 1648 3244 1719 saeculi,
3268 1652 3508 1723 saeculo;
3534 1654 3612 1710 si-

1962 1738 2060 1788 cut
2080 1733 2363 1806 scriptum
2396 1740 2485 1790 est
2509 1752 2521 1790 :
2546 1737 2709 1793 Nemo
2734 1739 2985 1793 militans
3018 1743 3131 1795 Deo
3163 1742 3411 1813 implicat
3435 1759 3491 1798 se
3519 1759 3613 1799 ne-

1960 1825 2121 1892 gotiis
2150 1824 2513 1880 saecularibus
2554 1826 2623 1897 (ll
2667 1828 2801 1881 Tim.
2843 1831 2927 1896 ιι).
2955 1828 3120 1894 Quod
3152 1829 3201 1885 si
3232 1830 3426 1886 saeculi
3461 1831 3615 1888 mili-

1960 1917 2049 1968 tes
2078 1912 2340 1968 seculari
2372 1913 2592 1968 militia:
2634 1916 2897 1982 student,
2918 1916 3058 1988 quid
3103 1919 3174 1973 ad
3225 1920 3527 1993 episcopos
3558 1925 3616 1977 et

1961 2001 2177 2057 milites
2199 2001 2432 2070 Christi,
2459 2003 2571 2058 nisi
2597 2008 2659 2059 ut
2680 2009 2882 2059 vacent
2904 2006 3193 2063 orationi?
3221 2009 3615 2080 Sperabamus

1960 2094 2036 2161 te,
2063 2090 2143 2146 fili
2168 2091 2533 2157 charissima,
2560 2094 2616 2147 in
2638 2093 2779 2150 talia
2800 2111 2914 2151 non
2939 2113 3338 2170 prorumpere,
3355 2100 3475 2171 qui.
3497 2100 3612 2156 Deo

1959 2181 2199 2253 gratias,
2223 2181 2417 2237 clarus
2442 2182 2501 2237 in
2527 2184 2756 2239 cunctis
2786 2183 3039 2240 haberis.
3064 2187 3270 2243 Aditus
3301 2192 3496 2244 autem
3519 2206 3611 2245 ve-

1960 2270 2157 2326 niendi
2189 2271 2261 2326 ad
2296 2276 2524 2326 tantum
2562 2273 2861 2345 negotium
2894 2274 3261 2332 antistitibus
3291 2275 3408 2333 illis
3438 2278 3612 2335 dene-

1961 2358 2083 2432 gari
2115 2376 2230 2415 non
2262 2360 2484 2415 debuit.
2520 2361 2585 2415 Et
2615 2361 2664 2415 si
2700 2361 2845 2417 forte
2885 2364 3171 2436 denegare
3202 2365 3435 2434 vellent,
3468 2384 3613 2440 quo-

1961 2449 2338 2520 quomodo,si
2374 2450 2613 2505 monitis
2636 2451 2853 2506 nostris
2880 2468 3081 2523 parere
3104 2452 3475 2527 delegissent,
3497 2455 3615 2511 adi-

1959 2541 2058 2592 tus
2086 2536 2204 2592 illis
2224 2543 2280 2593 et
2308 2539 2597 2595 transitus
2628 2541 3020 2611 patefieret.Si
3041 2541 3338 2599 venissent
3360 2544 3616 2601 collectis

1961 2627 2265 2698 operariis,
2283 2628 2391 2683 hoc
2416 2628 2616 2701 utique
2648 2645 2719 2684 ne
2743 2630 2904 2685 ﬂeret
2917 2630 3136 2691 melius
3166 2634 3611 2706 corrigeremus.

1961 2716 2109 2783 Quia
2138 2715 2253 2772 illis
2284 2716 2439 2785 inde,
2462 2722 2519 2773 et
2550 2718 2719 2773 nobis
2751 2717 2889 2787 hinc
2920 2719 3075 2775 Deus
3107 2721 3167 2775 in
3196 2727 3481 2778 conventu
3517 2741 3617 2779 no-

1961 2808 2083 2859 stro
2116 2805 2346 2861 medius
2378 2806 2683 2878 tribuerat,
2710 2810 2776 2861 ut
2805 2812 2862 2861 ot
2892 2808 3109 2864 nostris
3141 2812 3197 2863 et
3223 2810 3427 2867 vestris
3458 2812 3617 2867 dein-

1960 2908 2098 2965 ceps
2118 2892 2312 2950 aditus
2333 2894 2607 2966 denegari
2632 2912 2749 2951 non
2775 2901 2990 2968 posset.
3011 2897 3157 2952 Nam
3182 2915 3285 2954 nec
3307 2899 3378 2955 de
3399 2900 3615 2956 nostris

1961 2979 2172 3038 melius
2203 2983 2393 3039 dicere
2426 3000 2766 3056 possumus,
2788 3001 2898 3040 nec
2929 2985 3095 3057 pejus
3122 2986 3192 3042 de
3216 2988 3447 3055 vestris,
3477 2988 3617 3061 quia

1964 3069 2104 3142 quid
2137 3071 2305 3127 nobis
2333 3071 2616 3145 impediat
2644 3072 2887 3146 longum
2920 3079 3009 3129 est
3045 3091 3338 3132 enarrare.
3368 3078 3529 3143 Quod
3564 3078 3613 3135 si

1878 3143 1923 3212 (ἶ
1959 3157 2391 3232 intercapedine
2422 3143 2716 3234 temporis
2748 3143 2817 3217 ad
2850 3161 3057 3219 Clusas
3095 3180 3198 3235 pro
3240 3165 3356 3221 Deo
3390 3165 3611 3239 aliquid

1960 3247 2330 3317 tolerassent,
2354 3249 2585 3305 lucrum
2610 3268 2714 3323 pro
2733 3251 3037 3307 tentationi
3047 3253 3156 3308 bus
3178 3257 3234 3308 et
3258 3252 3557 3311 laboribus
3581 3272 3616 3312 a

1960 3337 2210 3394 Domino
2259 3355 2539 3412 magnum
2585 3339 2928 3412 reciperent.
2961 3342 3072 3396 Sed
3124 3341 3262 3413 quia
3308 3343 3612 3400 occasione

1959 3426 2246 3483 transitus
2274 3429 2605 3501 sulfugiunt
2631 3446 2738 3485 nos
2770 3428 2906 3485 licet
2926 3430 3107 3485 coacti
3131 3430 3324 3487 adhuc
3347 3430 3466 3488 haec
3486 3449 3609 3506 gra-

1958 3517 2193 3572 vamina
2222 3518 2683 3573 sustinebimus:
2711 3535 2813 3573 vos
2844 3523 3038 3574 tamen
3071 3519 3363 3576 videbitis.
3394 3521 3505 3577 Sed
3531 3522 3609 3578 in-

1959 3604 2142 3679 telligi
2174 3607 2349 3661 datur
2377 3622 2479 3662 eos
2519 3606 2760 3662 monitis
2802 3608 3019 3663 nostris
3064 3624 3179 3664 non
3210 3608 3357 3665 velle
3386 3627 3610 3681 parere,

1960 3699 2196 3765 propter
2214 3692 2355 3748 illud
2381 3693 2537 3765 quod
2562 3693 2619 3747 in
2643 3692 2851 3749 litteris
2866 3694 3075 3750 vestris
3093 3694 3384 3752 subditur.
3402 3696 3615 3752 Dicunt

1958 3782 2114 3837 enim
2147 3787 2279 3855 post
2308 3782 2712 3854 aliquanta,ut
2742 3782 3047 3856 episcopos
3076 3784 3147 3839 de
3178 3785 3375 3857 regnis
3404 3786 3614 3842 vestris

1957 3872 2029 3925 ad
2054 3872 2342 3944 synodum
2367 3872 2611 3927 Romam
2636 3872 2904 3927 mittendi
2927 3872 3247 3929 necessitas
3276 3891 3389 3929 non
3419 3879 3613 3947 postu-

1956 3958 2054 4015 let.
2074 3960 2236 4016 Unde
2257 3960 2304 4015 si
2329 3978 2428 4015 vos
2454 3961 2700 4016 fortasse
2729 3959 2899 4016 aliter
2919 3961 3137 4032 dicitis,
3162 3978 3271 4017 nos
3300 3962 3445 4018 illud
3469 3964 3612 4019 dici-

1957 4049 2284 4121 mus,quod
2311 4049 2592 4104 divinitus
2624 4048 3091 4122 revelatur,quia
3121 4067 3255 4105 cum
3290 4052 3610 4109 novitatum

1957 4137 2114 4193 mala
2134 4136 2513 4209 multiplicari
2532 4138 2852 4202 videamus,
2870 4138 2918 4192 si
2939 4155 3009 4193 ex
3029 4137 3274 4194 diversis
3298 4140 3610 4212 provinciis

1955 4228 2163 4282 fratres
2196 4226 2253 4280 in
2282 4226 2529 4281 invicem
2566 4225 2973 4282 convenissent
2994 4228 3164 4297 juxta
3194 4226 3452 4299 priscum
3484 4245 3609 4285 mo-

1957 4331 2101 4380 rem,
2126 4319 2184 4370 et
2215 4331 2323 4370 nos
2366 4329 2655 4370 consensu
2706 4313 2963 4382 illorum,
2998 4314 3290 4371 revelante
3338 4316 3606 4384 Domino,

1956 4420 2083 4476 qua;
2112 4405 2475 4459 decernenda
2498 4408 2637 4459 sunt
2657 4405 3057 4471 decernemus,
3082 4409 3139 4459 et
3161 4404 3271 4476 ipsi
3298 4406 3609 4462 necessita-

1954 4498 2041 4549 tes
2064 4511 2202 4549 suas
2234 4494 2569 4560 referentes,
2593 4498 2650 4549 et
2681 4510 2787 4549 nos
2819 4498 3049 4549 nostras
3079 4499 3451 4565 exponentes,
3479 4511 3608 4566 qua:

1953 4584 2185 4639 decreta
2202 4584 2451 4639 fuissent
2468 4583 2682 4639 melius
2700 4582 2759 4636 in
2778 4582 3045 4637 omnium
3063 4582 3334 4637 notitiam
3354 4584 3610 4640 facerent

1952 4672 2375 4744 pervenire,qui
2400 4689 2632 4744 semper
2651 4670 2991 4744 synodalem
3011 4676 3359 4727 conventum
3384 4689 3417 4727 a
3440 4672 3609 4728 nobis

1951 4762 2251 4835 aggregari
2274 4761 2592 4833 petierant:
2615 4760 2815 4832 sicque
2836 4760 3020 4830 fieret,
3035 4762 3101 4815 ut
3123 4761 3448 4816 secundum
3472 4777 3612 4835 qua-

1952 4851 2175 4906 litatem
2200 4849 2386 4905 morbi
2420 4849 2711 4905 medicina
2732 4849 3136 4915 conficeretur,
3157 4853 3217 4904 et
3250 4850 3322 4904 ad
3346 4852 3611 4906 sanando.

1950 4938 2191 4994 vulnera
2207 4937 2377 5012 longe
2393 4937 2623 5010 lateque
2639 4938 3054 4993 effunderetur.
3071 4936 3347 4995 Salomon
3367 4940 3605 5012 quidem

1950 5027 2143 5084 verbis
2172 5027 2391 5083 nostris
2421 5028 2735 5095 consentit,
2752 5044 2886 5082 cum
2913 5028 3069 5083 dicat
3093 5044 3106 5081 :
3130 5028 3297 5085 Salus
3316 5030 3417 5084 ubi
3433 5030 3607 5085 multa

1948 5118 2182 5173 consilia
2201 5119 2387 5185 (Prov.
2410 5120 2512 5183 χι).
2532 5118 2617 5170 An
2642 5115 2880 5172 nescitis
2912 5116 3228 5173 nonnullos
3258 5134 3326 5173 ex
3355 5116 3605 5173 nonnul-

1949 5206 2022 5262 lis
2052 5204 2364 5278 provinciis
2414 5204 2695 5277 praasules
2744 5206 2827 5261 ita
2875 5206 3125 5262 fecisse?
3161 5206 3322 5271 Quod
3374 5204 3603 5259 facilius

1949 5294 2097 5350 scire
2128 5293 2391 5366 potestis,
2414 5294 2464 5349 si
2495 5292 2701 5362 vultis;
2738 5292 2870 5349 licet
2898 5312 3021 5361 vos,
3056 5295 3104 5351 si
3137 5294 3333 5358 vultis,
3359 5291 3602 5345 minimc

1948 5383 2144 5438 lateat.
2170 5382 2430 5455 Denique
2462 5386 2583 5438 tam
2615 5384 2950 5456 prudentes,
2985 5389 3225 5453 tamque
3256 5378 3600 5452 praecipuos,

1949 5478 2004 5529 et
2035 5470 2362 5545 praeclaros,
2380 5489 2445 5528 ac
2466 5490 2615 5545 quos
2637 5473 2791 5529 Deus
2815 5474 2871 5528 in
2895 5472 3177 5528 charitate
3195 5484 3329 5524 vera
3348 5466 3603 5537 cunjun-

1949 5561 2051 5631 xit,
2074 5562 2230 5617 viros
2263 5561 2685 5634 reprehendere
2707 5561 2982 5619 nolumus
3006 5576 3018 5614 :
3045 5558 3186 5631 quin
3208 5556 3403 5630 potius
3426 5558 3494 5610 ut
3514 5552 3607 5609 di-
