4036 6132
453 243 572 310 923

1826 240 2108 305 NICOLA

2217 239 2410 303 ἈΡᾸΞ
2452 241 2500 303 Ῑ.
3707 247 3811 310 1924

455 377 806 435 lectissimos
834 375 984 433 filios
1015 380 1252 449 paterno
1284 392 1481 432 amore
1503 374 1842 441 excolimus,
1861 379 1916 430 et
1946 379 2010 430 ut
2043 374 2101 429 in
2134 376 2188 441 Α
2220 381 2333 431 tem
2365 377 2493 445 ejus
2516 379 2714 432 nostro
2737 374 2965 445 judicio
2988 380 3343 432 reservantes
3372 375 3756 443 statuimus,ut
3774 382 3811 436 si

458 468 680 524 unitate
697 466 831 523 fidei
850 464 1723 540 permaneatis,cunctipotentis
1738 465 2107 521 clementiam

458 574 788 614 exoramus.
814 557 975 622 Quod
1009 557 1057 612 si
1091 555 1182 611 cui
1215 572 1285 611 ex
1315 555 1705 611 confratribus
1742 554 1957 610 nostris
1987 552 2107 625 epi-

458 647 651 719 scopis
683 645 823 702 talia
853 646 1021 701 nobis
1070 644 1391 715 misissent,
1435 643 1830 700 habueramus
1860 642 2111 716 qualiter

456 735 589 793 illos
612 734 1030 808 reprehendere
1048 739 1105 789 et
1124 734 1470 807 redarguere
1491 734 1856 797 deberemus,
1872 736 2108 804 excepto

457 826 507 882 si
540 824 791 898 regalem
846 823 1315 895 magnitudinem
1363 828 1616 878 vestram
1667 822 1777 877 sibi
1828 821 2109 894 impedire

456 915 760 980 dixissent,
786 914 844 969 in
867 914 1028 968 vobis
1052 913 1159 967 hoc
1192 914 1443 983 pendere
1475 917 1531 968 et
1563 911 1772 983 corrigi
1795 911 2005 966 debere
2024 909 2106 965 vi-

455 1004 709 1059 deretur.
732 1004 875 1059 Ecce
906 1002 1197 1074 episcopis
1229 1018 1542 1074 regnorum
1571 1006 1892 1056 vestrorum
1924 999 2108 1071 impe-

455 1092 784 1148 dimentum
815 1096 1176 1163 praeparatur
1216 1107 1285 1145 ne
1323 1091 1595 1145 veniant:
1623 1088 1880 1145 Lotharii
1911 1094 2107 1144 autem

430 1181 845 1254 -episcopi,qui
876 1181 1055 1236 frater
1085 1180 1256 1236 istius
1283 1183 1373 1235 est
1395 1179 1533 1251 quid
1566 1178 1949 1248 obsistit,nisi
1970 1179 2111 1250 quia

455 1272 525 1327 de
556 1270 762 1326 vestris
802 1274 1042 1324 sumant
1090 1268 1478 1335 occasionem,
1514 1273 1570 1323 et
1600 1269 1753 1323 sicut
1796 1266 1992 1334 vestri,
2027 1267 2110 1322 ita

453 1364 511 1416 et
539 1359 698 1414 illius
734 1358 1092 1430 negligentes
1124 1358 1482 1430 appareant?
1510 1357 1653 1412 Nam
1705 1356 1856 1411 inter
1905 1360 2109 1411 caetera

453 1448 778 1522 plurimum
812 1463 966 1502 nunc
997 1447 1058 1501 in
1090 1463 1268 1501 causa
1296 1447 1562 1517 ejusdem
1597 1445 1961 1509 Lotharii,de
1993 1461 2108 1515 quo

452 1538 913 1604 subinferemus,
938 1536 1236 1607 profuerat
1264 1535 1311 1591 si
1346 1535 1642 1591 venissent
1673 1552 1686 1589 :
1722 1533 1860 1606 quia
1890 1533 2108 1589 auditis

452 1626 703 1683 decretis
725 1630 781 1681 et
807 1624 1094 1680 institutis
1116 1624 1369 1679 lucidius
1394 1628 1603 1679 cuncta
1623 1624 1922 1692 referrent,
1945 1624 2027 1678 ita
2044 1627 2110 1677 ut

454 1714 723 1772 nubilum
741 1712 963 1786 aliquid
988 1712 1229 1769 minime
1252 1714 1873 1769 remaneret.Fortasse
1890 1712 2104 1768 etenim
2137 1749 2184 1814 Β

454 1805 575 1861 haec
622 1803 858 1859 illorum
889 1801 1113 1872 dilatio,
1140 1807 1198 1860 et
1227 1802 1493 1859 absentia
1552 1802 1741 1875 magis
1800 1802 1988 1857 obfuit
2045 1802 2106 1856 in

453 1893 582 1965 ejus
602 1891 1027 1959 emendatione,
1049 1908 1227 1963 quam
1250 1890 1585 1957 obstinatio,
1610 1890 1749 1963 quia
1770 1890 1819 1947 si
1843 1889 2108 1947 absentia

454 1986 512 2038 et
542 1980 743 2037 dilatio
775 1998 891 2036 non
922 1987 1097 2048 esset,
1131 1981 1446 2037 obstinatio
1479 1980 1679 2052 utique
1723 1981 1848 2052 jam
1897 1980 2105 2035 saltem

454 2074 653 2127 coacta
684 2074 958 2126 cessaret.
982 2069 1093 2126 Sed
1125 2069 1219 2125 his
1249 2069 1507 2134 omissis,
1532 2070 1603 2124 ad
1627 2074 1818 2125 vestra
1837 2067 2108 2126 consulta

455 2160 677 2233 stylum
709 2163 977 2215 nostrum
1011 2160 1401 2214 reﬂectamus.
1426 2158 1628 2219 Dicitis
1653 2157 1808 2214 enim
1839 2175 1940 2213 vos
1962 2175 2107 2230 prae-

457 2251 641 2305 fatum
675 2248 1111 2318 commonuisse
1145 2248 1505 2303 Lotharium.
1526 2247 1689 2302 Sicut
1708 2247 1768 2302 in
1791 2249 2109 2304 commoni-

453 2339 603 2395 torio
632 2338 802 2394 nobis
833 2356 869 2394 a
895 2337 1059 2393 vobis
1090 2336 1308 2392 directo
1341 2335 1531 2408 legere
1560 2336 2104 2408 przevaluissemus;

455 2431 513 2482 et
541 2426 814 2481 eumdem
847 2442 999 2497 saepe
1026 2424 1191 2480 vobis
1221 2426 1535 2480 mandasse
1567 2426 2105 2498 asseveratis,quod

454 2512 701 2572 Romam
724 2530 961 2587 pergere
983 2513 1138 2581 velit,
1155 2517 1211 2569 et
1239 2531 1344 2586 per
1372 2519 1633 2570 nostram
1657 2515 2106 2587 dispositionem

454 2604 526 2660 de
554 2619 733 2659 causa
763 2602 854 2658 sui
903 2601 1161 2674 conjugii
1190 2602 1398 2658 facere.
1433 2604 1544 2659 Sed
1595 2602 1744 2658 heul
1777 2602 1949 2659 dictis
1983 2605 2105 2676 [al.,

454 2692 548 2750 his
572 2691 763 2758 dictis,
780 2692 988 2762 Hann]
1012 2707 1161 2764 opus
1183 2709 1299 2747 non
1322 2692 1978 2764 accommodastis,quia
2001 2710 2108 2748 sae-

454 2780 588 2854 pius
603 2780 674 2836 de
687 2779 1003 2836 directione
1016 2780 1450 2836 commonitorii
1464 2781 1760 2836 mentione
1783 2781 1933 2837 facta
1950 2781 2107 2839 idem

453 2868 969 2926 commonitorium
1000 2870 1207 2937 abfuit,
1242 2874 1299 2925 et
1346 2869 1515 2927 nobis
1562 2871 1858 2927 frustratis
1889 2888 2107 2943 nequa-

455 2976 633 3032 quam
667 2957 1014 3031 comparuit.
1050 2959 1210 3024 Quod
1246 2957 1295 3014 si
1334 2958 1772 3028 habuissemus,
1814 2966 2106 3017 certamen

453 3054 714 3104 vestrum
754 3064 930 3120 super
969 3047 1062 3103 his
1090 3064 1614 3120 cognosceremus:
1641 3050 1742 3105 sed
1782 3067 1917 3105 cum
1957 3050 2102 3106 illud

455 3136 723 3204 defuerit,
748 3137 1046 3192 nescimus
1077 3137 1126 3192 si
1157 3136 1321 3192 labor
1364 3142 1554 3193 vester
1602 3137 1941 3195 fructuosus
1973 3140 2101 3195 fuit.
2135 3117 2178 3185 (ἶ

456 3225 588 3298 Ipse
617 3225 851 3296 quidem
884 3224 1196 3281 Lotharius
1226 3225 1416 3292 nobis,
1451 3230 1516 3281 ut
1543 3227 1726 3295 vobis,
1748 3227 1975 3284 vicibus
2004 3247 2109 3302 per

454 3313 789 3387 imperiales
821 3313 1044 3388 legatos
1096 3314 1413 3383 mandavit,
1437 3315 1595 3388 quod
1643 3317 1889 3373 Romam
1936 3317 2110 3374 vellet

453 3404 670 3459 venire.
703 3402 805 3458 Cui
851 3403 1283 3472 interdiximus,
1321 3409 1378 3460 et
1409 3404 1646 3461 omnino
1678 3406 2106 3476 interdicimus,

456 3498 523 3548 ut
553 3493 664 3548 iter
690 3492 826 3547 talis
858 3492 1051 3564 qualis
1093 3511 1250 3550 nunc
1279 3498 1369 3549 est
1410 3511 1525 3550 non
1567 3495 1828 3566 arripiat,
1855 3513 1920 3552 eo
1952 3498 2105 3568 quod

459 3586 661 3637 sancta
690 3582 953 3636 Romana
982 3581 1240 3638 Ecclesia
1276 3582 1453 3637 talem
1491 3588 1729 3655 respuat
1758 3589 1817 3640 et
1846 3590 2108 3642 contem-

458 3673 652 3734 nat,et
680 3669 740 3723 in
771 3669 880 3724 hoc
912 3671 1427 3741 perseveret,quod
1452 3669 1566 3726 late
1596 3671 1655 3726 in
1683 3676 1801 3728 toto
1826 3673 2107 3730 diffusum

456 3761 545 3813 est
574 3758 731 3813 orbe.
755 3758 902 3813 Nam
934 3775 1098 3813 verso
1131 3759 1231 3814 diu
1261 3759 1484 3815 lumine
1512 3777 1617 3831 per
1646 3761 1841 3832 apices
1861 3767 2105 3830 vestros,

457 3844 785 3903 anhelando
816 3846 1299 3918 preestolabamur
1327 3846 1519 3904 locum
1542 3849 1848 3922 attingere,
1869 3852 1966 3923 qui
2001 3870 2107 3909 nos

454 3934 545 3992 vel
575 3934 749 3991 verbo
781 3934 977 4007 aliquo
1027 3936 1199 3992 modo
1224 3937 1320 4007 [αἱ.
1354 3939 1501 3993 abest
1531 3954 1658 4004 vox,
1682 3939 1875 4006 modo,
1897 3940 2107 4013 Hann]

457 4024 586 4096 opis
606 4028 912 4093 annueret,
937 4041 1052 4097 quo
1073 4041 1385 4097 possemus
1406 4024 1666 4098 aliquam
1688 4026 1947 4084 laetitiam
1966 4047 2109 4102 prae-

457 4129 709 4169 sumere.
724 4113 831 4168 Sed
856 4114 1237 4185 perscrutatis
1257 4114 1552 4181 omnibus,
1575 4132 1640 4170 ac
1663 4117 1735 4171 ad
1756 4116 1975 4174 calcem
2008 4137 2106 4175 us-

458 4219 572 4275 que
604 4202 854 4272 relectis,
879 4207 1012 4274 post
1038 4202 1346 4259 lectionem
1377 4204 1506 4276 ipsa
1536 4221 1662 4276 quae
1694 4204 1881 4262 inerat
1910 4207 2109 4265 laetitia

456 4291 764 4357 abscessit,
778 4295 836 4347 et
857 4308 964 4348 nos
982 4290 1146 4347 dolor
1167 4293 1484 4348 continuus
1508 4292 1662 4349 illico
1686 4296 2110 4370 possedit,quia

456 4378 518 4433 in
549 4378 776 4434 cunctis
799 4396 1008 4434 sumus
1028 4378 1313 4447 frustrati,
1340 4385 1397 4435 et
1416 4382 1571 4452 quod
1596 4398 1711 4437 non
1733 4384 2105 4455 optabamus,

2222 466 2509 538 praedictis
2537 465 2919 539 Theutbergaa
2951 466 3207 538 captiose
3235 465 3432 538 aliqua
3459 467 3568 522 alia
3586 468 3813 537 crimina,

2219 560 2534 628 postquam
2578 572 2708 611 eam
2739 572 2772 610 a
2802 570 2864 612 se
2914 555 3148 627 repulit,
3173 555 3422 626 objicere
3459 555 3703 624 voluerit,
3729 557 3815 614 hoc

2218 648 2574 717 expurgetur
2594 648 2982 709 sacramento,
2998 643 3047 699 si
3065 644 3146 699 ita
3168 642 3481 700 necessitas
3497 646 3815 718 compulerit;

2219 734 2381 799 Quod
2414 733 2463 787 si
2496 733 2744 804 innupta
2775 749 3011 788 manere
3040 733 3359 789 decreverit
3386 738 3443 788 et
3471 733 3585 789 viro
3622 751 3716 789 suo
3750 752 3815 791 re-

2218 821 2518 878 conciliari
2536 821 2809 892 noluerit,
2825 822 3125 878 sancimus
3141 827 3206 877 ut
3224 827 3464 895 c’ogatur
3485 822 3541 877 in
3563 823 3817 895 amplexus

2218 911 2454 967 uxorios
2477 910 2693 979 redire;
2719 911 2858 983 quia
2878 911 3186 983 utriusque
3208 928 3272 967 se
3294 912 3598 983 separandi
3619 929 3719 966 non
3739 913 3819 968 fuit

2216 1002 2506 1056 voluntas.
2528 1001 2674 1056 Nam
2706 1001 2756 1056 si
2802 1001 3035 1073 utrique
3069 1000 3128 1055 in
3160 1000 3406 1056 divortio
3445 1002 3817 1070 consenserint,

2218 1094 2275 1145 et
2306 1090 2616 1145 Lotharius
2637 1091 2765 1162 jam
2797 1090 3040 1145 omnino
3071 1088 3341 1161 copulam
3382 1090 3705 1145 concubitus
3730 1107 3816 1145 non

2217 1180 2534 1251 repetierit,
2554 1179 2663 1235 hoc
2685 1179 2809 1234 ﬁeri
2840 1195 2956 1234 non
2989 1178 3406 1251 prohibemus:
3428 1177 3561 1250 quia
3586 1177 3816 1240 Dominus

2219 1268 2289 1323 de
2319 1267 2668 1323 dimittenda
2696 1284 2873 1324 uxore
2916 1284 3156 1323 causam
3188 1271 3423 1323 tantum
3471 1266 3816 1323 fornicationis

2217 1357 2461 1429 excepit.
2489 1357 2672 1429 Igitur
2692 1357 2741 1412 si
2765 1357 3096 1424 Lotharius,
3112 1373 3291 1429 quem
3315 1356 3594 1413 hactenus
3612 1357 3815 1412 converti

2218 1445 2532 1517 praestolati
2564 1451 2873 1513 sumus,et
2902 1445 3218 1502 vindictam
3252 1446 3312 1500 in
3345 1461 3500 1522 eum,
3533 1463 3600 1500 ne
3628 1445 3819 1517 sanguis

2217 1534 2635 1603 effunderetur,
2650 1540 2707 1591 et
2730 1551 2802 1591 ne
2824 1534 2975 1591 bella
2997 1535 3415 1602 excitarentur,
3440 1533 3719 1607 propalare
3735 1534 3820 1589 dis-

2218 1624 2490 1692 tulimus,
2511 1642 2691 1680 cornu
2724 1623 3018 1691 extulerit,
3049 1628 3107 1680 et
3137 1624 3358 1680 nostris
3400 1623 3702 1695 vestrisque
3727 1639 3817 1678 mo-

2216 1713 2359 1770 nitis
2389 1714 2625 1770 obedire
2655 1713 3001 1787 neglexerit;
3035 1714 3106 1769 de
3146 1718 3356 1769 caetero
3398 1711 3535 1768 talis
3572 1711 3818 1767 habendus

2215 1806 2325 1869 est,
2344 1801 2581 1874 qualem
2605 1801 2773 1858 illum
2796 1820 2898 1874 per
2918 1800 3227 1875 epistolam
3253 1806 3518 1858 nostram
3540 1798 3817 1856 Rhadoaldo

2215 1891 2442 1947 dudum
2465 1891 2760 1963 episcopo,
2777 1895 2833 1947 et
2848 1890 3058 1948 Joanni
3084 1890 3365 1963 episcopo
3387 1889 3622 1945 missam
3643 1905 3732 1944 nos
3747 1887 3818 1943 ha-

2215 1980 2350 2037 bere
2366 1982 2494 2053 jam
2518 1979 2892 2054 cognovistis.
2910 1981 3023 2036 Sed
3044 1979 3171 2049 filii,
3197 1977 3584 2046 dilectissimi,
3598 1983 3648 2034 et
3669 1978 3817 2049 singu-

2215 2068 2417 2126 lariter
2438 2088 2472 2126 a
2492 2070 2661 2126 nobis
2683 2068 2985 2142 diligendi,
3000 2085 3131 2125 ecce
3150 2069 3470 2126 Arsenium
3490 2065 3816 2124 venerabilem

2215 2158 2557 2231 episcopum
2588 2160 2661 2215 ad
2695 2159 2803 2214 hoc
2825 2157 3131 2215 vobiscum
3153 2157 3644 2231 pertractandum,
3661 2160 3709 2211 et
3725 2172 3815 2210 mo-

2217 2247 2541 2304 nitionibus
2587 2248 3175 2320 corrigendum,cum
3224 2246 3562 2320 apostolicis
3608 2242 3816 2316 epistolis

2216 2336 2353 2392 illuc
2384 2337 2829 2393 destinavimus.
2855 2339 3115 2402 Quarum
3142 2335 3520 2409 exemplaria,
3542 2351 3608 2390 ne
3627 2332 3816 2389 authen-

2214 2425 2341 2481 tica
2371 2425 2643 2495 istarum,
2668 2432 2772 2481 aut
2801 2425 3156 2497 interceptae,
3180 2430 3289 2481 aut
3319 2442 3354 2480 a
3384 2424 3593 2496 quibus
3621 2424 3814 2479 fortasse

2217 2515 2634 2584 dehonestatae,
2665 2520 2768 2571 aut
2816 2514 3075 2587 perditis,
3098 2517 3201 2570 aut
3229 2514 3411 2570 etiam
3456 2516 3673 2587 propter
3696 2509 3813 2583 quod

2216 2604 2381 2661 vobis
2408 2604 2682 2660 dubietas
2712 2603 2987 2660 credendi
3017 2607 3420 2676 generaretur,
3445 2619 3544 2675 pro
3573 2601 3721 2657 libitu
3736 2597 3814 2654 ali-

2215 2698 2304 2750 ter
2333 2693 2548 2749 habito'e
2592 2693 2863 2749 fuissent.
2890 2691 3289 2765 magnitudini
3319 2696 3519 2748 vestras
3565 2706 3655 2763 per
3695 2687 3813 2742 hunc

2216 2783 2488 2857 gerulum
2518 2782 2982 2839 transmisimus.
3010 2784 3176 2839 Tunc
3207 2783 3261 2839 si
3307 2781 3658 2838 authenticas
3684 2779 3749 2833 ita
3768 2792 3812 2831 se

2217 2871 2430 2928 habere
2459 2871 2815 2945 repereritis,
2839 2888 3121 2928 assensus
3149 2876 3349 2928 vester
3395 2871 3576 2927 eidem
3622 2865 3810 2924 Arsenio

2217 2961 2562 3034 praebeatur.
2586 2962 2689 3017 Sin
2711 2967 2928 3028 autem,
2951 2965 3188 3034 excepto
3211 2962 3289 3017 de
3322 2960 3581 3017 Rothado
3599 2964 3649 3014 et
3662 2955 3811 3012 Albul-

2218 3067 2312 3117 no,
2338 3049 2425 3105 illi
2456 3067 2556 3106 vos
2588 3050 2821 3106 credere
2870 3067 2987 3106 non
3034 3054 3285 3122 oportet.
3321 3051 3391 3105 Et
3423 3046 3684 3122 quidquid
3725 3042 3809 3098 illis

2217 3141 2277 3195 in
2300 3140 2567 3212 partibus
2589 3143 2785 3194 actum
2810 3139 3005 3204 fuerit,
3024 3140 3135 3195 sub
3157 3143 3462 3211 gestorum
3484 3133 3811 3193 insinuatione

2216 3228 2409 3295 nobis,
2424 3234 2739 3301 antequam
2761 3227 2904 3283 illud
2924 3245 3026 3300 per
3042 3227 3188 3284 alios
3207 3220 3812 3301 cognoscamus,optime

2217 3317 2536 3383 munitum,
2557 3321 2621 3371 ut
2644 3315 2855 3372 melius
2890 3314 3156 3373 laborare
3176 3314 3729 3388 possimus,dirigere
3744 3324 3813 3381 pe-

2216 3407 2418 3473 timus,
2437 3422 2812 3478 nequaquam
2830 3405 3100 3462 omittite.
3118 3407 3267 3462 Sunt
3291 3410 3351 3462 et
3367 3404 3504 3461 aliia
3517 3396 3812 3477 quampluri-

2217 3513 2333 3561 ma,
2358 3512 2484 3567 quaa
2516 3495 2679 3550 vobis
2724 3510 2829 3549 nos
2863 3495 3143 3551 mandare
3170 3494 3344 3551 valde
3374 3494 3713 3567 oportuerat:
3734 3483 3807 3540 sed

2217 3583 2356 3657 quia
2382 3587 2502 3639 tam
2535 3583 2880 3639 clarissimis
2910 3588 2968 3639 et
2999 3583 3484 3655 prudentissimis
3508 3595 3676 3655 pauca
3693 3573 3817 3631 suffi-

2217 3674 2465 3741 ciunt,et
2486 3673 2580 3728 hic
2604 3672 2846 3745 gerulus
2867 3673 3037 3728 nobis
3054 3677 3178 3728 erat
3196 3672 3554 3746 incognitus,
3570 3674 3718 3740 atque
3733 3662 3811 3718 hoc

2216 3779 2352 3818 eum
2383 3761 2619 3826 latebat,
2644 3764 2852 3833 praeter
2891 3760 3012 3817 haec
3054 3761 3317 3817 scribere
3359 3760 3650 3817 desiimus.
3679 3758 3811 3807 Porro

2217 3853 2288 3908 de
2310 3849 2565 3906 Ecclesia
2583 3849 2935 3917 Coloniensi,
2961 3851 3034 3905 de
3064 3867 3182 3922 qua
3213 3868 3327 3907 nos
3360 3843 3728 3909 consuluistis,
3743 3839 3813 3894 de-

2216 3940 2512 3997 cernimus
2543 3943 2608 3994 ut
2649 3938 2735 3993 ibi
2777 3942 3149 3994 consecretur
3198 3938 3470 3996 antistes.
3493 3938 3569 3993 De
3604 3932 3814 3989 Camera-

2216 4028 2377 4086 censi
2397 4044 2550 4096 vero,
2575 4027 2731 4099 quod
2752 4029 3041 4083 statutum
3063 4026 3379 4096 habemus,
3394 4026 3649 4083 volumus
3667 4019 3814 4076 obser-

2213 4118 2336 4175 vari
2369 4134 2383 4173 :
2416 4116 2686 4173 videlicet
2716 4120 2782 4172 ut
2828 4114 2879 4172 si
2932 4114 3039 4171 tibi
3097 4115 3302 4172 electio
3337 4115 3610 4173 canonica
3661 4105 3810 4168 fuerit,

2216 4205 2545 4264 consecrari
2578 4204 2791 4260 debeat
2820 4203 2881 4258 in
2928 4220 2997 4259 ea
3039 4204 3378 4277 episcopus.
3411 4205 3497 4260 Ad
3527 4207 3811 4260 extremum,

2217 4296 2372 4370 quod
2405 4293 2575 4351 silere
2623 4310 2741 4349 non
2789 4308 3127 4364 possumus,
3162 4293 3308 4365 quin
3341 4293 3459 4349 imo
3498 4307 3660 4363 super
3683 4282 3812 4341 dictis

2214 4385 2424 4441 vestris
2442 4381 2939 4453 obstupescimus,
2954 4382 3026 4437 de
3048 4381 3427 4438 Suessionica
3447 4379 3654 4438 scilicet
3670 4370 3813 4429 Eccle-

458 4466 737 4523 derelicti.
764 4468 1183 4523 Verumtamen
1214 4468 1493 4540 quoniam
1525 4469 1678 4526 circa
1722 4470 1966 4528 missam
1990 4476 2110 4546 [hoc
2141 4488 2185 4552 ι)
2216 4475 2324 4542 sia,
2349 4474 2419 4528 de
2451 4488 2586 4544 qua,
2617 4470 2699 4525 ﬁli
2730 4470 2812 4526 mi
2842 4470 3066 4541 Carole,
3089 4472 3245 4543 quod
3289 4468 3612 4544 loquimini,
3647 4479 3744 4552 per
3763 4473 3812 4512 0s

458 4564 535 4611 est
556 4556 710 4611 circa
741 4556 979 4622 festum,
999 4556 1207 4629 Hann]
1232 4556 1416 4613 sancti
1446 4558 1712 4625 Joannis,
1736 4559 1808 4615 de
1828 4577 1943 4632 quo
1965 4562 2108 4619 dixi-

462 4661 616 4712 mus,
639 4643 1000 4717 Lotharium,
1016 4646 1369 4718 dispositum
1395 4646 1624 4702 habetis
1645 4648 1836 4704 denuo
1857 4666 2112 4708 commo-

461 4749 617 4798 nere,
666 4750 780 4788 non
823 4733 1066 4791 moleste
1123 4734 1389 4791 tulimus.
1424 4735 1689 4792 Forsitan
1741 4739 2109 4811 omnipotens

463 4821 617 4878 Deus
639 4838 736 4877 cor
756 4823 886 4893 ejus
907 4824 979 4879 ad
1002 4824 1113 4879 sibi
1138 4824 1351 4896 placita
1372 4823 1651 4881 inclinare
1673 4824 2032 4899 dignabitur,
2055 4835 2112 4887 et

464 4911 534 4967 de
565 4910 1002 4981 praevaricatore
1033 4914 1271 4970 tandem
1312 4914 1481 4970 faciet
1519 4917 1903 4972 convertenda
1934 4918 2110 4976 dilec-

463 5005 612 5055 tum.
636 5000 697 5055 Si
729 5005 924 5057 autem
968 5002 1211 5059 subdole
1240 5003 1689 5076 Theutbergam,
1722 5008 1788 5059 ut
1816 5022 1945 5062 eam
1977 5024 2110 5079 per-

465 5089 585 5157 dat,
600 5087 744 5145 velle
766 5096 1023 5162 repetere
1049 5089 1287 5159 dicitur,
1314 5091 1363 5146 si
1394 5090 1524 5163 ipsa
1553 5091 1699 5148 tales
1730 5092 1987 5166 elegerit,
2012 5112 2117 5169 per

465 5195 613 5250 quos
645 5177 756 5234 sibi
806 5179 1091 5234 securitas
1120 5179 1449 5236 certissima
1480 5181 1601 5246 ﬁat,
1632 5197 1762 5237 ecce
1811 5182 1976 5240 bene.
2011 5185 2113 5241 Sin

466 5273 685 5335 autem,
707 5266 862 5322 idem
896 5266 1206 5322 Lotharius
1238 5268 1490 5339 praebeat
1518 5276 1975 5341 sacramentum,
2000 5291 2115 5345 quo

467 5354 815 5428 polliceatur
844 5371 972 5411 eam
1011 5354 1187 5428 digno
1238 5355 1608 5412 matrimonio
1659 5358 1934 5430 recipere,
1967 5366 2022 5417 et
2054 5366 2118 5417 ut

470 5460 706 5499 uxorem
749 5443 1072 5516 legitimam
1104 5443 1374 5499 decenter
1400 5444 1662 5501 venerari
1708 5450 1765 5502 et
1811 5448 2017 5516 colere,
2051 5467 2117 5506 ac

470 5530 744 5605 deinceps
776 5533 1107 5591 incolumen
1146 5548 1505 5589 conservare.
1531 5534 1611 5590 De
1651 5535 1991 5607 poenitentia
2020 5555 2119 5595 au-

2221 4561 2464 4620 alterius
2494 4558 3017 4632 loquimini,quam
3043 4563 3218 4615 etiam
3254 4576 3359 4632 per
3378 4558 3608 4632 triginta
3634 4548 3813 4608 circiter

2218 4667 2404 4708 annos
2426 4648 2499 4705 ab
2529 4648 2895 4704 infructuosa
2925 4646 3179 4703 ﬁculnea
3206 4649 3472 4704 Rothado
3494 4646 3606 4718 [al.,
3628 4632 3813 4697 Bothel-

2219 4742 2313 4809 do,
2337 4747 2389 4795 et
2414 4740 2495 4795 sic
2523 4738 2724 4809 ubique
2756 4739 3014 4809 inferius,
3048 4737 3258 4810 Hann]
3292 4736 3572 4793 inutiliter
3614 4740 3809 4796 occupa-

2217 4830 2613 4897 tam,excepto
2645 4824 2767 4881 solo
2813 4823 3069 4889 nomine,
3095 4824 3374 4896 pastorali
3413 4821 3601 4879 dicitis
3622 4823 3811 4871 vacasse

2220 4914 2614 4975 sollicitudine
2639 4930 2652 4970 :
2678 4913 2967 4969 miramur
2987 4930 3093 4968 cur
3111 4918 3312 4969 tantus
3334 4930 3433 4969 rex
3454 4903 3707 4967 suasoriis
3722 4912 3811 4953 νῦν·

2223 5006 2313 5061 bis
2335 5004 2507 5070 cedit,
2523 5006 2717 5077 etnon
2741 5002 2930 5075 magis
2953 5020 3069 5059 non
3091 5003 3344 5075 qualiter
3363 5003 3434 5058 de
3455 4993 3693 5057 Rbotado
3710 4986 3809 5044 obe-

2224 5094 2348 5151 diat
2376 5092 2667 5148 latiﬁcare
2696 5096 2990 5164 procurat.
3024 5093 3234 5148 Desine
3271 5108 3429 5165 ergo,
3452 5088 3553 5155 fili,
3572 5089 3621 5141 et
3648 5081 3806 5170 depre-

2224 5181 2444 5241 catoria
2470 5182 2646 5237 verba
2674 5179 2825 5253 pelle
2847 5198 2882 5237 a
2901 5182 3094 5249 corde,
3114 5180 3422 5254 incipeque
3450 5173 3649 5234 nostris
3666 5178 3808 5224 mom-

2224 5272 2303 5329 tis
2332 5286 2555 5344 parere,
2575 5274 2641 5325 ut
2669 5268 3161 5327 excellentissima
3189 5269 3373 5344 gloria
3401 5271 3582 5324 vestra
3602 5273 3716 5317 cum
3740 5266 3807 5344 61f-

2225 5335 2541 5419 sultatione
2563 5359 2893 5426 fructiﬁcet,
2916 5364 2972 5415 et
3000 5375 3133 5415 cun;
3166 5335 3377 5433 gaudio
3405 5346 3707 5425 manipulos
3722 5335 3807 5397 col-

2223 5450 2386 5522 ligat.
2410 5449 2632 5504 Tamen
2664 5447 2914 5520 qualiter
2942 5449 3012 5504 de
3045 5447 3143 5505 illo
3170 5447 3573 5504 sublimitatem
3600 5438 3803 5493 vestram

2225 5542 2489 5612 oporteat
2511 5536 2717 5604 facere,
2732 5536 2862 5594 aliis
2894 5536 3102 5595 litteris
3125 5537 3339 5595 nostris
3357 5529 3621 5611 liquidius
3638 5531 3807 5592 βοεῦσ-
