4036 6132
453 224 619 292 937.

1823 223 2104 287 NlCOLA

2212 224 2404 288 ’APE
2445 224 2495 289 Ι.
3689 233 3794 296 ω

526 361 1021 434 Proposueramus
1052 356 1308 432 quidem,
1342 366 1654 430 anu-quam
1688 357 1931 415 Michael
1975 357 2103 432 glo-
2131 358 2189 425 Α
2216 358 2422 415 benter
2451 358 2997 432 ferimus.Discipuli
3025 358 3180 417 enim
3207 378 3408 420 sumus
3433 362 3675 430 illius,de
3699 383 3796 439 quo

453 449 647 508 riosus
660 447 1600 523 protospathariuslegatusvester
1610 448 1856 505 Romam
1868 448 2106 504 veniens

454 538 760 613 epistolam
789 538 959 595 nobis
991 536 1274 593 claritatis
1301 540 1506 593 vestrae
1527 536 1999 603 detulisset,talia
2015 554 2108 593 vo-

454 627 546 685 bis
594 628 811 702 scripta
843 645 944 701 per
975 626 1188 683 missos
1219 630 1474 693 nostros,
1510 643 1635 699 quae
1654 626 1781 698 jam
1814 630 1872 682 et
1902 631 2107 699 parata

455 714 1268 787 erant,transmittere,qualia
1297 714 2105 788 gravissimus(gratissimus)

454 806 611 863 ﬁlius
641 824 675 862 a
704 804 982 879 diligente
1012 809 1176 875 patre
1196 820 1260 859 ac
1284 803 1386 875 Dei
1417 802 2046 876 cultore,imperatores
2074 821 2108 860 a

454 895 611 952 sedis
640 893 968 967 apostolicae
1001 891 1351 965 praesulibus
1399 891 1554 948 soliti
1592 896 1756 948 erant
1786 892 2103 965 suscipere.

450 985 523 1039 At
549 1000 682 1041 vero
712 983 948 1057 praefato
978 981 1099 1037 viro
1130 980 1520 1053 perveniente,
1554 979 1979 1054 epistolamque
2003 999 2104 1038 no-

452 1071 543 1128 bis
570 1076 773 1127 vestrae
807 1069 1023 1145 gloriae,
1058 1086 1185 1140 qua:
1218 1073 1339 1125 tota
1371 1067 1776 1142 blasphemiis,
1813 1073 1937 1125 tota
1982 1074 2107 1126 erat

450 1158 686 1233 injuriis
715 1157 1266 1233 plena,porrigente,
1300 1161 1527 1213 mutata
1556 1162 1644 1213 est
1675 1157 1733 1212 in
1761 1157 1987 1215 luctum
2031 1159 2105 1214 ci-

451 1250 621 1306 thara
646 1254 846 1305 nostra
874 1248 1089 1321 (Thren.
1124 1250 1201 1315 v),
1236 1250 1292 1302 et
1322 1263 1605 1319 organum
1641 1251 1906 1303 nostrum
1936 1247 1994 1303 in
2015 1265 2107 1306 vo-

451 1356 577 1395 cem
635 1337 899 1393 ﬂentium
953 1340 1085 1403 (I-a.
1147 1336 1222 1407 v).
1294 1334 1577 1400 Quoniam
1640 1335 2104 1408 exspectavimus

449 1431 734 1501 tanquam
762 1425 831 1481 de
861 1426 1014 1480 bona
1042 1424 1154 1480 vite
1187 1440 1347 1489 uvas,
1381 1424 1752 1495 suscepimus
1783 1428 1979 1481 autem
2014 1424 2104 1481 la—

451 1516 696 1573 bruscas
728 1531 742 1570 :
775 1514 1023 1586 ideoque
1075 1512 1434 1568 mutavimus
1478 1512 1719 1585 stylum,
1767 1516 1824 1568 et
1869 1518 2104 1571 ostenso

447 1603 675 1661 vulneri
699 1620 958 1676 congrua
980 1600 1353 1675 prmvidimus
1366 1601 1642 1657 adhibere
1655 1601 2100 1660 medicamenta.

451 1693 637 1769 Igitur
661 1692 733 1748 ad
759 1689 1079 1764 potentiam
1097 1695 1348 1746 vestram
1366 1690 1690 1763 inspirante
1706 1690 1952 1748 Domino
1966 1691 2105 1748 scri-

448 1782 626 1855 pturi,
662 1785 990 1852 nostraeque
1037 1780 1217 1836 menti
1268 1779 1512 1836 atl'ectus
1566 1779 1871 1836 industriae
1902 1786 2107 1837 vestra:

449 1868 1012 1934 reseraturi,necnon
1045 1872 1103 1925 et
1136 1885 1241 1942 pro
1277 1872 1481 1924 sancta
1529 1866 1785 1925 Ecclesia
1828 1869 2112 1927 catholica

450 1964 507 2016 et
537 1956 858 2032 apostolica
888 1958 1079 2030 (cujus
1123 1974 1230 2013 nos
1280 1956 1568 2030 praecipue
1618 1975 1780 2025 cura,
1812 1961 1870 2013 et
1916 1959 2108 2032 quoti-

449 2048 623 2105 diana
653 2047 978 2104 secundum
1012 2044 1350 2120 Apostolum
1383 2045 1714 2109 sollicitudo
1736 2048 2107 2121 constringit)

449 2138 605 2212 apud
636 2153 737 2193 vos
768 2135 1235 2203 interventuri,et
1256 2134 1515 2208 epistolae
1542 2140 1745 2191 vestrae
1777 2136 2111 2194 assertioni-

447 2227 560 2283 bus
592 2226 787 2299 (prout
816 2224 1103 2281 Dominus
1133 2240 1304 2296 posse
1325 2227 1381 2279 et
1402 2240 1574 2280 nosse
1596 2224 1845 2295 dederit)
1877 2243 2117 2299 respon-

448 2315 593 2381 suri,
624 2313 771 2370 nihil
803 2311 1370 2386 opportunius,nihil
1404 2313 1621 2384 aptius,
1659 2313 1804 2368 nihil
1852 2315 2108 2388 profecto

448 2402 751 2460 sulubrius
781 2400 1301 2470 arbitramur(licet
1327 2418 1427 2457 vos
1460 2418 1494 2457 a
1523 2401 1802 2458 conviciis
1836 2403 2108 2460 inchoas-

448 2492 610 2565 setis)
627 2506 802 2564 quam
836 2507 952 2563 pra:
984 2490 1260 2548 omnibus
1291 2490 1551 2563 ﬂagitare
1584 2489 1929 2563 suppliciter
1950 2509 2108 2563 eum,

449 2598 552 2654 per
582 2596 755 2653 quem
789 2595 955 2652 reges
985 2584 1252 2653 regnant,
1289 2582 1345 2635 et
1375 2578 1571 2652 legum
1605 2579 2112 2653 conditoresjusta

448 2671 788 2737 decernunt,
821 2673 878 2725 et
910 2667 968 2723 in
1000 2669 1171 2741 cujus
1204 2686 1383 2724 manu
1422 2668 1598 2724 corda
1628 2673 1767 2724 sunt
1797 2686 2022 2743 regum,
2055 2675 2111 2727 et

447 2776 516 2815 ex
542 2776 658 2832 quo
691 2762 898 2831 regnat
921 2757 1115 2814 omnis
1146 2757 1243 2831 qui
1270 2757 1361 2831 pie
1384 2761 1615 2830 regnat;
1641 2762 1697 2814 et
1717 2757 1968 2831 imperat
1987 2777 2113 2821 om.

448 2847 668 2920 nis,qui
701 2845 891 2903 eidem
923 2845 1065 2919 Regi
1099 2862 1305 2920 regum
1332 2851 1388 2902 et
1407 2845 1654 2903 Domino
1676 2847 2109 2906 dominantium

447 2955 563 2994 non
596 2939 906 3009 repugnat,
938 2935 1255 2993 Dominum
1286 2935 1556 2992 videlicet
1604 2941 1873 2992 nostrum
1903 2938 2107 2994 Jesum

444 3024 861 3096 Christum,cui
884 3023 1077 3081 omnis
1096 3024 1461 3081 rationabilis
1491 3030 1758 3081 creatura
1779 3025 2104 3084 ministrat:

2215 447 2612 520 apostolorum
2651 448 2924 522 princeps
2953 448 3035 506 ait
3065 466 3079 505 :
3110 451 3214 519 Qui
3257 467 3380 507 cum
3418 454 3797 525 malediceretur,

2214 554 2325 595 non
2369 537 2724 595 maledicebat
2751 555 2764 594 :
2796 547 2849 595 et
2875 555 3000 594 cum
3023 546 3317 611 pateretur,
3349 557 3455 597 non
3476 545 3795 603 omnem

2216 634 2307 681 tur
2337 629 2389 697 (Ι
2408 632 2558 683 Petr.
2592 629 2674 696 ιι).
2709 627 2789 683 De
2818 627 3037 684 talibus
3064 628 3221 684 enim
3268 628 3487 686 Veritas
3524 630 3749 704 loquitur
3778 651 3790 690 :

2214 714 2277 772 Si
2342 717 2802 788 patremfamilias
2838 718 3163 774 Beelzebuth
3224 728 3536 775 vocaverunt
3568 737 3587 775 :
3637 732 3799 794 quanto

2212 806 2390 875 magis
2442 803 2755 861 domesticos
2803 806 2953 878 ejus?
2983 805 3197 876 (Matth.
3247 809 3328 875 x.)
3378 806 3442 863 Et
3486 825 3670 864 rursus
3702 826 3795 877 eos,

2215 892 2318 965 qui
2348 897 2583 966 propter
2626 909 2837 950 nomen
2887 892 3047 950 illius
3080 895 3550 967 persecutionem,
3580 900 3631 951 et
3657 896 3799 954 male-

2215 982 2371 1039 dicta
2399 981 2700 1038 toleraturi
2731 987 2917 1049 erant,
2960 983 3161 1039 beatos
3208 999 3339 1040 esse
3383 985 3713 1056 pronuntiat,
3737 988 3799 1042 di-

2215 1088 2352 1127 cens
2386 1088 2398 1127 :
2431 1072 2585 1127 Beati
2608 1072 2736 1127 estis
2763 1087 2890 1127 cum
2913 1071 3305 1128 maledixerint
3331 1073 3498 1139 vobis,
3515 1081 3563 1128 et
3584 1078 3800 1145 persecuti

2214 1176 2304 1217 vos
2330 1162 2619 1232 fuerint,et
2648 1160 2901 1216 dixerint
2921 1177 3080 1218 omne
3096 1162 3311 1217 malum
3341 1160 3585 1218 adversus
3601 1179 3679 1219 vos
3694 1180 3803 1219 mra-

2212 1251 2405 1305 tientes
2431 1256 2650 1321 propter
2676 1265 2763 1306 me
2792 1249 2998 1322 (Matth.
3022 1255 3099 1318 v).
3113 1249 3220 1306 Ubi
3245 1254 3546 1323 ergo,teste
3563 1251 3802 1307 conscien.

2212 1337 2314 1403 tia,
2344 1336 2499 1393 Deus
2549 1335 2610 1391 in
2658 1352 2842 1392 causa
2867 1340 2976 1405 est,
3011 1336 3093 1392 ibi
3124 1336 3366 1395 omnino
3410 1336 3679 1393 beatitudo
3703 1354 3799 1410 spe-

2214 1426 2399 1481 randa
2430 1441 2443 1482 :
2476 1429 2535 1482 et
2567 1425 2666 1480 ubi
2698 1425 3073 1482 mendacium
3106 1425 3287 1492 saevit,
3320 1425 3399 1481 ibi
3429 1424 3664 1482 convicia
3680 1425 3801 1481 nulla

2211 1514 2494 1571 timenda.
2528 1513 2691 1570 Sicut
2725 1530 2861 1587 ergo
2895 1531 3001 1571 nos
3030 1519 3269 1587 propter
3296 1514 3474 1571 Deum
3499 1514 3801 1571 etiamanon

2210 1619 2347 1659 vera
2376 1600 2708 1658 dicentibus
2735 1601 2986 1674 injurias
3031 1603 3208 1660 nobis
3249 1602 3442 1660 illatas
3469 1602 3803 1676 aequanimiter

2213 1691 2486 1759 ferimus;
2517 1691 2599 1748 ita
2627 1708 2861 1764 quoque
2908 1696 3139 1765 oportet
3192 1693 3467 1765 pietatem
3495 1696 3714 1748 vestram
3738 1708 3803 1748 sa-

2218 1780 2572 1853 cerdotibus,
2601 1780 3041 1854 qualescunque
3070 1781 3456 1855 sint,propter
3482 1798 3605 1837 eum
3631 1780 3707 1838 cui
3731 1781 3802 1836 de-

2218 1870 2499 1938 serviunt,
2532 1869 2914 1927 reverentiam
2946 1869 3165 1943 potius,
3198 1887 3379 1944 quam
3426 1869 3654 1942 injurias
3691 1867 3804 1925 exhi‘

2218 1960 2373 2015 bere.
2401 1958 2512 2014 Sed
2545 1959 2617 2015 de
2646 1958 2740 2015 his
2762 1959 2887 2031 jam
2913 1975 3050 2016 cum
3082 1964 3288 2016 sancto
3320 1975 3470 2032 papa
3487 1958 3636 2014 vobis
3654 1956 3801 2029 loqua-

2219 2066 2354 2104 mur
2381 2048 2657 2121 Gregorio
2688 2048 3071 2120 (Epist.lib.rv,
3100 2065 3184 2121 ep.
3218 2048 3310 2120 31)
3345 2065 3359 2103 :
3392 2048 3531 2104 Nam
3560 2046 3615 2106 in
3640 2044 3802 2102 divinis

2218 2137 2468 2210 eloquiis
2498 2137 2828 2193 sacerdotes
2857 2136 3174 2209 aliquando
3205 2136 3309 2207 dii,
3343 2135 3638 2210 aliquando
3655 2132 3799 2207 angeli

2218 2232 2518 2283 vocantur.
2550 2226 2697 2281 Nam
2731 2229 2787 2282 et
2816 2243 2919 2298 per
2947 2226 3185 2300 Moysen
3243 2227 3316 2283 de
3362 2242 3449 2293 eo,
3475 2224 3568 2298 qui
3597 2223 3659 2280 ad
3677 2224 3798 2296 jura-

2218 2319 2485 2371 mentum
2516 2314 2893 2371 deducendus
2920 2320 3030 2382 est,
3064 2315 3316 2372 dicitur:
3347 2316 3573 2388 Applica
3600 2309 3800 2369 illumad

2217 2405 2341 2461 deos
2368 2404 2727 2476 (Exodxix),
2750 2403 3020 2461 videlicet
3049 2404 3121 2460 ad
3151 2405 3500 2461 sacerdotes.
3530 2403 3594 2459 Et
3618 2416 3799 2457 rursum

2218 2493 2504 2565 scriptum
2536 2496 2625 2549 est
2657 2509 2670 2548 :
2704 2493 2821 2549 Diis
2848 2509 2959 2549 non
2987 2493 3239 2550 detrahes
3291 2493 3488 2564 (ibid.),
3518 2490 3707 2548 scilicet
3734 2505 3801 2544 sa-

2218 2582 2649 2639 cerdotibus.Et
2679 2582 2963 2656 propheta
2992 2581 3073 2638 ait
3106 2598 3119 2639 :
3150 2585 3330 2640 Labia
3362 2580 3631 2639 sacerdotis
3669 2587 3802 2635 custo-

2217 2673 2368 2729 dient
2394 2673 2702 2739 scientiam,
2746 2679 2801 2728 et
2841 2672 3011 2744 legem
3054 2674 3341 2745 requirent
3367 2687 3435 2728 ea:
3458 2687 3546 2728 ore
3566 2670 3683 2743 ejus,
3707 2667 3802 2739 quia

2216 2761 2443 2833 angelus
2472 2761 2696 2816 Domini
2719 2761 3061 2817 exercituum
3086 2768 3168 2817 est
3186 2760 3448 2830 (Malach.
3470 2759 3549 2832 ιι.)

2290 2850 2437 2916 Quid
2468 2866 2606 2923 ergo
2638 2849 2935 2916 mirum,si
2956 2848 3089 2906 illos
3121 2848 3446 2922 imperialis
3474 2848 3640 2921 pietas
3663 2844 3801 2900 hono-

2218 2944 2323 3010 ret,
2359 2937 2577 3011 quibus
2606 2937 2667 2993 in
2697 2955 2805 2994 suo
2838 2937 3069 3011 eloquio
3118 2938 3406 2995 honorem
3452 2936 3702 2999 tribuens,
3727 2946 3799 2986 eos

2218 3031 2321 3085 aut
2348 3025 2607 3101 angelos,
2642 3030 2744 3082 aut
2790 3027 2929 3083 deos
2973 3027 3099 3100 ipse
3146 3025 3332 3082 etiam
3381 3022 3616 3099 appellat
3652 3015 3800 3076 Deus?

446 3114 726 3172 nimirum
760 3112 853 3170 cui
885 3117 942 3169 et
972 3112 1342 3169 insensibiles
1386 3114 1564 3180 venti,
1598 3117 1656 3169 et
1709 3132 1869 3171 mare
1918 3115 2103 3189 impe-
2133 3098 2180 3167 Ο
2217 3098 2621 3174 Ecclesiastica
2653 3132 2886 3188 quoque
2910 3098 3164 3172 testatur
3191 3098 3444 3172 historia
3478 3112 3663 3184 (Ruﬁn.
3691 3108 3796 3167 Hist-

446 3204 601 3261 ranti
632 3203 932 3269 obediunt,
953 3209 1246 3274 quatenus
1268 3206 1325 3258 et
1364 3200 1521 3259 labia
1550 3206 1753 3259 nostra
1782 3204 1853 3260 ad
1880 3222 2105 3261 annun-

445 3293 713 3350 tiandum
731 3292 964 3349 laudem
980 3309 1148 3348 suam
1164 3291 1769 3365 aperiens,dilatatum
1793 3311 2023 3367 quoque
2036 3311 2102 3351 os

445 3387 716 3439 nostrum
749 3385 921 3454 pastu
953 3380 1230 3437 doctrinm
1257 3380 1532 3438 salutaris
1550 3380 1951 3454 adimpleat,et
1972 3401 2099 3457 quae

443 3488 547 3544 per
563 3470 747 3527 nostri
765 3468 1127 3543 apostolatus
1158 3469 1418 3525 ofﬁcium
1449 3468 1692 3525 auribus
1720 3472 1930 3527 vestris
1953 3476 2104 3529 exte-

444 3559 567 3615 rius
596 3558 868 3621 dicimus.
904 3575 1007 3631 per
1036 3575 1099 3615 se
1130 3574 1363 3630 quoque
1393 3562 1540 3613 nutu
1573 3576 1691 3613 suae
1724 3560 2101 3632 aSpirationis

442 3647 690 3704 interius
740 3646 1039 3703 mentibus
1086 3646 1293 3703 vestris
1338 3646 1574 3719 aspiret.
1608 3647 1754 3713 Quia
1799 3648 2100 3705 incassum

445 3741 600 3793 terra
620 3735 812 3792 cordis
831 3751 1063 3791 vomere
1084 3738 1295 3791 nostra:
1317 3734 1530 3808 lingua:
1562 3736 2100 3807 proscinditur,nisi

446 3825 699 3882 cmlestis
747 3822 896 3880 roris
947 3823 1285 3896 aspersione
1344 3823 1698 3881 intrinsecus
1733 3826 2096 3884 infundatur.

445 3914 601 3970 Deus
625 3917 715 3970 est
744 3912 924 3981 enim,
954 3910 1053 3985 qui
1079 3912 1508 3968 incrementum
1550 3913 1650 3969 dat
1680 3917 1729 3984 (ι
1752 3915 1872 3971 Cor.
1906 3917 2010 3989 ιιι),
2044 3922 2102 3973 et

444 4003 544 4077 qui
575 4004 743 4059 docet
775 4001 1072 4057 hominem
1105 4000 1411 4058 scientiam
1442 4003 1617 4076 (Psal.
1650 4005 1865 4078 xcxm).

514 4094 713 4158 Putas,
765 4091 1101 4163 imperator,
1137 4107 1251 4149 non
1304 4091 1452 4148 bene
1500 4093 1788 4149 facimus?
1815 4096 1968 4164 quod
1996 4113 2099 4153 vos

443 4183 516 4238 ab
548 4180 781 4254 injuriis
812 4180 1132 4237 scribentes
1163 4180 1592 4250 inchoaveritis,
1629 4200 1734 4239 nos
1787 4184 1859 4240 ab
1886 4185 2098 4242 oratio-

444 4271 618 4327 nibus
654 4287 667 4325 :
699 4287 801 4326 vos
831 4287 866 4325 a
895 4269 1173 4327 conviciis
1202 4270 1262 4325 in
1294 4287 1421 4339 nos,
1456 4270 1574 4326 imo
1606 4276 1810 4329 contra
1847 4274 2097 4346 primam

443 4364 502 4416 et
533 4359 880 4432 magistram
910 4358 1301 4415 Ecclesiarum
1328 4359 1594 4415 omnium
1616 4359 1921 4433 loquentes
1942 4380 2102 4419 exor-

2208 3206 2361 3274 eccl.,
2394 3204 2491 3260 lib.
2526 3222 2565 3273 ι,
2599 3220 2717 3275 cap.
2747 3206 2825 3271 2),
2860 3202 2999 3276 quia
3039 3220 3174 3260 cum
3222 3205 3336 3276 pias
3386 3199 3654 3260 memoria;
3687 3196 3795 3253 Con-

2210 3295 2468 3351 stantino
2498 3292 2747 3366 principi
2779 3292 2996 3365 scripto
3020 3290 3227 3349 oblatae
3248 3290 3632 3349 accusationes
3646 3287 3799 3342 contra

2209 3383 2515 3457 episcopos
2546 3379 3054 3449 fuissent,libellos
3080 3380 3326 3453 quidem
3356 3378 3581 3452 accepit,
3622 3380 3671 3431 et
3705 3387 3796 3428 eos-

2209 3475 2344 3532 dem
2374 3472 2475 3546 qui
2508 3471 2762 3528 accusati
2796 3471 3046 3536 fuerant,
3077 3470 3389 3543 episcopos
3428 3479 3728 3528 convocans,
3754 3458 3795 3513 in

2209 3578 2411 3621 eorum
2441 3563 2758 3633 conspectu
2787 3557 3039 3628 libellos,
3068 3576 3219 3631 quos
3249 3561 3563 3632 acceperat,
3588 3547 3790 3610 incendit

2209 3652 2451 3709 dicens:
2480 3649 2596 3707 Vos
2643 3648 2723 3706 dii
2772 3647 2934 3717 estis,
2967 3665 3001 3704 a
3046 3665 3180 3704 vero
3228 3648 3349 3706 Deo
3380 3643 3686 3709 constituti;
3722 3638 3797 3702 ile.

2209 3744 2267 3797 et
2294 3740 2446 3795 inter
2472 3756 2575 3795 vos
2600 3755 2810 3795 causas
2837 3741 3063 3795 vestras
3091 3738 3392 3810 deponite,
3436 3735 3567 3809 quia
3607 3731 3797 3802 dignam

2209 3845 2325 3884 non
2352 3832 2461 3895 est,
2493 3830 2558 3882 ut
2588 3843 2693 3882 nos
2716 3825 3056 3897 judicemus
3102 3826 3264 3882 deos.
3306 3827 3368 3882 in
3417 3840 3528 3898 qua
3568 3811 3798 3877 sententia

2209 3917 2320 3974 sibi
2345 3916 2534 3989 magis
2556 3933 2626 3972 ex
2645 3915 3187 3987 bumilitate,quam
3209 3914 3330 3971 illis
3349 3911 3559 3986 aliquid
3578 3901 3793 3982 praestitit

2208 4023 2277 4062 ex
2306 4003 2628 4061 reverentia
2655 4002 3095 4076 impensa.Ante
3123 4019 3261 4059 eum
3315 4003 3526 4076 quippe
3552 3992 3728 4071 pagani
3749 3989 3792 4045 in

2209 4092 2511 4167 republica
2541 4091 2834 4166 principes
2862 4092 3113 4158 fuerant,
3162 4092 3263 4164 qui
3299 4108 3493 4149 verum
3540 4088 3696 4145 Deum
3720 4094 3793 4134 nev

2208 4182 2478 4251 scientes,
2512 4181 2653 4238 deos
2683 4180 2905 4253 ligneos
2953 4184 3010 4236 et
3054 4178 3321 4253 lapideos
3372 4178 3639 4244 colebant,
3663 4174 3709 4226 et
3736 4171 3793 4220 ta-

2208 4290 2341 4329 men
2361 4287 2562 4328 eorum
2586 4269 2988 4326 sacerdotibus
3005 4270 3285 4327 honorem
3304 4267 3609 4324 maximum
3628 4258 3793 4316 tribue-

2206 4362 2368 4418 bant.
2401 4358 2547 4425 Quid
2579 4358 2761 4432 igitur
2788 4357 3029 4427 mirum,
3062 4357 3113 4416 si
3143 4358 3511 4414 Christianus
3541 4347 3793 4422 imperator

443 4449 607 4505 dium
640 4447 926 4514 feceritis;
960 4464 1068 4503 nos
1104 4447 1163 4502 in
1216 4447 1515 4517 laudibus,
1545 4454 1604 4504 et
1634 4450 1693 4504 in
1723 4451 1958 4508 nomine
1988 4453 2102 4508 Do-
2132 4471 2180 4536 Ι)
2206 4449 2324 4506 veri
2355 4448 2459 4504 Dei
2490 4448 2819 4536 sacerdotes
2848 4446 3115 4516 honoret,
3150 4448 3296 4504 dum
3343 4443 3567 4520 pagani,
3595 4442 3649 4536 ut

445 4537 589 4593 mini
620 4538 693 4593 ad
733 4537 1052 4609 potentiam
1083 4539 1335 4593 vestram
1368 4554 1697 4593 sermonem
1747 4538 2004 4596 habituri
2037 4559 2102 4597 os
2132 4522 2177 4536 υ
2211 4535 2789 4610 diximus,principes
2804 4535 3086 4593 honorem
3108 4536 3447 4610 impendere
3462 4522 3792 4610 sacerdotum?

445 4624 891 4697 aperuerimus?
913 4623 1197 4681 Videmus
1218 4624 1374 4681 enim
1405 4625 1700 4700 gigantem
1735 4625 2095 4702 allophylum

450 4720 653 4771 contra
700 4730 948 4787 puerum
993 4718 1287 4782 sanctum,
1319 4719 1377 4772 et
1419 4715 1799 4772 citharaedum
1831 4722 2097 4776 nostrum

444 4803 625 4859 David
658 4802 851 4859 furore
881 4801 1141 4875 plenum,
1196 4807 1254 4859 et
1298 4803 1695 4876 blasphemias
1737 4811 2099 4864 eructantem

444 4891 636 4964 primo
667 4891 887 4963 impetu
919 4890 1134 4965 populo
1181 4891 1283 4948 Dci
1328 4897 1611 4949 terrorem
1654 4910 1769 4949 non
1803 4896 2098 4952 modicum

2206 4603 2514 4694 noverunt;
2544 4625 2646 4699 qui
2678 4603 2802 4681 dies
2832 4624 3043 4699 ligneis
3091 4630 3151 4682 et
3193 4603 3440 4699 lapideis
3488 4603 3792 4678 serviebant?

2207 4717 2337 4773 Haec
2391 4731 2527 4788 ergo
2578 4730 2695 4770 non
2738 4717 2968 4770 tantum
3018 4714 3367 4788 specialiter,
3417 4711 3674 4786 quantum
3718 4710 3790 4769 ὅθ’

2208 4806 2483 4862 neraliter
2529 4820 2633 4876 pro
2690 4803 2968 4860 omnibus
3018 4803 3341 4860 asserimus
3391 4791 3788 4878 sacerdotibugf

2209 4893 2490 4968 quoniam
2529 4873 2733 4949 adhuc
2791 4892 3110 4959 nescimus,
3165 4893 3299 4966 quis
3346 4891 3406 4948 in
3457 4879 3674 4945 terribili
3717 4873 3789 4928 Βθὶ

445 4979 721 5036 intulisse
754 4981 798 5054 (Ι
830 4981 962 5053 Reg.
994 4983 1148 5049 xvu).
1183 4980 1296 5036 Sed
1347 4985 1617 5054 exspecta
1665 4983 1992 5056 paululum,
2044 4988 2102 5041 et
2201 4982 2426 5058 judicio
2486 4980 2681 5054 qualis
2725 4981 2961 5038 futurus
3004 4981 3100 5039 sit.
3152 4983 3380 5039 Etenim
3438 4973 3635 5035 Paulus
3675 4974 3793 5036 εεῶ

445 5085 578 5127 ecce
606 5067 828 5124 videbis
859 5067 1025 5124 illum
1076 5069 1135 5124 in
1185 5069 1424 5125 nomine
1462 5070 1692 5127 Domini
1730 5089 2096 5145 percussum,

446 5163 505 5215 et
527 5159 655 5231 jam
687 5174 721 5213 a
742 5157 895 5213 dicto
926 5157 1267 5230 hymnidico
1294 5162 1350 5213 et
1382 5157 1585 5215 laudes
1631 5165 1689 5215 et
1718 5159 2000 5234 psalmos,
2034 5182 2100 5222 ac

446 5245 742 5303 orationes
774 5243 1006 5300 Domini
1054 5246 1349 5317 majestati
1402 5246 1707 5303 humiliter
1748 5251 2100 5323 etl‘undente,

447 5334 642 5407 gladio
672 5350 778 5390 suo
806 5334 1262 5405 prostratum.Et
1284 5335 1521 5406 quidem
1540 5353 1646 5392 nos
1665 5336 1912 5408 injurias
1936 5342 2103 5398 nobis

448 5422 780 5494 specialiter
808 5420 1116 5495 irrogatas,
1150 5426 1207 5477 et
1237 5423 1488 5479 maxime
1531 5441 1634 5496 pro
1673 5426 1915 5496 justitia
1943 5428 2103 5487 labo-

451 5510 738 5584 rantibus,
772 5515 828 5568 et
857 5528 890 5567 a
914 5510 1159 5585 justitize
1188 5510 1700 5585 impugnatoribus
1732 5515 2010 5589 ingestas,
2044 5520 2107 5575 1i-

2209 5072 2342 5147 gius
2371 5069 2719 5143 praedicator
2748 5070 2888 5125 dicit
2920 5086 2933 5126 :
2967 5071 3143 5128 Nolite
3179 5069 3432 5143 judicare
3473 5069 3587 5121 ante

2209 5136 2390 5219 donee
2417 5161 2602 5216 veniat
2641 5160 2924 5227 Dominus,
2956 5161 3054 5232 qui
3081 5168 3131 5217 et
3161 5136 3499 5216 illuminabit
3539 5136 3791 5232 (1me

2211 5251 2581 5321 tenebrarum,
2606 5257 2659 5305 et
2684 5226 3065 5321 manifestabit
3107 5249 3339 5306 consilia
3384 5241 3613 5302 cordium
3636 5231 3676 5300 (Ι
3698 5226 3786 5283 εον·

2212 5342 2297 5411 n).
2332 5340 2449 5396 Hoc
2497 5343 2693 5395 tamen
2744 5337 2997 5395 breviter
3043 5338 3314 5407 dicimus,
3345 5333 3497 5409 quia,
3538 5325 3655 5382 licet

2213 5434 2439 5487 calores
2469 5431 2527 5483 et
2557 5424 2807 5499 indigni,
2839 5425 2975 5499 plus
3006 5432 3204 5484 tamen
3257 5428 3325 5482 de
3369 5414 3581 5479 venturi
3608 5412 3789 5506 Deme-1!

2214 5515 2637 5585 misericordia,
2662 5532 2839 5588 quam
2872 5517 2943 5573 de
2972 5521 3163 5574 vestra
3184 5517 3390 5591 pietate
3414 5501 3788 5585 praesumimus-
