4036 6132
236 375 365 441 955

1459 378 1867 445 EPISTOLJE
1908 376 2011 446 ET
2052 380 2437 450 DECRETA.

3526 390 3647 457 946

226 511 337 585 jus
366 515 673 584 causa,aut
692 529 725 569 a
750 528 811 571 sc
841 512 1209 587 negotiorum
1242 511 1468 571 meritis
1497 513 1885 587 exigentibus,
1916 516 1972 584 Α
2000 517 2520 575 Psalmistanosset
2541 520 2857 592 quamdam
2881 538 2995 578 non
3017 519 3306 580 bonorum
3325 520 3648 583 multitudi-

233 602 296 658 in
324 603 532 660 melius
555 607 1078 689 commutatur,au_t
1094 604 1275 660 solius
1298 604 1394 660 Dei
1416 605 1543 660 sine
1566 604 1887 677 quaestione

229 686 565 750 reservatur
593 693 851 750 arbitrio.

304 785 489 850 Quem
517 786 711 839 autem
730 784 1050 857 primatum
1067 784 1381 841 dimceseos
1395 788 1601 841 sancta
1627 784 1885 858 synodus

231 872 468 940 dixerit,
496 877 706 945 praeter
737 873 982 947 apostoli
1016 873 1190 945 primi
1220 874 1526 941 vicarium,
1552 873 1751 929 nullus
1784 889 1885 946 pe-

227 960 395 1017 nitus
426 961 790 1035 intelligitur.
825 963 955 1034 Ipse
987 967 1073 1018 est
1105 963 1261 1019 enim
1293 963 1643 1035 primas,qui
1677 967 1735 1018 et
1765 962 1884 1035 pri-

226 1060 369 1105 mus
400 1050 670 1118 habetur,
717 1055 776 1106 et
823 1067 1094 1106 summus
1128 1067 1141 1105 :
1177 1067 1307 1123 quze
1352 1052 1593 1120 viritim,
1627 1050 1676 1106 si
1720 1051 1885 1108 locus

226 1139 576 1212 exegerit,in
608 1139 861 1195 subditis
892 1140 1451 1196 demonstrabimus.
1485 1141 1568 1196 Ne
1595 1156 1728 1196 vero
1758 1157 1884 1197 mo-

223 1232 362 1285 veat
386 1228 527 1301 quia
553 1229 838 1303 singulari
872 1244 1115 1285 numero
1146 1230 1457 1286 dioeceseos
1503 1229 1724 1285 dictum
1771 1233 1881 1297 est,

224 1316 537 1373 sciendum
569 1322 660 1373 est
690 1318 827 1391 quia
853 1319 1226 1375 tantumdem
1253 1318 1407 1375 valet
1436 1319 1652 1374 dixisse
1673 1319 1885 1392 prima-

223 1410 351 1462 tem
382 1407 698 1463 diceceseos
728 1411 1017 1480 quantum
1038 1408 1085 1464 si
1107 1408 1505 1481 perhibuisset
1533 1408 1878 1464 diceceseon:

220 1495 414 1569 plenae
428 1500 568 1552 sunt
583 1496 738 1552 enim
757 1501 976 1554 sanctae
991 1498 1301 1572 Scripturae
1313 1497 1414 1553 tali
1428 1498 1615 1553 forma
1636 1497 1880 1553 locutio-

219 1585 340 1642 n'is.
373 1585 635 1657 Denique
667 1587 951 1659 scriptum
985 1591 1074 1644 est
1101 1605 1113 1643 :
1146 1591 1292 1644 Fons
1320 1586 1689 1643 ascendebate
1711 1594 1878 1652 terra,

220 1677 474 1746 irrigans
520 1677 837 1732 universam
882 1677 1220 1749 superﬁciem
1272 1685 1437 1733 terra?
1465 1676 1616 1744 (Gen.
1651 1678 1736 1744 ιι).
1771 1676 1880 1743 Qui

218 1765 381 1821 enim
411 1782 527 1821 non
559 1765 829 1833 ait,Unus
860 1766 991 1822 fons
1012 1766 1361 1822 ascendebat
1382 1782 1411 1821 e
1443 1770 1618 1829 terra,
1647 1765 1749 1821 sed
1777 1765 1879 1832 ait,

218 1848 371 1910 Fons
398 1861 583 1911 autem
611 1855 929 1911 ascendebat
958 1872 987 1912 ε
1016 1863 1181 1922 terra,
1223 1871 1328 1928 pro
1371 1870 1616 1910 numero
1665 1854 1878 1927 plurali

220 1942 425 2016 posuit
441 1942 894 2016 singularem,ut
915 1943 997 1999 sic
1021 1942 1423 2017 intelligamus
1449 1944 1636 2000 fontes
1659 1943 1879 2000 multos

218 2049 329 2105 per
358 2032 691 2088 universam
723 2036 940 2087 terram
970 2031 1096 2088 loca
1108 2031 1195 2088 vel
1224 2032 1492 2106 regiones
1521 2032 1789 2105 pr0prias
1809 2032 1882 2087 ir-

218 2119 683 2195 riganteszsicut
707 2119 922 2177 dicitur
951 2120 1205 2187 miles,et
1234 2120 1405 2176 multi
1432 2119 1874 2193 intelliguntur;

218 2212 378 2268 sicut
405 2211 562 2268 dicta
591 2216 677 2267 est
698 2210 926 2267 locusta
942 2215 998 2267 et
1013 2226 1158 2266 rana
1177 2209 1236 2264 in
1264 2209 1454 2283 plagis
1485 2209 1700 2282 quibus
1721 2215 1881 2283 Egy-

216 2301 324 2375 ptii
356 2301 619 2374 percussi
651 2304 792 2355 sunt
818 2300 1011 2369 (Exod.
1044 2301 1122 2372 x),
1158 2315 1293 2354 cum
1334 2302 1489 2354 esset
1539 2298 1877 2354 innumera-

214 2388 358 2445 bilis
404 2387 770 2444 locustarum
824 2403 1106 2443 numerus
1156 2391 1213 2443 et
1251 2403 1551 2453 ranarum,
1581 2386 1662 2442 ita
1692 2390 1749 2442 et
1779 2386 1875 2441 hic

214 2477 519 2534 dicecesim
552 2475 930 2550 singulariter
958 2475 1129 2544 dixit;
1166 2476 1267 2532 sed
1299 2475 1451 2531 hanc
1481 2479 1718 2548 propter
1745 2474 1877 2531 uni-

215 2570 403 2623 tatem
437 2565 599 2638 pacis
630 2569 687 2621 et
716 2565 849 2620 fidei
879 2564 1189 2636 pluraliter
1215 2563 1463 2637 intelligi
1492 2564 1696 2619 voluit.

288 2654 449 2712 Illud
475 2658 670 2710 autem
702 2653 889 2710 ridere
919 2652 1112 2720 libuit,
1144 2653 1297 2725 quod
1350 2654 1519 2725 quasi
1569 2654 1640 2708 ad
1691 2652 1875 2725 majo-

218 2761 345 2800 rem
384 2744 745 2809 ﬁrmitatem,
778 2741 1092 2798 concilium
1123 2743 1404 2798 adversus
1437 2741 1729 2814 lgnatium
1761 2742 1876 2797 fra-

216 2838 371 2891 trem
395 2838 452 2889 et
467 2832 936 2889 comministrum
960 2836 1227 2887 nostrum
1245 2836 1879 2904 congregatum,zequa-

219 2922 292 2979 lis
325 2910 563 2978 numeri
596 2938 732 2976 cum
752 2924 957 2977 sancta
977 2918 1117 2976 olim
1149 2920 1369 2993 synodo
1400 2920 1460 2974 in
1479 2920 1669 2975 Niczea
1692 2936 1725 2975 a
1746 2936 1879 2976 san-

216 3012 329 3068 ctis
365 3011 647 3067 fratribus
677 3008 968 3066 celebrata
997 3008 1181 3065 fuisse
1219 3008 1538 3081 perhibetis
1572 3027 1586 3064 :
1621 3009 1777 3081 quod
1828 3008 1878 3064 si

214 3100 351 3157 ideo
384 3105 474 3157 est
503 3099 952 3166 admittendum,
989 3097 1129 3171 quia
1178 3096 1422 3170 aequalis
1479 3096 1709 3153 numeri
1740 3113 1875 3153 cum

1996 625 2530 681 nem,nequaquam
2567 615 2677 666 Deo
2710 610 3095 683 supplicando
3120 612 3648 687 diceretzbispergc

1994 698 2118 754 illos
2140 698 2201 752 in
2214 700 2415 755 virtute
2443 706 2539 756 tua
2564 700 2735 768 (Psal.
2762 700 2937 772 LVIII).
2966 701 3264 774 Dispersio
3287 703 3442 760 enim
3467 705 3651 763 mino-

1994 787 2282 842 rationem
2314 787 2788 855 facit,minoratio
2817 806 2950 845 vero
2982 790 3357 848 abolitionem
3389 798 3646 866 generat.

1994 874 2184 932 Nolite
2213 892 2349 949 ergo
2372 875 2608 949 gloriari
2628 879 2686 933 in
2720 878 3270 952 multitudine,quia
3299 899 3414 937 non
3447 884 3647 939 multi-

1990 964 2134 1020 tudo
2183 965 2283 1020 sed
2335 982 2513 1022 causa
2557 967 3014 1036 damnationem,
3048 968 3135 1024 vel
3161 970 3645 1041 justiﬁcationem

1994 1054 2459 1127 adducit.Neque
2490 1056 2647 1111 enim
2681 1056 2972 1130 Ignatium
2988 1059 3303 1129 justiorem
3326 1058 3645 1117 dixerimus

1983 1143 2111 1215 jam
2146 1148 2465 1200 memorato
2497 1144 2675 1200 David
2709 1152 2924 1219 rege,et
2956 1148 3237 1220 propheta
3264 1149 3517 1218 Domini,
3544 1152 3643 1223 qui

1991 1231 2223 1288 dicebat
2256 1248 2268 1287 :
2302 1233 2655 1306 Multiplicati
2676 1243 2807 1291 sunt
2831 1252 2994 1308 super
3020 1238 3245 1308 capillos
3273 1241 3471 1310 capitis
3512 1242 3640 1307 mei,

1991 1324 2089 1395 qui
2115 1322 2346 1378 oderant
2371 1339 2458 1378 me
2484 1326 2655 1394 gratis
2682 1324 2850 1396 (Psal.
2883 1328 3097 1394 xxx1x).
3131 1326 3241 1382 Sed
3272 1328 3410 1399 quid
3433 1329 3503 1384 de
3533 1328 3643 1384 ho-

1990 1410 2146 1467 mine
2178 1411 2593 1479 dicimus,cum
2627 1413 2697 1467 de
2731 1417 2841 1469 Deo
2875 1413 3178 1482 nimirum,
3199 1432 3267 1471 ex
3297 1418 3465 1488 cujus
3508 1434 3642 1489 per-

1990 1514 2134 1556 sona
2166 1500 2286 1556 haec
2319 1501 2629 1557 Psalmista
2660 1501 2909 1570 dicebat,
2941 1502 2999 1557 in
3032 1504 3303 1576 passione
3330 1506 3538 1578 ipsius,
3557 1507 3644 1562 si-

1989 1593 2088 1645 cut
2115 1589 2495 1662 Evangelium
2528 1594 2859 1658 attestatur,
2893 1591 3007 1648 tale
3039 1593 3177 1665 quid
3212 1593 3393 1650 nihilo
3442 1597 3642 1654 minus

1988 1682 2417 1751 agnoscamus?

2058 1768 2217 1831 Quod
2253 1772 2448 1824 autem
2479 1768 2801 1841 scripsistis
2833 1787 2933 1825 vos
2964 1770 3178 1827 idcirco
3219 1773 3504 1844 quosdam
3538 1792 3642 1831 no-

1990 1859 2246 1912 strorum
2279 1858 2485 1913 adesse
2513 1857 2788 1925 voluisse,
2824 1860 3102 1931 quoniam
3137 1861 3479 1918 dicebamur
3508 1881 3641 1919 cum

1989 1946 2486 2017 expugnatoribus
2536 1963 2837 2003 sacrarum
2897 1948 3224 2021 imaginum
3287 1956 3641 2020 concertare,

1989 2050 2136 2090 nova
2166 2035 2422 2107 profecto
2445 2037 2776 2093 adinventio
2794 2038 3063 2094 'est.Nam
3093 2040 3245 2110 apud
3270 2056 3372 2095 vos
3396 2057 3644 2112 praesen-

1986 2122 2069 2178 tia
2097 2127 2186 2178 est
2211 2123 2529 2181 missorum
2558 2129 2898 2181 nostrorum
2933 2143 3034 2198 pro
3066 2126 3421 2199 imaginibus
3435 2130 3637 2195 sacris,

1989 2227 2093 2267 nec
2116 2212 2292 2285 digne
2323 2213 2683 2270 decertatum
2715 2218 2936 2282 est,uec
2966 2215 3407 2287 impugnatores
3438 2233 3639 2273 earum

1986 2299 2271 2356 hactenus
2302 2318 2495 2358 errare
2517 2302 2844 2371 desierunt;
2867 2304 2966 2359 sed
2991 2302 3161 2359 sicuti
3185 2321 3373 2377 usque
3399 2306 3471 2360 ad
3495 2306 3639 2362 illud

1986 2392 2220 2462 tempus
2250 2393 2405 2464 apud
2435 2408 2537 2447 vos
2570 2408 2746 2464 super
2765 2393 2874 2447 hac
2895 2409 3072 2448 causa
3101 2394 3382 2464 strepitus
3404 2398 3460 2449 et
3481 2394 3637 2451 blas-

1985 2478 2233 2551 phemia
2264 2497 2380 2535 non
2410 2485 2739 2551 cessarunt,
2761 2481 2843 2537 ita
2872 2485 2931 2536 et
2961 2498 3117 2536 nunc
3147 2482 3364 2537 ibidem
3397 2484 3640 2555 profana

1985 2568 2379 2640 prmdicantur
2407 2574 2465 2625 et
2495 2569 2801 2642 hucusque
2831 2570 3115 2643 sacrilega
3163 2572 3635 2643 pronuntiantur.

1985 2656 2149 2713 Unde
2177 2663 2420 2730 apparet
2448 2657 2669 2732 legatos
2702 2664 2935 2715 nostros
2965 2676 3080 2714 non
3117 2676 3295 2715 causa
3342 2660 3576 2732 pictatis
3606 2678 3641 2716 a

1982 2746 2167 2815 vobis,
2203 2748 2303 2802 sed
2335 2746 2699 2803 crudelitatis
2740 2753 3085 2820 argumento
3127 2747 3305 2804 fuisse
3337 2749 3635 2819 quaesitos.

1983 2835 2200 2891 Verum
2233 2836 2304 2891 ad
2339 2835 2477 2907 quid
2512 2836 2731 2890 fuerint
2756 2835 2943 2907 petiti,
2976 2852 3069 2891 res
3098 2835 3229 2906 ipsa
3259 2836 3534 2902 declarat,
3550 2836 3639 2893 vi-

1985 2923 2376 2990 delicet,sicut
2398 2925 2525 2995 jam
2558 2923 2781 2979 dictum
2806 2928 2985 2988 est,ut
3015 2924 3169 2995 quod
3203 2925 3273 2980 de
3307 2924 3639 2996 Ignatioju-

1986 3012 2303 3068 dicandum
2335 3017 2478 3082 erat,
2511 3017 2568 3068 et
2598 3017 2900 3085 acceptum
2934 3013 3088 3084 apud
3120 3029 3346 3081 omnes,
3371 3017 3427 3069 et
3456 3014 3636 3070 ﬁxum

1985 3118 2216 3173 semper
2242 3105 2596 3168 maneret,ut
2627 3106 2759 3174 pote
2792 3102 2947 3174 quod
2977 3105 3153 3156 tanta:
3174 3102 3537 3159 auctoritatis
3554 3103 3636 3158 vi-

214 3194 431 3248 sancta
460 3189 694 3245 Nicaeus
721 3189 943 3261 synodo
972 3187 1241 3255 habetur,
1277 3203 1512 3243 necesse
1558 3190 1648 3242 est
1676 3189 1743 3242 ut
1776 3190 1878 3241 aut
1985 3190 2126 3246 carii
2148 3190 2663 3262 judicassent.Nos
2692 3191 2844 3246 enim
2871 3207 2976 3246 nec
2993 3189 3201 3246 saltem
3221 3191 3415 3247 tenuis
3437 3209 3639 3248 rumor

214 3278 535 3352 septimam
568 3281 669 3333 aut
684 3281 945 3333 octavam
967 3276 1121 3331 hanc
1143 3275 1432 3348 synodum
1461 3274 1755 3342 vocitetis;
1778 3291 1876 3329 ne-
1905 3262 1947 3328 C
1987 3280 2239 3352 aspersit
2259 3279 2574 3352 aliquando
2608 3297 2740 3336 cum
2787 3297 2963 3352 prava
3012 3279 3375 3351 sapientibus
3408 3296 3632 3353 sapere,

216 3384 389 3425 cesse
416 3373 507 3424 est
522 3368 699 3423 etiam
724 3370 788 3422 ut
810 3369 895 3422 tot
912 3364 1298 3422 instabilitate
1319 3363 1478 3420 illius
1494 3365 1747 3437 synodos
1764 3363 1877 3419 col-

213 3456 601 3532 ligatis,quot
626 3472 731 3528 pro
761 3454 1008 3511 Niczente
1037 3453 1242 3526 synodi
1278 3452 1594 3525 sequendis
1626 3451 1876 3508 decretis

212 3549 452 3603 constat
473 3545 655 3601 fuisse
684 3543 931 3600 concilia
960 3541 1483 3616 congregata.0uid
1515 3544 1711 3613 autem
1742 3557 1875 3614 pro-

212 3635 339 3691 ﬁcit
370 3634 497 3690 solo
528 3648 772 3689 numero
801 3630 1271 3688 convenientium
1302 3646 1687 3703 personarum
1735 3646 1875 3686 san-

212 3726 371 3781 ctam
407 3723 695 3795 synodum
725 3738 829 3779 vos
862 3720 1044 3777 fuisse
1075 3724 1394 3787 secutos,et
1424 3719 1690 3775 moribus
1723 3718 1877 3774 hanc

210 3825 344 3870 esse
378 3811 695 3868 crudeliter
723 3810 1106 3884 persecutos?
1126 3808 1361 3866 Utinam
1412 3825 1527 3864 non
1577 3813 1775 3864 essent
1792 3812 1879 3864 tot

212 3914 491 3968 numero,
522 3901 622 3957 sed
670 3904 867 3955 tamen
914 3898 1232 3955 existerent
1259 3897 1407 3953 tales
1440 3897 1635 3953 meriti
1672 3897 1877 3968 quales

210 3993 387 4047 erant
418 3989 633 4062 quibus
648 3987 919 4044 Christus
949 3986 1174 4041 aiebat:
1195 3985 1379 4040 Nolite
1408 3986 1616 4048 timere,
1634 3985 1878 4056 pusillus

210 4096 374 4152 grex,
406 4080 539 4150 quia
568 4078 895 4149 complacuit
923 4076 1082 4131 Patri
1123 4089 1241 4130 meo
1289 4073 1421 4129 dare
1462 4072 1616 4128 vobis
1645 4088 1879 4142 regnum

213 4168 369 4241 (Luc.
406 4169 558 4235 xm.)
590 4166 715 4222 Non
746 4181 883 4237 ergo
912 4164 1154 4220 totidem
1205 4161 1506 4234 praesules,
1538 4161 1640 4217 sed
1670 4161 1879 4216 merita

212 4275 331 4314 non
358 4257 593 4312 minora
609 4255 897 4327 synodum
917 4252 1140 4325 synodo
1156 4251 1404 4306 Nictenae
1422 4253 1673 4322 possunt
1690 4250 1877 4305 facere

211 4346 493 4420 parilem,
527 4345 835 4416 magisque
863 4341 1007 4396 illud
1040 4340 1458 4397 advertendum
1492 4342 1582 4394 est
1624 4338 1764 4410 quia
1793 4338 1873 4393 ibi

211 4439 425 4492 contra
452 4433 631 4489 unius
664 4430 985 4503 nuncupati
1031 4428 1349 4501 presbyteri
1405 4427 1725 4493 vesaniam,
1759 4443 1875 4482 non

210 4524 412 4580 solum
445 4521 766 4577 multarum
799 4518 1103 4593 regionum
1134 4516 1664 4590 pontiﬁces,verum
1699 4516 1875 4572 etiam

1983 3372 2202 3442 quanto
2226 3369 2423 3424 minus
2445 3369 2814 3424 concertare?
2836 3367 3137 3439 Siquidem
3161 3386 3454 3440 nusquam
3479 3366 3636 3442 frigi-

1985 3458 2417 3529 dus,nusquam
2429 3458 2665 3529 tepidus
2678 3457 2842 3513 labor
2855 3462 3192 3512 sanctorum
3207 3456 3535 3529 apostolicae
3555 3475 3641 3515 se-

1984 3545 2077 3601 dis
2107 3545 2430 3617 przesqum
2448 3545 2603 3601 circa
2618 3545 2871 3600 debitam
2893 3561 3194 3600 sacrarum
3213 3544 3539 3618 imaginum
3557 3564 3641 3603 re-

1982 3635 2303 3691 verentiam
2336 3640 2392 3690 et
2422 3638 2847 3706 competentem
2878 3634 3312 3690 venerationem
3344 3635 3635 3708 apparuit.

1983 3724 2101 3780 Nec
2130 3724 2440 3780 defuerunt
2472 3723 2679 3779 harum
2723 3722 3234 3796 impugnatoribus
3265 3723 3637 3779 decessorum

1985 3816 2321 3869 nostrorum
2352 3811 2691 3877 certamina,
2728 3812 2826 3885 qui
2857 3812 2966 3868 hoc
2996 3816 3240 3886 egerunt
3270 3812 3643 3884 scriptis,hoc

1986 3901 2233 3958 diversis
2265 3901 2590 3968 laboribus,
2637 3901 2744 3956 hoc
2772 3900 2949 3957 etiam
2981 3902 3108 3957 suis
3140 3900 3643 3973 increpationibus

1986 3991 2138 4063 apud
2168 3989 2373 4045 mundi
2407 3990 2585 4061 hujus
2610 3989 2924 4062 principes,
2962 3994 3024 4044 ut
3052 3989 3190 4045 talis
3220 4005 3381 4044 error
3410 3989 3642 4045 eminus

1986 4075 2327 4149 pelleretur;
2362 4076 2631 4147 quamvis
2652 4076 3057 4143 dixeritis,non
3081 4076 3263 4130 nostri
3286 4075 3519 4147 eguisse
3539 4093 3642 4131 vos

1986 4165 2057 4220 ad
2100 4164 2517 4237 expugnandos
2564 4162 2867 4218 haereticos
2898 4180 3001 4235 pro
3031 4180 3097 4218 eo
3128 4164 3284 4233 quod
3308 4164 3434 4233 jam
3467 4163 3643 4219 fuerit

1984 4252 2325 4323 hujusmodi
2359 4251 2598 4306 haeresis
2624 4251 2682 4305 in
2713 4250 2903 4306 Nicaea
2933 4252 3187 4306 secundo
3218 4255 3532 4306 convocata
3552 4268 3641 4323 sy-

1986 4342 2161 4407 nodo,
2192 4344 2249 4396 et
2279 4358 2312 4395 a
2342 4356 2555 4410 magno
2588 4339 2881 4395 Methodio
2912 4339 3121 4395 deinde
3151 4339 3638 4411 subversa,quasi

1986 4446 2103 4486 non
2132 4434 2191 4485 et
2218 4429 2329 4501 ipsi
2361 4428 2620 4485 secundo
2648 4428 2705 4482 in
2740 4428 2927 4483 Nicaaa
2957 4428 3206 4485 collecta
3238 4429 3459 4502 synodo
3477 4444 3642 4500 apos-

1985 4519 2161 4576 tolica
2181 4522 2382 4574 nostra
2405 4518 2572 4573 sedes
2593 4516 3009 4589 praesederit,et
3040 4517 3232 4588 prima
3261 4520 3464 4572 contra
3486 4515 3642 4571 mala

210 4619 268 4669 et
297 4610 658 4687 patriarcha:
686 4608 1031 4683 praesedisse
1062 4607 1412 4663 referuntur.
1446 4605 1550 4661 Hic
1581 4609 1780 4694 autem
1814 4605 1871 4660 in
1906 4629 1952 4694 D
1986 4607 2300 4665 sentientes
2333 4605 2654 4677 spiritalem
2686 4605 2961 4678 sagittam
2991 4605 3349 4694 emiserit.Et
3377 4621 3638 4694 rursum,

210 4699 569 4775 patriarchae
599 4697 832 4772 negotio
851 4714 968 4753 non
989 4695 1180 4751 solum
1206 4694 1365 4750 ullus
1386 4692 1875 4766 patriarcharum,

212 4791 318 4847 sed
353 4805 465 4845 nec
498 4788 656 4843 ullus
687 4786 929 4843 alterius
961 4785 1278 4841 diceeeseos
1304 4783 1577 4839 inventus
1608 4786 1697 4838 est
1717 4781 1879 4855 quis-

213 4896 399 4954 quam
432 4878 767 4952 episcopus,
800 4876 954 4932 sicut
973 4875 1102 4945 jam
1134 4871 1615 4946 significavimus.

285 4968 587 5024 Numerus
618 4964 799 5039 igitur
827 4962 1081 5036 pusillus
1112 4977 1217 5017 nec
1249 4960 1434 5023 obest,
1468 4958 1569 5014 ubi
1619 4959 1882 5015 abundat

215 5056 443 5129 pietas;
476 5070 583 5110 nec
614 5052 921 5125 multiplex
950 5051 1206 5124 prodest,
1224 5049 1322 5104 ubi
1355 5052 1559 5121 regnat
1588 5047 1877 5121 impietas.

216 5144 500 5212 Quinimo
532 5146 753 5216 quanto
779 5139 1148 5197 numerosior
1176 5142 1266 5195 est
1296 5137 1667 5210 congregatio
1706 5137 1881 5194 mali-

215 5250 500 5308 gnorum,
532 5235 695 5288 tanto
723 5230 968 5287 validior
1005 5233 1095 5285 est
1140 5227 1213 5283 ad
1262 5226 1604 5283 sectandum
1637 5243 1878 5282 suorum

216 5340 404 5396 prava
430 5325 731 5388 votorum;
764 5335 869 5375 nec
899 5316 1272 5392 gloriandum
1293 5313 1457 5371 estin
1480 5314 1877 5383 multitudine,

214 5412 323 5467 ubi
354 5424 473 5467 non
504 5413 709 5465 contra
738 5407 944 5463 mundi
975 5410 1227 5463 rectores
1257 5402 1635 5459 tenebrarum
1666 5402 1878 5458 harum

215 5503 427 5556 contra
455 5495 747 5572 spiritalia
775 5494 1050 5568 nequitiae
1079 5498 1372 5549 certamen
1398 5491 1752 5559 assumitur;
1779 5492 1879 5547 sed

218 5589 506 5645 adversus
537 5602 770 5643 carnem
801 5588 858 5641 et
887 5581 1319 5656 sanguinem,id
1351 5584 1441 5636 est
1470 5581 1747 5635 adversus
1778 5580 1881 5636 ho-

219 5677 437 5747 mines,
488 5679 672 5733 totius
719 5673 856 5731 belli
908 5672 1140 5746 pondus
1187 5668 1518 5733 inducitur;
1565 5666 1678 5721 nisi
1723 5670 1879 5724 enim

1986 4697 2154 4770 quasi
2173 4710 2287 4751 non
2306 4699 2361 4751 et
2381 4694 2718 4749 veneranda
2737 4694 3029 4749 memorias
3050 4693 3380 4749 Methodius
3403 4694 3461 4749 in
3480 4693 3635 4750 Grai-

1989 4788 2081 4842 cia
2109 4784 2511 4858 persecutione
2544 4782 2917 4849 fervente,hic
2938 4784 3090 4855 apud
3120 4783 3353 4838 beatum
3376 4783 3633 4851 Petrum,

1989 4881 2047 4933 et
2076 4875 2231 4948 apud
2264 4871 2496 4938 nos,ubi
2529 4870 2669 4927 olim
2701 4870 3077 4941 Athanasius,
3129 4872 3228 4927 ubi
3268 4871 3505 4943 Paulus,
3539 4872 3641 4927 ubi

1989 4963 2232 5039 plurimi
2265 4978 2397 5017 cum
2428 4959 2631 5026 illis,et
2657 4963 2865 5031 praeter
2892 4959 3045 5027 illos,
3072 4961 3173 5017 ubi
3205 4960 3459 5034 denique
3490 4978 3644 5017 sem-

1989 5072 2091 5127 per
2120 5049 2419 5108 catholicis
2452 5046 2814 5117 subvenitur,
2840 5051 3136 5107 consecuti
3187 5050 3305 5108 sint
3351 5050 3638 5123 requiem,

1989 5143 2172 5199 donec
2194 5138 2656 5212 apprehenderat
2672 5153 2947 5208 campum
2970 5140 3307 5195 certaminis
3321 5141 3443 5211 jam
3469 5139 3641 5194 satia-

1986 5236 2084 5288 tus
2110 5229 2259 5285 lacte
2281 5226 2488 5283 matris
2518 5226 2697 5296 hujus
2719 5228 2983 5283 omnium
3008 5234 3220 5285 sanctae
3240 5228 3505 5285 videlicet
3532 5227 3640 5279 Ro-

1989 5337 2175 5375 manis
2206 5316 2474 5373 Ecclesiae
2506 5314 2860 5371 catholicum
2893 5317 3107 5390 dogma
3136 5316 3442 5373 defendere
3464 5311 3640 5366 fuerit

1989 5405 2351 5463 eruditus.Et
2381 5402 2549 5475 quasi
2573 5419 2690 5457 non
2708 5402 2842 5458 hinc
2862 5405 3265 5460 auctoritatem
3287 5399 3637 5472 praedicandi

1990 5492 2440 5565 sumpserit,nec
2470 5489 2563 5545 his
2593 5490 2797 5547 infulis
2821 5492 3278 5547 sacerdotalibus
3298 5488 3519 5542 ditatus
3552 5504 3643 5543 ex-

1994 5582 2229 5649 stiterit,
2257 5582 2329 5637 ad
2363 5583 2687 5636 extremum
2721 5581 2889 5652 quasi
2939 5597 3053 5636 non
3086 5579 3222 5633 hinc
3253 5576 3644 5631 constantiam

1992 5671 2233 5738 Petri,et
2264 5669 2464 5726 omnia
2494 5668 2654 5725 Pauli
2688 5669 2759 5724 ad
2807 5667 3183 5723 debellandos
3224 5665 3645 5725 Iconomachos
