3994 6150
156 343 280 408 949

1379 339 1786 405 EPISTOL/E
1828 338 1932 402 ET
1974 337 2360 404 DECltETA.

3455 338 3573 404 950

157 479 366 537 addita
385 480 474 536 est
494 477 740 535 societas
760 475 1086 534 beatissimi
1115 475 1297 540 Pauli,
1316 476 1472 532 vasis
1493 474 1813 540 electionis,
1845 473 1901 539 Α
1931 476 2217 531 consistit.
2252 477 2332 531 Ex
2360 476 2487 546 ejus
2518 475 2673 530 enim
2711 473 3104 532 ecclesiastica
3137 473 3446 546 disciplina
3474 493 3576 547 per

159 569 436 643 magistri
468 568 748 635 veritatis,
782 567 873 623 cui
906 568 1131 641 jugiter
1163 566 1507 622 imminebat
1550 563 1814 621 omnium

157 658 559 715 Ecclesiarum
593 655 922 713 sollicitudo
955 658 1028 730 (II
1060 659 1179 714 Cor.
1212 659 1327 724 xv).

231 747 301 803 Hi
335 763 492 820 ergo,
518 751 801 818 tanquam
846 747 962 802 duo
1009 746 1324 802 luminaria
1355 761 1568 818 magna
1597 743 1724 800 coeli
1754 742 1814 798 in

156 835 422 892 Ecclesia
453 835 716 890 Romana
746 833 1026 890 divinitus
1054 835 1375 899 constituti,
1403 838 1591 888 totum
1615 833 1815 888 orbem

157 924 472 998 splendore
527 922 772 996 fulgoris
803 923 892 978 sui
945 923 1292 979 mirabiliter
1339 923 1726 985 illustrarunt,
1760 925 1817 976 et

156 1014 443 1071 Occidens
465 1029 667 1068 eorum
689 1012 1208 1084 przesentia,veluti
1237 1011 1514 1068 rutilante
1536 1012 1676 1076 sole,
1692 1016 1813 1066 tam

157 1120 262 1176 per
293 1118 357 1158 se
388 1101 640 1157 nitorem
671 1101 847 1156 dante
885 1118 1065 1173 quam
1126 1119 1227 1173 per
1274 1100 1594 1173 discipulos
1651 1117 1811 1168 suos,

157 1192 333 1264 quasi
379 1190 667 1262 quosdam
725 1189 919 1245 radios
977 1189 1148 1257 lucis,
1181 1189 1449 1258 micante,
1483 1190 1672 1244 factus
1728 1192 1816 1244 est

157 1281 398 1348 Oriens;
436 1278 655 1351 quique
704 1294 819 1332 non
878 1281 1189 1350 postquam
1239 1279 1453 1334 mortui
1511 1282 1667 1344 sunt,
1703 1278 1814 1332 Re-

157 1386 322 1425 mam
352 1385 386 1423 a
413 1365 780 1440 principibus
812 1371 951 1421 sunt
995 1366 1191 1433 delati,
1218 1372 1283 1423 ut
1316 1368 1587 1423 Romanae
1617 1365 1814 1422 Eccle-

156 1458 258 1514 siae
281 1458 565 1528 majorem
589 1456 919 1510 conferrent
941 1455 1379 1529 privilegiorum
1411 1457 1712 1523 honorem,
1738 1456 1814 1511 si-

154 1551 256 1602 cut
286 1546 443 1618 apud
484 1562 588 1601 vos
638 1561 753 1600 non
804 1545 1250 1612 rationabiliter,
1274 1547 1374 1601 sed
1423 1545 1818 1618 potentialiter

156 1640 358 1692 actum
381 1633 775 1702 est,videlicct
798 1639 860 1688 ut
879 1633 1142 1690 Ecclesia:
1164 1639 1378 1691 caetera;
1406 1635 1670 1707 patronis
1692 1634 1816 1691 suis

155 1726 553 1798 privarentur,
569 1727 624 1779 et
655 1723 781 1778 sola
801 1722 1340 1796 Constantinopolis
1372 1723 1576 1797 spoliis
1608 1729 1663 1779 et
1692 1724 1816 1796 opi-

153 1814 458 1883 bus,quas
487 1809 768 1910 violenter
798 1809 1063 1908 abstulit,
1090 1810 1404 1879 ditaretur;
1434 1812 1533 1893 sed
1569 1811 1814 1866 Romam
1848 1847 1893 1911 Β

154 1902 217 1957 in
258 1917 438 1956 carne
476 1899 936 1963 venientes,vitze
966 1899 1205 1954 verbum
1238 1899 1721 1973 evangelizantes,
1744 1899 1814 1954 ab

154 2009 224 2047 ea
263 1989 482 2046 erroris
538 1987 848 2060 caliginem
897 1993 1251 2056 amoventes,
1285 1988 1542 2044 veritatis
1596 1988 1817 2043 lumine

154 2083 390 2136 mentes
423 2077 726 2133 hominum
763 2076 1146 2143 illustrantes,
1173 2083 1230 2132 et
1259 2076 1319 2131 in
1351 2095 1418 2133 ea
1446 2095 1560 2132 uno
1592 2078 1818 2133 eodem-

154 2186 272 2242 que
305 2167 400 2222 die
428 2164 772 2238 martyrium
801 2171 1300 2232 censummantes,
1325 2170 1587 2222 sanctam
1613 2168 1818 2221 Rema-

152 2274 298 2314 nam
332 2253 648 2311 Ecclesiam
683 2271 846 2310 roseo
892 2271 1097 2310 cruore
1146 2272 1254 2311 suo
1304 2260 1815 2322 consecraverunt;

151 2351 216 2402 et
243 2346 402 2402 hanc
441 2361 557 2399 non
607 2343 888 2399 habentes
947 2343 1263 2409 maculam,
1297 2348 1399 2398 aut
1458 2361 1688 2416 rugam,
1720 2347 1820 2399 aut

152 2434 387 2507 aliquid
419 2431 762 2504 hujusmodi
792 2432 1148 2499 evhibentes,
1171 2433 1288 2489 Deo
1312 2433 1557 2488 Domino
1589 2432 1817 2488 dedica-

154 2528 393 2581 verunt.
445 2523 657 2594 Sicque
706 2521 946 2577 demum
1001 2520 1452 2577 Alexandrinam
1504 2521 1820 2577 Ecclesium

155 2631 336 2670 suam
365 2612 648 2678 fecerunt,
681 2627 783 2682 per
813 2611 1050 2665 beatum
1081 2610 1301 2666 scilicet
1333 2611 1615 2677 Marcum,
1644 2610 1821 2666 unius

153 2704 379 2760 horum
414 2699 601 2755 filium
634 2717 698 2754 ac
729 2697 1444 2771 discipulum.Haereditas
1469 2699 1684 2772 quippe
1717 2699 1821 2754 lilii

156 2793 218 2848 in
252 2793 543 2864 potestate
575 2787 834 2859 parentis
879 2788 1094 2859 existit,
1129 2793 1184 2842 et
1214 2787 1398 2860 gloria
1447 2787 1716 2860 discipuli
1749 2788 1820 2842 ad

157 2880 520 2954 magistrum
553 2878 680 2932 sine
711 2876 1079 2933 cunctatione
1109 2878 1374 2932 refertur.

238 2971 481 3026 Fecerat
500 2971 696 3022 autem
722 2966 1101 3022 beatissimus
1133 2965 1336 3021 Petrus
1359 2966 1667 3039 praesentia
1698 2983 1822 3021 cor-

162 3057 358 3133 porali
390 3061 446 3112 et
477 3054 792 3111 Ecclesium
837 3054 1256 3110 Antiochenam
1289 3056 1415 3126 jam
1448 3073 1641 3123 suam,
1673 3073 1821 3126 quae,

163 3149 328 3205 sicut
360 3147 568 3201 beatus
617 3161 768 3217 papa
816 3143 956 3199 dicit
1004 3144 1378 3199 Innocentius
1411 3145 1495 3216 (in
1523 3147 1680 3216 epist.
1708 3146 1820 3212 21),

163 3236 341 3293 urbis
391 3235 585 3290 Roma:
618 3215 757 3289 sedi
807 3249 920 3287 non
963 3233 1210 3288 cederet.
1247 3233 1359 3289 nisi
1409 3215 1563 3306 quod
1613 3233 1714 3288 illa
1763 3234 1823 3287 in
1857 3215 1898 3281 C

163 3325 431 3382 transitu
465 3323 698 3390 meruit,
734 3322 848 3377 ista
867 3327 1207 3395 susceptum
1230 3321 1446 3394 quippe
1477 3323 1711 3379 beatum
1736 3323 1833 3378 Pe-

164 3421 334 3471 trum
368 3413 524 3484 apud
559 3429 620 3467 se
651 3415 1245 3482 consummatumque
1266 3412 1566 3483 gauderet.
1590 3413 1695 3467 Per
1725 3411 1832 3467 has

166 3505 360 3577 igitur
391 3506 510 3556 tres
542 3500 864 3574 praecipuas
902 3500 1208 3567 Ecclesias,
1235 3501 1499 3556 omnium
1549 3500 1834 3556 Ecclesia-

169 3611 310 3650 rum
344 3590 679 3646 sollicitudo
711 3589 1013 3645 beatorum
1054 3588 1453 3662 apostolorum
1501 3589 1833 3662 principum

170 3681 332 3740 Petri
354 3697 423 3736 ac
445 3678 608 3736 Pauli
645 3677 1046 3751 proculdubio
1088 3679 1465 3734 moderamen
1520 3683 1832 3750 exspectat.

169 3773 285 3828 Pro
309 3769 534 3843 quibus
567 3767 831 3840 patribus
863 3783 969 3822 nos
995 3767 1295 3835 divinitus,
1321 3768 1681 3824 incremento
1712 3785 1839 3841 gra-

171 3861 269 3917 tiae
306 3859 663 3923 ministrate,
697 3857 818 3911 nati
862 3873 1070 3912 sumus
1100 3856 1204 3911 ﬁlii
1250 3861 1306 3912 et
1354 3856 1674 3926 constituti,
1709 3857 1841 3912 licet

176 3950 339 4018 [licet
371 3945 622 4018 indigni,
650 3945 802 4010 licet,
828 3947 959 4017 etc.]
992 3945 1076 4000 eis
1106 3945 1276 4018 longe
1309 3945 1531 4001 meritis
1561 3946 1837 4019 impares,

171 4037 484 4112 principes
523 4052 698 4107 super
736 4051 971 4090 omnem
1003 4038 1240 4100 terram,
1275 4033 1332 4087 id
1364 4037 1452 4089 est
1499 4051 1675 4105 super
1705 4033 1840 4088 uni-

172 4142 418 4184 versam
449 4123 787 4180 Ecclesiam.
821 4125 1000 4179 Terra
1029 4123 1187 4178 enim
1219 4122 1474 4178 Ecclesia
1503 4123 1735 4190 dicitur,
1770 4123 1843 4177 si-

173 4221 279 4272 cut
313 4214 606 4286 scriptum
651 4218 740 4268 est
772 4229 784 4268 :
819 4213 937 4268 Non
965 4215 1044 4267 sic
1075 4214 1254 4284 impii,
1288 4228 1398 4267 non
1426 4215 1506 4266 sic
1537 4231 1555 4266 :
1587 4212 1677 4266 sed
1721 4219 1841 4266 tan-

174 4321 351 4379 quam
406 4303 614 4375 pulvis,
666 4318 824 4374 quem
874 4302 1098 4373 projicit
1153 4309 1338 4356 ventus
1393 4318 1427 4356 (ι
1482 4302 1625 4371 facie
1682 4309 1845 4356 terrae

176 4394 363 4464 (Psal.
401 4394 463 4460 ι).
498 4393 652 4458 Quze,
687 4390 839 4445 sicut
887 4394 1126 4445 sanctus
1170 4389 1538 4461 Augustinus
1588 4388 1841 4460 exponit,

175 4479 452 4540 Ecclesia
474 4478 838 4552 intelligitur.
864 4479 1132 4534 Haeredcs
1153 4478 1368 4550 quippe
1400 4479 1608 4533 horum
1633 4478 1841 4545 ell‘ccti,

1926 582 2129 619 omnes
2161 564 2468 630 Ecclesias,
2504 564 2800 638 religionis
2832 566 2960 635 jam
3001 570 3293 620 crescente
3323 564 3571 633 cultura,

1927 653 2056 710 fons
2087 654 2397 710 emanavit.
2423 655 2666 709 Nicaanze
2698 654 2904 726 synodi
2944 672 3058 709 non
3089 653 3246 709 aliud
3288 659 3576 727 przecepta

1923 747 2243 810 testantur;
2278 745 2420 799 adeo
2454 748 2518 798 ut
2550 761 2665 799 non
2695 743 2914 815 aliquid
2959 761 3134 815 super
3163 760 3289 799 eam
3323 761 3467 799 ausa
3497 743 3574 800 sit

1925 832 2446 899 constituere,cum
2476 833 2695 888 videret
2719 831 2862 888 nihil
2894 849 3072 903 supra
3099 832 3372 888 meritum
3397 850 3571 889 suum

1924 939 2096 995 posse
2118 923 2386 978 conferri.
2412 922 2622 978 Omnia
2642 921 2892 994 denique
2917 921 3050 976 huic
3081 926 3318 976 noverat
3346 922 3569 977 Domini

1925 1027 2193 1066 sermone
2223 1027 2520 1067 concessa.
2545 1009 2602 1066 Si
2626 1011 2843 1078 omnia,
2867 1027 3002 1082 ergo
3031 1010 3216 1066 defuit
3245 1009 3393 1065 nihil
3416 1011 3570 1082 quod

1923 1116 2041 1154 non
2073 1099 2156 1154 illi
2188 1099 2556 1155 concesserit.

1996 1187 2256 1260 Denique
2287 1187 2335 1244 si
2369 1188 2637 1243 instituta
2662 1188 2900 1246 Nicaeum
2923 1190 3127 1262 synodi
3151 1190 3460 1262 diligenter
3481 1191 3569 1246 in-

1925 1276 2266 1350 spicientur,
2288 1277 2613 1333 invenietur
2641 1279 2894 1349 profecto
2918 1279 3057 1350 quia
3084 1280 3354 1336 Romamn
3377 1281 3569 1337 Eccle-

1924 1367 2022 1423 sia:
2046 1365 2276 1422 nullum
2308 1367 2512 1422 eadem
2546 1368 2803 1439 synodus
2830 1367 3076 1423 contulit
3104 1368 3528 1425 incrementum
3554 1389 3566 1425 :

1925 1456 2025 1512 sed
2059 1455 2252 1528 potius
2284 1472 2352 1511 ex
2383 1456 2510 1526 ejus
2541 1455 2917 1527 forma,quod
2949 1457 3344 1513 Alexandrinae
3376 1459 3569 1515 Eccle-

1925 1544 2022 1600 siae
2047 1544 2330 1600 tribueret
2350 1543 2801 1616 particulariter,
2817 1545 3070 1618 sumpsit
3084 1547 3572 1619 exemplumﬂzec

1924 1633 2122 1707 igitur,
2147 1638 2204 1688 et
2234 1633 2328 1688 his
2362 1633 2597 1700 similia,
2624 1650 2731 1689 nos
2763 1651 2866 1706 pro
2889 1635 3114 1691 cunctis
3135 1635 3428 1702 Ecclesiis,
3457 1637 3572 1693 sol-

1925 1722 2115 1778 licitos
2147 1723 2427 1790 reddunt;
2462 1722 2583 1776 haec
2624 1723 2796 1778 etiam
2832 1724 2904 1777 de
2935 1724 3573 1797 Censtantinopolitana

1924 1810 2182 1867 Ecclesia
2211 1811 2525 1883 impigram
2555 1828 2756 1866 curam
2778 1811 3034 1884 arripere
3053 1812 3428 1869 vehementer
3446 1815 3576 1870 hor-

1924 1905 2152 1968 tantur;
2187 1900 2328 1963 hazc,
2363 1900 2629 1970 inquam,
2656 1900 2943 1972 Ignatium
2987 1901 3379 1972 patriarcbam
3415 1904 3574 1958 nulla

1926 1990 2128 2062 regula
2160 1988 2438 2060 nulloque
2470 1988 2672 2043 ordine
2715 1989 3107 2045 ecclesiastico
3139 1992 3395 2048 dictante
3425 1994 3575 2064 deje-

1925 2083 2106 2144 ctum,
2141 2083 2421 2149 tanquam
2449 2077 2685 2132 fratrem
2713 2079 2993 2165 adjuvare
3023 2080 3400 2151 compellunt.
3425 2083 3571 2136 Nam

1926 2173 1984 2224 et
2017 2169 2166 2223 inter
2195 2171 2399 2222 caetera
2453 2166 2506 2221 is
2563 2184 2666 2237 per
2694 2184 2866 2238 quem
2902 2169 3071 2224 nobis
3120 2171 3408 2241 praecipue
3463 2171 3576 2226 ista

1927 2262 2066 2313 sunt
2097 2256 2398 2329 privilegia
2429 2255 2637 2311 collata
2661 2272 2673 2311 :
2701 2258 2775 2312 Tu
2804 2258 3100 2328 aliquando
3129 2276 3437 2325 conversus,
3472 2278 3573 2316 au-

1928 2346 2071 2402 divit
2102 2364 2135 2401 a
2165 2345 2433 2413 Domino,
2459 2344 2725 2416 conﬁrma
2753 2350 2954 2417 fratres
2987 2356 3104 2402 tuos
3137 2349 3286 2420 (Luc.
3319 2351 3478 2422 xxu).

2001 2436 2058 2491 Si
2086 2435 2323 2507 quidem
2349 2439 2407 2488 et
2427 2433 2554 2490 ideo
2587 2434 2643 2488 in
2669 2435 2901 2507 culpam
2925 2436 3134 2491 cecidit
3154 2442 3218 2492 ut
3238 2438 3413 2494 sciret
3433 2456 3576 2510 qua-

1928 2525 2062 2580 liter
2091 2523 2338 2579 aliorum
2387 2523 2746 2595 infirmitatis
2796 2525 3056 2580 misereri
3098 2526 3415 2582 debuisset.
3456 2530 3578 2584 llznc

1930 2613 2237 2685 Privilegia
2260 2612 2551 2680 Photium,
2569 2613 2794 2668 vivente
2821 2614 3062 2685 Ignatie,
3089 2615 3146 2670 in
3173 2616 3370 2671 caulas
3390 2617 3583 2672 Domi-

1930 2702 2094 2757 nicas
2127 2718 2240 2756 non
2276 2718 2378 2772 per
2410 2700 2647 2769 ostium,
2673 2702 2772 2757 sed
2797 2701 3031 2758 aliunde
3062 2705 3497 2772 ascendentem,
3523 2711 3582 2762 et

1931 2794 2226 2862 pastorem
2255 2787 2674 2861 impellentem,
2700 2795 2755 2844 et
2787 2807 2919 2845 oves
2951 2791 3383 2864 dispergentem
3411 2795 3581 2850 nobis

1929 2884 1986 2934 et
2030 2878 2101 2934 ab
2151 2877 2390 2944 honore,
2415 2894 2589 2949 quem
2649 2878 3044 2950 irregulariter
3101 2882 3424 2952 usurpavit,
3459 2887 3518 2938 et
3547 2901 3582 2938 a

1931 2966 2343 3024 communione
2374 2967 2834 3022 Christianorum
2876 2985 3142 3024 amovere
3187 2970 3465 3026 divinitus
3497 2971 3581 3026 in-

1932 3056 2150 3127 spirata
2173 3056 2499 3126 jusserunt.
2524 3056 2684 3120 Quod
2717 3060 2912 3111 autem
2947 3057 3212 3128 perhibet
3239 3059 3582 3115 excellentia

1931 3149 2126 3200 vestra
2155 3143 2412 3200 noluisse
2433 3161 2534 3199 vos
2562 3149 2679 3199 uta
2698 3145 2897 3201 missis
2916 3146 3130 3202 nostris
3151 3149 3582 3221 lgnatiusjudi-

1939 3239 2188 3300 caretur,
2211 3252 2276 3289 eo
2301 3235 2454 3306 quod
2488 3234 2804 3304 fueritjam
2828 3235 3130 3305 judicatus
3162 3242 3218 3292 et
3244 3239 3590 3293 condemna-

1941 3329 2068 3391 tus;
2105 3324 2354 3378 fatemur
2385 3323 2666 3378 veraciter
2696 3324 2835 3394 quia
2867 3341 2971 3380 nec
3005 3324 3149 3380 illud
3182 3326 3300 3382 ulla
3330 3344 3399 3382 ex
3429 3331 3593 3398 parte

1941 3414 2173 3468 videtur
2191 3412 2369 3468 fuisse
2387 3412 2755 3478 canonicum,
2771 3431 2875 3468 nec
2894 3414 3000 3469 hoc
3020 3414 3280 3486 ipsorum
3296 3417 3591 3485 judicium

1945 3502 2066 3557 fieri
2101 3500 2504 3573 praecepimus,
2538 3518 2640 3555 nec
2690 3501 2904 3556 factum
2950 3503 3320 3559 admisimus.
3353 3504 3597 3559 Verum-

1944 3597 2142 3646 tamen
2175 3590 2264 3644 cui
2291 3589 2480 3662 magis
2504 3588 2720 3661 placuit
2742 3591 3038 3647 evidenter
3069 3592 3434 3665 intelligitur,
3459 3611 3596 3649 cum

1947 3683 2241 3753 patratum
2263 3695 2363 3733 vos
2377 3679 2684 3733 scribendo
2709 3680 3275 3753 roborassetis,quod
3301 3699 3598 3754 nusquam

1948 3767 2264 3840 aliquando
2290 3768 2504 3822 factum
2529 3767 2599 3822 ab
2625 3761 2972 3838 imperatore
3005 3770 3296 3838 recolitur,
3313 3776 3370 3827 et
3395 3789 3598 3827 omnes

1949 3857 2007 3911 in
2039 3873 2106 3911 eo
2139 3855 2394 3910 scribere
2427 3855 2846 3926 imperassetis.
2873 3858 2988 3913 Nos
3031 3864 3228 3914 autem
3261 3876 3375 3915 non
3408 3861 3600 3916 solum

1949 3946 2170 4001 factum
2204 3944 2445 3998 minime
2478 3944 2827 4016 recepimus,
2853 3963 3055 4002 verum
3077 3947 3250 4002 etiam
3282 3949 3598 4016 doluimus,

1950 4038 2007 4089 et
2036 4051 2071 4088 a
2101 4037 2298 4088 nostro
2331 4049 2619 4088 consensu
2676 4035 2878 4104 procul
2927 4016 3283 4102 anfovimus;
3335 4037 3600 4107 quinimo

1951 4122 2294 4178 auctoritate
2325 4126 2382 4176 et
2413 4121 2675 4191 exemplo
2707 4126 3142 4177 antecessorum
3176 4129 3508 4179 nostrorum
3542 4126 3602 4179 in

1953 4212 2185 4266 irritum
2217 4210 2515 4265 duximus.
2542 4210 2703 4274 Quod
2727 4210 2773 4263 si
2809 4215 3038 4281 tempus
3069 4211 3417 4284 indulgeret,
3445 4215 3598 4284 quod

1955 4300 2209 4357 dicimus
2241 4299 2406 4353 facile
2438 4299 2682 4370 probare
2713 4313 2780 4352 ex
2824 4299 3223 4355 monumentis
3267 4306 3605 4372 poteramus

1953 4387 2382 4445 ecclesiasticis.
2411 4388 2734 4442 Patratores
2771 4392 2967 4442 autem
3000 4389 3342 4461 praesumpti
3368 4390 3600 4460 judicii,

1947 4477 2172 4550 judicio
2195 4477 2251 4531 in
2277 4475 3080 4548 quojudicaveruntjudicati
3103 4481 3260 4543 sunt,
3281 4479 3604 4533 secundum

178 4571 530 4628 facultatem
553 4568 1072 4640 potestatis,quam
1101 4585 1134 4622 a
1164 4567 1408 4623 Domino
1441 4571 1842 4639 perceperunt,
1877 4586 1925 4650 Ι)
1958 4567 2365 4638 Evangelium;
2399 4571 2454 4619 et
2487 4583 2763 4620 mensura
2795 4567 2852 4620 in
2886 4583 3004 4637 qua
3033 4566 3219 4622 mensi
3252 4567 3488 4622 fuerunt
3519 4567 3606 4621 di-

180 4667 242 4717 et
275 4675 432 4717 onus
483 4656 898 4714 sollicitudinis
930 4656 1112 4713 nihilo
1164 4655 1360 4712 minus
1411 4672 1713 4726 capessere
1745 4672 1850 4711 nos

184 4752 445 4822 Oportet.

264 4836 516 4893 Proinde
549 4835 1130 4891 animadvertendum
1161 4837 1250 4890 est
1281 4833 1419 4905 quia
1448 4849 1562 4888 non
1594 4833 1850 4899 Niemna,

187 4945 315 4984 non
345 4924 600 4997 denique
628 4923 749 4980 ulla
769 4924 1047 4996 synodus,
1065 4924 1403 4996 quodquam
1429 4923 1699 4977 Romanis
1723 4940 1855 4978 con-

189 5015 336 5073 tulit
365 5013 635 5070 Ecclesiaa
685 5013 1218 5087 privilegium,quae
1268 5012 1326 5066 in
1378 5012 1544 5067 Petro
1598 5015 1855 5080 noverat,

189 5121 329 5162 eam
356 5102 541 5158 totius
562 5103 701 5174 jura
725 5103 1031 5174 potestatis
1054 5101 1296 5175 pleniter
1316 5101 1621 5169 meruisse,
1638 5106 1694 5157 et
1714 5118 1856 5157 cun-

191 5200 433 5252 ctarum
455 5191 668 5247 Christi
692 5191 887 5247 ovium
919 5192 1180 5264 regimen
1204 5191 1527 5262 accepisse;
1554 5190 1704 5246 sicut
1723 5192 1859 5246 bea-

189 5289 297 5340 tus
311 5281 531 5356 praesul
550 5280 880 5337 Bonifacius
899 5285 1208 5336 attestatur
1225 5281 1320 5352 (a),
1337 5279 1626 5335 unlversis
1643 5279 1864 5352 episco-

189 5373 290 5447 pis
323 5388 429 5444 per
458 5369 827 5426 Thessaliam
857 5368 1195 5426 constitutis
1226 5369 1486 5424 scribens
1517 5384 1529 5422 :
1567 5368 1862 5423 Institutio

197 5458 558 5518 universalis
580 5459 878 5515 nascentis
894 5457 1162 5514 Ecclesiae
1180 5458 1251 5513 de
1267 5456 1418 5512 beati
1440 5456 1588 5512 Petri
1609 5458 1866 5528 sumpsit

196 5551 425 5606 honore
456 5548 837 5620 principium,
862 5548 921 5603 in
949 5564 1063 5620 quo
1097 5546 1355 5619 regimen
1383 5547 1510 5616 ejus
1542 5550 1599 5600 ct
1630 5562 1866 5600 summa

1961 4673 2231 4712 mensum
2266 4661 2354 4711 est
2383 4656 2468 4710 eis
2498 4656 2648 4723 (Luc.
2675 4659 2767 4722 vn).
2793 4655 2908 4710 Nos
2939 4655 3156 4727 quippe
3204 4655 3356 4723 illos,
3399 4673 3515 4712 non
3547 4660 3613 4712 ut

1962 4745 2168 4818 Iguatii
2203 4745 2272 4799 ad
2324 4743 2772 4815 patriarchalem
2823 4744 3020 4798 sedem
3070 4745 3493 4815 promotionem
3525 4746 3612 4801 vel

1963 4834 2295 4908 ingressum
2319 4832 3144 4904 inquirerentautjudicarent
3163 4833 3610 4904 destinavimus,

1964 4924 2065 4979 sed
2098 4927 2164 4977 ut
2194 4919 2698 4976 circumstantiam
2739 4920 3080 4991 dejectionis
3111 4922 3238 4992 ejus
3267 4923 3612 4992 ediscerent,

1965 5011 2250 5082 nobisque
2261 5009 2563 5064 veritatem
2583 5013 2870 5079 repertam
2890 5011 3234 5082 repedantes
3252 5011 3613 5078 intimarent,

1967 5101 2308 5156 direximus.
2859 5134 2885 5154 .

2040 5191 2204 5256 Quod
2234 5192 2465 5254 nostris,
2489 5187 2604 5242 Deo
2649 5188 2890 5259 gratias,
2924 5188 3147 5262 liquido
3177 5194 3468 5246 testantur
3497 5189 3618 5258 epi-

1971 5279 2152 5346 stolae,
2187 5294 2333 5349 quas
2364 5281 2560 5332 ternas
2595 5293 2696 5348 per
2723 5277 3059 5333 Zachariam
3094 5284 3150 5333 et
3179 5283 3415 5334 Petrum
3447 5281 3621 5347 atque

1973 5370 2246 5434 Leonem,
2272 5367 2387 5421 Deo
2419 5365 2702 5422 amabiles
2735 5367 3075 5423 scriniarios
3107 5372 3316 5422 sancta:
3352 5367 3621 5420 Romanis

1974 5456 2264 5522 Ecclesize,
2302 5472 2418 5510 uno
2452 5459 2608 5510 textu
2670 5456 2846 5512 scribi
2908 5456 3289 5528 praecepimus
3327 5458 3382 5507 et
3428 5469 3622 5508 coram

1975 5549 2178 5600 sancta
2207 5545 2483 5610 Ecclesia,
2515 5562 2642 5616 qua:
2673 5547 2825 5617 apud
2879 5563 2983 5600 nos
3031 5549 3138 5610 est,
3185 5542 3472 5613 dispertiti
3527 5559 3623 5596 su-

277 5658 350 5726 (a)
385 5656 448 5713 In
484 5654 736 5728 epistola
765 5672 891 5728 quae
923 5654 1198 5712 recitatur
1229 5654 1285 5708 in
1319 5652 1565 5708 concilio
1595 5653 1874 5723 Romano,
1911 5654 2066 5727 quod
2098 5651 2433 5709 llelstcnius
2466 5651 2644 5708 edidit
2677 5652 2737 5708 in
2766 5652 3048 5720 Boni/ccio
3077 5649 3148 5703 II.
3184 5649 3368 5705 Hann.
