4036 6132
444 334 567 399 931

1816 338 2135 404 NICOLAI
2177 338 2407 405 PAPIE
2445 338 2494 405 Ῑ.

3686 336 3789 405 πε

444 490 607 539 mus;
642 475 697 528 ct
740 490 918 528 unam
950 472 1183 545 quidem
1229 474 1379 545 apud
1433 491 1538 528 nos
1587 473 1936 529 retinuimus
1987 491 2087 545 pro
2122 476 2165 541 Α
2205 475 2389 546 ipsius
2412 473 2566 530 vasis
2587 478 2807 530 cunctae
2828 472 3787 547 [f.,cunctas.,H.mn.]dignoscatur

452 564 649 617 futura
680 562 899 618 scilicet
931 563 1172 630 cautela,
1210 568 1263 617 ct
1304 568 1539 635 pr0pter
1569 564 1947 635 quaestionem
1976 581 2100 635 qua)

446 652 583 708 oriri
618 657 843 725 poterat
873 652 931 706 in
965 657 1283 724 posterum.
1308 653 1465 717 Quod
1517 669 1645 708 ecce
1681 651 2102 724 imprmsentia-

447 760 602 811 rum,
639 742 779 814 proh
813 740 1010 797 dolorl
1044 741 1367 807 cernimus;
1401 742 1575 797 aliam
1599 758 1730 798 vero
1764 742 1986 797 dilectae
2009 758 2108 798 su-

447 831 675 886 blimati
722 835 924 885 vestrae
982 830 1323 886 direximus.
1350 831 1523 886 Porro
1585 831 1817 886 tertiam
1879 831 2099 886 eisdem

451 921 657 993 legatis
688 918 902 974 nostris
950 919 1287 985 tribuimus,
1322 925 1387 974 ut
1418 920 1579 975 illam
1622 920 1778 975 velut
1832 919 2103 991 specular

450 1028 566 1083 pra:
599 1008 783 1064 oculis
814 1008 1114 1077 habentes,
1134 1010 1193 1063 in
1218 1026 1284 1064 ea
1315 995 1741 1065 meditarentur
1762 1010 1900 1081 quid
1932 1025 2103 1082 agere

451 1098 813 1165 debuissent,
847 1102 1021 1170 atque
1064 1100 1509 1154 recordarentur
1539 1098 1677 1170 quid
1725 1098 1835 1154 sibi
1867 1116 1901 1154 a
1932 1098 2102 1154 nobis

452 1187 792 1242 constiterat
820 1204 947 1242 esse
976 1192 1352 1259 praeceptum.

521 1278 589 1332 Et
616 1275 665 1331 si
696 1276 941 1332 fortasse
960 1280 1151 1331 vestra
1179 1277 1520 1349 magnitudo
1544 1277 1957 1349 dedignaretur
1989 1277 2101 1334 sibi

451 1365 695 1421 missam
728 1364 1035 1437 epistolam
1070 1365 1125 1419 in
1158 1365 1561 1437 episcoporum
1596 1367 1899 1422 ostendere
1929 1372 2100 1437 cmtu,

444 1454 739 1525 jussimus
761 1455 845 1509 eis
866 1460 934 1509 ut
956 1453 1334 1525 illam,quam
1368 1454 1477 1509 sibi
1512 1455 1843 1526 specialiter
1871 1456 2105 1512 dedera-

453 1559 922 1615 mus,quamque
974 1543 1151 1598 unius
1182 1543 1380 1598 forma:
1413 1560 1546 1599 cum
1598 1544 1841 1616 reliquis
1870 1546 2102 1601 duabus

452 1648 583 1688 esse
614 1636 912 1698 noverant,
938 1631 996 1686 in
1024 1648 1089 1687 eo
1121 1637 1427 1698 conventu,
1452 1633 1508 1687 in
1538 1650 1653 1705 quo
1685 1650 1923 1690 causam
1946 1636 2100 1706 deje-

455 1718 664 1775 ctionis
688 1719 894 1791 Ignatii
918 1736 1378 1791 praeceperamus
1402 1720 1696 1792 inquirere
1713 1738 1777 1776 ac
1796 1721 2104 1794 diligenter

452 1806 820 1880 investigare,
854 1808 1328 1879 impraetermisse
1374 1808 1649 1881 legerent,
1674 1812 1731 1865 et
1768 1810 1827 1865 in
1860 1810 2101 1866 auribus

455 1896 720 1950 omnium
754 1896 1084 1967 recitarent,
1131 1897 1267 1953 licet
1318 1897 1433 1970 ipsi
1483 1899 1755 1953 contrarii
1806 1900 1939 1955 facti
1990 1900 2109 1954 sint

453 2001 654 2040 eorum
690 1985 954 2041 omnium
985 2002 1111 2057 quae
1159 1986 1271 2042 sibi
1307 1988 1536 2043 fuerant
1565 1988 1871 2059 imperata.
1895 1991 2111 2054 Quam-

454 2073 654 2129 obrem
677 2078 733 2130 et
755 2091 929 2141 nunc,
958 2075 1097 2148 quia
1121 2077 1385 2163 quaedam
1416 2077 1635 2149 scripta
1655 2077 1934 2133 dicuntur
1955 2078 2108 2150 apud

450 2179 552 2219 vos
577 2167 1020 2235 esse,tanquam
1044 2180 1108 2219 ex
1134 2165 1369 2221 nomine
1394 2170 1592 2221 nostro
1623 2165 1825 2233 missa,
1852 2184 1980 2238 quae
2004 2184 2111 2224 nos

452 2252 692 2308 omnino
726 2270 842 2308 non
876 2254 1170 2320 misimus,
1198 2254 1414 2309 idcirco
1445 2259 1502 2309 et
1532 2254 1707 2322 hanc,
1732 2272 1908 2327 quam
1943 2272 2110 2311 man-

451 2342 748 2397 suetudini
790 2346 992 2397 vestrae
1044 2343 1375 2415 dirigimus,
1411 2344 1468 2398 in
1516 2343 1698 2399 altero
1743 2350 1900 2400 tomo
1932 2338 2110 2402 scribi

453 2431 871 2502 praecepimus;
896 2435 952 2486 et
976 2431 1127 2487 hanc
1151 2432 1387 2503 quidem
1410 2433 1636 2499 Petrus,
1654 2434 1750 2504 qui
1773 2433 1949 2490 unius
1969 2452 2110 2507 prm-

455 2520 747 2574 dictarum
780 2520 958 2574 trium
991 2520 1239 2591 scriptor
1269 2522 1520 2590 exstitit;
1556 2538 1731 2592 quam
1764 2539 1898 2578 vero
1929 2540 2108 2594 penes

455 2625 563 2663 nos
597 2608 938 2674 retinemus,
962 2610 1238 2680 praefatus
1270 2611 1402 2674 Leo,
1428 2610 1545 2665 Dco
1570 2611 1853 2666 amabiles
1874 2612 2109 2668 scrinia-

455 2696 525 2752 rii
555 2702 767 2752 sanctze
819 2698 1090 2752 Romanze
1142 2699 1430 2765 Ecclesiae,
1463 2717 1710 2771 quorum
1747 2701 1890 2755 ﬁdes
1938 2703 2106 2757 nobis

456 2787 701 2858 probata
726 2790 833 2849 est.
858 2787 1163 2860 scripsisse
1191 2792 1534 2844 noscuntur.

524 2881 700 2931 Porro
732 2876 968 2948 scripsit
1000 2877 1169 2932 nobis
1200 2877 1513 2949 imperium
1540 2883 1795 2934 vestrum
1831 2885 1896 2935 ut
1927 2880 2108 2937 Theo-

452 2970 749 3037 gnostum,
776 2965 875 3037 qui
908 2983 942 3021 a
974 2966 1148 3021 fratre
1178 2970 1235 3021 et
1264 2966 1606 3039 coepiscopo
1652 2972 1848 3024 nostro
1880 2969 2104 3042 lgnatio

452 3071 629 3125 super
658 3055 944 3126 quasdam
978 3055 1305 3127 provincias
1354 3056 1698 3112 exarchatus
1748 3059 1980 3129 pondus
2008 3075 2102 3115 ac-

451 3143 675 3214 cepisse
698 3143 1086 3216 ‘dignoscitur,
1107 3161 1332 3200 necnon
1365 3150 1421 3200 et
1464 3145 1608 3201 alios
1639 3147 1958 3203 monachos
1989 3149 2099 3203 sibi

2214 564 2269 618 in
2305 582 2365 619 sc
2392 564 2686 619 continere
2708 564 3109 620 universorum
3134 564 3464 619 animalium
3486 564 3791 636 (quaehomi-

2211 670 2317 708 nes
2363 653 2777 727 intelliguntur
2823 651 3228 725 spiritualiter)
3259 652 3531 709 nationes.
3567 654 3795 727 Suscepit

2211 758 2346 815 ergo
2378 759 2444 798 ac
2475 742 2735 798 continet
2763 742 2821 796 in
2854 758 2915 798 se
2945 742 3093 797 Rom
3118 756 3210 797 na
3229 741 3644 813 Ecclesia.quod
3672 748 3792 799 Deus

2212 830 2601 886 universalem
2624 830 2941 886 Ecclesiam
2974 831 3271 902 suscipere
3299 846 3362 885 ac
3392 830 3663 886 continere
3681 848 3796 903 prae-

2211 919 2383 992 cepit.
2408 920 2899 975 Decentissimum
2941 918 3157 992 quippe
3179 923 3266 975 est
3303 924 3471 991 atque
3505 921 3795 975 convenien-

2208 1008 2507 1064 tissimum
2542 1012 2604 1064 ut
2633 1010 2786 1080 apud
2827 1026 2888 1065 se
2931 1007 3137 1065 Petrus
3165 1009 3320 1081 quod
3368 1007 3477 1063 sibi
3519 1006 3796 1080 specialiter

2211 1103 2513 1154 ostensum
2561 1104 2737 1170 atque
2787 1104 3143 1171 praeceptum
3189 1101 3296 1164 est,
3327 1097 3609 1165 exhibeat;
3637 1098 3797 1170 sicque

2211 1188 2449 1244 demum
2481 1189 2637 1259 quod
2663 1187 2723 1242 in
2754 1182 3013 1260 generali
3061 1186 3323 1243 Ecclesia
3365 1185 3581 1242 facilius
3607 1186 3796 1242 creden.

2210 1276 2352 1332 dum
2385 1276 2480 1344 sit,
2523 1277 2750 1332 innuat.
2777 1277 2927 1332 Sane
2966 1277 3318 1332 intuendum
3349 1282 3436 1332 est
3463 1276 3591 1347 quia
3633 1282 3684 1331 et
3716 1276 3797 1330 hoc

2208 1383 2331 1433 vas,
2354 1365 2414 1420 in
2447 1381 2562 1438 quo
2591 1365 2790 1421 omnia
2820 1381 3035 1439 genera
3064 1370 3231 1421 erant
3260 1364 3650 1431 animantium,
3671 1365 3798 1419 Petro

2210 1454 2540 1527 specialiter
2565 1457 2868 1510 ostensum
2898 1460 3016 1523 est;
3041 1461 3100 1511 et
3122 1459 3275 1510 utea
3305 1458 3577 1510 mactaret
3598 1458 3647 1509 et
3670 1470 3798 1508 man-

2211 1546 2469 1611 ducaret,
2496 1543 2579 1598 illi
2605 1543 2711 1599 soli
2737 1545 2977 1615 jussum
3003 1549 3111 1600 est.
3136 1545 3207 1599 Et
3227 1547 3361 1616 post
3379 1542 3797 1599 resurrectionem

2210 1636 2276 1688 ut
2308 1638 2427 1689 rete
2457 1632 2693 1704 plenum
2747 1633 2993 1689 diversis
3023 1633 3292 1705 piscibus
3341 1632 3412 1687 ad
3457 1630 3611 1687 littus
3649 1631 3798 1687 trahe-

2210 1726 2318 1790 ret,
2354 1740 2389 1778 a
2431 1722 2676 1778 Domino
2735 1722 2848 1794 ipsi
2905 1721 3136 1794 proprie
3192 1722 3304 1778 soli
3356 1724 3680 1794 praeeptum
3715 1724 3797 1785 est,

2136 1847 2183 1911 B
2214 1813 2391 1883 (Joan.
2424 1816 2562 1879 χχι).
2588 1812 2787 1884 Ipsum
2824 1812 3004 1880 enim,
3033 1812 3206 1882 cujus
3235 1827 3365 1878 nos,
3399 1810 3528 1866 licet
3553 1809 3797 1873 immeriti,

2216 1901 2400 1956 vicem
2432 1901 2820 1973 suscepimus,
2850 1900 3249 1974 principaliter
3279 1918 3347 1957 ac
3377 1900 3680 1974 specialiter
3704 1899 3799 1954 uni-

2217 1990 2461 2046 versalis
2490 1990 2761 2047 Ecclesiae
2792 2007 2992 2047 curam
3034 1990 3318 2045 divinitus
3364 1988 3796 2062 accepiSse,etiam

2218 2079 2389 2135 nobis
2434 2081 2781 2145 tacentibus,
2817 2080 3112 2135 credimus
3144 2080 3303 2152 quod
3344 2082 3532 2135 vestra
3572 2076 3798 2150 sapientia

2210 2169 2335 2239 jam
2382 2169 2824 2224 animadvertat.
2860 2169 3111 2224 Putasne
3168 2184 3329 2240 ergo,
3362 2167 3673 2239 imperator,
3707 2167 3801 2237 jus-

2218 2259 2347 2310 tum
2378 2272 2506 2311 esse
2538 2261 2603 2311 ut
2633 2256 2936 2311 tradamus
2980 2255 3234 2328 aliquem
3278 2268 3497 2319 eorum,
3529 2266 3660 2326 quos
3683 2269 3800 2307 nunc

2218 2346 2829 2413 commemoravimus,
2863 2344 3261 2417 principibus;
3297 2361 3539 2417 quorum
3568 2341 3801 2407 aulas,di-

2217 2429 2491 2506 gnitates,
2518 2433 2767 2490 honores
2817 2438 2874 2490 et
2921 2434 3204 2489 beneficia
3253 2435 3713 2504 contempserunt,
3736 2428 3799 2484 vel

2219 2539 2471 2594 quorum
2504 2524 2649 2578 forte
2678 2522 3111 2595 indignationes
3140 2527 3245 2577 aut
3276 2521 3680 2594 persecutiones
3703 2534 3799 2573 sus-

2216 2612 2562 2667 tinuerunt?
2586 2611 2770 2667 Absit.
2804 2611 3092 2667 Nolumus
3122 2611 3306 2676 enim,
3329 2612 3445 2667 Deo
3474 2614 3698 2675 auctore,
3725 2623 3801 2662 nec

2214 2701 2379 2756 Judm
2433 2701 2713 2772 proditori
2760 2699 2983 2756 similes
3038 2700 3310 2767 inveniri,
3346 2717 3448 2755 nec
3503 2711 3799 2771 paganorum

2215 2790 2487 2846 excedere
2516 2791 2772 2862 profecto
2825 2789 3170 2862 nequitiam.
3196 2786 3316 2860 Ipsi
3347 2790 3500 2845 enim
3548 2787 3672 2843 nihil
3716 2783 3801 2839 tale

2214 2895 2383 2951 agere
2414 2879 2649 2951 penitus
2698 2879 3023 2952 patiuntur.
3049 2877 3224 2951 quale
3256 2894 3365 2934 nos
3415 2880 3707 2950 perpetrare
3729 2888 3800 2928 co-

2212 2966 2530 3023 hortamini
2555 2985 2679 3024 vos.

2284 3057 2544 3129 Denique
2576 3074 2710 3113 cum
2757 3057 2997 3130 quidam
3049 3061 3490 3113 antecessorum
3535 3058 3796 3110 vestrorum

2212 3147 2526 3217 quemdam
2557 3145 2945 3202 venerabilem
2966 3146 3157 3201 virum
3189 3146 3265 3202 ab
3287 3148 3659 3218 Agarenorum
3678 3140 3798 3213 priu-

450 3236 733 3305 tanquam
753 3215 958 3288 vestrae
989 3233 1335 3306 augustialis
1356 3234 1728 3305 injuriatores
1751 3235 2100 3293 excellentia
2132 3215 2175 3281 (ἶ
2213 3215 2358 3307 cipe,
2376 3235 2579 3291 multis
2598 3235 2811 3291 oblatis
2828 3236 3194 3300 muneribus,
3210 3234 3325 3290 sibi
3341 3215 3492 3291 mitti
3511 3228 3796 3305 poposcerit.

451 3323 836 3378 destincmus.
870 3324 931 3378 In
982 3341 1096 3396 quo
1129 3341 1261 3379 cum
1300 3328 1499 3379 tamen
1558 3324 1672 3396 ipsi
1731 3325 2102 3396 injuriatores

451 3412 627 3468 vestri
660 3430 773 3468 non
808 3412 1041 3479 fuerint,
1067 3412 1208 3485 quid
1254 3413 1411 3469 aliud
1444 3413 1558 3468 nisi
1591 3418 1654 3468 ut
1685 3418 1904 3486 quanta
1934 3432 2104 3487 poma

453 3502 708 3572 [quantze
755 3519 955 3573 ptenae,
990 3502 1198 3573 Hann]
1231 3506 1287 3558 et
1317 3503 1533 3574 quibus
1566 3504 1872 3560 tormentis
1916 3505 2100 3576 subji-

451 3590 680 3644 cientur
708 3590 767 3645 hi
800 3591 899 3662 qui
932 3607 999 3645 ex
1029 3595 1191 3661 parte
1214 3591 1420 3663 Ignatii
1454 3595 1610 3659 sunt,
1637 3597 1692 3647 et
1723 3594 1876 3665 apud
1910 3610 2010 3650 vos
2041 3595 2096 3650 in

450 3678 669 3734 ditione
707 3683 901 3734 vestra
948 3680 1296 3747 consistunt,
1348 3679 1633 3751 liquidius
1686 3698 2096 3753 agnoscamus.

447 3768 690 3831 Quando
728 3766 785 3820 hi
834 3784 949 3821 non
999 3767 1201 3839 utique
1233 3768 1304 3821 ad
1338 3768 1559 3839 epulas,
1592 3785 1706 3824 non
1759 3771 1830 3825 ad
1882 3770 2098 3828 infulas

447 3855 699 3926 alicujus
730 3855 969 3911 honoris
1002 3855 1405 3927 percipiendas
1447 3859 1701 3929 profecto
1735 3864 2094 3931 quaeruntur,

446 3945 547 4000 sed
579 3943 774 4016 potius
815 3944 887 3999 ad
933 3945 1318 4016 puniendum,
1356 3962 1504 4017 quos
1537 3947 1681 4002 forte
1712 3964 1816 4003 nec
1846 3949 2096 4017 vidistis,

443 4050 549 4089 nec
580 4034 750 4105 cujus
782 4033 961 4090 moris
1005 4020 1123 4088 sint
1170 4034 1404 4106 penitus
1466 4036 1802 4108 agnovistis.
1840 4038 2099 4110 Denique

445 4123 687 4195 quidam
720 4140 920 4179 eorum
954 4124 1026 4179 ab
1058 4123 1293 4179 ineunte
1325 4128 1491 4180 aetate
1523 4126 1717 4181 Roma
1749 4127 1963 4183 divinis
1993 4129 2096 4183 ob-

447 4212 670 4284 sequiis
703 4212 966 4268 famulati
1001 4216 1157 4279 sunt,
1182 4218 1240 4268 et
1271 4230 1387 4269 non
1409 4215 1641 4284 justum
1666 4215 1962 4272 credimus
1992 4216 2097 4271 hu-

438 4301 699 4373 jusmodi
734 4301 1042 4357 tormentis
1093 4302 1213 4357 fore
1262 4302 1619 4358 subdendos.
1655 4303 2093 4378 Theognostum

447 4395 644 4445 autem
678 4406 791 4443 non
826 4390 897 4444 dc
928 4389 1091 4445 vobis
1122 4389 1381 4457 sinistra,
1406 4391 1506 4445 sed
1538 4391 1733 4461 potius
1763 4398 1929 4465 grata
1959 4410 2098 4465 prae-

444 4479 638 4535 dicare
666 4483 971 4534 testamur.
997 4479 1381 4543 Quamobrem
1432 4494 1568 4549 ergo
1626 4496 1761 4535 eum
1820 4483 2094 4553 quaeratis

2211 3341 2329 3379 non
2378 3323 2567 3380 solum
2621 3324 2865 3379 minime
2923 3323 3280 3395 impetravit,
3311 3339 3512 3379 verum
3565 3317 3800 3391 etiam!!!

2212 3412 2414 3479 fertur,
2437 3413 2510 3467 ab
2541 3429 2607 3468 eo
2638 3429 2813 3484 quem
2846 3413 3162 3484 quaerebat,
3191 3413 3477 3484 pudorem
3505 3403 3800 3466 conferentia

2210 3500 2428 3572 scripta
2456 3500 2691 3573 recepit.
2718 3500 3020 3566 Quumvis,
3043 3501 3159 3556 Deo
3199 3501 3446 3574 gratias,
3472 3506 3523 3555 et
3550 3514 3641 3570 per
3675 3493 3798 3567 prin-

2210 3589 2455 3662 cipalem
2487 3590 2791 3645 beatorum
2824 3589 3219 3662 apostolorum
3264 3589 3417 3646 Petri
3460 3606 3523 3644 ac
3569 3583 3722 3649 Pauli,
3746 3581 3799 3634 de

2209 3696 2326 3751 qua
2366 3696 2505 3734 sura
2564 3679 2777 3751 partim
2826 3680 3226 3750 exposuimus,
3263 3682 3599 3751 potestatem
3638 3676 3685 3730 et
3722 3670 3798 3741 jus

2209 3767 2552 3835 habeamus,
2573 3784 2689 3823 non
2713 3766 2904 3823 solum
2924 3767 3472 3835 monachos,verum
3493 3766 3650 3821 etiam
3670 3770 3800 3833 quos-

2206 3856 2351 3912 libet
2380 3855 2622 3911 clericos
2651 3858 2721 3912 de
2762 3872 3114 3929 quacunque
3157 3856 3423 3924 dioecesi,-
3449 3870 3573 3911 cum
3614 3861 3798 3907 necem

2207 3946 2382 4001 fuerit
2401 3946 2473 4001 ad
2508 3962 2612 4001 nos
2634 3962 2969 4013 convocare,
2995 3950 3171 4018 atque
3202 3943 3602 4002 ecclesiasticis
3621 3939 3797 4011 exigen-

2205 4035 2364 4091 tibus
2410 4034 2946 4107 opportunitatibus
2998 4034 3263 4091 invitare.
3299 4037 3415 4090 Hoc
3454 4032 3667 4106 quidem
3717 4040 3796 4079 n0-

2205 4128 2427 4191 strum;
2451 4128 2707 4179 vestrum
2742 4128 2934 4178 autem
2958 4127 3016 4179 et
3036 4124 3267 4195 piorum
3302 4124 3692 4196 imperatorum
3711 4128 3795 4169 non

2205 4217 2295 4269 est
2319 4212 2503 4267 ullum
2528 4213 2763 4285 penitus
2782 4213 3075 4284 quaerendi
3101 4213 3422 4268 monachos
3444 4206 3795 4267 ministerium,

2206 4301 2322 4356 nisi
2356 4301 2426 4355 ad
2462 4300 2890 4369 miscrendum,
2919 4306 2978 4356 et
3006 4301 3302 4357 orationes
3333 4310 3528 4358 eorum
3559 4292 3797 4352 submisse

2203 4390 2585 4461 poscendum.
2610 4390 2772 4454 Quod
2803 4389 2855 4443 si
2887 4389 3130 4444 forsitan
3176 4388 3500 4462 opinamini
3545 4386 3795 4452 Theogno-

2203 4482 2364 4534 stum
2389 4478 2543 4550 apud
2568 4494 2673 4533 nos
2706 4476 2908 4533 Photio
2931 4477 3253 4546 detrahere,
3280 4477 3666 4552 Ignatiumque
3679 4464 3797 4541 jugl-

443 4567 804 4641 ignoramus,
831 4567 943 4623 nisi
976 4568 1122 4623 forte
1162 4567 1301 4639 quia
1333 4566 1493 4623 illiuc
1523 4568 1781 4641 fugatus,
1805 4570 1900 4624 hic
1940 4571 2092 4642 apud
2125 4583 2170 4646 Ι)
2202 4571 2290 4622 ter
2327 4567 2759 4632 commendare,
2785 4567 2989 4622 scitote
3036 4566 3319 4622 veraciter
3346 4567 3484 4639 quia
3529 4561 3662 4619 nihil
3700 4557 3794 4646 ipsi}

444 4673 551 4711 nos
583 4655 1380 4728 requiem,quemadmodum
1427 4656 1720 4712 innumeri
1755 4658 2089 4726 Christiani,

443 4742 872 4815 aliquantulam
904 4743 1136 4814 reperit.

515 4831 818 4903 Siquidem
849 4835 1015 4887 tanta
1057 4830 1243 4887 millia
1271 4831 1578 4887 hominum
1632 4833 1973 4904 protectioni
2024 4850 2091 4889 ac

442 4920 845 4976 intercessioni
877 4921 1028 4975 beati
1072 4920 1469 4993 apostolorum
1501 4919 1786 4993 principis
1817 4921 1990 4988 Petri,
2019 4939 2090 4978 ex

442 5009 719 5065 omnibus
742 5010 956 5065 finibus
990 5013 1152 5064 terrae
1185 5009 1645 5082 properantium,
1671 5026 1797 5065 sese
1829 5010 2092 5082 quotidie

443 5099 770 5165 conferunt,
803 5102 859 5153 et
886 5115 1071 5170 usque
1119 5098 1177 5153 in
1210 5098 1387 5153 finem
1418 5099 1545 5152 vitae
1601 5116 1717 5153 suze
1774 5101 1926 5170 apud
1962 5101 2090 5172 ejus

442 5187 648 5243 limina
678 5193 863 5242 semet
906 5203 1185 5242 mansura
1212 5192 1563 5258 proponunt,
1598 5193 1661 5242 ut
1694 5192 1899 5260 praeter
1946 5188 2091 5243 illud

441 5295 556 5349 quo
579 5294 678 5332 vas
699 5292 729 5331 e
751 5276 892 5331 ocelo
916 5276 1301 5341 submissum,
1323 5275 1380 5328 in
1404 5292 1518 5346 quo
1536 5281 1880 5331 cunctorum
1902 5281 2094 5333 osten-

441 5382 506 5420 sa
544 5370 683 5421 sunt
712 5363 900 5420 eidem
930 5365 1097 5418 beato
1129 5364 1294 5418 Petro
1327 5363 1534 5418 horum
1567 5365 1830 5419 omnium
1882 5366 2089 5420 rectori

440 5453 829 5508 animantium
863 5470 1094 5525 genera,
1122 5449 1468 5507 catholicam
1500 5453 1695 5525 signat
1726 5454 2043 5510 Ecclesiam
2070 5472 2083 5510 :

440 5540 617 5595 etiam
646 5543 775 5613 ipsa
797 5541 921 5597 sola
945 5542 1341 5596 Romanorum
1374 5542 1533 5605 urbs,
1553 5542 1709 5613 apud
1737 5557 1912 5612 quam
1937 5544 2092 5614 ejus-

442 5627 572 5681 dem
606 5629 850 5699 apostoli
880 5628 1199 5703 corporalis
1230 5628 1538 5699 przesentia
1557 5630 1758 5685 sedule
1782 5637 2091 5686 veneratur

2202 4657 2274 4711 de
2302 4660 2549 4726 utroque
2575 4654 2833 4727 loquitur
2858 4655 2971 4710 nisi
2993 4656 3147 4727 quod
3173 4655 3231 4710 in
3255 4652 3559 4728 propatulo
3578 4653 3657 4706 est
3674 4640 3793 4718 quod

2200 4745 2461 4799 mundus
2490 4743 2654 4810 dicit,
2683 4743 2838 4816 quod
2888 4743 3082 4800 omnis
3127 4743 3386 4799 Ecclesia
3431 4742 3647 4805 clamat,
3675 4728 3792 4805 quod

2199 4832 2312 4905 ipsi
2342 4849 2444 4905 per
2463 4831 2803 4889 innumeros
2833 4832 3102 4889 homines
3123 4832 3366 4888 Romam
3391 4831 3464 4886 ab
3481 4819 3793 4885 Alexandria.

2200 4922 2273 4977 ab
2305 4920 2743 4994 Hierosolymis,
2792 4937 2827 4977 a
2876 4919 3397 4992 Constantinopoli,
3439 4936 3473 4974 a
3517 4911 3793 4973 conﬁnibus

2200 5012 2349 5081 ejus,
2365 5010 2436 5065 ab
2460 5009 2704 5083 Olympo
2727 5014 2946 5077 monte,
2967 5015 3143 5082 atque
3165 5024 3199 5066 a
3228 5008 3449 5065 ceteris
3479 5000 3662 5061 mundi
3690 5008 3791 5070 par-

2198 5099 2360 5153 tibus
2381 5099 2760 5155 adventantes
2783 5085 3163 5171 agnovimus:
3184 5099 3255 5154 ad
3275 5101 3587 5153 extremum
3603 5092 3790 5163 quoque

2202 5186 2355 5259 quod
2389 5202 2494 5241 nos
2525 5204 2629 5258 per
2658 5188 2873 5243 missos
2902 5190 3123 5243 vestros
3153 5190 3211 5242 et
3238 5186 3465 5241 diversa
3489 5180 3684 5252 scripta
3708 5184 3788 5244 ρει·

2201 5279 2390 5331 tenter
2432 5274 2844 5331 intelleximus.
2870 5275 3017 5339 Quid
3066 5290 3202 5348 ergo
3258 5274 3391 5346 quis
3444 5274 3645 5343 peccet,
3674 5263 3786 5319 εἰει

2199 5364 2341 5419 dicit
2369 5381 2494 5436 quea
2547 5380 2646 5418 vos
2694 5365 2913 5419 dixisse
2952 5365 3222 5419 constat?
3250 5364 3392 5418 Ecce
3420 5360 3567 5415 enim
3612 5350 3785 5420 scrile

2198 5444 2391 5509 vestra
2421 5452 2604 5508 missa
2632 5453 2702 5507 ad
2745 5457 3170 5508 antecessorem
3202 5454 3485 5514 nostrum,
3511 5460 3617 5518 qua
3645 5449 3785 5532 P9333

2198 5559 2307 5598 nos
2336 5541 2632 5597 recondita
2662 5545 2984 5607 servantur,
3018 5541 3302 5613 quosdam
3351 5537 3530 5611 partis
3569 5532 3784 5599 Gregoﬂl

2205 5631 2578 5703 Syracusani,
2611 5628 2979 5703 congregatis
3023 5629 3328 5702 episcopis,
3379 5626 3547 5682 etiam
3589 5616 3784 5675 absente
