3994 6150
202 322 333 391 953

1430 322 1836 389 EPISTOLJE
1875 320 1984 386 ET
2022 318 2407 388 DECRETA.

3499 315 3619 391 951

204 462 396 519 fratre
418 464 618 517 nostro
650 460 895 535 Ignatio,
926 477 1029 517 vos
1071 459 1597 517 anathematizasse
1647 462 1864 514 testan-
1895 458 1949 523 Α
1979 458 2414 529 spensationem
2449 457 2617 514 nobis
2634 458 2916 516 creditam
2939 460 3624 528 exercebimus,anteces-

206 556 333 608 tur.
361 551 512 618 Quid
535 566 672 624 ergo
698 550 995 624 quispiam
1026 549 1359 623 delinquit?
1388 548 1473 605 vel
1507 566 1614 605 nos
1646 549 1704 603 in
1726 565 1863 619 quo,

208 652 521 714 rogamus,
547 638 899 696 oli‘endimus
933 638 1089 712 (licet
1107 656 1208 696 vos
1224 654 1390 695 versa
1408 638 1530 694 vice
1562 654 1710 711 quos
1726 641 1868 693 tunc

208 729 534 800 laudastis,
567 744 724 784 nunc
754 728 1116 802 vituperetis,
1148 732 1204 784 et
1235 744 1385 801 quos
1439 732 1580 784 tunc
1632 743 1760 783 reos
1811 731 1870 783 et

210 819 532 874 damnatos
567 817 1013 891 pronuntiastis,
1046 834 1203 873 nunc
1230 816 1395 873 miris
1427 816 1707 889 praeconis
1733 816 1867 872 eli‘e-

211 908 388 979 ratis)
413 906 463 961 si
480 908 634 980 quod
661 906 984 979 scripsistis
1005 906 1445 973 credidimus,et
1462 906 1616 979 quod
1638 905 1870 962 dixistis

213 1010 329 1053 nos
359 1012 596 1069 quoque
628 1012 785 1051 nunc
814 995 1105 1052 dicimus?
1129 997 1445 1060 Postremo,
1469 995 1582 1050 nisi
1615 1011 1871 1051 correxe-

213 1087 412 1141 rimus
445 1084 758 1141 consilium
800 1088 1089 1153 nostrum,
1131 1084 1398 1140 videlicet
1429 1088 1494 1140 ut
1530 1083 1671 1140 illud
1701 1085 1871 1154 juxta

214 1172 538 1229 consilium
569 1177 829 1228 vestrum
862 1172 1309 1245 dirigamus,vel
1342 1173 1391 1228 si
1425 1189 1541 1228 non
1571 1173 1755 1229 effecti
1787 1173 1868 1228 si—

216 1261 396 1318 miles
424 1261 609 1327 vobis,
639 1262 795 1317 sicut
823 1261 932 1334 ipsi
966 1266 1161 1334 caput,
1185 1262 1267 1318 ita
1299 1277 1531 1335 quoque
1554 1278 1660 1317 nos
1684 1278 1870 1318 mem-

214 1351 329 1406 bra
358 1350 684 1418 tradamus,
717 1349 1291 1406 interminationibus
1323 1351 1543 1406 crebris
1582 1351 1872 1407 deterrere

215 1456 352 1505 nos,
386 1443 444 1495 et
473 1438 733 1493 minitari
764 1438 1066 1508 videmini,
1100 1443 1382 1512 tanquam
1428 1439 1556 1495 sitis
1588 1439 1787 1512 patrita
1816 1443 1873 1495 et

215 1528 356 1584 urbi
384 1532 594 1584 nostrae
618 1527 893 1583 ultimum
916 1528 1327 1585 exterminium
1351 1528 1588 1584 illaturi.
1607 1529 1741 1593 Quae
1764 1545 1872 1584 nos

217 1616 456 1673 Christo
479 1617 728 1690 prOpitio
750 1620 926 1689 atque
948 1618 1189 1673 custode
1210 1618 1305 1680 (de
1322 1634 1438 1691 quo
1455 1619 1737 1691 scriptum
1752 1621 1868 1673 est:

214 1708 354 1765 Nisi
376 1708 648 1762 Dominus
677 1707 993 1763 custodierit
1014 1709 1307 1774 civitatem,
1334 1710 1393 1763 in
1414 1724 1617 1763 vanum
1636 1708 1875 1777 vigilant

219 1798 321 1868 qui
375 1796 688 1852 custodiunt
742 1811 860 1852 eam
910 1797 1082 1865 [PsaL
1116 1797 1362 1869 cxxv1]),
1396 1797 1549 1853 sicut
1589 1796 1873 1853 hactenus
1905 1830 1952 1895 Β

219 1901 344 1943 non
375 1884 707 1952 timuimus,
723 1900 827 1940 nec
851 1885 1025 1941 modo
1056 1885 1355 1953 timemus,
1375 1887 1675 1942 credentes
1699 1903 1876 1958 super

220 1990 430 2029 muros
453 1975 583 2045 ejus
603 1974 942 2046 angelorum
965 1974 1291 2030 custodiam
1308 1993 1321 2043 ;
1338 1975 1455 2030 imo
1470 1992 1604 2030 vero
1622 1976 1874 2031 scientes

216 2061 383 2134 quod
416 2060 681 2116 Salvator
707 2060 935 2134 positus
965 2061 1042 2117 sit
1069 2061 1129 2117 in
1165 2077 1232 2117 ea
1262 2078 1470 2117 murus
1519 2066 1577 2117 et
1605 2067 1874 2117 antemu-

220 2151 350 2206 rale
379 2152 509 2221 (Isa.
537 2151 716 2218 xxvx),
748 2149 807 2205 id
840 2154 930 2207 est
981 2150 1383 2223 apostolorum
1436 2151 1872 2206 munimentum

220 2238 736 2296 intercessionum.
761 2239 957 2312 Neque
979 2239 1135 2295 enim
1158 2256 1272 2295 non
1294 2238 1565 2313 legimus,
1589 2243 1691 2294 aut
1711 2238 1873 2293 obliti

221 2344 439 2384 sumus
468 2328 765 2382 minarum
795 2327 1190 2384 Sennacherib
1223 2327 1375 2400 regis
1404 2328 1797 2400 Assyriorum,
1819 2332 1877 2383 et

220 2432 527 2473 servorum
555 2417 685 2487 ejus
713 2419 918 2472 contra
943 2416 1149 2473 urbem
1166 2416 1493 2473 Jerusalem
1512 2420 1567 2472 et
1589 2416 1871 2490 pepulum

217 2507 374 2577 ejus,
401 2521 530 2577 quae
560 2521 675 2559 non
706 2505 962 2561 minores
984 2521 1089 2560 nec
1117 2504 1420 2577 pauciores
1461 2505 1636 2561 minis
1664 2504 1874 2561 vestris

218 2595 482 2650 fuerunt.
516 2595 588 2648 Et
627 2610 833 2649 rursus
864 2594 1307 2649 miserationum
1341 2594 1570 2650 Domini
1602 2595 1874 2650 recorda-

217 2701 380 2753 mur,
411 2689 467 2738 et
495 2682 747 2755 qualiter
788 2687 1024 2738 centum
1072 2683 1370 2755 octoginta
1399 2683 1659 2756 quinque
1692 2683 1876 2739 millia

218 2771 534 2827 hominum
567 2772 638 2827 de
659 2772 871 2827 castris
890 2771 1261 2845 Assyriorum
1290 2773 1616 2828 interierint
1638 2774 1727 2834 (IV
1745 2778 1871 2845 Reg.

222 2864 371 2929 xix),
404 2866 461 2917 ct
489 2860 632 2916 urbs
679 2876 811 2915 cum
863 2859 1289 2916 habitatoribus
1339 2862 1464 2917 suis
1512 2862 1780 2931 evaserit,
1812 2862 1873 2917 in

221 2955 428 3005 mente
457 2949 791 3015 recolimus,
815 2954 871 3027 et
898 2950 1116 3021 gratias
1148 2950 1400 3023 agimus,
1415 2954 1471 3005 et
1499 2966 1663 3023 spem
1695 2950 1877 3005 sumi-

222 3056 383 3106 mus,
422 3055 488 3094 ac
538 3029 888 3094 ﬁducialiler
917 3038 987 3093 de
1030 3039 1204 3094 domo
1234 3038 1485 3103 Domini,
1519 3038 1569 3093 si
1598 3039 1873 3094 virtutem

220 3128 353 3207 ipse
384 3127 704 3193 donaverit,
737 3127 960 3182 cultum
998 3127 1127 3183 Baal
1180 3142 1445 3183 amovere
1487 3127 1821 3183 curavimus
1858 3143 1871 3181 :

1978 564 2175 602 eorum
2207 547 2452 620 vestigia
2479 553 2811 604 nostrorum
2838 549 3218 618 sectabimur,
3244 551 3620 611 ecclesiarum

1976 640 2319 692 cunctarum
2334 636 2789 693 sollicitudinem
2803 637 3205 710 bajulabimus
3223 641 3281 697 in
3300 642 3494 714 eo,qui
3514 658 3621 699 nos

1977 726 2328 781 confortabit
2354 726 2601 783 Domino
2646 731 2847 783 nostro
2879 727 3018 783 Jesu
3052 728 3302 785 Christo.
3336 730 3484 794 Quid
3517 748 3623 787 sas-

1975 813 2142 869 viunt
2171 814 2477 871 homines?
2510 816 2651 888 quid
2684 816 2819 871 mali
2851 815 3098 873 fecimus
3132 818 3288 875 nos?
3309 819 3474 877 Certe
3506 839 3621 878 non

1977 902 2209 959 Cretam
2237 903 2580 971 invasimus,
2613 923 2728 961 non
2770 905 3028 962 Siciliam
3078 908 3621 978 exterminavimus,

1978 1008 2094 1048 non
2116 992 2455 1049 innumeras
2478 993 2690 1050 Graecis
2711 995 3011 1066 subjectus
3033 996 3360 1068 provincias
3376 998 3628 1055 obtinui-

1980 1098 2114 1137 mus
2141 1098 2154 1137 :
2179 1086 2475 1153 postremo
2495 1100 2612 1139 non
2634 1083 2909 1140 ecclesias
2931 1090 3288 1153 sanctorum,
3303 1085 3625 1145 interfectis

1979 1172 2310 1226 numerosis
2328 1171 2687 1239 hominibus,
2707 1189 2773 1228 ac
2789 1174 3129 1230 suburbana
3145 1174 3626 1251 Constantinopo-

1979 1258 2120 1326 leos,
2157 1276 2285 1332 quas
2315 1263 2374 1316 et
2404 1260 2588 1315 muris
2618 1262 2746 1332 ejus
2776 1279 2923 1334 pene
2955 1264 3230 1337 contigua
3260 1265 3628 1331 sunt,incen-

1980 1348 2273 1404 dimus.Et
2292 1365 2423 1404 vere
2446 1350 2516 1405 de
2533 1348 2662 1405 istis
2678 1350 2841 1407 nulla
2857 1351 2921 1405 ﬁt
2938 1351 3080 1407 ultio
3112 1353 3209 1424 qui
3229 1355 3440 1427 pagani
3464 1358 3622 1421 sunt,

1980 1437 2080 1508 qui
2112 1436 2354 1493 alterius
2385 1438 2519 1493 fidei
2551 1443 2710 1504 sunt,
2737 1439 2835 1511 qui
2859 1438 3080 1496 inimici
3113 1441 3325 1498 Christi
3358 1444 3623 1517 sunt,qui

1978 1525 2239 1581 veritatis
2258 1527 2545 1583 ministris
2558 1527 2782 1600 jugiter
2803 1529 3187 1585 adversantur
3209 1548 3223 1598 ;
3254 1536 3311 1588 et
3328 1533 3624 1606 nobis,qui

1980 1615 2169 1687 gratia
2198 1616 2297 1671 Dei
2321 1615 2638 1672 Christiani
2659 1618 2994 1690 sumus,qui
3017 1635 3085 1673 ex
3108 1620 3452 1691 parentibus
3469 1622 3629 1677 Chri-

1982 1704 2192 1760 stianis
2223 1703 2547 1773 existimas,
2582 1709 2755 1778 atque
2785 1706 3109 1775 catholicis,
3144 1707 3242 1780 qui
3272 1710 3449 1765 unius
3479 1711 3631 1782 ejus-

1982 1794 2231 1864 demque
2259 1792 2393 1849 fidei
2425 1794 2703 1867 dogmata
2732 1796 3049 1862 credimus,
3081 1797 3180 1869 qui
3222 1798 3369 1854 servi
3417 1797 3629 1857 Christi

1980 1898 2275 1949 vocamur,
2293 1882 2393 1955 qui
2412 1882 2671 1939 veritatis
2702 1884 2977 1954 cultores,
2994 1891 3279 1958 quantum
3312 1904 3629 1959 possumus

1982 1988 2110 2028 esse
2131 1971 2536 2027 desideramus
2552 1989 2566 2039 ;
2583 1972 2754 2028 minae
2767 1974 3490 2045 praetenduntur,terrores
3503 1995 3631 2050 pro-

1982 2061 2502 2127 mittuntur,etiam
2526 2061 2819 2117 nonnullae
2840 2062 3118 2119 molestias
3140 2063 3627 2137 irrogantur.Non

1982 2154 2072 2206 est
2120 2150 2231 2205 iste
2276 2150 2418 2205 ordo
2468 2149 2803 2219 laudabilis,
2837 2168 2953 2207 non
2985 2156 3075 2208 est
3105 2153 3218 2209 ista
3246 2155 3628 2212 commutatio

1981 2237 2378 2305 imitabilis,ut
2398 2238 2497 2310 qui
2530 2238 2843 2295 innumera
2874 2239 3029 2296 mala
3050 2241 3627 2317 ingerunt,impuniti

1982 2328 2268 2395 evadant;
2302 2331 2358 2382 et
2388 2327 2487 2399 qui
2520 2327 2667 2383 nihil
2698 2327 2837 2383 mali
2870 2332 3200 2401 gesserunt,
3233 2347 3336 2403 pro
3366 2330 3460 2388 his
3490 2332 3631 2389 talia

1983 2415 2305 2489 recipiant;
2339 2420 2396 2472 et
2424 2417 2523 2489 qui
2548 2415 2843 2473 Christum
2873 2417 3303 2491 blasphemant,
3337 2419 3634 2478 dimittan-

1983 2509 2115 2572 tur;
2149 2509 2206 2561 et
2251 2503 2352 2576 qui
2396 2504 2697 2560 Christum
2738 2504 3053 2575 celebrant,
3086 2506 3430 2580 bujusmodi
3456 2509 3634 2568 minis

1983 2593 2511 2665 subjiciantur.Sed
2528 2593 2815 2649 habemus
2828 2595 2897 2650 ad
2914 2611 3088 2667 quem
3104 2595 3489 2669 respiciamus
3502 2616 3629 2667 nos,

1983 2683 2269 2738 habemus
2299 2682 2358 2737 in
2394 2699 2511 2754 quo
2541 2683 2930 2739 consolemur.
2956 2685 3234 2740 Fecerunt
3263 2686 3419 2741 enim
3451 2687 3561 2743 hoc
3578 2692 3637 2743 et

1982 2770 2187 2836 Judaei,
2217 2771 2503 2826 latronem
2537 2770 2919 2843 dimittentes,
2954 2775 3010 2827 et
3042 2772 3397 2829 Salvatorem
3428 2779 3628 2831 tenen-

1981 2864 2107 2927 tes;
2141 2859 2458 2915 occisorem
2499 2859 2916 2931 justiiicantes,
2951 2867 3003 2915 et
3032 2860 3446 2918 viviﬁcatorem
3491 2880 3627 2919 oon-

1984 2949 2357 3016 demnantes;
2375 2948 2696 3003 Barabbam
2719 2947 3118 3018 libcrantes,et
3139 2949 3434 3007 Christum
3456 2953 3628 3010 morti

1984 3038 2302 3093 subdentes
2335 3039 2547 3110 (Matth.
2580 3042 2736 3105 xvu).

2052 3127 2167 3181 Sed
2185 3126 2280 3182 his
2302 3127 2539 3182 tandem
2572 3126 2811 3182 omissis
2833 3126 2902 3182 ad
2928 3144 3015 3198 ea,
3037 3145 3163 3200 quae
3194 3145 3327 3184 cum
3358 3130 3630 3187 universa

222 3198 510 3290 quoniam
536 3216 663 3288 ipse
693 3220 780 3271 est
810 3231 966 3271 nunc
997 3216 1097 3288 qui
1127 3220 1268 3271 tunc
1297 3215 1423 3288 ipse
1448 3220 1504 3273 et
1533 3217 1592 3271 in
1619 3215 1867 3283 saecula;
1903 3198 1945 3264 (ἶ
1986 3220 2188 3271 sancta
2216 3214 2493 3283 Ecclesia,
2525 3232 2653 3288 quae
2703 3217 2857 3288 apud
2907 3234 3015 3273 nos
3054 3198 3172 3288 test,
3206 3218 3630 3291 dispensatorie

220 3322 335 3361 nec
366 3304 562 3359 minor
589 3304 1010 3370 misericordia,
1056 3321 1161 3360 nec
1191 3304 1481 3360 inﬁrmior
1509 3305 1874 3377 omnipoten-

221 3393 331 3449 tia.
356 3394 528 3465 Ergo,
550 3410 625 3449 ne
644 3392 783 3448 velit
822 3393 1032 3448 minari
1055 3392 1246 3465 pulvis
1267 3397 1324 3448 et
1343 3393 1557 3449 vermis
1588 3394 1874 3466 scriptum

222 3486 349 3539 est:
379 3482 520 3550 Quid
560 3483 806 3554 superbit
853 3489 1000 3538 terra
1034 3490 1083 3537 et
1113 3483 1256 3537 cini:
1277 3485 1305 3537 Ξ)
1334 3484 1531 3545 (Eccli.
1564 3488 1642 3555 x.)
1670 3483 1751 3539 Ne
1778 3499 1877 3539 ve-

222 3570 292 3627 lit
324 3569 589 3643 ampulla
618 3570 677 3625 in
710 3569 879 3643 aquis
910 3570 1121 3638 inﬂari,
1144 3571 1284 3643 quia
1314 3576 1445 3644 post
1478 3572 1798 3644 pauxillum
1820 3576 1878 3628 et

221 3676 359 3717 ecce
387 3676 502 3714 non
532 3663 640 3714 est.
678 3658 817 3727 Quid
856 3659 1138 3732 gloriatur
1183 3662 1243 3715 in
1292 3661 1531 3727 malitia,
1561 3664 1661 3734 qui
1686 3670 1876 3734 potens

221 3758 303 3806 est
323 3752 387 3805 in
420 3750 714 3821 iniquitate
734 3747 763 3802 ?
792 3749 959 3811 (Psal.
994 3751 1131 3810 xxx.)
1163 3748 1309 3814 Quid
1336 3749 1598 3805 facturus
1629 3754 1754 3807 est:
1780 3767 1875 3806 oc-

223 3838 461 3895 cisurus
508 3841 597 3893 est
625 3840 713 3903 (ut
761 3836 920 3893 verbi
978 3837 1167 3909 gratia
1213 3838 1499 3899 dicamus)
1526 3839 1874 3897 hominem?

222 3930 491 4002 quoniam
537 3927 778 3999 amplius
823 3942 932 3981 non
983 3927 1145 3982 habet
1185 3928 1318 3998 quid
1344 3929 1519 3997 faciat
1546 3930 1696 3995 (Luc.
1726 3947 1823 3985 xu.
1858 3947 1871 3985 :

221 4017 333 4074 hoc
356 4021 417 4073 et
443 4033 598 4072 unus
629 4017 847 4089 fungus
872 4015 1010 4071 facit
1031 4015 1245 4072 malus.
1261 4016 1306 4071 Ο
1328 4016 1647 4089 imperator
1666 4018 1723 4072 in
1744 4018 1877 4074 hoc-

221 4107 353 4162 cine
385 4105 623 4161 redacta
652 4109 742 4161 est
786 4103 1012 4161 malitia
1059 4104 1316 4160 hominis
1344 4106 1403 4160 in
1434 4104 1743 4178 iniquitate
1774 4124 1876 4180 po-

221 4195 427 4265 tentis,
453 4198 517 4249 ut
538 4194 716 4267 fungo
740 4193 893 4249 maio
921 4194 1330 4265 comparetur?
1350 4194 1472 4249 Heu
1497 4211 1674 4267 quam
1696 4195 1878 4251 inuti-

216 4283 338 4341 lem
374 4286 694 4354 potentem,
728 4280 841 4338 heu
873 4297 1230 4353 supervacue
1255 4281 1640 4356 gloriantem!

290 4373 477 4428 Porro
508 4376 697 4427 vestra
726 4374 930 4443 potens
959 4370 1144 4426 virtus
1173 4370 1232 4426 in
1264 4372 1507 4429 Domino
1536 4374 1732 4446 potius
1753 4373 1877 4445 glo-

216 4462 429 4528 rietur,
465 4460 524 4515 in
556 4459 813 4516 bonitate
843 4459 1137 4531 laudetur,
1170 4459 1230 4515 in
1254 4461 1494 4533 justitia
1541 4463 1830 4519 exaltetur
1858 4482 1873 4521 :

1984 3304 2728 3378 consideravimus,stylum
2745 3306 2872 3377 jam
2894 3306 3444 3379 dirigemus,etcum
3461 3309 3630 3365 beato

1982 3392 2211 3449 Gelasio
2244 3397 2456 3449 nostrae
2489 3394 2645 3450 sedis
2694 3394 2957 3450 antistite
3007 3395 3270 3452 consulte
3316 3397 3628 3454 dicemus:
3734 3443 3739 3447 .

1984 3482 2326 3540 Necessaria
2374 3499 2571 3538 rerum
2627 3482 3012 3556 dispositione
3059 3485 3541 3560 constringimur,
3575 3487 3637 3543 et

1984 3571 2316 3645 apostolicae
2341 3572 2496 3627 sedis
2522 3572 2921 3629 moderamine
2947 3575 3326 3630 convenimur
3346 3574 3426 3631 sic
3456 3592 3631 3632 cano-

1984 3679 2127 3716 num
2150 3665 2529 3733 paternorum
2543 3660 3017 3731 decretalibrare,
3039 3667 3095 3719 et
3114 3667 3268 3720 retro
3288 3664 3628 3737 praesulum,

1985 3750 2477 3821 decessorumque
2510 3755 2847 3805 nostrorum
2880 3756 3168 3825 prmeepta
3198 3753 3633 3829 metiri,utquzs

1984 3839 2360 3912 praesentium
2394 3840 2714 3895 necessitas
2744 3844 3077 3912 temporum
3112 3844 3634 3902 restaurandis-ec-

1984 3924 3065 4000 ciesiisrelaxandadeposcit,adbibita
3076 3931 3541 3989 consideratione
3553 3923 3635 3990 di-

1983 4016 2210 4089 ligenti,
2237 4020 2526 4088 quantum
2550 4002 2744 4089 potest
2765 4017 2913 4084 ﬁeri,
2939 4022 3333 4090 temperemus
3361 4023 3630 4092 (epist..6,

1983 4105 2056 4161 ad
2084 4107 2248 4177 episc.
2279 4121 2378 4176 per
2410 4106 2707 4160 Lucaniam
2735 4113 2789 4161 et
2816 4107 3082 4169 Brutios).
3111 4107 3183 4161 Et
3228 4108 3508 4179 quoniam
3562 4111 3633 4167 de

1984 4210 2236 4267 persona
2257 4193 2490 4265 Ignatii,
2520 4197 2693 4265 atque
2717 4193 2903 4248 Photii
2924 4193 3070 4249 nihil
3103 4193 3433 4263 discre'tius,
3456 4201 3632 4270 atque

1986 4280 2211 4350 mitius,
2257 4296 2481 4336 necnon
2511 4283 2569 4335 et
2597 4279 2896 4337 salubrius
2944 4281 3325 4351 arbitramur,
3356 4298 3536 4356 quam
3567 4289 3634 4340 ut

1986 4375 2231 4442 uterque
2279 4370 2522 4425 Romam
2556 4370 2629 4425 ad
2660 4371 3056 4426 renovandum
3115 4387 3358 4428 examen
3416 4373 3629 4441 veniat,

1986 4460 2097 4516 hoc
2120 4475 2473 4532 magnopere
2493 4458 2785 4527 volumus,
2802 4463 2860 4515 et
2880 4463 2946 4514 ut
2964 4476 3065 4516 vos
3087 4461 3362 4517 annuatis
3384 4460 3632 4519 salubri-

217 4566 341 4608 uon
364 4549 563 4605 minas
592 4549 785 4616 nobis,
807 4566 923 4604 non
947 4553 1199 4605 terrores
1220 4549 1357 4606 velit
1375 4550 1655 4608 incutere.
1675 4553 1875 4609 Nesci-
1907 4569 1955 4633 D
1986 4553 2074 4606 ter
2102 4548 2509 4604 admonemus.
2545 4547 2656 4603 Sed
2690 4548 2799 4633 hoc
2830 4548 3155 4604 secundum
3198 4548 3629 4624 indulgentiam

218 4640 303 4697 tis
330 4638 493 4695 enim
524 4638 851 4694 secundum
881 4637 1256 4694 Salomonem
1283 4639 1424 4711 quid
1457 4646 1879 4712 superventura

217 4728 421 4802 pariat
449 4726 578 4783 dies
598 4728 776 4789 (Prov.
796 4728 970 4790 xxvu)
994 4743 1007 4782 :
1033 4731 1091 4782 et
1106 4727 1276 4799 juxta
1303 4727 1827 4802 psalmographum
1861 4749 1875 4786 :

218 4818 495 4874 Dmninus
525 4815 761 4888 dissipat
798 4816 1032 4871 amicitia
1077 4817 1341 4884 gentium,
1393 4818 1645 4889 reprobat
1698 4827 1881 4877 autem

220 4907 581 4975 capitatim
605 4905 962 4977 populorum,
977 4912 1031 4961 et
1042 4905 1294 4976 reprobat
1311 4906 1546 4963 consilia
1560 4910 1881 4981 principum

223 4996 403 5065 (Pent.
431 4994 604 5058 xxx")
631 5011 645 5063 ;
678 4994 1001 5066 praesertim
1041 5008 1175 5049 cum
1225 4993 1379 5050 inter
1406 5010 1514 5052 nos
1545 5000 1603 5052 et
1628 5014 1730 5054 vos
1760 5012 1877 5054 non

221 5084 465 5140 modica
493 5082 571 5139 sit
598 5083 995 5156 intercapedo,
1026 5094 1153 5156 quae
1194 5082 1455 5155 quotidie
1484 5085 1731 5158 populos
1761 5103 1877 5143 non

222 5172 519 5245 pauxillas
548 5172 716 5229 vobis
745 5172 1012 5245 injurias,
1044 5172 1164 5227 imo
1191 5172 1536 5231 discrimina
1563 5176 1878 5231 inferentes

222 5262 521 5335 producit,
555 5267 612 5318 et
642 5262 713 5317 de
740 5260 834 5317 his
862 5274 967 5317 vos
997 5261 1306 5318 conveniat
1350 5264 1547 5335 potius
1596 5282 1773 5337 quam
1806 5266 1878 5320 de

156 5372 167 5381 ο
220 5351 399 5407 nobis
428 5349 656 5406 ulcisci.
689 5350 807 5406 Nos
853 5350 1012 5406 enim
1071 5349 1222 5422 apici
1282 5350 1477 5423 gloriae
1524 5358 1727 5408 vestrae
1759 5371 1874 5409 non

222 5439 467 5506 damna,
490 5454 607 5496 non
630 5439 906 5507 convicia,
932 5454 1049 5494 non
1070 5454 1313 5511 prorsus
1336 5440 1506 5511 ullas,
1523 5442 1675 5513 quod
1700 5444 1872 5510 absit,

221 5527 477 5600 injurias
507 5528 918 5601 irrogavimus.
949 5527 1365 5583 Verumtamen
1399 5531 1660 5601 quandiu
1689 5532 1877 5589 subsi-

227 5620 481 5687 stemus,
510 5616 910 5675 ministerium
942 5620 1213 5673 nostrum
1244 5614 1876 5692 honoﬁﬁcabimus,di~

1988 4638 2385 4703 concedimus,
2419 4654 2534 4693 non
2584 4630 2879 4692 licentiam
2913 4638 2968 4692 id
3001 4636 3289 4693 efﬁciendi
3330 4656 3434 4712 pro
3465 4639 3630 4697 libito

1988 4726 2305 4799 cujuslibet
2330 4727 2671 4782 tribuimus.

2060 4816 2346 4884 Quoniam
2379 4832 2513 4871 cum
2543 4815 2869 4870 secundum
2900 4816 3296 4883 canones,ubi
3326 4822 3415 4874 est
3444 4818 3634 4891 major

1987 4904 2325 4972 auctoritas,
2341 4900 2635 4976 judicium
2668 4903 3010 4959 inferiorum
3034 4904 3112 4960 sit
3133 4905 3534 4980 deferendum,
3558 4909 3630 4965 ad

1988 4993 2427 5051 dissolvendum
2477 4991 2718 5060 scilicet,
2750 4991 2837 5048 vel
2877 4993 2949 5049 ad
2996 4994 3390 5051 roborandam
3426 5011 3440 5050 :
3473 5000 3633 5068 patet

1986 5083 2242 5155 profecto
2287 5081 2442 5136 sedis
2487 5079 2836 5153 apostolicze,
2870 5082 3043 5154 cujus
3073 5084 3418 5140 auctoritate
3447 5085 3634 5153 major

1988 5187 2103 5227 non
2124 5174 2234 5238 est,
2250 5168 2541 5240 judicium
2566 5186 2600 5224 a
2622 5170 2855 5226 nemine
2889 5171 3010 5227 fore
3044 5173 3497 5237 retractandum,
3528 5188 3628 5225 ne-

1987 5275 2101 5332 que
2130 5258 2407 5330 cuiquam
2429 5258 2500 5313 de
2522 5258 2651 5329 ejus
2672 5256 2845 5314 liceat
2864 5261 3131 5332 judicare
3154 5260 3400 5331 judicio.
3435 5257 3629 5330 Siqui-

1987 5349 2118 5404 dem
2149 5348 2219 5403 ad
2253 5346 2415 5402 illam
2443 5347 2514 5404 de
2535 5346 2796 5419 qualibet
2826 5350 3030 5405 mundi
3062 5352 3226 5422 parte
3256 5361 3505 5402 canones
3528 5362 3629 5419 ap-

1986 5435 2190 5513 pellari
2214 5434 2541 5504 voluerunt,
2572 5437 2644 5492 ab
2676 5436 2778 5493 illa
2806 5442 3001 5493 autem
3036 5453 3207 5491 nemo
3235 5434 3310 5488 sit
3339 5432 3631 5505 appellare

1984 5526 2331 5600 permissus.
2354 5525 2528 5581 Juxta
2552 5527 2710 5597 quod
2732 5532 2788 5581 et
2810 5525 3345 5593 Bonifacius,atque
3363 5521 3631 5582 Gelasius

1986 5613 2348 5674 sanctissimi
2370 5614 2670 5686 praesules,
2688 5632 2802 5670 non
2835 5614 2958 5670 suis
2987 5611 3628 5683 adinveutionibus,sed
