4036 6132
426 300 546 366 955

1795 298 2103 362 NIGOLAI
2145 298 2377 362 PAPIE
2416 299 2465 362 Ι.

3670 305 3772 370 956

425 432 694 490 Ecclesia)
729 433 1000 489 Romanae
1047 432 1526 489 consuetudinem
1577 450 1689 487 non
1735 433 2068 507 ignorantes
2101 435 2151 500 Α
2185 434 2428 488 sicutibi
2449 433 2682 506 legitur,
2700 433 2864 490 facile
2887 451 3060 491 suum
3083 452 3248 507 posse
3268 435 3392 509 capi
3423 437 3770 496 mendacium.

426 524 659 580 dicunt:
679 522 1012 579 Bonifacius
1031 521 1266 594 quidem
1286 524 1517 589 Rufo,et
1539 524 1763 580 caeteris
1781 525 2072 596 episcopis

426 629 529 685 per
551 611 936 678 Thessaliam,
965 615 1019 667 et
1040 611 1184 666 alias
1216 611 1542 684 provincias
1573 613 1910 669 constitutis
1935 615 2074 669 scri-

426 701 570 757 bens
607 719 618 756 :
654 702 854 768 Nemo,
897 701 994 768 ait,
1031 718 1291 772 unquam
1341 700 1656 773 apostolico
1704 701 1971 773 culmini,
2003 704 2073 760 de

425 789 830 862 cujusjudicio
855 808 968 844 non
993 789 1126 845 licet
1149 794 1478 857 retractare,
1505 809 1716 846 manus
1740 792 1938 847 obvias
1969 810 2071 848 au-

426 881 624 935 dacter
653 879 870 934 intulit.
908 879 1088 933 Nemo
1124 879 1178 934 in
1227 879 1335 933 hoc
1396 879 1626 935 rebellis
1687 881 1924 948 exstitit,
1960 882 2071 937 nisi

423 968 522 1040 qui
546 969 617 1023 de
639 985 700 1023 se
723 967 1199 1038 voluitjudicari.
1227 968 1494 1024 Gelasius
1515 975 1708 1023 autem
1741 969 1798 1024 in
1823 987 2074 1026 commo-

422 1057 631 1113 nitorio
652 1058 867 1112 Fausto
890 1056 1170 1127 magistro
1197 1057 1456 1128 iungenti
1484 1056 1769 1131 legatione
1795 1059 2071 1116 Constan-

419 1146 724 1218 tinopolim
766 1147 902 1202 dato
938 1164 950 1201 :
987 1146 1185 1209 Nobis,
1222 1146 1432 1217 inquit,
1468 1152 1771 1218 opponunt
1817 1165 2070 1205 canones

419 1236 560 1291 dum
593 1235 862 1292 nesciunt
887 1236 1027 1307 quid
1057 1236 1620 1306 loquantur;contra
1644 1254 1789 1309 quos
1811 1238 1917 1293 hoc
1942 1240 2070 1311 ipso

415 1325 611 1380 venire
639 1342 699 1380 se
732 1325 1177 1396 produnt,quod
1213 1323 1413 1396 primae
1449 1325 1572 1380 sedi
1599 1343 1762 1391 sana,
1798 1332 2070 1398 rectaque

417 1414 684 1470 suadenti
726 1432 922 1484 parere
964 1413 1212 1484 fugiunt.
1251 1413 1365 1485 Ipsi
1397 1419 1534 1468 sunt
1564 1417 2071 1488 canones,quiap-

415 1503 759 1576 pellationes
795 1503 974 1557 totius
1005 1501 1273 1558 Ecclesiae
1305 1503 1376 1558 ad
1411 1502 1589 1574 hujus
1640 1505 1796 1560 sedis
1827 1523 2068 1562 examen

413 1592 646 1648 voluere
679 1591 909 1645 deferri.
935 1592 1018 1646 Ab
1052 1591 1180 1663 ipsa
1211 1609 1340 1646 vero
1377 1609 1667 1663 nusquam
1701 1610 1944 1664 prorsus
1967 1613 2067 1668 ap-

414 1680 618 1753 pellari
651 1681 859 1735 debere
910 1685 1246 1746 sanxerunt,
1287 1698 1349 1736 ac
1381 1698 1484 1752 per
1513 1681 1622 1736 hoc
1655 1681 1816 1737 illam
1848 1684 1917 1738 de
1950 1689 2069 1740 tota

2183 525 2342 590 Quod
2379 542 2484 581 nos
2523 541 2754 597 quoque
2786 524 2844 579 in
2879 525 3124 598 Ignatio,
3156 542 3222 580 ac
3253 525 3447 580 Photio
3479 528 3634 582 modo
3663 547 3771 600 pro-

2181 613 2476 682 babimus,
2510 614 2650 685 quia
2695 613 3053 670 conscientia
3082 631 3144 670 se
3174 615 3547 679 remordente,
3577 615 3665 688 qui
3693 636 3777 690 pa-

2179 707 2292 770 vet,
2328 703 2496 758 nobis
2545 703 2783 759 obedire
2836 709 3190 761 contemnet.
3223 704 3282 760 Si
3313 708 3500 759 tamen
3529 704 3776 777 lgnatius,

2181 791 2280 863 qui
2313 792 2472 847 omni
2503 798 2591 848 est
2620 792 2877 848 humano
2909 793 3226 848 destitutus
3257 791 3777 864 praesidio,vestrum

2181 898 2296 936 non
2328 880 2814 953 impedimentum
2862 899 3096 954 passus,
3132 882 3231 937 sed
3283 881 3476 954 potius
3507 882 3663 937 fuerit
3691 884 3777 937 mi-

2180 971 2549 1026 sericorditer
2591 975 2780 1026 vestro
2828 971 3081 1043 qualiter
3122 970 3316 1026 venire
3347 971 3545 1042 possit,
3577 972 3779 1043 adjutus

2180 1059 2414 1115 auxilio.

2243 1150 2446 1215 .Porru,
2482 1149 2530 1204 si
2561 1149 2756 1205 venire
2786 1148 2866 1204 illi
2901 1165 3003 1222 per
3032 1165 3094 1204 se
3125 1152 3442 1220 nequeunt,
3473 1149 3648 1220 primo
3675 1151 3777 1221 qui-

2178 1238 2312 1293 dem
2347 1238 2478 1309 ipsi,
2513 1239 2683 1310 cujus
2713 1238 2793 1294 rei
2825 1255 3002 1294 causa
3035 1238 3227 1293 venire
3271 1254 3387 1292 non
3416 1237 3616 1304 valent,
3642 1240 3778 1294 nobis

2179 1344 2280 1400 per
2309 1328 2730 1383 satisfactorias
2763 1345 2902 1383 suas
2934 1326 3158 1382 litteras
3190 1327 3478 1395 indicent;
3501 1325 3689 1382 deinde
3709 1345 3778 1383 ve-

2179 1415 2342 1472 niant
2374 1417 2445 1472 de
2475 1415 2588 1483 his,
2624 1416 2722 1489 qui
2756 1433 2888 1471 cum
2945 1416 3311 1488 Syracusano
3362 1416 3625 1489 Gregorio
3669 1421 3777 1472 sunt

2179 1509 2466 1579 quotquot
2495 1505 2801 1572 voluerint,
2835 1505 2990 1561 vices
3029 1509 3372 1561 caeterorum
3405 1508 3669 1572 tenentes,
3699 1505 3776 1577 qui

2177 1595 2365 1666 ipsius
2397 1599 2537 1650 sunt
2566 1596 2769 1668 partis.
2789 1595 3100 1650 Mittantur
3130 1593 3309 1650 etiam
3341 1594 3410 1648 de
3426 1597 3580 1666 parte
3607 1593 3777 1666 Ignatii

2178 1683 2598 1757 archiepiscopi
2663 1685 2902 1756 quidam
2953 1682 3250 1738 Antonius
3309 1681 3512 1755 Cyzici,
3572 1681 3778 1737 Basilius

415 1769 671 1824 Ecclesia
693 1769 1186 1841 judicare,ipsam
1220 1771 1290 1824 ad
1324 1769 1543 1825 nullius
1577 1773 2066 1844 commearejudi-
2096 1805 2143 1869 B
2177 1773 2626 1839 Thessalonicae,
2679 1773 3103 1829 Constantinus
3161 1772 3430 1840 Larissae,
3484 1770 3776 1827 Theodorus

413 1858 713 1913 cium.Nec
730 1857 938 1930 deejus
963 1876 1223 1930 unquam
1248 1861 2062 1933 praeceperuntjudiciojudi-

412 1964 564 2014 care,
591 1948 1059 2019 sententiamque
1092 1947 1250 2002 illius
1285 1949 1712 2004 constituerunt
1743 1968 1857 2005 non
1891 1969 2060 2023 opor«

411 2041 530 2092 tere
548 2035 789 2091 dissolvi
814 2038 985 2108 cujus
1015 2037 1203 2108 polius
1236 2040 1534 2110 sequenda
1565 2039 1794 2094 decreta
1825 2042 2063 2096 manda-

409 2130 568 2180 runt.
602 2126 750 2199 Ergo
782 2127 853 2181 de
876 2125 1101 2197 judicio
1134 2127 1377 2182 Romani
1429 2127 1695 2200 praesulis
1727 2146 1841 2185 non
1877 2134 2059 2185 retra-

409 2215 642 2282 ctando,
669 2215 806 2288 quia
831 2232 937 2271 nec
961 2233 1088 2271 mos
1110 2216 1305 2287 exigit,
1329 2218 1484 2288 quod
1511 2217 1767 2274 diximus
1793 2235 2058 2291 compro-

408 2305 572 2360 bato:
599 2322 714 2360 non
740 2321 1024 2376 negamus
1046 2305 1310 2376 ejusdem
1335 2305 1490 2361 sedis
1513 2309 1864 2364 sententiam
1889 2326 2059 2380 posse

408 2393 468 2447 in
493 2392 702 2448 melius
734 2393 1082 2448 commutari
1109 2411 1122 2460 ;
1158 2410 1291 2448 cum
1323 2399 1423 2448 aut
1456 2393 1565 2449 sibi
1597 2396 1940 2468 subreptum
1961 2398 2060 2453 ali-

410 2482 550 2554 quid
574 2481 766 2547 fuerit,
792 2486 892 2536 aut
914 2482 1039 2553 ipsa
1069 2499 1171 2554 pro
1204 2483 1668 2540 consideratione
1701 2491 1938 2542 aetatum
1969 2487 2057 2543 vel

407 2574 740 2641 temporum
760 2586 862 2625 seu
892 2570 1157 2641 gravium
1185 2572 1597 2626 necessitatum
1633 2573 2057 2646 dispensatoris

408 2659 690 2731 quiddam
723 2659 991 2714 ordinare
1022 2660 1356 2716 decreverit.
1376 2662 1661 2726 Quoniam
1679 2668 1735 2719 et
1754 2665 2054 2736 egregium

408 2747 736 2821 apostolum
759 2748 1001 2804 Paulum
1021 2750 1288 2820 quaedam
1314 2749 1518 2807 fecisse
1540 2752 1963 2824 dispensatorie
1980 2754 2056 2810 le-

407 2838 767 2911 gimus,quae
803 2844 1005 2910 postea
1037 2840 1376 2912 reprobasse
1407 2839 1790 2913 dignoscitur.
1813 2843 2053 2906 Quando

406 2932 603 2982 tamen
635 2926 735 2982 illa
766 2928 1027 2984 Romana
1057 2927 1321 2984 videlicet
1348 2929 1600 2985 Ecclesia
1630 2930 2054 2988 discretissima

408 3015 871 3072 consideratione
904 3016 1028 3072 fieri
1061 3017 1357 3090 delegerit,
1377 3035 1489 3073 non
1516 3021 1750 3090 quando
1774 3021 1902 3092 ipsa
1924 3038 2053 3093 quae

407 3123 553 3178 pene
590 3107 773 3171 [bene]
804 3109 944 3161 sunt
973 3105 1226 3162 difﬁnita
1255 3111 1566 3163 retractare
1598 3108 1862 3164 voluerit.
1903 3159 1914 3169 .

480 3194 654 3250 Porro
676 3211 747 3250 ne
769 3194 980 3250 dicatis
1001 3199 1210 3266 praeter
1230 3195 1496 3252 Ecclesia
1520 3197 1705 3270 legem
1738 3198 2051 3270 Ignatium,
2083 3174 2125 3240 Ο

405 3283 492 3339 vel
527 3284 797 3339 Photium
848 3285 1092 3340 Romam
1142 3285 1336 3340 venire
1385 3286 1684 3354 sanxisse;
1718 3287 1922 3343 scitote
1949 3305 2055 3344 nos

408 3372 634 3445 antiqui
666 3372 848 3446 patris
879 3377 934 3429 et
966 3374 1410 3446 praedecessoris
1458 3377 1640 3432 nostri
1680 3376 1824 3433 Julii
1855 3377 1911 3432 in
1947 3377 2054 3432 hoc

409 3478 537 3517 esse
569 3467 798 3518 secutos
830 3462 1182 3533 exemplum,
1218 3463 1315 3535 qui
1342 3465 1512 3534 juxta
1538 3466 1692 3536 quod
1720 3465 1779 3519 in
1810 3465 2058 3538 epistola

410 3568 517 3606 sua
549 3552 836 3622 reperitur
861 3551 1036 3622 (epist.
1071 3554 1140 3622 1),
1167 3553 1280 3620 his,
1307 3553 1404 3624 qui
1441 3559 1830 3608 convenerant
1860 3555 2053 3609 Antio-

409 3639 572 3705 chiae,
604 3638 712 3694 hoc
744 3640 1089 3710 praecepisse
1137 3641 1502 3712 dignoscitur
1535 3659 1547 3696 :
1585 3647 1640 3696 et
1669 3642 2054 3698 Theodoritus

409 3726 917 3798 historiographus
934 3727 993 3782 in
1008 3728 1099 3782 his
1115 3727 1222 3783 hoc
1245 3729 1440 3800 ipsum
1463 3730 1652 3786 verbis
1667 3731 1921 3786 ostendit
1933 3733 2052 3803 (lib.

409 3832 475 3884 ιι,
504 3831 550 3869 c.
588 3815 639 3882 4)
678 3831 690 3869 ;
724 3813 964 3886 Verum,
996 3814 1292 3887 inquiens,
1327 3817 1613 3873 Eusebius
1645 3821 1890 3892 ejusque
1929 3838 2056 3876 con-

411 3907 599 3960 sortes
630 3903 955 3959 calumnias
989 3904 1046 3958 in
1077 3904 1461 3962 Athanasium
1518 3907 1699 3964 factas
1751 3909 1907 3966 Julio
1951 3913 2058 3967 Ro-

411 4009 586 4048 mano
645 3992 906 4064 pontiﬁci
967 3993 1424 4063 destinaverunt,
1461 3997 1560 4068 qui
1605 3997 2055 4056 ecclesiasticam

411 4099 665 4154 sequens
708 4081 916 4154 legem,
950 4082 1123 4138 etiam
1155 4082 1315 4156 ipsos
1348 4085 1591 4141 Romam
1623 4088 1816 4144 venire
1848 4107 2056 4161 praece-

410 4171 585 4243 pit,et
607 4170 996 4227 venerabilem
1024 4171 1408 4228 Athanasium
1433 4175 1502 4229 ad
1519 4175 1810 4246 judicium
1837 4179 2059 4250 regula-

412 4260 552 4315 riter
594 4259 887 4328 evocavit;
923 4259 1018 4316 ille
1067 4261 1346 4317 continuo
1395 4264 1727 4320 evocatione
1785 4273 2059 4339 suscepta

409 4349 586 4405 venit.

484 4438 645 4507 Quod
679 4438 728 4493 si
760 4455 826 4492 ac
857 4436 964 4493 hoc
997 4437 1211 4509 dicitis,
1247 4437 1346 4494 llle
1391 4440 1630 4510 quidem
1680 4443 1920 4512 vocavit,
1954 4446 2054 4501 sed

2174 1863 2700 1935 Syracusanorum,
2736 1862 3148 1934 Metrophanes
3195 1861 3480 1933 Smyrnae,
3512 1865 3565 1916 et
3603 1859 3776 1915 Paulus

2169 1951 2477 2024 episcopus
2510 1952 2672 2008 Ponti
2709 1950 3000 2016 Heracliae,
3030 1950 3358 2021 Hegumeni
3391 1954 3578 2004 autem
3615 1949 3776 2004 Niceta

2169 2041 2898 2113 ChrySOpoleos,Nicolaus
2931 2039 3142 2107 Studii,
3178 2038 3493 2095 Dositheus
3515 2037 3772 2095 Osiidiiat-

2170 2145 2281 2201 que
2305 2130 2555 2184 Lazarus
2589 2130 2909 2201 presbyter,
2931 2126 3333 2184 etmonachus
3360 2125 3459 2198 qui
3490 2125 3774 2181 diciturCa—

2167 2217 2346 2286 zaris;
2373 2217 2473 2289 qui
2493 2218 2607 2272 nisi
2633 2218 2847 2272 fuerint
2873 2216 3063 2283 missi,
3083 2220 3395 2289 suspectos
3411 2233 3510 2272 vos
3539 2215 3769 2271 reddetis:

2167 2307 2307 2379 quia
2339 2307 2442 2363 hos
2468 2306 2527 2362 in
2575 2306 2790 2378 quibus
2835 2304 3141 2362 certiﬁcari
3184 2305 3508 2377 possimus,
3539 2323 3571 2360 a
3598 2303 3772 2360 nostris

2167 2397 2470 2452 obtutibus
2502 2395 2843 2451 subtrahere
2893 2394 3156 2451 studiose
3185 2394 3431 2450 curatis.
3463 2395 3530 2450 Et
3557 2395 3670 2449 ideo
3696 2409 3773 2448 ne-

2167 2487 2388 2542 minem
2421 2490 2762 2542 carterarum
2795 2483 3052 2557 partium
3085 2484 3496 2550 admittemus,
3528 2483 3628 2538 nisi
3658 2483 3772 2536 forte

2167 2592 2312 2647 quos
2343 2591 2410 2629 ex
2441 2574 2618 2630 latere
2664 2578 2854 2630 vestro
2901 2573 3224 2629 destinatos
3254 2589 3391 2629 esse
3417 2573 3677 2628 veraciter
3696 2589 3772 2625 va-

2165 2666 2392 2720 leamus
2424 2680 2757 2736 agnoscere.
2793 2663 3014 2727 Quibus
3046 2678 3115 2718 ex
3146 2667 3401 2735 utraque
3433 2666 3587 2735 parte
3609 2676 3772 2716 conve-

2164 2753 2482 2822 nientibus,
2508 2758 2565 2808 et
2583 2769 2776 2808 coram
2801 2755 3001 2807 nostra
3033 2751 3369 2823 prasentia,
3394 2768 3460 2806 ac
3490 2751 3708 2806 fratrum
3729 2753 3770 2803 et

2164 2841 2638 2914 coepiSOOporum
2674 2845 3008 2896 nostrorum
3042 2839 3281 2910 auditis,
3302 2841 3445 2913 quid
3473 2838 3767 2913 quaestionis

2163 2931 2318 2987 inter
2341 2934 2647 3004 utramque
2668 2934 2891 3002 partem
2923 2930 3244 2998 emerserit,
3268 2929 3501 2985 facilius
3527 2945 3766 3001 agnosca-

2164 3037 2322 3089 mus,
2353 3025 2410 3076 et
2453 3020 2726 3075 canonice
2778 3019 3075 3074 finiamus.
3111 3019 3308 3074 Mittat
3340 3019 3700 3075 nihilominus
3725 3020 3769 3070 et

2165 3109 2409 3165 Photius
2441 3127 2509 3165 ex
2541 3127 2648 3165 sua
2679 3113 2842 3181 parte
2873 3125 3020 3180 quos
3064 3108 3409 3177 decreverit,
3442 3107 3538 3180 qui
3567 3106 3767 3162 modum

2165 3197 2552 3270 promotionis
2577 3215 2693 3256 suae
2717 3195 3283 3269 irreprehensibilem
3313 3201 3371 3254 et
3391 3191 3770 3260 canonicum,si

2164 3293 2433 3361 possunt,
2454 3287 2996 3343 edoceant.Necnon
3018 3290 3075 3341 et
3096 3285 3425 3358 imperialis
3445 3302 3582 3359 apex
3600 3288 3769 3350 vester,

2165 3379 2212 3434 si
2244 3377 2403 3445 libet,
2430 3393 2569 3432 suos
2589 3394 2618 3431 e
2639 3374 2817 3430 latere
2845 3375 3041 3430 mittat
3068 3373 3316 3442 aulicos,
3343 3374 3444 3448 qui
3475 3376 3531 3429 in
3561 3389 3772 3446 prasen-

2165 3467 2246 3520 tia
2277 3466 2472 3538 positi,
2496 3482 2672 3537 quem
2697 3463 2931 3535 justitia
2952 3469 3010 3518 et
3037 3463 3330 3520 rectitudo
3363 3465 3617 3535 utrisque
3636 3459 3773 3534 parti-

2165 3557 2277 3610 bus
2309 3556 2483 3610 fincm
2519 3553 2764 3618 dederit,
2798 3556 3062 3625 patenter
3110 3559 3457 3625 agnoscant,
3501 3558 3772 3620 vestraeque

2165 3644 2364 3716 pietati
2389 3643 2743 3698 renuntient.
2768 3641 2836 3696 Hi
2858 3658 3012 3707 vero,
3037 3642 3137 3713 qui
3161 3658 3231 3696 ex
3255 3640 3442 3698 latere
3471 3646 3646 3696 vestro
3667 3637 3770 3692 mit-

2165 3733 2322 3789 tendi
2354 3737 2514 3800 sunt,
2547 3729 2861 3797 tales‘sint,
2894 3731 2994 3802 qui
3026 3736 3082 3786 et
3111 3729 3294 3786 Deum
3332 3731 3652 3796 timcant,et
3681 3742 3769 3781 non

2165 3822 2285 3876 sint
2315 3819 2844 3877 ecclesiasticarum
2877 3819 3201 3890 inexpertas
3229 3820 3770 3886 traditionum,atque

2163 3910 2392 3966 veritati
2425 3909 2764 3966 obedienter
2793 3913 2849 3964 et
2879 3907 3047 3964 facile
3081 3907 3482 3980 acquiescant.

2237 4003 2452 4055 Verum
2476 3999 2614 4070 quia
2637 4002 2776 4053 sunt
2796 3997 3038 4070 quidam
3064 4013 3133 4052 ex
3154 3997 3265 4062 his,
3286 4015 3441 4070 quos
3465 3998 3686 4053 Romam
3702 4008 3773 4047 ve-

2165 4089 2290 4144 nire
2313 4087 2708 4160 praecipimus,
2727 4086 2827 4158 qui
2850 4085 3009 4141 nulla.
3031 4103 3139 4142 sua
3158 4085 3450 4143 habentes
3470 4078 3772 4148 solatia,nisi

2166 4178 2412 4234 aliorum
2436 4175 2565 4232 freti
2587 4175 2888 4240 subsidiis,
2915 4175 3155 4230 omnino
3178 4179 3412 4231 tantum
3441 4173 3772 4243 iterarripcne

2165 4271 2477 4339 nequeant,
2513 4265 2729 4320 idcirco
2759 4263 2928 4337 quasi
2970 4263 3420 4336 praesentialiter
3447 4259 3772 4320 clementiam

2163 4360 2416 4412 vestram
2449 4358 2850 4420 exoramus,ut
2871 4353 3088 4426 quibus
3118 4357 3292 4426 egent
3325 4355 3395 4409 ad
3431 4359 3547 4409 tam
3577 4345 3772 4406 difficile

2165 4449 2342 4517 atque
2363 4443 2652 4518 prolixum
2677 4443 2806 4511 iter,
2823 4459 2927 4516 pro
2949 4441 3261 4498 dilectione
3293 4443 3397 4498 Dei
3431 4432 3774 4497 misericordi-

411 4526 522 4599 ipsi
574 4525 767 4582 venire
826 4530 1326 4599 contempserunt,
1378 4529 1588 4584 Audite
1638 4533 1962 4604 sequentia,
2001 4539 2057 4590 et
2087 4545 2132 4608 Ι)
2164 4539 2253 4590 ter
2284 4538 2557 4606 praestare
2589 4531 2933 4604 dignemini.
2968 4531 3276 4587 Credimus
3320 4531 3478 4587 enim
3508 4530 3770 4599 acceptum

410 4613 682 4671 videbitis
716 4619 913 4670 utrum
949 4615 1005 4670 in
1031 4615 1288 4683 laudem,
1307 4633 1380 4670 an
1400 4616 1456 4671 in
1476 4616 1829 4690 vituperium
1855 4621 1965 4677 ista
1982 4622 2056 4678 sit

413 4703 528 4758 illis
544 4709 810 4776 reputata
822 4704 1523 4776 contemptio.Subjunxit
1539 4709 1693 4763 enim
1711 4708 1864 4765 idem
1881 4711 2059 4767 histo-

412 4791 762 4865 riograpbus
793 4793 1019 4848 dicens:
1041 4792 1478 4849 Calumniarum
1511 4813 1644 4852 vero
1673 4799 2056 4856 sarcinatores

413 4882 659 4936 Romam
712 4882 949 4954 quidem
998 4883 1238 4955 profecti
1271 4901 1385 4940 non
1418 4891 1576 4952 sunt,
1609 4887 1858 4945 scientes
1890 4889 2057 4946 facile

412 4987 589 5026 suum
623 4988 794 5043 posse
840 4971 967 5045 capi
1009 4973 1403 5029 mendacium.
1437 4975 1518 5030 Ne
1545 4992 1679 5048 ergo
1710 4977 1920 5034 dicatis
1950 4997 2056 5036 nos

412 5064 622 5132 praeter
645 5059 912 5117 Ecclesiae
935 5061 1119 5134 legem
1143 5063 1415 5134 praefatos
1443 5064 1685 5121 Romam
1708 5067 1901 5124 venire
1916 5085 2052 5123 san-

411 5150 565 5205 xisse
589 5167 601 5206 :
639 5151 916 5222 quoniam
949 5151 1127 5222 (sicut
1148 5168 1214 5206 ex
1244 5151 1714 5226 historiographo
1736 5172 1868 5212 ecce
1890 5159 2052 5212 audi-

413 5241 542 5308 stis)
567 5240 772 5294 beatus
793 5238 988 5294 Julius
1017 5244 1073 5294 et
1100 5244 1439 5295 accusatum
1471 5248 1527 5296 et
1554 5249 1922 5302 accusatores
1952 5247 2058 5302 Ro-

413 5341 583 5383 mam‘
602 5327 796 5382 venire
828 5327 1120 5398 praecepit,
1152 5333 1206 5382 et
1234 5329 1620 5386 venerabilem
1669 5333 2054 5390 Athanasium

412 5414 484 5468 ad
509 5414 802 5484 judicium
838 5413 1179 5486 regulariter
1219 5417 1495 5472 evocavit.
1531 5420 1639 5474 Sed
1674 5419 1789 5487 ille,
1825 5423 1921 5494 qui
1955 5425 2054 5478 bo-

413 5518 550 5556 nam
573 5503 989 5559 conscientiam
1016 5504 1267 5576 gerebat,
1291 5504 1434 5559 nihil
1459 5507 1750 5564 reluctans
1772 5511 1952 5566 venit:
1971 5512 2055 5568 illi

413 5606 566 5656 vero,
595 5591 695 5662 qui
724 5593 1482 5666 malam,coutempscrunt;
1510 5598 1759 5656 scientes
1777 5601 2053 5671 profecto,

2165 4639 2292 4678 esse
2320 4620 2485 4677 vobis
2507 4621 2662 4676 istud
2695 4619 3150 4685 consilium,nec
3181 4619 3428 4676 moleste
3460 4620 3594 4675 feret
3621 4615 3774 4670 honor

2167 4711 2362 4784 regius
2384 4714 2591 4777 vester,
2619 4710 2719 4782 qui
2733 4708 3029 4781 justitiam
3049 4708 3258 4782 diligit,
3279 4727 3384 4781 pro
3407 4709 3498 4764 bis
3527 4724 3642 4780 quae
3672 4700 3773 4757 tali-

2167 4805 2254 4855 ter
2283 4799 2590 4855 cfﬁcienda
2621 4798 3314 4864 decrevimuszouoniam
3333 4796 3567 4870 justitia
3591 4791 3771 4864 saepius

2165 4888 2448 4946 ventilata
2469 4887 2685 4944 clarius
2705 4887 3064 4960 splendescit
3086 4887 3144 4942 in
3165 4886 3378 4943 lucem.
3405 4884 3640 4942 Proinde
3667 4894 3772 4935 ma-

2167 4977 2394 5047 teriam,
2416 4993 2518 5050 per
2535 4994 2710 5048 quam
2727 4977 2941 5032 veritas
2957 4976 3142 5048 possit
3160 4976 3283 5031 ﬁeri
3302 4965 3772 5039 manifesta,conﬁ-

2166 5067 2383 5136 dimus,
2403 5067 2560 5139 quod
2581 5067 2768 5138 pietas
2789 5071 2983 5122 vestra
3014 5066 3264 5139 benigne
3293 5065 3494 5138 cupiat
3511 5062 3770 5133 adjuvare.

2163 5157 2306 5212 Cum
2327 5162 2522 5212 autem
2557 5155 2730 5228 legati
2749 5155 2923 5211 vestri
2944 5155 3224 5223 venerint,
3243 5154 3456 5211 mittite
3473 5158 3772 5224 quaesumus

2163 5251 2220 5302 et
2248 5245 2527 5318 epistolas
2557 5244 2947 5311 authenticas,
2983 5261 3131 5316 quas
3160 5261 3264 5316 per
3293 5240 3701 5300 Rhadoaldum,
3728 5234 3773 5286 et

2163 5335 2508 5391 Zacharium
2522 5335 2746 5390 dudum
2765 5333 3071 5406 episcopos
3087 5334 3359 5389 misimus
3371 5335 3573 5386 vestrae
3584 5323 3770 5382 scilicet

2164 5423 2492 5480 eminentiae
2523 5427 2696 5494 atque
2727 5424 3114 5495 synodo,quae
3149 5429 3286 5478 tunc
3317 5438 3420 5493 pro
3452 5417 3625 5475 sacris
3645 5413 3771 5468 ima-

2163 5513 2401 5586 ginibus
2431 5529 2557 5569 esse
2587 5511 2910 5585 colligenda
2935 5513 3269 5584 putabatur,
3285 5514 3568 5584 quatenus
3588 5504 3633 5559 si
3649 5498 3771 5556 tales

2165 5607 2546 5675 permaneant
2574 5601 2728 5674 apud
2760 5601 3100 5673 vos,quales
3126 5619 3160 5659 a
3181 5601 3345 5659 nobis
3365 5599 3588 5655 constat
3615 5590 3771 5647 fuisse
