4036 6132
468 338 590 406 9‘59

1714 379 1722 387 -
1834 336 2149 403 NICOLAI
2191 337 2423 403 PAPE
2460 338 2512 402 Ῑ.

3699 349 3801 415 960

469 483 559 534 est
588 478 754 533 Nero.
796 473 1207 543 Diocletianus,
1259 473 1695 539 Constantinus,
1746 472 2112 541 Anastasius,
2146 476 2197 541 Α
2231 474 2529 530 ctantibus
2558 473 2820 531 fidelium
2852 473 3118 532 convenit
3139 478 3309 534 corda
3329 477 3800 555 submitti;quanto

467 572 526 626 et
557 566 746 624 caeteri
778 566 959 622 moris
990 564 1190 621 eorUm
1212 563 1663 636 pertulerunt,et
1684 561 1783 618 ubi
1803 562 1976 618 modo
1998 562 2117 618 sint

468 653 749 713 attendite
778 646 1178 726 diligenter,et
1208 656 1495 724 quantum
1527 650 1605 707 sit
1636 651 1693 706 in
1728 651 1982 707 Ecclesia
2012 650 2111 707 Dei

467 742 837 803 exsecrabilis
870 743 1023 799 fama
1052 758 1274 809 eorum,
1307 745 1364 797 et
1393 736 1605 797 nomen
1645 736 1985 796 detestabile
2016 757 2115 796 sa-

465 834 690 908 pienter
718 831 1016 889 advertite.
1051 830 1278 895 Quanta
1320 834 1515 886 autem
1543 830 1641 886 Dei
1676 829 1968 885 cultorum
1995 830 2113 884 Au-

464 927 794 997 gustorum,
814 922 911 993 qui
931 919 1324 975 Ecclesiarum
1343 918 1443 975 Dei
1467 917 1868 975 exaltaverunt
1888 922 1946 973 et
1967 935 2111 990 pras-

464 1011 629 1084 cipue
647 1011 969 1066 Romanam
982 1008 1299 1074 ,Constanti
1310 1008 1366 1062 ni
1389 1007 1657 1063 videlicet
1673 1011 1730 1062 et
1751 1006 2109 1074 Constantis,

462 1099 773 1157 Theodosii
799 1114 1033 1170 quoque
1063 1098 1304 1169 majoris
1332 1100 1389 1151 et
1415 1094 1828 1161 Valentiniani,
1861 1099 1917 1151 et
1945 1099 2111 1150 caete-

460 1205 659 1246 rorum
690 1187 821 1243 laus
850 1186 910 1242 in
945 1180 1258 1242 universali
1290 1182 1548 1241 Ecclesia
1574 1183 1880 1256 polleat,et
1908 1199 2110 1239 eorum

459 1277 749 1351 praeconia
780 1275 996 1348 ubique
1026 1278 1357 1348 personent,
1390 1276 1446 1329 et
1474 1289 1685 1329 nomen
1733 1289 1933 1328 eorum
1963 1272 2113 1328 inter

460 1376 627 1425 sacra
656 1365 933 1440 mysteria
959 1363 1434 1437 imprzetermisse
1472 1366 1982 1427 commemoretur,
2015 1365 2111 1417 at-

457 1456 677 1514 tentius
708 1460 763 1511 et
790 1454 991 1509 sedule
1043 1450 1427 1507 recordamini
1459 1467 1472 1506 :
1507 1451 1707 1523 sicque
1755 1467 1862 1506 nos
1909 1449 2110 1507 audire

458 1545 592 1602 illos
622 1545 922 1600 imitantes
951 1542 1197 1615 satagite
1227 1558 1241 1596 :
1266 1540 1464 1597 Patres
1485 1540 1640 1596 enim
1663 1539 1837 1596 vestri
1859 1556 1963 1611 per
1982 1554 2110 1612 gra-

458 1633 603 1690 tiam
635 1631 845 1688 Christi
886 1646 1116 1698 sumus,
1149 1633 1206 1685 et
1250 1646 1352 1685 vos
1395 1633 1678 1701 tanquam
1727 1626 2109 1684 charissimos

459 1722 765 1795 diligimus
798 1719 951 1776 filios
976 1737 988 1775 :
1017 1735 1122 1775 nec
1148 1732 1465 1791 possumus
1492 1717 1658 1774 vobis
1684 1716 1798 1773 nisi
1829 1717 1981 1772 viam
2013 1734 2107 1773 ve-

460 1808 651 1866 ritatis
682 1810 988 1865 ostendere
1012 1826 1025 1864 :
1051 1812 1341 1863 terrenam
1365 1806 1610 1880 gloriam
1632 1810 1883 1863 vestram
1906 1806 2107 1880 augeri

459 1899 742 1956 diVinitus
773 1897 1257 1971 exoptamus.Sed
1289 1895 1426 1969 quid
1462 1912 1793 1968 peccamus,
1828 1894 1877 1950 si
1907 1894 2106 1951 caeles-

459 1992 599 2058 tem,
634 2005 700 2044 ac
731 1991 1005 2044 aeternam
1044 2003 1146 2043 vos
1192 2002 1495 2059 capessere
1539 1984 1926 2041 nihilominus
1970 2000 2106 2041 exo-

458 2084 661 2134 ramus
678 2077 705 2133 ‘t

530 2168 894 2240 Quapropter
937 2165 1200 2222 attendat
1246 2162 1558 2220 clementia
1599 2167 1813 2228 vestra,
1849 2166 2106 2235 quantus

457 2259 646 2315 fuerat
672 2271 810 2329 erga
838 2254 995 2312 sedis
1025 2251 1353 2326 apostolica
1404 2252 1787 2309 reverentiam
1839 2254 2106 2307 anteces-

455 2360 654 2403 sorum
686 2347 1012 2400 vestrorum
1044 2343 1275 2415 piorum
1296 2343 1581 2397 duntaxat
1602 2341 2105 2413 imperatorum,et

454 2434 745 2509 praecipue
776 2448 922 2505 quos
953 2430 1124 2504 longe
1153 2431 1422 2503 superius
1449 2429 2107 2495 memoravimus,amor

455 2526 513 2580 et
544 2522 805 2579 studium
840 2536 854 2575 :
890 2519 1139 2592 qualiter
1167 2535 1293 2575 eam
1326 2519 1571 2575 diversis
1601 2517 1918 2592 privilegiis
1937 2522 2102 2573 extu-

454 2611 651 2678 lerint,
683 2609 850 2666 donis
908 2608 1237 2678 ditaverint,
1289 2608 1587 2664 beneﬁciis
1648 2607 2098 2682 ampliaverint:

456 2699 711 2774 qualiter
737 2697 899 2753 illam
930 2697 1142 2753 litteris
1174 2698 1298 2754 suis
1326 2697 1743 2754 honoraverint
1773 2697 1922 2771 (ejus
1952 2696 2101 2752 votis

452 2788 787 2858 annuerint,
812 2786 1080 2843 instituta
1109 2786 1459 2859 perficienda
1490 2786 1937 2855 mandaverint),
1969 2802 2099 2842 ora-

450 2879 638 2936 tiones
668 2874 1178 2951 petiverintﬁdem
1196 2877 1532 2932 sectandam
1551 2875 1909 2932 decreverint
1928 2892 1941 2931 :
1962 2891 2100 2947 qua-

449 2968 581 3025 liter
609 2966 783 3024 etiam
816 2965 1045 3038 legibus
1075 2963 1200 3021 suis
1230 2981 1333 3038 pro
1365 2966 1695 3021 adunandis
1733 2964 1784 3021 ei
1834 2963 2097 3021 ecclesiis

449 3054 1086 3131 promulgaverint,pro
1113 3051 1457 3127 colligendis
1486 3053 1768 3122 conciliis,
1800 3070 1867 3110 ac
1900 3054 2094 3126 profe-

449 3144 645 3202 rendis
676 3140 986 3201 sententiis
1018 3158 1132 3197 non
1167 3141 1583 3214 imperaverint
1611 3160 1623 3199 :
1660 3144 1758 3199 sed
1791 3141 2007 3215 precati
2037 3146 2096 3199 et

2223 564 2419 636 potius
2450 564 2608 620 sedis
2634 561 2794 620 illius
2825 564 3089 637 pontifici
3118 582 3433 625 consensus
3460 574 3539 626 cst
3570 571 3800 629 adhiben-

2224 652 2355 719 dus,
2389 669 2564 726 quem
2597 656 2818 710 cuncta
2849 653 3121 711 Ecclesiae
3142 656 3423 730 generalis
3434 658 3637 731 jugiter
3654 661 3802 734 pietas

2223 739 2576 798 celebravit?
2606 741 2713 799 Ubi
2747 741 3058 800 clementia
3077 747 3269 800 vestra
3287 745 3566 803 evidenter
3582 749 3799 817 advertit,

2223 847 2522 904 nunquam
2558 831 2764 904 quovis
2795 833 3029 905 penitus
3060 832 3317 890 humano
3359 835 3585 893 consilio
3625 836 3801 896 elevare

2221 934 2285 975 se
2316 936 2674 993 quemquam
2706 937 2877 993 posse
2908 925 3112 977 contra
3157 921 3315 979 illius
3361 921 3713 998 privilegium,
3737 927 3801 983 vel

2221 1008 2668 1077 confessionem,
2692 1026 2866 1083 quem
2897 1010 3111 1067 Christi
3137 1028 3248 1068 vox
3275 1012 3521 1086 praetulit
3546 1014 3798 1084 universis,

2221 1113 2397 1169 quem
2429 1098 2686 1155 Ecclesia
2724 1100 3053 1156 veneranda
3098 1101 3366 1158 confessa
3412 1110 3737 1176 semperest,
3761 1110 3803 1161 et

2219 1186 2397 1243 habet
2423 1188 2627 1244 devdta
2656 1184 2969 1262 primatem
3002 1206 3015 1243 :
3049 1189 3269 1262 impelli
3302 1207 3415 1247 non
3443 1190 3621 1248 valent
3642 1192 3802 1250 huma-

2219 1276 2312 1331 nis
2344 1276 2903 1349 praasumptionibus
2931 1295 3059 1351 quas
3089 1279 3286 1336 divino
3315 1283 3452 1335 sunt
3470 1281 3672 1352 judicio
3698 1299 3799 1338 con-

2219 1364 2444 1421 stituta.
2470 1366 2747 1423 Desinant
2772 1382 2910 1441 ergo
2940 1382 3236 1442 rogamus,
3270 1369 3615 1442 temporibus
3639 1371 3800 1427 vestris

2217 1453 2460 1525 quidam
2491 1472 2595 1527 per
2616 1455 2981 1513 occasionem
3004 1454 3497 1530 perturbationem
3519 1458 3801 1516 ecclesiasti-

2218 1559 2344 1598 cam
2405 1544 2832 1617 pratcipitanter
2888 1542 3182 1619 appetere,
3216 1550 3292 1603 et
3341 1562 3466 1620 quas
3520 1561 3624 1603 non
3673 1546 3801 1604 liceat

2217 1631 2442 1688 ambire
2475 1649 2490 1688 :
2523 1631 2783 1707 alioquin
2823 1638 2879 1690 et
2910 1635 3064 1707 quod
3117 1634 3271 1691 male
3315 1635 3687 1709 appetiverint,
3714 1652 3798 1692 non

2216 1720 2610 1793 perfruentur,
2633 1728 2691 1778 et
2720 1722 2910 1795 ipsam
2943 1738 3176 1797 quoque
3207 1723 3694 1790 Christianitatem,
3715 1725 3799 1780 nisi

2216 1809 2588 1882 resipuerint,
2625 1826 2866 1885 prorsus
2896 1812 3190 1879 amittant,
3222 1813 3342 1869 Vos
3389 1818 3594 1883 autem,
3619 1826 3800 1887 quasu-

2218 1898 2557 1965 mus,nolite
2583 1900 2988 1973 prajudicium
3020 1901 3121 1958 Dei
3153 1901 3420 1958 Ecclesia:
3449 1901 3801 1976 irrogamzilla

2216 1988 2433 2061 quippe
2464 1988 2693 2045 nullum
2726 1990 2974 2063 imperio
3003 1995 3198 2047 vestro
3229 1991 3621 2064 praejudicium
3648 1991 3795 2058 infert,

2215 2091 2350 2132 cum
2381 2077 2570 2151 magis
2601 2095 2704 2151 pro
2734 2078 3052 2135 stabilitate
3081 2078 3271 2152 ipsius
3296 2086 3563 2138 aeternam
3590 2081 3799 2137 divinita-

2212 2167 2331 2221 tem
2363 2170 2576 2234 exoret,
2605 2171 2663 2223 et
2690 2183 2796 2240 pro
2844 2167 3250 2225 incolumitate
3278 2174 3470 2226 vestra
3498 2174 3553 2226 et
3577 2174 3798 2243 perpetua

2214 2253 2405 2311 salute
2426 2255 2556 2329 jngi
2587 2255 2889 2313 devotione
2919 2250 3406 2329 precetur.Nolite
3436 2274 3557 2332 quae
3584 2274 3678 2315 sua
3696 2262 3799 2314 sunt

2213 2358 2499 2416 usurpare
2532 2362 2545 2400 :
2576 2344 2754 2401 nolite
2783 2361 2911 2417 quae
2943 2345 3056 2419 ipsi
3086 2346 3195 2403 soli
3228 2348 3541 2405 commissa
3559 2345 3800 2404 suntvelle

2213 2432 2505 2504 surripere
2539 2448 2552 2488 :
2587 2433 2862 2501 scientes,
2912 2434 3052 2507 quia
3097 2438 3262 2491 tanto
3312 2435 3582 2492 nimirum
3610 2452 3638 2491 a
3660 2436 3799 2491 sacris

2211 2519 2383 2576 debet
2399 2521 2593 2578 omnis
2610 2523 3044 2579 mundanarum
3065 2540 3263 2581 rerum
3283 2525 3801 2582 administrator-esse

2212 2614 2723 2684 remotus,quanto
2754 2611 3077 2685 quemlibet
3104 2630 3173 2669 ex
3201 2613 3465 2688 catalogo
3494 2614 3797 2677 clericorum,

2210 2702 2268 2755 et
2298 2698 2675 2755 militantium
2708 2705 2822 2756 Deo
2852 2700 3033 2757 nullis
3063 2702 3339 2759 convenit
3360 2703 3597 2776 negotiis
3616 2701 3799 2758 saecula-

2209 2788 2372 2844 ribus
2400 2788 2979 2863 implicari.Denique
2999 2790 3310 2864 hi,quibus
3332 2796 3554 2848 tantum
3577 2790 3799 2846 humanis

2207 2877 2383 2934 rebus
2413 2882 2471 2934 et
2500 2895 2617 2934 non
2649 2877 2861 2935 divinis
2892 2895 3140 2952 praeesse
3182 2881 3538 2953 permissum
3564 2884 3660 2951 est,
3687 2894 3798 2952 quo-

2206 2967 2380 3023 modo
2411 2967 2482 3023 de
2512 2966 2738 3041 his,per
2761 2985 2911 3041 quos
2940 2968 3137 3025 divina
3157 2967 3795 3042 ministrenturjudicara

2204 3059 2584 3128 prasumant,
2616 3057 2853 3130 penitus
2883 3057 3248 3131 ignoramus.

2276 3145 2534 3201 Fuerunt
2561 3145 2684 3201 haec
2714 3150 2849 3203 ante
2895 3147 3213 3204 adventum
3250 3148 3487 3218 Christi,
3519 3152 3578 3203 ut
3601 3146 3790 3220 quidam

446 3233 663 3290 hortati
695 3232 886 3289 solum
934 3230 1282 3299 exstiterint,
1316 3234 1373 3286 et
1402 3249 1529 3304 quae
1561 3230 1646 3287 illi
1693 3233 2092 3297 decreverunt,
2125 3219 2168 3286 C
2200 3234 2390 3307 typice
2419 3250 2585 3308 reges
2615 3234 2792 3291 simul
2822 3238 2882 3291 et
2920 3236 3254 3293 sacerdotes
3304 3219 3646 3293 existerent:
3673 3232 3789 3307 quod

446 3322 559 3396 ipsi
618 3319 1044 3386 consenserint,
1089 3323 1145 3375 et
1193 3337 1320 3392 quae
1368 3319 1453 3375 illi
1502 3320 1949 3389 damnaverunt,
1983 3319 2096 3394 ipsi

446 3411 798 3486 respuerint.
832 3409 927 3466 Sic
958 3425 1116 3482 ergo,
1145 3408 1228 3464 fili
1261 3409 1628 3477 charissima,
1662 3410 1746 3466 sic
1777 3413 1836 3465 et
1864 3413 1966 3465 tua
1997 3426 2096 3466 su-

445 3499 706 3557 blimitas
737 3515 852 3554 non
884 3515 953 3554 ex
981 3501 1145 3570 parte
1175 3497 1537 3571 ingratorum
1558 3502 1615 3554 et
1634 3496 2095 3554 inobedientium

445 3588 702 3645 ﬁliorum
732 3586 1007 3653 existens,
1041 3586 1196 3659 quod
1228 3584 1506 3652 absit,sed
1538 3584 1646 3642 hos
1676 3586 1831 3641 inter
1858 3589 2096 3641 caeteros

446 3677 548 3734 Dei
578 3674 829 3733 cultores
859 3677 1156 3749 Augustos
1187 3674 1436 3744 imitata,
1471 3691 1599 3747 quas
1630 3674 1994 3730 decrevimus
2024 3675 2097 3730 de

445 3762 1089 3835 ConstantinOpolitana
1117 3762 1393 3832 Ecclesia,
1427 3761 1764 3819 obedienter
1810 3764 2091 3819 attendat.

443 3858 565 3910 Ista
594 3868 935 3925 quesumus
957 3851 1340 3907 suadentibus
1361 3851 1578 3924 saepius
1602 3851 1774 3907 nobis
1794 3851 1981 3924 pietas
1999 3868 2095 3908 ve-

444 3947 568 4001 stra
599 3958 708 3998 nos
736 3940 980 3996 minime
1011 3944 1394 4013 spernat,prae
1416 3939 1602 3996 oculis
1625 3939 1839 3996 habitis
1861 3940 2093 3998 Domini

441 4030 656 4099 verbis,
678 4029 926 4086 dicentis
958 4045 972 4084 :
1008 4031 1115 4099 Qui
1142 4029 1299 4085 audit
1344 4040 1455 4099 vos,
1488 4045 1574 4086 me
1600 4029 1774 4098 audit,
1800 4038 1851 4087 et
1879 4033 1977 4103 qui
2003 4047 2094 4087 vos

439 4123 669 4194 spernit,
698 4136 786 4176 me
813 4120 1041 4191 spernit,
1075 4126 1127 4174 et
1171 4119 1269 4190 qui
1316 4135 1401 4174 me
1445 4121 1657 4190 spernit
1687 4120 1835 4192 (Luc.
1868 4122 1946 4188 Χ),
1978 4123 2090 4176 etc.

442 4210 704 4281 Denique
734 4211 793 4264 et
821 4207 1181 4263 concordans
1210 4206 1523 4279 Apostolus
1562 4208 1810 4264 Domino
1849 4212 2046 4265 nostro
2077 4224 2089 4264 :

443 4300 797 4371 QuaprOpter,
830 4295 1040 4368 ibquit,
1075 4297 1173 4368 qui
1217 4297 1336 4353 haec
1377 4298 1603 4368 spernit,
1651 4314 1763 4353 non
1818 4298 2095 4354 hominem

438 4389 667 4461 spernit,
693 4384 785 4443 sed
810 4380 998 4452 Deum,
1032 4387 1132 4457 qui
1158 4383 1305 4440 dedit
1331 4385 1601 4457 Spiritum
1638 4401 1800 4441 suum
1845 4394 2095 4443 sanctum

438 4478 503 4533 in
531 4476 686 4533 nobis
713 4477 767 4546 (Ι
795 4476 969 4530 Thess.
1006 4474 1099 4545 Iv).
1126 4474 1346 4529 Verum
1379 4472 1425 4529 si
1454 4491 1556 4530 vos
1585 4490 1693 4531 nos
1732 4476 2091 4547 spernendos

440 4581 569 4622 esse
597 4563 947 4631 ducitis,nos
977 4565 1172 4618 tamen
1201 4579 1315 4617 non
1358 4578 1676 4634 possumus
1706 4580 1794 4630 ea,
1827 4580 1953 4636 qua:
1986 4563 2088 4621 Dei
2119 4586 2163 4653 ρ

442 4658 879 4724 sunt,spernere
908 4655 963 4705 et
995 4650 1303 4724 negligere,
1324 4668 1439 4723 quo
1472 4650 1671 4708 minus
1702 4656 1760 4708 et
1790 4653 1963 4709 saluti
1993 4670 2086 4709 ve-

442 4747 574 4798 stras
606 4739 1072 4811 consulamus,et
1092 4740 1161 4796 de
1184 4740 1519 4813 acceptione
1542 4740 1745 4797 talenti
1769 4742 1972 4798 crediti
1995 4759 2091 4799 no-

442 4833 632 4886 strum
664 4829 989 4903 periculum
1021 4828 1404 4899 declinemus,
1441 4829 1874 4903 dispensatione
1920 4832 2089 4889 nobis

441 4918 698 4976 cmlestis
729 4917 974 4975 seminis
1006 4919 1272 4991 injuncta
1297 4936 1310 4974 :
1333 4918 1429 4975 Vas
1451 4920 1500 4976 si
1524 4936 1639 4976 non
1661 4920 2086 4994 sparserimus!

439 5027 521 5066 va
552 5008 602 5065 si
630 5008 1024 5064 tacuerimus!
1061 5010 1110 5080 (Ι
1132 5011 1259 5066 Cor.
1293 5008 1393 5080 rx).

511 5096 674 5162 Quod
719 5112 856 5151 cum
903 5095 1203 5152 electionis
1250 5112 1353 5153 vas
1411 5097 1686 5155 formidet
1742 5102 1800 5155 et
1853 5098 2084 5169 clamet,

439 5190 661 5261 quanto
691 5185 882 5259 magis
911 5183 1149 5242 cuilibet
1173 5184 1380 5258 exiguo
1402 5188 1782 5244 metuendum
1806 5189 1936 5245 est?
1956 5194 2092 5246 Pro-

439 5274 757 5343 inde,sicut
785 5290 899 5329 non
925 5272 1045 5328 leve
1067 5272 1383 5329 discrimen
1408 5273 1696 5332 incumbit
1717 5278 2091 5349 pontificibus

440 5365 675 5423 siluisse
701 5380 805 5436 pro
836 5360 1158 5418 divinitatis
1189 5360 1351 5417 cultu
1373 5366 1430 5418 et
1447 5363 1714 5420 Ecclesiae
1736 5367 2091 5425 correctione

442 5455 598 5525 quod
629 5451 916 5525 congruit,
952 5450 1033 5506 ita
1074 5449 1189 5517 his,
1221 5452 1376 5523 quod
1427 5452 1602 5521 absit,
1633 5471 1749 5510 non
1800 5457 2092 5514 mediocre

440 5539 765 5613 periculum
797 5540 1012 5614 est,qui
1045 5554 1180 5596 cum
1211 5538 1463 5596 debeant
1493 5558 1715 5614 parere,
1734 5545 2088 5617 despiciunt.

442 5626 512 5688 Et
540 5627 587 5685 si
651 5628 844 5685 unctis
892 5627 1239 5701 generaliter
1288 5628 1691 5689 sacerdotibus
1739 5632 1938 5691 divina
1974 5640 2091 5693 tra-

2206 3327 2472 3379 sanctum
2507 3323 2934 3380 Melchisedech
2958 3324 3141 3381 fuisse
3162 3341 3336 3382 sacra
3356 3326 3545 3399 prodit
3562 3322 3789 3381 historia:

2206 3412 2478 3484 quodque
2510 3412 2569 3469 in
2602 3412 2885 3470 membris
2906 3413 3031 3471 suis
3054 3414 3330 3472 diabolus
3352 3414 3795 3484 imitatus,utp‘ote

2206 3499 2305 3573 qui
2339 3516 2572 3574 semper
2601 3516 2726 3574 quae
2760 3501 2959 3558 divino
2987 3502 3172 3559 cultui
3213 3504 3579 3572 conveniunt,
3611 3500 3799 3558 sibimet

2202 3588 2506 3662 tyrannica
2539 3589 2751 3661 spiritu
2780 3589 3077 3647 vindicare
3106 3593 3500 3659 contendit,ut
3522 3588 3705 3665 pagani
3720 3585 3800 3641 im-

2202 3682 2502 3750 peratores
2531 3677 2708 3734 iidem
2752 3683 2810 3735 et
2858 3680 3097 3735 maximi
3148 3682 3459 3753 pontifices
3505 3680 3795 3737 dicerentur.

2205 3767 2316 3823 Sed
2347 3782 2480 3822 cum
2514 3767 2587 3823 ad
2634 3782 2836 3823 verum
2863 3758 3097 3842 (nempe,
3124 3760 3454 3838 Christum,
3484 3770 3672 3839 mea]
3693 3780 3797 3821 vcn-

2203 3859 2330 3912 tum
2374 3860 2483 3923 est,
2517 3857 2789 3913 eumdem
2840 3866 3035 3931 regem
3087 3862 3265 3930 atque
3313 3859 3652 3932 pontiﬁcem,
3679 3853 3795 3910 ultra

2203 3945 2315 4002 sibi
2348 3960 2453 4001 nec
2484 3946 2802 4018 imperator
2834 3948 2975 4019 jura
3020 3947 3400 4020 pontiﬁcatus
3448 3946 3690 4021 arripuit,
3717 3955 3796 3998 nec

2201 4034 2460 4107 pontifex
2488 4051 2701 4091 nomen
2732 4035 3177 4109 imperatorium
3208 4037 3533 4111 uSur‘pavit.
3564 4030 3793 4101 Quoniam

2202 4123 2357 4179 idem
2389 4123 2679 4180 mediator
2707 4124 2805 4180 Dei
2833 4128 2890 4180 et
2918 4124 3226 4181 hominum
3257 4124 3437 4183 homo
3468 4124 3708 4182 Christus
3729 4118 3796 4173 Je~

2202 4226 2304 4269 sus
2335 4211 2422 4268 sic
2443 4212 2675 4269 actibus
2705 4213 2977 4286 propriis,
3012 4218 3071 4269 et
3099 4213 3494 4287 dignitatibus
3534 4205 3792 4269 distinctis.

2200 4300 2396 4357 officia
2422 4301 2728 4373 potestatis
2759 4301 3068 4375 utriusque
3097 4298 3625 4376 discrevit,pr0pria
3640 4296 3797 4354 volens

2202 4388 2535 4446 medicinali
2565 4389 2902 4447 humilitate
2929 4402 3166 4447 sursum
3206 4393 3422 4461 efferri,
3456 4407 3566 4447 non
3594 4382 3799 4444 huiusne

2202 4479 2478 4552 superbia
2509 4496 2714 4536 rursus
2744 4478 2802 4534 in
2828 4477 3063 4535 inibrna
3092 4480 3378 4554 demergi,
3403 4486 3467 4537 ut
3494 4485 3549 4536 et
3575 4472 3800 4533 Christia-

2198 4568 2262 4623 ni
2293 4568 2671 4640 imperatores
2701 4580 2806 4640 pro
2834 4572 3049 4625 eterna
3074 4568 3193 4624 vita
3222 4569 3592 4642 pontificibus
3615 4563 3799 4633 indige-

2199 4660 2348 4725 rent,
2381 4661 2438 4713 et
2468 4656 2774 4729 pontifices
2805 4670 2910 4730 pro
2940 4673 3116 4714 cursu
3142 4658 3554 4731 temporalium
3583 4656 3795 4711 tantum-

2199 4747 2372 4802 modo
2406 4762 2602 4802 rerum
2634 4739 3041 4819 imperialibus
3072 4746 3304 4820 legibus
3334 4740 3658 4804 uterentur:
3685 4750 3797 4813 qui-

2197 4840 2372 4893 tenus
2394 4835 2675 4909 spiritalis
2698 4836 2846 4893 actio
2867 4832 3205 4893 camalibus
3223 4824 3471 4894 distaret
3488 4829 3794 4892 incursibus.

2268 4926 2339 4980 Et
2368 4926 2497 4980 ideo
2519 4924 2782 4981 militans
2806 4926 2918 4981 Deo
2940 4925 3184 4982 minime
3207 4940 3272 4982 se
3292 4924 3540 4999 negotiis
3559 4913 3796 4979 smeulario

2195 5015 2307 5070 bus
2336 5011 2665 5085 implicaret
2696 5013 2778 5087 (11
2810 5014 2944 5069 Tim.
2976 5016 3061 5085 ιι),
3096 5020 3163 5070 ac
3192 5013 3454 5070 vicissim
3485 5028 3594 5069 non
3622 5007 3707 5065 ille
3728 5020 3794 5059 re-

2195 5103 2307 5158 bus
2336 5100 2549 5157 divinis
2576 5091 2891 5174 ‘pr‘acs'idere
2918 5098 3234 5170 videretur,
3265 5102 3367 5176 qui
3395 5104 3547 5159 esset
3590 5090 3794 5171 negotiis

2199 5189 2579 5248 saecularibus
2610 5190 2968 5264 implicatus,
3001 5196 3068 5249 ut
3094 5196 3154 5249 et
3201 5190 3490 5248 modestia
3536 5186 3793 5256 utriusque

2200 5280 2422 5338 ordinis
2453 5284 2853 5349 curaretur,ne
2882 5280 3253 5338 extolleretur
3279 5284 3524 5354 utroque
3545 5270 3792 5357 summus.

2200 5375 2258 5427 et
2289 5374 2624 5444 competens
2645 5369 3027 5442 qualitatibus
3053 5369 3349 5426 actionum
3371 5364 3683 5441 specialiter
3698 5370 3795 5431 pro-

2202 5460 2372 5517 fessio
2404 5461 2722 5530 aptaretur.
2738 5458 2962 5524 Quibus
2992 5458 3269 5515 omnibus
3296 5456 3406 5513 rite
3435 5450 3694 5516 collectis,
3718 5458 3793 5501 Sa-

2200 5548 2278 5605 tis
2304 5529 2601 5603 evidenter
2627 5548 2959 5604 ostenditur
2989 5564 3022 5603 a
3053 5546 3312 5604 smculari
3347 5546 3625 5619 potestate
3640 5551 3730 5595 nec
3746 5529 3797 5587 li-

2200 5636 2325 5711 gari
2358 5650 2736 5710 prorsus,nec
2765 5635 2910 5694 solvi
2940 5650 3112 5711 posse
3140 5634 3658 5709 pontiﬁcem,QO
3684 5638 3795 5701 con-
