3994 6150
199 205 324 268 961

1429 203 1836 269 EPISTOLE
1879 204 1979 268 ΕΤ
2020 203 2412 268 DEGRETA.

3497 210 3616 269 962

198 342 327 396 stat
355 354 390 394 a
421 337 518 411 pio
549 335 811 410 principe
839 336 1242 406 Constantino,
1279 337 1434 410 quod
1484 336 1655 412 longe
1701 353 1867 410 supe-
1896 338 1949 407 Α
1977 341 2067 395 ter
2094 337 2239 394 illud
2271 337 2426 410 quod
2476 337 2694 394 idioma
2731 336 2938 393 Graecae
2985 337 3257 395 dictionis
3303 339 3500 413 exigit,
3529 341 3618 398 vel

199 427 332 483 rius
394 426 872 498 memoravimus,
897 427 1082 483 Deum
1128 426 1513 500 appellatum,
1540 444 1644 482 nec
1691 444 1862 498 posse

195 515 394 572 Deum
421 516 495 572 ab
518 514 864 572 hominibus
887 515 1162 587 judicari,
1195 516 1573 572 manifestum
1605 521 1712 573 est.
1749 517 1860 572 Sed

195 609 260 660 et
288 604 655 661 Theodosius
683 605 880 662 minor
898 610 1112 661 sanctis
1133 605 1354 678 synodo
1391 606 1653 661 scribens
1675 605 1862 678 Ephe-

194 692 345 751 sinas
379 692 604 766 primae,
629 693 773 749 dicit
805 710 818 748 :
853 693 1180 766 Deputatus
1209 698 1299 750 est
1345 693 1524 768 igitur
1551 694 1861 750 Candidia-

193 800 315 838 nus
341 782 967 854 magniﬁcentissimus
984 799 1178 839 comes
1196 787 1568 840 strenuorum
1593 783 1865 840 domesti-

194 888 408 928 corum
445 872 696 928 transire
729 889 916 944 usque
966 872 1038 928 ad
1083 872 1520 936 sanctissimam
1570 874 1862 946 synodum

194 965 481 1031 vestram,
515 966 572 1018 et
601 961 660 1017 in
695 962 856 1018 nullo
886 963 1124 1035 quidem
1157 981 1285 1036 quis
1318 964 1592 1020 faciendae
1624 969 1762 1021 sunt
1792 965 1863 1020 de

195 1050 316 1123 piis
345 1050 724 1123 dogmatibus
746 1052 1228 1124 quastiones,seu
1251 1052 1448 1125 potius
1470 1053 1862 1126 expositiones

195 1139 661 1195 communicare.
696 1139 970 1196 Illicitum
999 1158 1253 1214 namque
1283 1146 1372 1198 est
1404 1159 1559 1210 eum,
1594 1143 1694 1214 qui
1745 1160 1860 1198 non

197 1229 278 1282 sit
306 1245 378 1284 ex
395 1227 600 1284 ordine
623 1229 1129 1286 ssnctissimorum
1153 1231 1860 1304 episcoporum,ecclesia-

199 1317 372 1373 sticis
403 1317 788 1374 intermisceri
824 1319 1193 1378 tractatibus.

272 1405 425 1472 Quid
459 1411 736 1478 praeterea
768 1407 905 1463 hinc
959 1409 1205 1465 Romani
1253 1409 1531 1482 praesules
1581 1410 1858 1476 sentiant,

199 1493 346 1567 quid
364 1493 576 1563 Latini,
605 1496 901 1568 Graecique
924 1498 1188 1554 doctores
1214 1498 1349 1554 hinc
1383 1502 1692 1571 exponant,
1720 1500 1858 1571 quid

199 1583 458 1655 denique
492 1583 781 1640 Maximus
811 1585 1158 1642 venerabilis
1189 1587 1538 1660 monachus,
1570 1593 1627 1644 et
1657 1588 1714 1642 in
1760 1587 1859 1643 illo

197 1677 466 1771 tempore
495 1673 651 1778 apud
671 1691 770 1772 vos
799 1691 947 1747 pene
978 1675 1139 1731 solus
1161 1676 1483 1732 catholicus
1501 1677 1558 1732 in
1577 1677 1859 1748 discepta—
1888 1712 1936 1778 B

198 1761 362 1816 tione
393 1777 503 1819 sua
533 1761 856 1834 perhibent.
882 1765 1161 1836 quoniam
1192 1764 1434 1839 longum
1465 1771 1554 1822 est
1583 1766 1856 1832 scribere,

199 1849 558 1922 interrogate
588 1851 868 1920 seniores,
905 1852 1002 1925 qui
1055 1857 1252 1910 tamen
1300 1855 1562 1910 moribus
1603 1856 1862 1911 seniores

199 1943 365 2005 sunt,
391 1943 449 1994 et
477 1938 672 1994 dicent
695 1940 876 1996 vobis.
904 1941 1004 1996 His
1035 1942 1234 2014 itaque
1266 1943 1571 1999 manifeste
1595 1943 1859 2015 repertis,

198 2030 448 2098 apparet
466 2027 940 2086 comministrum
958 2033 1227 2086 nostrum
1250 2030 1540 2103 Ignatium
1567 2049 1668 2103 per
1684 2033 1864 2104 impe-

200 2113 412 2170 rialem
429 2117 842 2172 tantummodo
859 2118 1211 2174 sententiam
1234 2119 1394 2175 nullo
1411 2121 1582 2176 modo
1603 2121 1862 2191 potuisse

200 2220 449 2276 prorsus
465 2203 691 2276 expelli.
718 2210 780 2261 In
799 2207 968 2277 cujus
985 2207 1526 2279 damnatione,quia
1544 2209 1860 2280 praesulum

201 2309 442 2365 quoque
471 2310 750 2350 assensus
780 2300 870 2350 est
902 2297 1276 2364 subsecutus,
1310 2303 1551 2370 apparet
1581 2299 1637 2352 id
1685 2315 1863 2354 causa

198 2381 388 2440 fuisse
420 2386 714 2453 patratum
747 2383 1123 2453 adulationis,
1157 2403 1273 2442 non
1299 2385 1572 2460 legitima:
1609 2387 1860 2443 sanctio-

197 2470 314 2530 nis.
333 2470 636 2543 Siquidem
669 2471 726 2528 in
758 2477 992 2530 tantum
1010 2478 1202 2530 vestra
1225 2476 1519 2531 sententia
1542 2476 1860 2548 prazsulum

198 2559 504 2632 praecessit
534 2561 980 2628 sententiam,ut
1007 2580 1121 2619 non
1154 2564 1344 2620 solum
1375 2569 1564 2620 vestro
1596 2565 1672 2620 sit
1683 2565 1860 2636 jussu

196 2665 231 2704 a
263 2647 489 2704 credita
517 2649 627 2704 sibi
682 2653 814 2706 ante
861 2668 1095 2708 omnem
1145 2652 1657 2726 interrogationem
1706 2654 1860 2708 idem

200 2736 456 2793 antistes
487 2738 696 2810 pulsus
718 2738 1190 2810 ecclesia,verum
1210 2743 1384 2798 etiam
1404 2747 1604 2815 postea
1625 2742 1682 2796 in
1702 2743 1863 2797 dam-

199 2827 441 2884 natione
463 2827 651 2900 ipsius
669 2827 843 2901 (sicut
863 2833 1028 2902 gesta
1057 2829 1217 2887 illius
1249 2830 1605 2887 latrocinalis
1629 2831 1857 2903 synodi,

195 2933 331 2988 qua:
363 2915 532 2972 nobis
560 2934 662 2989 per
694 2918 943 2974 Leonem
975 2918 1264 2976 illustrem
1299 2938 1332 2975 a
1371 2920 1610 2976 secretis
1662 2920 1861 2976 misis-

197 3004 298 3071 tis,
326 3003 607 3075 indicant)
626 3005 782 3078 quod
815 3008 1215 3079 nunquam,ni
1249 3007 1860 3080 fallimur,aliquando

1971 426 2407 500 interpretantis
2437 425 2681 483 scientia
2704 425 2842 499 [lege
2860 434 2921 482 ut
2945 427 3003 482 in
3024 429 3180 498 epist.
3207 429 3274 482 -l0
3299 445 3311 485 :
3335 427 3618 501 interpre-

1971 515 2118 571 tanti
2151 515 2477 584 scientiam,
2497 519 2604 570 etc.
2624 513 3210 588 Hann.]intelligendi
3243 533 3360 572 non
3392 517 3618 586 tribuit,

1971 605 2282 661 anathema
2312 605 2410 660 sit.

2043 694 2172 749 Haec
2204 693 2604 766 quidem,quaa
2628 692 2933 764 hucusque
2963 709 3065 764 per
3097 693 3398 764 periochas
3415 711 3620 751 novem

1973 787 2113 840 sunt
2143 782 2380 855 scripta,
2415 782 2578 854 prius
2609 785 2756 858 acta,
2789 785 2846 837 et
2893 798 2926 836 a
2975 780 3143 837 nobis
3194 799 3295 852 per
3333 783 3620 854 quosdam

1971 872 2236 928 fraternae
2267 870 2632 943 generalitati
2666 874 2865 926 vestrae
2899 869 3227 926 intimanda
3245 875 3386 926 sunt
3417 871 3618 938 missa,

1972 965 2182 1033 praeter
2209 959 2516 1032 epistolam
2569 958 2732 1016 illam
2783 959 3143 1032 apostolatus
3205 959 3410 1030 nostri,
3445 977 3621 1032 quam

1972 1049 2240 1108 Michaeli
2273 1049 2759 1105 excellentissimo
2790 1047 3124 1120 imperatori
3157 1065 3259 1120 per
3305 1049 3622 1120 quemdam

1972 1138 2158 1212 ipsius
2190 1138 2585 1211 legatum,qui
2616 1154 2678 1194 sc
2704 1137 3240 1210 protospatharium
3271 1137 3623 1210 appellabat,

1971 1228 2208 1284 nomine
2239 1227 2602 1292 Michaelem,
2621 1227 3303 1282 transmisimus.Postea
3333 1244 3466 1282 vero
3487 1243 3623 1282 cum

1971 1316 2468 1390 cognovissemus,
2501 1315 2640 1388 quia
2680 1333 2855 1388 penes
2904 1316 3031 1382 hos,
3066 1316 3165 1388 qui
3213 1315 3421 1371 nolunt
3463 1315 3624 1372 sanis

1971 1405 2339 1477 acquiescere
2361 1405 2621 1472 monitis,
2643 1404 2790 1460 nihil
2817 1404 3008 1460 solum
3031 1404 3337 1460 scribendo
3362 1405 3627 1477 proficie-

1969 1495 2200 1563 bamus,
2235 1499 2431 1550 ratum
2464 1494 2760 1560 duximus,
2777 1510 2878 1566 per
2907 1493 3128 1565 legatos
3163 1498 3413 1560 nostros,
3434 1499 3490 1549 et
3519 1495 3623 1550 ite-

1971 1588 2126 1640 ratas
2157 1583 2383 1640 litteras
2415 1601 2483 1638 ea
2529 1600 2737 1639 rursus
2786 1600 2913 1654 qua;
2964 1582 3313 1638 videbantur
3360 1582 3626 1639 Ecclesiae

1970 1674 2274 1745 profutura
2294 1673 2594 1740 mandare,
2619 1672 2800 1742 hujus
2824 1671 2900 1726 rei
2925 1670 3115 1743 gratia
3137 1670 3455 1726 direximus
3477 1671 3626 1727 Con-

1974 1761 2417 1834 stantinopolim
2431 1761 2723 1816 Donatum
2739 1759 3183 1816 sanctissimum
3201 1759 3630 1832 episcopum,et

1975 1851 2227 1907 Leonem
2251 1850 2643 1906 venerabilem
2677 1849 3290 1922 presbyterum,atque
3321 1849 3508 1904 filium
3535 1866 3630 1905 no-

1972 1946 2160 1996 strum
2190 1940 2484 1995 Marinum
2509 1940 2820 1995 diaconum
2849 1956 2860 1994 :
2889 1941 3180 2010 quatenus
3198 1938 3388 2010 hi,qui
3418 1938 3628 1995 litteris

1971 2029 2255 2084 admoniti
2303 2045 2504 2101 parere
2535 2027 2851 2099 refugiunt,
2885 2027 3132 2093 veritati,
3167 2027 3375 2082 saltem
3432 2027 3624 2082 verbis

1971 2117 2329 2173 salutaribus
2353 2115 2877 2184 eonventi,discant
2901 2115 3134 2170 tandem
3158 2113 3371 2170 divinis
3395 2115 3627 2170 institu-

1971 2206 2232 2262 tionibus
2256 2207 2498 2260 minime
2530 2203 2830 2261 resultare.
2858 2204 3081 2271 Quibus
3112 2203 3169 2257 in
3205 2203 3441 2275 scriptis
3469 2203 3628 2258 dedi-

1971 2313 2128 2361 mus,
2158 2313 2285 2367 quae
2318 2295 2610 2350 habentur
2657 2293 2716 2348 in
2767 2292 3041 2357 subditis,
3074 2309 3318 2364 quaeque
3359 2309 3460 2364 per
3507 2297 3626 2348 tres

1971 2383 2275 2456 periochas
2298 2382 2714 2455 distinguenda
2744 2382 2863 2437 fore
2894 2381 3277 2436 decrevimus.
3301 2381 3498 2436 Prima
3519 2381 3628 2436 uti-

1971 2489 2086 2544 que
2115 2472 2325 2528 harum
2356 2475 2463 2539 est,
2502 2487 2627 2542 qua:
2659 2474 2715 2526 et
2745 2469 2974 2525 decima
3005 2467 3184 2540 hujus
3216 2474 3305 2525 est
3353 2468 3628 2541 periocha

1970 2561 2305 2630 voluminis,
2327 2561 2633 2615 continens
2656 2558 2963 2630 epistolam
2997 2559 3066 2613 ad
3083 2559 3209 2629 jam
3235 2563 3625 2614 memoratum

1969 2653 2302 2722 Augustum
2339 2649 2842 2715 transmissam,et
2873 2647 3116 2703 alteram
3142 2649 3212 2702 ad
3234 2648 3538 2719 episcopos
3559 2665 3626 2702 ac

1971 2744 2208 2794 cmteros
2239 2738 2476 2794 ordines
2489 2736 2990 2808 Constantinopoli
3024 2736 3132 2792 sub
3129 2736 3340 2804 jectos.
3358 2736 3628 2792 Secunda

1971 2846 2103 2883 vero
2137 2827 2409 2899 periocha
2433 2831 2540 2893 est,
2575 2843 2705 2897 qua:
2735 2825 2914 2896 hujus
2946 2823 3206 2896 corporis
3246 2823 3623 2880 undecimum

1970 2916 2226 2988 complet
2253 2915 2467 2982 locum,
2491 2915 2712 2970 habens
2744 2914 2799 2967 in
2835 2929 2897 2968 se
2930 2915 3077 2968 duas
3103 2911 3418 2984 epistolas:
3445 2929 3622 2969 unam

1973 3005 2198 3072 Photio,
2233 3010 2291 3060 et
2323 3004 2565 3060 alteram
2615 3003 2814 3059 Barda:
2845 3001 3056 3058 fautori
3087 3002 3216 3073 ejus
3246 3001 3620 3073 descriptam.

199 3092 315 3148 fuit
336 3097 553 3162 actum,
573 3094 747 3166 primi
780 3100 836 3150 et
866 3078 999 3151 ante
1030 3113 1233 3152 omnes
1266 3095 1618 3168 scripseritis
1643 3078 1865 3168 episco-
1895 3078 1937 3145 C
1975 3099 2152 3150 Porro
2186 3093 2358 3149 tertia
2387 3097 2640 3164 est,quae
2671 3095 2728 3148 et
2743 3091 3092 3147 duodecima
3111 3090 3282 3146 istius
3303 3094 3391 3145 est
3406 3090 3624 3146 codicis

202 3199 373 3256 pum.
413 3182 511 3238 His
541 3183 622 3239 ita
669 3183 988 3256 praelibatis
1038 3187 1147 3241 sub
1195 3190 1510 3258 conspectu
1543 3185 1665 3251 Dei,
1699 3203 1864 3258 pure,

199 3272 553 3345 sinceraque
583 3273 855 3345 pietatem
888 3278 1140 3332 vestram
1172 3275 1575 3348 deprecamur,
1612 3275 1865 3330 obtesta-

211 3379 370 3428 mur,
402 3361 796 3429 exhortamur,
832 3366 896 3419 ut
915 3364 1254 3436 petitionem
1286 3368 1550 3421 nostram
1582 3381 1697 3420 non
1720 3363 1870 3419 indi-

211 3454 464 3524 gnanter
494 3450 817 3525 accipiatis.

284 3540 584 3612 Rogamus
601 3540 946 3614 denique,ut
975 3559 1081 3599 nos
1103 3542 1162 3598 in
1184 3542 1292 3598 hac
1309 3542 1423 3598 vita
1455 3541 1645 3613 potius
1668 3541 1868 3597 audia-

208 3629 284 3686 tis
315 3629 718 3702 deprecantes,
739 3648 937 3702 quam,
964 3633 1117 3703 quod
1153 3631 1329 3700 absit,
1347 3631 1406 3686 in
1433 3631 1627 3686 divino
1642 3630 1867 3702 judicio

208 3717 478 3776 sentiatis
498 3724 863 3778 accusantes.
888 3721 956 3776 Et
985 3719 1114 3776 ideo
1146 3720 1866 3793 nolite,precamur,irasoi

206 3807 255 3864 si
276 3824 382 3863 vos
413 3810 643 3864 tantum
677 3807 998 3880 diligimus,
1017 3813 1080 3863 ut
1102 3825 1373 3881 regnum,
1398 3809 1552 3882 quod
1582 3814 1868 3881 tempora-

1976 3183 2268 3256 periocha,
2302 3182 2721 3238 circumferens
2761 3181 2819 3236 in
2869 3198 2930 3236 se
2975 3180 3138 3235 fratri
3196 3184 3253 3235 et
3282 3180 3623 3252 coepiscopo

1978 3277 2176 3328 nostro
2209 3271 2536 3344 lgnatio,et
2586 3270 2758 3325 matri
2808 3268 3198 3341 imperatoris,
3236 3273 3410 3341 atque
3459 3269 3622 3324 uxori

1969 3362 2025 3433 ej
2036 3379 2105 3417 us
2135 3359 2400 3432 singulas
2423 3359 2637 3416 missas
2658 3357 2935 3430 epistolas
2958 3375 2969 3413 :
2989 3374 3214 3413 necnon
3239 3361 3296 3412 et
3317 3357 3622 3430 epistolam

1977 3451 2350 3516 uniformem,
2371 3465 2549 3520 quam
2577 3447 2932 3520 quibusdam
2965 3446 3138 3502 claris
3171 3445 3332 3502 urbis
3350 3447 3625 3501 Constan-

1976 3539 2372 3612 tinopolitanm
2411 3537 2783 3593 senatoribus
2834 3535 3177 3608 singillatim
3229 3535 3620 3603 scribendam,

1973 3634 2150 3702 atque
2180 3627 2525 3684 mittendam
2557 3626 2678 3682 fore
2707 3624 3098 3698 praevidimus.

2649 3767 2959 3823 LXXXVII.

203 3895 342 3952 liter
371 3896 628 3954 assecuti
658 3871 820 3964 estis,
840 3871 1090 3953 velimus
1120 3871 1223 3953 vos
1253 3871 1468 3953 habere
1499 3871 1751 3969 perenne
1777 3915 1789 3954 :
1811 3902 1869 3953 et
1971 3881 2044 3918 AD
2104 3877 2453 3918 REMBERTPM
2509 3873 3006 3969 “(3313151150355
3056 3871 3621 3912 “AWABURGENSEM‘

203 3982 307 4055 qui
339 3982 646 4055 imperatis
672 3982 908 4052 saeculo,
926 3984 1132 4056 positis
1153 4001 1398 4057 regnare
1427 4003 1562 4041 cum
1613 3985 1863 4042 Christo.

200 4072 353 4127 Nam
389 4088 510 4142 qua
540 4073 1212 4145 ﬁducia,rogamus,illic
1229 4074 1329 4130 Dei
1363 4074 1602 4146 praemia
1625 4074 1865 4146 petituri

191 4160 555 4231 estis,cuj..us
584 4161 678 4218 hic
701 4161 968 4219 Ecclesiae
991 4162 1342 4220 detrimenta
1368 4179 1484 4220 non
1507 4163 1868 4235 prohibetis?

196 4249 330 4306 Non
363 4248 488 4305 sint
529 4250 748 4320 gravia,
784 4267 1126 4323 quaesumus
1157 4269 1279 4319 vos,
1330 4269 1456 4324 quae
1513 4269 1616 4325 pro
1663 4257 1864 4308 VCStI‘tB

195 4338 419 4394 salutis
451 4339 772 4396 aeternitate
795 4339 1091 4399 dicuntur.
1127 4340 1422 4412 Scriptum
1473 4339 1666 4414 legitis
1701 4358 1714 4396 :
1749 4345 1867 4398 Me-

2616 3946 2800 4017 (Anno
2840 3945 2989 4015 865.)

2473 4035 2648 4090 Pallii
2675 4050 2838 4088 usum
2865 4031 3124 4087 concedit.

1976 4153 2164 4227 [Apud
2196 4151 2615 4227 Lappemberg,
2645 4147 3096 4227 {lc-nityrgisclies
3140 4144 3620 4227 Urlgumienburch,

2350 4213 2670 4293 I-Iambuvrgi
2705 4221 2860 4286 1842,
2984 4219 3054 4273 29
3083 4213 3248 4288 seqq.]

2045 4343 2335 4398 NICOLAUS
2366 4338 2695 4410 episcopus,
2728 4351 2931 4392 servus
2972 4349 3271 4389 servorum
3301 4331 3424 4397 Dei,
3459 4347 3623 4387 reve-

195 4428 348 4483 liora
377 4435 513 4487 sunt
536 4428 765 4484 vulnera
794 4431 982 4496 amici,
998 4447 1162 4502 quam
1180 4430 1535 4501 fraudulenta
1554 4432 1740 4487 oscula
1760 4433 1868 4487 ἐπὶ·
1897 4453 1944 4517 D
1976 4431 2311 4489 rentissimo
2330 4433 2384 4484 et
2406 4424 2777 4484 sanctissimo
2796 4414 3071 4480 confratri
3085 4425 3282 4477 nostro
3297 4421 3621 4488 RIMRERTO,

196 4517 338 4572 mici
368 4517 556 4583 (Prov.
593 4518 787 4588 xxvu).
821 4518 976 4575 Deus
1008 4519 1379 4590 omnipotens
1411 4519 1755 4591 corimperii
1777 4537 1866 4576 ve-

195 4604 308 4660 stri
342 4604 419 4662 ad
451 4603 832 4678 intelligenda
853 4624 980 4679 quae
1003 4606 1601 4675 dicimus,clementer
1620 4609 1860 4681 aperiat,

197 4698 256 4750 et
290 4692 465 4750 nobis
496 4694 732 4752 obedire
763 4695 820 4750 in
854 4695 944 4752 his
970 4697 1040 4753 de
1068 4697 1285 4769 quibus
1316 4696 1652 4766 scribimus,
1686 4697 1865 4770 impe-

199 4786 360 4838 trare
393 4786 540 4838 nutu
573 4783 798 4840 intimae.
828 4784 1231 4857 inspirationis
1263 4803 1381 4842 suae
1412 4785 1865 4858 dignetur,Chri-

201 4871 572 4937 stianissime
603 4877 660 4930 et
691 4873 1071 4932 dilectissime
1097 4875 1201 4931 fili.

275 4960 559 5032 Quisquis
590 4967 789 5020 autem
811 4963 963 5021 hanc
984 4963 1292 5036 epistolam
1315 4968 1575 5020 nostram
1591 4963 1865 5020 Constan-

202 5048 455 5122 tinopoli
478 5049 684 5124 legerit
715 5056 772 5110 et.
803 5053 1226 5126 augustissimo
1256 5051 1376 5108 tilio
1393 5057 1590 5109 nostro
1613 5053 1866 5125 impera-

205 5138 318 5195 tori
351 5137 627 5196 Michaeli
659 5141 983 5215 quidquam
1015 5159 1084 5200 ex
1112 5142 1226 5210 his,
1251 5159 1378 5213 qua
1425 5142 1483 5198 in
1535 5159 1602 5198 ea
1648 5144 1868 5216 scripta

203 5232 349 5293 sunt
379 5228 842 5297 occultaveritﬁi
874 5230 1068 5288 locum
1099 5231 1255 5304 apud
1286 5229 1456 5287 illum
1486 5234 1679 5306 potest
1707 5233 1866 5288 inve-

201 5316 333 5376 nire
357 5317 784 5391 sufﬁcientem,
799 5320 1113 5378 anathema
1143 5320 1218 5376 sit
1240 5320 1418 5392 (epist.
1452 5320 1563 5390 40).
1592 5320 1868 5393 Quisquis

205 5405 382 5462 etiam
416 5406 839 5482 interpretatus
870 5427 998 5467 eam
1029 5409 1205 5467 fuerit
1233 5413 1289 5467 et
1318 5425 1387 5465 ex
1426 5425 1492 5466 ea
1544 5410 1866 5484 quidquam

206 5496 544 5570 mutaverit,
579 5497 665 5558 vel
693 5499 1068 5570 subtraxerit,
1103 5503 1206 5558 aut
1233 5499 1868 5575 superaddiderit,prae-

1976 4519 2414 4592 archiepiscopo
2443 4512 2994 4586 Hammaburgensi.

2043 4610 2103 4666 Si
2134 4613 2396 4681 pastores
2429 4605 2622 4661 ovium
2657 4602 2839 4658 solem
2871 4601 3120 4674 geluque
3151 4616 3254 4672 pro
3287 4598 3481 4672 gregis
3530 4597 3622 4654 sui

1972 4697 2238 4755 custodia
2269 4695 2359 4750 die
2387 4710 2451 4750 ac
2479 4697 2645 4748 nocte
2677 4691 2825 4746 ferre
2857 4689 3111 4745 contenti
3144 4691 3302 4753 sunt,
3335 4691 3393 4744 et
3442 4690 3506 4742 ut
3550 4703 3622 4742 ne

1972 4804 2090 4859 qua
2118 4803 2186 4841 ex
2215 4785 2298 4840 eis
2326 4787 2428 4838 aut
2463 4779 2709 4836 errando
2761 4782 2974 4850 pereat,
3009 4781 3109 4832 aut
3157 4775 3359 4832 ferinis
3406 4774 3625 4831 laniata

1973 4875 2270 4932 morsibus
2301 4871 2584 4942 rapiatur,
2615 4867 2801 4923 oculis
2824 4884 3056 4939 semper
3101 4864 3480 4938 vigilantibus
3513 4863 3625 4920 cir-

1975 4964 2379 5036 cumspectant
2413 4977 2426 5014 :
2461 4961 2680 5030 quanto
2711 4957 2944 5024 sudore,
2980 4961 3320 5027 quantaque
3355 4971 3495 5009 cura
3525 4955 3622 5010 de-

1975 5056 2183 5110 bemus
2214 5067 2342 5107 esse
2372 5046 2841 5122 pervigiles,nos,
2866 5046 2968 5117 qui
2999 5050 3263 5118 pastores
3293 5043 3623 5100 animarum

1976 5137 2628 5208 dicimur,attendamus
2647 5139 2702 5190 et
2725 5139 3062 5206 susceptum
3077 5134 3336 5189 ofﬁcium
3355 5130 3623 5188 exhibere

1975 5249 2114 5305 erga
2132 5227 2460 5286 custodiam
2487 5223 2922 5280 Dominicarum
2943 5223 3137 5279 ovium
3161 5239 3276 5278 non
3300 5233 3618 5283 cessemus,

1976 5339 2047 5378 ne
2076 5321 2137 5376 in
2170 5318 2261 5374 die
2293 5314 2471 5372 divini
2503 5313 2788 5370 examinis
2820 5331 2924 5386 pro
2975 5316 3174 5368 nostra
3221 5306 3443 5364 desidia
3487 5306 3622 5359 ante

1975 5425 2276 5468 summum
2309 5408 2604 5480 pastorem
2653 5403 3023 5478 negligentiae
3065 5404 3260 5456 reatus
3306 5393 3617 5450 excruciet.

1975 5501 2139 5561 Unde
2162 5497 2334 5556 modo
2358 5493 2596 5554 honoris
2615 5493 2932 5554 reverentia
2954 5485 3311 5550 sublimioris
3347 5483 3501 5542 inter
3521 5498 3623 5543 οω-
