4036 6132
1462 144 1497 169 ιο

438 206 557 266 963

1808 191 2121 258 NICOLAI
2164 192 2394 255 ΡΑΡΑΞ
2436 189 2485 254 Ι.

3727 183 3849 243 964

435 343 593 392 toros
615 334 977 407 judieamur.
1001 331 1248 389 Pallium
1282 336 1479 388 autem
1513 328 1863 387 fraternitati
1882 331 1995 383 tuae
2018 328 2091 384 ad
2121 328 2177 395 Α
2207 331 2586 398 tuam,quam
2612 323 2771 380 intus
2792 321 3054 396 epistolis
3086 320 3336 377 breviter
3353 316 3677 390 ascripsisti
3717 316 3853 372 licet

439 427 761 482 missarum
793 422 1078 480 solemnia
1108 420 1455 478 celebranda
1503 419 1905 487 concedimus,
1937 419 2093 491 quod

438 512 543 569 tibi
576 529 692 569 non
726 512 913 581 aliter,
933 509 1203 566 Ecclesiae
1227 515 1338 565 tuae
1360 508 1679 581 privilegiis
1706 508 1766 562 in
1800 523 1907 561 suo
1937 511 2096 563 statu

444 601 840 668 manentibus,
875 599 962 654 uti
993 598 1298 671 largimur,
1326 598 1438 653 nisi
1473 596 1843 653 solummodo
1894 596 1953 649 in
2002 595 2096 650 die

442 694 654 748 sanctae
688 706 752 745 ac
782 689 1123 744 venerandae
1149 686 1593 743 resurrectionis
1625 684 1857 741 Domini
1909 684 2095 739 nostri

438 780 576 836 Jesu
606 777 841 844 Christi,
875 794 976 832 seu
1009 776 1067 831 in
1096 774 1377 832 natalitiis
1411 779 1753 831 sanctorum
1803 771 2094 843 apostolo-

440 885 595 934 rum,
629 870 802 938 atque
832 865 985 921 beati
1017 864 1288 937 Baptistae
1329 863 1593 928 Joannis,
1625 878 1849 918 necnon
1897 861 1959 915 in
2007 877 2095 916 as-

441 956 776 1028 sumptione
808 956 987 1010 beatae
1011 954 1111 1009 Dei
1133 952 1434 1026 genitricis
1475 950 2004 1022 Mariae,simulque
2034 950 2094 1004 in

439 1043 753 1101 Dominicaa
785 1042 1011 1099 Domini
1034 1042 1134 1097 Dei
1164 1041 1349 1097 nostri
1373 1039 1693 1096 nativitatis
1721 1040 1832 1108 die,
1858 1039 2097 1110 pariter-

438 1150 553 1205 que
577 1134 637 1188 in
668 1131 1059 1188 solemnitatis
1094 1129 1355 1187 Ecclesia:
1387 1135 1500 1186 tua:
1532 1129 1645 1197 die,
1676 1145 1876 1184 verum
1918 1126 2094 1183 etiam

437 1225 493 1277 et
519 1222 579 1276 in
610 1219 1000 1277 ordinationis
1029 1224 1143 1275 tua:
1169 1218 1431 1278 natalitio
1464 1218 1843 1273 concedimus
1875 1216 1990 1286 die,
2025 1217 2096 1272 si-

438 1310 559 1366 cuti
586 1328 620 1366 a
646 1309 987 1365 beatissimo
1018 1308 1443 1381 praedecessore
1474 1312 1674 1363 nostro
1696 1305 1934 1362 domino
1956 1308 2093 1360 Gre-

436 1399 727 1470 gorio,huj
738 1416 807 1454 us
828 1397 996 1453 almae
1019 1397 1175 1453 sedis
1197 1395 1754 1468 praesuli,sancitum
1786 1400 1891 1451 est.
1915 1400 1980 1450 In
1999 1411 2094 1450 se-

437 1487 682 1544 cretario
705 1505 834 1543 vero
862 1486 1100 1541 induere
1123 1491 1224 1540 tua
1247 1485 1579 1542 fraternitas
1601 1483 1844 1557 pallium
1863 1485 2091 1553 debeat,

437 1584 493 1634 et
524 1577 607 1632 ita
633 1577 705 1632 ad
734 1575 1050 1632 missarum
1083 1574 1367 1631 solemnia
1389 1574 1702 1646 proficisci,
1728 1579 1783 1630 et
1803 1572 1947 1628 nihil
1982 1572 2093 1628 sibi

439 1664 696 1737 amplius
714 1681 863 1720 ausu
884 1663 1204 1719 temerariae
1226 1663 1701 1735 praesumptionis
1722 1679 2093 1735 arrogare,ne

437 1754 581 1809 dum
612 1753 672 1807 in
703 1752 970 1808 exteriori
1002 1752 1205 1808 habitu
1239 1752 1566 1808 inordinate
1588 1751 1808 1824 aliquid
1848 1750 2091 1823 arripia-

437 1846 552 1909 tur,
575 1841 839 1898 ordinate
860 1841 1192 1914 etiam,quae
1214 1840 1386 1897 licere
1409 1846 1697 1914 poterant,
1724 1841 2090 1896 amittantur.

438 1929 619 2002 Cujus
649 1929 927 2003 quoniam
951 1929 1278 1986 indumenti
1312 1931 1499 1986 honor
1542 1931 1809 1986 modesta
1855 1933 2091 1985 actuum

443 2019 746 2075 vivacitate
780 2019 1102 2074 servandus
1132 2024 1239 2087 est,
1263 2019 1571 2074 hortamur
1592 2024 1653 2073 ut
1676 2023 1734 2073 et
1764 2023 1975 2073 cuncta
2005 2035 2095 2073 or-

442 2113 720 2165 namenta
748 2108 1114 2175 conveniant,
1150 2113 1441 2181 quatenus
1492 2116 1726 2165 auctore
1774 2109 1890 2164 Deo
1942 2112 2093 2163 recte

435 2198 746 2269 utrobique
779 2198 971 2269 possis
1002 2213 1131 2253 esse
1154 2198 1525 2269 conspicuus.
1545 2201 1747 2268 Itaque
1776 2197 1894 2251 vita
1915 2201 2016 2251 tua
2033 2197 2096 2251 fi-

434 2285 532 2342 liis
553 2286 670 2342 tuis
703 2286 781 2341 sit
808 2285 1037 2358 regula;
1064 2286 1123 2340 in
1148 2286 1296 2358 ipsa,
1314 2287 1363 2341 si
1396 2302 1512 2357 qua
1544 2286 1823 2341 fortitudo
1860 2286 1978 2340 illis
2008 2285 2094 2340 in-

429 2376 588 2447 jecta
606 2374 1030 2447 est,dirigatur,
1052 2374 1110 2429 in
1142 2391 1230 2444 ea,
1246 2375 1399 2446 quod
1423 2375 1747 2440 imitentur,
1771 2375 2088 2447 aspiciant;

434 2464 495 2519 in
526 2462 657 2535 ipsa
686 2479 749 2519 se
780 2478 1012 2534 semper
1038 2463 1462 2518 considerando
1488 2463 2088 2535 proﬁciant,uttuum,

436 2556 571 2625 post
601 2550 939 2619 Dominum,
971 2550 1237 2605 videatur
1284 2568 1434 2618 esse,
1464 2552 1610 2607 bene
1661 2552 1816 2623 quod
1852 2554 1938 2624 [[2,
1965 2568 2092 2607 esse

436 2640 661 2696 bonum
696 2640 831 2713 quo]
854 2640 1244 2696 vixerint.Cor
1274 2656 1410 2713 ergo
1434 2657 1622 2712 neque
1662 2657 1943 2713 prospera
1965 2657 2090 2712 quae

434 2728 839 2801 temporaliter
868 2728 1269 2797 blandiuntur,
1294 2728 1596 2796 extollant,
1630 2745 1818 2801 neque
1850 2730 2094 2785 adversa

427 2817 730 2887 deficiant,
746 2817 846 2873 sed
876 2817 1161 2890 quidquid
1187 2817 1329 2873 illud
1351 2818 1545 2886 fuerit,
1564 2818 1776 2873 virtute
1800 2817 2090 2890 patientize

435 2907 794 2962 devincatur.
817 2905 1056 2962 Nullum
1082 2908 1234 2978 apud
1268 2911 1322 2962 te
1353 2906 1547 2963 locum
1579 2908 1732 2975 odia,
1756 2906 1983 2962 nullum
2008 2907 2091 2963 fa-

436 3013 537 3051 vor
568 2995 923 3051 indiscretus
954 2995 1279 3064 inveniant;
1314 2996 1647 3052 districtum
1680 2995 1820 3051 mali
1871 3012 2091 3069 cogno-

438 3088 632 3153 scant;
659 3084 952 3140 insontem
983 3085 1137 3156 apud
1171 3089 1227 3140 te
1244 3084 1596 3156 culpabilem
1621 3085 1918 3157 suggestio
1937 3084 2091 3140 mala

438 3191 552 3229 non
584 3174 777 3241 faciat,
793 3178 1097 3230 nocentem
1129 3174 1316 3247 gratia
1346 3192 1461 3230 non
1488 3180 1750 3242 excuset;
1772 3174 2089 3230 remissum

438 3266 494 3318 te
521 3261 997 3335 delinquentibus
1028 3280 1142 3319 non
1177 3264 1471 3331 ostendas,
1492 3280 1564 3319 ne
1595 3264 1750 3335 quod
1784 3262 1944 3319 ultus
1976 3281 2092 3319 non

439 3350 972 3423 fueris,perpetrari
1003 3351 1326 3424 permittas.
1359 3352 1444 3407 Sit
1472 3352 1533 3407 in
1565 3357 1620 3408 te
1642 3357 1699 3408 et
1730 3352 1868 3408 boni
1900 3356 2094 3424 pasto-

438 3441 519 3495 ris
552 3439 818 3508 dulcedo,
852 3440 930 3495 sit
964 3441 1264 3513 etjudicis
1312 3459 1511 3497 severa
1560 3441 1868 3508 districtio,
1904 3458 2091 3497 unum

439 3528 661 3584 scilicet
692 3529 846 3601 quod
878 3529 1219 3585 innocenter
1247 3530 1505 3586 viventes
1538 3531 1909 3597 foveat,aliud
1935 3532 2091 3602 quod

439 3617 734 3688 inquietos
768 3617 1056 3672 feriendos
1086 3636 1121 3672 a
1151 3619 1433 3689 pravitate
1451 3625 1801 3690 compescat.
1819 3620 1929 3674 Sed
1955 3636 2094 3690 quo-

438 3705 597 3759 niam
632 3722 1057 3776 nonnunquam
1100 3707 1545 3779 praepositorum
1596 3707 1777 3775 zelus,
1811 3708 1952 3762 dum
2003 3708 2090 3763 di-

439 3793 678 3848 strictus
710 3792 997 3848 malorum
1047 3794 1170 3849 vult
1217 3795 1425 3850 vindex
1454 3794 1718 3862 existere,
1752 3797 1985 3852 transiit
2030 3798 2090 3853 in

437 3881 840 3937 crudelitatem
862 3882 1167 3954 correptio,
1186 3883 1330 3938 iram
1354 3884 1580 3955 judicio
1612 3886 1840 3941 refrena
1869 3890 1926 3941 et
1956 3903 2090 3942 cen-

438 3986 577 4025 sura
606 3969 928 4042 disciplinae
962 3970 1046 4026 sic
1078 3976 1261 4037 utere,
1301 3978 1365 4027 ut
1394 3977 1451 4039 et
1492 3972 1695 4045 culpas
1744 3974 1938 4041 ferias,
1971 3979 2028 4030 et
2059 3992 2095 4034 a

437 4057 745 4115 dilectione
776 4076 1182 4132 personarum,
1217 4078 1366 4133 quas
1392 4062 1658 4135 corrigis,
1690 4079 1807 4118 non
1830 4064 2087 4120 recedas.

437 4147 871 4217 Misericordem
902 4152 980 4217 te,
1014 4154 1188 4221 prout
1228 4150 1412 4206 virtus
1455 4150 1695 4223 patitur,
1734 4152 2091 4225 pauperibus

437 4237 662 4304 exhibe,
678 4238 975 4309 oppressis
997 4239 1257 4294 defensio
1281 4243 1385 4295 tua
1403 4240 1728 4309 subveniat,
1755 4241 2090 4312 opprimen-

434 4327 596 4382 tibus
630 4326 895 4382 modesta
924 4327 1200 4383 correctio
1231 4329 1610 4396 contradicat,
1638 4328 1861 4385 nullius
1883 4330 2089 4386 faciem

2200 414 2379 470 latius
2411 412 2722 485 explanare
2754 412 3062 477 debueras,
3095 410 3464 480 Redemptori
3505 413 3704 462 tamen
3754 422 3853 459 no-

2203 508 2323 560 stro
2354 503 2606 575 gratiam
2623 499 3041 573 agimus,quod
3060 515 3189 554 eam
3211 497 3269 553 in
3288 496 3416 569 ipsa
3427 497 3555 567 jam
3576 494 3854 550 brevitate

2202 597 2421 649 rectam
2453 607 2580 646 esse
2610 587 3009 661 cognovimus.
3044 588 3260 643 Sancta
3289 584 3547 641 Trinitas
3587 581 3853 638 fraterni-

2201 685 2387 737 tatem
2415 684 2668 737 vestram
2699 677 2898 751 gratiaa
2929 694 3048 732 suae
3098 676 3456 749 protectione
3503 672 3851 736 circumdet,

2202 764 2378 841 atque
2409 769 2495 825 ita
2520 768 2583 824 in
2607 767 2836 824 timoris
2868 765 2959 822 sui
2989 766 3083 821 via
3113 781 3219 821 nos
3250 762 3555 836 dirigat,ut
3582 759 3853 834 postvite

2202 857 2381 929 hujus
2412 856 2837 913 amaritudines
2885 855 2959 910 ad
3007 859 3284 910 aeternam
3334 850 3512 908 simul
3557 847 3852 922 pervenire

2203 945 2572 1001 dulcedinem
2604 961 2956 1001 mereamur.

2277 1034 2574 1107 Scriptum
2605 1050 2708 1106 per
2730 1050 2973 1089 manum
2994 1031 3303 1099 Zacharias,
3329 1029 3621 1085 scriniarii
3645 1032 3849 1084 sancta:

2204 1125 2478 1180 Romanae
2521 1122 2811 1190 Ecclesiae,
2846 1123 2905 1178 in
2964 1139 3171 1179 mense
3223 1119 3560 1184 Decembre,
3594 1117 3849 1173 indictio-

2204 1231 2275 1269 ne
2303 1230 2417 1269 XIV.

2862 1344 3149 1401 LXXXVII
3160 1345 3199 1399 l.

2156 1464 2170 1481 '
2201 1462 2273 1501 AD
2326 1462 2675 1501 BERNARDL‘M
2723 1461 3043 1500 ILLUSTREM
3086 1459 3273 1499 VIRUM
3319 1458 3518 1497 FlLIUM
3563 1457 3842 1499 BERNARDI

2513 1534 2665 1580 QUON
2674 1534 2793 1571 ΒΑΜ
2825 1533 2988 1572 BARCI
2998 1531 3270 1571 VONENSIS
3296 1530 3544 1569 COMITIS.

2491 1632 2928 1706 Fragmentum.
2989 1663 3056 1672 -—
3120 1632 3329 1702 (Anno
3391 1631 3560 1699 865.)

2418 1750 2584 1805 Illum
2612 1751 2677 1805 ob
2708 1748 3140 1822 deprwdatz'ones
3168 1748 3371 1804 multa:
3401 1748 3648 1818 corripit.

2719 1874 2905 1945 [Apud
2941 1872 3150 1942 Mansi,
3182 1872 3345 1943 ibid]

2273 2017 2434 2072 Curae
2464 2033 2641 2089 quam
2676 2033 2778 2088 pro
2810 2016 3038 2072 cunctis
3074 2016 3172 2072 Dei
3214 2014 3489 2071 Ecclesiis
3521 2014 3837 2070 circumdu-

2204 2106 2395 2162 cimus
2429 2106 2686 2161 officium
2721 2123 2828 2160 nos
2856 2105 3009 2178 cogit
3031 2122 3133 2177 pro
3160 2105 3565 2161 universorum
3585 2102 3839 2158 Christia-

2209 2212 2421 2250 norum
2455 2193 2646 2249 salute
2689 2196 2809 2249 fore
2841 2193 3142 2250 sollicitos.
3177 2194 3571 2257 Quamobrem
3602 2198 3661 2247 et
3701 2192 3769 2246 de
3793 2197 3837 2245 te

2204 2300 2439 2357 quoque
2469 2283 2896 2356 providentiam
2928 2288 3189 2356 agentes,
3217 2282 3516 2349 audimus,
3553 2282 3705 2354 quod
3738 2297 3834 2334 non

2202 2373 2572 2445 optabamus,
2610 2373 2692 2427 ita
2720 2376 2776 2427 te
2807 2376 3007 2428 contra
3035 2372 3217 2427 Deum
3249 2371 3439 2426 efferri
3476 2375 3540 2425 ut
3576 2370 3833 2425 Christia-

2201 2478 2343 2521 num
2364 2461 2647 2534 pupulum
2672 2460 3015 2533 depraedans
3039 2461 3096 2514 in
3121 2476 3298 2532 regno
3320 2458 3424 2513 ﬁlii
3450 2459 3634 2514 nostri
3651 2458 3835 2531 glorio-

2202 2551 2251 2606 si
2283 2549 2434 2623 regis
2461 2549 2648 2605 Caroli
2679 2565 2994 2605 numerosa
3024 2547 3180 2604 mala
3209 2564 3498 2614 exerceas,
3534 2547 3739 2602 adeo...

2890 2718 3171 2774 LXXXIX.

2325 2835 2397 2873 AD
2437 2801 2779 2873 HiNCMARUM
2818 2832 3318 2872 ARCHIEPISCOPUM
3360 2831 3724 2871 RHEMBNSEM.

2841 2932 3025 3004 (Anno
3056 2932 3208 3000 866.)

2121 3072 2163 3137 α
2201 3048 2478 3120 Synodum
2504 3066 2808 3137 pronrausq
2862 3048 3083 3137 Wlfurdz',
3114 3057 3164 3103 et
3208 3049 3479 3137 sectorum
3530 3048 3667 3120 ejus,
3707 3044 3828 3118 apud

2608 3122 2949 3176 Sucssioncm
2980 3121 3268 3175 convocari
3285 3120 3461 3191 jubet.

2270 3267 2558 3318 NICOLAUS
2588 3262 2920 3335 episcopus,
2954 3279 3157 3317 servus
3194 3278 3494 3317 servorum
3549 3260 3664 3329 Dei,
3696 3276 3825 3315 reve-

2201 3351 2535 3407 rentissimo
2555 3356 2613 3407 et
2633 3351 3008 3408 sanctissimo
3030 3351 3309 3407 confratri
3330 3357 3531 3406 nostro
3557 3352 3825 3406 "manus

2202 3440 2637 3513 archiepiscopo
2670 3440 3005 3496 Rhemensi.

2275 3529 2592 3585 Multorum
2639 3547 2674 3585 a
2725 3529 2989 3601 partibus
3041 3528 3359 3585 Galliarum
3410 3529 3484 3584 ad
3535 3527 3730 3584 limina
3754 3524 3824 3579 vel

2202 3619 2398 3673 sedem
2432 3618 2856 3674 conﬂuentium
2889 3619 3269 3690 apostolicam
3317 3617 3601 3673 relatione
3647 3612 3823 3669 didici-

2202 3725 2355 3774 mus,
2385 3708 2757 3763 sanctitatem
2806 3713 2969 3763 tuam
3017 3708 3303 3779 quosdam
3355 3706 3619 3771 clericos,
3652 3703 3738 3776 qui
3765 3702 3822 3755 de

2200 3797 2637 3852 consecratione
2656 3798 2886 3853 fuerant
2908 3797 3164 3852 Ebbonis
3187 3796 3483 3868 quondam
3510 3789 3821 3850 Rhemensis

2201 3885 2456 3954 antistis,
2489 3885 2742 3959 propriis
2772 3886 3052 3959 gradibus
3083 3885 3672 3958 pepulisse.0uorum
3693 3881 3820 3950 deje-

2201 3975 2451 4031 ctionem
2483 3975 2808 4044 audientes,
2833 3974 2971 4047 quia
2990 3973 3220 4031 etiamsi
3240 3972 3402 4028 nullo
3423 3971 3659 4044 speciali
3680 3966 3821 4043 privi-

2200 4063 2351 4137 legio
2383 4064 2455 4119 ad
2486 4063 2638 4121 hanc
2669 4065 2989 4120 curandam
3013 4061 3414 4135 principaliter
3452 4061 3818 4118 incitaremur.

2199 4152 2496 4226 oppressis
2518 4158 2716 4209 tamen
2738 4151 3132 4218 subvenire,et
3153 4148 3581 4222 ad-exemplnm
3605 4143 3821 4204 Domini-

2198 4258 2333 4298 cum
2354 4241 2530 4299 elisos
2559 4243 2780 4315 erigere
2809 4246 2865 4297 et
2896 4240 3256 4312 compeditos
3287 4238 3511 4294 solvere
3541 4253 3646 4293 nos
3677 4249 3818 4306 opor-

2198 4332 2461 4403 tet(Psat.
2486 4347 2555 4385 cx
2569 4332 2677 4401 LV),
2701 4347 2886 4403 operm
2919 4328 3167 4402 pretium
3201 4327 3480 4383 duximus
3510 4327 3571 4382 in
3602 4321 3818 4382 archivis

436 4419 641 4471 contra
662 4415 959 4486 justitiam
990 4417 1266 4488 aspicias,
1301 4416 1531 4473 nullum
1555 4423 1896 4489 querentem
1922 4420 2090 4490 justa
2119 4440 2166 4505 Ι)
2198 4424 2411 4475 sanctae
2446 4419 2744 4485 Romanis,
2774 4419 2868 4475 cui
2898 4420 3016 4474 Deo
3063 4421 3301 4473 auctore
3347 4415 3721 4479 deservimus,
3741 4411 3820 4466 Εα·

436 4503 745 4575 despicias.
778 4503 1054 4560 Custodia
1083 4503 1143 4559 in
1174 4509 1229 4561 te
1260 4506 1554 4577 aequitatis
1579 4505 1841 4576 excellat,
1874 4511 1940 4562 ut
1988 4524 2092 4563 nec

435 4592 675 4647 divitem
707 4591 964 4664 potentia
990 4610 1097 4648 sua
1128 4592 1352 4665 aliquid
1378 4595 1533 4665 apud
1583 4612 1686 4651 vos
1734 4599 1894 4651 extra
1937 4595 2090 4650 viam

435 4680 679 4735 suadeat
723 4680 965 4737 rationis
1009 4683 1243 4748 audere,
1273 4700 1378 4738 nec
1431 4699 1748 4756 pauperem
1796 4685 1867 4739 de
1895 4701 1955 4739 re
1985 4701 2093 4740 sua

436 4767 609 4823 faciat
636 4766 938 4826 humilitas
962 4771 1291 4844 desperare.
1312 4773 1610 4837 Quatenus
1634 4778 1747 4827 Deo
1774 4772 2091 4829 miserante

436 4854 570 4911 talis
592 4857 783 4928 possis
804 4858 1310 4932 existere,qualem
1329 4878 1496 4918 sacra
1530 4860 1698 4918 lectio
1730 4862 1993 4934 praecipit
2008 4862 2091 4917 di-

436 4960 574 5000 cens
609 4961 622 4999 :
659 4945 878 5017 Oportet
905 4950 1212 5021 episcopum
1242 4951 1779 5021 irreprehensibilem
1816 4967 1948 5006 esse.
1975 4951 2086 5006 Sed

436 5032 532 5089 his
575 5034 852 5091 omnibus
901 5037 986 5093 uti
1039 5037 1351 5094 salubriter
1391 5040 1630 5111 poteris,
1663 5038 1713 5094 si
1744 5039 2089 5111 magistram

436 5122 785 5180 charitatem
844 5124 1142 5194 habueris,
1177 5144 1355 5199 quam
1401 5127 1501 5199 qui
1554 5131 1791 5184 secutus
1839 5128 2016 5183 fuerit
2060 5145 2095 5182 a

436 5216 592 5269 recto
640 5212 958 5285 aliquando
1005 5214 1239 5270 tramite
1287 5232 1404 5271 non
1444 5217 1682 5273 recedit.
1715 5217 1880 5285 Ecce,
1915 5217 2095 5272 frater

435 5300 965 5369 charissime,inter
985 5302 1171 5358 multa
1191 5302 1307 5358 alia
1326 5304 1444 5360 ista
1464 5309 1604 5361 sunt
1627 5305 1959 5371 sacerdotii,
1981 5305 2095 5361 ista

438 5393 578 5446 sunt
607 5388 790 5462 pallii,
826 5406 952 5463 quae
984 5390 1033 5447 si
1066 5391 1328 5448 studiose
1376 5392 1713 5462 servaveris,
1747 5393 1903 5466 quod
1953 5393 2095 5451 foris

439 5477 735 5555 accepisse
764 5479 1114 5552 ostenderis,
1146 5479 1306 5540 intus
1347 5480 1611 5541 habebis.
1649 5480 1849 5540 Fidem
1900 5485 2096 5542 autem

2200 4507 2389 4563 clesize
2423 4508 2746 4565 studiosius
2768 4511 3107 4580 quaerere,et
3135 4506 3186 4562 si
3216 4505 3437 4578 scripto
3462 4504 3611 4559 forte
3632 4515 3819 4557 memo-

2200 4596 2288 4651 ria
2318 4595 2591 4668 quzelibet
2622 4597 2776 4669 apud
2810 4613 2938 4663 nos,
2957 4596 3077 4651 sive
3106 4596 3178 4651 de
3202 4594 3344 4661 illis,
3374 4593 3497 4649 sive
3525 4594 3595 4649 de
3624 4589 3821 4647 ordinas

2198 4688 2321 4741 tore
2342 4685 2606 4757 ipsorum
2629 4690 2783 4741 esset
2804 4684 3121 4752 recondita,
3147 4682 3462 4755 diligenter
3482 4680 3820 4751 investigare.

2199 4774 2355 4844 quod
2386 4779 2443 4829 et
2472 4774 2738 4830 fecimus.
2769 4774 3070 4847 Siquidem
3101 4790 3170 4829 ex
3198 4772 3294 4828 his
3330 4771 3683 4845 quibusdam
3725 4767 3819 4822 Deo

2199 4862 2495 4917 revelante
2526 4862 3191 4934 repertis,nihilominus
3223 4862 3400 4917 etiam
3442 4860 3669 4917 concilii
3689 4852 3817 4928 quod

2197 4949 2369 5005 nobis
2397 4951 2522 5022 ipse
2544 4951 2779 5018 misisti,
2795 4951 3061 5007 videlicet
3082 4951 3139 5005 in
3162 4966 3279 5023 quo
3302 4948 3635 5023 praesignati
3654 4939 3818 5001 clerici

2198 5038 2499 5112 degradati
2531 5044 2688 5108 sunt,
2708 5045 2838 5096 acta
2870 5039 3205 5111 relegimus.
3224 5039 3338 5096 Sed
3368 5038 3464 5094 his
3495 5025 3816 5094 omnibus,id

2199 5133 2289 5183 est
2320 5131 2439 5183 tam
2470 5127 2587 5184 illis
2619 5129 3041 5196 monumentis,
3059 5144 3185 5201 qua:
3208 5145 3389 5200 penes
3410 5144 3518 5183 nos
3544 5125 3816 5181 habentur,

2202 5232 2379 5289 quam
2415 5217 2508 5274 his
2541 5236 2668 5290 qua:
2699 5218 2980 5274 sanctitas
3010 5221 3115 5273 tua
3167 5216 3337 5274 nobis
3388 5212 3712 5275 destinavit,
3736 5206 3819 5263 rite

2202 5304 2978 5379 collectis,enucleanterque
3009 5304 3607 5371 recensitis,nondum
3624 5294 3816 5371 liquido

2203 5398 2363 5467 patet
2382 5396 2619 5452 eosdem
2651 5395 2893 5454 clericos
2916 5394 3262 5469 regulariter
3280 5395 3468 5469 gradu
3501 5390 3721 5467 preprio
3745 5400 3822 5441 ca-

2207 5482 2415 5545 ruisse.
2430 5484 2645 5543 Verum
2681 5503 2788 5549 nos
2809 5502 2915 5544 nec
2936 5485 3043 5544 hos
3067 5484 3304 5544 interim
3323 5483 3825 5558 justiﬁcamusmec
