3994 6150
177 314 296 374 969

1394 314 1517 372 ΕΡῖ
1527 315 1798 374 S’l‘OL/E
1840 315 1940 374 ET
1985 314 2338 376 DECltETA
2352 361 2364 373 .

3473 320 3590 380 9'70

175 444 395 502 sentire
426 443 611 503 solius
642 460 760 502 suae
786 444 1148 502 auctoritatis
1169 462 1318 502 ausu
1350 446 1672 513 veretur,ad
1695 464 1828 502 con-
1858 448 1911 515 Α
1945 463 2058 503 non
2092 447 2432 514 detrectent,
2466 447 2622 504 sicut
2649 464 2710 504 se
2741 447 2961 504 habent
2991 452 3370 506 monumenta
3399 450 3591 507 deces-

174 535 506 590 vocandnm
539 538 828 589 statutum
862 533 1151 591 sententia
1182 539 1381 590 nostra
1403 536 1529 606 jam
1563 536 1830 607 designa-

174 629 305 679 tum
337 623 674 689 concilium,
694 622 973 694 epistolas
1007 630 1233 680 nostras
1263 624 1374 679 sibi
1407 623 1628 680 delatas
1649 624 1830 689 vobis,

175 712 397 785 quibus
416 730 450 768 a
473 712 640 768 nobis
659 712 956 768 destinata
980 713 1378 778 sunt,mittere
1395 717 1640 785 satagat.
1662 714 1834 777 Quid-

173 801 320 874 quid
350 818 484 857 vero
514 800 572 856 in
605 800 849 858 concilio
883 801 1054 856 fuerit
1084 819 1118 857 a
1147 803 1312 857 vobis
1336 801 1731 858 examinatum
1756 807 1835 859 at-

173 908 290 964 que
323 897 644 963 repertum,
670 890 781 945 sub
812 895 1111 964 gestorum
1144 892 1292 947 serie
1323 891 1662 947 discretioni
1697 909 1830 947 nos-

168 987 294 1046 ὶτεε,
331 979 485 1035 sicut
532 979 862 1035 veneranda
912 980 1141 1036 decreta
1189 985 1478 1049 statuunt,
1511 981 1742 1048 mittite,
1777 985 1834 1037 et

165 1076 384 1125 nostrae
414 1068 744 1124 auctoritati
780 1085 908 1140 qum
959 1068 1216 1124 salubria
1267 1069 1622 1125 videbuntur
1661 1071 1830 1125 robo-

165 1158 360 1214 randa
410 1156 580 1230 plena
627 1156 902 1229 ﬁdelique
937 1157 1217 1213 relatione
1255 1156 1504 1229 dirigite.
1547 1157 1829 1228 Optamus

165 1247 594 1303 fraternitatem
626 1251 884 1302 vestram
933 1245 994 1301 in
1041 1245 1268 1302 Christo
1318 1263 1473 1301 nunc
1516 1251 1572 1302 et
1601 1264 1832 1318 semper

163 1337 320 1392 bene
347 1334 560 1391 valere.
587 1335 734 1391 Data
762 1352 821 1390 ιιι
852 1335 1046 1391 Nonas
1075 1335 1325 1408 Apriles,
1358 1335 1676 1392 indictione
1711 1353 1825 1392 x1v.

163 1425 227 1480 Et
256 1425 360 1480 hoc
394 1432 578 1480 tenore
625 1432 933 1480 constante:
977 1425 1167 1481 missae
1212 1432 1342 1480 sunt
1387 1425 1518 1480 aliis
1566 1426 1829 1496 episcopis

160 1513 512 1569 diversarum
538 1515 972 1585 provinciarum.

393 1742 468 1781 AD
509 1741 897 1782 FESTINIANUM
935 1741 1260 1780 EPISCOPUM
1300 1742 1611 1781 DOLENSEM.

819 1815 1006 1886 (Anno
1037 1816 1188 1883 866.)

162 1913 467 1983 Redarguit
495 1929 620 1967 eum
651 1912 789 1984 quod
818 1913 932 1968 sibi
964 1929 1087 1968 cum
1134 1912 1315 1968 debita
1362 1915 1669 1969 reverentia
1712 1930 1826 1968 non

231 1985 536 2054 scripserit,
591 1983 925 2055 mandatque
981 1993 1042 2039 ut
1101 1985 1460 2039 Turonensem
1528 1985 1823 2040 Ecclesiam

231 2056 720 2129 metropolitanum
751 2064 1027 2124 agnoscat,
1060 2057 1175 2110 nisi
1221 2057 1561 2111 contrarium
1608 2058 1826 2129 scriptis

236 2127 574 2183 authenticis
597 2127 803 2198 probet.

690 2215 881 2288 [Apud
915 2214 1121 2282 Mansi,
1157 2215 1314 2287 ibid.]

234 2313 580 2369 Dilectionis
627 2316 854 2381 vestrae,
887 2329 1232 2384 quanquam
1279 2313 1408 2367 sine
1439 2312 1824 2385 impressione

167 2400 466 2476 signaculi
497 2400 752 2456 nominis
775 2401 1045 2471 alicujus,
1065 2401 1355 2473 susceptis
1387 2401 1826 2474 apicibus,mul-

164 2496 222 2548 to
255 2490 433 2546 aliter
460 2507 638 2562 quam
661 2489 1022 2562 apostolatus
1055 2489 1235 2544 nostri
1271 2506 1689 2546 monueramus
1731 2490 1824 2546 lit-

163 2580 336 2650 teris,
359 2579 420 2633 in
452 2578 534 2634 eis
565 2596 667 2633 vos
699 2578 1027 2650 scripsisse,
1058 2579 1175 2632 imo
1205 2579 1394 2650 egisse
1425 2578 1822 2651 cognovimus.

161 2670 320 2725 Nam
373 2669 434 2723 in
466 2669 654 2723 fronte
701 2667 925 2740 paginae
972 2671 1174 2722 vestrae
1216 2671 1474 2722 vestrum
1507 2668 1825 2740 apostolico

161 2757 400 2814 nomini
431 2773 544 2812 non
566 2756 733 2811 veriti
754 2756 895 2811 estis
925 2756 1609 2828 prazponere,temeritate
1635 2758 1825 2830 potius

161 2862 348 2919 quam
381 2844 759 2918 simplicitate
801 2861 1042 2915 prorsus
1075 2848 1324 2899 utentes.
1358 2846 1468 2900 Sed
1519 2862 1653 2900 cum
1697 2847 1823 2917 jam

159 2952 268 3008 pro
306 2933 420 2990 hoc
450 2933 578 3006 ipso
612 2934 830 2989 factum
853 2937 1113 2989 vestrum
1139 2933 1826 3006 reprehenderimus,val-

157 3025 230 3080 de
267 3024 562 3079 miramur
591 3039 694 3076 cur
724 3038 838 3077 non
874 3020 1242 3093 resipiscitis,
1275 3024 1514 3078 modum
1565 3010 1824 3078 vestrum

156 3113 416 3169 minime
436 3111 996 3175 transcendentes,et
1013 3128 1127 3182 quo
1148 3128 1261 3165 non
1291 3111 1824 3184 congruit,gressus

1859 1814 1906 1881 B

1945 554 2144 592 serum
2177 541 2510 593 nostrorum
2544 536 2887 608 pontiﬁcum
2921 542 2977 593 et
3020 539 3283 610 priorum
3327 539 3591 611 exempla

1943 625 2242 680 evidenter
2269 626 2607 681 ostendunt.
2641 625 2788 690 Quia
2816 642 2940 692 vos,
2972 626 3071 698 qui
3108 631 3332 683 tantum
3365 633 3589 700 septem

1941 713 2246 785 episcopos
2278 713 2671 786 liabetis,quae
2697 730 2875 770 causa
2901 714 3304 770 ecclesiasticis
3336 716 3592 771 traditio-

1943 801 2035 858 nis
2056 819 2156 857 vos
2179 802 2334 858 sinat
2355 803 2570 858 habere
2591 802 2981 874 metropolim,
2996 802 3365 875 ignoramus;
3391 805 3589 875 praeci-

1944 908 2054 963 pue
2085 908 2219 947 cum
2254 892 2564 964 episcopus
2593 909 2706 948 non
2740 909 2772 946 a
2805 897 3047 964 septem,
3081 893 3180 946 sed
3217 910 3251 946 a
3280 892 3588 949 duodecim

1942 980 2132 1035 audiri
2164 979 2562 1051 praecipiatur;
2597 985 2652 1036 et
2691 997 2824 1035 cum
2875 980 3127 1051 alicujus
3177 981 3390 1053 negotii
3440 981 3591 1037 inter

1939 1085 2040 1124 vos
2090 1086 2268 1125 causa
2313 1069 2650 1125 ventilanda
2697 1069 3016 1135 emerserit,
3063 1087 3189 1141 quae
3231 1071 3589 1126 duodenario

1941 1175 2184 1215 numero
2215 1157 2624 1231 episcoporum
2654 1158 2861 1214 debeat
2905 1159 3116 1226 audiri,
3151 1175 3284 1214 cum
3331 1160 3402 1214 ob
3443 1159 3590 1215 divi-

1939 1248 2162 1304 sionem
2199 1248 2360 1321 regni
2390 1247 2563 1302 vieini
2597 1264 2708 1302 non
2743 1249 2969 1319 possint
3017 1247 3206 1304 vocari
3258 1248 3586 1316 antistites;

1938 1336 2094 1392 unde
2119 1338 2184 1392 ﬁt
2213 1341 2275 1392 ut
2306 1337 2523 1392 damna
2551 1335 2820 1392 Ecclesia
2843 1353 2945 1408 pro
2969 1335 3184 1392 talibus
3215 1340 3586 1409 generentur,

1937 1425 2440 1497 quemadmodum
2501 1426 2722 1480 factum
2775 1425 2836 1480 in
2894 1423 3011 1481 illis
3063 1426 3133 1480 de
3179 1425 3588 1498 episcoporum

1939 1513 2260 1586 dejectione
2288 1513 2724 1570 reminiscimur
2753 1513 3111 1586 regionibus.
3143 1513 3259 1570 Vos
3288 1517 3486 1570 tamen
3520 1531 3590 1570 ne

1935 1603 2223 1659 vocemini
2257 1603 2763 1675 metropolitanus,
2797 1619 3105 1675 quousque
3135 1604 3354 1675 scripta
3392 1604 3588 1660 deces-

1937 1709 2143 1749 sorum
2191 1696 2522 1748 vestrorum
2583 1691 3079 1763 praesulum,quae
3138 1691 3197 1745 in
3257 1691 3590 1763 acceptione

1939 1780 2100 1853 pallii
2131 1781 2307 1836 vestri
2328 1784 2713 1852 perceperunt
2730 1781 3186 1852 prmdecessores
3209 1779 3376 1835 nobis
3396 1781 3592 1836 mitta-

1935 1870 2010 1926 tis
2039 1887 2051 1924 :
2083 1870 2223 1943 quia
2253 1870 2301 1926 si
2336 1869 2495 1941 pallii
2518 1886 2738 1925 munus
2769 1869 2840 1924 ab
2872 1868 2980 1924 hac
3013 1873 3214 1924 sancta
3247 1869 3380 1924 sede
3401 1873 3594 1924 vestra

1937 1958 2260 2031 promeruit
2309 1957 2586 2025 Ecclesia,
2619 1957 2746 2013 sine
2799 1957 3116 2027 scriptione
3165 1957 3380 2028 aliqua,
3413 1974 3592 2028 quam

1935 2047 1994 2102 in
2027 2047 2277 2103 archivis
2308 2047 2515 2104 vestris
2546 2047 2854 2102 recondere
2879 2045 3188 2113 debuistis,
3206 2050 3378 2100 tantae
3409 2045 3594 2118 digni-

1937 2136 2074 2192 tatis
2130 2137 2349 2192 donum
2402 2152 2747 2191 concessum
2790 2133 3032 2188 minime
3081 2133 3246 2189 vobis
3279 2133 3408 2189 fuit.
3443 2134 3592 2190 Scri-

1935 2225 2140 2298 psistis
2172 2231 2447 2297 praeterea
2498 2223 2670 2279 nobis
2719 2228 2785 2278 ut
2843 2223 3020 2294 hujus
3072 2223 3346 2278 Romanis
3376 2228 3591 2278 sancta:

1935 2313 2204 2370 Ecclesiae
2235 2312 2445 2384 praesul
2479 2312 2666 2368 Severi
2680 2329 2789 2367 uus
2814 2310 3191 2367 Restoaldum
3225 2311 3591 2366 decessorem

1935 2407 2216 2470 vestrum,
2250 2403 2402 2458 sicut
2429 2401 2487 2457 in
2523 2403 2739 2458 nostris
2769 2401 2984 2471 legitur
3029 2399 3230 2472 gestis,
3262 2399 3324 2454 in
3367 2399 3592 2455 archie-

1936 2492 2241 2564 piscopum
2273 2496 2691 2558 consecrasset,
2716 2495 2774 2545 et
2804 2489 3095 2544 Adrianus
3127 2489 3362 2544 cuidam
3392 2489 3590 2545 Juthi-

1936 2581 2104 2636 naleo
2137 2580 2381 2652 pallium
2413 2579 2691 2636 dedisset.
2711 2580 2821 2633 Sed
2853 2596 2959 2633 nos
2992 2584 3379 2650 utrarumque
3408 2577 3590 2650 gestis

1937 2669 2212 2725 revolutis
2245 2668 2390 2724 nihil
2424 2669 2482 2723 in
2516 2669 2600 2724 eis
2649 2685 2829 2739 super
2877 2668 2971 2723 his
3020 2669 3253 2738 penitus
3297 2665 3587 2722 valuimus

1935 2757 2206 2830 reperire.
2237 2759 2457 2814 Tamen
2491 2762 2554 2812 ut
2585 2774 2797 2828 anceps
2828 2756 3071 2810 intentio
3102 2773 3132 2811 e
3182 2755 3373 2811 medio
3426 2756 3586 2810 aufe-

1935 2852 2118 2916 ratur,
2152 2846 2200 2902 si
2232 2847 2373 2900 adeo
2405 2845 2826 2900 contentiosius
2856 2860 3025 2916 agere
3055 2843 3252 2909 vultis,
3287 2848 3351 2898 ut
3397 2845 3584 2898 Turo-

1936 2952 2175 2992 nensem
2207 2935 2406 2990 sedem
2437 2941 2687 2989 vestram
2722 2933 3092 3005 metropolim
3126 2951 3239 2988 non
3273 2949 3402 2988 esse
3431 2933 3586 2987 dica-

1932 3025 2044 3093 tis;
2093 3024 2414 3090 sancimus,
2465 3027 2528 3077 ut
2584 3021 2858 3088 diximus,
2910 3022 3259 3077 mandantes
3307 3021 3470 3076 fratri
3528 3025 3585 3076 et

1937 3112 2276 3185 coepiscopo
2311 3117 2507 3168 nostro
2539 3111 2804 3179 Heraldo,
2838 3112 2937 3183 qui
2987 3110 3039 3166 ei
3096 3110 3386 3182 praesidet,
3415 3115 3480 3165 ut
3511 3110 3584 3165 ad

158 3204 490 3258 ducentes:
517 3218 619 3272 pro
651 3200 866 3272 quibus
900 3199 1024 3254 sine
1055 3216 1314 3273 congrua
1338 3201 1684 3269 invectione,
1710 3219 1823 3257 non
1857 3183 1898 3249 Ο
1939 3208 2206 3258 nostrum
2241 3202 2604 3274 pontiﬁcium
2655 3201 2910 3273 legatum
2963 3218 3138 3256 suum
3189 3199 3585 3267 transmittat;

150 3293 288 3363 jam
323 3289 777 3357 evaderitis,nisi
807 3306 911 3344 nos
947 3294 1142 3344 utrum
1166 3307 1199 3343 a
1223 3290 1482 3354 vobis,an
1510 3308 1623 3345 non
1647 3290 1823 3346 iidem

159 3381 366 3452 apices
402 3378 679 3434 destinati
709 3382 924 3437 essent.
951 3377 1052 3449 qui
1083 3376 1248 3450 signo
1281 3384 1469 3434 vestro
1501 3397 1694 3435 carere
1748 3379 1825 3434 vi-

160 3470 484 3532 debantur,
529 3465 771 3522 intentio
817 3467 1028 3522 dubios
1079 3467 1364 3533 redderet,
1397 3472 1453 3522 et
1509 3468 1827 3540 apostolica

161 3556 566 3614 mansuetudo
600 3555 975 3612 correctionis
1002 3555 1194 3611 adhuc
1245 3561 1480 3629 tempus
1530 3574 1690 3612 more
1732 3575 1824 3612 so-

157 3646 269 3702 lito
323 3643 669 3717 protelaret;
712 3643 867 3716 quod
922 3647 1117 3699 tamen
1177 3643 1491 3710 evidenter,
1539 3648 1825 3716 quantum

159 3732 518 3792 correctioni
549 3731 952 3789 ecclesiasticae
987 3749 1089 3804 pro
1119 3736 1240 3789 tam
1291 3733 1705 3806 praesumptiva
1746 3736 1827 3790 fa-

160 3826 362 3880 ctione
396 3823 699 3894 subjacerc
722 3821 1052 3892 pavescitis.
1087 3821 1501 3877 Monueramus
1534 3821 1825 3894 siquidem

159 3931 289 3980 vos,
309 3911 415 3984 qui
449 3910 610 3983 pallii
644 3927 818 3966 usum
842 3910 1103 3983 quaeritis
1134 3911 1369 3967 Dolensi
1400 3911 1667 3967 Ecclesia:
1699 3913 1826 3967 des-

159 4001 368 4070 tinari,
405 4004 471 4055 ut
502 4000 718 4072 scripta
739 3998 839 4055 illa
859 4017 986 4071 quae
1016 3999 1088 4055 ab
1118 3999 1435 4073 apostolica
1469 4005 1670 4056 nostra
1690 4003 1826 4057 sede

161 4091 629 4165 praedecessores
660 4089 836 4143 vestri
875 4087 933 4144 in
965 4088 1336 4161 susceptione
1365 4088 1525 4161 pallii
1565 4106 1828 4161 percepe-

162 4184 321 4247 rant,
359 4177 534 4234 nobis
561 4177 954 4246 direxissetis;
981 4182 1272 4249 quatenus
1296 4194 1423 4244 nos,
1455 4177 1674 4233 eisdem
1693 4177 1824 4232 dili-

157 4274 375 4343 genter
406 4267 708 4340 inspectis,
733 4283 837 4339 per
867 4267 1241 4323 decessurum
1272 4272 1608 4323 nostrorum
1650 4267 1827 4323 vesti-

157 4358 259 4432 gia
293 4357 718 4430 gauderemus,
751 4356 1284 4428 su~bjungentes,ut
1314 4356 1591 4429 epistolae,
1624 4360 1826 4429 quate-

159 4465 281 4504 nus
313 4444 510 4518 magis
541 4443 762 4500 creduli
795 4445 1192 4514 redderemur,
1226 4462 1362 4501 eum
1413 4445 1727 4518 episcopali
1773 4451 1830 4503 et

1936 3309 2071 3346 cum
2103 3309 2168 3346 eo
2192 3297 2463 3346 strenuos
2494 3295 2714 3345 vestros
2747 3289 3016 3362 dirigatis
3063 3289 3304 3363 legatos,
3337 3288 3587 3360 pariter-

1936 3397 2047 3452 que
2079 3379 2316 3452 scripta,
2333 3397 2458 3452 quae
2483 3379 2856 3452 protulimus,
2883 3378 3265 3444 destinantes,
3290 3383 3584 3449 quatenus

1937 3470 2244 3540 utuiusque
2276 3469 2540 3540 partibus
2574 3485 2768 3523 coram
2791 3469 2962 3523 nobis
2990 3467 3400 3538 auditis,aaqua
3422 3465 3585 3521 lance

1935 3576 2113 3615 causa
2145 3557 2374 3628 librata,
2409 3574 2536 3628 quae
2567 3556 2642 3612 sit
2671 3557 2826 3628 apud
2857 3574 2958 3613 vos
2992 3555 3439 3628 metropolitana
3478 3555 3584 3610 Ec-

1935 3646 2112 3703 clesia
2140 3647 2269 3702 luce
2300 3646 2514 3702 clarius
2544 3650 2914 3719 agnoscatur.
2941 3646 3152 3702 Datum
3181 3662 3276 3701 xv:
3297 3643 3585 3700 Kalendas

1931 3737 1963 3794 ,Ι
1973 3736 2163 3802 unias,
2195 3735 2398 3792 indict.
2431 3752 2546 3791 xxv.

2679 3831 2838 3887 XCII.

2181 3941 2254 3979 AD
2293 3938 2638 3979 SALOMONEM
2676 3939 2867 3976 REGEM
2907 3938 3338 3980 BRITANNORUM.

2575 4022 2764 4090 (Anno
2794 4020 2944 4091 866.)

1937 4121 2164 4176 Recusat
2191 4122 2405 4175 mittere
2431 4119 2667 4190 pallium
2716 4119 3030 4190 Festiniano
3078 4119 3298 4173 Dolensi
3324 4119 3584 4189 episeopo,

2006 4191 2172 4246 donec
2221 4188 2551 4246 authenticis
2593 4191 2813 4260 scriptis
2858 4188 2923 4244 de
2969 4189 3126 4244 illius
3171 4191 3302 4260 jure
3353 4188 3588 4244 Convin-

2006 4270 2180 4318 catur.

2453 4348 2642 4422 [Apud
2676 4347 2887 4417 Mansi,
2913 4347 3073 4419 ibid.]

2010 4449 2200 4506 Lectis
2230 4446 2425 4520 gloria:
2456 4453 2660 4503 vestrae
2694 4446 2923 4514 litteris,
2959 4463 3104 4518 quas
3135 4449 3334 4501 nostro
3370 4461 3587 4516 prmsu-

158 4536 331 4609 regia
361 4533 526 4590 bulla
557 4533 824 4606 signatae,
858 4537 914 4590 et
944 4534 1165 4590 missus
1195 4539 1386 4590 vester
1417 4534 1664 4591 idoneus
1695 4537 1829 4592 scri-
1865 4548 1909 4613 D
1941 4538 2085 4594 latui
2119 4537 2245 4593 sine
2274 4536 2660 4608 impressione
2702 4534 2988 4608 signaculi
3041 4534 3291 4605 alicujus
3341 4532 3591 4604 dirigere

159 4632 268 4697 pta
289 4625 427 4696 ipsa
449 4623 978 4695 subsequerentur;
1004 4625 1106 4678 sed
1127 4640 1228 4679 vos
1262 4624 1380 4679 fare
1401 4623 1460 4678 id
1493 4625 1829 4682 distulistis.

158 4715 476 4770 Postremo
516 4712 884 4767 contentione
916 4713 1070 4784 apud
1124 4713 1454 4779 Britannos,
1481 4715 1614 4785 quis
1660 4716 1834 4771 fuerit

161 4799 686 4873 metropolitanus,
722 4801 946 4870 oborta,
980 4802 1318 4868 statuimus,
1352 4807 1416 4857 ut
1464 4804 1535 4858 ad
1580 4805 1833 4860 Turoni-

162 4908 301 4948 cam
336 4891 560 4957 sedem,
592 4906 770 4962 quam
820 4891 1191 4963 metropolim
1232 4897 1483 4946 vestram
1530 4909 1659 4948 esse
1703 4893 1832 4964 plu-

162 4978 578 5050 riumjudicia
607 4979 1034 5048 demonstrant,
1067 4979 1401 5045 recurretis,
1436 4986 1536 5035 aut
1565 4982 1636 5035 ad
1668 4999 1837 5054 apos-

164 5067 429 5124 tolatum
462 5072 730 5122 nostrum
763 5067 1058 5124 destinare
1084 5069 1832 5140 contenderetis,quatenus

163 5175 303 5230 quae
338 5155 514 5212 fuerit
546 5157 700 5228 apud
730 5173 833 5213 vos
862 5157 1309 5230 metropolitana
1348 5158 1605 5213 Ecclesia
1652 5175 1834 5232 appa-

163 5249 353 5302 reret.
382 5244 494 5300 Sed
527 5249 804 5300 neutrum
835 5245 1049 5302 horum
1083 5247 1358 5319 perlicere
1387 5246 1838 5314 voluistis.Qua—

161 5338 419 5408 propter
449 5333 590 5406 quia
621 5335 980 5390 Turonensis
1028 5335 1306 5404 Ecclesia,
1341 5340 1624 5408 quantum
1674 5353 1836 5392 com-

160 5425 466 5498 perimus,
502 5423 841 5496 metropolis
869 5428 1064 5481 vestra
1094 5428 1204 5492 est,
1237 5429 1436 5491 restat,
1470 5441 1707 5480 necesse
1750 5428 1839 5480 est

162 5517 236 5570 ut
263 5513 463 5587 ipsam
512 5512 692 5568 vestri
747 5517 1074 5586 sequantur
1120 5513 1399 5588 episcopi,
1431 5513 1739 5588 ipsamque
1778 5514 1836 5570 in

164 5603 300 5662 suis
335 5601 590 5677 negotiis
623 5602 856 5671 adeant,
894 5607 950 5662 et
979 5602 1166 5680 ipsius
1195 5603 1488 5677 judicium
1537 5603 1838 5680 exquirere

509 5729 774 5795 PATBOL.
823 5729 1031 5795 CXIX.

1940 4628 2049 4683 visi
2081 4627 2247 4694 estis,
2279 4625 2602 4698 reperimus
2650 4626 2709 4679 in
2759 4626 2841 4680 eis
2893 4642 2993 4680 vos
3044 4623 3213 4678 nobis
3255 4621 3587 4689 mandasse,

1943 4717 2098 4786 quod
2128 4720 2186 4771 et
2215 4720 2348 4770 ante
2370 4732 2471 4770 vos
2493 4731 2642 4785 saape
2665 4711 3237 4775 mandastis,scilicet
3259 4715 3324 4765 ut
3344 4709 3590 4782 pallium

1945 4804 2275 4860 Festiniano
2305 4803 2616 4859 venerabili
2648 4801 2879 4856 Dolensi
2903 4800 3148 4856 antistiti
3179 4800 3251 4855 ab
3275 4799 3594 4871 apostolica

1941 4895 2098 4959 sede,
2154 4893 2246 4949 cui
2297 4892 2575 4948 divinitus
2633 4908 2981 4962 praesumus,
3034 4889 3418 4944 mitteremus.
3481 4888 3594 4944 Sed

1945 4986 2258 5053 antequam
2292 4982 2360 5036 ad
2396 4981 2518 5035 haec
2569 4978 2836 5035 consulta
2884 4979 3081 5050 aliqua
3114 4979 3590 5043 rescriberemus,

1944 5075 2293 5126 convenerat
2336 5069 2504 5124 nobis
2553 5085 2655 5140 pro
2706 5068 2815 5123 hoc
2868 5068 3022 5141 quod
3074 5084 3287 5123 nomen
3338 5071 3594 5122 vestrum

1948 5158 2265 5230 apostolico
2289 5158 2510 5213 nomini
2534 5157 2841 5214 scribendo
2864 5156 3268 5230 prmposuistis
3283 5172 3384 5210 vos
3407 5155 3596 5210 mode-

1946 5253 2038 5304 sta
2069 5248 2463 5318 increpatione
2493 5245 2799 5318 corrigere.
2832 5248 3050 5301 Tamen
3096 5247 3235 5318 quia
3281 5241 3595 5315 apostolica

1948 5337 2336 5393 mansuetudo
2352 5335 2645 5392 neminem
2669 5335 2972 5407 repentina
2993 5352 3254 5407 unquam
3277 5329 3593 5388 invectione

1948 5425 2268 5497 redarguit,
2295 5429 2351 5482 et
2378 5440 2480 5497 per
2511 5423 2927 5497 negligentiam
2960 5425 3107 5479 forte
3137 5419 3435 5494 scriptoris
3483 5417 3593 5472 hoc

1947 5513 2209 5572 evenisse
2242 5518 2539 5588 utcunque
2571 5514 2857 5588 cognovit,
2881 5511 3108 5570 distulit
3147 5526 3249 5565 vos
3289 5507 3460 5563 modo
3489 5523 3594 5580 pro

1954 5603 2178 5662 meritis
2208 5605 2661 5680 coercere,quod
2690 5608 2919 5663 tantum
2949 5601 3219 5660 volumus
3251 5595 3595 5665 emendatis,

3195 5729 3269 5791 31
