4036 6132
421 241 531 302 971

1785 230 2099 294 NICOLAI
2144 231 2373 295 PAP/E
2415 235 2463 295 Ι.

3710 238 3829 295 9⁸72

422 375 710 445 quantum
733 367 1073 423 correctioni
1101 365 1499 421 ecclesiastica:
1525 381 1626 436 pro
1645 368 1763 419 tam
1788 381 2063 436 prazsum-
2094 367 2149 433 Α
2180 384 2283 438 pro
2314 373 2477 422 tanto
2511 367 2722 424 scelere
2754 369 3103 424 sententiam
3134 369 3191 424 in
3224 384 3353 425 eam
3386 369 3555 441 justo:
3577 369 3833 440 punitio-

342 476 347 481 ‘
422 462 579 533 ptiva
610 458 860 514 factione
892 456 1193 527 subjacere
1242 453 1589 509 formidatis.
1625 453 1706 508 De
1750 453 1909 525 pallii
1939 471 2071 508 vero

425 548 761 613 directione,
796 563 972 617 quam
1003 544 1218 610 dicitis,
1252 542 1547 615 simulque
1579 541 1905 598 Turonensi
1955 558 2074 597 me-

426 635 658 708 tropoli,
684 635 896 706 saepius
927 633 1089 688 vobis
1121 650 1189 688 ea
1218 649 1345 704 quae
1378 631 1620 687 rationis
1652 636 1789 686 sunt
1834 631 2078 703 scripsi-

432 743 596 792 mus;
621 726 722 779 sed
755 724 906 779 sicut
928 724 987 777 in
1012 721 1220 777 litteris
1242 721 1448 777 vestris
1483 721 1905 793 relegimus,ad
1937 719 2078 775 scri-

433 817 535 887 pta
564 820 764 868 nostra
793 812 951 867 auris
1004 829 1118 866 non
1166 812 1359 866 cordis
1408 810 1733 865 inclinastis
1775 809 2076 864 intuitum.

438 904 639 959 Restat
668 917 804 973 ergo
836 905 900 955 ut
930 902 1165 955 tandem
1193 918 1320 972 qua:
1354 900 1429 955 sit
1449 900 1601 971 apud
1634 916 1734 953 vos
1756 898 2083 968 antiquitus

436 990 776 1063 metropolis
806 989 1174 1045 intueamini.
1200 988 1536 1061 Metropolis
1567 989 1722 1042 enim
1752 992 1944 1042 vestra
1974 991 2081 1054 est,

437 1080 589 1137 sicut
618 1080 842 1135 dudum
871 1079 1036 1134 vobis
1068 1078 1548 1151 significavimus,
1581 1078 1935 1132 Turonensis
1983 1077 2084 1131 Ec-

438 1168 633 1241 clesia,
657 1173 723 1223 ut
752 1185 879 1225 sese
908 1168 1126 1223 habent
1156 1166 1384 1222 munita
1427 1167 1917 1238 praedecessorum
1952 1182 2087 1221 nos-

436 1263 686 1325 trorum,
719 1262 777 1312 et
805 1258 1067 1329 priorum
1101 1256 1364 1328 exempla
1411 1256 1749 1323 ostendunt,
1789 1256 1859 1311 ad
1910 1272 2088 1327 quam

437 1352 641 1404 vestrae
676 1346 928 1418 regionis
958 1345 1259 1417 episcopos
1292 1348 1516 1416 oportet
1548 1360 1861 1412 recurrere,
1886 1349 1943 1399 et
1962 1346 2090 1413 ejus

432 1437 640 1510 judicii
661 1436 1031 1503 sententiam,
1066 1438 1355 1489 reservata
1386 1434 1540 1488 sedis
1571 1433 1898 1506 apostolicae
1930 1438 2090 1505 pote-

443 1530 614 1593 state,
647 1525 950 1595 exquirerc
1011 1521 1201 1577 modis
1251 1523 1546 1591 omnibus,
1578 1540 1691 1577 non
1752 1523 2089 1578 detrectare.

443 1613 730 1682 Quoniam
762 1612 1220 1684 reprehensibile
1251 1630 1379 1667 esse
1408 1613 1640 1667 videtur
1671 1617 1733 1667 ut
1759 1613 1832 1667 ob
1864 1612 2097 1668 divisio-

447 1720 582 1759 nem
614 1700 775 1774 regni
800 1702 932 1772 quis
964 1701 1076 1755 sibi
1107 1701 1419 1772 talia,quia
1451 1701 1602 1756 inter
1618 1719 1722 1757 vos
1752 1702 2094 1766 audiuntur,

404 1790 409 1795 “
445 1791 743 1846 vindicare
774 1791 1016 1845 nitatur.
1050 1790 1427 1862 Quapropter,
1464 1791 1545 1845 fili
1571 1791 1672 1856 mi,
1699 1807 1769 1845 ne
1790 1790 2097 1863 prmbeatis

448 1879 563 1935 ista
609 1879 941 1935 volentibus
992 1897 1326 1946 assensum,
1352 1881 1452 1934 sed
1502 1886 1557 1935 et
1608 1882 1752 1937 alios
1801 1882 1872 1937 ad
1924 1880 2099 1937 verba

448 1971 642 2025 vestra
693 1986 797 2040 per
842 1968 1174 2040 exemplum
1225 1969 1563 2024 obedientize
1622 1971 1993 2040 accendatis;
2044 1974 2101 2026 et

449 2056 602 2114 sicut
631 2057 713 2112 ait
757 2057 1091 2128 Apostolus,
1123 2058 1506 2113 humiliamini
1551 2062 1651 2114 sub
1696 2062 1903 2131 potenti
1930 2077 2101 2115 manu

450 2148 567 2214 Dei,
598 2152 662 2200 ut
686 2162 777 2201 vos
807 2147 1007 2202 θέεαιιει
1034 2148 1093 2201 in
1122 2156 1354 2218 tempore
1383 2148 1778 2204 tribulationis
1807 2150 1855 2217 (Ι
1880 2151 2099 2215 Petr.v,

451 2234 528 2307 6).
564 2234 708 2300 Quia
738 2234 786 2289 si
816 2234 1054 2289 monitis
1100 2235 1315 2290 nostris
1364 2236 1702 2291 obedientes
1737 2237 2100 2308 exstiteritis,

456 2323 731 2380 omnibus
762 2323 929 2378 bonis
960 2323 1411 2395 replebimini,et
1441 2330 1573 2396 post
1604 2328 1779 2381 tinem
1802 2327 1980 2398 hujus
2003 2343 2103 2381 sae-

453 2412 569 2468 culi
600 2428 847 2485 regnum
879 2413 1033 2482 quod
1064 2412 1202 2465 vivit
1232 2412 1291 2466 in
1317 2417 1619 2481 aeternum,
1648 2415 1951 2470 orantibus
1974 2433 2105 2471 san-

453 2503 565 2560 ctis
595 2501 1174 2575 apostolis,capietis.
1193 2502 1367 2557 Porro
1389 2503 1436 2558 si
1471 2504 1699 2575 aliquas
1730 2505 2104 2560 auctoritates

448 2591 678 2648 habetis
727 2609 855 2663 quae
918 2593 1072 2663 apud
1132 2591 1445 2647 Britannos
1505 2593 1873 2664 metropolim
1921 2594 2104 2649 fuisse

447 2681 762 2746 declarent,
795 2685 897 2736 aut
945 2680 1319 2735 decessorum
1370 2686 1706 2737 nostrorum
1759 2682 2103 2753 pontiﬁcum

449 2786 811 2843 quiscunque
836 2770 1054 2841 scripta
1084 2770 1138 2823 id
1175 2771 1543 2825 ostendentia
1575 2771 1856 2840 retinetis,
1893 2772 1965 2826 ad
1999 2788 2104 2826 nos

452 2875 521 2915 ea
540 2859 793 2931 dirigite.
808 2859 1000 2913 Mittat
1020 2859 1193 2914 etiam
1218 2860 1646 2916 etTuroncnsis
1664 2861 1917 2917 Ecclesia
1936 2862 2104 2916 nobis

454 2947 747 3019 similiter,
781 2948 829 3003 si
862 2948 1055 3015 habet,
1091 2948 1486 3017 auctoritates,
1521 2967 1647 3020 quas
1680 2949 1843 3004 illam
1893 2950 2104 3006 suifra-

457 3054 705 3112 ganeam
737 3055 905 3093 suam
935 3037 1228 3094 exstitisse
1258 3043 1565 3107 testentur,
1602 3045 1892 3110 quatenus
1922 3040 2104 3095 utris-

2188 456 2279 511 nis
2328 456 2603 528 proferre,
2638 457 2751 513 nisi
2801 459 3093 515 obstinato
3142 458 3336 514 animo
3392 458 3728 530 perenniter
3778 458 3835 513 in

2186 546 2445 600 mceebize
2475 547 2778 604 volutabro
2812 565 3151 620 permanere
3174 547 3596 621 proposuisset,
3629 552 3687 603 et
3706 546 3836 602 nul-

2186 632 2257 688 lis
2282 635 2464 689 sacris
2495 636 2942 704 monitis,nullis
2977 638 3192 693 nostris
3214 654 3317 693 seu
3342 628 3559 692 vestris
3577 641 3697 691 tam
3720 654 3838 692 rre-

2186 723 2308 778 bris
2339 723 2840 782 exhortationibus
2870 743 2932 782 se
2964 732 3225 798 paratam
3279 726 3568 781 exhibere.
3604 725 3675 798 (α)
3693 724 3839 793 Quia

2188 815 2381 868 tamen
2426 831 2541 869 non
2573 832 2679 870 sua
2706 814 3007 871 voluntate
3058 816 3271 871 factum
3305 816 3401 883 sit,
3436 816 3575 886 Deo,
3610 816 3710 887 qui
3743 831 3841 870 cor

2191 902 2539 969 considerat,
2556 908 2612 959 et
2634 904 2905 960 ﬁdelibus
2928 905 3057 975 ejus
3079 922 3180 977 per
3198 906 3396 960 omnia
3417 910 3616 960 manet
3636 904 3838 960 certis-

2192 991 2411 1046 simum
2437 1010 2450 1047 :
2476 1009 2608 1047 cum
2635 1010 2742 1048 sua
2771 998 2976 1066 sponte
3000 994 3366 1059 hactenus,si
3399 994 3839 1066 potuisset,imo

2193 1085 2472 1151 perpetuo
2494 1080 2552 1135 in
2584 1085 2746 1136 tanto
2780 1082 2996 1155 ﬂagitio
3027 1082 3466 1154 permansisset,
3503 1082 3615 1138 nisi
3647 1087 3841 1139 nostra

2196 1184 2374 1239 super
2398 1169 2506 1224 hoc
2528 1169 2811 1225 abolendo
2832 1170 3039 1226 fuisset
3060 1187 3192 1226 cum
3213 1171 3427 1227 virtute
3449 1171 3668 1227 summi
3688 1172 3842 1244 opiﬁ-

2197 1256 2279 1312 cis
2311 1258 2677 1314 incessabilis
2711 1259 3104 1332 diligentia,et
3135 1260 3276 1316 socii
3307 1261 3457 1331 ejus,
3485 1261 3629 1333 proh
3652 1261 3839 1316 nefas!

2199 1345 2417 1401 scilicet
2446 1364 2642 1402 secum
2668 1349 3045 1403 admittendis
3068 1350 3596 1421 quomodocunque
3614 1350 3845 1405 inclina-

2200 1435 2312 1490 tior
2356 1436 2676 1492 exstitisset
2728 1437 3076 1493 obedientia.
3111 1438 3273 1494 Patet
3307 1438 3563 1510 profecto
3598 1440 3680 1494 ita
3728 1457 3844 1495 esse

2202 1542 2329 1596 quae
2361 1525 2635 1595 dicimus,
2656 1543 2789 1581 cum
2820 1527 3105 1583 hactenus
3137 1527 3370 1600 culpam
3402 1545 3571 1584 suam
3604 1530 3843 1585 necdum

2202 1615 2554 1688 cognoverit,
2589 1632 2694 1671 nec
2720 1618 2988 1674 confessa
3031 1618 3126 1685 sit,
3152 1618 3323 1688 juxta
3364 1618 3516 1690 quod
3567 1619 3843 1691 scriptum

2202 1708 2330 1760 est:
2367 1706 2460 1759 Die
2515 1713 2573 1759 tu
2633 1706 2954 1778 iniquitates
3011 1713 3129 1762 tuas
3177 1709 3412 1779 primus,
3447 1716 3505 1762 ut
3533 1708 3845 1779 justi/iverit

2206 1795 2332 1865 (Isa.
2365 1811 2557 1861 XLVIII,
2589 1812 2693 1850 sec.
2726 1795 2897 1867 Sept.)
2934 1812 2945 1849 :
2981 1813 3086 1851 nec
3117 1795 3299 1852 missa
3336 1796 3528 1862 nobis,
3563 1797 3662 1868 qui
3716 1814 3844 1852 cau-

2208 1900 2333 1938 sam
2363 1883 2551 1954 ipsius
2582 1885 3014 1955 exsequendam
3046 1884 3348 1957 ccepimus,
3370 1884 3842 1941 lamentationum

2209 1972 2514 2043 legatione,
2547 1972 2776 2027 veniam
2809 1973 3206 2044 postulaverit,
3234 1974 3653 2047 praemissoque
3684 1976 3844 2048 paeni-

2210 2060 2401 2115 tentia:
2441 2062 2696 2116 remedio
2745 2078 3065 2135 congruam
3097 2064 3375 2119 meruerit
3405 2063 3839 2137 indulgentiam,

2211 2148 2520 2204 Salomone
2550 2150 2776 2206 dicente
2809 2169 2821 2206 :
2856 2155 2969 2222 Qui
2996 2154 3136 2208 celat
3163 2154 3385 2220 delicta,
3418 2170 3529 2209 non
3560 2153 3840 2225 dirigetur;

2210 2240 2307 2309 qui
2334 2247 2517 2294 autem
2546 2242 2822 2310 confessus
2849 2243 3042 2312 fuerit,
3069 2249 3121 2297 et
3146 2242 3416 2297 dimiserit
3444 2259 3532 2309 ea,
3554 2245 3841 2299 misericor-

2210 2328 2362 2381 diam
2389 2336 2743 2399 consequetur
2772 2329 2953 2401 (Prov.
2983 2330 3140 2403 xvn).
3176 2331 3474 2386 Postremo
3518 2348 3655 2387 cum
3705 2337 3839 2387 recto

2214 2416 2417 2471 itinere
2448 2434 2555 2472 nos
2575 2416 2660 2471 illi
2685 2417 2874 2474 fuerat
2896 2419 3319 2488 adeundam,et
3340 2420 3497 2476 sedis
3522 2421 3678 2476 beati
3709 2420 3841 2476 Petri

2212 2504 2490 2577 suﬂ'ragia
2520 2506 3191 2578 requirenda,quatenus
3206 2510 3375 2580 juxta
3396 2510 3551 2580 quod
3577 2513 3843 2565 statutum

2212 2595 2419 2661 fuerat,
2454 2612 2560 2649 nos
2592 2596 2662 2651 de
2694 2598 2822 2667 ejus
2854 2598 3083 2669 negotio
3130 2598 3246 2653 Deo
3291 2597 3509 2670 placita
3538 2598 3843 2654 considera-

2212 2683 2369 2738 tione
2400 2684 2781 2740 definiremus
2815 2702 2828 2739 :
2863 2691 3065 2763 postea
3094 2690 3245 2741 retro
3294 2691 3383 2742 est
3426 2704 3704 2743 conversa
3732 2691 3844 2760 post

2214 2777 2502 2841 satanam,
2536 2778 2591 2827 et
2622 2774 2680 2828 in
2712 2773 3071 2845 provinciam
3121 2779 3187 2830 ut
3233 2775 3666 2849 principaretur
3709 2776 3760 2830 in
3785 2791 3843 2830 ea

2212 2860 2322 2915 iter
2352 2861 2610 2937 reﬂexit:
2638 2861 2772 2917 licet
2790 2863 3084 2919 industria
3104 2862 3277 2936 legati
3300 2866 3487 2920 nostri
3534 2865 3606 2920 ad
3644 2863 3840 2920 Italiam

2213 2950 2402 3005 deuuo
2453 2954 2718 3007 revocata
2775 2952 2873 3018 sit,
2898 2957 2956 3008 et
3004 2953 3169 3025 quasi
3221 2952 3366 3008 nihil
3400 2954 3579 3009 fuerit
3607 2957 3837 3027 operata,

2213 3040 2369 3094 unde
2392 3039 2450 3093 in
2465 3039 2679 3095 Christi
2697 3040 3039 3097 sitEcclesia
3062 3059 3174 3097 non
3198 3042 3494 3098 modicum
3518 3041 3839 3098 scandalum

461 3143 576 3198 que
604 3126 868 3198 partibus
899 3126 1136 3193 auditis,
1170 3127 1320 3181 inter
1349 3130 1659 3199 utramque
1692 3146 1817 3200 qua:
1852 3129 1928 3183 sit
1976 3146 2101 3185 me-
2135 3112 2178 3179 C
2215 3132 2577 3201 generatum,
2601 3128 2848 3200 gloriam
2882 3131 3087 3185 mundi
3111 3132 3601 3204 sectatur,reique
3624 3131 3839 3198 publica

458 3215 701 3287 tropolis
732 3230 1179 3288 cognoscamus.
1212 3215 1357 3279 Quia
1386 3216 1539 3272 sicut
1583 3233 1685 3272 vos
1731 3216 2016 3286 clamatis,
2050 3222 2107 3273 et

462 3305 563 3360 illa
593 3304 825 3372 clamat,
857 3304 1401 3376 metropolitanatus
1425 3307 1564 3377 jura
1592 3306 1749 3377 apud
1797 3308 2106 3362 Britannos

462 3394 624 3468 regni
656 3393 831 3449 istius
861 3394 1122 3448 tenuisse
1154 3398 1327 3465 atque
1359 3399 1571 3451 tenere.
1604 3398 1719 3450 Aut
1747 3396 1796 3450 si
1826 3397 1969 3451 forte
2002 3414 2106 3450 saa-

461 3484 691 3555 pedicta
712 3482 968 3538 Ecclesia
986 3484 1493 3551 auctoritates,aut
1513 3490 1704 3540 vestra
1727 3502 1874 3556 quas
1903 3485 2111 3540 habuit

460 3571 734 3642 perdidit,
768 3572 1106 3627 amissionis
1166 3571 1327 3627 illius
1384 3575 1624 3628 modum
1678 3590 1955 3641 reserare,
2010 3578 2111 3629 aut

460 3659 866 3729 ex.utriusque
888 3660 1154 3730 partibus
1184 3660 1422 3715 idoneos
1464 3661 1904 3733 praecipuosque
1953 3663 2110 3735 lega-

459 3750 572 3812 tos,
607 3746 706 3817 qui
739 3747 927 3801 sciant
978 3748 1211 3818 plenam
1246 3748 1315 3803 de
1346 3750 1620 3805 omnibus
1672 3752 1911 3807 reddere
1943 3753 2111 3808 nobis

462 3835 703 3891 rationis
744 3835 1159 3908 integritatem,
1194 3837 1362 3893 nobis
1410 3839 1805 3908 transmittite,
1843 3846 1925 3909 ut,
1959 3841 2113 3897 sicut

464 3924 864 3998 prtediximus,
898 3926 1050 3980 inter
1076 3943 1214 3997 ,vos,
1266 3927 1578 3998 adjuvante
1633 3930 1900 4002 Domino,
1934 3932 2112 3987 finem

462 4030 773 4087 ponamus.

905 4239 972 4277 AD
1015 4239 1325 4279 UNIVERSOS
1362 4242 1684 4282 EPISCOPOS.

1109 4330 1293 4402 (Anno
1327 4332 1476 4403 866.)

463 4447 668 4502 lterum
738 4445 989 4501 admonet
1054 4447 1117 4501 de
1181 4448 1445 4501 sententia
1518 4449 2092 4504 excommunicatisz

535 4484 668 4501 τη...
738 4484 988 4501 μηνιαίων
1054 4484 1116 4501 ιιυ
1181 4484 1445 4501 smmum.
1518 4484 2113 4520 μανι,ιιηιιιιιωηιυηω,
2144 4484 2191 4549 D

535 4534 701 4592 quam
729 4518 985 4574 adversus
1023 4517 1369 4573 Wuldradam
1397 4519 1615 4591 ejusque
1660 4521 1942 4592 complices
1979 4538 2111 4592 pro-

533 4589 831 4660 mulgarat.

983 4688 1170 4759 [Apud
1201 4687 1409 4754 Mansi,
1444 4688 1602 4759 ibid.]

538 4810 820 4866 NICOLAUS
852 4811 1186 4884 episcopus,
1219 4830 1420 4869 servus
1451 4830 1749 4869 servorum
1799 4813 1921 4883 Dei,
1954 4830 2113 4869 reve-

467 4898 826 4954 rentissimis
875 4902 1264 4956 confratribus
1310 4902 1527 4958 nostris
1573 4902 2025 4974 archiepiscopis
2058 4908 2115 4959 et

469 4987 758 5059 episcopis
804 5006 906 5059 per
950 4990 1199 5059 Italiam,
1235 4991 1629 5057 Germaniam,
1678 4992 2009 5047 Neustriam
2060 4996 2116 5048 et

470 5074 686 5132 Gallias
713 5078 1065 5134 constitutis.

540 5165 992 5222 Decreveramus
1051 5168 1285 5238 quidem
1349 5168 1503 5223 circa
1552 5168 1925 5225 Waldradam
1973 5187 2114 5226 mos-

468 5253 661 5323 cham,
686 5260 743 5310 et
764 5257 1137 5329 pertinaciter
1158 5256 1214 5309 in
1235 5256 1311 5309 im
1324 5257 1638 5327 ponitentia
1654 5264 2113 5329 permanentem,

465 5342 736 5399 vindictae
768 5346 1007 5399 modum
1042 5344 1237 5398 minus
1265 5345 1527 5401 districto
1559 5363 1737 5417 quam
1786 5347 2115 5404 misericor-

467 5430 621 5488 diter
648 5438 992 5507 temperare,
1027 5438 1082 5488 et
1104 5434 1275 5504 juxta
1307 5434 1461 5506 quod
1495 5437 1846 5507 merebatur,
1881 5454 1996 5493 non
2039 5437 2119 5494 ita

537 5530 613 5605 (α)
645 5531 833 5591 Locus
863 5534 1191 5608 corruptus.

2214 3217 2570 3285 dominatur,
2588 3235 2652 3273 ac
2684 3219 2839 3290 quod
2869 3223 2959 3274 est
2990 3220 3245 3292 gravius,
3271 3220 3445 3275 etiam
3478 3221 3593 3293 piis
3623 3220 3758 3276 locis
3776 3225 3843 3274 at-

2217 3323 2330 3377 que
2361 3304 2649 3378 religiosis
2696 3307 2963 3378 personis
3001 3325 3247 3379 praeesse
3297 3308 3697 3381 dignoscitur;
3728 3314 3777 3364 et
3817 3324 3843 3362 a

2218 3394 2598 3467 Theutbergze
2648 3395 2859 3467 reginae
2905 3400 3091 3468 coepta
3139 3396 3413 3452 interitus
3468 3397 3841 3461 meditatione,

2218 3483 2365 3538 sicat
2386 3482 2652 3538 nonnulli
2686 3488 2995 3551 testantur,
3016 3486 3259 3542 minime
3280 3492 3490 3553 cessat,
3512 3488 3652 3542 dum
3683 3504 3745 3542 ea
3766 3485 3842 3540 ni-

2219 3573 2434 3626 mirum
2465 3571 2592 3627 loca
2614 3578 2873 3644 repetere
2898 3575 3213 3643 atiectatﬁn
3236 3575 3453 3647 quibus
3476 3574 3663 3631 facilis
3684 3574 3842 3647 ipsius

2219 3661 2291 3715 ad
2316 3677 2507 3732 regem
2533 3661 2960 3728 Lotharium,et
2981 3663 3245 3733 ejusdem
3274 3664 3428 3735 regis
3452 3665 3524 3719 ad
3542 3680 3667 3719 eam
3685 3662 3840 3735 possit

2219 3766 2348 3804 esse
2380 3766 2670 3805 accessus.
2706 3750 2773 3804 Et
2804 3755 2867 3805 ut
2892 3751 3141 3807 breviter
3170 3756 3379 3808 cuncta
3411 3750 3838 3825 complectar,de

2220 3837 2313 3892 die
2344 3838 2401 3891 in
2435 3838 2611 3908 diem,
2639 3838 2890 3910 qualiter
2910 3840 2981 3894 ad
3005 3840 3283 3911 pristinas
3304 3840 3633 3912 voluptates
3655 3841 3835 3903 redeat,

2218 3926 2395 3983 variis
2442 3927 2805 3999 argumentis
2855 3927 3128 4000 exquirit.
3159 3929 3578 3985 Verumtamen
3629 3936 3691 3984 ut
3728 3943 3835 3983 cum

2222 4014 2451 4088 egregio
2483 4016 2758 4088 Apostolo
2788 4016 3131 4073 summatim
3163 4017 3429 4074 dicamus
3461 4020 3622 4091 quod
3668 4020 3837 4073 contra

2221 4120 2349 4158 eam
2373 4107 2688 4174 contraque
2710 4105 2837 4175 ejus
2861 4105 3083 4161 similes
3100 4107 3312 4178 saepius
3334 4107 3731 4180 replicandum
3750 4108 3839 4167 est,

2223 4193 2362 4265 quia
2392 4193 2715 4248 secundum
2749 4194 3024 4249 duritiam
3056 4213 3224 4251 suam
3258 4200 3313 4251 et
3352 4213 3452 4252 cor
3500 4196 3838 4270 impaenitens

2223 4281 2577 4337 thesaurizat
2606 4281 2715 4337 sibi
2766 4283 2912 4338 iram
2966 4283 3023 4338 in
3075 4285 3167 4340 die
3198 4284 3295 4340 ira:
3329 4286 3505 4357 (Rom.
3532 4288 3593 4356 ιι)
3619 4303 3631 4340 :
3660 4282 3837 4340 idcimo

2222 4387 2330 4426 nos
2360 4387 2510 4439 eam,
2545 4387 2853 4443 quousque
2882 4372 2953 4427 de
2985 4372 3151 4429 factis
3182 4373 3305 4429 suis
3336 4374 3607 4430 Ecclesiae
3636 4370 3838 4433 Christi,

2223 4460 2509 4531 nobisque
2557 4461 2865 4534 praecipue,
2902 4461 3001 4533 qui
3048 4464 3176 4533 ejus
3224 4462 3626 4535 principaliter
3669 4474 3838 4517 curam

2222 4549 2505 4620 gerimus,
2539 4549 2757 4621 quique
2785 4566 3023 4605 causam
3060 4550 3247 4622 ipsius
3279 4553 3517 4623 exsequi
3542 4569 3607 4606 ac
3638 4545 3838 4605 investi-

2222 4652 2360 4709 gare
2390 4637 2692 4709 coepimus,
2728 4638 3095 4705 satisfecerit,
3130 4639 3313 4695 donec
3352 4639 3530 4695 etiam
3578 4651 3787 4695 omnem
3811 4649 3837 4687 a

2223 4742 2285 4781 se
2310 4724 2612 4781 sinistram
2644 4727 3038 4799 suspicionem
3062 4727 3377 4784 concilium
3411 4735 3673 4785 nostrum
3690 4721 3836 4782 susci-

2222 4815 2388 4886 piens
2420 4815 2711 4881 adimat,a
2741 4816 3255 4889 pretiosi'corporis
3281 4821 3339 4872 et
3359 4817 3664 4891 sanguinis
3678 4810 3838 4870 Domi-

2224 4903 2281 4956 ni
2306 4904 2874 4976 perceptione,atque
2903 4905 2975 4960 ab
3008 4904 3348 4961 omnimodo
3372 4910 3585 4962 sanctae
3611 4899 3835 4960 Ecclesiae

2223 4992 2511 5048 consortio
2543 4994 2727 5049 sancti
2746 4993 3019 5065 Spiritus,
3034 4994 3457 5067 beatorumque
3479 4992 3835 5067 apostolorum

2223 5081 2376 5137 Petri
2406 5086 2463 5137 et
2495 5081 2653 5137 Pauli
2671 5083 2918 5153 judicio,
2935 5087 2991 5139 et
3013 5088 3225 5139 nostrae
3245 5084 3659 5140 mediocritatis
3676 5081 3837 5136 aucto-

2224 5169 2411 5238 ritate,
2426 5171 2676 5227 fecimus
2705 5188 2839 5226 cum
2874 5172 3162 5228 universis
3193 5173 3584 5246 complicibus
3627 5176 3678 5227 et
3704 5180 3832 5223 com-

2224 5258 2690 5316 municatoribus
2720 5261 3165 5332 fautoribusque
3212 5262 3339 5317 suis
3389 5256 3626 5334 prorsus
3673 5259 3833 5313 extor'

2225 5365 2368 5404 rem.
2394 5353 2524 5403 Haec
2555 5354 2749 5405 autem
2784 5351 3131 5406 sententiam
3156 5367 3211 5406 Iv
3233 5351 3429 5407 Nonas
3471 5345 3783 5407 Februarias
3806 5353 3834 5391 α

2226 5438 2395 5495 nobis
2445 5437 2877 5515 promulgatam
2927 5440 3331 5516 meminimus,
3364 5455 3610 5516 eamque
3651 5433 3837 5507 scripto
