4036 6132
458 231 576 292 975

456 365 662 420 caetero
719 361 845 419 fieri
896 379 910 419 :

457 456 662 509 sancta
690 452 921 508 decreta
950 457 1354 508 contumacem
1395 452 1733 508 eorumdem
1766 451 1978 508 involvi
2009 453 2106 508 de-

459 545 750 597 cretorum
795 543 929 613 jure
984 540 1308 598 sententiis.
1361 543 1553 597 Tuum
1603 546 1901 614 praeterea,
1935 542 2109 598 frater

459 629 826 702 charissima,
859 631 1223 702 propositum
1256 631 1499 687 observa
1532 636 1625 687 :et
1655 631 1752 703 qui
1777 631 1876 686 diu
1907 631 1966 686 in
1990 647 2110 686 mo-

461 719 715 776 nasterio
749 724 1008 776 moratus
1041 737 1124 786 es,
1154 737 1187 774 a
1217 719 1464 792 pristino
1495 726 1624 776 voto
1656 721 1936 776 divertere
1967 719 2105 775 noli.

462 810 623 874 Quod
648 808 804 864 enim
826 808 995 864 diuin
1015 808 1444 864 humilibabitu
1462 809 2108 881 custodisisti,profecto

461 897 736 954 indecens
767 902 858 954 est
888 899 938 954 si
987 915 1142 954 nunc
1191 898 1250 953 in
1293 899 1502 971 potiori
1546 898 1770 971 positus
1817 897 2110 953 dimiseris

460 985 683 1052 ordine,
715 986 823 1042 hoc
854 987 1051 1060 ipsum
1084 992 1285 1043 sancta
1315 1005 1548 1059 quoque
1587 987 1908 1060 Scriptura,
1943 1004 2111 1042 vene-

458 1073 778 1146 randisque
835 1076 1080 1133 decretis
1113 1076 1361 1148 pleniter
1398 1077 1796 1132 edocentibus.
1831 1075 2112 1148 Optamus

459 1164 830 1220 sanctitatem
861 1169 1023 1221 tuam
1056 1165 1115 1219 in
1146 1165 1370 1221 Christo
1398 1166 1544 1221 bene
1569 1164 1778 1222 valere.

1208 1279 1362 1333 XCV.

835 1384 907 1422 AD
947 1383 1216 1423 CAROLUM
1255 1383 1482 1423 CALVUM
1523 1385 1737 1424 REGEM.

1103 1457 1288 1528 (Anno
1327 1458 1475 1530 866.)

459 1545 807 1618 Nonprobat
836 1547 1076 1618 abusum
1125 1547 1222 1618 qui
1268 1547 1618 1615 incaluerat,
1654 1557 1716 1602 ut
1761 1547 2011 1617 episcopi
2041 1564 2114 1602 ea:

529 1615 742 1689 alienis
773 1617 1036 1672 Ecclesiis
1065 1615 1499 1673 adsumerentur
1523 1636 1534 1674 :
1557 1615 1802 1689 Egiloni
1825 1615 2018 1675 tamen
2039 1621 2114 1674 ad

530 1688 908 1743 Senonensem
937 1689 1257 1746 Ecclesium
1288 1691 1576 1758 postulato
1605 1688 1848 1760 pallium
1879 1692 2075 1747 mittit.

967 1779 1152 1850 [Apud
1199 1778 1407 1846 Mansi,
1443 1780 1622 1850 idid.)

532 1872 821 1928 NICOLAUS
852 1875 1182 1946 episcopus,
1216 1894 1418 1932 servus
1449 1895 1749 1933 servorum
1789 1878 1912 1948 Dei,
1946 1878 2120 1934 dilec-

463 1959 696 2016 tissimo
728 1961 847 2017 ﬁlio
877 1966 1100 2020 CAROLO
1132 1965 1275 2038 regi.

533 2048 678 2105 Cum
695 2055 938 2123 acceptae
953 2051 1283 2109 dilectionis
1296 2059 1498 2111 vestrae
1517 2055 1843 2129 legeremus
1865 2056 2122 2129 epistolae

467 2141 690 2194 textum
723 2144 780 2196 et
808 2157 910 2212 per
933 2158 1070 2196 eum
1102 2141 1160 2196 in
1193 2144 1518 2201 Senonensi
1552 2145 1861 2218 metropoli
1892 2146 2121 2220 delega-

466 2229 596 2282 tum
630 2229 951 2285 antistitem
999 2231 1167 2287 miris
1199 2249 1300 2288 vos
1350 2234 1619 2305 praeferre
1657 2235 1932 2291 laudibus
1963 2253 2119 2291 com-

464 2317 866 2388 perissemus;
901 2336 1016 2374 non
1050 2319 1241 2375 solum
1289 2321 1359 2376 de
1389 2321 1715 2388 illo,verum
1756 2324 1932 2380 etiam
1965 2330 2022 2380 et
2051 2325 2121 2381 de

462 2406 631 2462 vobis
664 2406 884 2478 ingenti
917 2425 1124 2464 sumus
1147 2409 1534 2466 exsultatione
1557 2413 1854 2468 referti.De
1874 2413 1974 2468 illo
1998 2414 2122 2485 qui-

463 2494 620 2562 dem,
647 2496 925 2567 quoniam
958 2496 1133 2552 talem
1182 2497 1340 2553 hunc
1373 2501 1530 2556 fama
1561 2502 1851 2572 praedicat,
1887 2503 2119 2575 qualem

465 2583 678 2639 debere
713 2585 1119 2654 [forte,debere
1149 2603 1297 2655 esse,
1328 2588 1534 2656 Hann]
1569 2590 1906 2663 episcopum
1937 2594 2120 2664 Apos-

463 2671 616 2728 tolus
647 2672 888 2742 indicat,
906 2675 1004 2747 qui
1039 2676 1302 2732 scribens
1348 2677 1518 2733 illum
1551 2685 1814 2751 oportere
1863 2681 2120 2738 testimo-

464 2759 630 2816 nium
663 2761 879 2818 habere
925 2764 1166 2832 bonum,
1191 2770 1248 2821 et
1277 2766 1347 2820 ab
1380 2766 1472 2822 his
1504 2769 1603 2839 qui
1635 2768 1775 2824 foris
1807 2774 1945 2825 sunt
1974 2787 2118 2841 pra:-

462 2849 620 2906 dicat
651 2851 696 2922 (ι
745 2852 889 2908 Tim.
924 2852 1032 2925 ιιι).
1067 2858 1146 2910 De
1196 2856 1359 2912 vobis
1407 2862 1624 2922 autem,
1670 2859 1968 2930 quoniam,
2003 2860 2118 2916 Deo

463 2939 704 3010 gratias,
739 2957 972 3014 semper
1023 2959 1092 2998 ea
1148 2961 1274 3015 quae
1331 2944 1573 3001 meliora
1631 2951 1768 3002 sunt
1826 2947 2115 3019 diligitis;

463 3043 696 3100 semper
716 3046 842 3100 quae
875 3030 1218 3102 pretiosiora
1242 3037 1396 3090 sunt.
1436 3034 1681 3090 Domino
1704 3036 1819 3092 Deo
1838 3053 1871 3091 a
1891 3037 2117 3093 cunctis

1830 231 2139 292 NICOLAI
2184 229 2410 289 PAP/E
2455 230 2503 289 Ι.

961 362 1220 436 alioquin
1279 367 1783 436 prwsumptorem,
1843 366 1902 418 et
1958 362 2111 419 circa
2141 365 2191 431 Α
2226 361 2397 429 batis,
2431 362 2668 418 aliunde
2712 362 2811 433 qui
2861 362 2946 418 eis
3002 361 3384 436 irregulariter
3423 370 3794 436 praeponeretur

2146 1742 2194 1806 B

3695 236 3792 296 976

2218 450 2440 506 electus
2470 455 2578 520 est,
2613 455 2670 506 et
2699 451 2799 521 qui
2831 450 3080 506 aliorum
3105 451 3350 507 fructum
3371 451 3613 509 laborum
3639 471 3792 512 come-

2217 540 2380 595 deret
2392 539 2760 596 adinventus.
2776 539 3066 596 Nimirum
3089 558 3217 595 cum
3232 542 3534 597 reverenda:
3551 545 3793 600 memoria

2219 629 2490 684 decessor
2520 628 2698 700 hujus
2746 630 2927 686 tantis
2959 647 2993 684 a
3015 629 3179 686 vobis
3217 631 3508 702 praeconiis
3552 632 3793 700 ell‘eratur,

2221 721 2285 772 ut
2312 717 2542 772 nullum
2574 717 2632 772 in
2667 719 2868 774 eadem
2898 717 3161 787 ecclesia,
3191 719 3282 774 cui
3314 736 3423 774 non
3451 719 3655 776 modico
3681 724 3794 778 tem-

2220 823 2357 879 pore
2389 807 2667 880 'praafuit,
2701 808 2804 879 qui
2862 809 2913 864 ei
2965 808 3239 863 canonice
3291 808 3577 882 subrogari
3622 815 3795 883 posset,

2221 895 2595 968 relinqueret,
2622 914 2862 969 prorsus
2886 897 3673 968 incredibilejudicatur.0um
3693 915 3796 972 ergo

2220 984 2568 1042 familiarius
2599 985 2657 1040 in
2689 985 3028 1060 regionibus
3055 986 3265 1043 vestris
3294 986 3368 1042 sit
3394 986 3507 1042 haec
3535 988 3794 1056 temeritas,

2221 1078 2278 1128 et
2306 1090 2607 1130 sacrorum
2657 1091 2835 1147 super
2865 1075 2973 1132 hoc
3021 1090 3312 1131 canonum
3339 1075 3560 1131 violatio
3587 1075 3794 1145 dilatata,

2222 1179 2460 1218 necesse
2490 1167 2579 1218 est
2611 1167 2872 1219 nostram
2905 1162 3353 1219 sollicitudinem
3385 1181 3484 1236 pro
3513 1163 3609 1220 hac
3635 1180 3796 1236 ampu-

2223 1252 2401 1307 tanda
2421 1251 2774 1323 specialibus
2800 1251 3135 1324 impendere
3158 1251 3529 1325 diligentiam.
3555 1255 3797 1325 Quaprop~

2222 1345 2311 1396 ter
2344 1339 2715 1397 dilectionem
2753 1345 3034 1410 vestram,
3067 1343 3237 1413 cujus
3267 1357 3440 1413 opera
3478 1359 3583 1397 non
3611 1342 3796 1414 partim,

2222 1431 2324 1486 sed
2347 1446 2416 1486 ex
2437 1434 2579 1498 toto,
2596 1429 2821 1503 placere
2846 1447 3080 1486 summo
3104 1431 3324 1487 arbitro
3343 1431 3617 1503 cupimus,
3636 1432 3796 1487 obnixe

2222 1519 2617 1591 deposcimus,
2651 1524 2717 1574 ut
2745 1519 2830 1576 sic
2857 1519 3047 1576 zelum
3072 1520 3320 1592 justitia
3358 1519 3576 1590 habeat,
3605 1524 3660 1574 ut
3685 1519 3801 1575 hunc

2223 1609 2550 1664 secundum
2574 1608 2879 1664 scientiam
2899 1612 3094 1665 teneat
3118 1627 3130 1664 :
3160 1609 3246 1666 sic
3263 1608 3459 1665 oculos
3478 1625 3543 1664 ex
3562 1623 3662 1665 una
3680 1614 3802 1681 parte

2221 1696 2530 1770 vigilanter
2557 1697 2799 1768 aperiat,
2835 1703 2900 1753 ut
2945 1714 3012 1753 ex
3060 1697 3244 1756 altera
3291 1702 3452 1771 parte
3488 1697 3804 1753 nihilominus

2229 1785 2442 1841 videat.
2481 1784 2568 1841 Illi
2598 1803 2732 1842 vero
2762 1785 2864 1858 pui
2896 1787 2953 1841 in
2994 1787 3319 1844 sacrarium
3347 1786 3722 1859 provehuntur,
3747 1784 3805 1841 sic

2232 1876 2302 1930 de
2332 1875 2558 1932 collatis
2607 1875 2719 1930 sibi
2751 1874 2920 1931 donis
2971 1876 3198 1931 ccelitus
3245 1877 3460 1948 gratias
3496 1876 3728 1942 referant,
3763 1879 3809 1928 ut

2231 1981 2348 2020 non
2367 1963 2521 2020 sicut
2538 1963 2936 2020 Pharisaeusin
2954 1964 3196 2020 alterius
3219 1965 3634 2036 derogationem
3644 1967 3809 2019 temere

2233 2052 2466 2125 linguas
2517 2057 2802 2108 exacuant
2833 2070 2846 2108 :
2880 2052 3280 2125 periculosum
3329 2059 3418 2110 est
3463 2053 3625 2119 enim,
3667 2050 3810 2106 taliter

2231 2158 2436 2199 omnes
2469 2141 2738 2198 Ecclesiae
2770 2142 3076 2199 ministros
3101 2158 3396 2216 spernere,
3419 2146 3474 2199 et
3492 2141 3571 2198 eis
3592 2139 3810 2212 improvi-

2231 2237 2449 2298 sum,et
2481 2248 2597 2286 non
2628 2236 2895 2304 optatum
2922 2248 3281 2304 praeponere.
3306 2231 3466 2296 Quod
3509 2231 3634 2303 quia
3658 2228 3806 2284 crebro

2229 2324 2655 2393 presumptum
2687 2337 2814 2375 esse
2843 2319 3145 2376 nonnullis
3167 2319 3542 2393 querimoniis
3561 2335 3624 2375 ex
3640 2317 3727 2373 hoc
3738 2331 3806 2389 ge-

2231 2409 2518 2464 mentium
2577 2409 2913 2477 didicimus,
2947 2426 3050 2465 vos
3088 2408 3298 2466 merito
3346 2409 3649 2483 diligentes,
3683 2405 3804 2461 utad

2229 2502 2454 2554 tantam
2485 2498 3016 2572 transgressionem
3045 2499 3344 2556 neminem
3373 2496 3661 2572 impellatis
3677 2509 3804 2566 expo-

2229 2587 2752 2661 scimus.Alioquin
2785 2609 2891 2647 nos
2919 2597 3260 2647 sanctarum
3283 2591 3518 2647 minime
3537 2586 3804 2660 regularum

2227 2675 2622 2747 immemores,
2658 2697 2763 2736 nee
2795 2697 3002 2754 segnes
3032 2685 3403 2737 exsecutores
3424 2679 3704 2736 admodum
3720 2673 3803 2729 exi-

2227 2770 2471 2835 stentes,
2505 2768 2784 2824 adversus
2816 2769 3156 2826 temerarios
3171 2769 3487 2826 succinctis
3507 2765 3697 2823 lumbis
3710 2761 3805 2818 illas

2228 2855 2537 2911 defendere
2569 2858 3039 2928 procurabimus,
3069 2863 3126 2914 et
3155 2859 3472 2914 auxiliante
3511 2854 3706 2912 Christo
3731 2865 3805 2905 no-

2227 2943 2339 3010 bis,
2373 2949 2429 2999 et
2453 2945 2707 3001 ecclesiae
2731 2947 3102 3003 consulentes
3132 2947 3430 3020 ipsius,de
3457 2949 3640 3002 caetero
3663 2955 3804 3012 equa-

2229 3031 2466 3088 nimiter
2493 3033 2802 3091 violatores
2825 3051 3026 3091 earum
3051 3035 3213 3092 nullo
3237 3037 3410 3092 modo
3431 3029 3802 3090 sustinebimus.

463 3116 656 3172 offerri
688 3118 1054 3174 desideratis.
1089 3121 1200 3176 Sed
1232 3123 1502 3193 quamvis
1535 3123 1655 3180 haec
1688 3141 1794 3180 nos
1822 3124 1990 3182 valde
2019 3125 2112 3182 lae-
2144 3108 2189 3175 C
2228 3120 2541 3193 Usquequo
2571 3127 2768 3179 tamen
2794 3125 3061 3180 eamdem
3087 3116 3805 3196 pravaricationemiDCiPi"

457 3203 702 3273 tiﬁcent,
737 3206 990 3262 multum
1021 3213 1216 3264 tamen
1248 3212 1932 3284 contristant,quiaidem
1951 3232 2118 3271 vene-

460 3294 664 3352 rabilis
694 3295 782 3351 vir
806 3313 920 3351 non
954 3298 1024 3352 de
1053 3297 1181 3370 ipsa
1210 3299 1473 3367 ecclesia,
1507 3302 1606 3357 sed
1640 3303 1714 3374 (α)
1741 3304 1811 3358 de
1859 3305 2116 3376 quodam

463 3384 818 3440 monasterio
866 3385 1046 3442 fuisse
1096 3386 1454 3459 perhibetur.
1489 3391 1749 3463 Denique
1801 3409 1935 3448 cum
1979 3410 2117 3467 erga

463 3474 784 3529 monachos
814 3475 1015 3530 eadem
1047 3476 1303 3547 profecto
1323 3478 1676 3551 regula,qua3
1700 3480 1852 3536 circa
1874 3481 2112 3538 clericos

460 3559 558 3631 qui
591 3562 945 3632 provehendi
995 3568 1154 3629 sunt,
1189 3569 1586 3623 conversanda
1622 3569 1735 3638 sit;
1771 3569 2112 3627 indecorum

457 3651 676 3716 tamen,
711 3650 850 3721 quin
883 3652 1077 3722 potius
1109 3653 1381 3709 illicitum
1415 3655 1589 3723 est,in
1611 3656 1802 3713 aliena
1821 3659 2113 3730 stipendia

457 3753 814 3808 quemquam
857 3740 1156 3812 obrepere,
1189 3747 1244 3796 et
1264 3760 1330 3796 ex
1353 3749 1681 3800 transverso
1703 3747 2028 3803 venientem
2051 3749 2111 3804 in

450 3830 660 3890 castra,
698 3826 847 3881 inter
878 3844 1004 3898 quae
1035 3846 1152 3883 non
1186 3831 1477 3899 militavit,
1505 3833 1781 3890 ducatum
1815 3836 2105 3909 arripere;

449 3913 791 3969 beatissimo
825 3916 1155 3986 apostolicae
1181 3919 1337 3974 sedis
1360 3921 1606 3991 praesule
1637 3923 1939 3980 Caelestino
1965 3943 2106 3997 prae-

453 4001 723 4073 cipiente,
757 4008 933 4076 atque
966 4007 1192 4062 dicente
1212 4010 1448 4076 (decrct.
1480 4011 1565 4081 18)
1593 4028 1605 4065 :
1634 4035 1658 4060 α
1686 4013 1848 4068 Tunc
1871 4013 2016 4069 alter
2037 4017 2108 4070 de

451 4090 636 4147 altera
667 4093 918 4165 eligatur
947 4095 1270 4164 ecclesia,si
1293 4098 1362 4153 de
1384 4099 1636 4155 civitatis
1654 4101 1840 4173 ipsius
1858 4102 2103 4171 clericis,

449 4180 544 4236 cui
576 4181 887 4255 episc0pus
918 4188 1006 4239 est
1036 4185 1420 4255 ordinandus,
1457 4187 1657 4244 nullus
1689 4191 1922 4263 dignus,
1948 4194 2102 4264 quod

447 4270 676 4326 evenire
707 4289 824 4327 non
875 4272 1190 4342 credimus,
1240 4277 1494 4346 potuerit
1540 4278 1806 4334 inveniri.
1841 4279 2104 4336 Primum

445 4358 602 4413 enim
634 4358 720 4414 illi
750 4363 1101 4433 reprobandi
1134 4369 1365 4432 sunt,ut
1398 4364 1579 4436 aliqui
1604 4368 1674 4422 de
1702 4367 1904 4424 alienis
1923 4370 2103 4427 eccle-

2227 3224 2362 3263 mus
2392 3210 2682 3281 generalis
2713 3211 2927 3268 decreti
2977 3213 3161 3268 nostri
3210 3213 3408 3286 ligone
3444 3213 3512 3268 de
3539 3205 3804 3282 regionibus

2224 3296 2431 3353 vestris
2462 3299 2744 3355 radicitus
2775 3300 3114 3374 exstirpare,
3147 3302 3507 3373 parcendum
3541 3297 3658 3354 huic
3685 3290 3804 3349 fratri

2215 3384 2342 3454 jam
2375 3389 2432 3440 et
2456 3385 2798 3459 coepiscopo
2830 3393 3030 3444 nostro
3061 3385 3621 3460 presvidimus.Unde
3645 3387 3692 3437 et
3713 3375 3802 3450 pal-

2221 3472 2366 3529 lium
2397 3476 2566 3546 juxta
2618 3476 3102 3533 consuetudinem
3146 3483 3575 3535 antecessorum
3617 3481 3802 3528 suorum

2224 3565 2506 3620 utendum
2555 3564 2606 3620 ei
2657 3566 2983 3621 secundum
3016 3567 3477 3639 postulationem
3501 3566 3717 3620 vestram
3739 3555 3802 3609 di-

2221 3653 2498 3708 reximus.
2531 3652 2642 3709 Sed
2677 3655 2950 3726 petimus,
2986 3661 3049 3710 ut
3078 3656 3233 3712 sicut
3278 3674 3387 3712 nos
3416 3671 3512 3711 vos
3562 3648 3802 3706 audientes

2220 3741 2277 3795 id
2310 3742 2360 3797 ei
2393 3743 2814 3810 concessimus,
2845 3744 2926 3800 ita
2976 3746 3163 3816 pietas
3213 3751 3410 3802 vestra
3454 3761 3550 3816 pro
3593 3757 3650 3795 80
3686 3732 3801 3807 ‘ind

2218 3831 2519 3902 poscimus
2542 3832 2651 3904 ipsi
2676 3831 2875 3905 largiri
2902 3834 3180 3890 muniﬁca
3205 3835 3535 3908 dapsilitate
3553 3830 3798 3901 dignetur:

2217 3935 2310 3974 res
2330 3919 2678 3990 videlicet,et
2700 3916 2944 3993 quaeque
2962 3924 3034 3978 ab
3057 3923 3304 3980 ecclesia
3325 3915 3802 3979 Senonensiabbata

2217 4010 2632 4080 quoquomodo
2663 4009 3412 4084 dignoscuntur,quatenus
3425 4013 3569 4067 sicut
3583 4008 3713 4062 idem
3730 4013 3803 4071 per

2218 4114 2324 4152 nos
2354 4114 2630 4154 concesso
2678 4104 2841 4156 tanto
2873 4118 3116 4157 munere
3146 4102 3405 4157 exterius
3435 4101 3724 4156 decoratur,
3749 4089 3805 4141 ita

2215 4203 2449 4258 quoque
2480 4188 2550 4243 de
2578 4188 2822 4243 redditis
2855 4189 3110 4245 ecclesiae
3142 4190 3257 4245 sibi
3283 4189 3600 4246 commissae
3620 4198 3706 4256 per
3721 4176 3803 4232 cle-

2215 4275 2496 4331 mentiam
2527 4281 2780 4332 vestram
2812 4277 3059 4334 interius
3082 4278 3429 4350 gratuletur.
3445 4274 3596 4341 Quod
3623 4264 3802 4344 pietatis

2211 4379 2360 4435 opus
2409 4364 2574 4419 vobis
2605 4365 2853 4421 suadere
2893 4366 3165 4438 cupimus
3197 4367 3378 4424 etiam
3409 4367 3558 4422 circa
3601 4359 3799 4429 reliqua-3

445 4445 549 4502 siis
580 4448 786 4504 merito
819 4452 1220 4522 praeferantur.
1255 4454 1478 4510 Habeat
1524 4456 1935 4529 unusquisque
1984 4476 2102 4515 sua;
2131 4479 2179 4543 Β
2212 4451 2375 4525 regni
2402 4452 2582 4508 vestri
2629 4453 2904 4510 ecclesias
2948 4457 3357 4513 exercendum.
3395 4454 3613 4512 Scilicet
3647 4456 3799 4504 utnec

445 4535 699 4593 fructum
731 4538 950 4594 militiae
983 4540 1040 4594 in
1075 4541 1406 4612 ecclesia,in
1439 4561 1557 4614 qua
1588 4562 1757 4601 suam
1781 4564 1883 4618 per
1901 4549 2101 4604 omnia

442 4626 728 4698 transegit
758 4630 1007 4693 aetatem,
1035 4629 1091 4683 in
1139 4629 1330 4685 aliena
1360 4630 1654 4702 stipendia
1684 4633 1927 4691 minime
1958 4635 2104 4692 alter

441 4712 719 4785 obrepat;
754 4732 858 4770 nec
908 4717 1040 4773 aliis
1088 4719 1348 4774 debitam
1380 4720 1526 4776 alter
1555 4723 1768 4779 audeat
1809 4725 2102 4782 vindicare

445 4803 794 4858 mercedem.
833 4827 861 4853 »
890 4805 952 4860 In
971 4807 1184 4878 quibus
1198 4809 1389 4866 verbis
1403 4811 1817 4883 perspicacitas
1840 4813 2100 4870 dilectio-

446 4889 536 4944 nis
571 4894 773 4946 vestrae
809 4895 1124 4964 prudenter
1151 4899 1435 4965 attendat,
1471 4901 1748 4971 quoniam
1781 4906 1883 4957 aut
1913 4904 1983 4958 de
2015 4920 2104 4958 ec-

441 4976 630 5032 clesiae
663 4981 1016 5039 Senonensis
1047 4985 1291 5054 clericis,
1327 4989 1427 5058 qui
1479 4991 1849 5046 ordinaretur
1897 4991 2098 5048 nullus

443 5066 658 5140 dignus
691 5069 960 5127 inventus
989 5078 1096 5141 est,
1133 5076 1286 5146 quod
1320 5076 1579 5133 evenisse
1613 5097 1726 5135 non
1779 5079 2094 5150 credimus,

438 5155 693 5212 maxime
725 5175 859 5215 cum
893 5162 968 5215 sit
1001 5161 1427 5233 metropolis,et
1457 5165 1796 5224 clericorum
1828 5186 2094 5226 numero.

437 5244 609 5301 sitate
640 5264 754 5302 non
787 5254 979 5304 careat
1010 5266 1022 5305 :
1055 5254 1156 5306 aut
1186 5256 1337 5306 certe
1367 5253 1459 5308 his
1473 5256 1609 5325 jure
1632 5259 1876 5314 minime
1898 5275 2094 5331 repro-

509 5368 584 5438 (a)
617 5373 995 5447 De_quocla_m
1025 5375 1405 5447 monasterio.
1443 5377 1791 5447 Flaviniaco,
1827 5382 2094 5439 dioecesis

431 5437 1362 5568 Aulgustodunensis.Chronicum
1379 5452 1676 5506 manuscri
1686 5437 1849 5523 ptum
1885 5437 1909 5510 :7
1927 5437 2094 5510 {tunc

432 5509 503 5568 86
563 5515 909 5568 translatum
940 5526 1026 5568 est
1054 5533 1260 5568 camus
1291 5527 1493 5568 mnam
1528 5522 1751 5568 Rmn'mn
1771 5527 2015 5568 nirnins'a
2036 5536 2093 5568 pl

432 5509 551 5568 862ir
563 5515 909 5574 translatum
940 5526 1026 5576 est
1054 5533 1260 5589 corpus
1291 5527 1493 5579 sancta:
1524 5509 1751 5596 Regitlo'l
1771 5509 2093 5601 virginiset

2208 4539 2318 4596 hoc
2333 4541 2657 4598 innumeris
2673 4542 3056 4615 mirificisque
3082 4543 3416 4602 actionibus
3436 4540 3629 4599 vestris
3645 4538 3798 4592 deesse

2212 4629 2433 4686 bonum
2464 4635 2632 4702 pacto
2666 4631 2925 4703 quolibet
2973 4639 3345 4706 agnoscatur.
3396 4634 3539 4690 Nam
3568 4628 3795 4701 quantum

2212 4718 2290 4774 sit
2320 4720 2749 4787 detestandum,
2781 4739 2873 4777 res
2896 4739 2930 4776 a
2956 4723 3071 4794 piis
3097 4723 3333 4796 regibus
3351 4729 3410 4778 et
3431 4718 3635 4778 devotis
3653 4707 3796 4770 homi-

2212 4808 2387 4864 nibus
2418 4809 2534 4865 Deo
2585 4810 2850 4877 donatas,
2896 4811 3191 4884 permissu
3240 4817 3431 4869 vestro
3479 4801 3733 4865 subtrahi,
3756 4800 3798 4852 et

2210 4897 2614 4956 mundialibus
2636 4900 2844 4956 usibus
2875 4901 3324 4974 deputare,quia
3355 4895 3660 4973 epistolaris
3678 4891 3796 4983 locit-

2207 4986 2388 5041 tionis
2423 4989 2664 5043 modum
2696 4989 3077 5061 excessimus,
3108 4996 3312 5046 vestra
3345 4985 3626 5063 sapientiae
3653 4979 3796 5036 subti-

2206 5073 2340 5132 liter
2368 5076 2860 5134 considerandum
2891 5079 3309 5152 relinquimus.

2202 5378 2490 5448 martyris
2517 5381 2674 5448 apud
2701 5381 3122 5449 Flaviniacu-m,
3155 5381 3503 5452 praesidente
3525 5378 3634 5432 loco
3661 5362 3792 5496 £3510

2202 5453 2422 5496 abbate-
2472 5453 2835 5496 nnstmnrlum
2875 5456 3191 5496 Spnnnpnu'
3237 5451 3667 5496 nmhimisnom.
3722 5453 3789 5496 AC-

2200 5453 2423 5581 gbbate,
2472 5453 2836 5520 postmodum
2875 5456 3191 5513 Senonemi
3237 5453 3667 5524 archiepiscopo.
3694 5453 3774 5496 JAC

2247 5539 2366 5581 ιιιΜ.
