3994 6150
209 308 327 370 981

1437 309 1842 374 EPISTOLJE
1885 309 1986 370 ET
2029 310 2388 372 DECRETA
2405 355 2419 372 .

3520 316 3636 380 982

209 440 668 517 exponendum:
693 459 898 500 verum
921 441 1157 502 interim
1179 442 1238 502 in
1267 445 1474 504 diebus
1495 445 1882 519 jejuniorum,
1905 443 1968 511 Α
1997 443 2282 500 Dominus
2309 447 2560 502 testatur
2586 444 2646 502 in
2678 445 2987 522 Evangelio
3013 446 3214 505 dicens
3245 463 3259 504 :
3295 447 3643 509 Muliercum

209 533 273 589 in
299 533 521 606 quibus
543 549 646 605 per
671 533 1085 590 abstinentiam
1105 541 1157 591 et
1175 535 1499 592 lamentum
1521 535 1873 608 poenitentiae

211 623 511 696 praecipue
533 622 779 678 Domino
801 623 1252 696 supplicandum
1271 625 1577 694 est,modis
1599 624 1874 680 omnibus

211 717 308 768 est
335 729 371 768 a
391 712 672 768 carnibus
693 712 1420 778 abstinendum.0uoniam
1443 715 1579 770 licet
1599 713 1873 770 omnibus

211 819 384 858 orare
398 806 456 858 et
471 801 764 858 abstinere
793 803 1476 874 conveniat,jejuniorum
1499 808 1698 860 tamen
1719 807 1873 858 tem-

211 889 462 962 poribus
493 890 750 964 amplius
779 891 1144 948 abstinentiae
1168 893 1445 950 inservire
1464 893 1872 966 oportet,vide-

209 979 446 1047 licet,ut
476 979 576 1052 qui
594 997 656 1036 se
678 980 910 1036 sciverit
937 980 1140 1037 illicita
1159 987 1524 1054 perpetrasse
1545 981 1871 1038 secundum

212 1087 388 1126 sacra
417 1069 730 1125 decretalia
755 1068 814 1124 in
837 1069 930 1126 his
951 1069 1123 1126 etiam
1149 1087 1183 1126 a
1211 1070 1390 1126 licitis
1421 1089 1483 1127 se
1514 1071 1870 1144 quibusdam

210 1159 530 1223 abstineat,
565 1157 1058 1231 quadragesimali
1087 1159 1355 1215 videlicet
1398 1165 1679 1232 tempore,
1713 1160 1869 1231 quod

211 1252 306 1304 est
333 1250 470 1303 ante
501 1247 750 1316 Pascha;
777 1248 1007 1319 jejunio
1034 1253 1167 1320 post
1194 1253 1615 1316 Peutecostem,
1642 1248 1870 1320 jejunio

210 1341 350 1394 ante
383 1335 810 1393 solemnitatem
841 1337 1281 1410 Assumptionis
1331 1343 1545 1394 sanctae
1577 1337 1676 1393 Dei
1707 1339 1869 1410 geni-

209 1426 404 1492 tricis,
435 1429 492 1482 et
534 1442 766 1498 semper
809 1425 1053 1499 virginis
1099 1426 1350 1483 dominae
1395 1431 1606 1482 nostra
1634 1427 1866 1496 Mariae;

212 1533 443 1572 necnon
487 1515 714 1588 jejania
760 1519 895 1571 ante
944 1515 1160 1571 natalis
1207 1515 1439 1572 Domini
1499 1515 1683 1572 nostri
1728 1517 1868 1572 Jesu

209 1605 436 1662 Christi
468 1604 842 1660 festivitatem
877 1608 890 1658 ξ
927 1621 1054 1676 quae
1095 1605 1326 1677 jejunia
1374 1609 1578 1660 sancta
1609 1607 1870 1661 Romana

210 1693 483 1767 suscepit
509 1693 836 1765 antiquitus
867 1697 924 1748 et
953 1697 1111 1750 tenet
1139 1694 1414 1750 Ecclesia.
1451 1695 1515 1750 In
1546 1698 1709 1750 sexta
1737 1711 1868 1750 vero

209 1784 362 1840 feria
390 1781 585 1839 omnis
616 1781 1015 1853 hebdomadas,
1049 1787 1107 1838 et
1139 1784 1196 1838 in
1229 1784 1456 1840 cunctis
1484 1783 1702 1857 vigiliis
1723 1783 1868 1840 insi-

207 1871 422 1947 gnium
454 1870 834 1926 festivitatum
859 1889 892 1926 a
921 1871 1187 1927 carnium
1214 1889 1318 1928 esu
1339 1873 1691 1928 cessandum
1712 1877 1769 1929 et
1780 1874 1868 1944 je-

199 1961 399 2034 juniis
411 1960 966 2029 incumbendum,ut
977 1961 1398 2018 veracitercum
1414 1962 1865 2034 psalmographo

207 2051 330 2108 dici
373 2049 562 2106 valeat
594 2066 607 2104 :
641 2049 721 2105 Ad
764 2066 1046 2122 vesperam
1091 2051 1462 2107 demorabitur
1510 2054 1686 2122 ﬂetus,
1717 2059 1769 2107 et
1797 2053 1868 2108 ad

205 2142 552 2196 matutinum
583 2140 785 2196 laetitia
815 2140 1182 2210 (Psal.xx1x).
1200 2139 1261 2196 Si
1291 2139 1423 2212 quis
1453 2157 1585 2196 vero
1604 2144 1866 2196 vestrum

206 2229 346 2285 aliis
374 2227 620 2302 voluerit
645 2229 792 2284 forte
824 2227 1031 2284 diebus
1063 2245 1098 2283 a
1126 2229 1400 2284 carnibus
1430 2229 1865 2296 abstinere,non

205 2322 354 2375 sunt
385 2317 763 2390 prohibendi:
788 2317 1068 2389 quoniam
1088 2321 1304 2389 quanto
1324 2319 1458 2389 quis
1487 2318 1580 2373 hic
1601 2317 1660 2373 in
1685 2317 1868 2390 lacry-

206 2407 330 2463 mis
342 2405 531 2478 magis
547 2405 1116 2473 seminaverit,eants
1138 2405 1394 2477 amplius
1411 2406 1468 2460 in
1489 2406 1702 2478 gaudio
1721 2423 1869 2462 mes-

205 2513 392 2572 surus
420 2499 509 2551 est
538 2493 598 2550 in
630 2495 749 2550 vita
779 2495 1136 2550 aeterna.Nos
1187 2499 1382 2550 tamen
1432 2495 1614 2563 vobis,
1648 2496 1769 2568 qui,
1803 2501 1869 2552 ut

205 2583 606 2660 praetulimus,
641 2583 830 2639 adhuc
877 2585 1053 2640 rudes
1101 2584 1266 2652 estis,
1297 2587 1354 2639 et
1383 2583 1533 2640 lacte
1583 2590 1866 2656 tanquam

203 2673 441 2749 parvuli
474 2673 914 2740 nutriendi,non
933 2689 1107 2746 grave
1129 2673 1660 2746 potuimusjugum
1683 2675 1867 2730 donec

205 2765 288 2822 ad
320 2763 576 2821 solidum
607 2763 805 2818 cibum
833 2762 1080 2818 veniatis
1111 2762 1430 2834 imponere.
1463 2763 1679 2818 Verum
1713 2763 1868 2819 sicut

205 2853 326 2911 hoc
357 2852 590 2908 interim
623 2869 916 2919 cavemus,
950 2852 1034 2906 ita
1062 2857 1128 2907 ut
1152 2851 1445 2924 prohibita
1473 2869 1588 2908 non
1633 2853 1866 2908 contin-

199 2941 364 3016 gatis
378 2941 568 2998 modis
581 2941 856 2996 omnibus
869 2941 1255 2996 admonemus
1270 2940 1635 3013 :protoplasti
1650 2940 1864 3014 quippe

199 3031 405 3088 solum
437 3047 679 3103 pomum
715 3029 1007 3101 gustando
1038 3029 1280 3085 vetitum
1311 3030 1384 3084 de
1413 3029 1670 3102 paradisi
1691 3047 1864 3086 amoe-

198 3121 391 3177 nitate
414 3118 676 3192 propulsi
708 3121 866 3174 sunt.

275 3187 570 3272 V.Quarta
601 3207 744 3263 feria
769 3207 1036 3280 quamvis
1067 3225 1098 3264 e
1127 3207 1348 3263 caeteris
1397 3209 1606 3264 diebus
1657 3212 1862 3280 prwter
1894 3187 1936 3254 Ο

197 3303 435 3356 sextam
465 3295 668 3354 feriam
700 3297 779 3352 sit
810 3295 1068 3369 amplius
1097 3297 1447 3352 maeroribus
1477 3299 1862 3370 operandum,

195 3405 311 3462 pro
343 3404 412 3444 eo
442 3387 598 3458 quod
625 3385 906 3442 Dominus
938 3385 1065 3458 ipso
1087 3387 1214 3458 jam
1245 3385 1339 3440 die
1371 3387 1428 3440 in
1461 3387 1634 3442 corde
1674 3391 1863 3454 terrae,

193 3477 262 3532 id
297 3481 391 3532 est
418 3475 583 3531 Judae
612 3474 934 3542 traditoris,
956 3475 1388 3546 quodammodo
1420 3474 1688 3547 sepultus
1720 3479 1862 3540 erat,

199 3567 354 3622 dum
386 3563 544 3620 hunc
561 3564 687 3636 ipse
705 3565 880 3619 morti
899 3564 1128 3619 tradere
1157 3563 1578 3618 meditabatur:
1595 3568 1791 3619 tamen
1816 3563 1866 3619 si

196 3657 472 3712 vestrum
504 3652 637 3724 quis
667 3654 868 3708 eodem
901 3651 994 3708 die
1021 3651 1374 3724 vult,potest
1404 3651 1643 3708 omnino
1665 3669 1868 3708 carnes

200 3740 656 3810 comedere,nisi
687 3741 836 3796 forte
867 3740 978 3796 sibi
1009 3748 1110 3796 aut
1139 3757 1174 3796 a
1204 3741 1501 3797 sacerdote
1521 3746 1678 3797 esset
1699 3743 1870 3797 inter-

201 3833 464 3896 dictum,
497 3830 778 3902 quoniam
811 3830 1096 3902 scriptum
1128 3833 1218 3886 est
1250 3847 1262 3885 :
1299 3830 1488 3886 Melius
1541 3831 1868 3902 obedientia,

198 3938 380 3994 quam
406 3920 792 3990 sacriﬁcium(l
819 3919 1076 3991 Reg.xv);
1113 3923 1213 3974 aut
1243 3919 1433 3991 ipsam
1486 3920 1687 3974 feriam
1721 3919 1872 3976 inter

201 4009 338 4066 dies
360 4008 727 4080 jejuniorum
759 4006 988 4062 evenire
1016 4005 1327 4080 contigerit
1353 4025 1366 4061 :
1401 4007 1679 4079 quoniam
1701 4009 1874 4063 Jona-

200 4099 349 4154 thas
380 4097 668 4151 indictum
717 4113 752 4150 a
801 4099 964 4168 patre
1008 4096 1303 4167 jejunium
1335 4095 1630 4150 modicum
1682 4096 1872 4152 mellis

201 4185 508 4261 gustando
535 4184 859 4252 violans,ad
891 4184 1277 4240 occidendum
1299 4185 1369 4239 ab
1393 4185 1519 4256 ipso
1543 4189 1701 4256 patre
1725 4203 1875 4256 quae-

202 4277 365 4333 situs
397 4278 633 4330 estzaut
661 4278 816 4330 certe
843 4273 970 4346 ipse
996 4290 1059 4330 se
1090 4279 1220 4329 voto
1252 4273 1380 4344 ipso
1415 4274 1508 4329 die
1534 4291 1738 4330 carnes
1756 4292 1872 4329 non

202 4368 616 4422 comesturum
650 4363 1082 4431 constrinxerit,
1117 4364 1396 4435 quoniam
1429 4363 1713 4434 scriptum
1743 4369 1869 4418 est:

207 4456 425 4520 Vovete,
477 4461 528 4508 et
579 4451 784 4508 reddite
835 4454 1064 4509 Domino
1117 4455 1222 4507 Deo
1268 4459 1442 4508 vestro
1472 4453 1642 4521 (l’sal.
1687 4457 1870 4520 Lxxv).

1977 536 2130 606 parit
2161 537 2448 591 tristitiam
2496 536 2688 604 habet;
2737 554 2863 592 cum
2909 546 3090 594 autem
3133 539 3341 612 peperit
3381 557 3637 611 puerum,

1975 624 2095 695 jam
2135 641 2246 680 non
2291 627 2545 681 meminit
2591 642 2881 698 pressuraa,
2911 636 3130 699 propter
3176 628 3462 699 gaudium,
3508 631 3640 702 quia

1982 721 2140 768 natus
2191 724 2270 769 est
2317 715 2473 770 homo
2519 717 2578 770 in
2624 715 2886 770 mundum
2921 717 3097 783 (JOun.
3131 724 3248 785 xw)
3283 735 3295 772 :
3331 717 3638 774 mulierem

1984 801 2125 857 dicit
2155 808 2419 858 sanctam
2451 803 2958 860 Eeclesiam.Sicut
2988 805 3143 860 enim
3171 805 3384 861 mulier
3415 812 3551 863 nato
3575 808 3634 863 in

1983 891 2140 946 hunc
2163 893 2450 947 mundum
2474 893 2708 948 homine
2727 893 2974 959 laetatur,
3003 894 3084 948 ita
3100 893 3356 950 Ecclesia
3378 895 3438 950 in
3455 895 3634 952 vitam

1981 982 2242 1036 futuram
2275 982 2536 1038 fidelium
2567 983 2782 1055 populo
2808 985 3098 1056 migrante
3149 985 3328 1057 digna
3377 985 3631 1042 exsulta-

1979 1070 2137 1126 tione
2159 1070 2447 1143 repletur;
2473 1089 2574 1142 pro
2594 1088 2709 1143 qua
2726 1073 2853 1142 ejus
2875 1073 3176 1128 nativitate
3199 1073 3450 1128 multum
3473 1073 3632 1130 labo-

1979 1176 2118 1215 rans
2148 1164 2206 1214 et
2235 1177 2474 1232 gemens
2496 1161 2556 1215 in
2578 1163 2847 1232 praesenti
2871 1163 3036 1233 quasi
3071 1163 3404 1234 parturiens
3433 1161 3626 1218 dolet:

1979 1264 2082 1303 nec
2114 1266 2330 1304 novum
2357 1250 2527 1305 debet
2555 1249 2829 1322 cuiquam
2861 1251 3060 1321 videri,
3111 1251 3161 1306 si
3209 1256 3382 1307 natus
3414 1252 3630 1307 dicitur

1979 1337 2080 1408 qui
2105 1354 2175 1393 ex
2204 1337 2314 1393 hac
2358 1339 2476 1393 vita
2499 1339 2860 1411 migraverit;
2895 1341 3188 1411 quomodo
3219 1341 3376 1396 enim
3409 1341 3627 1396 usitato

1979 1443 2139 1482 more
2172 1426 2386 1482 dicitur
2415 1427 2594 1497 nasci,
2619 1429 2854 1499 quando
2885 1429 3016 1500 quis
3047 1447 3116 1484 ex
3151 1433 3315 1485 utero
3363 1433 3626 1486 materno

1977 1517 2370 1587 procedensin
2388 1517 2742 1573 hanclucem
2765 1520 2908 1587 exit;
2944 1518 3025 1574 sic
3049 1536 3279 1591 quoque
3302 1521 3436 1590 jure
3451 1523 3626 1575 natus

1979 1604 2256 1677 appellari
2289 1611 2482 1678 potest
2498 1607 2742 1679 quilibet
2755 1608 2825 1662 ab
2848 1608 3027 1680 hujus
3059 1607 3253 1663 szeculi
3277 1607 3531 1663 tenebris
3553 1607 3625 1662 ad
3661 1642 3675 1652 -

1977 1692 2176 1749 lumen
2207 1695 2546 1766 pertingens
2565 1696 2886 1752 viventium
2920 1713 2933 1751 :
2966 1713 3070 1767 pro
3101 1714 3217 1768 qua
3246 1712 3382 1769 ergo
3413 1713 3474 1752 re
3495 1701 3628 1767 apte

1977 1783 2400 1840 consuetudine
2416 1787 2649 1840 tenetur
2670 1785 3157 1854 ecclesiastica,ut
3187 1785 3478 1840 solemnes
3497 1785 3631 1841 bea-

1973 1874 2167 1926 torum
2200 1872 2637 1946 martyrum,vel
2669 1876 3070 1929 confessorum
3098 1873 3306 1929 Christi
3341 1873 3628 1946 dies,qui-

1974 1961 2087 2016 bus
2115 1962 2185 2017 de
2215 1961 2324 2016 hoc
2348 1963 2566 2018 mundo
2588 1963 2661 2017 ad
2680 1963 2974 2035 regionem
2996 1964 3318 2036 migravere
3339 1963 3624 2030 vivorum,

1973 2055 2388 2123 nuncupentur
2435 2051 2680 2118 natales,
2715 2054 2816 2108 sed
2843 2056 2898 2106 et
2929 2069 3129 2106 eorum
3175 2051 3462 2107 solemnia
3507 2067 3626 2106 non

1975 2139 2243 2196 funebria
2272 2145 2554 2212 tanquam
2589 2140 2988 2207 morientium,
3023 2142 3123 2195 sed
3155 2145 3220 2194 ut
3250 2145 3381 2211 pote
3411 2139 3472 2194 in
3491 2155 3628 2195 vera

1973 2227 2090 2283 vita
2121 2230 2488 2285 nascentium
2530 2229 2798 2285 natalitia
2844 2229 3187 2284 vociteutur.
3224 2231 3373 2300 Ergo
3405 2227 3454 2282 si
3484 2231 3625 2282 tunc

1975 2317 2093 2372 nati
2125 2322 2262 2373 sunt
2293 2319 2494 2390 utique
2538 2319 2673 2384 Deo,
2707 2319 2797 2374 cui
2848 2318 3045 2373 omnia
3091 2318 3310 2383 vivunt,
3361 2317 3415 2372 in
3454 2317 3627 2387 cujus

1977 2424 2155 2463 manu
2178 2408 2698 2479 justorumanimaa
2718 2409 2917 2480 positae
2935 2408 3336 2480 suut,quando
3357 2405 3466 2462 visi
3489 2407 3629 2461 sunt

1975 2496 2162 2552 oculis
2208 2497 2610 2570 insipientium
2661 2497 2830 2564 mori,
2865 2497 3076 2552 mulier
3124 2502 3328 2552 sancta
3353 2496 3480 2564 jam
3510 2511 3628 2550 non

1977 2587 2247 2641 meminit
2279 2604 2579 2659 praessurae
2610 2591 2846 2658 propter
2873 2585 3324 2660 gaudium,quia
3341 2587 3518 2640 natus
3539 2587 3630 2640 est

1976 2675 2149 2731 homo
2181 2675 2240 2730 in
2274 2676 2654 2741 mundum,id
2673 2681 2760 2731 est
2781 2677 2838 2730 in
2857 2675 3047 2731 lucem
3069 2680 3344 2729 aeternam
3365 2673 3553 2745 :quod
3574 2673 3626 2728 si

1975 2765 2045 2820 de
2077 2766 2204 2835 ejus
2236 2764 2534 2819 nativitate
2558 2764 2804 2830 laetatur,
2840 2781 2952 2818 non
2980 2762 3247 2834 jejuniis,
3281 2779 3397 2816 non
3440 2761 3625 2816 absti-

1975 2853 2334 2920 nentiis,non
2366 2854 2619 2925 denique
2643 2852 2779 2907 ullis
2801 2853 2972 2906 debet
2995 2853 3120 2922 ipso
3153 2867 3356 2906 vacare
3373 2849 3466 2905 die
3488 2866 3627 2905 mm-

1972 2942 2223 2997 roribus.
2258 2943 2534 3008 Quamvis
2565 2941 2623 2996 in
2651 2941 2758 2996 hac
2788 2939 2934 2996 valle
2970 2940 3362 3012 lacrymarum
3395 2953 3626 3010 semper

1971 3031 2294 3104 lugendum
2325 3031 2422 3098 sit,
2455 3035 2514 3086 et
2544 3032 2727 3086 donec
2759 3028 3126 3102 perveniatur
3155 3029 3226 3083 ad
3259 3025 3423 3082 illam
3455 3043 3627 3100 ange-

1973 3119 2164 3176 lorum
2193 3115 3621 3191 festivitatem,sempermoeroribusinsistendum:

1976 3209 2253 3281 quoniam
2286 3209 2394 3264 etsi
2427 3209 2522 3263 hic
2554 3208 3254 3278 solemnilasagitur,non
3274 3210 3472 3260 tamen
3493 3221 3626 3260 con-

1974 3299 2267 3366 tinua,sed
2302 3302 2710 3354 momentanea
2741 3302 2847 3364 est,
2883 3315 3009 3369 quae
3042 3296 3132 3350 vix
3161 3295 3477 3368 aliquando
3499 3293 3626 3350 sine

1976 3386 2173 3442 dolore
2207 3387 2522 3459 perﬁcitur.

2045 3475 2138 3531 Vl.
2173 3476 2347 3532 Porro
2379 3475 2592 3544 dicitis,
2622 3477 2776 3547 quod
2811 3475 3105 3530 ai‘Iirment
3134 3473 3315 3528 Graeci
3346 3471 3628 3540 dicentes,

1977 3565 2132 3636 quod
2164 3564 2325 3621 nullo
2357 3565 2528 3620 modo
2560 3565 2618 3619 in
2651 3569 2859 3635 quarta
2888 3571 2944 3620 et
2973 3569 3134 3619 sexta
3181 3562 3325 3618 feria
3365 3559 3632 3617 balneari

1977 3653 2260 3720 debeatis,
2293 3656 2362 3714 de
2397 3671 2511 3726 quo
2545 3655 2600 3709 id
2636 3671 2742 3709 nos
2773 3670 2803 3709 e
2833 3657 3036 3708 contra
3065 3650 3511 3708 consulentibus
3544 3665 3635 3705 re-

1979 3743 2358 3814 spondemus,
2393 3744 2546 3816 quod
2581 3744 2789 3800 beatus
2819 3760 2969 3814 papa
2999 3740 3396 3813 Gregorius,et
3424 3737 3636 3812 Anglo-

1979 3849 2108 3887 rum
2167 3833 2358 3904 gentis
2409 3831 2708 3905 apostolus
2758 3831 3039 3886 Romanis
3079 3831 3149 3884 de
3197 3827 3499 3884 Dominico
3544 3827 3639 3883 die

1979 3937 2248 3977 sermone
2282 3923 2538 3993 quodam
2563 3921 2763 3976 habito
2797 3921 3144 3992 praedicasse
3196 3919 3408 3989 legitur
3437 3917 3631 3989 (Epist.

1981 4011 2079 4064 lib.
2115 4027 2174 4076 ιι,
2199 4011 2413 4080 epist.3)
2453 4028 2464 4064 :
2499 4009 2724 4064 Etenim
2759 4011 2831 4064 ad
2859 4026 2950 4062 me
2983 4007 3270 4078 perlatum
3303 4004 3581 4069 est,vobis
3604 4021 3639 4060 a

1981 4098 2267 4169 perversis
2297 4099 2633 4153 hominibus
2664 4115 2791 4152 esse
2822 4098 3304 4169 praedicatum,ut
3336 4093 3634 4148 Dominico

1981 4187 2074 4243 die
2106 4185 2304 4242 nullus
2345 4187 2551 4241 debeat
2593 4186 2794 4250 lavari,
2843 4191 2900 4240 et
2949 4183 3187 4256 quidem
3237 4183 3288 4238 si
3339 4199 3440 4254 pro
3490 4181 3632 4235 luxu

1983 4274 2184 4341 animi,
2221 4280 2394 4346 atque
2422 4275 2716 4347 voluptate
2743 4274 2875 4346 quis
2906 4272 3081 4328 lavari
3115 4270 3356 4344 appetit,
3376 4269 3486 4325 hoc
3507 4269 3634 4325 ﬁeri

1982 4381 2088 4419 nec
2120 4365 2342 4435 reliquo
2375 4364 2634 4436 quolibet
2664 4364 2756 4418 die
2790 4362 3166 4418 concedimus
3191 4378 3204 4415 :
3231 4360 3279 4415 si
3311 4362 3506 4415 autem
3528 4375 3634 4430 pro

1985 4455 2331 4508 necessitate
2363 4453 2641 4525 corporis,
2676 4453 2784 4508 hoc
2818 4469 2923 4508 nec
2955 4450 3257 4507 Dominico
3297 4449 3389 4503 die
3437 4446 3634 4520 prohi-

205 4545 391 4598 Sexta
417 4557 552 4596 vero
584 4539 728 4595 feria
757 4541 1092 4613 passionem
1125 4541 1512 4610 Dominicam,
1543 4547 1601 4596 et
1643 4546 1872 4614 aposto-
1905 4563 1952 4628 Ι)
1984 4542 2228 4610 bemus;
2261 4543 2546 4614 scriptum
2580 4543 2795 4614 quippe
2826 4546 2914 4596 est
2959 4559 2971 4595 :
3022 4541 3186 4596 Nemo
3217 4555 3438 4594 carnem
3477 4553 3638 4592 suam

204 4631 412 4688 lorum
445 4629 785 4686 maestitiam
816 4629 1154 4696 recolentes,
1189 4631 1260 4686 ab
1294 4630 1559 4685 omnium
1608 4631 1873 4686 carnium

207 4719 434 4793 epulis,
465 4723 522 4774 et
552 4719 910 4792 pinguedine
940 4723 1151 4793 gustus
1203 4723 1398 4774 noster
1446 4721 1736 4775 arcendus
1767 4725 1874 4790 est,

209 4813 433 4884 praeter
453 4807 503 4863 si
527 4807 798 4864 nativitas
829 4807 1061 4864 Domini
1078 4813 1135 4864 et
1153 4807 1597 4880 epiphaniorum
1621 4811 1880 4879 ejus,aut

209 4896 506 4957 festivitas
539 4897 720 4952 beata
752 4897 955 4954 Matris
986 4897 1220 4953 Domini
1269 4901 1327 4953 et
1370 4898 1729 4953 intemerata:
1758 4899 1880 4954 Vir-

211 4985 382 5064 ginis
431 4984 647 5054 Mariae,
687 5003 790 5042 seu
841 4987 1237 5060 apostolorum
1278 4985 1610 5058 principum
1641 4987 1792 5042 Petri
1824 4992 1882 5044 et

213 5075 413 5142 Pauli,
471 5079 646 5147 atque
705 5076 891 5132 sancti
935 5075 1179 5132 Joannis
1227 5075 1518 5148 Baptistae,
1566 5093 1670 5132 ceu
1730 5077 1882 5133 beati

213 5163 472 5221 Joannis
502 5163 890 5237 evangelista,
925 5181 1152 5220 necnon
1194 5169 1250 5220 et
1297 5163 1566 5237 clavigeri
1600 5166 1722 5220 coeli
1755 5182 1880 5238 ger-

217 5253 412 5319 mani,
442 5253 684 5308 Andreae
715 5252 939 5308 scilicet
968 5253 1382 5326 aposteli,quin
1415 5253 1590 5309 etiam
1633 5259 1688 5310 et
1731 5255 1884 5312 beati

217 5340 513 5414 Stephani
525 5341 1110 5414 protomartyrisipso
1128 5341 1221 5396 die
1234 5342 1496 5397 fortassis
1511 5344 1736 5398 evenire
1754 5362 1886 5400 con-

217 5431 603 5505 tigerit.Nam
634 5431 791 5504 quod
822 5436 1025 5488 sancta
1053 5431 1334 5497 Ecclesia,
1365 5438 1428 5485 ut
1455 5433 1643 5490 mle-lis
1689 5435 1888 5491 anima

222 5523 288 5578 in
324 5520 644 5576 festivitate
695 5537 895 5576 eorum
936 5521 1190 5592 jejunia,
1220 5520 1306 5575 vel
1337 5520 1728 5577 abstinentiae
1760 5541 1886 5594 quae

224 5628 349 5669 non
381 5614 524 5667 sunt
554 5612 834 5682 perpetuo
863 5613 994 5668 voto
1027 5609 1355 5682 proposita,
1389 5609 1609 5666 solvere
1661 5612 1885 5682 debeat,

1981 4633 2104 4688 odio
2135 4633 2348 4701 habuit,
2397 4633 2488 4688 sed
2541 4633 2718 4687 nutrit
2758 4639 2808 4686 et
2855 4632 2997 4701 fovet
3040 4647 3160 4684 eam
3210 4628 3422 4700 (Ep/tes.
3467 4625 3585 4697 vm)
3621 4640 3635 4680 :

1988 4727 2045 4776 et
2089 4739 2326 4776 rursum
2375 4720 2657 4792 scriptum
2711 4737 2723 4775 :
2787 4721 2980 4775 Carnis
3032 4735 3224 4773 caram
3278 4733 3346 4771 ne
3400 4715 3641 4787 feceritis

1989 4813 2046 4866 in
2107 4813 2550 4883 concupiscentiis
2611 4810 2782 4882 (Rom.
2845 4813 2988 4876 xm).
3048 4808 3152 4870 Qui
3213 4805 3392 4878 igitur
3447 4801 3642 4860 carnis

1987 4917 2191 4958 curam
2227 4901 2287 4954 in
2319 4899 2806 4972 concupiscentiis
2842 4898 2962 4953 lieri
2983 4897 3272 4970 prohibet,
3292 4894 3549 4966 proiecto
3579 4891 3640 4946 in

1991 4989 2439 5045 necessitatibus
2469 4989 2906 5044 concedit.Nam
2930 4988 2979 5042 si
3002 4984 3305 5041 Dominico
3321 4983 3414 5041 die
3430 4998 3642 5053 corpus

1991 5079 2180 5135 lavare
2210 5083 2512 5151 peccatum
2543 5083 2653 5141 est,
2681 5076 2858 5132 lavari
2893 5093 3028 5148 ergo
3063 5075 3156 5130 die
3181 5075 3382 5130 eodem
3414 5087 3520 5126 nec
3558 5070 3642 5124 fa-

1993 5169 2110 5224 cies
2144 5167 2401 5224 debet.Si
2435 5173 2629 5222 autem
2661 5165 2770 5221 hoc
2806 5167 2863 5222 in
2895 5167 3155 5238 corporis
3185 5169 3349 5237 parte
3376 5157 3642 5216 concedi-

1992 5263 2108 5325 tur,
2142 5273 2246 5312 cur
2275 5256 2390 5320 hoc
2413 5255 2676 5325 exigente
2708 5254 3056 5310 necessitate
3081 5257 3200 5308 tota
3229 5244 3454 5318 corpori
3477 5255 3644 5312 nege-

1994 5347 2128 5400 tur?
2159 5346 2356 5416 Itaque
2379 5344 2532 5415 quod
2563 5343 2654 5397 hic
2680 5343 2892 5414 prmsul
2906 5342 3237 5406 eximius,et
3261 5329 3648 5390 suavissimus

1999 5437 2200 5490 doctor
2231 5435 2288 5488 in
2322 5433 2622 5489 Dominico
2655 5433 2876 5504 die,qui
2910 5431 3132 5486 earteris
3183 5425 3387 5480 diebus
3420 5435 3655 5474 venera-

1998 5525 2169 5580 bilior
2199 5523 2603 5589 est,coucessit
2635 5540 2646 5576 :
2683 5540 2789 5578 nos
2815 5537 3044 5594 quoque
3075 5518 3132 5571 in
3166 5515 3377 5585 quarta
3417 5514 3474 5565 et
3495 5512 3659 5565 sexta

1997 5615 2142 5672 feria
2174 5631 2288 5670 non
2319 5613 2784 5686 negamus,hanc
2815 5608 3077 5666 videlicet
3098 5599 3512 5658 discretionem
3535 5614 3658 5655 ser-
