4036 6132
386 284 505 350 983

1746 287 2059 352 NICOLAI
2105 287 2333 350 PAPE
2375 288 2423 352 Ι.

3635 86 3929 359 ρεῶ

389 424 613 488 ventes,
644 421 711 477 ut
742 417 1054 493 siquidem
1103 437 1207 494 pro
1250 418 1392 479 luxu
1431 421 1612 479 animi
1662 427 1837 496 atque
1877 421 2036 480 volu-
2065 427 2117 492 Α
2146 420 2394 480 scientia
2423 419 2826 497 impanitens,
2856 417 2947 479 vel
2983 438 3098 480 non
3131 422 3487 480 reconciliata
3511 420 3743 483 fortassis

391 515 552 584 ptate
580 509 714 582 quis
743 508 922 565 lavari
955 509 1324 582 appetat,hoc
1356 510 1477 567 fieri
1510 528 1615 567 nec
1643 511 1867 583 reliquo
1893 528 2038 584 quo-

393 599 538 655 libet
582 599 676 655 die
728 599 1137 654 concedamus.
1184 600 1245 655 Si
1296 604 1491 656 autem
1543 618 1646 673 pro
1696 601 2042 657 necessitate

395 689 676 760 corporis,
709 688 815 744 hoc
866 704 972 744 nee
1018 693 1247 761 quarta,
1300 706 1405 745 nec
1458 695 1619 746 sexta
1667 691 1811 746 feria
1840 690 2042 763 prohi-

395 778 661 833 beamus.

469 866 589 921 VII.
648 865 1039 922 Sciscitamini
1094 872 1391 939 praeterea,
1461 870 1509 924 si
1575 868 1747 926 liceat
1811 886 2045 926 crucem

398 954 629 1012 Domini
658 973 792 1012 cum
824 956 1086 1029 reliquiis
1117 958 1337 1013 mundo
1369 959 1487 1014 sive
1539 958 1845 1015 immundo
1894 960 2046 1016 hanc

400 1044 638 1101 habenti
669 1044 944 1110 osculari,
971 1045 1058 1101 vel
1093 1051 1352 1117 portare;
1385 1048 1539 1119 quod
1572 1047 1623 1103 ei
1655 1049 1755 1120 qui
1787 1049 2046 1104 mundus

402 1137 509 1200 est,
546 1134 787 1189 omnino
835 1132 1001 1203 licet;
1035 1152 1171 1190 nam
1203 1134 1260 1189 in
1289 1136 1488 1191 osculo
1521 1136 1660 1209 quid
1695 1138 1806 1192 nisi
1861 1154 2045 1206 amor,

402 1238 517 1295 quo
549 1222 798 1295 quisque
828 1223 984 1279 circa
1009 1240 1078 1279 ea
1107 1224 1654 1295 flagrat,innuitur?
1681 1227 1741 1283 in
1774 1227 2049 1300 deporta-

400 1312 559 1368 tione
602 1328 732 1368 vero
779 1313 910 1383 ejus
959 1312 1099 1384 quid
1145 1313 1259 1369 nisi
1313 1314 1682 1371 mortificatio
1714 1317 1928 1384 carnis,
1961 1314 2051 1372 vel

403 1400 732 1473 compassio
753 1401 1155 1474 proximorum
1179 1403 1561 1475 exprimitur?
1584 1404 1877 1478 siquidem
1902 1405 2052 1461 hanc

405 1494 461 1546 et
508 1489 787 1546 Dominus
831 1489 1095 1561 bajulare
1143 1493 1434 1565 praecepit,
1468 1494 1567 1549 sed
1616 1494 1676 1550 in
1709 1498 1931 1565 mente;
1963 1512 2055 1551 ve-
2110 1488 2113 1495 ’

403 1596 537 1635 rum
568 1583 625 1635 et
651 1596 785 1635 cum
812 1595 1051 1651 corpore
1082 1584 1363 1652 gestatur,
1395 1586 1461 1638 ut
1506 1586 1563 1639 et
1608 1588 1805 1639 mente
1835 1584 2051 1658 gestari

406 1669 613 1724 debeat
643 1667 873 1724 facilius
904 1668 1279 1739 admonetur;
1314 1687 1453 1726 crux
1484 1673 1699 1745 quippe
1730 1691 1764 1729 a
1793 1674 2054 1730 cruciatu

408 1755 641 1822 dicitur,
693 1759 751 1812 et
806 1761 872 1811 ut
921 1758 1197 1829 prmfatus
1245 1761 1482 1832 exponit
1527 1761 1790 1832 antistes,
1825 1763 2055 1820 duobus

409 1843 603 1900 modis
647 1860 878 1900 crucem
928 1845 1157 1902 Domini
1203 1848 1560 1921 bajulamus,
1623 1868 1757 1908 cum
1817 1856 1919 1908 aut
1956 1869 2061 1925 per

410 1932 825 1990 abstinentiam
857 1951 1090 1991 carnem
1118 1937 1537 2007 afﬁcimus,aut
1567 1958 1670 2013 per
1695 1943 2061 2015 compassio-

412 2036 546 2079 nem
580 2024 1442 2095 proximi,necessitatemillius
1464 2035 1725 2086 nostram
1758 2034 2056 2105 putamus.

412 2112 599 2184 Igitur
623 2129 855 2169 crucem
886 2115 1138 2182 Domini,
1172 2118 1505 2188 passionem
1537 2121 1665 2190 ejus
1694 2127 2061 2187 venerantes.

411 2201 791 2270 osculamini;
822 2208 879 2258 et
909 2221 1012 2276 pro
1042 2206 1169 2276 ejus
1196 2223 1414 2272 amore,
1437 2208 1485 2263 si
1519 2210 1838 2267 necessitas
1860 2212 2058 2286 exigit,

411 2291 616 2346 eadem
681 2291 1032 2364 cogitatione
1080 2296 1420 2364 armamini;
1488 2302 1712 2369 portate
1777 2316 1928 2369 eam,
1958 2301 2062 2357 sed

413 2395 549 2434 cum
582 2396 819 2436 summa
846 2382 1188 2450 reverentia,
1237 2388 1293 2439 et
1334 2401 1572 2456 corpore
1610 2390 1665 2442 et
1696 2389 1867 2444 corde
1898 2407 2065 2445 mun-

415 2467 683 2533 dissimo,
716 2468 799 2524 ita
830 2473 895 2524 ut
922 2487 956 2525 a
986 2475 1181 2526 mente
1228 2477 1418 2529 vestra
1467 2491 1769 2549 nunquam
1810 2478 2060 2548 decidat,

414 2554 473 2611 id
503 2560 613 2626 est,
648 2561 714 2612 ut
735 2562 792 2613 et
821 2574 924 2630 per
951 2558 1365 2618 abstinentiam
1398 2579 1632 2620 carnem
1677 2582 1909 2639 semper
1937 2568 2063 2623 affi-

416 2645 603 2712 ciatis,
633 2650 691 2701 et
714 2663 819 2718 per
847 2649 1312 2720 compassionem
1344 2653 1749 2709 necessitatem
1778 2656 2067 2728 proximo-

412 2751 543 2790 rum
572 2740 825 2795 vestram
859 2738 1097 2809 putetis.
1133 2740 1240 2805 Qui
1266 2740 1421 2797 enim
1453 2741 1710 2799 dolorem
1744 2744 1975 2802 exhibet
2004 2746 2063 2801 in

412 2822 603 2879 aliena
634 2826 1238 2897 necessitate,crucem
1271 2834 1465 2901 portat
1495 2830 1554 2887 in
1588 2834 2067 2897 mente.lmmun-

417 2911 559 2967 dum
592 2917 787 2969 autem
821 2914 971 2971 hanc
1002 2921 1233 2988 portare
1253 2918 1414 2974 nullo
1436 2924 1603 2992 pacto
1626 2922 2025 2993 permittimus
2048 2939 2064 2991 ;

415 3001 701 3073 scriptum
733 3003 952 3078 quippe
981 3009 1071 3060 est
1101 3022 1114 3060 :
1148 3006 1491 3065 Mundamini
1517 3012 1613 3081 qui
1636 3012 1792 3083 fertis
1811 3030 1943 3068 vasa
1962 3013 2067 3069 Do-

2150 517 2404 580 accuset,
2435 511 2525 569 vel
2554 510 2603 569 si
2636 512 2799 569 fratri
2832 513 3193 569 discordanti
3224 513 3353 585 quis
3392 517 3629 569 vestrum
3654 530 3740 571 suo

2149 601 2289 658 vitio
2320 601 2728 659 reconciliatus
2789 602 2988 659 minus
3034 602 3259 658 existat.
3293 601 3432 659 Nam
3486 617 3641 675 quem
3688 602 3746 659 de

2152 691 2363 748 horum
2410 691 2605 766 aliquo
2655 691 3015 749 conscientia
3063 693 3307 759 mordet,
3354 691 3562 765 gravari
3613 695 3745 749 tanto

2153 796 2396 837 munere
2428 781 2626 853 potius
2658 797 2835 854 quam
2858 780 3184 837 remedium
3209 779 3476 853 consequi
3496 778 3749 852 quodlibet

2154 869 2544 925 arbitramur:
2566 870 2847 928 Iudicium
2864 872 3026 925 enim
3057 869 3188 938 sibi,
3210 871 3517 926 secundum
3544 871 3748 941 Aposto-

2154 957 2303 1023 lum,
2332 958 2630 1015 mandth
2674 966 2726 1016 et
2770 960 2906 1015 bibit
2938 960 2986 1031 (I
3012 958 3133 1015 Cor.
3165 962 3265 1028 χι).
3291 957 3495 1013 Verum
3540 957 3604 1013 de
3645 957 3746 1024 hoc,

2156 1050 2214 1102 et
2241 1046 2313 1102 de
2343 1046 2435 1103 his
2465 1047 2565 1119 qui
2592 1046 2900 1104 ecclesiam
2931 1046 3169 1119 quidem
3200 1046 3434 1114 instant,
3466 1062 3563 1102 nec
3591 1048 3748 1100 tamen

2159 1135 2311 1191 facta
2340 1136 2633 1193 oblatione
2672 1137 3129 1203 communicant,
3165 1135 3316 1191 sacri
3362 1149 3595 1191 canones
3637 1134 3752 1189 forte

2160 1225 2522 1280 sufficienter
2547 1225 2879 1294 enuntiant,
2906 1225 3007 1299 qui
3036 1224 3289 1281 antistiti
3316 1228 3499 1280 vestro
3527 1222 3753 1296 sunt,qui

2160 1313 2275 1370 Deo
2304 1315 2468 1370 vobis
2499 1318 2736 1371 auctore
2785 1331 2889 1388 per
2935 1313 3397 1370 mediocritatem
3426 1316 3659 1368 nostram
3683 1327 3752 1367 or-

2161 1402 2456 1459 dinandus
2483 1408 2596 1470 est,
2627 1403 2946 1474 tribuendi,
2980 1407 3039 1459 et
3068 1404 3141 1460 ab
3171 1419 3239 1459 eo
3269 1400 3663 1467 sacerdotibus,
3679 1400 3753 1473 qui

2161 1490 2351 1548 claves
2381 1495 2580 1548 tenent
2608 1492 2886 1562 scientias,
2923 1492 3208 1548 duntaxat
3235 1489 3542 1565 aperiendi,
3563 1493 3615 1546 et
3628 1486 3761 1545 vobis

2162 1577 2567 1650 nihilominus,
2600 1581 2660 1637 in
2689 1581 2906 1655 quibus
2938 1598 3086 1654 opus
3116 1584 3208 1637 est
3255 1584 3311 1637 et
3358 1577 3586 1635 minime
3610 1576 3759 1651 prohi-

2163 1670 2352 1739 betur,
2388 1669 2753 1726 insinuandi.
2789 1668 3027 1727 Interim
3055 1673 3291 1727 tantum
3340 1666 3755 1742 quadragesima,

2165 1774 2342 1831 quam
2372 1775 2502 1816 mos
2520 1758 2794 1816 Ecclesia:
2815 1761 3098 1832 majorem
3116 1755 3579 1830 appellat,omnis
3598 1758 3673 1812 est
3690 1753 3761 1809 die

2168 1853 2394 1905 servato
2416 1849 2703 1921 superiori
2724 1853 2922 1905 tenore
2939 1846 3510 1904 communicandum.
3525 1842 3758 1911 Quoniam

2168 1948 2401 2010 semper
2429 1942 2516 1994 est
2545 1936 2788 1993 orationi
2804 1936 3219 2005 vacandum,et
3235 1933 3530 1992 sacriﬁciis
3547 1931 3759 1989 ﬁdelium

2167 2028 2657 2093 concurrendum,
2695 2032 2752 2082 et
2781 2026 2927 2082 illud
2956 2024 3386 2099 propheticum,
3418 2040 3526 2098 quo
3551 2021 3760 2078 dicitur:

2169 2116 2231 2171 In
2278 2115 2367 2172 die
2402 2117 2612 2189 jejunii
2652 2118 2823 2172 vestri
2864 2117 3147 2171 invenitur
3187 2114 3441 2171 voluntas
3489 2118 3645 2168 vestra
3667 2109 3761 2181 (ιω.

2170 2206 2351 2276 Lvm),
2377 2204 2602 2277 jugiter
2628 2205 2699 2260 ad
2733 2203 3078 2260 memoriam
3127 2202 3537 2260 revocandum.
3568 2199 3619 2256 Si
3642 2198 3762 2255 enim

2172 2308 2241 2349 ex
2270 2310 2559 2350 consensu
2591 2295 3043 2366 eonjugatorum
3074 2292 3255 2348 etiam
3286 2291 3399 2347 alio
3428 2290 3565 2346 forte
3591 2285 3767 2343 mundo

2171 2396 2411 2455 corpore
2456 2387 2718 2455 tempore
2766 2387 3011 2438 vacatur
3047 2381 3319 2449 orationi,
3371 2384 3578 2453 quanto
3614 2375 3769 2450 potius

2172 2470 2305 2539 isto,
2330 2488 2446 2544 quo
2473 2471 2587 2527 Deo
2620 2470 2795 2527 etiam
2827 2470 3022 2526 carnis
3055 2474 3273 2527 nostra:
3304 2468 3551 2525 decimas
3579 2466 3765 2527 damus,

2174 2576 2289 2635 quo
2321 2561 2517 2634 ipsum
2551 2560 2607 2615 in
2636 2558 2992 2615 abstinentia
3021 2557 3341 2615 Dominum
3373 2556 3664 2622 imitamur,
3680 2567 3770 2624 quo

2173 2667 2289 2706 non
2322 2650 2512 2706 solum
2543 2648 2975 2714 illicita,verum
3006 2647 3187 2704 etiam
3219 2646 3407 2703 multa
3430 2664 3463 2701 a
3492 2643 3641 2700 nobis
3656 2655 3769 2713 quo-

2174 2756 2289 2812 que
2320 2737 2481 2794 licita
2506 2738 2711 2794 merito
2743 2736 3271 2803 resecamus,omni
3302 2741 3390 2793 est
3416 2731 3669 2805 voluptati
3702 2744 3768 2785 ιτα

2175 2828 2567 2885 nuntiandum
2585 2827 2615 2883 ?
2647 2832 2703 2883 et
2736 2830 2799 2881 ut
2826 2826 3068 2882 licenter
3094 2825 3348 2881 orationi
3377 2828 3614 2889 vacetur,
3632 2817 3770 2874 rastl~

2175 2918 2279 2973 tati
2313 2916 2530 2973 mentis
2559 2921 2616 2972 et
2643 2914 2904 2988 corporis
2935 2913 3446 2971 incumbendum?

2242 3006 2497 3063 X.Nosse
2528 3005 2811 3079 eupititis,
2843 3005 2893 3060 si
2926 3003 3095 3060 liceat
3123 3002 3301 3060 alicui
3327 2996 3664 3066 Sabbato,vel
3686 2995 3767 3052 Do-

414 3092 562 3146 mini
589 3092 716 3163 (Isa.
750 3097 867 3161 LII).
904 3094 1143 3149 Nullum
1191 3111 1326 3151 vero
1374 3097 1604 3154 Domini
1646 3117 1746 3155 vas
1777 3102 2061 3158 sacratius

2178 3095 2391 3151 minico
2421 3096 2515 3151 die
2543 3093 2966 3150 laborationem
2997 3091 3262 3165 aliquam
3294 3105 3570 3148 exercere.
3599 3086 3667 3143 De
3690 3084 3775 3140 hoc

410 3183 499 3234 est
528 3197 697 3236 cruce
728 3181 1047 3250 Dominica,
1085 3201 1214 3256 quae
1246 3184 1439 3257 ipsum
1473 3192 1701 3259 portare
1754 3190 2064 3246 Dominum
2097 3167 2139 3234 (ἶ
2178 3203 2327 3259 saepe
2360 3188 2720 3241 memoratus
2744 3186 2986 3239 sanctus
3016 3198 3169 3254 papa
3197 3180 3511 3254 Gregorius
3534 3178 3772 3233 Romanos

412 3269 644 3324 meruit.
678 3270 941 3326 Osculari
975 3276 1169 3327 autem
1203 3291 1330 3329 eam
1364 3275 1671 3333 immundo
1721 3296 1834 3334 non
1877 3278 2013 3334 licet
2045 3296 2059 3335 :

408 3358 687 3428 quoniam
721 3376 785 3414 eo
818 3359 945 3431 ipso
977 3363 1132 3432 quod
1162 3362 1507 3421 immundus
1526 3366 1765 3439 est,ipse
1790 3369 1954 3424 testis
1976 3372 2065 3425 est

409 3463 586 3518 quam
648 3448 1155 3506 mortificationem
1212 3454 1407 3510 carnis
1453 3472 1566 3509 non
1625 3455 1865 3527 diligat;
1928 3474 2063 3529 ergo

412 3551 590 3606 quam
623 3552 736 3590 non
770 3543 931 3593 amat
955 3556 1059 3594 nec
1081 3540 1625 3605 osculetur,neforte
1655 3544 1725 3599 de
1748 3562 1813 3599 eo
1836 3544 2067 3600 dicatur

414 3624 570 3695 quod
603 3625 674 3679 de
706 3627 967 3696 reprobis
1002 3629 1244 3684 Domino
1276 3647 1378 3702 per
1407 3631 1752 3703 prOphetam
1805 3632 2066 3706 inerepa-

415 3711 565 3766 torie
596 3711 813 3767 dicitur

416 3808 599 3854 autem
630 3816 818 3855 eorum
849 3803 1007 3870 longe
1044 3813 1123 3859 est
1168 3823 1202 3860 (ι
1248 3822 1333 3862 me
1380 3807 1507 3878 (Isa.
1555 3826 1716 3876 xxix,-
1758 3810 1942 3877 Matth.
1968 3814 2071 3879 x);

418 3893 476 3943 et
504 3887 818 3945 Psalmista
850 3908 863 3946 :
895 3892 1165 3961 Dilexere,
1218 3894 1430 3966 inquit,
1480 3914 1605 3953 eum
1654 3900 1714 3953 in
1750 3916 1841 3955 ore
1868 3917 1984 3968 suo,
2017 3908 2069 3956 et

417 3978 478 4031 in
528 3978 719 4049 lingua
761 3995 865 4034 sua
911 3984 1128 4038 mentiti
1170 3991 1301 4039 sunt
1345 3986 1514 4053 (Psal.
1549 3990 1774 4059 Lxxvu).
1815 3989 1889 4045 De
1939 3989 2065 4045 reli-

417 4066 573 4137 quiis
604 4083 734 4121 vero
764 4074 1103 4125 sanctorum
1134 4073 1336 4128 eadem
1370 4074 1643 4144 dicimus,
1668 4093 1917 4149 quorum
1948 4096 2066 4133 eor-

415 4170 555 4226 pora
572 4155 792 4228 templa
811 4161 868 4213 et
892 4173 1029 4213 vasa
1056 4159 1211 4215 l‘uere
1234 4165 1487 4234 suntque
1510 4163 1969 4239 Dei,quibusque
1993 4168 2064 4222 ad

416 4244 616 4299 omnia
645 4245 797 4301 bona
843 4264 1019 4318 opera
1069 4252 1350 4323 tanquam
1393 4253 1630 4326 organis
1662 4260 1901 4311 sanctus
1923 4274 2071 4312 usus

416 4338 522 4396 est.
557 4335 794 4405 quando
822 4336 1028 4403 voluit,
1063 4338 1339 4409 Spiritus.

486 4420 610 4478 νη.
650 4423 798 4496 Ergo
831 4426 1133 4497 praemissa
1162 4428 1340 4501 digna
1370 4431 1717 4498 reverentia,
1753 4432 1803 4487 si
1836 4435 2068 4489 mundi-

864 3732 878 3768 :
930 3716 1172 3786 Populus
1214 3718 1304 3771 hic
1351 3718 1516 3773 labiis
1563 3736 1651 3776 me
1693 3722 1942 3788 honorat,
1975 3738 2069 3777 cor
2118 3711 2125 3717 ’

2170 3274 2479 3346 alloquens
2529 3276 2610 3328 ait
2644 3273 2835 3345 (Epist.
2871 3271 3056 3338 lib.xi,
3087 3287 3172 3343 ep.
3206 3271 3263 3342 3)
3295 3288 3309 3325 :
3345 3266 3595 3326 Pervenit
3619 3262 3678 3319 ad
3703 3274 3773 3315 me

2178 3364 2469 3436 quosdam
2504 3362 2756 3433 perversi
2784 3359 3030 3433 spiritus
3059 3359 3336 3415 homines
3366 3374 3536 3431 prava
3553 3356 3775 3409 interm

2173 3451 2391 3524 aliqua,
2426 3457 2478 3507 et
2529 3438 2744 3507 sanctae
2796 3450 2929 3506 fidei
2983 3449 3229 3505 adversa
3277 3442 3702 3508 seminasse,ita

2173 3541 2266 3597 die
2296 3539 2536 3597 Sabbati
2569 3539 2789 3611 aliquid
2825 3537 3051 3627 operari
3083 3536 3481 3627 prohiberent.
3505 3535 3641 3627 Quos
3665 3524 3772 3627 quid

2175 3630 2333 3685 aliud
2370 3629 2481 3685 nisi
2513 3628 2842 3684 antichristi
2868 3621 3682 3714 praedicatoresrdixerimiqui
3704 3627 3773 3714 re:

2175 3719 2342 3774 niens
2374 3716 2527 3773 diem
2558 3717 2879 3773 Sabbatum
2909 3718 3084 3787 atque
3123 3712 3496 3769 Dominicum
3544 3710 3609 3765 ab
3649 3710 3771 3760 omni

2175 3807 2347 3864 faciet
2378 3802 2548 3878 opere
2580 3804 2859 3861 custodiri
2894 3820 2906 3860 :
2954 3802 3095 3876 quia
3124 3803 3288 3858 enim
3338 3801 3483 3856 mori
3530 3803 3581 3855 et
3620 3807 3771 3850 mur

2175 3913 2311 3970 gere
2341 3894 2602 3962 simulat,
2634 3893 2836 3949 haberi
2872 3892 2930 3947 in
2964 3891 3338 3947 veneratione
3364 3888 3488 3945 vult
3532 3886 3671 3942 diem
3689 3880 3773 3937 Do-

2177 3985 2490 4051 minicum;
2524 3988 2581 4039 et
2610 3982 2749 4054 quia
2770 3982 3073 4053 judaizare
3104 3980 3395 4053 populum
3425 3971 3707 4048 compellit,
3728 3970 3775 4021 υί

2176 4074 2518 4131 exteriorem
2572 4072 2720 4146 legis
2768 4070 2949 4127 ritum
2983 4074 3232 4137 revocet,
3268 4074 3328 4126 et
3360 4066 3470 4124 sibi
3499 4063 3777 4156 {admoram

2179 4162 2484 4238 perfidiam
2520 4161 2754 4231 subdat,
2787 4159 2898 4215 coli
2943 4158 3070 4215 vult
3117 4158 3465 4215 Sabbatum.
3514 4153 3618 4209 Hoc
3657 4153 3778 4204 enim

2179 4252 2336 4325 quod
2369 4268 2470 4324 per
2500 4249 2848 4323 prophetam
2881 4248 3134 4304 dicitur:
3168 4249 3254 4303 Ne
3283 4244 3534 4319 iri/“eratis
3553 4247 3784 4330 oneraret:

2175 4349 2359 4413 portas
2385 4349 2587 4395 vestras
2635 4339 2725 4395 die
2768 4337 2999 4393 Sabbati
3029 4337 3157 4409 (Jer.
3193 4335 3354 4407 xvu),
3405 4331 3597 4389 tandiu
3641 4331 3781 4381 tenen

2182 4429 2391 4502 potuit,
2424 4428 2686 4501 quandiu
2716 4426 2906 4501 legem
2936 4425 3104 4482 licuit
3125 4425 3302 4497 juxta
3350 4422 3593 4478 litteram
3625 4413 3780 4502 enato:

417 4509 501 4566 tia
530 4512 746 4567 mentis
775 4496 1120 4585 etcorporis
1149 4496 1665 4584 comitatur,etiam
1699 4496 2072 4596 quadragesi-
2105 4539 2150 4604 υ
2181 4496 2313 4575 diri.
2345 4496 2419 4573 At
2444 4496 2763 4590 postquam
2777 4496 2985 4589 'gratia
3012 4512 3438 4604 omnipotentis
3470 4496 3777 4604 Dei‘Domifi

420 4599 560 4653 mali
592 4604 873 4672 tempore,
908 4603 979 4657 de
1027 4621 1142 4676 quo
1191 4606 1431 4677 speciali
1477 4608 1907 4667 consultatione
1947 4629 2071 4685 per-

421 4688 676 4742 cunctati
706 4690 869 4755 estis,
902 4708 1134 4747 crucem
1185 4694 1415 4750 Domini
1447 4701 1503 4753 et
1533 4703 1764 4769 portare
1805 4705 1862 4755 et
1908 4718 2074 4774 supe-

422 4774 557 4830 riori
590 4777 793 4849 regula
821 4782 1112 4835 custodita
1150 4781 1285 4838 licet
1331 4801 1465 4841 cum
1514 4785 1749 4843 libuerit
1777 4789 2030 4845 osculari
2058 4809 2071 4860 ;

424 4864 526 4918 sed
556 4869 613 4918 et
640 4868 780 4921 tunc
812 4869 1083 4938 maxime,
1118 4875 1290 4942 atque
1320 4872 1421 4942 ibi,
1455 4876 1691 4946 quando
1736 4882 1793 4932 et
1840 4878 1940 4933 ubi
1970 4896 2076 4934 an-

422 4952 571 5025 tiqui
604 4952 788 5010 hostis
818 4956 904 5012 vel
936 4974 1144 5031 pugna:
1177 4960 1261 5016 vel
1295 4961 1524 5019 insidiae
1554 4964 1842 5037 praecipue
1877 4968 2075 5023 formi-

426 5042 661 5097 dantur.

499 5130 590 5186 IX.
638 5131 875 5204 Corpori
916 5139 974 5189 et
1021 5136 1291 5207 sanguini
1337 5139 1639 5198 Dominico
1697 5144 1957 5216 quotidie
2013 5144 2074 5201 in

425 5220 875 5293 quadragesima
897 5224 1101 5295 majori
1116 5226 1164 5280 si
1179 5226 1465 5284 deberetis
1495 5233 1929 5289 communicare
1942 5251 2077 5291 con-

424 5308 818 5382 sulitiszquod
853 5315 917 5365 ut
947 5311 1066 5379 flat,
1103 5314 1415 5371 Dominum
1449 5319 1910 5391 omnipotentem
1930 5341 2073 5396 sup-

424 5396 651 5465 pliciter
696 5415 1025 5464 exoramus,
1058 5407 1115 5457 et
1164 5420 1264 5458 vos
1313 5421 1516 5460 omnes
1563 5408 2074 5468 vehementissime

424 5483 877 5554 exhortamur,si
912 5494 1107 5546 tamen
1139 5509 1304 5548 mens
1334 5494 1391 5548 in
1418 5496 1626 5551 affectu
1659 5501 1933 5570 peccandi
1957 5517 2072 5556 non

425 5568 521 5638 sit,
555 5572 640 5626 vel
671 5574 718 5628 si
742 5573 911 5646 |banc
941 5593 1056 5633 non
1085 5579 1158 5636 de
1196 5579 1601 5641 criminalibus
1648 5568 1901 5657 peccatis
1942 5604 2075 5644 con-

2181 4607 2365 4664 nostri
2395 4607 2533 4662 Jesu
2566 4604 2778 4662 Christi
2806 4602 3317 4677 apparuit(Tit.u),
3348 4600 3624 4673 praecepta
3646 4591 3780 4681 legis:

2184 4714 2309 4770 qua:
2342 4713 2444 4767 per
2476 4694 2724 4768 ﬁguram
2758 4693 2915 4749 dicta
2944 4695 3101 4757 sunt,
3140 4692 3314 4763 juxta
3341 4688 3584 4743 litteram
3609 4687 3780 4736 serva"

2184 4802 2299 4841 non
2333 4783 2752 4858 possunt.Nam
2783 4782 2831 4838 si
2864 4781 2997 4855 quis
3026 4780 3169 4836 dicit
3198 4778 3312 4834 hoc
3337 4778 3409 4833 de
3428 4773 3662 4863 Sabbato

2184 4874 2557 4940 servandum,
2581 4872 2738 4927 dicat
2768 4886 3006 4927 necesse
3035 4872 3126 4926 est
3152 4868 3335 4925 etiam
3369 4862 3783 4953 carnaliasacrl-

2183 4963 2317 5018 ﬁcia
2345 4961 2758 5034 persolvenda;
2790 4959 2946 5016 dicat
2976 4962 3331 5033 praeceptum
3362 4966 3586 5028 quoque
3610 4948 3673 5003 de
3694 4948 3781 5034 ein

2183 5024 2542 5107 cumcisione
2571 5048 2831 5122 corporis
2860 5048 3053 5104 adhuc
3084 5060 3275 5119 usque
3304 5040 3677 5101 retinendum.
3697 5024 3781 5122 Sed

2183 5146 2387 5197 contra
2415 5154 2478 5195 se
2509 5116 2755 5194 Paulum
2783 5136 3112 5210 apostolum
3166 5116 3372 5190 audiat
3407 5130 3675 5186 dicentem
3700 5135 3712 5173 ε

2181 5228 2628 5297 circumdamini,
2662 5204 2912 5284 ehi-aius
2942 5227 3093 5315 uobis
3138 5222 3287 5315 nihil
3332 5219 3545 5315 prodest
3564 5204 3777 5315 tosti}.-

2183 5320 2300 5375 Nos
2330 5319 2527 5389 itaque
2557 5317 2712 5387 quod
2743 5316 2814 5371 de
2838 5314 3092 5372 Sabbato
3123 5313 3344 5369 dictum
3377 5313 3466 5365 est
3493 5297 3780 5394 spiritaliter

2183 5407 2536 5480 accepimus,
2571 5404 2917 5477 Spiritaliter
2954 5408 3241 5459 tenemus.
3295 5398 3604 5457 Sabbatum
3654 5394 3777 5480 enim

2180 5474 2396 5569 requies
2426 5474 2641 5551 dicitur
2663 5511 2677 5549 :
2701 5510 2901 5549 verum
2934 5498 3130 5549 autem
3154 5490 3473 5582 sabbatuin
3497 5474 3775 5582 ipsum-lg

2180 5560 2545 5658 demptorem
2566 5587 2835 5640 nostrum
2857 5581 3062 5640 Jesum
3084 5580 3379 5640 Christum
3401 5560 3781 5633 Dominum!»
