4036 6132
232 325 360 388 985

1455 325 1863 387 EPlS'l‘OLzE
1907 325 2009 387 ET
2052 323 2434 387 DECRETA.

3533 321 3652 384 986

228 457 660 534 bemus;etqui
678 457 869 517 lucem
887 456 1020 516 fidei
1038 459 1167 532 ejus
1185 460 1502 535 cognoscit,
1517 460 1563 517 si
1584 462 1888 533 peccatum
1918 458 1975 526 Α
2003 458 2063 516 in
2097 459 2356 517 medium
2405 457 2638 525 deferri,
2670 454 2788 516 nisi
2839 454 2994 514 unde
3023 451 3298 514 omnibus
3345 453 3647 530 gaudium,

233 549 726 623 concupiscentiae
747 551 820 606 ad
847 555 1102 606 mentem
1133 567 1236 623 per
1255 551 1455 607 oculos
1485 550 1688 622 trahit,
1716 550 1775 604 in
1799 550 1894 606 die

233 638 477 694 Sabbati
503 655 680 694 onera
700 655 804 711 per
824 645 1021 712 portas
1047 640 1386 696 introducit.
1410 641 1534 696 Non
1557 657 1693 712 ergo
1718 641 1776 696 in
1800 641 1893 696 die

231 727 475 784 Sabbati
507 745 684 784 onera
715 745 816 801 per
861 735 1060 801 portas
1093 729 1542 797 introducimus,
1577 729 1626 785 si
1675 729 1735 786 in
1787 731 1894 786 Re-

232 817 559 889 demptoris
587 819 771 874 nostri
804 821 994 892 gratia
1034 819 1338 875 constituti
1386 821 1643 892 pondera
1674 819 1894 892 peccati

232 906 311 960 ad
341 907 603 962 animam
636 925 739 979 per
781 924 994 964 sensus
1041 925 1349 980 corporeos
1401 926 1516 964 non
1566 909 1892 965 trahamus.

232 993 383 1050 Nam
415 995 570 1052 idem
597 995 880 1052 Dominus
911 1014 978 1052 ac
1006 998 1358 1070 Redemptor
1388 1003 1589 1054 noster
1617 997 1806 1054 multa
1833 997 1894 1054 in

234 1083 332 1138 die
349 1084 590 1140 Sabbati
615 1085 828 1157 legitur
843 1103 1134 1159 cperasse,
1151 1087 1234 1142 ita
1254 1093 1320 1142 ut
1335 1088 1570 1144 Judaeos
1588 1087 1897 1160 reprehen-

233 1173 402 1228 deret
433 1174 670 1230 dicens:
695 1177 832 1245 Quis
862 1185 1102 1231 vestrum
1131 1178 1333 1246 bovem,
1357 1186 1453 1232 aut
1479 1179 1702 1233 asinum
1734 1193 1897 1232 suum

227 1277 344 1317 non
371 1263 536 1319 solvit
579 1266 639 1320 in
685 1265 772 1320 die
819 1265 1062 1332 Sabbati,
1113 1274 1166 1322 et
1209 1266 1360 1322 ducit
1405 1267 1894 1338 adaquare?(Luc.

234 1355 384 1418 xiv.)
408 1351 466 1408 Si
499 1369 636 1426 ergo
666 1353 794 1426 ipsa
825 1370 927 1426 per
947 1371 1009 1410 se
1031 1354 1258 1411 Veritas
1283 1373 1398 1412 non
1420 1356 1702 1412 custodiri
1727 1357 1898 1428 juxta

234 1438 497 1497 litteram
521 1442 830 1498 sabbatum
856 1444 1146 1516 praecepit,
1162 1445 1432 1517 quisquis
1450 1445 1636 1500 otium
1654 1444 1892 1502 Sabbati

231 1531 564 1587 secundum
597 1531 745 1604 legis
764 1531 1017 1588 litteram
1043 1535 1319 1601 custodit,
1336 1533 1429 1589 cui
1452 1533 1619 1590 alteri
1646 1534 1756 1590 nisi
1785 1523 1896 1607 ipsi

237 1620 486 1677 Veritati
527 1621 916 1678 contradicit?
963 1622 1268 1679 Dominico
1296 1640 1428 1679 vero
1477 1625 1570 1679 die
1619 1641 1652 1679 a
1701 1625 1897 1680 labore

231 1713 468 1765 terreno
499 1712 852 1766 cessandum
883 1717 992 1778 est,
1019 1716 1193 1784 atque
1224 1713 1383 1768 omni
1419 1715 1592 1769 modo
1623 1714 1899 1770 orationi-

2002 567 2113 621 pax
2142 556 2198 606 et
2227 550 2506 623 spiritalis
2538 548 2740 605 laetitia
2781 552 3110 620 generetur.
3134 547 3350 603 Verum
3381 546 3476 603 his
3505 563 3651 619 prie-

2001 639 2220 704 libatis,
2243 639 2459 712 quibus
2483 639 2690 694 diebus
2720 642 2928 710 praeter
2959 636 3066 692 hos
3097 636 3260 692 nulla
3290 635 3654 708 sintjudicia

2004 729 2303 785 saecularia
2333 729 2670 794 exercenda,
2696 727 2786 783 lex
2813 744 2921 782 vox
2951 726 3173 782 affatim
3207 725 3491 782 edocehit.

2073 818 2218 874 XIII.
2249 819 2407 874 lnter
2435 816 2788 890 quaestiones
2819 832 2952 872 vero
2985 820 3042 871 et
3072 814 3342 871 consulta
3371 815 3528 887 leges
3550 831 3652 870 vos

2005 907 2336 962 mundanas
2370 906 2662 980 postulare
2693 905 3041 978 perhibetis;
3076 905 3148 962 de
3179 921 3296 976 qua
3333 921 3394 961 re
3420 921 3526 960 nos
3558 921 3654 960 oo-

2004 995 2162 1052 dices
2194 1012 2341 1068 quos
2372 995 2731 1053 necessarios
2751 995 2914 1051 vobis
2934 997 3002 1050 ad
3037 1011 3292 1066 praesens
3317 1010 3447 1050 esse
3469 992 3657 1050 consi-

2005 1087 2209 1142 derare
2250 1085 2673 1158 potuissemus,
2707 1085 2909 1141 libenti
2950 1084 3324 1140 mitteaemus
3354 1082 3570 1149 animo,
3604 1082 3653 1138 si

2005 1192 2177 1246 quem
2206 1192 2382 1246 penes
2403 1192 2505 1230 vos
2534 1191 2661 1230 esse
2692 1173 3320 1246 comperissemus,qui
3352 1171 3460 1228 hos
3489 1171 3654 1228 vobis

2003 1263 2371 1336 interpretari
2404 1263 2728 1336 potuisset:
2754 1263 2802 1318 si
2849 1280 2997 1335 quos
3027 1266 3220 1319 autem
3254 1263 3324 1318 de
3354 1261 3656 1317 mundana

2004 1353 2128 1426 lege
2177 1353 2357 1409 libros
2415 1352 2615 1409 missis
2671 1353 2889 1408 nostris
2920 1352 3211 1420 dedimus,
3246 1368 3378 1406 cum
3439 1348 3654 1407 reversi

2004 1443 2242 1511 fuerint,
2268 1442 2544 1499 nolumus
2570 1441 2650 1498 ibi
2682 1441 2953 1514 relinqui,
2980 1458 3052 1498 ne
3086 1442 3231 1498 forte
3256 1439 3535 1513 quislibet
3553 1455 3654 1496 eos

2003 1532 2166 1588 vobis
2199 1549 2463 1605 perverse
2508 1532 2939 1604 interpretetur,
2967 1535 3068 1587 aut
3115 1529 3366 1587 falsitate
3395 1528 3657 1601 qualibet

2002 1621 2195 1678 violet.

2073 1711 2215 1766 XIV.
2249 1712 2530 1768 Praeterea
2586 1710 2878 1778 indicatis,
2922 1710 3078 1782 quod
3129 1709 3370 1783 quidam
3421 1709 3654 1766 Graecus

233 1799 347 1854 bus
391 1799 814 1868 insistendum;
850 1805 914 1856 ut
939 1802 1092 1873 quod
1128 1802 1489 1875 negligenter
1519 1820 1620 1876 per
1640 1820 1739 1858 sex
1768 1803 1893 1860 dies
1922 1834 1968 1899 B
2005 1802 2294 1858 mentiens
2325 1803 2606 1857 fateretur
2633 1819 2696 1858 se
2726 1801 3130 1874 presbyterum
3175 1816 3322 1866 esse,
3352 1815 3485 1854 cum
3512 1815 3652 1899 .non

233 1888 450 1960 agitur,
478 1905 581 1960 per
609 1889 763 1945 diem
795 1891 1240 1947 resurrectionis
1273 1892 1584 1949 Dominicae
1615 1893 1886 1966 precibus

232 1979 520 2050 expietur.

303 2067 394 2122 XI.
432 2067 494 2123 In
525 2083 776 2140 quorum
821 2068 1218 2141 apostolorum
1269 2071 1356 2126 vel
1409 2076 1733 2145 martyrum
1783 2089 1885 2128 seu

233 2157 659 2224 confessorum,
685 2163 858 2230 atque
887 2158 1178 2230 virginum
1204 2160 1412 2216 diebus
1435 2161 1598 2216 festis
1628 2179 1664 2216 a
1692 2161 1888 2217 labore

231 2250 463 2301 terreno
497 2247 760 2302 recedere
784 2247 1063 2312 debeatis,
1098 2249 1416 2321 inquiritis.
1451 2251 1514 2305 In
1548 2250 1886 2306 solemnita-

232 2333 392 2389 tibus
421 2335 622 2407 utique
665 2337 846 2391 beatae
895 2337 1088 2393 Mariae
1135 2338 1413 2412 Virginis,
1442 2344 1501 2395 et
1548 2345 1884 2396 sanctorum

232 2424 542 2479 duodecim
594 2425 1009 2496 apostolorum,
1045 2443 1112 2482 ac
1163 2427 1677 2500 evangelistarum,
1713 2435 1888 2502 atque

233 2515 612 2584 praeursoris
657 2514 887 2570 Domini
943 2517 1211 2582 Joannis,
1245 2521 1303 2573 et
1359 2519 1546 2574 sancti
1606 2519 1884 2592 Stephani

233 2601 411 2673 primi
444 2604 736 2676 martyris,
761 2621 982 2660 necnon
1014 2610 1070 2661 et
1099 2606 1158 2661 in
1189 2623 1390 2662 eorum
1415 2610 1750 2663 sanctorum
1783 2625 1887 2663 na-

232 2690 460 2757 talitiis,
486 2709 737 2764 quorum
795 2694 951 2766 apud
999 2711 1120 2764 vos,
1156 2701 1265 2752 Deo
1323 2697 1567 2763 favente,
1603 2697 1888 2753 memoria

233 2778 500 2847 celebris,
533 2785 587 2835 et
647 2779 774 2836 dies
831 2783 1074 2838 festivus
1129 2785 1456 2840 habebitur.
1489 2789 1638 2840 Sane
1695 2786 1886 2842 scien-

233 2869 376 2924 dum
408 2873 514 2928 est.
543 2871 822 2942 quoniam
853 2872 1068 2929 idcirco
1099 2873 1158 2928 in
1190 2873 1398 2930 diebus
1428 2874 1591 2930 festis
1613 2875 1684 2930 ab
1711 2891 1886 2946 opere

232 2958 535 3013 mundano
565 2960 917 3015 cessandum
955 2967 1064 3030 est,
1090 2966 1156 3017 ut
1199 2962 1441 3018 liberius
1472 2965 1542 3018 ad
1575 2962 1882 3020 ecclesiam

229 3045 336 3111 ire,
365 3047 612 3118 psalmis
641 3053 699 3104 et
739 3049 975 3122 hymnis
1007 3055 1062 3106 et
1091 3051 1333 3108 canticis
1383 3051 1746 3125 spiritalibus
1792 3052 1884 3108 in-

230 3135 723 3203 sistere,orationi
743 3155 965 3208 vacare,
981 3139 1304 3196 oblationes
1332 3141 1555 3207 ofl‘erre,
1581 3141 1881 3198 memoriis

229 3231 570 3280 sanctorum
616 3229 1068 3293 communicare,
1123 3230 1194 3284 ad
1247 3229 1633 3285 imitationem
1679 3247 1880 3286 eorum
1913 3205 1956 3271 C

227 3329 560 3384 assurgere,
594 3313 845 3387 eloquiis
883 3316 1095 3372 divinis
1144 3318 1464 3388 intendere,
1485 3318 1886 3392 eleemosynas

226 3401 634 3475 indigentibus
694 3405 1032 3461 ministrare
1085 3405 1272 3462 valeat
1318 3407 1705 3464 Christianus.
1750 3412 1884 3476 Qua)

229 3491 433 3545 omnia
454 3492 660 3564 siquis
692 3493 1014 3567 negligens,
1039 3495 1283 3551 orationi
1310 3501 1536 3552 tantum
1568 3515 1772 3553 vacare
1791 3515 1885 3554 vo-

227 3578 406 3635 luerit
437 3581 615 3652 [forte,
644 3581 918 3650 noluerit,
951 3584 1181 3655 HARD.],
1205 3589 1264 3640 et
1294 3585 1364 3640 ad
1398 3591 1634 3642 caeteras
1677 3589 1880 3644 mundi

225 3668 522 3725 vanitates
538 3669 726 3727 licitos
741 3670 1582 3740 labores,converterit,melius
1600 3675 1683 3731 illi
1699 3678 1884 3733 fuerat

229 3757 361 3828 ipso
393 3758 486 3814 die
518 3758 668 3814 beati
700 3761 946 3832 apostoli
1000 3761 1160 3818 Pauli
1213 3765 1514 3836 praeceptis
1560 3766 1883 3822 obaudiens

226 3845 498 3903 laborare
527 3848 802 3906 manibus
842 3851 986 3916 suis,
1021 3855 1085 3906 ut
1114 3851 1354 3908 haberet
1399 3855 1554 3910 unde
1598 3854 1883 3911 tribueret

223 3937 633 3994 necessitatem
667 3939 1046 4010 patientibus,
1070 3942 1568 4012 quemadmodum
1601 3943 1744 4014 ipse,
1778 3943 1880 4016 qui

221 4024 363 4080 licet
395 4025 708 4082 Dominum
743 4028 1045 4084 ordinasse
1071 4030 1246 4096 dicat,
1273 4035 1338 4085 ut
1369 4030 1468 4102 qui
1500 4031 1876 4104 Evangelium

223 4113 628 4181 annuntiaret,
654 4117 725 4171 de
759 4116 1063 4189 Evangelio
1093 4117 1326 4185 viveret,
1361 4135 1474 4174 non
1504 4123 1699 4176 tamen
1733 4137 1880 4176 usus

217 4208 310 4258 est
340 4203 454 4259 hac
484 4209 789 4276 potestate,
824 4207 925 4261 sed
967 4207 1242 4262 manibus
1275 4207 1398 4262 suis
1448 4207 1770 4274 laborabat,
1804 4226 1878 4265 ne

217 4307 396 4362 quem
427 4308 629 4348 eorum
662 4295 880 4365 quibus
901 4294 1278 4368 Evangelium
1308 4298 1662 4368 praedicabat
1679 4315 1878 4371 grava-

215 4385 302 4435 ret
334 4382 386 4451 (ι
415 4382 536 4437 Cor.
570 4383 669 4452 rv).

284 4470 408 4525 XII.
432 4471 594 4534 Quod
623 4471 1018 4544 interrogatis,
1043 4477 1242 4528 utrum
1267 4473 1439 4529 liceat
1459 4473 1518 4529 in
1550 4474 1874 4530 festivitati-

1997 1896 2171 1958 esset,
2196 1909 2261 1947 ac
2283 1908 2383 1964 per
2404 1891 2514 1946 hoc
2545 1890 2834 1963 plurimos
2858 1891 2919 1946 in
2943 1895 3136 1946 vestra
3157 1889 3347 1962 patria
3364 1888 3653 1961 baptizas—

1995 1985 2102 2036 set.
2126 1986 2268 2037 Cum
2300 1997 2438 2052 ergo
2479 1997 2582 2037 vos
2643 1979 3025 2052 inspiratione
3076 1979 3178 2036 Dei
3210 1977 3650 2051 cognovissetis,

1995 2071 2150 2142 quod
2175 2087 2290 2126 non
2315 2079 2469 2126 esset
2490 2071 2808 2142 presbyter,
2829 2068 3253 2141 judicaveritis,
3271 2072 3335 2123 ut
3359 2067 3654 2124 amitteret

1994 2177 2166 2216 aures
2197 2164 2252 2216 et
2284 2176 2476 2225 nares,
2498 2164 2556 2215 et
2597 2159 2898 2214 acerrimis
2929 2158 3268 2214 verberibus
3309 2158 3647 2224 caederetur,

1995 2253 2052 2305 et
2073 2266 2142 2305 ex
2161 2255 2351 2306 vestra
2380 2249 2569 2322 patria
2601 2247 2930 2321 pelleretur.
2954 2249 3095 2303 Ecce
3123 2245 3430 2319 impletum
3461 2249 3552 2302 est
3587 2245 3649 2302 in

1993 2339 2176 2405 vobis,
2208 2339 2492 2411 ignoscite
2523 2338 2712 2402 nobis,
2733 2338 2886 2410 quod
2920 2338 2990 2392 de
3021 2336 3378 2408 quibusdam
3407 2338 3649 2408 Aposto-

1994 2427 2089 2482 lus
2119 2428 2332 2483 clamat
2361 2429 2536 2500 (Rom.
2569 2430 2648 2496 Χ),
2678 2427 2832 2499 quod
2883 2426 3102 2481 habent
3147 2423 3338 2481 zelum
3385 2425 3509 2491 Dei,
3545 2425 3648 2482 sed

1995 2534 2110 2573 non
2142 2517 2464 2573 secundum
2493 2515 2821 2580 scientiam,
2853 2532 2989 2571 nam
3027 2515 3169 2600 licet
3191 2513 3290 2570 ille
3318 2513 3469 2570 male
3500 2515 3647 2571 fece-

1993 2606 2086 2674 rit,
2109 2606 2156 2662 si
2181 2606 2462 2661 mentitus
2484 2610 2594 2672 est,
2615 2622 2716 2662 vos
2739 2610 2935 2661 tamen
2961 2603 3020 2659 in
3055 2604 3162 2660 hoc
3193 2603 3381 2660 zelum
3408 2603 3647 2675 quidem

1993 2697 2178 2770 pium,
2195 2698 2293 2752 sed
2319 2697 2516 2752 minus
2538 2700 2775 2752 cautum
2799 2693 3122 2751 habuistis;
3144 2693 3422 2766 quoniam
3448 2708 3650 2766 quam-

1990 2785 2080 2842 vis
2108 2785 2232 2857 ipse
2264 2786 2624 2842 sacerdotem
2655 2801 2781 2840 esse
2814 2781 3197 2847 simulaverit,
3229 2781 3530 2838 simulatio
3559 2785 3646 2837 ta-

1993 2892 2126 2930 men
2156 2875 2284 2946 ejus
2315 2874 2566 2929 salutem
2616 2872 2890 2945 plurimis
2932 2870 3198 2928 contulit.
3222 2870 3525 2942 Siquidem
3559 2869 3645 2925 di-

1989 2964 2140 3020 versi
2176 2964 2333 3018 fuere
2383 2962 2482 3034 qui
2534 2963 2760 3017 diverso
2818 2961 2989 3016 modo
3022 2960 3342 3028 Christum,
3376 2959 3477 3015 sed
3528 2975 3644 3015 non

1992 3056 2228 3126 propter
2240 3051 2534 3108 Christum
2563 3050 3029 3106 annuntiabant:
3056 3049 3156 3106 sed
3181 3049 3300 3105 sive
3319 3047 3642 3115 occasione,

1992 3142 2111 3198 sive
2130 3142 2654 3214 quomodocunque
2670 3140 2826 3195 hunc
2839 3137 3392 3203 annuntiarent,hos
3408 3141 3642 3193 tantum

1993 3249 2108 3287 non
2142 3233 2320 3302 [form
2344 3229 2452 3285 hos
2482 3234 2677 3285 tamen
2711 3246 2848 3295 non,
2884 3229 3090 3300 HARD.]
3118 3227 3463 3300 prohibebat
3497 3228 3646 3298 Apo~

1993 3320 2200 3385 stolus,
2234 3320 2333 3392 qui
2367 3319 2556 3375 solum
2590 3322 2655 3374 ut
2677 3318 2946 3374 Christus
2976 3316 3444 3382 annuntiaretur,
3467 3315 3646 3388 pluri-

1994 3426 2157 3464 mum
2189 3408 2489 3480 satagebat
2523 3408 2662 3480 quia
2692 3407 2850 3462 enim
2872 3406 3144 3462 Christus
3168 3405 3554 3472 ordinaverat,
3579 3408 3646 3460 ut

1994 3498 2095 3570 qui
2127 3497 2502 3569 Evangelium
2535 3495 2929 3565 annuntiaret,
2967 3496 3037 3550 de
3066 3493 3374 3566 Evangelio
3403 3493 3640 3561 viveret,

1993 3586 2040 3642 si
2066 3587 2234 3641 multi
2262 3586 2476 3641 idcirco
2501 3585 2798 3642 Christum
2822 3584 3233 3657 praedicabant,
3251 3587 3317 3640 ut
3335 3582 3644 3639 commoda

1993 3679 2224 3730 terrena
2245 3676 2633 3746 acquirerent,
2661 3691 2796 3747 ergo
2828 3691 2942 3729 non
2974 3677 3100 3729 erat
3120 3671 3389 3728 Christus
3419 3671 3477 3726 in
3509 3688 3644 3728 cau-

1991 3780 2076 3830 sa,
2101 3764 2202 3820 sed
2232 3763 2510 3819 avaritia:
2545 3781 2751 3820 rursus
2783 3763 2922 3835 quia
2961 3761 3130 3817 multi
3164 3760 3457 3834 Evangelii
3496 3778 3642 3833 pre-

1989 3853 2276 3910 dicatores
2292 3870 2326 3908 a
2346 3853 2618 3909 fidelibus
2637 3853 2867 3925 magnis
2888 3852 3210 3908 honoribus
3228 3851 3639 3918 efferebantur,

1989 3942 2257 3998 nonnulli
2290 3942 2419 3998 ideo
2449 3942 2749 3998 Christum
2789 3941 3198 4014 prmdioabant,
3235 3945 3300 3995 ut
3338 3939 3556 3996 similia
3585 3943 3642 3996 et

1988 4030 2097 4102 ipsi
2140 4031 2502 4103 perciperent
2536 4048 2548 4084 :
2586 4046 2722 4101 ergo
2773 4047 2888 4084 non
2938 4034 3061 4084 erat
3097 4027 3364 4084 Christus
3394 4027 3452 4082 in
3485 4031 3636 4095 voto,

1987 4121 2083 4175 sed
2118 4119 2355 4174 invidia.
2381 4119 2491 4174 Sed
2525 4133 2694 4173 nemo
2727 4117 2973 4173 istorum
3006 4117 3334 4187 prohibitus
3364 4121 3471 4181 est,
3500 4133 3642 4187 quo-

1985 4208 2183 4263 minus
2231 4225 2333 4279 per
2381 4207 2488 4261 hos
2535 4206 2804 4260 Christus
2849 4204 3319 4271 annuntiaretur,
3351 4203 3634 4260 nimirum

1985 4312 2117 4351 cum
2140 4297 2171 4352 J
2177 4297 2324 4352 udas
2342 4296 2494 4351 inter
2509 4300 2744 4350 caeteros
2762 4293 3055 4366 apostolos
3073 4311 3108 4349 a
3123 4293 3370 4348 Domino
3390 4292 3634 4360 missus,

1983 4389 2040 4440 et
2070 4384 2354 4441 miracula
2381 4383 2597 4451 fecerit,
2617 4387 2673 4440 et
2695 4383 2990 4439 Christum
3021 4382 3473 4449 annuntiaverit,
3490 4386 3544 4437 et
3575 4381 3636 4437 in

1983 4473 2220 4530 nomine
2251 4475 2380 4545 ejus
2420 4473 2640 4528 multos
2683 4471 3077 4544 baptizaverit.
3111 4472 3314 4542 Itaque
3362 4474 3427 4527 ut
3477 4470 3636 4526 sedis

214 4557 328 4613 bus
363 4564 704 4616 sanctorum
737 4561 1028 4632 judicium
1063 4562 1282 4634 peragi,
1314 4570 1373 4618 et
1418 4568 1618 4618 utrum
1666 4565 1870 4620 eadem
1902 4575 1951 4638 Β
1981 4561 2314 4634 apostolica:
2347 4560 2559 4634 praesul
2592 4560 2797 4618 scribit
2824 4559 3189 4626 Anastasius,
3212 4575 3327 4614 non
3354 4557 3637 4630 queritur

213 4645 308 4701 die
340 4646 553 4702 debeat
581 4647 776 4715 homo,
800 4650 850 4705 si
877 4649 1091 4722 dignus
1119 4650 1312 4717 fuerit,
1336 4652 1408 4706 ad
1443 4655 1686 4706 mortem
1711 4653 1872 4724 judi-

213 4735 383 4790 cari?
413 4735 719 4793 sciendum
765 4739 1044 4810 quoniam
1095 4740 1154 4794 in
1202 4739 1294 4794 his
1343 4739 1774 4808 festivitatibus,
1809 4741 1872 4796 in

214 4824 437 4895 quibus
457 4827 732 4898 superius
746 4828 819 4882 ab
837 4829 996 4883 omni
1011 4843 1183 4899 opere
1201 4829 1499 4884 mundano
1518 4831 1869 4887 cessandum

212 4926 348 4970 esse
379 4917 857 4985 monstravimus,
883 4917 1066 4973 multo
1099 4918 1290 4990 magis
1320 4935 1354 4972 a
1378 4917 1756 4976 smcularibus
1776 4939 1873 4976 ne-

211 5003 415 5075 gotiis,
447 5009 507 5059 et
553 5005 747 5061 adhuc
775 5023 808 5062 ι
837 5007 1126 5062 mortibus
1173 5007 1587 5063 abstinendum
1621 5010 1740 5066 fore
1770 5012 1869 5066 de-

211 5091 868 5166 cernimuszquoniam
920 5096 1190 5168 quamvis
1249 5102 1564 5169 utrumque
1622 5098 1869 5156 fortasse

212 5179 342 5235 sine
373 5180 547 5253 culpa
576 5182 766 5239 valeat
809 5185 1079 5252 exerceri,
1105 5186 1339 5257 quando
1385 5192 1583 5242 tamen
1616 5187 1708 5243 his
1737 5205 1866 5260 quae

209 5267 314 5323 Dei
343 5273 508 5338 sunt,
541 5271 762 5327 arctius
793 5272 968 5329 homo
1010 5274 1182 5330 debet
1223 5273 1459 5342 haerere,
1496 5292 1626 5347 quae
1657 5277 1865 5332 mundi

210 5362 356 5412 sunt
376 5375 410 5413 a
431 5373 494 5412 ss
515 5361 786 5416 convenit
819 5361 1051 5434 penitus
1079 5379 1338 5418 resecare
1370 5381 1382 5418 :
1418 5364 1704 5436 praecipue
1729 5381 1864 5420 cum

209 5463 278 5503 eo
311 5447 404 5502 die
433 5447 506 5502 ad
537 5449 807 5504 militiam
841 5451 1100 5507 divinam
1133 5453 1415 5508 accedens
1445 5452 1640 5516 homo,
1667 5453 1864 5525 impli-

210 5536 330 5590 cui
381 5553 496 5615 non
528 5537 738 5595 debeat
787 5541 1038 5612 negotiis
1083 5541 1463 5598 secularibus
1487 5544 1561 5610 (Il
1594 5544 1726 5596 Tim.
1760 5542 1860 5614 11):

210 5629 270 5680 st
296 5625 374 5681 ob
408 5627 788 5684 reverentiam
818 5631 996 5685 tantis
1035 5628 1422 5687 solemnitatis
1452 5647 1570 5687 non
1601 5635 1866 5702 oporteat

1979 4651 2135 4723 quis,
2159 4651 2244 4707 vel
2268 4651 2460 4724 qualis
2481 4651 2774 4723 praedicet,
2795 4651 2895 4706 sed
2920 4665 3094 4720 quem
3118 4647 3390 4721 praedicet
3406 4649 3631 4721 (Ληαδι.

1978 4757 2040 4812 n,
2075 4743 2134 4796 in
2160 4743 2317 4812 epist.
2349 4740 2420 4796 ad
2449 4742 2634 4796 Anast.
2670 4738 2847 4810 imp.).

2049 4829 2162 4886 XV.
2201 4829 2374 4885 Porro
2420 4826 2815 4900 interrogatis,
2849 4831 3046 4882 utrum
3098 4827 3364 4883 homines
3414 4827 3498 4882 illi
3531 4828 3633 4901 qui

1978 4918 2088 4974 hoc
2119 4919 2191 4973 ab
2226 4917 2324 4972 illo
2355 4916 2648 4988 baptisma
2671 4919 3034 4988 receperunt,
3060 4915 3372 4973 Christiani
3395 4916 3532 4983 sint,
3558 4933 3631 4972 an

1976 5011 2188 5066 iterum
2213 5008 2491 5080 baptizari
2517 5007 2786 5063 debeant.
2813 5007 2922 5062 Sed
2950 5007 3008 5061 in
3031 5007 3271 5063 nomine
3296 5025 3541 5063 summa:
3564 5024 3632 5064 ac

1976 5098 2288 5154 individua;
2309 5095 2613 5152 Trinitatis
2646 5095 2920 5167 baptizati
2954 5095 3136 5164 fuere,
3155 5095 3469 5153 Christiani
3504 5112 3633 5168 pro-

1976 5189 2122 5244 fecto
2154 5191 2312 5251 sunt,
2336 5189 2393 5242 et
2421 5201 2524 5240 eos
2553 5201 2586 5238 a
2617 5201 2966 5256 quocunque
2989 5184 3322 5241 Christiano
3353 5183 3627 5256 baptizati

1975 5280 2134 5343 sunt,
2161 5275 2364 5330 iterato
2404 5273 2700 5344 baptizare
2740 5291 2854 5329 non
2895 5273 3192 5343 convenit;
3227 5273 3528 5345 quoniam,
3563 5275 3630 5326 ut

1965 5365 2090 5437 jam
2123 5363 2464 5420 nominatus
2499 5363 2846 5420 Anastasius
2877 5363 3234 5435 apostolicus
3266 5359 3522 5432 pontifex
3552 5359 3624 5414 ad

1973 5453 2406 5524 coaequivocum
2449 5467 2622 5506 suum
2655 5451 2860 5507 scribit
2887 5453 3248 5523 Augustum;
3303 5451 3358 5502 et
3404 5447 3626 5519 baptis-

1974 5559 2161 5610 mum,
2184 5542 2340 5613 quod
2373 5539 2574 5612 procul
2601 5540 2676 5596 sit
2696 5541 2768 5596 ab
2789 5540 3052 5605 ecclesia,
3081 5539 3201 5595 sive
3232 5537 3304 5592 ab
3335 5535 3625 5605 adultero,

1971 5630 2060 5687 vel
2092 5649 2126 5687 a
2157 5630 2282 5686 fure
2331 5629 2506 5687 fuerit
2549 5631 2774 5694 datum,
2811 5629 2885 5684 ad
2937 5625 3354 5699 percipientem
3405 5643 3624 5688 munus
