3994 6150
330 322 445 385 987
1702 321 1993 383 ΝΙΟΟῙΑΑ

2106 320 2289 381 ΑΡΑΞ
2331 320 2381 380 I.
3631 315 3767 379 988

330 454 592 529 pervenit
622 454 952 527 illibatum;
986 458 1126 531 quia
1171 475 1278 515 vox
1323 454 1425 515 illa
1474 473 1601 530 quae
1652 455 1849 512 sonuit
1878 471 1980 527 per
2008 455 2064 523 Α
2091 451 2425 527 culpabilis,
2450 451 2511 509 in
2539 455 2625 510 tot
2652 450 2997 510 hominibus
3028 449 3326 509 conversis
3354 448 3498 508 satis
3531 449 3777 507 exstitit

332 544 690 612 columbam,
724 563 954 603 omnem
1000 546 1293 602 maculam
1338 546 1608 601 humanae
1644 543 1984 615 pollutionis
2092 542 2429 600 laudabilis.
2453 543 2841 615 Quarto,quia
2867 542 2975 599 etsi
3005 559 3174 615 pcena
3206 542 3422 614 dignus
3452 545 3597 609 erat,
3638 557 3775 595 non

333 633 607 701 excludit,
634 652 751 707 qua
780 635 1125 702 declaratur,
1150 653 1216 692 ac
1246 636 1498 691 dicitur:
1531 637 1631 691 Hic
1658 642 1736 689 est
1764 635 1861 705 qui
1891 632 1983 688 ba-
2091 637 2289 689 tamen
2321 632 2622 688 debuisset
2653 633 2894 688 modum
2938 631 3178 687 ultionis
3222 632 3518 696 excedere,
3552 645 3672 685 nec
3709 629 3770 683 in

331 726 506 795 ptizat
533 706 707 795 (Joan.
744 729 806 793 ι.)
839 725 896 780 Si
958 724 1135 798 igitur
1164 725 1434 797 quamvis
1491 724 1854 796 baptismum
1913 721 1984 776 ab
2094 739 2279 777 unum
2314 706 2613 778 hominem
2672 726 2778 788 tot,
2810 726 2869 778 et
2924 726 3045 776 tam
3086 719 3351 776 crudelia
3396 720 3775 775 detrimenta

335 813 619 880 adultero,
643 813 728 868 vel
759 814 884 868 fure
911 815 1110 869 datum
1147 815 1338 882 fuerit,
1363 815 1434 869 ad
1468 812 1883 886 percipientem
1910 815 1988 865 ta-
2094 827 2404 884 congerere
2430 829 2441 866 :
2467 828 2603 866 cum
2628 811 2890 867 dimissis
2910 810 2962 865 ei
2986 811 3248 873 naribus,
3264 812 3321 864 et
3345 808 3591 864 auribus
3620 824 3775 878 pro-

336 918 470 956 men
502 919 720 957 munus
752 904 1011 973 pervenit
1042 903 1365 971 illibatum;
1400 920 1577 975 quam
1610 903 1680 957 ob
1714 917 1837 955 rem
1869 917 1984 954 non
2095 899 2259 972 priis,
2285 900 2579 956 sufﬁceret
2609 902 2680 955 ad
2714 917 2943 972 pcenam
2974 898 3057 954 illi
3091 897 3347 971 repulsio
3378 915 3412 952 a
3439 896 3647 969 patria
3668 912 3777 950 ve-

334 988 729 1057 illibatum,et
775 992 900 1047 sine
944 992 1065 1047 ulla
1122 993 1425 1048 iteratione
1475 992 1779 1055 subsistat,
1830 989 1985 1061 quod
2096 994 2236 1056 stra,
2262 1006 2439 1060 quam
2484 1005 2618 1044 cum
2668 988 3112 1043 detruncatione
3143 987 3543 1043 membrorum
3584 984 3777 1056 judi-

334 1078 577 1150 quilibet
608 1081 948 1136 mundanus
992 1082 1166 1137 homo
1198 1082 1422 1148 tribuit,
1457 1087 1513 1135 et
1541 1079 1839 1135 nescimus
1872 1093 1989 1149 qua
2096 1078 2374 1139 cantibus
2394 1078 2560 1134 vobis
2590 1083 2861 1150 expertus
2890 1083 2997 1133 est.

332 1165 657 1225 intentione
680 1186 742 1225 se
770 1171 1171 1243 presbyterum
1196 1170 1461 1242 ﬁngens?
1491 1174 1546 1224 et
1567 1174 1720 1226 certe
1743 1167 1987 1223 Aeacius
2166 1167 2333 1223 XVII.
2358 1167 2542 1239 Igitur
2571 1168 2906 1233 referentes,
2934 1165 3183 1238 qualiter
3214 1164 3410 1220 divina
3438 1163 3780 1219 clementia

334 1256 1012 1330 Constantinopolitunus
1035 1260 1331 1331 quondam
1359 1259 1688 1330 episcopus,
1714 1276 1775 1314 se
1801 1275 1989 1314 sacer-
2096 1253 2488 1311 Christianam
2538 1254 2879 1326 religionem
2931 1252 3328 1325 perceperitis,
3377 1251 3779 1324 qualiterque

336 1345 531 1401 dotem
563 1350 840 1419 ﬁngebat,
864 1366 997 1403 cum
1045 1348 1218 1403 fuerit
1249 1366 1283 1403 a
1312 1348 1499 1403 Felice
1528 1366 1679 1421 papa
1726 1349 1986 1404 Romano
2097 1342 2379 1414 populum
2408 1348 2669 1399 vestrum
2702 1342 2985 1415 baptizari
3014 1359 3249 1398 omnem
3283 1340 3576 1397 feceritis:
3608 1357 3779 1412 qua-

337 1434 653 1491 damnatus
679 1454 691 1491 :
717 1438 819 1492 sed
854 1438 991 1509 quid
1018 1439 1142 1509 jam
1174 1437 1367 1493 dictus
1397 1438 1469 1493 de
1500 1455 1565 1493 eo
1600 1438 1811 1509 prazsul
1841 1440 1989 1493 Ana—
2096 1431 2226 1486 liter
2248 1433 2445 1487 autem
2468 1431 2552 1486 illi
2574 1438 2889 1504 postquam
2910 1429 3180 1504 baptizati
3210 1431 3389 1498 fuere,
3412 1430 3778 1484 insurrexe-

338 1525 558 1580 stasius
587 1525 1115 1595 dieat,audiamus;
1142 1527 1223 1582 ait
1244 1527 1400 1582 enim
1431 1527 1583 1582 inter
1618 1527 1731 1582 alia
1762 1528 1943 1599 (Ibid)
1971 1544 1983 1583 :
2097 1521 2214 1575 rint
2244 1521 2600 1577 unanimiter
2634 1538 2769 1577 cum
2803 1538 3016 1594 magna
3048 1520 3342 1577 ferocitate
3390 1524 3600 1575 contra
3630 1535 3777 1587 vos,

338 1618 479 1668 Cum
514 1614 625 1669 sibi
657 1616 977 1671 sacerdotis
1005 1632 1219 1671 nomen
1244 1616 1487 1672 Aeacius
1512 1616 1781 1672 videlicet
1804 1616 1987 1674 vindi-
2096 1611 2374 1677 dicentes,
2408 1629 2524 1666 non
2558 1611 2773 1667 bonam
2804 1628 2904 1667 vos
2945 1611 3029 1667 eis
3059 1611 3246 1683 legem
3279 1608 3621 1675 tradidisse,
3660 1625 3777 1663 vo-

341 1700 555 1754 caverit
576 1701 1021 1770 condemnatus,
1041 1702 1101 1756 in
1124 1703 1312 1775 ipsius
1332 1703 1542 1759 vertice
1573 1704 1857 1776 superbia:
1888 1708 1986 1759 tu-
2095 1698 2280 1755 lentes
2312 1700 2489 1755 etiam
2521 1716 2622 1755 vos
2670 1700 2953 1769 occidere,
2986 1704 3042 1755 et
3072 1716 3268 1772 regem
3316 1698 3499 1754 alium
3531 1697 3777 1753 consti-

341 1787 744 1892 morinflietus
771 1795 877 1889 est,
904 1791 1041 1862 quia
1071 1808 1186 1846 non
1215 1792 1487 1864 populus,
1516 1793 1616 1865 qui
1646 1792 1989 1849 ministeriis
2018 1828 2065 1892 Β
2095 1791 2282 1859 tuere,
2304 1794 2360 1844 et
2409 1789 2660 1861 qualiter
2687 1789 3030 1888 vos,.divina
3078 1792 3424 1888 cooperante
3463 1787 3774 1892 pptentia,

342 1876 563 1931 donum
584 1876 772 1949 ipsius
792 1878 1046 1948 sitiebat,
1065 1880 1338 1937 exclusus
1358 1886 1476 1937 est:
1498 1883 1599 1938 sed
1623 1883 1819 1939 anima
1840 1882 1982 1949 sola,
2018 1873 2065 1892 "
2097 1879 2376 1934 adversus
2408 1895 2506 1935 eos
2536 1878 2847 1951 preparati,
2872 1896 2907 1934 a
2944 1878 3198 1933 maximo
3239 1894 3424 1949 usque
3453 1876 3529 1930 ad
3566 1873 3776 1930 modi-

345 1982 470 2037 quaa
492 1973 846 2039 peccaverat,
860 1969 1024 2040 justo
1048 1970 1272 2041 judicio
1303 1971 1533 2043 proprie
1555 1976 1678 2027 erat
1695 1972 1943 2027 obnoxia
1968 1988 1982 2026 :
2096 1984 2231 2022 eum
2263 1967 2698 2040 superaveritis,
2725 1972 2781 2024 et
2812 1968 3085 2023 manibus
3109 1965 3319 2022 vestris
3350 1966 3628 2020 detentos
3660 1964 3774 2019 ha-

343 2056 500 2127 quod
529 2054 728 2128 itapue
776 2074 1091 2114 numerosa
1121 2059 1555 2132 Scripturarum
1601 2064 1851 2117 testatur
1897 2061 1985 2115 in-
2096 2055 2359 2124 bueritis,
2386 2055 2753 2128 qualiterque
2784 2073 2987 2112 omnes
3018 2056 3296 2128 primates
3326 2068 3556 2120 eorum,
3576 2058 3775 2125 atque

342 2145 608 2213 struetio,
642 2150 700 2201 et
729 2163 927 2203 revera
964 2148 1102 2220 quia
1151 2149 1474 2205 secundum
1525 2150 1986 2206 famosissimum
2096 2146 2350 2216 majores
2378 2162 2513 2201 cum
2545 2144 2703 2201 omni
2750 2144 2911 2217 prole
2953 2162 3062 2199 sua
3092 2143 3285 2217 gladio
3316 2142 3537 2198 fuerint
3566 2141 3778 2197 inter-

339 2234 681 2306 Apostolum
714 2253 889 2308 neque
916 2239 1015 2308 qui
1037 2239 1274 2310 plantat,
1306 2239 1364 2294 id
1397 2243 1485 2295 est
1515 2240 1857 2307 catechizat;
1889 2256 1988 2294 ne-

344 2339 445 2395 que
474 2326 572 2394 qui
601 2326 823 2393 irrigat,
856 2325 911 2379 id
945 2331 1033 2381 est
1075 2327 1351 2397 baptizat,
1379 2337 1458 2383 est
1501 2329 1744 2400 aliquid;
1773 2328 1865 2384 sed
1893 2330 1990 2400 qui

345 2412 742 2467 incrementum
787 2414 881 2469 dat
930 2419 1069 2469 Deus
1099 2415 1143 2487 (ι
1184 2419 1311 2472 Cor.
1364 2420 1470 2485 In).
1503 2418 1571 2472 Et
1619 2418 1747 2473 ideo
1797 2417 1989 2473 malus

346 2499 500 2554 bona
529 2500 918 2558 ministrando
950 2520 1065 2558 non
1097 2503 1248 2573 aliis,
1273 2506 1373 2561 sed
1405 2505 1515 2562 sibi
1539 2507 1872 2562 detrimenti
1896 2524 1991 2561 cu-

347 2587 577 2644 mulum
600 2589 828 2663 ingerit,
848 2608 915 2647 ac
936 2609 1039 2664 per
1058 2592 1165 2648 hoc
1187 2598 1411 2649 certum
1433 2598 1538 2662 est,
1566 2594 1703 2667 quia
1724 2612 1873 2667 quos
1893 2595 1991 2651 illo

345 2681 580 2733 Graacus
620 2678 951 2751 baptizavit,
984 2681 1147 2737 nulla
1177 2682 1365 2754 portio
1420 2682 1677 2739 lassionis
1733 2685 1987 2757 attingit,

347 2769 582 2838 propter
610 2766 751 2824 illud
779 2785 791 2822 :
816 2770 917 2824 Hic
943 2778 1018 2826 est
1059 2773 1155 2843 qui
1202 2773 1458 2844 baptizat,
1494 2772 1550 2827 id
1582 2777 1674 2828 est
1702 2772 1989 2843 Christus,

347 2860 405 2910 et
433 2855 644 2911 iterum
681 2873 693 2912 :
734 2858 874 2914 Deus
924 2862 1319 2916 incrementum
1375 2861 1487 2932 dat,
1536 2861 1905 2931 subauditur,
1936 2867 1993 2918 et

347 2962 465 3000 non
497 2944 693 3002 homo.

2096 2234 2308 2308 empti;
2344 2234 2664 2290 mediocres
2697 2251 2850 2303 vero,
2874 2250 2976 2289 seu
3004 2233 3260 2289 minores
3284 2231 3429 2287 nihil
3451 2231 3601 2286 mali
3636 2249 3778 2304 per-

2096 2323 2355 2391 tulerint,
2377 2325 2447 2379 de
2479 2324 2571 2379 his
2631 2339 2805 2379 nosse
2862 2322 3205 2378 desideratis
3234 2322 3335 2394 qui
3363 2321 3480 2376 vita
3540 2320 3773 2393 privati

2098 2417 2257 2480 sunt,
2284 2418 2482 2468 utrum
2503 2430 2572 2469 ex
2592 2412 2707 2467 illis
2734 2416 3037 2484 peccatum
3058 2411 3520 2483 habeatis,quod
3546 2411 3775 2483 utique

2098 2502 2224 2557 sine
2254 2506 2488 2574 peccato
2519 2518 2757 2558 evasum
2790 2518 2906 2557 non
2935 2506 3052 2569 est;
3078 2517 3182 2557 nec
3211 2501 3335 2556 sine
3363 2499 3540 2572 culpa
3560 2506 3775 2556 vestra

2099 2591 2223 2646 ﬁeri
2275 2592 2484 2662 potuit,
2519 2595 2583 2645 ut
2636 2589 2850 2662 proles,
2885 2607 3011 2661 quae
3044 2589 3103 2645 in
3134 2589 3376 2645 consilio
3432 2594 3771 2661 parentum

2099 2698 2215 2736 non
2248 2680 2377 2749 fuit,
2412 2696 2517 2736 nec
2546 2680 2826 2736 adversus
2855 2696 2958 2735 vos
3000 2696 3164 2733 arma
3193 2678 3503 2735 sustulisse
3538 2680 3773 2751 proba-

2099 2774 2216 2837 tur,
2249 2769 2530 2825 innocens
2577 2786 2708 2823 eum
2762 2768 3105 2824 nocentibus
3151 2768 3571 2823 trucidaretur.
3606 2768 3774 2824 Nam

2099 2857 2237 2914 hinc
2269 2857 2596 2930 psalmista,
2613 2861 2927 2930 postquam
2952 2856 3209 2913 dixerat:
3241 2859 3356 2913 Non
3385 2857 3503 2913 sedi
3532 2860 3599 2912 in
3626 2874 3775 2913 con-

2098 2949 2226 3004 silio
2255 2950 2537 3013 vanitatis,
2560 2955 2611 3002 et
2634 2964 2759 3002 cum
2788 2949 2983 3019 iniqua
3005 2948 3320 3018 gerentibus
3338 2963 3449 3002 non
3472 2948 3734 3004 introibo
3753 2968 3773 3002 :

419 3034 559 3089 XVI.
580 3036 695 3092 Vos
726 3037 825 3108 qui
857 3038 941 3093 sic
972 3055 1283 3110 personam
1331 3039 1490 3095 illam
1534 3040 1870 3111 judicastis,
1902 3042 1990 3096 in-
2100 3037 2247 3094 odivi
2273 3038 2716 3105 congregationes
2751 3037 3144 3105 malignorum,
3176 3043 3229 3089 et
3267 3051 3389 3089 eum
3422 3036 3617 3105 impiis
3652 3051 3773 3090 non

347 3123 729 3197 vestigatis,si
762 3127 1022 3183 debeatis
1048 3128 1184 3183 hinc
1214 3130 1614 3200 pmnitcntiam
1647 3148 1850 3203 agere:
1879 3132 1991 3185 uti-
2032 3195 2065 3203 _
2100 3126 2323 3191 sedebo;
2353 3125 2527 3197 paulo
2580 3130 2714 3197 post
2770 3127 3089 3197 deprecans
3140 3123 3453 3180 Dominum
3510 3124 3603 3178 ait
3635 3141 3651 3178 :
3694 3130 3778 3182 Ne

348 3229 461 3284 que
492 3213 743 3286 denique
771 3233 942 3271 omne
986 3222 1288 3289 peccatum
1322 3219 1680 3291 pamitentia,
1705 3238 1832 3292 quae
1878 3238 1991 3276 non
2023 3195 2066 3261 (ἶ
2098 3216 2296 3288 perdas
2321 3232 2446 3271 cum
2490 3216 2673 3286 impiis
2706 3216 2952 3269 animum
2979 3230 3177 3279 meam,
3209 3221 3260 3269 et
3305 3230 3429 3267 cum
3458 3213 3605 3267 viris
3627 3230 3776 3268 san-

2101 3306 2332 3375 guinum
2394 3305 2561 3358 vitam
2614 3321 2793 3359 meam
2850 3303 3017 3375 (Psal.
3048 3302 3201 3375 xxv).
3263 3302 3410 3357 Hinc
3468 3301 3779 3358 Dominus

2103 3411 2205 3466 per
2241 3392 2599 3449 Ezechielem
2660 3392 3005 3465 prophetam
3061 3392 3330 3464 perhibet
3376 3391 3587 3447 dicens
3622 3397 3773 3464 (cap.

2101 3486 2300 3552 xvm):
2340 3484 2402 3540 Ut
2432 3483 2621 3537 anima
2662 3484 2862 3553 patris,
2897 3483 2975 3537 ita
3003 3489 3054 3538 et
3082 3483 3274 3537 anima
3318 3482 3431 3550 ﬁlii
3476 3498 3613 3536 mea
3642 3489 3727 3537 est
3757 3500 3773 3535 :

2102 3575 2293 3628 anima
2321 3586 2446 3643 quae
2469 3573 2787 3643 peccaverit,
2830 3572 2951 3643 ipsa
2985 3572 3266 3627 morietur.
3300 3570 3369 3624 Et
3399 3574 3534 3642 post
3578 3586 3777 3642 pauca

2103 3663 2174 3717 de
2206 3664 2367 3733 patre
2399 3660 2573 3715 dicit:
2600 3660 2750 3728 Quod
2798 3662 2848 3715 si
2890 3662 3141 3731 genuerit
3188 3660 3392 3730 ﬁlium,
3425 3661 3523 3731 qui
3576 3660 3775 3716 videns

2102 3750 2287 3806 omnia
2315 3756 2531 3820 peccata
2567 3750 2743 3819 patris
2778 3751 2871 3804 sui
2916 3764 3041 3821 quae
3067 3750 3216 3821 fecit,
3250 3749 3518 3811 timuerit,
3554 3758 3612 3803 et
3655 3766 3771 3803 non

2100 3841 2289 3912 fecerit
2325 3838 2509 3892 simile
2565 3840 2662 3901 eis,
2694 3855 2858 3909 super
2908 3846 3146 3893 montem
3198 3854 3312 3893 non
3366 3836 3686 3906 comederit,
3720 3845 3776 3893 et

2102 3930 2282 3984 oculos
2309 3944 2433 3982 suos
2472 3943 2583 3983 non
2618 3925 2880 3981 levaverit
2931 3927 3000 3981 ad
3047 3927 3196 3982 idola
3241 3925 3433 3983 domus
3481 3928 3684 3992 Israel,
3718 3936 3773 3981 et

2101 4034 2330 4072 uxorem
2355 4017 2600 4088 proximi
2627 4017 2717 4070 sui
2743 4032 2850 4071 non
2874 4017 3175 4085 violaverit,
3204 4024 3257 4071 et
3280 4018 3465 4071 virum
3490 4032 3607 4070 non
3636 4032 3770 4070 con—

2103 4108 2421 4172 tristaverit,
2452 4107 2655 4176 pignus
2683 4121 2790 4161 non
2829 4106 3135 4170 retinuerit,
3158 4113 3207 4160 et
3237 4106 3497 4176 rapinam
3524 4120 3641 4160 non
3672 4122 3769 4159 ra-

345 4210 478 4248 cum
502 4192 559 4247 in
585 4210 652 4248 ea
671 4199 861 4267 gente,
886 4194 944 4249 in
967 4212 1083 4267 qua
1105 4212 1290 4267 usque
1316 4197 1387 4251 ad
1413 4195 1555 4253 illud
1578 4202 1810 4269 tempus
1832 4196 1994 4253 nulla
2098 4197 2299 4269 puerit,
2320 4211 2517 4266 panem
2544 4211 2706 4249 suum
2746 4196 3011 4249 esurienti
3056 4193 3283 4261 dederit,
3313 4203 3368 4250 et
3394 4194 3611 4248 nudum
3639 4210 3769 4264 ope-

344 4286 503 4337 recta
550 4283 716 4348 ﬁdes,
764 4282 924 4339 nulla
971 4301 1106 4340 vera
1156 4285 1356 4357 religio
1407 4286 1721 4351 colebatur,
1757 4286 1996 4341 sibinet
2100 4287 2277 4341 ruerit
2303 4286 2697 4350 vestimento,a
2724 4286 2985 4355 pauperis
3006 4285 3222 4356 injuria
3250 4286 3508 4339 averterit
3532 4300 3771 4337 manum

344 4372 560 4426 ostium
586 4371 805 4427 multos
830 4372 1625 4430 lucrandidivinitusvideret
1645 4379 1995 4446 apertum,et
2101 4392 2279 4439 suam,
2312 4390 2541 4429 usuram
2594 4381 2646 4429 et
2699 4372 3259 4444 superabundantiam
3310 4390 3425 4429 non
3472 4374 3767 4444 acceperit,

346 4459 442 4515 ille
474 4462 716 4517 forsitan
752 4461 1052 4518 anhelaret
1080 4462 1367 4534 plurimos
1398 4464 1470 4518 ad
1510 4468 1741 4519 tantum
1772 4465 1991 4519 donum
2093 4464 2311 4537 judicia
2338 4480 2459 4518 mea
2506 4464 2716 4535 fecerit,
2752 4479 2810 4516 in
2839 4464 3126 4535 praeceptis
3180 4464 3319 4518 meis
3368 4462 3767 4527 ambulaverit,

344 4551 679 4620 perducere,
707 4551 767 4605 in
799 4568 913 4623 quo
945 4568 1006 4607 se
1036 4552 1219 4607 Deum
1251 4556 1514 4608 senserat
1544 4553 1996 4609 misericorditer
2024 4567 2071 4632 D
2103 4554 2191 4609 hic
2218 4569 2329 4608 non
2354 4554 2620 4607 morietur
2649 4554 2711 4606 in
2739 4553 3031 4623 iniquitate
3054 4554 3231 4623 patris
3268 4554 3381 4619 sui,
3406 4551 3499 4607 sed
3528 4553 3641 4606 vita
3671 4553 3768 4604 vi-

345 4639 639 4708 adjuvare.
667 4640 928 4712 Denique
960 4640 1008 4697 si
1043 4641 1220 4697 David
1251 4657 1382 4696 esse
1414 4658 1475 4697 se
1508 4642 1795 4697 furiosum
1830 4641 1994 4697 ﬁnxit
2100 4650 2184 4699 vet
2214 4661 2233 4697 :
2259 4649 2417 4714 pater
2444 4642 2562 4713 ejus
2591 4643 2723 4714 quia
2745 4642 3118 4697 calumniatus
3145 4649 3243 4708 est,
3266 4649 3318 4697 et
3348 4642 3459 4696 vim
3488 4641 3619 4712 fecit
3643 4641 3769 4710 fra-

348 3301 486 3369 nisi,
519 3302 615 3357 Dei
667 3304 855 3375 gratia
904 3307 1237 3373 comitante,
1273 3308 1522 3379 proﬁcit,
1550 3308 1812 3364 diluitur.
1845 3310 1991 3364 Nam

346 3390 632 3447 Dominus
662 3394 919 3464 primum
952 3396 1186 3450 Petrum
1219 3396 1490 3468 respexit,
1524 3402 1581 3452 et
1620 3403 1759 3453 tunc
1791 3398 1993 3454 Petrus

347 3481 418 3535 ad
448 3480 738 3553 laerymas
769 3500 896 3539 sese
916 3485 1217 3547 convertit.
1243 3486 1550 3542 Peccatum
1582 3492 1777 3542 autem
1810 3505 1909 3542 vos
1932 3487 1993 3541 in

346 3567 513 3624 illum
545 3570 844 3626 hominem
868 3577 1233 3645 perpetrasse
1256 3575 1634 3631 manifestum
1666 3582 1774 3631 est.
1800 3576 1994 3631 Primo

348 3657 891 3730 quidem,quoniam
919 3667 1204 3733 quantum
1228 3680 1334 3718 nos
1356 3664 1849 3735 comprehendere
1868 3682 1996 3736 pos-

350 3758 578 3813 sumus,
594 3748 857 3802 nondum
875 3748 1026 3804 clare
1047 3751 1240 3821 patuit
1260 3753 1531 3807 eumdem
1557 3753 1855 3808 hominem
1875 3771 1992 3809 non

349 3850 477 3889 esse
506 3834 932 3907 presbyterum,
962 3841 1019 3892 et
1061 3838 1346 3909 scriptum
1378 3846 1467 3895 est
1498 3858 1510 3895 :
1546 3842 1720 3896 Nolite
1740 3841 1995 3913 judicare

349 3931 474 3978 ante
519 3930 727 3995 tempus
757 3925 805 3992 (Ι
835 3925 954 3980 Cor.
987 3929 1085 3995 1v).
1119 3927 1406 3995 Secundo;
1448 3929 1727 4001 quoniam
1776 3931 1885 3985 etsi
1932 3947 1994 3985 se

347 4013 514 4067 ﬁnxit
543 4030 671 4069 esse
701 4018 856 4086 quod
888 4033 1002 4070 non
1034 4020 1177 4085 erat,
1204 4034 1317 4072 non
1351 4022 1546 4073 tamen
1574 4020 1709 4075 fecit
1731 4021 1883 4091 quod
1920 4021 1996 4075 fa-

346 4106 504 4158 ctum
538 4104 654 4159 Deo
680 4103 770 4159 vel
804 4104 1074 4161 ﬁdelibus
1106 4106 1234 4177 ejus
1260 4124 1374 4163 non
1405 4107 1631 4179 placeat
1658 4126 1671 4162 :
1707 4108 1995 4180 praecipue

346 4726 388 4797 (1
419 4733 546 4796 Reg.
579 4733 716 4798 xxi),
740 4734 805 4784 ut
853 4747 1021 4785 suam
1070 4734 1300 4786 tantum
1350 4729 1597 4787 salutem
1630 4732 1857 4803 operari
1886 4749 1991 4803 po-

345 4814 769 4889 tuisset,quam
810 4836 1021 4875 noxam
1063 4820 1371 4887 contraxit,
1405 4820 1504 4892 qui
1553 4824 1639 4875 tot
1686 4821 1992 4876 hominum

2103 4734 2199 4799 tri,
2231 4739 2283 4787 et
2306 4732 2519 4786 malum
2547 4738 2799 4802 operatus
2837 4740 2916 4786 est
2948 4733 3007 4786 in
3037 4730 3213 4786 medio
3259 4730 3455 4802 populi
3499 4731 3607 4795 sui,
3639 4744 3769 4783 cere

2100 4828 2348 4877 mortuus
2376 4827 2452 4875 est
2496 4822 2554 4875 in
2586 4821 2880 4891 iniquitate
2907 4836 3028 4886 sua,
3051 4827 3103 4876 et
3152 4818 3338 4874 dicitis
3364 4839 3383 4873 :
3416 4820 3593 4887 Quare
3644 4832 3767 4871 non

347 4904 788 4962 multitudinem
821 4910 1232 4981 quoquomodo
1257 4910 1327 4965 de
1356 4914 1642 4981 potestate
1670 4909 1905 4981 diaboli,
1937 4914 1995 4965 et
2097 4911 2336 4983 portavit
2363 4909 2513 4978 ﬁlius
2543 4910 2893 4979 iniquitatem
2927 4910 3139 4981 patris?
3166 4908 3425 4964 Videlicet
3452 4908 3581 4979 quia
3604 4906 3765 4975 ﬁlius

348 4998 573 5048 aeternae
595 4995 936 5064 perditionis
959 4999 1278 5054 abstraxit?
1298 4997 1549 5055 maxime
1571 5016 1706 5054 cum
1729 5016 1789 5054 se
1813 5016 1999 5055 sacer-

346 5084 542 5139 dotem
576 5083 956 5152 simulaverit,
990 5105 1107 5143 non
1144 5092 1341 5144 tamen
1392 5089 1450 5143 in
1500 5089 1849 5161 baptizando
1880 5090 1999 5162 egit

346 5173 500 5247 quod
534 5176 746 5245 praeter
792 5176 1151 5232 sacerdotem
1182 5177 1242 5232 in
1286 5182 1407 5233 tam
1456 5177 1704 5233 evidenti
1749 5179 1996 5235 necessi-

343 5269 463 5320 tate
486 5279 656 5337 agere
678 5261 906 5317 nullum
925 5268 1178 5335 oportet:
1198 5267 1603 5339 presbyterum
1620 5284 1774 5334 vero,
1791 5272 1855 5323 ut
1876 5269 1996 5340 epi-

345 5370 578 5419 namur,
608 5350 824 5407 idcirco
854 5367 915 5406 se
948 5350 1112 5406 ﬁnxit
1140 5369 1295 5420 esse;
1331 5353 1609 5426 quoniam
1635 5355 1761 5425 jam
1797 5371 1995 5410 sense-

348 5447 434 5497 rat
462 5442 626 5499 vobis
658 5442 841 5498 fuisse
891 5457 1155 5507 suasum,
1181 5442 1335 5512 quod
1376 5442 1706 5514 baptizandi
1740 5444 1998 5500 ministe-

347 5530 499 5585 rium
532 5548 646 5586 non
681 5532 794 5588 nisi
835 5530 1190 5604 presbyteris
1232 5534 1463 5584 tantum
1494 5537 1648 5587 esset
1675 5532 1992 5589 indultum.

349 5618 564 5688 Tertio,
591 5621 869 5692 quoniam
899 5620 1007 5678 etsi
1037 5620 1096 5677 in
1137 5619 1249 5677 ista
1288 5618 1661 5676 simulatione
1690 5621 1857 5678 valde
1889 5623 1999 5678 fuit

2103 5009 2153 5055 et
2174 4998 2457 5071 judicium
2480 5006 2530 5054 et
2549 4999 2830 5071 justitiam
2859 5007 3111 5070 operatus
3145 5006 3244 5066 est,
3272 4999 3461 5054 omnia
3486 5004 3767 5068 prme

2101 5105 2225 5144 mea
2266 5087 2575 5155 custodiuit,
2607 5095 2660 5143 et
2708 5089 2839 5159 fecit
2887 5088 3008 5153 illa,
3038 5090 3154 5143 vita
3198 5087 3359 5143 vivet.
3389 5086 3583 5140 Anima
3628 5098 3767 5154 qua:

2099 5178 2404 5252 peccaverit
2432 5178 2554 5248 ipsa
2591 5183 2854 5232 morietur
2881 5198 2901 5232 :
2932 5178 3084 5248 filius
3110 5193 3222 5232 non
3260 5176 3501 5248 portabit
3538 5173 3765 5243 iniqui-

2106 5276 2270 5324 tatem
2294 5268 2490 5338 patris,
2520 5274 2570 5322 et
2611 5274 2770 5338 pater
2805 5283 2915 5322 non
2944 5266 3185 5337 portabit
3230 5267 3573 5337 iniquitatem
3614 5261 3756 5331 filii.

2106 5353 2381 5421 Quamvis
2411 5357 2468 5408 et
2493 5353 2563 5407 de
2612 5352 2955 5424 parentibus
2984 5352 3087 5424 qui
3134 5349 3533 5424 comprehensi
3584 5350 3753 5414 sunt,

2106 5444 2309 5498 mitius
2341 5457 2510 5514 agere
2542 5440 2883 5510 debueritis,
2911 5442 3134 5498 scilicet
3168 5446 3230 5497 ut
3260 5459 3364 5514 pro
3403 5439 3499 5496 Dei
3526 5453 3755 5504 amore,

2107 5532 2207 5606 qui
2238 5549 2336 5590 eos
2385 5531 2444 5585 in
2494 5546 2707 5586 manus
2760 5536 2982 5588 vestras
3039 5532 3377 5601 tradiderat,
3400 5528 3566 5584 vitam
3622 5523 3762 5581 illis

2107 5619 2499 5688 reservaretis,
2533 5623 2826 5691 quatenus
2874 5620 2933 5677 in
2982 5621 3244 5678 oratione
3290 5614 3577 5678 Dominica
3619 5610 3759 5670 Deo
