3994 6150
233 310 354 371 989

1455 316 1853 377 EPISTOLAS
1895 316 1995 377 ΕΤ
2036 315 2424 378 DECRETA.

3520 309 3639 377 990

231 446 511 519 prompte
541 442 731 502 dicere
760 443 1028 503 valeretis
1062 462 1074 502 :
1108 446 1332 505 Dimitte
1378 450 1535 506 nobis
1576 448 1758 506 debita
1785 467 1883 507 no-
1912 451 1969 517 Α
1998 451 2153 506 modi
2179 468 2192 520 ;
2231 451 2523 525 quomodo
2545 450 2833 508 rationem
2856 449 3166 509 redderent
3183 448 3255 508 de
3270 448 3516 524 imperio
3534 464 3640 505 suo

232 542 373 600 stra,
436 536 579 590 sicut
633 543 682 590 et
740 552 836 591 nos
891 536 1215 593 dimittimus
1282 539 1619 595 debitoribus
1686 542 1888 595 nostris

235 624 451 694 (Matth.
486 624 586 695 v1).
620 624 734 679 Sed
781 624 889 681 etsi
939 625 1069 681 illos
1118 643 1411 683 reservare
1458 629 1755 701 potuistis,
1789 630 1887 701 qui

238 712 517 769 bellando
540 713 895 784 interiere,et
916 714 1157 770 minime
1179 716 1365 773 vivere
1389 718 1762 789 permisistis,
1786 735 1890 774 nec

238 802 470 858 salvare
500 801 787 868 voluistis,
812 820 925 858 non
959 804 1222 860 consulte
1244 823 1484 877 prorsus
1506 807 1709 879 egistis
1727 826 1740 872 ;
1758 808 1894 863 scri-

240 897 413 964 ptum
437 893 654 965 quippe
677 897 797 949 est:
820 894 1105 949 Iudicium
1132 898 1236 951 erit
1260 898 1382 952 sine
1410 897 1787 953 misericordia
1806 898 1895 953 illi

239 984 344 1054 qui
372 998 483 1037 non
511 984 701 1054 fecerit
736 984 1173 1038 misericordium
1203 987 1336 1052 (Jac.
1370 988 1455 1057 ιι).
1485 987 1554 1041 Et
1584 1003 1687 1059 per
1717 1004 1896 1058 supra

243 1071 622 1127 nominatum
683 1071 1023 1143 prophetam
1085 1072 1365 1128 Dominus
1402 1091 1413 1128 :
1450 1076 1728 1147 Nunquid,
1791 1075 1893 1144 ait,

241 1162 547 1217 voluntatis
576 1176 715 1218 mea?
741 1169 817 1216 est
844 1178 986 1217 mors
1019 1164 1197 1233 impii,
1230 1164 1363 1219 dicit
1415 1167 1680 1220 Dominus
1738 1167 1894 1233 Deus,

244 1258 300 1306 et
330 1267 439 1305 non
469 1258 530 1305 ut
566 1258 910 1306 convertatur
945 1268 979 1306 a
1026 1254 1131 1306 viis
1178 1254 1316 1315 suis,
1367 1261 1419 1309 et
1464 1256 1655 1309 vivat?
1686 1257 1895 1323 (Ezech.

244 1340 431 1411 avni.)
465 1338 680 1395 Verum
731 1339 870 1411 quia
920 1340 1042 1395 zelo
1089 1341 1434 1397 Christianae
1492 1342 1813 1413 religionis,
1846 1349 1902 1399 et

247 1427 586 1500 ignorantia
606 1428 800 1500 potius
831 1446 1007 1501 quam
1040 1429 1151 1485 alio
1180 1430 1320 1486 vitio
1351 1430 1703 1503 deliquistis,
1726 1433 1903 1504 pceni-

249 1518 442 1572 tentia
461 1518 855 1589 subsequente
872 1518 1197 1590 perChristi
1211 1521 1461 1593 gratiam
1475 1520 1903 1594 indulgentiam

250 1607 329 1663 de
361 1607 455 1661 his
485 1611 544 1662 et
574 1606 1038 1662 misericordiam
1068 1609 1519 1681 consequimini.

330 1696 524 1751 XVIII.
558 1696 716 1752 Scire
737 1713 839 1751 vos
859 1696 1001 1751 velle
1035 1697 1557 1772 signiﬁcatis,quid
1594 1701 1663 1755 de
1692 1701 1785 1756 his
1807 1701 1905 1773 qui

1996 543 2160 598 Deo?
2190 544 2405 615 quippe
2463 559 2597 598 cum
2656 543 2944 615 pertineat
2989 542 3098 598 hoc
3143 542 3215 597 ad
3247 557 3412 613 reges
3446 538 3642 596 saeculi

1997 632 2382 698 Christianos,
2417 637 2481 687 ut
2510 630 2872 704 temporibus
2920 632 3046 687 suis
3095 635 3363 704 pacatam
3416 635 3475 685 et
3518 629 3644 684 sine

1999 720 2387 776 diminutione
2404 720 2583 776 velint
2602 719 2817 775 servari
2840 724 3087 774 matrem
3112 734 3278 773 suam
3302 715 3643 782 Ecclesium,

2001 812 2156 866 unde
2195 810 2534 882 spiritaliter
2581 809 2701 865 nati
2745 814 2905 865 sunt.
2934 809 3233 880 Siquidem
3262 806 3648 862 Nabuchodo-

1942 952 1947 961 ,
2004 918 2179 955 nosor
2209 918 2325 966 rex,
2362 900 2461 972 qui
2495 904 2747 955 statuam
2798 915 2967 953 suam
3017 901 3293 964 erexerat,
3330 900 3386 951 et
3414 896 3486 951 ad
3517 912 3647 951 eam

2005 990 2361 1044 adorandam
2394 1006 2597 1044 omnes
2628 991 2914 1060 coegerat,
2949 986 3224 1041 laudibus
3244 984 3424 1039 trium
3448 1000 3652 1056 puero-

2005 1096 2135 1133 rum
2159 1080 2228 1133 de
2250 1078 2382 1151 igne
2404 1077 2783 1133 liberatorum
2817 1079 3145 1132 commotus
3176 1074 3393 1129 dixisse
3415 1073 3647 1145 legitur:

2005 1170 2071 1225 Et
2100 1186 2193 1239 ego
2220 1186 2423 1240 ponam
2468 1168 2737 1223 decretum
2786 1167 3039 1223 omnibus
3087 1165 3337 1220 tribubus
3366 1170 3417 1218 et
3447 1162 3654 1230 linguis

2010 1261 2069 1314 in
2100 1261 2251 1314 omni
2282 1266 2466 1317 terra:
2496 1266 2547 1313 et
2574 1259 2882 1328 quicunque
2923 1255 3129 1310 dixerit
3171 1252 3565 1323 blasphemiam
3592 1252 3653 1304 in

2008 1349 2174 1403 Deum
2206 1347 2456 1413 Sidrach,
2509 1345 2731 1409 Misach,
2781 1353 2830 1400 et
2888 1343 3192 1411 Abdenago,
3254 1344 3313 1396 in
3370 1341 3651 1395 interitum

2009 1445 2191 1503 erunt,
2251 1445 2303 1492 et
2357 1436 2548 1490 domus
2604 1451 2792 1491 eorum
2847 1436 2907 1488 in
2952 1432 3312 1505 perditionem
3355 1431 3514 1494 (Dan.
3548 1427 3652 1498 ιιι).

2014 1527 2072 1582 Si
2099 1543 2235 1599 ergo
2286 1526 2369 1581 sic
2418 1524 2579 1580 saevlt
2629 1541 2726 1579 rex
2775 1523 3081 1588 barbarus,
3115 1537 3189 1576 ne
3218 1518 3659 1591 blasphematur

2015 1617 2169 1671 Deus
2194 1614 2388 1682 Israel,
2417 1614 2554 1685 quia
2576 1613 2768 1685 potuit
2793 1617 2911 1667 tres
2942 1626 3154 1684 pueros
3175 1610 3246 1664 de
3267 1609 3400 1680 igne
3428 1611 3658 1678 tempo-

2019 1705 2124 1759 rali
2159 1704 2441 1771 liberare;
2475 1707 2692 1774 quanto
2732 1701 2929 1774 potius
2980 1699 3179 1756 saevire
3235 1698 3449 1753 debent
3496 1711 3662 1766 reges

251 1786 449 1857 legem
473 1785 863 1841 Christianam
894 1791 1179 1858 respuunt
1199 1805 1368 1859 agere
1392 1789 1653 1843 debeatis
1678 1807 1689 1843 :
1718 1791 1773 1844 in
1793 1807 1909 1862 quo
1940 1825 1987 1889 Β
2018 1792 2350 1858 Christiani,
2399 1792 2537 1864 quia
2565 1791 2833 1846 Christus
2866 1790 3191 1861 abnegatur
3218 1792 3274 1843 et
3304 1786 3598 1849 irridetur,
3630 1800 3665 1837 a

255 1876 585 1930 notandum
609 1879 715 1937 est,
743 1875 1017 1947 quoniam
1041 1875 1234 1931 omnis
1259 1876 1433 1932 homo
1459 1878 1609 1933 sicut
1634 1896 1732 1950 per
1763 1878 1907 1934 alte-

258 1964 387 2019 rius
410 1963 664 2035 culpam,
688 1963 745 2018 id
770 1968 858 2020 est
885 1965 1039 2028 Adm,
1065 1964 1353 2020 contraxit
1383 1968 1535 2022 unde
1567 1968 1913 2039 purgatione

259 2071 371 2126 per
390 2070 603 2125 aquam
632 2052 1004 2125 baptismatis
1024 2059 1217 2126 egeat;
1243 2055 1322 2109 ita
1344 2072 1475 2110 cum
1501 2058 1571 2111 ad
1600 2058 1771 2111 {idem
1789 2074 1916 2129 pro-

261 2142 614 2197 mittendam
630 2143 699 2197 ad
716 2143 1169 2215 regenerationis
1202 2144 1451 2198 occurrit
1482 2146 1912 2210 undam,alium

263 2230 434 2303 eligit
462 2231 892 2303 quodammodo
924 2232 1552 2303 patrem,spiritualem
1588 2233 1918 2297 videlicet,a

265 2336 387 2390 quo
400 2325 709 2391 susceptus
723 2319 1301 2386 instruatur,etomni
1316 2322 1581 2376 custodia
1596 2323 1914 2388 muniatur,

264 2415 325 2463 et
350 2416 629 2481 tanquam
654 2410 983 2481 depositum
1012 2410 1308 2481 quoddam
1331 2410 1531 2466 lectori
1557 2412 1810 2468 ecclesiae
1836 2431 1918 2469 rc-

265 2503 673 2571 prmsentetur.
703 2499 982 2554 Praeterea
1004 2499 1101 2570 qui
1132 2500 1304 2555 tidem
1340 2500 1562 2573 respuit
1592 2519 1769 2573 quam
1794 2520 1922 2574 pro-

267 2588 457 2655 misit,
491 2591 563 2642 ab
592 2586 691 2643 illo
724 2604 756 2642 a
785 2603 899 2658 quo
931 2594 1239 2660 susceptus
1271 2593 1378 2655 est,
1414 2594 1470 2644 et
1500 2590 1598 2662 qui
1634 2591 1766 2645 ﬁdei
1793 2593 1920 2662 ejus

266 2677 633 2732 interventor
653 2676 892 2741 exstitit,
922 2678 1092 2733 debet
1123 2695 1223 2749 per
1253 2677 1450 2733 omnia
1481 2679 1754 2734 revocari.
1789 2681 1919 2735 Jam

264 2782 409 2821 vero
431 2765 477 2820 si
504 2782 614 2820 non
649 2765 899 2820 audierit
930 2782 1063 2821 eum
1097 2784 1271 2837 quem
1300 2767 1425 2838 ipse
1456 2784 1558 2839 pro
1592 2785 1653 2822 se
1685 2769 1924 2823 dederat

265 2856 502 2918 vadem,
528 2855 841 2909 dicendum
865 2859 953 2909 est
982 2854 1268 2920 Ecclesiae,
1294 2872 1327 2909 a
1350 2872 1467 2926 qua
1489 2856 1696 2927 majori
1729 2856 1922 2912 studio

271 2945 346 2998 ad
378 2942 526 2998 ovile
550 2942 851 3015 proprium
883 2959 1046 2997 ovem
1080 2943 1275 2997 reduci
1309 2944 1580 2999 convenit
1608 2962 1734 3016 quae
1768 2962 1923 3000 erra-

270 3033 355 3088 vit
382 3050 398 3097 ;
432 3036 488 3087 et
519 3037 585 3088 ut
614 3033 685 3087 ad
734 3032 886 3087 viam
920 3031 1199 3099 veritatis,
1235 3050 1362 3104 quae
1394 3032 1662 3088 Christus
1694 3038 1800 3101 est,
1836 3051 1923 3089 rc-

275 3124 437 3187 deat,
462 3122 650 3176 modis
681 3121 956 3176 omnibus
990 3120 1271 3188 revocari;
1298 3122 1589 3193 siquidem
1622 3124 1694 3177 ab
1716 3141 1782 3177 ea
1804 3127 1927 3177 tan-

2022 1899 2136 1954 quo
2168 1899 2282 1936 non
2309 1885 2426 1935 tres
2458 1880 2619 1951 pueri
2682 1883 2933 1944 tantum,
2969 1878 3070 1933 sed
3101 1882 3159 1932 et
3187 1876 3344 1931 orbis
3374 1879 3664 1930 terrarum

2022 1989 2154 2027 cum
2200 1970 2344 2043 ipsis
2392 1969 2627 2040 regibus
2660 1985 2694 2023 a
2723 1967 3018 2039 perpetuis
3064 1964 3304 2039 ignibus
3340 1960 3668 2017 liberatur?

2023 2062 2168 2116 Nam
2201 2059 2299 2131 qui
2334 2058 2448 2114 illis
2478 2056 2831 2123 mentiri,vel
2860 2072 2988 2111 esse
3020 2053 3286 2110 inﬁdeles
3319 2052 3667 2108 convincun-

2022 2154 2138 2215 tur,
2170 2152 2271 2203 aut
2301 2148 2392 2202 vix
2421 2152 2520 2203 aut
2565 2162 2867 2217 nunquam
2921 2145 2993 2199 ab
3044 2143 3127 2199 eis
3170 2142 3363 2198 vivere
3410 2141 3667 2213 profecto

2025 2239 2337 2294 sinuntur:
2363 2240 2417 2291 et
2449 2235 2739 2307 quomodo
2766 2251 2881 2288 non
2915 2228 3665 2305 indignentur,etsaaviant,

2028 2327 2262 2398 quando
2307 2326 2506 2381 vident
2556 2323 2873 2391 Christum,
2907 2321 3008 2393 qui
3063 2326 3153 2375 est
3198 2321 3317 2376 Rex
3353 2335 3581 2391 regum,
3615 2320 3672 2372 et

2028 2414 2312 2470 Dominus
2370 2412 2825 2477 dominantium,
2860 2412 2932 2466 ab
2982 2409 3323 2466 hominibus
3371 2404 3669 2478 abuegari,

2028 2504 2217 2570 illudi,
2243 2508 2300 2559 et
2319 2502 2369 2557 ei
2394 2502 2568 2557 ﬁdem
2603 2500 2954 2573 promissam
2988 2517 3101 2555 non
3134 2495 3456 2554 custodiri?
3484 2493 3677 2550 Zelen-

2028 2596 2125 2647 tur
2155 2592 2352 2664 itaque
2384 2590 2503 2647 zelo
2539 2590 2654 2657 Dei,
2688 2590 2828 2662 quia
2872 2589 3097 2661 seipsos
3127 2604 3231 2660 per
3260 2585 3556 2641 Christum
3587 2598 3675 2637 re-

2029 2679 2230 2735 colunt
2260 2680 2536 2735 liberatos
2559 2679 2875 2750 agehenna
2905 2677 3095 2747 magis
3127 2691 3305 2746 quam
3338 2672 3436 2727 ille
3468 2670 3567 2743 qui
3591 2674 3677 2725 at-

2028 2770 2215 2823 tendit
2246 2774 2361 2822 tres
2393 2784 2603 2839 pueros
2634 2774 2860 2837 ereptos
2892 2783 2925 2820 a
2956 2766 3210 2820 flamma.

2102 2858 2241 2912 XIX.
2276 2857 2422 2923 Quid
2447 2858 2582 2928 jure
2605 2857 2675 2911 de
2702 2855 2795 2909 his
2822 2854 3151 2909 faciendum
3176 2852 3270 2916 sit,
3296 2850 3394 2922 qui
3419 2848 3489 2903 ad
3520 2847 3677 2903 occi-

2033 2947 2291 3001 dendum
2350 2962 2543 3017 regem
2602 2942 3045 3007 insurrexerint,
3100 2939 3439 2995 venerandae
3495 2936 3673 3007 leges,

2034 3053 2180 3107 quas
2212 3034 2427 3106 scripto
2462 3034 2785 3098 mittemus,
2820 3049 2921 3087 vos
2955 3029 3174 3085 affatim
3207 3027 3550 3083 edocebunt.
3575 3024 3679 3078 Ve-

2037 3130 2367 3179 rumtamen
2403 3123 2511 3177 hoc
2545 3123 2601 3177 in
2635 3120 2874 3177 arbitrio
2905 3120 3059 3192 regis
3084 3122 3299 3182 manet,
3326 3115 3424 3188 qui
3456 3131 3570 3169 non
3593 3130 3680 3167 se-

276 3228 459 3283 quam
487 3214 742 3274 amatre,
770 3214 1046 3282 tanquam
1082 3227 1114 3264 a
1145 3210 1425 3281 magistra
1447 3212 1813 3266 suadendum
1839 3217 1928 3268 est
1958 3193 1999 3258 (οἶ
2039 3214 2151 3268 mel
2183 3218 2433 3280 tantum,
2466 3213 2564 3267 sed
2598 3216 2655 3267 et
2685 3209 3019 3283 septuagies
3049 3208 3263 3280 septies
3297 3206 3467 3261 debet
3487 3219 3682 3275 pecca-

277 3301 363 3355 illi
399 3304 688 3371 quatenus
718 3299 944 3354 videat:
979 3299 1255 3370 quoniam
1291 3305 1615 3371 apostatam
1650 3300 1925 3373 spiritum

270 3390 546 3444 imitatus
578 3393 685 3452 est,
711 3389 780 3443 de
812 3405 926 3459 quo
958 3388 1241 3460 scriptum
1274 3394 1383 3451 est,
1412 3389 1566 3461 quod
1596 3390 1653 3444 in
1685 3390 1927 3445 veritate

270 3496 396 3534 non
447 3477 674 3533 steterit
720 3481 901 3545 (Joan.
944 3481 1085 3542 vm).
1146 3478 1486 3533 Consideret
1540 3479 1717 3533 etiam
1772 3480 1926 3552 quod

273 3569 486 3624 Petrus
519 3565 787 3638 princeps
834 3566 1229 3637 apostolorum
1276 3565 1490 3621 clamat
1522 3584 1534 3622 :
1568 3569 1634 3623 Si
1660 3570 1808 3622 enim
1838 3585 1926 3624 re-

272 3658 571 3729 fugientes,
603 3654 898 3727 inquiens,
931 3657 1408 3726 coinquinationes
1436 3657 1633 3711 mundi
1652 3659 1713 3711 in
1741 3659 1929 3725 cogni-

274 3749 429 3803 tione
469 3746 693 3801 Domini
738 3747 934 3811 nostri,
965 3753 1017 3799 et
1059 3746 1349 3799 salvatoris
1399 3749 1532 3802 Jesu
1588 3746 1811 3812 Christi,
1843 3747 1931 3802 his

276 3851 480 3891 rursus
514 3835 785 3905 implicati
814 3841 1186 3905 superantur,-
1209 3836 1353 3906 facta
1374 3842 1502 3889 sunt
1530 3836 1606 3890 eis
1631 3838 1932 3906 posteriora

273 3926 549 3981 deteriora
571 3924 849 3995 prioribus
874 3939 887 3977 :
911 3924 1107 3978 melius
1144 3925 1291 3978 enim
1319 3932 1435 3979 erat
1465 3925 1578 3978 illis
1606 3941 1717 3978 non
1741 3941 1933 3995 cogno-

274 4031 430 4071 scere
461 4015 607 4068 viam
628 4014 888 4085 justitiae,
924 4029 1089 4085 quam
1114 4021 1234 4084 post
1259 4015 1596 4082 agnitionem
1637 4022 1937 4067 retrorsum

276 4103 524 4160 converti
555 4103 621 4155 ab
651 4118 731 4169 eo,
766 4102 906 4173 quod
942 4101 1056 4156 illis
1101 4100 1367 4156 traditum
1412 4110 1511 4166 est,
1552 4109 1735 4156 sancto
1775 4119 1933 4155 man-

277 4193 427 4249 dato.
467 4193 715 4259 Contigit
743 4192 892 4246 enim
910 4193 991 4246 eis
1022 4190 1161 4245 illud
1180 4190 1484 4261 proverbii:
1506 4190 1669 4245 Canis
1692 4207 1935 4245 reversus

281 4282 355 4337 ad
388 4282 651 4336 vomitum
678 4296 862 4347 suum,
894 4287 944 4335 et
973 4296 1066 4334 sus
1115 4281 1222 4333 lota
1274 4281 1332 4334 in
1380 4279 1663 4335 volutabro
1711 4280 1817 4335 luti
1867 4281 1939 4351 (II

281 4374 435 4427 Petr.
471 4387 551 4437 11;
585 4372 744 4425 Prov.
779 4386 947 4437 XXVI;
995 4369 1195 4424 Matth.
1246 4369 1427 4439 xvm).
1492 4369 1666 4424 Porro
1725 4370 1772 4423 si
1833 4386 1938 4425 nec

280 4458 604 4516 Ecclesiam
620 4457 971 4526 audierit,sit
983 4457 1259 4512 omnibus
1274 4473 1469 4513 revera
1482 4459 1633 4513 sicut
1645 4458 1935 4528 ethnicus,

2036 3308 2161 3358 tum
2191 3302 2499 3368 dimittere,
2528 3302 2696 3371 juxta
2753 3300 2909 3371 quod
2964 3296 3245 3352 Dominus
3281 3295 3337 3349 in
3369 3290 3680 3363 Evangelia

2037 3398 2236 3447 saneto
2270 3393 2435 3446 Petro
2471 3390 2771 3444 mandavit
2802 3406 2815 3443 :
2851 3389 2989 3442 Nam
3043 3388 3135 3441 cui
3180 3386 3307 3457 plus
3364 3383 3678 3446 dimittitur,

2034 3483 2160 3555 plus
2190 3482 2411 3549 diligit;
2444 3484 2501 3534 et
2531 3478 3029 3551 quemadmodum
3072 3472 3448 3547 Evangelium
3492 3472 3681 3538 docet,

2039 3588 2137 3626 rex
2172 3572 2370 3625 decem
2406 3568 2590 3624 millia
2619 3567 2856 3635 talenta,
2891 3566 2948 3621 id
2983 3570 3071 3620 est
3101 3563 3286 3619 multa
3315 3566 3374 3618 et
3401 3559 3688 3616 immania

2039 3664 2277 3733 peccata
2306 3675 2468 3714 servo
2501 3675 2615 3712 non
2648 3657 2987 3722 dimitteret,
3022 3655 3071 3709 si
3103 3654 3229 3725 ipse
3272 3666 3548 3708 conservo
3575 3664 3685 3703 suo

2040 3754 2275 3804 centum
2310 3747 2672 3814 denarios,id
2710 3751 2799 3802 est
2825 3745 3056 3801 minora
3084 3742 3379 3799 dimittere
3401 3738 3690 3796 noluisset

2041 3839 2247 3906 (Matth.
2280 3853 2411 3892 xvul
2438 3855 2451 3903 ;
2490 3837 2614 3890 Luc.
2647 3840 2766 3902 vn).

2113 3926 2225 3981 XX.
2257 3925 2403 3988 Quid
2436 3925 2506 3978 de
2534 3924 2769 3979 homine
2818 3922 3000 3977 libero
3040 3920 3433 3991 judicandum
3460 3917 3557 3983 sit,
3588 3915 3690 3987 qui

2045 4016 2115 4069 de
2138 4014 2325 4086 patria
2347 4031 2454 4068 sua
2475 4014 2613 4083 luga
2633 4012 2835 4083 lapsus
2856 4011 3048 4077 fuerit,
3065 4011 3113 4064 si
3136 4004 3692 4079 comprehendatur?

2047 4104 2191 4159 nihil
2225 4103 2447 4173 utique,
2479 4102 2592 4155 nisi
2624 4100 2779 4171 quod
2817 4099 2974 4171 leges
3005 4098 3342 4152 decernunt.
3384 4096 3692 4147 Verumta-

2048 4210 2180 4247 men
2215 4192 2432 4246 multos
2482 4194 2820 4245 sanctorum
2853 4188 2925 4241 de
2955 4186 3145 4258 patria
3169 4202 3276 4240 sua
3305 4182 3512 4246 exisse,
3544 4184 3602 4235 et
3632 4179 3691 4233 in

2048 4281 2162 4337 alia
2184 4280 2469 4336 celebrius
2492 4282 2794 4334 veneratos
2819 4276 3019 4342 luisse,
3045 4291 3223 4329 sacrae
3246 4272 3498 4344 produnt
3519 4268 3696 4323 histo-

2048 4371 2185 4438 rias;
2219 4370 2319 4424 sed
2370 4369 2498 4423 aliis
2550 4384 2665 4421 non
2716 4364 3099 4421 existentibus
3157 4360 3351 4417 causis
3399 4359 3471 4414 ob
3502 4355 3693 4413 solum

2049 4460 2269 4515 exitum
2303 4474 2608 4528 nunquam
2642 4452 2964 4527 culpabiles
2987 4452 3283 4523 judicatos
3314 4444 3695 4511 exstitisse,ni

284 4550 343 4604 id
368 4552 461 4604 est
481 4547 737 4620 gentilis,
764 4564 829 4602 ac
852 4565 954 4619 per
973 4547 1081 4602 hoc
1105 4547 1233 4618 jam
1264 4547 1471 4601 merito
1495 4563 1596 4619 per
1619 4552 1939 4618 potestates
1973 4562 2016 4626 ι)
2051 4549 2239 4615 fallor,
2274 4546 2487 4612 inveni,
2514 4544 2835 4616 praesertim
2864 4558 2998 4595 cum
3029 4538 3273 4594 Abrahae
3305 4535 3454 4626 patri
3497 4536 3696 4589 nostro

283 4642 520 4693 exteras
563 4641 847 4708 tanquam
900 4640 1210 4691 extraneus
1260 4635 1645 4707 Opprimatur.
1681 4636 1941 4709 Denique

284 4732 517 4783 certum
546 4729 654 4793 est,
682 4726 962 4798 quoniam
985 4742 1134 4796 saepe
1157 4725 1309 4780 Deus
1342 4724 1593 4779 concitat
1623 4728 1942 4795 potestates

286 4817 575 4871 adversus
606 4815 989 4886 abnegatores
1020 4814 1256 4877 Christi,
1290 4814 1569 4869 adversus
1617 4814 1942 4870 desertores

287 4906 570 4977 baptismi
598 4921 610 4958 :
637 4910 695 4959 et
722 4904 937 4959 idcirco
970 4921 1139 4959 nemo
1172 4904 1436 4968 miretur,
1458 4902 1597 4974 quia
1626 4904 1780 4959 Deus
1811 4920 1944 4959 con-

287 4995 454 5062 citat,
492 4998 555 5048 ut
601 4998 822 5066 ponant
872 4994 1145 5060 cervices,
1178 4997 1236 5048 et
1265 4992 1557 5047 humiliati
1600 4994 1839 5048 redeant
1871 4994 1943 5049 ad

287 5084 644 5141 Ecclesiam:
671 5084 810 5156 quia
831 5088 889 5139 et
917 5087 1071 5156 Agar
1093 5098 1226 5136 cum
1259 5082 1631 5137 discessisset
1652 5100 1684 5138 a
1707 5082 1946 5138 domina

290 5192 402 5231 sua
433 5173 688 5229 occurrit
717 5173 767 5229 ei
800 5172 1063 5245 angelus,
1097 5177 1154 5228 et
1183 5170 1325 5227 dixit
1356 5171 1406 5226 ei
1442 5188 1455 5227 :
1490 5172 1630 5239 Quid
1659 5179 1752 5237 est,
1789 5178 1948 5239 Agar

290 5264 505 5318 ancilla
563 5263 765 5319 Sorae?
814 5263 1093 5317 Revertere
1148 5261 1218 5316 ad
1272 5260 1552 5315 dominam
1608 5267 1759 5315 tuam
1790 5260 1942 5329 (Gen.

289 5353 432 5422 xvi).
457 5352 543 5406 Ad
592 5350 704 5405 hoc
735 5367 871 5422 ergo
925 5350 1025 5422 qui
1056 5348 1397 5421 hujusmodi
1428 5352 1519 5404 est
1549 5348 1849 5420 affligitur,
1884 5356 1948 5404 ut

294 5444 640 5508 revertatur,
675 5445 846 5511 atque
876 5440 1100 5494 utinam
1133 5441 1477 5502 revertatur,
1496 5437 1635 5509 quia
1664 5454 1797 5492 cum
1832 5438 1944 5493 fra-

292 5530 489 5586 tribus
518 5528 916 5585 haereditatem
948 5527 1299 5601 promissam
1332 5527 1572 5597 recipiet
1604 5542 1617 5580 :
1666 5543 1801 5581 nam
1834 5527 1947 5583 nisi

296 5623 674 5675 moverentur
702 5621 1018 5690 potestates
1059 5615 1399 5672 Christianre
1431 5615 1708 5670 adversus
1741 5615 1839 5685 huj
1853 5633 1947 5673 us-

2052 4638 2247 4693 divina
2282 4652 2417 4691 voce
2449 4634 2712 4689 dicatur:
2746 4630 3009 4699 Egredere
3038 4628 3102 4683 de
3131 4636 3295 4693 terra,
3328 4633 3379 4681 et
3405 4623 3469 4679 de
3497 4639 3698 4692 cogna-

2052 4730 2196 4783 tione
2224 4735 2318 4781 tua
2350 4724 2501 4793 (Gen.
2532 4725 2633 4788 x11)
2660 4738 2673 4775 :
2708 4726 2764 4775 et
2792 4716 3061 4773 nonnulli
3094 4716 3329 4771 Patrum
3363 4716 3700 4769 nostrorum

2053 4815 2283 4871 exsules
2315 4831 2417 4885 per
2442 4811 2727 4884 plurimos
2760 4824 2946 4863 annos
2963 4805 3022 4860 in
3040 4811 3193 4861 terra
3211 4820 3325 4859 non
3349 4819 3458 4858 sua
3477 4801 3705 4855 habita-

2050 4903 2542 4974 verint;alioquin
2575 4900 2724 4955 liber
2754 4915 2868 4953 non
2900 4901 3013 4963 est,
3035 4895 3084 4951 si
3110 4896 3182 4950 de
3213 4894 3401 4967 patria
3431 4908 3542 4947 sua
3571 4890 3704 4961 quis

2055 5013 2169 5051 non
2202 4995 2377 5049 audet
2408 4991 2624 5065 egredi.
2644 4994 2820 5045 Porro
2855 4987 2904 5043 si
2935 4985 3085 5041 liber
3113 4989 3221 5052 est,
3242 4989 3298 5040 et
3319 4985 3455 5055 jure
3484 4979 3706 5034 nitllius

2055 5082 2407 5141 conditionis
2455 5079 2699 5136 nexibus
2752 5081 2981 5132 tenetur
3019 5072 3356 5139 obstrictus,
3385 5087 3500 5125 non
3534 5066 3702 5137 fugit,

2056 5175 2155 5230 sed
2189 5173 2305 5227 exit
2336 5173 2406 5227 de
2438 5170 2625 5242 patria
2654 5185 2783 5233 sua,
2817 5165 3318 5239 quemadmodum
3352 5164 3407 5215 et
3433 5154 3699 5242 Abrahae,

2056 5280 2171 5317 non
2202 5262 2378 5333 Fuge,
2414 5241 2514 5315 sed
2547 5257 2647 5312 Exi
2682 5258 2752 5311 de
2782 5260 2939 5311 terra
2971 5260 3071 5309 tua
3102 5252 3350 5313 dicitur;
3385 5243 3538 5315 quod
3564 5241 3706 5333 quia

2056 5352 2185 5407 fecit
2211 5330 2507 5412 obediens,
2527 5346 2759 5403 nemine
2782 5345 3111 5417 judicante,
3128 5353 3358 5412 pmnam
3379 5330 3708 5404 quamlibet

2058 5440 2297 5513 protulit
2332 5438 2509 5511 [forte,
2544 5436 2801 5509 pertulit,
2831 5434 3063 5499 lixam].

2129 5529 2270 5584 XXI.
2304 5509 2361 5583 Si
2412 5544 2614 5583 servus
2659 5544 2692 5582 a
2733 5524 2969 5580 domino
3020 5517 3248 5588 fugiens
3295 5509 3621 5577 recesserit,
3656 5509 3707 5564 si

2059 5618 2519 5692 comprehensw
2550 5614 2743 5685 fuerit,
2760 5606 3179 5683 ignoscendum
3211 5607 3301 5660 est
3321 5602 3372 5659 ei
3397 5617 3411 5658 :
3436 5599 3581 5658 alias
3604 5614 3706 5655 au-
