3994 6150
409 302 522 369 991

1778 305 2086 368 NICOI.AI
2130 307 2362 368 mas
2405 307 2454 368 ι.
2543 387 2550 402 κ
3646 312 3738 373 992

405 438 527 496 tem
547 434 746 512 legum
769 437 916 496 scita
936 455 1050 496 non
1074 437 1564 496 transcendantur
1582 435 1640 494 in
1664 436 2058 495 eo.Verumta-
2086 441 2140 508 Α
2168 436 2607 508 trucidaverint,
2665 439 3011 496 venerandae
3069 437 3224 513 leges
3275 439 3552 513 proprium
3600 442 3742 501 robur

408 543 545 588 men
567 544 800 601 semper
819 529 963 584 illud
988 527 1232 600 apostoli
1257 527 1545 600 Paulipra:
1567 529 1752 584 oculis
1773 528 2061 584 habeatur
2168 529 2490 585 obtineant.
2525 530 2635 586 Sed
2669 529 2718 585 si
2750 530 2823 585 ad
2855 529 3158 586 ecclesiam
3184 530 3739 601 convolaverint,mor-

409 615 664 673 salubris
687 617 1102 673 admonitionis
1134 617 1410 673 dicentis:
1435 619 1669 673 Domini
1686 617 1828 689 quod
1843 618 2055 690 justum

407 713 487 761 est
513 714 566 761 et
590 721 814 776 (Equum
844 709 1013 762 servis
1039 715 1318 778 ptwstate,
1351 708 1578 762 scientes
1607 708 1869 778 quoniam
1897 714 1946 761 et
1971 721 2058 761 vos

407 795 701 851 Dominum
749 795 957 852 habetis
991 798 1050 851 in
1079 797 1208 850 coelo
1241 796 1460 866 (Cotoss.
1496 795 1606 866 IV);
1642 801 1700 851 et
1727 793 1886 864 alibi,
1921 811 2055 849 cum

409 883 591 942 servis
609 889 672 940 ut
689 884 992 940 obedirent
1014 885 1272 939 dominis
1296 883 1632 940 carnalibus
1664 883 2052 956 praecepisset,

407 973 676 1044 adjunxit
710 991 722 1029 :
753 973 1013 1039 Scientes,
1046 972 1338 1045 inquiens,
1372 980 1511 1045 quod
1555 975 1930 1044 unusquisque
1961 988 2054 1027 ve-

403 1069 583 1124 strum
628 1063 981 1136 quodcunque
1035 1065 1225 1134 fecerit
1281 1065 1499 1130 bonum,
1550 1064 1647 1118 hoc
1701 1070 2056 1133 consequetur

405 1153 716 1218 aDomino,
768 1154 882 1208 sive
935 1168 1144 1220 servus,
1201 1153 1312 1207 sive
1369 1152 1544 1217 liber;
1596 1160 1645 1206 et
1700 1168 1788 1207 vos
1845 1151 2056 1206 domini

401 1238 586 1295 eadem
618 1242 782 1310 facite
812 1242 880 1296 ad
914 1241 1036 1296 illos
1070 1243 1403 1297 remittentes
1430 1243 1630 1307 minas,
1664 1242 1892 1296 scientes
1921 1242 2054 1312 quia.

403 1337 455 1385 et
480 1338 651 1386 vester
679 1341 728 1386 et
754 1347 942 1386 eorum
989 1333 1252 1386 Dominus
1301 1333 1359 1385 in
1403 1331 1552 1386 caelis
1577 1338 1674 1396 est,
1707 1339 1758 1386 et
1782 1346 2052 1401 persona-

404 1434 532 1474 rum
560 1421 793 1490 acceptio
813 1436 923 1475 non
953 1428 1030 1475 est
1059 1420 1204 1490 apud
1234 1421 1527 1474 Dominum
1549 1420 1773 1491 (Ephes.
1812 1420 1904 1490 vn).

471 1507 641 1564 XXII.
677 1507 841 1564 Circa
873 1508 978 1564 hos
1011 1507 1130 1580 qui,
1168 1508 1402 1579 quando
1433 1508 1504 1562 ad
1556 1524 1816 1580 pugnam
1847 1511 2052 1563 contra

400 1596 599 1653 hostes
618 1597 950 1668 proceditis,
967 1597 1168 1669 fugam
1190 1596 1496 1669 arripiunt,
1514 1596 1564 1651 si
1587 1614 1701 1652 non
1726 1597 2052 1652 misericor-

401 1685 554 1741 diter
564 1685 876 1757 praeveniat
893 1685 1243 1758 compassio,
1259 1685 1464 1742 saltem
1479 1685 1674 1758 legum
1692 1689 2051 1758 temperetur

401 1773 702 1830 severitas.

2166 617 2242 674 tis
2291 618 2531 690 quidem
2583 618 2812 691 legibus
2864 624 3192 674 eruantur:
3253 620 3574 691 paenitentis:
3619 638 3737 693 vero,

2168 724 2344 779 quam
2386 708 2630 763 antistes
2679 707 2811 774 loci,
2843 707 2929 762 vel
2983 708 3286 781 presbyter
3338 709 3739 781 consideraverit,

2167 796 2390 868 absque
2414 797 2590 852 dubio
2613 796 3041 852 submittantur
3064 815 3077 852 :
3113 798 3264 863 Nolo,
3289 797 3469 870 inquit
3493 798 3741 865 Dominus,

2162 893 2392 942 mortem
2415 888 2734 958 peccatoris,
2749 885 2840 942 sed
2870 891 2932 941 ut
2963 895 3326 955 convertatur,
3339 895 3389 943 et
3411 889 3542 943 vivat
3567 889 3740 960 (Exest.

2163 977 2347 1040 xvm).

2233 1063 2447 1118 XXVII.
2483 1064 2562 1120 De
2593 1063 2687 1120 his
2715 1064 2816 1136 qui
2846 1063 3074 1120 socium
3122 1081 3297 1120 suum
3350 1064 3512 1120 morti
3539 1065 3741 1121 tradide-

2163 1151 2300 1218 rint,
2330 1153 2386 1207 id
2413 1153 2609 1225 ipsum
2642 1154 2796 1225 quod
2829 1170 3009 1224 supra
3039 1153 3424 1210 decernimus.

2232 1241 2475 1297 XXVIII.
2514 1244 2588 1297 De
2620 1258 2686 1299 eo
2717 1243 2816 1314 qui
2852 1243 2924 1298 ad
2965 1259 3204 1298 uxorem
3256 1242 3488 1300 alterius
3535 1259 3742 1316 compre-

2160 1329 2381 1385 hensus
2414 1330 2606 1400 fuerit,
2661 1331 2804 1403 quid
2830 1332 3226 1402 judicandum
3256 1332 3353 1398 sit,
3385 1331 3540 1388 lectis
3564 1332 3741 1405 legibus

2161 1420 2481 1491 reperietis.
2513 1420 2644 1476 Jam
2676 1437 2808 1476 vero
2841 1421 2891 1476 si
2925 1421 2997 1476 ad
3029 1419 3337 1477 ecclesiam
3364 1420 3575 1477 adulter
3595 1422 3742 1477 confu-

2159 1508 2326 1580 gerit,
2349 1509 2739 1580 judicandum
2783 1511 2856 1566 ab
2904 1511 3176 1582 episcopo
3237 1511 3360 1566 fore
3417 1511 3739 1577 decernimus,

2159 1598 2315 1669 quod
2348 1616 2545 1655 sacros
2576 1604 2803 1655 constat
2833 1599 3123 1655 diffinisse
3155 1616 3428 1666 canones,
3456 1605 3536 1654 vel
3563 1603 3740 1656 sanctos

2159 1686 2487 1758 apostolicae
2521 1689 2678 1744 sedis
2707 1688 2988 1762 praesules
3009 1687 3235 1744 clarum
3268 1693 3358 1745 est
3386 1689 3652 1745 statuisse.

2227 1776 2414 1832 XXIX.
2449 1777 2732 1834 Similiter
2760 1782 2817 1833 et
2847 1779 2919 1834 de
2961 1795 3028 1834 eo
3079 1795 3413 1844 censemus,
3445 1778 3536 1850 qui
3565 1779 3624 1833 ad
3651 1793 3740 1850 pro-

469 1862 662 1918 XXIII.
696 1863 776 1918 De
805 1863 898 1919 his
927 1863 1144 1936 quibus
1183 1865 1420 1935 jussum
1469 1869 1558 1920 est
1601 1868 1803 1921 contra
1847 1865 2045 1921 hostes
2078 1862 2124 1876 "
2153 1865 2373 1921 ximam
2396 1867 2701 1939 sanguinis
2723 1867 2815 1922 sui
2836 1867 3197 1940 ingreditur;
3223 1884 3427 1923 verum
3457 1867 3616 1936 hujus
3633 1865 3738 1920 tanti

397 1952 687 2024 progredi,
708 1952 798 2024 etj
809 1953 1032 2010 ussioni
1055 1970 1256 2026 parere
1272 1957 1676 2026 contemnunt,
1696 1953 1898 2010 eadem
1916 1971 2047 2010 sua-

398 2042 627 2098 demus.

466 2129 654 2186 XXIV.
689 2129 836 2197 Quid
869 2131 1177 2204 parricida,
1213 2131 1269 2186 id
1303 2136 1393 2188 est
1420 2131 1521 2203 qui
1555 2135 1778 2203 patrem
1811 2129 1899 2186 vel
1919 2147 2042 2186 ma-

393 2222 544 2276 trem
573 2220 805 2288 occidit,
837 2220 926 2276 vel
969 2221 1146 2276 etiam
1194 2222 1295 2292 qui
1343 2222 1602 2287 fratrem,
1637 2225 1739 2276 aut
1782 2237 2042 2276 sororem

396 2306 687 2376 interﬁcit,
723 2309 840 2380 pati
891 2309 1117 2380 debeat,
1146 2309 1304 2382 leges
1347 2309 1648 2377 indicant;
1684 2325 1854 2381 porro
1888 2309 1936 2363 si
1969 2308 2041 2363 ad

394 2395 702 2452 ecclesiam
735 2397 1080 2470 confugerit,
1099 2398 1158 2452 id
1189 2398 1343 2468 quod
1374 2398 1687 2470 episcopus
1710 2396 1816 2452 loci
1846 2397 1934 2452 vel
1953 2414 2042 2452 sa-

395 2485 620 2551 cerdos,
644 2484 745 2557 qui
767 2485 839 2542 ab
871 2485 968 2542 illo
1001 2486 1355 2542 constitutus
1387 2491 1495 2552 est,
1529 2485 2042 2559 providerit,agen-

394 2569 535 2628 dum
566 2573 956 2631 decernimus.

464 2662 627 2718 XXV.
661 2663 1115 2720 Consuetudinis
1145 2680 1273 2720 esse
1304 2663 1504 2737 patriae
1533 2667 1737 2720 vestrae
1767 2663 2040 2736 perhibe-

392 2751 491 2819 tis,
525 2769 757 2824 semper
780 2754 1052 2810 custodes
1083 2755 1234 2809 inter
1266 2753 1514 2826 patriam
1540 2757 1887 2819 vestram,et
1903 2754 2040 2809 alio-

392 2857 525 2896 rum
565 2841 738 2912 juxta
781 2841 1070 2901 terminos
1128 2841 1429 2916 invigilare
1462 2859 1475 2897 :
1511 2847 1568 2897 et
1599 2843 1647 2897 si
1681 2859 1903 2907 servus,
1936 2848 2039 2898 aut

390 2928 538 2986 liber
550 2947 654 3002 per
667 2931 933 2987 eamdem
961 2932 1287 2988 custodiam
1321 2949 1669 3003 quocunque
1686 2932 1857 2988 modo
1884 2933 2040 3005 fuge-

391 3017 486 3086 rit,
513 3018 639 3076 sine
661 3020 821 3076 omni
854 3019 1288 3078 intermissione
1317 3021 1590 3076 custodes
1621 3038 1726 3092 pro
1747 3037 1815 3076 ea
1844 3019 2039 3076 interi-

390 3113 652 3174 muntur,
676 3109 887 3164 deinde
904 3110 1350 3181 percontemini,
1367 3110 1508 3181 quid
1531 3126 1636 3165 nos
1654 3109 1789 3165 inde
1811 3110 2037 3179 judice—

2154 1953 2368 2026 piaculi
2418 1955 2642 2028 lepram
2691 1956 2902 2012 melius
2935 1957 3007 2012 ad
3040 1955 3368 2013 sacerdotis
3398 1954 3740 2012 consideratio-

2153 2061 2309 2108 nem,
2341 2050 2399 2100 et
2420 2045 2710 2116 judicium
2745 2046 3002 2118 profecto
3035 2044 3379 2118 dirigimus.

2223 2132 2383 2188 XXX.
2418 2134 2498 2190 De
2527 2151 2592 2190 eo
2626 2134 2726 2206 qui
2758 2134 2962 2190 nolens
2994 2133 3301 2189 hominem
3347 2132 3675 2198 interfecerit,
3699 2129 3739 2186 id

2153 2222 2470 2278 statuimus
2499 2224 2654 2295 quod
2679 2240 2853 2279 sacrae
2877 2222 3088 2296 regulae
3112 2227 3401 2289 statuant,
3421 2238 3557 2294 quas
3574 2220 3739 2292 episco-

2152 2327 2293 2382 pum
2317 2317 2573 2368 vestrum
2597 2313 2753 2384 apud
2771 2329 2833 2368 se
2855 2328 3034 2384 penes
3064 2329 3170 2368 vos
3202 2311 3456 2384 positum
3484 2328 3585 2383 prae
3604 2309 3740 2364 mani-

2150 2399 2260 2454 bus
2305 2406 2534 2472 oportet
2565 2418 2796 2474 semper
2823 2401 3058 2457 habere.

2221 2489 2403 2545 XXXI.
2437 2490 2603 2546 Circa
2652 2492 2806 2546 fures
2855 2488 3207 2546 animalium
3240 2489 3290 2545 si
3322 2506 3435 2545 non
3465 2485 3732 2544 misericor-

2151 2577 2268 2646 dia,
2303 2578 2509 2634 saltem
2541 2579 2737 2652 legum
2771 2578 2961 2634 edicta
2990 2581 3327 2634 serventur.

2220 2666 2434 2723 XXXII.
2469 2667 2753 2723 Similiter
2783 2667 2853 2723 de
2884 2666 2977 2722 his
3012 2667 3112 2739 qui
3143 2667 3339 2723 virum
3389 2669 3485 2722 aut
3519 2663 3736 2721 feminam

2150 2756 2472 2827 rapuerint,
2505 2757 2924 2828 permittimus.

2217 2844 2461 2900 XXXIII.
2497 2847 2738 2911 Quando
2770 2843 3034 2917 praelium
3061 2843 3217 2900 inire
3247 2843 3403 2901 soliti
3431 2842 3606 2906 eratis,
3625 2838 3733 2894 iudi-

2148 2934 2294 2989 catis
2322 2951 2422 2990 vos
2453 2935 2735 2991 hactenus
2766 2935 2825 2990 in
2857 2934 3023 3007 signo
3072 2934 3321 2989 militari
3369 2931 3594 2990 caudam
3633 2926 3731 2999 equi

2148 3027 2434 3094 portasse,
2452 3028 2510 3079 et
2540 3023 2856 3079 sciscitami
2867 3023 2928 3078 ni
2959 3022 3097 3094 quid
3133 3039 3298 3079 nunc
3323 3022 3443 3079 vice
3471 3019 3609 3076 illius
3632 3034 3732 3090 por-

2147 3115 2269 3168 tare
2290 3112 2578 3182 debeatis;
2601 3112 2742 3185 quid
2761 3111 2918 3168 aliud
2941 3112 3168 3183 utique,
3194 3111 3311 3168 nisi
3331 3110 3552 3183 signum
3571 3110 3731 3166 sancta

389 3201 623 3265 mus;et
643 3198 714 3253 de
739 3197 848 3254 hoc
879 3198 935 3253 in
969 3198 1197 3271 legibus
1229 3203 1318 3255 est
1347 3199 2036 3271 requirendum.Verum-
2065 3182 2109 3250 C
2148 3199 2376 3256 crucis?
2396 3204 2598 3271 Ipsum
2618 3182 2717 3256 est
2746 3200 2902 3256 enim
2926 3182 3294 3274 quoiMoyses
3325 3182 3480 3255 mare
3506 3195 3732 3259 divisit,et

387 3289 586 3342 tamen
607 3286 761 3343 absit
781 3303 814 3342 a
835 3289 1133 3343 mentibus
1151 3287 1378 3354 vestris,
1395 3293 1460 3342 ut
1474 3292 1594 3343 tam
1616 3288 1794 3361 impie
1808 3289 1934 3359 jam
1944 3290 2038 3359 ju-

388 3375 612 3440 dicetis,
638 3375 738 3447 qui
757 3380 876 3432 tam
895 3377 1057 3449 pium
1077 3378 1258 3433 Deum
1279 3381 1336 3432 et
1357 3377 1670 3433 Dominum
1693 3377 2033 3451 agnovistis:

388 3464 711 3535 praesertim
757 3482 890 3520 cum
941 3466 1132 3538 magis
1171 3471 1452 3538 oporteat,
1486 3470 1549 3521 ut
1574 3467 1728 3522 sicut
1753 3467 2036 3523 hactenus

388 3551 460 3607 ad
479 3557 730 3608 mortem
761 3552 926 3609 facile
953 3571 1216 3625 quosque
1249 3554 1634 3626 pertraxistis,
1658 3556 1739 3610 ita
1761 3556 2035 3628 deinceps

388 3656 505 3696 non
535 3641 607 3696 ad
641 3645 909 3708 mortem,
937 3643 1038 3697 sed
1063 3643 1135 3697 ad
1164 3642 1343 3697 vitam
1375 3660 1523 3714 quos
1554 3644 1798 3714 potestis
1829 3644 2037 3700 nihilo-

387 3726 589 3782 minus
613 3727 1059 3798 perducatis.lta
1080 3734 1145 3784 ut
1165 3731 1664 3800 quemadmodum
1688 3731 1893 3787 beatus
1907 3750 2037 3804 apo-

388 3813 576 3870 stolus
598 3813 815 3870 Paulus
838 3815 1000 3888 prius
1022 3822 1377 3888 persecutor,
1398 3822 1454 3874 et
1476 3819 1956 3886 contumeliosus,
1980 3826 2038 3878 et

387 3904 621 3976 spirans
641 3904 935 3960 minarum
958 3909 1016 3961 et
1032 3905 1204 3962 caedis
1228 3907 1284 3960 in
1311 3907 1630 3979 discipulos
1652 3908 2031 3983 Domini(Act.

384 3997 487 4061 ix),
518 3997 901 4065 posteaquam
933 3993 1396 4052 misericordiam
1423 4002 1773 4054 consecutus
1805 4004 1911 4065 est,
1946 3999 2033 4056 di-

383 4084 519 4138 vina
540 4083 890 4139 revelatione
918 4101 1256 4155 conversus,
1278 4103 1392 4142 non
1422 4085 1613 4142 solum
1647 4087 1889 4143 minime
1909 4089 2031 4146 cui-

383 4171 527 4228 libet
556 4171 762 4228 mortis
794 4189 1023 4244 poenam
1055 4173 1275 4242 intulit,
1291 4192 1493 4231 verum
1515 4176 1691 4232 etiam
1722 4177 2035 4234 anathema

379 4277 512 4317 esse
543 4261 785 4333 optabat
807 4279 907 4331 pro
931 4262 1210 4318 fratribus
1232 4267 1409 4331 (Rom.
1435 4267 1534 4332 ιχ),
1557 4269 1614 4320 et
1642 4264 2032 4323 libentissime

383 4349 741 4422 impendere,
775 4355 831 4406 et
860 4351 1298 4424 superimpendi
1347 4358 1588 4424 paratus
1619 4358 1742 4410 erat
1767 4373 1870 4426 pro
1901 4356 2031 4410 ani-

383 4441 594 4496 mabus
635 4439 898 4496 ﬁdelium
932 4443 1004 4510 (Π
1032 4444 1157 4499 Cor.
1187 4444 1290 4509 x11)
1325 4458 1337 4495 :
1372 4442 1454 4497 ita
1483 4446 1541 4496 et
1569 4459 1670 4498 vos
1717 4448 2030 4516 postquam

2146 3286 2380 3343 Amalec
2400 3287 2688 3344 interfecit
2711 3289 2909 3361 (Exod.
2937 3287 3032 3359 1v),
3059 3305 3178 3360 quo
3200 3288 3429 3345 Gedeon
3447 3282 3730 3341 Madianitas

2147 3377 2442 3448 superavit
2473 3378 2669 3450 (Judic.
2701 3379 2800 3448 vn)
2829 3396 2842 3446 ;
2873 3380 2930 3433 et
2958 3376 3234 3434 Christus
3284 3376 3550 3433 Dominus
3584 3374 3733 3427 noster

2147 3464 2468 3532 diabolum,
2489 3467 2588 3538 qui
2612 3466 2864 3522 habebat
2885 3466 3092 3522 mortis
3111 3465 3449 3539 imperium,
3467 3479 3567 3518 non
3585 3457 3729 3516 solum

2147 3555 2461 3627 superavit,
2491 3556 2593 3612 sed
2616 3559 2672 3610 et
2693 3555 3030 3626 prostravit;
3055 3555 3258 3627 ipsum
3281 3558 3369 3612 est
3383 3554 3596 3626 signum
3615 3545 3728 3620 quod

2146 3647 2448 3716 portamus
2477 3644 2537 3699 in
2571 3645 2860 3700 frontibus
2908 3643 3125 3700 nostris
3161 3662 3177 3699 :
3213 3644 3341 3717 ipso
3371 3661 3404 3700 a
3432 3639 3631 3698 cunctis
3654 3635 3728 3690 de-

2144 3733 2443 3790 fendimur
2473 3733 2764 3800 hostibus,
2781 3737 2836 3789 et
2857 3733 2929 3789 ab
2959 3733 3244 3790 omnibus
3278 3733 3563 3789 munimur
3587 3728 3729 3782 incur-

2145 3823 2432 3879 sionibus.
2465 3823 2584 3878 Hoc
2640 3827 2731 3878 est
2776 3822 3013 3895 signum
3068 3823 3229 3891 ﬁdei,
3264 3828 3323 3878 et
3352 3823 3546 3894 ingens
3573 3817 3728 3872 horror

2144 3911 2381 3978 diaboli,
2417 3928 2532 3983 quo
2571 3911 2885 3967 Christiani
2930 3911 3228 3984 principes
3259 3912 3320 3968 in
3349 3903 3726 3966 necessitatibus

2143 4000 2269 4056 suis
2299 4017 2531 4072 semper
2580 4005 2850 4065 utuntur,
2885 4007 2943 4056 et
2984 4018 3147 4074 reges
3211 4017 3404 4057 veram
3451 3995 3725 4068 religionem

2142 4094 2432 4146 sectantes
2457 4108 2608 4162 saepe
2637 4090 2895 4146 celebres
2922 4090 3147 4145 Christo
3178 4089 3428 4163 propitio
3457 4079 3728 4153 triumphos

2141 4181 2214 4235 de
2243 4179 2512 4234 hostibus
2544 4183 2874 4252 operantur.
2915 4180 3023 4234 Sed
3056 4184 3121 4234 ut
3152 4177 3516 4235 manifestius
3555 4167 3724 4228 sciatis.

2143 4269 2284 4341 quid
2310 4285 2412 4341 pro
2443 4267 2544 4324 illa
2572 4268 2787 4339 equina
2815 4269 3002 4324 cauda
3031 4268 3089 4323 in
3122 4267 3360 4342 signum
3390 4260 3623 4322 debeatis
3646 4254 3725 4311 mi.

2141 4358 2308 4414 litare
2330 4356 2791 4425 convenientius,
2817 4374 2952 4413 cum
2971 4358 3032 4412 in
3054 4362 3403 4429 apparatum
3425 4351 3551 4409 belli
3578 4358 3727 4420 prooe-

2141 4445 2298 4513 ditis,
2325 4450 2587 4518 portare;
2613 4463 2798 4519 pauca
2828 4447 2898 4501 de
2929 4445 3296 4503 Constantini
3319 4443 3536 4501 actibus
3562 4448 3727 4494 memo-

377 4528 1297 4596 electioneDeivocati,et1umine
1319 4529 1506 4602 ipsius
1529 4529 1845 4587 illuminati
1867 4533 2032 4600 estis,
2062 4554 2108 4618 D
2141 4537 2326 4592 randa
2351 4535 2647 4603 ducimus,
2671 4535 2772 4609 qui
2801 4535 3106 4607 piissimus
3143 4536 3529 4591 Romanorum
3556 4519 3726 4583 exstitit

379 4633 499 4671 non
515 4618 638 4686 jam
661 4618 816 4674 sicut
836 4620 999 4691 prius
1021 4621 1312 4676 mortibus
1335 4619 1580 4686 inhiare,
1605 4621 1705 4676 sed
1729 4638 1933 4678 omnes
1956 4624 2025 4678 ad

380 4703 560 4759 vitam
591 4711 712 4762 tam
743 4708 1021 4780 corporis,
1047 4726 1223 4781 quam
1257 4708 1464 4765 animae
1496 4709 1722 4765 debetis
1745 4712 1903 4767 omni
1935 4729 2030 4768 oc-

383 4792 615 4847 casione
644 4794 877 4852 inventa
905 4797 1104 4868 procul
1138 4798 1316 4854 dubio
1349 4815 1637 4867 revocare,
1662 4803 1720 4856 et
1749 4800 1904 4856 sicut
1925 4819 2028 4857 vos

383 4878 650 4936 Christus
689 4883 759 4936 de
804 4891 987 4940 morte
1036 4887 1296 4958 perenni,
1332 4905 1448 4959 qua
1479 4888 1922 4956 detinebamini,
1955 4891 2026 4946 ad

382 4969 562 5023 vitam
583 4972 859 5025 mternam
880 4974 1128 5042 reduxit,
1147 4975 1230 5032 ita
1250 4976 1360 5048 ipsi
1387 4993 1501 5032 non
1535 4976 1727 5032 solum
1762 4977 2029 5034 innoxios

376 5073 669 5128 quosque,
699 5074 897 5114 verum
947 5062 1122 5117 etiam
1173 5067 1229 5119 et
1279 5065 1481 5122 noxios
1524 5084 1559 5121 a
1604 5067 1810 5122 mortis
1853 5068 2028 5125 exitio

375 5147 629 5220 satagite
658 5151 898 5204 cunctos
929 5166 1147 5219 eruere,
1182 5154 1505 5210 secundum
1537 5154 1683 5212 illud
1717 5157 2028 5229 sapientis-

378 5236 511 5294 simi
545 5235 877 5293 Salomonis
904 5255 917 5292 :
953 5239 1096 5294 Erue
1123 5255 1209 5296 eos
1239 5244 1334 5312 qui
1362 5243 1639 5300 ducuntur
1663 5247 1733 5300 ad
1764 5255 2028 5315 mortem;

375 5334 430 5382 et
460 5329 557 5398 qui
601 5328 900 5383 trahuntur
953 5327 1023 5384 ad
1080 5329 1384 5397 interitum,
1443 5334 1680 5390 liberare
1735 5352 1804 5391 ne
1857 5353 2027 5393 cesses

383 5415 563 5482 (Prov.
595 5418 730 5486 xw).

452 5503 640 5561 XXVI.
674 5506 754 5562 De
784 5505 877 5563 his
925 5507 1026 5580 qui
1075 5506 1428 5580 proximum,
1463 5509 1522 5565 id
1554 5515 1642 5567 est
1674 5516 2027 5587 consangui-

384 5608 558 5650 neum
589 5610 785 5664 suum,
809 5601 875 5654 ut
901 5602 992 5655 est
1020 5598 1216 5668 frater,
1243 5598 1653 5669 consobrinus,
1689 5606 1791 5657 aut
1822 5619 2024 5675 nepos,

2140 4625 2475 4698 imperator,
2489 4629 2548 4682 et
2573 4623 3034 4681 Christianitatis
3064 4623 3494 4680 famosissimas
3513 4613 3722 4674 omnium

2141 4717 2514 4786 propagator.
2550 4713 2653 4769 Ille
2685 4715 2902 4786 quippe
2950 4729 3084 4769 cum
3115 4715 3394 4769 adversus
3428 4702 3723 4794 Maxentium

2140 4803 2305 4860 urbis
2339 4803 2532 4859 Romae
2554 4808 2870 4876 tyrannum
2901 4801 3213 4858 exercitum
3241 4802 3488 4862 duceret,
3509 4797 3615 4852 erat
3631 4802 3724 4860 qm-

2139 4893 2271 4948 dem
2289 4893 2414 4963 jam
2431 4895 2572 4948 tunc
2589 4891 2933 4947 Christiana:
2959 4891 3258 4964 religionis
3292 4892 3495 4951 fautor,
3512 4879 3720 4940 nondum

2137 4985 2358 5051 tamen,
2383 4985 2448 5036 ut
2485 4985 2573 5037 est
2599 4981 2857 5037 solemne
2887 4980 3102 5037 nostris
3133 4979 3369 5047 initiari,
3402 4977 3612 5048 signum
3638 4965 3721 5021 Do-

2138 5069 2365 5126 minicae
2379 5070 2672 5141 passiOnis
2695 5070 3164 5142 acceperat.Cum
3184 5069 3362 5142 igitur
3382 5063 3554 5121 multa
3564 5065 3720 5114 secum

2137 5159 2210 5217 de
2241 5159 2516 5216 instantis
2547 5159 2728 5232 praelii
2763 5159 3109 5216 necessitate
3141 5156 3474 5231 pervolvens
3499 5150 3594 5205 iter
3619 5155 3717 5232 tige’

2138 5253 2244 5317 ret,
2279 5247 2482 5320 utique
2525 5231 2600 5304 ad
2643 5246 2853 5303 coelum
2907 5249 3122 5320 saepius
3175 5247 3420 5306 elevaret
3449 5231 3720 5312 [fortem

2137 5337 2380 5412 oculos],
2414 5341 2471 5392 et
2495 5337 2630 5392 inde
2659 5337 2772 5392 sibi
2804 5337 3068 5393 divinum
3100 5338 3426 5410 precaretur
3465 5322 3715 5385 auxilium,

2135 5426 2280 5482 vidit
2301 5444 2403 5498 per
2421 5443 2687 5498 soporem
2712 5426 2784 5482 ad
2808 5426 3048 5483 orientis
3063 5424 3356 5498 partemin
3374 5418 3505 5477 ccelo
3525 5414 3716 5505 signem

2137 5516 2328 5572 crucis
2377 5516 2544 5589 igneo
2593 5514 2820 5588 fulgore
2870 5515 3144 5583 rutilare;
3177 5527 3424 5584 cumque
3449 5508 3592 5562 tanto
3616 5507 3715 5551 νιειι

2137 5605 2347 5664 fuisset
2388 5588 2727 5672 exterritus,
2758 5621 2826 5663 ac
2857 5621 3002 5664 novo
3035 5603 3460 5677 perturbaretur
3498 5588 3710 5663 aspect“:
