  <div class='ocr_page' id='page_1' title='image "/cluster/home/n/w/nwhite01/storage/ocr_20150623/119/hvd.32044052820040/504.png"; bbox 0 0 4036 6132; ppageno 0'>
   <div class='ocr_carea' id='block_1_1' title="bbox 228 275 350 336">
    <p class='ocr_par' dir='ltr' id='par_1_1' title="bbox 228 275 350 336">
     <span class='ocr_line' id='line_1_1' title="bbox 228 275 350 336; baseline -0.033 0"><span class='ocrx_word' id='word_1_1' title='bbox 228 275 350 336; x_wconf 85' lang='lat'><strong>997</strong></span> 
     </span>
    </p>
   </div>
   <div class='ocr_carea' id='block_1_2' title="bbox 1448 262 2429 327">
    <p class='ocr_par' dir='ltr' id='par_1_2' title="bbox 1448 262 2429 327">
     <span class='ocr_line' id='line_1_2' title="bbox 1448 262 2429 327; baseline -0.004 -1"><span class='ocrx_word' id='word_1_2' title='bbox 1448 264 1859 327; x_wconf 60' lang='lat' dir='ltr'>EPISTOLIE</span> <span class='ocrx_word' id='word_1_3' title='bbox 1901 264 2002 324; x_wconf 82' lang='lat' dir='ltr'><strong>ET</strong></span> <span class='ocrx_word' id='word_1_4' title='bbox 2046 262 2429 325; x_wconf 79' lang='lat' dir='ltr'>DECRETA.</span> 
     </span>
    </p>
   </div>
   <div class='ocr_carea' id='block_1_3' title="bbox 3522 267 3640 327">
    <p class='ocr_par' dir='ltr' id='par_1_3' title="bbox 3522 267 3640 327">
     <span class='ocr_line' id='line_1_3' title="bbox 3522 267 3640 327; baseline 0 -1"><span class='ocrx_word' id='word_1_5' title='bbox 3522 267 3640 327; x_wconf 89' lang='lat'>998</span> 
     </span>
    </p>
   </div>
   <div class='ocr_carea' id='block_1_4' title="bbox 227 394 3643 474">
    <p class='ocr_par' dir='ltr' id='par_1_4' title="bbox 227 394 3643 474">
     <span class='ocr_line' id='line_1_4' title="bbox 227 394 3643 474; baseline -0.002 -12"><span class='ocrx_word' id='word_1_6' title='bbox 227 420 532 474; x_wconf 81' lang='lat' dir='ltr'><strong>coercere;</strong></span> <span class='ocrx_word' id='word_1_7' title='bbox 566 403 889 459; x_wconf 88' lang='lat' dir='ltr'>notandum</span> <span class='ocrx_word' id='word_1_8' title='bbox 935 406 1045 470; x_wconf 88' lang='lat' dir='ltr'>est,</span> <span class='ocrx_word' id='word_1_9' title='bbox 1072 401 1223 457; x_wconf 88' lang='lat' dir='ltr'>inter</span> <span class='ocrx_word' id='word_1_10' title='bbox 1269 399 1369 455; x_wconf 91' lang='lat' dir='ltr'>illa</span> <span class='ocrx_word' id='word_1_11' title='bbox 1416 416 1542 471; x_wconf 68' lang='lat' dir='ltr'>quae</span> <span class='ocrx_word' id='word_1_12' title='bbox 1591 397 1884 471; x_wconf 89' lang='lat' dir='ltr'>prohibita</span> <span class='ocrx_word' id='word_1_13' title='bbox 1913 399 1963 463; x_wconf 82' lang='grc' dir='ltr'>Α</span> <span class='ocrx_word' id='word_1_14' title='bbox 1995 396 2106 450; x_wconf 81' lang='lat' dir='ltr'>nisi</span> <span class='ocrx_word' id='word_1_15' title='bbox 2131 396 2510 467; x_wconf 81' lang='lat' dir='ltr'>reproborum</span> <span class='ocrx_word' id='word_1_16' title='bbox 2543 394 2883 451; x_wconf 89' lang='lat' dir='ltr'>venationes</span> <span class='ocrx_word' id='word_1_17' title='bbox 2920 394 3247 452; x_wconf 78' lang='lat' dir='ltr'>exercuisse</span> <span class='ocrx_word' id='word_1_18' title='bbox 3281 413 3447 453; x_wconf 89' lang='lat' dir='ltr'>sacra</span> <span class='ocrx_word' id='word_1_19' title='bbox 3485 399 3643 454; x_wconf 86' lang='lat' dir='ltr'>desi-</span> 
     </span>
    </p>
   </div>
   <div class='ocr_carea' id='block_1_5' title="bbox 230 489 1886 565">
    <p class='ocr_par' dir='ltr' id='par_1_5' title="bbox 230 489 1886 565">
     <span class='ocr_line' id='line_1_5' title="bbox 230 489 1886 565; baseline -0.006 -13"><span class='ocrx_word' id='word_1_20' title='bbox 230 500 400 561; x_wconf 88' lang='lat' dir='ltr'>sunt,</span> <span class='ocrx_word' id='word_1_21' title='bbox 417 494 592 550; x_wconf 88' lang='lat' dir='ltr'>etiam</span> <span class='ocrx_word' id='word_1_22' title='bbox 617 508 856 565; x_wconf 88' lang='lat' dir='ltr'>porcum</span> <span class='ocrx_word' id='word_1_23' title='bbox 881 490 1319 558; x_wconf 85' lang='lat' dir='ltr'>connumerari;</span> <span class='ocrx_word' id='word_1_24' title='bbox 1347 490 1415 545; x_wconf 87' lang='lat' dir='ltr'>de</span> <span class='ocrx_word' id='word_1_25' title='bbox 1447 506 1565 561; x_wconf 89' lang='lat' dir='ltr'>qua</span> <span class='ocrx_word' id='word_1_26' title='bbox 1594 506 1652 543; x_wconf 90' lang='lat' dir='ltr'>re</span> <span class='ocrx_word' id='word_1_27' title='bbox 1686 489 1886 561; x_wconf 68' lang='lat' dir='ltr'>prmia-</span> 
     </span>
    </p>
   </div>
   <div class='ocr_carea' id='block_1_6' title="bbox 229 588 1887 663">
    <p class='ocr_par' dir='ltr' id='par_1_6' title="bbox 229 588 1887 663">
     <span class='ocr_line' id='line_1_6' title="bbox 229 588 1887 663; baseline -0.004 -15"><span class='ocrx_word' id='word_1_28' title='bbox 229 598 333 649; x_wconf 87' lang='lat' dir='ltr'>tus</span> <span class='ocrx_word' id='word_1_29' title='bbox 364 596 605 648; x_wconf 90' lang='lat' dir='ltr'>sanctus</span> <span class='ocrx_word' id='word_1_30' title='bbox 637 591 1003 663; x_wconf 84' lang='lat' dir='ltr'>Augustinus</span> <span class='ocrx_word' id='word_1_31' title='bbox 1034 590 1106 645; x_wconf 89' lang='lat' dir='ltr'>de</span> <span class='ocrx_word' id='word_1_32' title='bbox 1149 589 1369 645; x_wconf 67' lang='lat' dir='ltr'>caeteris</span> <span class='ocrx_word' id='word_1_33' title='bbox 1402 588 1634 644; x_wconf 94' lang='lat' dir='ltr'>interim</span> <span class='ocrx_word' id='word_1_34' title='bbox 1668 592 1887 653; x_wconf 86' lang='lat' dir='ltr'>tacens,</span> 
     </span>
    </p>
   </div>
   <div class='ocr_carea' id='block_1_7' title="bbox 234 677 1890 752">
    <p class='ocr_par' dir='ltr' id='par_1_7' title="bbox 234 677 1890 752">
     <span class='ocr_line' id='line_1_7' title="bbox 234 677 1890 752; baseline -0.004 -14"><span class='ocrx_word' id='word_1_35' title='bbox 234 682 504 739; x_wconf 84' lang='lat' dir='ltr'>scribens</span> <span class='ocrx_word' id='word_1_36' title='bbox 526 680 701 737; x_wconf 90' lang='lat' dir='ltr'>etiam</span> <span class='ocrx_word' id='word_1_37' title='bbox 726 680 906 752; x_wconf 87' lang='lat' dir='ltr'>hujus</span> <span class='ocrx_word' id='word_1_38' title='bbox 927 678 1199 734; x_wconf 83' lang='lat' dir='ltr'>animalis</span> <span class='ocrx_word' id='word_1_39' title='bbox 1232 677 1500 733; x_wconf 86' lang='lat' dir='ltr'>meminit</span> <span class='ocrx_word' id='word_1_40' title='bbox 1520 677 1719 733; x_wconf 88' lang='lat' dir='ltr'>dicens</span> <span class='ocrx_word' id='word_1_41' title='bbox 1746 693 1759 733; x_wconf 96' lang='lat'>:</span> <span class='ocrx_word' id='word_1_42' title='bbox 1783 678 1890 732; x_wconf 88' lang='lat' dir='ltr'>Te-</span> 
     </span>
    </p>
   </div>
   <div class='ocr_carea' id='block_1_8' title="bbox 234 766 1893 841">
    <p class='ocr_par' dir='ltr' id='par_1_8' title="bbox 234 766 1893 841">
     <span class='ocr_line' id='line_1_8' title="bbox 234 766 1893 841; baseline -0.005 -13"><span class='ocrx_word' id='word_1_43' title='bbox 234 775 533 828; x_wconf 87' lang='lat' dir='ltr'>stamento</span> <span class='ocrx_word' id='word_1_44' title='bbox 552 768 880 835; x_wconf 87' lang='lat' dir='ltr'>Veteri,ubi</span> <span class='ocrx_word' id='word_1_45' title='bbox 908 767 1148 841; x_wconf 89' lang='lat' dir='ltr'>quidam</span> <span class='ocrx_word' id='word_1_46' title='bbox 1168 767 1278 823; x_wconf 88' lang='lat' dir='ltr'>cibi</span> <span class='ocrx_word' id='word_1_47' title='bbox 1297 767 1559 822; x_wconf 89' lang='lat' dir='ltr'>carnium</span> <span class='ocrx_word' id='word_1_48' title='bbox 1587 766 1893 839; x_wconf 88' lang='lat' dir='ltr'>prohiben-</span> 
     </span>
    </p>
   </div>
   <div class='ocr_carea' id='block_1_9' title="bbox 238 854 1895 927">
    <p class='ocr_par' dir='ltr' id='par_1_9' title="bbox 238 854 1895 927">
     <span class='ocr_line' id='line_1_9' title="bbox 238 854 1895 927; baseline -0.005 -10"><span class='ocrx_word' id='word_1_49' title='bbox 238 867 359 927; x_wconf 97' lang='lat' dir='ltr'>tur,</span> <span class='ocrx_word' id='word_1_50' title='bbox 384 877 488 916; x_wconf 90' lang='lat' dir='ltr'>cur</span> <span class='ocrx_word' id='word_1_51' title='bbox 518 877 632 915; x_wconf 88' lang='lat' dir='ltr'>non</span> <span class='ocrx_word' id='word_1_52' title='bbox 665 859 742 914; x_wconf 88' lang='lat' dir='ltr'>sit</span> <span class='ocrx_word' id='word_1_53' title='bbox 772 856 1063 913; x_wconf 90' lang='lat' dir='ltr'>contraria</span> <span class='ocrx_word' id='word_1_54' title='bbox 1110 856 1223 911; x_wconf 90' lang='lat' dir='ltr'>ista</span> <span class='ocrx_word' id='word_1_55' title='bbox 1271 856 1579 923; x_wconf 83' lang='lat' dir='ltr'>sententia,</span> <span class='ocrx_word' id='word_1_56' title='bbox 1606 872 1721 927; x_wconf 90' lang='lat' dir='ltr'>qua</span> <span class='ocrx_word' id='word_1_57' title='bbox 1751 854 1895 909; x_wconf 88' lang='lat' dir='ltr'>dicit</span> 
     </span>
    </p>
   </div>
   <div class='ocr_carea' id='block_1_10' title="bbox 236 945 1895 1024">
    <p class='ocr_par' dir='ltr' id='par_1_10' title="bbox 236 945 1895 1024">
     <span class='ocr_line' id='line_1_10' title="bbox 236 945 1895 1024; baseline -0.005 -17"><span class='ocrx_word' id='word_1_58' title='bbox 236 948 556 1024; x_wconf 81' lang='lat' dir='ltr'>Apostolus</span> <span class='ocrx_word' id='word_1_59' title='bbox 581 966 594 1004; x_wconf 93' lang='lat'>:</span> <span class='ocrx_word' id='word_1_60' title='bbox 622 949 817 1005; x_wconf 78' lang='lat' dir='ltr'>Omnia</span> <span class='ocrx_word' id='word_1_61' title='bbox 847 946 1051 1002; x_wconf 82' lang='lat' dir='ltr'>munda</span> <span class='ocrx_word' id='word_1_62' title='bbox 1078 945 1323 1011; x_wconf 87' lang='lat' dir='ltr'>mundis,</span> <span class='ocrx_word' id='word_1_63' title='bbox 1356 954 1407 1001; x_wconf 86' lang='lat' dir='ltr'>et</span> <span class='ocrx_word' id='word_1_64' title='bbox 1436 947 1615 1001; x_wconf 88' lang='lat' dir='ltr'>omnis</span> <span class='ocrx_word' id='word_1_65' title='bbox 1644 952 1895 999; x_wconf 82' lang='lat' dir='ltr'>creatura</span> 
     </span>
    </p>
   </div>
   <div class='ocr_carea' id='block_1_11' title="bbox 240 1033 1898 1108">
    <p class='ocr_par' dir='ltr' id='par_1_11' title="bbox 240 1033 1898 1108">
     <span class='ocr_line' id='line_1_11' title="bbox 240 1033 1898 1108; baseline -0.005 -12"><span class='ocrx_word' id='word_1_66' title='bbox 240 1042 346 1096; x_wconf 85' lang='lat' dir='ltr'>Dei</span> <span class='ocrx_word' id='word_1_67' title='bbox 376 1042 516 1095; x_wconf 84' lang='lat' dir='ltr'>bona</span> <span class='ocrx_word' id='word_1_68' title='bbox 544 1046 622 1095; x_wconf 79' lang='lat' dir='ltr'>est</span> <span class='ocrx_word' id='word_1_69' title='bbox 652 1037 701 1106; x_wconf 91' lang='lat' dir='ltr'>(I</span> <span class='ocrx_word' id='word_1_70' title='bbox 732 1039 864 1093; x_wconf 88' lang='lat' dir='ltr'>Tim.</span> <span class='ocrx_word' id='word_1_71' title='bbox 900 1042 998 1104; x_wconf 85' lang='lat' dir='ltr'>IV),</span> <span class='ocrx_word' id='word_1_72' title='bbox 1032 1035 1080 1091; x_wconf 87' lang='lat' dir='ltr'>si</span> <span class='ocrx_word' id='word_1_73' title='bbox 1120 1039 1387 1108; x_wconf 91' lang='lat' dir='ltr'>possunt,</span> <span class='ocrx_word' id='word_1_74' title='bbox 1430 1033 1758 1107; x_wconf 85' lang='lat' dir='ltr'>intelligant</span> <span class='ocrx_word' id='word_1_75' title='bbox 1788 1033 1898 1089; x_wconf 92' lang='lat' dir='ltr'>hoc</span> 
     </span>
    </p>
   </div>
   <div class='ocr_carea' id='block_1_12' title="bbox 239 1122 1897 1203">
    <p class='ocr_par' dir='ltr' id='par_1_12' title="bbox 239 1122 1897 1203">
     <span class='ocr_line' id='line_1_12' title="bbox 239 1122 1897 1203; baseline -0.005 -17"><span class='ocrx_word' id='word_1_76' title='bbox 239 1127 590 1203; x_wconf 86' lang='lat' dir='ltr'>Apostolum</span> <span class='ocrx_word' id='word_1_77' title='bbox 606 1127 676 1181; x_wconf 91' lang='lat' dir='ltr'>de</span> <span class='ocrx_word' id='word_1_78' title='bbox 692 1125 837 1199; x_wconf 90' lang='lat' dir='ltr'>ipsis</span> <span class='ocrx_word' id='word_1_79' title='bbox 859 1125 1076 1181; x_wconf 80' lang='lat' dir='ltr'>dixisse</span> <span class='ocrx_word' id='word_1_80' title='bbox 1098 1125 1356 1194; x_wconf 87' lang='lat' dir='ltr'>naturis;</span> <span class='ocrx_word' id='word_1_81' title='bbox 1377 1122 1493 1179; x_wconf 91' lang='lat' dir='ltr'>illis</span> <span class='ocrx_word' id='word_1_82' title='bbox 1523 1128 1718 1180; x_wconf 89' lang='lat' dir='ltr'>autem</span> <span class='ocrx_word' id='word_1_83' title='bbox 1744 1122 1897 1178; x_wconf 88' lang='lat' dir='ltr'>litte-</span> 
     </span>
    </p>
   </div>
   <div class='ocr_carea' id='block_1_13' title="bbox 241 1220 1897 1299">
    <p class='ocr_par' dir='ltr' id='par_1_13' title="bbox 241 1220 1897 1299">
     <span class='ocr_line' id='line_1_13' title="bbox 241 1220 1897 1299; baseline -0.004 -17"><span class='ocrx_word' id='word_1_84' title='bbox 241 1244 343 1283; x_wconf 90' lang='lat' dir='ltr'>ras</span> <span class='ocrx_word' id='word_1_85' title='bbox 374 1229 610 1299; x_wconf 84' lang='lat' dir='ltr'>propter</span> <span class='ocrx_word' id='word_1_86' title='bbox 641 1223 927 1295; x_wconf 88' lang='lat' dir='ltr'>quasdam</span> <span class='ocrx_word' id='word_1_87' title='bbox 960 1221 1459 1295; x_wconf 66' lang='lat' dir='ltr'>praﬁgurationes</span> <span class='ocrx_word' id='word_1_88' title='bbox 1483 1220 1729 1293; x_wconf 88' lang='lat' dir='ltr'>tempori</span> <span class='ocrx_word' id='word_1_89' title='bbox 1762 1237 1897 1275; x_wconf 90' lang='lat' dir='ltr'>con-</span> 
     </span>
    </p>
   </div>
   <div class='ocr_carea' id='block_1_14' title="bbox 241 1309 1904 1389">
    <p class='ocr_par' dir='ltr' id='par_1_14' title="bbox 241 1309 1904 1389">
     <span class='ocr_line' id='line_1_14' title="bbox 241 1309 1904 1389; baseline -0.004 -18"><span class='ocrx_word' id='word_1_90' title='bbox 241 1319 524 1389; x_wconf 86' lang='lat' dir='ltr'>gruentes</span> <span class='ocrx_word' id='word_1_91' title='bbox 549 1312 827 1369; x_wconf 84' lang='lat' dir='ltr'>animalia</span> <span class='ocrx_word' id='word_1_92' title='bbox 847 1312 1114 1384; x_wconf 68' lang='lat' dir='ltr'>quaedam</span> <span class='ocrx_word' id='word_1_93' title='bbox 1146 1328 1261 1366; x_wconf 90' lang='lat' dir='ltr'>non</span> <span class='ocrx_word' id='word_1_94' title='bbox 1293 1315 1525 1377; x_wconf 89' lang='lat' dir='ltr'>natura,</span> <span class='ocrx_word' id='word_1_95' title='bbox 1551 1311 1651 1366; x_wconf 90' lang='lat' dir='ltr'>sed</span> <span class='ocrx_word' id='word_1_96' title='bbox 1684 1309 1904 1382; x_wconf 85' lang='lat' dir='ltr'>signifi-</span> 
     </span>
    </p>
   </div>
   <div class='ocr_carea' id='block_1_15' title="bbox 241 1400 1902 1472">
    <p class='ocr_par' dir='ltr' id='par_1_15' title="bbox 241 1400 1902 1472">
     <span class='ocr_line' id='line_1_15' title="bbox 241 1400 1902 1472; baseline -0.004 -11"><span class='ocrx_word' id='word_1_97' title='bbox 241 1406 475 1461; x_wconf 88' lang='lat' dir='ltr'>catione</span> <span class='ocrx_word' id='word_1_98' title='bbox 507 1403 813 1459; x_wconf 87' lang='lat' dir='ltr'>immunda</span> <span class='ocrx_word' id='word_1_99' title='bbox 833 1401 1070 1457; x_wconf 81' lang='lat' dir='ltr'>dixisse.</span> <span class='ocrx_word' id='word_1_100' title='bbox 1094 1401 1297 1472; x_wconf 83' lang='lat' dir='ltr'>Itaque</span> <span class='ocrx_word' id='word_1_101' title='bbox 1330 1400 1488 1455; x_wconf 83' lang='lat' dir='ltr'>verbi</span> <span class='ocrx_word' id='word_1_102' title='bbox 1516 1400 1725 1472; x_wconf 86' lang='lat' dir='ltr'>gratia,</span> <span class='ocrx_word' id='word_1_103' title='bbox 1751 1400 1797 1453; x_wconf 87' lang='lat' dir='ltr'>si</span> <span class='ocrx_word' id='word_1_104' title='bbox 1832 1400 1902 1454; x_wconf 90' lang='lat' dir='ltr'>de</span> 
     </span>
    </p>
   </div>
   <div class='ocr_carea' id='block_1_16' title="bbox 243 1490 1901 1567">
    <p class='ocr_par' dir='ltr' id='par_1_16' title="bbox 243 1490 1901 1567">
     <span class='ocr_line' id='line_1_16' title="bbox 243 1490 1901 1567; baseline -0.004 -18"><span class='ocrx_word' id='word_1_105' title='bbox 243 1511 424 1567; x_wconf 88' lang='lat' dir='ltr'>porco</span> <span class='ocrx_word' id='word_1_106' title='bbox 441 1497 497 1549; x_wconf 91' lang='lat' dir='ltr'>et</span> <span class='ocrx_word' id='word_1_107' title='bbox 512 1508 661 1564; x_wconf 91' lang='lat' dir='ltr'>agno</span> <span class='ocrx_word' id='word_1_108' title='bbox 680 1490 1034 1563; x_wconf 81' lang='lat' dir='ltr'>requiratur,</span> <span class='ocrx_word' id='word_1_109' title='bbox 1051 1494 1366 1562; x_wconf 87' lang='lat' dir='ltr'>utrumque</span> <span class='ocrx_word' id='word_1_110' title='bbox 1385 1496 1595 1544; x_wconf 89' lang='lat' dir='ltr'>natura</span> <span class='ocrx_word' id='word_1_111' title='bbox 1612 1490 1901 1543; x_wconf 84' lang='lat' dir='ltr'>mundum</span> 
     </span>
    </p>
   </div>
   <div class='ocr_carea' id='block_1_17' title="bbox 246 1578 1902 1655">
    <p class='ocr_par' dir='ltr' id='par_1_17' title="bbox 246 1578 1902 1655">
     <span class='ocr_line' id='line_1_17' title="bbox 246 1578 1902 1655; baseline -0.004 -17"><span class='ocrx_word' id='word_1_112' title='bbox 246 1589 368 1650; x_wconf 86' lang='lat' dir='ltr'>est;</span> <span class='ocrx_word' id='word_1_113' title='bbox 394 1581 532 1655; x_wconf 89' lang='lat' dir='ltr'>quia</span> <span class='ocrx_word' id='word_1_114' title='bbox 552 1582 748 1646; x_wconf 84' lang='lat' dir='ltr'>omnis,</span> <span class='ocrx_word' id='word_1_115' title='bbox 762 1588 1016 1635; x_wconf 78' lang='lat' dir='ltr'>creatura</span> <span class='ocrx_word' id='word_1_116' title='bbox 1036 1581 1135 1635; x_wconf 89' lang='lat' dir='ltr'>Dei</span> <span class='ocrx_word' id='word_1_117' title='bbox 1155 1581 1295 1635; x_wconf 86' lang='lat' dir='ltr'>bona</span> <span class='ocrx_word' id='word_1_118' title='bbox 1316 1588 1393 1634; x_wconf 89' lang='lat' dir='ltr'>est</span> <span class='ocrx_word' id='word_1_119' title='bbox 1412 1578 1620 1650; x_wconf 49' lang='lat' dir='ltr'>(ibid):</span> <span class='ocrx_word' id='word_1_120' title='bbox 1648 1579 1902 1649; x_wconf 86' lang='lat' dir='ltr'>quadam</span> 
     </span>
    </p>
   </div>
   <div class='ocr_carea' id='block_1_18' title="bbox 246 1666 1905 1744">
    <p class='ocr_par' dir='ltr' id='par_1_18' title="bbox 246 1666 1905 1744">
     <span class='ocr_line' id='line_1_18' title="bbox 246 1666 1905 1744; baseline -0.003 -18"><span class='ocrx_word' id='word_1_121' title='bbox 246 1688 386 1728; x_wconf 89' lang='lat' dir='ltr'>vero</span> <span class='ocrx_word' id='word_1_122' title='bbox 419 1670 846 1744; x_wconf 81' lang='lat' dir='ltr'>significatione</span> <span class='ocrx_word' id='word_1_123' title='bbox 876 1685 1066 1742; x_wconf 88' lang='lat' dir='ltr'>agnus</span> <span class='ocrx_word' id='word_1_124' title='bbox 1096 1669 1375 1736; x_wconf 88' lang='lat' dir='ltr'>mundus,</span> <span class='ocrx_word' id='word_1_125' title='bbox 1399 1683 1612 1739; x_wconf 89' lang='lat' dir='ltr'>porcus</span> <span class='ocrx_word' id='word_1_126' title='bbox 1642 1666 1905 1721; x_wconf 84' lang='lat' dir='ltr'>immun-</span> 
     </span>
    </p>
   </div>
   <div class='ocr_carea' id='block_1_19' title="bbox 250 1755 1986 1836">
    <p class='ocr_par' dir='ltr' id='par_1_19' title="bbox 250 1755 1986 1836">
     <span class='ocr_line' id='line_1_19' title="bbox 250 1755 1986 1836; baseline -0.003 -21"><span class='ocrx_word' id='word_1_127' title='bbox 250 1763 368 1815; x_wconf 85' lang='lat' dir='ltr'>dus</span> <span class='ocrx_word' id='word_1_128' title='bbox 400 1764 517 1827; x_wconf 90' lang='lat' dir='ltr'>est;</span> <span class='ocrx_word' id='word_1_129' title='bbox 541 1763 826 1830; x_wconf 88' lang='lat' dir='ltr'>tanquam</span> <span class='ocrx_word' id='word_1_130' title='bbox 849 1757 898 1812; x_wconf 90' lang='lat' dir='ltr'>si</span> <span class='ocrx_word' id='word_1_131' title='bbox 930 1756 1177 1813; x_wconf 90' lang='lat' dir='ltr'>stultum</span> <span class='ocrx_word' id='word_1_132' title='bbox 1208 1762 1265 1811; x_wconf 90' lang='lat' dir='ltr'>et</span> <span class='ocrx_word' id='word_1_133' title='bbox 1295 1756 1619 1828; x_wconf 89' lang='lat' dir='ltr'>sapientem</span> <span class='ocrx_word' id='word_1_134' title='bbox 1642 1755 1902 1811; x_wconf 89' lang='lat' dir='ltr'>diceres:</span> <span class='ocrx_word' id='word_1_135' title='bbox 1938 1772 1986 1836; x_wconf 80' lang='grc' dir='ltr'><strong>Β</strong></span> 
     </span>
    </p>
   </div>
   <div class='ocr_carea' id='block_1_20' title="bbox 252 1844 1910 1920">
    <p class='ocr_par' dir='ltr' id='par_1_20' title="bbox 252 1844 1910 1920">
     <span class='ocr_line' id='line_1_20' title="bbox 252 1844 1910 1920; baseline -0.005 -15"><span class='ocrx_word' id='word_1_136' title='bbox 252 1855 578 1920; x_wconf 89' lang='lat' dir='ltr'>utrumque</span> <span class='ocrx_word' id='word_1_137' title='bbox 600 1846 709 1901; x_wconf 90' lang='lat' dir='ltr'>hoc</span> <span class='ocrx_word' id='word_1_138' title='bbox 728 1846 970 1901; x_wconf 83' lang='lat' dir='ltr'>verbum</span> <span class='ocrx_word' id='word_1_139' title='bbox 994 1849 1204 1900; x_wconf 90' lang='lat' dir='ltr'>natura</span> <span class='ocrx_word' id='word_1_140' title='bbox 1218 1844 1392 1911; x_wconf 87' lang='lat' dir='ltr'>vocis,</span> <span class='ocrx_word' id='word_1_141' title='bbox 1413 1849 1470 1899; x_wconf 91' lang='lat' dir='ltr'>et</span> <span class='ocrx_word' id='word_1_142' title='bbox 1490 1844 1837 1913; x_wconf 88' lang='lat' dir='ltr'>litterarum,</span> <span class='ocrx_word' id='word_1_143' title='bbox 1853 1848 1910 1899; x_wconf 89' lang='lat' dir='ltr'>et</span> 
     </span>
    </p>
   </div>
   <div class='ocr_carea' id='block_1_21' title="bbox 254 1941 1912 2021">
    <p class='ocr_par' dir='ltr' id='par_1_21' title="bbox 254 1941 1912 2021">
     <span class='ocr_line' id='line_1_21' title="bbox 254 1941 1912 2021; baseline -0.004 -19"><span class='ocrx_word' id='word_1_144' title='bbox 254 1946 612 2021; x_wconf 80' lang='lat' dir='ltr'>syllabarum</span> <span class='ocrx_word' id='word_1_145' title='bbox 647 1944 865 2017; x_wconf 85' lang='lat' dir='ltr'>quibus</span> <span class='ocrx_word' id='word_1_146' title='bbox 896 1943 1361 2015; x_wconf 86' lang='lat' dir='ltr'>constat,utique</span> <span class='ocrx_word' id='word_1_147' title='bbox 1389 1943 1676 1997; x_wconf 89' lang='lat' dir='ltr'>mundum</span> <span class='ocrx_word' id='word_1_148' title='bbox 1698 1947 1813 2010; x_wconf 90' lang='lat' dir='ltr'>est;</span> <span class='ocrx_word' id='word_1_149' title='bbox 1838 1941 1912 1996; x_wconf 89' lang='lat' dir='ltr'>si-</span> 
     </span>
    </p>
   </div>
   <div class='ocr_carea' id='block_1_22' title="bbox 253 2020 1912 2112">
    <p class='ocr_par' dir='ltr' id='par_1_22' title="bbox 253 2020 1912 2112">
     <span class='ocr_line' id='line_1_22' title="bbox 253 2020 1912 2112; baseline -0.003 -21"><span class='ocrx_word' id='word_1_150' title='bbox 253 2020 633 2112; x_wconf 78' lang='lat' dir='ltr'>gniﬁcatione</span> <span class='ocrx_word' id='word_1_151' title='bbox 655 2038 850 2089; x_wconf 75' lang='lat' dir='ltr'>autem</span> <span class='ocrx_word' id='word_1_152' title='bbox 877 2049 1059 2088; x_wconf 90' lang='lat' dir='ltr'>unum</span> <span class='ocrx_word' id='word_1_153' title='bbox 1082 2032 1292 2087; x_wconf 90' lang='lat' dir='ltr'>horum</span> <span class='ocrx_word' id='word_1_154' title='bbox 1315 2032 1741 2103; x_wconf 85' lang='lat' dir='ltr'>vcrbum,quod</span> <span class='ocrx_word' id='word_1_155' title='bbox 1774 2030 1912 2086; x_wconf 90' lang='lat' dir='ltr'>dici-</span> 
     </span>
    </p>
   </div>
   <div class='ocr_carea' id='block_1_23' title="bbox 256 2121 1906 2194">
    <p class='ocr_par' dir='ltr' id='par_1_23' title="bbox 256 2121 1906 2194">
     <span class='ocr_line' id='line_1_23' title="bbox 256 2121 1906 2194; baseline -0.004 -12"><span class='ocrx_word' id='word_1_156' title='bbox 256 2132 358 2182; x_wconf 89' lang='lat' dir='ltr'>tur</span> <span class='ocrx_word' id='word_1_157' title='bbox 376 2124 647 2189; x_wconf 90' lang='lat' dir='ltr'>stultum,</span> <span class='ocrx_word' id='word_1_158' title='bbox 664 2123 1038 2177; x_wconf 88' lang='lat' dir='ltr'>immundum</span> <span class='ocrx_word' id='word_1_159' title='bbox 1065 2121 1176 2177; x_wconf 91' lang='lat' dir='ltr'>dici</span> <span class='ocrx_word' id='word_1_160' title='bbox 1203 2125 1408 2194; x_wconf 87' lang='lat' dir='ltr'>potest,</span> <span class='ocrx_word' id='word_1_161' title='bbox 1426 2138 1539 2176; x_wconf 91' lang='lat' dir='ltr'>non</span> <span class='ocrx_word' id='word_1_162' title='bbox 1564 2125 1773 2176; x_wconf 90' lang='lat' dir='ltr'>natura</span> <span class='ocrx_word' id='word_1_163' title='bbox 1793 2122 1906 2187; x_wconf 89' lang='lat' dir='ltr'>sui,</span> 
     </span>
    </p>
   </div>
   <div class='ocr_carea' id='block_1_24' title="bbox 256 2210 1912 2287">
    <p class='ocr_par' dir='ltr' id='par_1_24' title="bbox 256 2210 1912 2287">
     <span class='ocr_line' id='line_1_24' title="bbox 256 2210 1912 2287; baseline -0.003 -17"><span class='ocrx_word' id='word_1_164' title='bbox 256 2215 363 2271; x_wconf 90' lang='lat' dir='ltr'>sed</span> <span class='ocrx_word' id='word_1_165' title='bbox 382 2213 660 2287; x_wconf 82' lang='lat' dir='ltr'>quoniam</span> <span class='ocrx_word' id='word_1_166' title='bbox 679 2211 961 2283; x_wconf 88' lang='lat' dir='ltr'>quiddam</span> <span class='ocrx_word' id='word_1_167' title='bbox 976 2211 1349 2265; x_wconf 88' lang='lat' dir='ltr'>immundum</span> <span class='ocrx_word' id='word_1_168' title='bbox 1375 2210 1697 2282; x_wconf 87' lang='lat' dir='ltr'>significat:</span> <span class='ocrx_word' id='word_1_169' title='bbox 1724 2216 1778 2265; x_wconf 91' lang='lat' dir='ltr'>et</span> <span class='ocrx_word' id='word_1_170' title='bbox 1804 2212 1912 2265; x_wconf 82' lang='lat' dir='ltr'>for—</span> 
     </span>
    </p>
   </div>
   <div class='ocr_carea' id='block_1_25' title="bbox 256 2300 1912 2375">
    <p class='ocr_par' dir='ltr' id='par_1_25' title="bbox 256 2300 1912 2375">
     <span class='ocr_line' id='line_1_25' title="bbox 256 2300 1912 2375; baseline -0.003 -15"><span class='ocrx_word' id='word_1_171' title='bbox 256 2310 418 2360; x_wconf 87' lang='lat' dir='ltr'>tasse</span> <span class='ocrx_word' id='word_1_172' title='bbox 441 2302 595 2375; x_wconf 91' lang='lat' dir='ltr'>quod</span> <span class='ocrx_word' id='word_1_173' title='bbox 619 2306 707 2358; x_wconf 91' lang='lat' dir='ltr'>cst</span> <span class='ocrx_word' id='word_1_174' title='bbox 727 2302 785 2356; x_wconf 91' lang='lat' dir='ltr'>in</span> <span class='ocrx_word' id='word_1_175' title='bbox 813 2318 1006 2356; x_wconf 90' lang='lat' dir='ltr'>rerum</span> <span class='ocrx_word' id='word_1_176' title='bbox 1031 2300 1233 2372; x_wconf 88' lang='lat' dir='ltr'>figuris</span> <span class='ocrx_word' id='word_1_177' title='bbox 1254 2317 1487 2372; x_wconf 88' lang='lat' dir='ltr'>porcus,</span> <span class='ocrx_word' id='word_1_178' title='bbox 1507 2300 1614 2356; x_wconf 90' lang='lat' dir='ltr'>hoc</span> <span class='ocrx_word' id='word_1_179' title='bbox 1636 2305 1724 2354; x_wconf 85' lang='lat' dir='ltr'>est</span> <span class='ocrx_word' id='word_1_180' title='bbox 1748 2300 1803 2354; x_wconf 90' lang='lat' dir='ltr'>in</span> <span class='ocrx_word' id='word_1_181' title='bbox 1828 2316 1912 2355; x_wconf 84' lang='lat' dir='ltr'>re-</span> 
     </span>
    </p>
   </div>
   <div class='ocr_carea' id='block_1_26' title="bbox 259 2388 1910 2465">
    <p class='ocr_par' dir='ltr' id='par_1_26' title="bbox 259 2388 1910 2465">
     <span class='ocr_line' id='line_1_26' title="bbox 259 2388 1910 2465; baseline -0.004 -16"><span class='ocrx_word' id='word_1_182' title='bbox 259 2411 394 2449; x_wconf 90' lang='lat' dir='ltr'>rum</span> <span class='ocrx_word' id='word_1_183' title='bbox 420 2408 629 2465; x_wconf 86' lang='lat' dir='ltr'>genere</span> <span class='ocrx_word' id='word_1_184' title='bbox 652 2390 897 2458; x_wconf 90' lang='lat' dir='ltr'>stultus;</span> <span class='ocrx_word' id='word_1_185' title='bbox 922 2394 978 2445; x_wconf 92' lang='lat' dir='ltr'>et</span> <span class='ocrx_word' id='word_1_186' title='bbox 998 2394 1119 2445; x_wconf 90' lang='lat' dir='ltr'>tam</span> <span class='ocrx_word' id='word_1_187' title='bbox 1152 2388 1294 2444; x_wconf 90' lang='lat' dir='ltr'>illud</span> <span class='ocrx_word' id='word_1_188' title='bbox 1326 2388 1565 2455; x_wconf 85' lang='lat' dir='ltr'>animal,</span> <span class='ocrx_word' id='word_1_189' title='bbox 1590 2407 1764 2461; x_wconf 88' lang='lat' dir='ltr'>quam</span> <span class='ocrx_word' id='word_1_190' title='bbox 1786 2389 1910 2443; x_wconf 70' lang='lat' dir='ltr'>istae</span> 
     </span>
    </p>
   </div>
   <div class='ocr_carea' id='block_1_27' title="bbox 258 2477 1910 2554">
    <p class='ocr_par' dir='ltr' id='par_1_27' title="bbox 258 2477 1910 2554">
     <span class='ocr_line' id='line_1_27' title="bbox 258 2477 1910 2554; baseline -0.004 -16"><span class='ocrx_word' id='word_1_191' title='bbox 258 2484 391 2538; x_wconf 71' lang='lat' dir='ltr'>dus:</span> <span class='ocrx_word' id='word_1_192' title='bbox 416 2480 841 2554; x_wconf 66' lang='lat' dir='ltr'>syllabis,quod</span> <span class='ocrx_word' id='word_1_193' title='bbox 868 2478 1083 2534; x_wconf 88' lang='lat' dir='ltr'>dicitur</span> <span class='ocrx_word' id='word_1_194' title='bbox 1111 2477 1379 2545; x_wconf 85' lang='lat' dir='ltr'>stultum,</span> <span class='ocrx_word' id='word_1_195' title='bbox 1398 2479 1678 2551; x_wconf 85' lang='lat' dir='ltr'>quiddam</span> <span class='ocrx_word' id='word_1_196' title='bbox 1728 2495 1910 2533; x_wconf 90' lang='lat' dir='ltr'>unum</span> 
     </span>
    </p>
   </div>
   <div class='ocr_carea' id='block_1_28' title="bbox 258 2567 1913 2643">
    <p class='ocr_par' dir='ltr' id='par_1_28' title="bbox 258 2567 1913 2643">
     <span class='ocr_line' id='line_1_28' title="bbox 258 2567 1913 2643; baseline -0.003 -16"><span class='ocrx_word' id='word_1_197' title='bbox 258 2573 540 2643; x_wconf 84' lang='lat' dir='ltr'>idemque</span> <span class='ocrx_word' id='word_1_198' title='bbox 559 2568 1273 2642; x_wconf 81' lang='lat' dir='ltr'>significatzimmundum</span> <span class='ocrx_word' id='word_1_199' title='bbox 1298 2568 1509 2641; x_wconf 86' lang='lat' dir='ltr'>quippe</span> <span class='ocrx_word' id='word_1_200' title='bbox 1532 2568 1672 2623; x_wconf 89' lang='lat' dir='ltr'>illud</span> <span class='ocrx_word' id='word_1_201' title='bbox 1696 2567 1913 2623; x_wconf 84' lang='lat' dir='ltr'>animal</span> 
     </span>
    </p>
   </div>
   <div class='ocr_carea' id='block_1_29' title="bbox 259 2658 1915 2733">
    <p class='ocr_par' dir='ltr' id='par_1_29' title="bbox 259 2658 1915 2733">
     <span class='ocr_line' id='line_1_29' title="bbox 259 2658 1915 2733; baseline -0.003 -16"><span class='ocrx_word' id='word_1_202' title='bbox 259 2663 321 2717; x_wconf 91' lang='lat' dir='ltr'>in</span> <span class='ocrx_word' id='word_1_203' title='bbox 344 2661 473 2733; x_wconf 88' lang='lat' dir='ltr'>lege</span> <span class='ocrx_word' id='word_1_204' title='bbox 495 2659 750 2732; x_wconf 90' lang='lat' dir='ltr'>positum</span> <span class='ocrx_word' id='word_1_205' title='bbox 769 2663 951 2725; x_wconf 90' lang='lat' dir='ltr'>est,eo</span> <span class='ocrx_word' id='word_1_206' title='bbox 968 2658 1120 2728; x_wconf 88' lang='lat' dir='ltr'>quod</span> <span class='ocrx_word' id='word_1_207' title='bbox 1143 2674 1256 2712; x_wconf 91' lang='lat' dir='ltr'>non</span> <span class='ocrx_word' id='word_1_208' title='bbox 1274 2658 1561 2725; x_wconf 89' lang='lat' dir='ltr'>ruminet;</span> <span class='ocrx_word' id='word_1_209' title='bbox 1586 2675 1699 2712; x_wconf 91' lang='lat' dir='ltr'>non</span> <span class='ocrx_word' id='word_1_210' title='bbox 1719 2663 1915 2713; x_wconf 88' lang='lat' dir='ltr'>autem</span> 
     </span>
    </p>
   </div>
   <div class='ocr_carea' id='block_1_30' title="bbox 259 2746 1914 2820">
    <p class='ocr_par' dir='ltr' id='par_1_30' title="bbox 259 2746 1914 2820">
     <span class='ocr_line' id='line_1_30' title="bbox 259 2746 1914 2820; baseline -0.002 -14"><span class='ocrx_word' id='word_1_211' title='bbox 259 2751 377 2806; x_wconf 89' lang='lat' dir='ltr'>hoc</span> <span class='ocrx_word' id='word_1_212' title='bbox 401 2750 529 2820; x_wconf 88' lang='lat' dir='ltr'>ejus</span> <span class='ocrx_word' id='word_1_213' title='bbox 545 2748 877 2815; x_wconf 89' lang='lat' dir='ltr'>vitium,sed</span> <span class='ocrx_word' id='word_1_214' title='bbox 904 2751 1112 2801; x_wconf 90' lang='lat' dir='ltr'>natura</span> <span class='ocrx_word' id='word_1_215' title='bbox 1131 2748 1399 2802; x_wconf 88' lang='lat' dir='ltr'>est.Sunt</span> <span class='ocrx_word' id='word_1_216' title='bbox 1416 2750 1605 2801; x_wconf 90' lang='lat' dir='ltr'>autem</span> <span class='ocrx_word' id='word_1_217' title='bbox 1625 2746 1914 2813; x_wconf 88' lang='lat' dir='ltr'>homines,</span> 
     </span>
    </p>
   </div>
   <div class='ocr_carea' id='block_1_31' title="bbox 263 2835 1919 2912">
    <p class='ocr_par' dir='ltr' id='par_1_31' title="bbox 263 2835 1919 2912">
     <span class='ocr_line' id='line_1_31' title="bbox 263 2835 1919 2912; baseline -0.002 -18"><span class='ocrx_word' id='word_1_218' title='bbox 263 2838 369 2912; x_wconf 86' lang='lat' dir='ltr'>qui</span> <span class='ocrx_word' id='word_1_219' title='bbox 401 2855 505 2911; x_wconf 87' lang='lat' dir='ltr'>per</span> <span class='ocrx_word' id='word_1_220' title='bbox 534 2837 642 2892; x_wconf 94' lang='lat' dir='ltr'>hoc</span> <span class='ocrx_word' id='word_1_221' title='bbox 665 2835 883 2892; x_wconf 81' lang='lat' dir='ltr'>animal</span> <span class='ocrx_word' id='word_1_222' title='bbox 906 2835 1335 2908; x_wconf 82' lang='lat' dir='ltr'>significantur,</span> <span class='ocrx_word' id='word_1_223' title='bbox 1362 2836 1653 2891; x_wconf 89' lang='lat' dir='ltr'>immundi</span> <span class='ocrx_word' id='word_1_224' title='bbox 1687 2837 1919 2908; x_wconf 88' lang='lat' dir='ltr'>proprio</span> 
     </span>
    </p>
   </div>
   <div class='ocr_carea' id='block_1_32' title="bbox 262 2923 1923 2998">
    <p class='ocr_par' dir='ltr' id='par_1_32' title="bbox 262 2923 1923 2998">
     <span class='ocr_line' id='line_1_32' title="bbox 262 2923 1923 2998; baseline -0.002 -15"><span class='ocrx_word' id='word_1_225' title='bbox 262 2928 427 2995; x_wconf 88' lang='lat' dir='ltr'>vitio,</span> <span class='ocrx_word' id='word_1_226' title='bbox 463 2944 578 2982; x_wconf 92' lang='lat' dir='ltr'>non</span> <span class='ocrx_word' id='word_1_227' title='bbox 609 2931 847 2993; x_wconf 86' lang='lat' dir='ltr'>natura;</span> <span class='ocrx_word' id='word_1_228' title='bbox 880 2924 981 2998; x_wconf 89' lang='lat' dir='ltr'>qui</span> <span class='ocrx_word' id='word_1_229' title='bbox 1023 2941 1158 2980; x_wconf 90' lang='lat' dir='ltr'>cum</span> <span class='ocrx_word' id='word_1_230' title='bbox 1189 2923 1438 2980; x_wconf 88' lang='lat' dir='ltr'>libenter</span> <span class='ocrx_word' id='word_1_231' title='bbox 1479 2924 1720 2981; x_wconf 77' lang='lat' dir='ltr'>audiant</span> <span class='ocrx_word' id='word_1_232' title='bbox 1747 2925 1923 2980; x_wconf 86' lang='lat' dir='ltr'>verba</span> 
     </span>
    </p>
   </div>
   <div class='ocr_carea' id='block_1_33' title="bbox 268 3022 1921 3098">
    <p class='ocr_par' dir='ltr' id='par_1_33' title="bbox 268 3022 1921 3098">
     <span class='ocr_line' id='line_1_33' title="bbox 268 3022 1921 3098; baseline -0.004 -14"><span class='ocrx_word' id='word_1_233' title='bbox 268 3025 596 3098; x_wconf 70' lang='lat' dir='ltr'>sapientiae,</span> <span class='ocrx_word' id='word_1_234' title='bbox 620 3028 821 3096; x_wconf 90' lang='lat' dir='ltr'>postea</span> <span class='ocrx_word' id='word_1_235' title='bbox 841 3024 911 3079; x_wconf 90' lang='lat' dir='ltr'>de</span> <span class='ocrx_word' id='word_1_236' title='bbox 932 3022 1023 3079; x_wconf 92' lang='lat' dir='ltr'>his</span> <span class='ocrx_word' id='word_1_237' title='bbox 1046 3023 1284 3079; x_wconf 89' lang='lat' dir='ltr'>omnino</span> <span class='ocrx_word' id='word_1_238' title='bbox 1317 3040 1433 3078; x_wconf 92' lang='lat' dir='ltr'>non</span> <span class='ocrx_word' id='word_1_239' title='bbox 1454 3023 1740 3095; x_wconf 89' lang='lat' dir='ltr'>cogitant:</span> <span class='ocrx_word' id='word_1_240' title='bbox 1765 3023 1921 3095; x_wconf 88' lang='lat' dir='ltr'>quod</span> 
     </span>
    </p>
   </div>
   <div class='ocr_carea' id='block_1_34' title="bbox 268 3111 2908 3223">
    <p class='ocr_par' dir='ltr' id='par_1_34' title="bbox 268 3111 2908 3223">
     <span class='ocr_line' id='line_1_34' title="bbox 268 3111 2908 3207; baseline -0.003 -38"><span class='ocrx_word' id='word_1_241' title='bbox 268 3115 433 3170; x_wconf 88' lang='lat' dir='ltr'>enim</span> <span class='ocrx_word' id='word_1_242' title='bbox 468 3112 607 3168; x_wconf 89' lang='lat' dir='ltr'>utile</span> <span class='ocrx_word' id='word_1_243' title='bbox 638 3111 913 3182; x_wconf 90' lang='lat' dir='ltr'>audieris,</span> <span class='ocrx_word' id='word_1_244' title='bbox 938 3111 1094 3167; x_wconf 89' lang='lat' dir='ltr'>velut</span> <span class='ocrx_word' id='word_1_245' title='bbox 1134 3111 1410 3167; x_wconf 88' lang='lat' dir='ltr'>intestino</span> <span class='ocrx_word' id='word_1_246' title='bbox 1456 3113 1748 3167; x_wconf 64' lang='lat' dir='ltr'>memoriae</span> <span class='ocrx_word' id='word_1_247' title='bbox 1796 3117 1925 3168; x_wconf 87' lang='lat' dir='ltr'>tan-</span> <span class='ocrx_word' id='word_1_248' title='bbox 1957 3141 2001 3207; x_wconf 69' lang='grc' dir='ltr'>α</span> <span class='ocrx_word' id='word_1_249' title='bbox 2039 3111 2238 3119; x_wconf 65' lang='grc'>““””’“</span> <span class='ocrx_word' id='word_1_250' title='bbox 2272 3111 2688 3161; x_wconf 69' lang='grc' dir='ltr'>”“““’ῖ’”“’““”</span> <span class='ocrx_word' id='word_1_251' title='bbox 2705 3111 2766 3117; x_wconf 70' lang='lat'><strong>&quot;</strong></span> <span class='ocrx_word' id='word_1_252' title='bbox 2793 3111 2842 3117; x_wconf 75' lang='lat'><strong>&quot;</strong></span> <span class='ocrx_word' id='word_1_253' title='bbox 2874 3111 2908 3116; x_wconf 77' lang='grc'>”</span> 
     </span>
     <span class='ocr_line' id='line_1_35' title="bbox 278 3150 2908 3223; baseline -0.003 -9"><span class='ocrx_word' id='word_1_254' title='bbox 278 3221 343 3223; x_wconf 28' lang='grc' dir='ltr'>η</span> <span class='ocrx_word' id='word_1_255' title='bbox 366 3220 449 3223; x_wconf 71' lang='lat'>__</span> <span class='ocrx_word' id='word_1_256' title='bbox 494 3203 558 3223; x_wconf 28' lang='lat'>4,</span> <span class='ocrx_word' id='word_1_257' title='bbox 599 3219 656 3223; x_wconf 53' lang='grc' dir='ltr'>η</span> <span class='ocrx_word' id='word_1_258' title='bbox 694 3201 1056 3223; x_wconf 35' lang='grc' dir='ltr'>Δηὼ-κη,-</span> <span class='ocrx_word' id='word_1_259' title='bbox 1103 3201 1442 3223; x_wconf 43' lang='grc' dir='ltr'>μη-ληλε</span> <span class='ocrx_word' id='word_1_260' title='bbox 1473 3201 1769 3223; x_wconf 28' lang='lat' dir='ltr'>Ltd,“</span> <span class='ocrx_word' id='word_1_261' title='bbox 1801 3201 1890 3223; x_wconf 44' lang='grc' dir='ltr'>ων</span> <span class='ocrx_word' id='word_1_262' title='bbox 2037 3170 2162 3209; x_wconf 89' lang='lat' dir='ltr'>ram</span> <span class='ocrx_word' id='word_1_263' title='bbox 2195 3155 2472 3223; x_wconf 81' lang='lat' dir='ltr'>protractl</span> <span class='ocrx_word' id='word_1_264' title='bbox 2503 3153 2642 3206; x_wconf 91' lang='lat' dir='ltr'>sunt</span> <span class='ocrx_word' id='word_1_265' title='bbox 2670 3151 2799 3219; x_wconf 87' lang='lat' dir='ltr'>(Jos.</span> <span class='ocrx_word' id='word_1_266' title='bbox 2831 3150 2908 3223; x_wconf 82' lang='lat' dir='ltr'>v1)</span> 
     </span>
    </p>
   </div>
   <div class='ocr_carea' id='block_1_35' title="bbox 270 3201 1926 3275">
    <p class='ocr_par' dir='ltr' id='par_1_35' title="bbox 270 3201 1926 3275">
     <span class='ocr_line' id='line_1_36' title="bbox 270 3201 1926 3275; baseline -0.001 -17"><span class='ocrx_word' id='word_1_267' title='bbox 270 3220 456 3275; x_wconf 90' lang='lat' dir='ltr'>quam</span> <span class='ocrx_word' id='word_1_268' title='bbox 490 3203 559 3258; x_wconf 90' lang='lat' dir='ltr'>ad</span> <span class='ocrx_word' id='word_1_269' title='bbox 593 3219 658 3258; x_wconf 91' lang='lat' dir='ltr'>os</span> <span class='ocrx_word' id='word_1_270' title='bbox 690 3201 1078 3274; x_wconf 84' lang='lat' dir='ltr'>cogitationis,</span> <span class='ocrx_word' id='word_1_271' title='bbox 1103 3201 1443 3256; x_wconf 86' lang='lat' dir='ltr'>recordandi</span> <span class='ocrx_word' id='word_1_272' title='bbox 1467 3201 1774 3257; x_wconf 89' lang='lat' dir='ltr'>dulcedine</span> <span class='ocrx_word' id='word_1_273' title='bbox 1801 3201 1926 3257; x_wconf 89' lang='lat' dir='ltr'>vol-</span> 
     </span>
    </p>
   </div>
   <div class='ocr_carea' id='block_1_36' title="bbox 268 3288 1928 3363">
    <p class='ocr_par' dir='ltr' id='par_1_36' title="bbox 268 3288 1928 3363">
     <span class='ocr_line' id='line_1_37' title="bbox 268 3288 1928 3363; baseline -0.001 -16"><span class='ocrx_word' id='word_1_274' title='bbox 268 3308 435 3359; x_wconf 84' lang='lat' dir='ltr'>vere;</span> <span class='ocrx_word' id='word_1_275' title='bbox 460 3291 599 3363; x_wconf 90' lang='lat' dir='ltr'>quid</span> <span class='ocrx_word' id='word_1_276' title='bbox 623 3294 711 3346; x_wconf 91' lang='lat' dir='ltr'>est</span> <span class='ocrx_word' id='word_1_277' title='bbox 731 3288 909 3354; x_wconf 86' lang='lat' dir='ltr'>aliud,</span> <span class='ocrx_word' id='word_1_278' title='bbox 936 3306 1112 3361; x_wconf 89' lang='lat' dir='ltr'>quam</span> <span class='ocrx_word' id='word_1_279' title='bbox 1135 3288 1475 3361; x_wconf 86' lang='lat' dir='ltr'>spiritaliter</span> <span class='ocrx_word' id='word_1_280' title='bbox 1496 3290 1928 3362; x_wconf 88' lang='lat' dir='ltr'>quodammodo</span> 
     </span>
    </p>
   </div>
   <div class='ocr_carea' id='block_1_37' title="bbox 271 3377 1929 3451">
    <p class='ocr_par' dir='ltr' id='par_1_37' title="bbox 271 3377 1929 3451">
     <span class='ocr_line' id='line_1_38' title="bbox 271 3377 1929 3451; baseline -0.001 -15"><span class='ocrx_word' id='word_1_281' title='bbox 271 3380 614 3436; x_wconf 83' lang='lat' dir='ltr'>ruminare?</span> <span class='ocrx_word' id='word_1_282' title='bbox 630 3379 784 3451; x_wconf 89' lang='lat' dir='ltr'>quod</span> <span class='ocrx_word' id='word_1_283' title='bbox 810 3378 910 3450; x_wconf 89' lang='lat' dir='ltr'>qui</span> <span class='ocrx_word' id='word_1_284' title='bbox 936 3394 1049 3433; x_wconf 92' lang='lat' dir='ltr'>non</span> <span class='ocrx_word' id='word_1_285' title='bbox 1068 3378 1308 3443; x_wconf 86' lang='lat' dir='ltr'>faciunt,</span> <span class='ocrx_word' id='word_1_286' title='bbox 1323 3377 1558 3434; x_wconf 90' lang='lat' dir='ltr'>illorum</span> <span class='ocrx_word' id='word_1_287' title='bbox 1581 3378 1929 3435; x_wconf 89' lang='lat' dir='ltr'>animalium</span> 
     </span>
    </p>
   </div>
   <div class='ocr_carea' id='block_1_38' title="bbox 270 3466 1931 3542">
    <p class='ocr_par' dir='ltr' id='par_1_38' title="bbox 270 3466 1931 3542">
     <span class='ocr_line' id='line_1_39' title="bbox 270 3466 1931 3542; baseline 0 -18"><span class='ocrx_word' id='word_1_288' title='bbox 270 3486 488 3542; x_wconf 89' lang='lat' dir='ltr'>genere</span> <span class='ocrx_word' id='word_1_289' title='bbox 518 3469 868 3541; x_wconf 84' lang='lat' dir='ltr'>figurantur.</span> <span class='ocrx_word' id='word_1_290' title='bbox 894 3467 1057 3522; x_wconf 90' lang='lat' dir='ltr'>Unde</span> <span class='ocrx_word' id='word_1_291' title='bbox 1088 3471 1144 3522; x_wconf 89' lang='lat' dir='ltr'>et</span> <span class='ocrx_word' id='word_1_292' title='bbox 1183 3466 1311 3539; x_wconf 90' lang='lat' dir='ltr'>ipsa</span> <span class='ocrx_word' id='word_1_293' title='bbox 1342 3485 1375 3523; x_wconf 91' lang='lat' dir='ltr'>a</span> <span class='ocrx_word' id='word_1_294' title='bbox 1405 3467 1624 3523; x_wconf 89' lang='lat' dir='ltr'>talibus</span> <span class='ocrx_word' id='word_1_295' title='bbox 1653 3468 1931 3524; x_wconf 89' lang='lat' dir='ltr'>carnibus</span> 
     </span>
    </p>
   </div>
   <div class='ocr_carea' id='block_1_39' title="bbox 271 3556 1931 3628">
    <p class='ocr_par' dir='ltr' id='par_1_39' title="bbox 271 3556 1931 3628">
     <span class='ocr_line' id='line_1_40' title="bbox 271 3556 1931 3628; baseline 0 -15"><span class='ocrx_word' id='word_1_296' title='bbox 271 3558 656 3624; x_wconf 86' lang='lat' dir='ltr'>abstinentia,</span> <span class='ocrx_word' id='word_1_297' title='bbox 681 3556 792 3612; x_wconf 90' lang='lat' dir='ltr'>tale</span> <span class='ocrx_word' id='word_1_298' title='bbox 820 3556 1028 3611; x_wconf 90' lang='lat' dir='ltr'>vitium</span> <span class='ocrx_word' id='word_1_299' title='bbox 1052 3573 1158 3611; x_wconf 91' lang='lat' dir='ltr'>nos</span> <span class='ocrx_word' id='word_1_300' title='bbox 1179 3572 1380 3612; x_wconf 89' lang='lat' dir='ltr'>cavere</span> <span class='ocrx_word' id='word_1_301' title='bbox 1402 3558 1768 3628; x_wconf 66' lang='lat' dir='ltr'>praemonuit.</span> <span class='ocrx_word' id='word_1_302' title='bbox 1785 3558 1931 3613; x_wconf 88' lang='lat' dir='ltr'>Cum</span> 
     </span>
    </p>
   </div>
   <div class='ocr_carea' id='block_1_40' title="bbox 271 3644 1933 3704">
    <p class='ocr_par' dir='ltr' id='par_1_40' title="bbox 271 3644 1933 3704">
     <span class='ocr_line' id='line_1_41' title="bbox 271 3644 1933 3704; baseline -0.002 0"><span class='ocrx_word' id='word_1_303' title='bbox 271 3647 434 3704; x_wconf 88' lang='lat' dir='ltr'>enim</span> <span class='ocrx_word' id='word_1_304' title='bbox 467 3647 537 3703; x_wconf 90' lang='lat' dir='ltr'>de</span> <span class='ocrx_word' id='word_1_305' title='bbox 568 3646 675 3702; x_wconf 88' lang='lat' dir='ltr'>hac</span> <span class='ocrx_word' id='word_1_306' title='bbox 708 3644 1001 3701; x_wconf 86' lang='lat' dir='ltr'>munditia</span> <span class='ocrx_word' id='word_1_307' title='bbox 1031 3644 1366 3700; x_wconf 89' lang='lat' dir='ltr'>ruminandi</span> <span class='ocrx_word' id='word_1_308' title='bbox 1400 3645 1511 3701; x_wconf 90' lang='lat' dir='ltr'>alio</span> <span class='ocrx_word' id='word_1_309' title='bbox 1542 3646 1667 3702; x_wconf 92' lang='lat' dir='ltr'>loco</span> <span class='ocrx_word' id='word_1_310' title='bbox 1694 3648 1774 3703; x_wconf 88' lang='lat' dir='ltr'>ita</span> <span class='ocrx_word' id='word_1_311' title='bbox 1795 3647 1933 3702; x_wconf 91' lang='lat' dir='ltr'>scri-</span> 
     </span>
    </p>
   </div>
   <div class='ocr_carea' id='block_1_41' title="bbox 270 3733 1932 3807">
    <p class='ocr_par' dir='ltr' id='par_1_41' title="bbox 270 3733 1932 3807">
     <span class='ocr_line' id='line_1_42' title="bbox 270 3733 1932 3807; baseline 0.002 -18"><span class='ocrx_word' id='word_1_312' title='bbox 270 3741 445 3807; x_wconf 90' lang='lat' dir='ltr'>ptum</span> <span class='ocrx_word' id='word_1_313' title='bbox 478 3739 567 3790; x_wconf 76' lang='lat' dir='ltr'>est</span> <span class='ocrx_word' id='word_1_314' title='bbox 598 3751 611 3789; x_wconf 89' lang='lat'>:</span> <span class='ocrx_word' id='word_1_315' title='bbox 649 3736 951 3790; x_wconf 81' lang='lat' dir='ltr'>Thesaurus</span> <span class='ocrx_word' id='word_1_316' title='bbox 994 3733 1372 3789; x_wconf 84' lang='lat' dir='ltr'>desiderabilis</span> <span class='ocrx_word' id='word_1_317' title='bbox 1402 3738 1687 3807; x_wconf 79' lang='lat' dir='ltr'>requiescit</span> <span class='ocrx_word' id='word_1_318' title='bbox 1734 3739 1795 3792; x_wconf 88' lang='lat' dir='ltr'>in</span> <span class='ocrx_word' id='word_1_319' title='bbox 1840 3754 1932 3793; x_wconf 89' lang='lat' dir='ltr'>ore</span> 
     </span>
    </p>
   </div>
   <div class='ocr_carea' id='block_1_42' title="bbox 278 3823 1928 3899">
    <p class='ocr_par' dir='ltr' id='par_1_42' title="bbox 278 3823 1928 3899">
     <span class='ocr_line' id='line_1_43' title="bbox 278 3823 1928 3899; baseline 0 -18"><span class='ocrx_word' id='word_1_320' title='bbox 278 3826 563 3896; x_wconf 80' lang='lat' dir='ltr'>sapientis,</span> <span class='ocrx_word' id='word_1_321' title='bbox 588 3826 675 3880; x_wconf 85' lang='lat' dir='ltr'>vir</span> <span class='ocrx_word' id='word_1_322' title='bbox 698 3832 881 3879; x_wconf 89' lang='lat' dir='ltr'>autem</span> <span class='ocrx_word' id='word_1_323' title='bbox 910 3823 1108 3878; x_wconf 85' lang='lat' dir='ltr'>stultus</span> <span class='ocrx_word' id='word_1_324' title='bbox 1136 3823 1300 3893; x_wconf 81' lang='lat' dir='ltr'>glutit</span> <span class='ocrx_word' id='word_1_325' title='bbox 1337 3825 1496 3879; x_wconf 84' lang='lat' dir='ltr'>illum</span> <span class='ocrx_word' id='word_1_326' title='bbox 1530 3825 1709 3896; x_wconf 85' lang='lat' dir='ltr'>(Prov.</span> <span class='ocrx_word' id='word_1_327' title='bbox 1734 3827 1928 3899; x_wconf 81' lang='lat' dir='ltr'>xxvu).</span> 
     </span>
    </p>
   </div>
   <div class='ocr_carea' id='block_1_43' title="bbox 273 3912 1936 3972">
    <p class='ocr_par' dir='ltr' id='par_1_43' title="bbox 273 3912 1936 3972">
     <span class='ocr_line' id='line_1_44' title="bbox 273 3912 1936 3972; baseline 0.002 -3"><span class='ocrx_word' id='word_1_328' title='bbox 273 3914 396 3969; x_wconf 87' lang='lat' dir='ltr'>Has</span> <span class='ocrx_word' id='word_1_329' title='bbox 436 3917 631 3968; x_wconf 88' lang='lat' dir='ltr'>autem</span> <span class='ocrx_word' id='word_1_330' title='bbox 661 3912 1078 3968; x_wconf 89' lang='lat' dir='ltr'>similitudines</span> <span class='ocrx_word' id='word_1_331' title='bbox 1130 3929 1323 3967; x_wconf 87' lang='lat' dir='ltr'>rerum</span> <span class='ocrx_word' id='word_1_332' title='bbox 1356 3914 1414 3967; x_wconf 92' lang='lat' dir='ltr'>in</span> <span class='ocrx_word' id='word_1_333' title='bbox 1448 3912 1840 3970; x_wconf 79' lang='lat' dir='ltr'>locationibus</span> <span class='ocrx_word' id='word_1_334' title='bbox 1878 3920 1936 3972; x_wconf 90' lang='lat' dir='ltr'>et</span> 
     </span>
    </p>
   </div>
   <div class='ocr_carea' id='block_1_44' title="bbox 277 4008 1935 4082">
    <p class='ocr_par' dir='ltr' id='par_1_44' title="bbox 277 4008 1935 4082">
     <span class='ocr_line' id='line_1_45' title="bbox 277 4008 1935 4082; baseline 0.001 -15"><span class='ocrx_word' id='word_1_335' title='bbox 277 4009 791 4067; x_wconf 88' lang='lat' dir='ltr'>observationibus</span> <span class='ocrx_word' id='word_1_336' title='bbox 816 4008 1079 4082; x_wconf 87' lang='lat' dir='ltr'>figuratis</span> <span class='ocrx_word' id='word_1_337' title='bbox 1106 4014 1343 4081; x_wconf 86' lang='lat' dir='ltr'>propter</span> <span class='ocrx_word' id='word_1_338' title='bbox 1364 4010 1657 4082; x_wconf 74' lang='lat' dir='ltr'>qumrendi</span> <span class='ocrx_word' id='word_1_339' title='bbox 1686 4016 1744 4067; x_wconf 90' lang='lat' dir='ltr'>et</span> <span class='ocrx_word' id='word_1_340' title='bbox 1772 4029 1935 4068; x_wconf 91' lang='lat' dir='ltr'>com-</span> 
     </span>
    </p>
   </div>
   <div class='ocr_carea' id='block_1_45' title="bbox 276 4098 1937 4173">
    <p class='ocr_par' dir='ltr' id='par_1_45' title="bbox 276 4098 1937 4173">
     <span class='ocr_line' id='line_1_46' title="bbox 276 4098 1937 4173; baseline 0.002 -18"><span class='ocrx_word' id='word_1_341' title='bbox 276 4099 525 4173; x_wconf 88' lang='lat' dir='ltr'>parandi</span> <span class='ocrx_word' id='word_1_342' title='bbox 558 4099 1031 4155; x_wconf 83' lang='lat' dir='ltr'>exercitationem</span> <span class='ocrx_word' id='word_1_343' title='bbox 1059 4098 1371 4154; x_wconf 82' lang='lat' dir='ltr'>rationales</span> <span class='ocrx_word' id='word_1_344' title='bbox 1394 4104 1619 4155; x_wconf 89' lang='lat' dir='ltr'>mcntes</span> <span class='ocrx_word' id='word_1_345' title='bbox 1643 4100 1862 4157; x_wconf 88' lang='lat' dir='ltr'>utiliter</span> <span class='ocrx_word' id='word_1_346' title='bbox 1880 4107 1937 4158; x_wconf 90' lang='lat' dir='ltr'>et</span> 
     </span>
    </p>
   </div>
   <div class='ocr_carea' id='block_1_46' title="bbox 277 4187 1935 4260">
    <p class='ocr_par' dir='ltr' id='par_1_46' title="bbox 277 4187 1935 4260">
     <span class='ocr_line' id='line_1_47' title="bbox 277 4187 1935 4260; baseline 0.002 -16"><span class='ocrx_word' id='word_1_347' title='bbox 277 4188 541 4244; x_wconf 86' lang='lat' dir='ltr'>suaviter</span> <span class='ocrx_word' id='word_1_348' title='bbox 572 4187 793 4243; x_wconf 87' lang='lat' dir='ltr'>noverit</span> <span class='ocrx_word' id='word_1_349' title='bbox 818 4204 831 4242; x_wconf 89' lang='lat'>:</span> <span class='ocrx_word' id='word_1_350' title='bbox 858 4189 958 4242; x_wconf 90' lang='lat' dir='ltr'>sed</span> <span class='ocrx_word' id='word_1_351' title='bbox 989 4187 1167 4259; x_wconf 91' lang='lat' dir='ltr'>priori</span> <span class='ocrx_word' id='word_1_352' title='bbox 1195 4187 1410 4260; x_wconf 93' lang='lat' dir='ltr'>populo</span> <span class='ocrx_word' id='word_1_353' title='bbox 1434 4188 1619 4244; x_wconf 89' lang='lat' dir='ltr'>multa</span> <span class='ocrx_word' id='word_1_354' title='bbox 1648 4189 1788 4245; x_wconf 90' lang='lat' dir='ltr'>talia</span> <span class='ocrx_word' id='word_1_355' title='bbox 1819 4208 1935 4247; x_wconf 91' lang='lat' dir='ltr'>non</span> 
     </span>
    </p>
   </div>
   <div class='ocr_carea' id='block_1_47' title="bbox 277 4276 1937 4351">
    <p class='ocr_par' dir='ltr' id='par_1_47' title="bbox 277 4276 1937 4351">
     <span class='ocr_line' id='line_1_48' title="bbox 277 4276 1937 4351; baseline 0.002 -18"><span class='ocrx_word' id='word_1_356' title='bbox 277 4282 519 4333; x_wconf 88' lang='lat' dir='ltr'>tantum</span> <span class='ocrx_word' id='word_1_357' title='bbox 550 4276 861 4343; x_wconf 88' lang='lat' dir='ltr'>audienda,</span> <span class='ocrx_word' id='word_1_358' title='bbox 890 4293 1093 4331; x_wconf 90' lang='lat' dir='ltr'>verum</span> <span class='ocrx_word' id='word_1_359' title='bbox 1124 4277 1298 4332; x_wconf 90' lang='lat' dir='ltr'>etiam</span> <span class='ocrx_word' id='word_1_360' title='bbox 1330 4278 1694 4334; x_wconf 91' lang='lat' dir='ltr'>observanda</span> <span class='ocrx_word' id='word_1_361' title='bbox 1724 4297 1937 4351; x_wconf 81' lang='lat' dir='ltr'>praece-</span> 
     </span>
    </p>
   </div>
   <div class='ocr_carea' id='block_1_48' title="bbox 280 4366 1934 4441">
    <p class='ocr_par' dir='ltr' id='par_1_48' title="bbox 280 4366 1934 4441">
     <span class='ocr_line' id='line_1_49' title="bbox 280 4366 1934 4441; baseline 0.003 -20"><span class='ocrx_word' id='word_1_362' title='bbox 280 4372 383 4440; x_wconf 88' lang='lat' dir='ltr'>pta</span> <span class='ocrx_word' id='word_1_363' title='bbox 406 4370 567 4421; x_wconf 85' lang='lat' dir='ltr'>sunt.</span> <span class='ocrx_word' id='word_1_364' title='bbox 584 4366 843 4438; x_wconf 89' lang='lat' dir='ltr'>Tempus</span> <span class='ocrx_word' id='word_1_365' title='bbox 865 4366 1020 4421; x_wconf 89' lang='lat' dir='ltr'>enim</span> <span class='ocrx_word' id='word_1_366' title='bbox 1042 4369 1185 4432; x_wconf 89' lang='lat' dir='ltr'>erat,</span> <span class='ocrx_word' id='word_1_367' title='bbox 1212 4383 1327 4438; x_wconf 89' lang='lat' dir='ltr'>quo</span> <span class='ocrx_word' id='word_1_368' title='bbox 1350 4383 1467 4423; x_wconf 89' lang='lat' dir='ltr'>non</span> <span class='ocrx_word' id='word_1_369' title='bbox 1490 4371 1718 4424; x_wconf 89' lang='lat' dir='ltr'>tantum</span> <span class='ocrx_word' id='word_1_370' title='bbox 1742 4369 1934 4441; x_wconf 90' lang='lat' dir='ltr'>dictis,</span> 
     </span>
    </p>
   </div>
   <div class='ocr_carea' id='block_1_49' title="bbox 279 4454 1938 4531">
    <p class='ocr_par' dir='ltr' id='par_1_49' title="bbox 279 4454 1938 4531">
     <span class='ocr_line' id='line_1_50' title="bbox 279 4454 1938 4531; baseline 0.003 -21"><span class='ocrx_word' id='word_1_371' title='bbox 279 4456 385 4511; x_wconf 87' lang='lat' dir='ltr'>sed</span> <span class='ocrx_word' id='word_1_372' title='bbox 447 4454 625 4511; x_wconf 88' lang='lat' dir='ltr'>etiam</span> <span class='ocrx_word' id='word_1_373' title='bbox 686 4455 855 4511; x_wconf 87' lang='lat' dir='ltr'>factis</span> <span class='ocrx_word' id='word_1_374' title='bbox 907 4454 1244 4528; x_wconf 88' lang='lat' dir='ltr'>prephetari</span> <span class='ocrx_word' id='word_1_375' title='bbox 1301 4460 1609 4527; x_wconf 89' lang='lat' dir='ltr'>oporteret,</span> <span class='ocrx_word' id='word_1_376' title='bbox 1628 4462 1684 4513; x_wconf 89' lang='lat' dir='ltr'>et</span> <span class='ocrx_word' id='word_1_377' title='bbox 1712 4476 1781 4514; x_wconf 89' lang='lat' dir='ltr'>ea</span> <span class='ocrx_word' id='word_1_378' title='bbox 1809 4476 1938 4531; x_wconf 72' lang='lat' dir='ltr'>quae</span> 
     </span>
    </p>
   </div>
   <div class='ocr_carea' id='block_1_50' title="bbox 280 4544 1941 4621">
    <p class='ocr_par' dir='ltr' id='par_1_50' title="bbox 280 4544 1941 4621">
     <span class='ocr_line' id='line_1_51' title="bbox 280 4544 1941 4621; baseline 0.002 -20"><span class='ocrx_word' id='word_1_379' title='bbox 280 4544 594 4617; x_wconf 89' lang='lat' dir='ltr'>posteriori</span> <span class='ocrx_word' id='word_1_380' title='bbox 642 4547 902 4615; x_wconf 90' lang='lat' dir='ltr'>tempore</span> <span class='ocrx_word' id='word_1_381' title='bbox 951 4545 1185 4599; x_wconf 88' lang='lat' dir='ltr'>fuerant</span> <span class='ocrx_word' id='word_1_382' title='bbox 1223 4544 1779 4618; x_wconf 88' lang='lat' dir='ltr'>revelanda,quibus</span> <span class='ocrx_word' id='word_1_383' title='bbox 1838 4566 1941 4621; x_wconf 89' lang='lat' dir='ltr'>per</span> 
     </span>
    </p>
   </div>
   <div class='ocr_carea' id='block_1_51' title="bbox 280 4633 1937 4709">
    <p class='ocr_par' dir='ltr' id='par_1_51' title="bbox 280 4633 1937 4709">
     <span class='ocr_line' id='line_1_52' title="bbox 280 4633 1937 4709; baseline 0.003 -20"><span class='ocrx_word' id='word_1_384' title='bbox 280 4634 608 4704; x_wconf 87' lang='lat' dir='ltr'>Christum,</span> <span class='ocrx_word' id='word_1_385' title='bbox 634 4638 808 4705; x_wconf 90' lang='lat' dir='ltr'>atque</span> <span class='ocrx_word' id='word_1_386' title='bbox 839 4634 898 4689; x_wconf 91' lang='lat' dir='ltr'>in</span> <span class='ocrx_word' id='word_1_387' title='bbox 933 4633 1163 4689; x_wconf 88' lang='lat' dir='ltr'>Christo</span> <span class='ocrx_word' id='word_1_388' title='bbox 1196 4634 1483 4700; x_wconf 88' lang='lat' dir='ltr'>revelatis,</span> <span class='ocrx_word' id='word_1_389' title='bbox 1510 4636 1640 4690; x_wconf 88' lang='lat' dir='ltr'>fidei</span> <span class='ocrx_word' id='word_1_390' title='bbox 1672 4639 1937 4709; x_wconf 90' lang='lat' dir='ltr'>gentium</span> 
     </span>
    </p>
   </div>
   <div class='ocr_carea' id='block_1_52' title="bbox 280 4724 1938 4798">
    <p class='ocr_par' dir='ltr' id='par_1_52' title="bbox 280 4724 1938 4798">
     <span class='ocr_line' id='line_1_53' title="bbox 280 4724 1938 4798; baseline 0.002 -19"><span class='ocrx_word' id='word_1_391' title='bbox 280 4742 463 4780; x_wconf 91' lang='lat' dir='ltr'>onera</span> <span class='ocrx_word' id='word_1_392' title='bbox 490 4724 965 4780; x_wconf 84' lang='lat' dir='ltr'>Observationum</span> <span class='ocrx_word' id='word_1_393' title='bbox 996 4740 1110 4779; x_wconf 88' lang='lat' dir='ltr'>non</span> <span class='ocrx_word' id='word_1_394' title='bbox 1135 4727 1274 4779; x_wconf 90' lang='lat' dir='ltr'>sunt</span> <span class='ocrx_word' id='word_1_395' title='bbox 1302 4724 1597 4795; x_wconf 89' lang='lat' dir='ltr'>imposita,</span> <span class='ocrx_word' id='word_1_396' title='bbox 1624 4726 1938 4798; x_wconf 62' lang='lat' dir='ltr'>prophetia;</span> 
     </span>
    </p>
   </div>
   <div class='ocr_carea' id='block_1_53' title="bbox 280 4812 1297 4870">
    <p class='ocr_par' dir='ltr' id='par_1_53' title="bbox 280 4812 1297 4870">
     <span class='ocr_line' id='line_1_54' title="bbox 280 4812 1297 4870; baseline -0.001 -2"><span class='ocrx_word' id='word_1_397' title='bbox 280 4818 481 4870; x_wconf 86' lang='lat' dir='ltr'>tamen</span> <span class='ocrx_word' id='word_1_398' title='bbox 516 4812 834 4869; x_wconf 88' lang='lat' dir='ltr'>auctoritas</span> <span class='ocrx_word' id='word_1_399' title='bbox 869 4814 1297 4869; x_wconf 89' lang='lat' dir='ltr'>commendata.</span> 
     </span>
    </p>
   </div>
   <div class='ocr_carea' id='block_1_54' title="bbox 353 4928 1942 5003">
    <p class='ocr_par' dir='ltr' id='par_1_54' title="bbox 353 4928 1942 5003">
     <span class='ocr_line' id='line_1_55' title="bbox 353 4928 1942 5003; baseline 0.002 -18"><span class='ocrx_word' id='word_1_400' title='bbox 353 4929 541 4985; x_wconf 87' lang='lat' dir='ltr'><strong>XLIV.</strong></span> <span class='ocrx_word' id='word_1_401' title='bbox 567 4928 741 4985; x_wconf 89' lang='lat' dir='ltr'>Nulla</span> <span class='ocrx_word' id='word_1_402' title='bbox 769 4928 916 4984; x_wconf 90' lang='lat' dir='ltr'>ratio</span> <span class='ocrx_word' id='word_1_403' title='bbox 948 4928 1026 4984; x_wconf 90' lang='lat' dir='ltr'>sit</span> <span class='ocrx_word' id='word_1_404' title='bbox 1062 4928 1122 4983; x_wconf 93' lang='lat' dir='ltr'>in</span> <span class='ocrx_word' id='word_1_405' title='bbox 1156 4929 1647 5002; x_wconf 89' lang='lat' dir='ltr'>quadragesimali</span> <span class='ocrx_word' id='word_1_406' title='bbox 1682 4934 1942 5003; x_wconf 86' lang='lat' dir='ltr'>tempore</span> 
     </span>
    </p>
   </div>
   <div class='ocr_carea' id='block_1_55' title="bbox 282 5017 1942 5091">
    <p class='ocr_par' dir='ltr' id='par_1_55' title="bbox 282 5017 1942 5091">
     <span class='ocr_line' id='line_1_56' title="bbox 282 5017 1942 5091; baseline 0.002 -18"><span class='ocrx_word' id='word_1_407' title='bbox 282 5018 697 5075; x_wconf 85' lang='lat' dir='ltr'>venationibus</span> <span class='ocrx_word' id='word_1_408' title='bbox 721 5017 806 5073; x_wconf 91' lang='lat' dir='ltr'>uti</span> <span class='ocrx_word' id='word_1_409' title='bbox 827 5036 839 5074; x_wconf 94' lang='lat'>:</span> <span class='ocrx_word' id='word_1_410' title='bbox 865 5022 1143 5074; x_wconf 87' lang='lat' dir='ltr'>venantes</span> <span class='ocrx_word' id='word_1_411' title='bbox 1164 5018 1321 5074; x_wconf 90' lang='lat' dir='ltr'>enim</span> <span class='ocrx_word' id='word_1_412' title='bbox 1341 5017 1485 5073; x_wconf 88' lang='lat' dir='ltr'>nihil</span> <span class='ocrx_word' id='word_1_413' title='bbox 1508 5023 1716 5091; x_wconf 68' lang='lat' dir='ltr'>praeter</span> <span class='ocrx_word' id='word_1_414' title='bbox 1737 5038 1942 5077; x_wconf 89' lang='lat' dir='ltr'>carnes</span> 
     </span>
    </p>
   </div>
   <div class='ocr_carea' id='block_1_56' title="bbox 284 5106 1945 5181">
    <p class='ocr_par' dir='ltr' id='par_1_56' title="bbox 284 5106 1945 5181">
     <span class='ocr_line' id='line_1_57' title="bbox 284 5106 1945 5181; baseline 0.001 -17"><span class='ocrx_word' id='word_1_415' title='bbox 284 5112 546 5180; x_wconf 84' lang='lat' dir='ltr'>captant,</span> <span class='ocrx_word' id='word_1_416' title='bbox 562 5111 628 5162; x_wconf 92' lang='lat' dir='ltr'>ut</span> <span class='ocrx_word' id='word_1_417' title='bbox 651 5124 789 5180; x_wconf 89' lang='lat' dir='ltr'>ergo</span> <span class='ocrx_word' id='word_1_418' title='bbox 819 5107 966 5163; x_wconf 90' lang='lat' dir='ltr'>nihil</span> <span class='ocrx_word' id='word_1_419' title='bbox 998 5106 1228 5163; x_wconf 87' lang='lat' dir='ltr'>carnale</span> <span class='ocrx_word' id='word_1_420' title='bbox 1258 5108 1467 5163; x_wconf 87' lang='lat' dir='ltr'>sectari</span> <span class='ocrx_word' id='word_1_421' title='bbox 1489 5107 1827 5181; x_wconf 89' lang='lat' dir='ltr'>videamini,</span> <span class='ocrx_word' id='word_1_422' title='bbox 1850 5111 1945 5167; x_wconf 89' lang='lat' dir='ltr'>de-</span> 
     </span>
    </p>
   </div>
   <div class='ocr_carea' id='block_1_57' title="bbox 285 5196 1946 5272">
    <p class='ocr_par' dir='ltr' id='par_1_57' title="bbox 285 5196 1946 5272">
     <span class='ocr_line' id='line_1_58' title="bbox 285 5196 1946 5272; baseline 0.001 -20"><span class='ocrx_word' id='word_1_423' title='bbox 285 5200 487 5252; x_wconf 87' lang='lat' dir='ltr'>center</span> <span class='ocrx_word' id='word_1_424' title='bbox 505 5213 540 5252; x_wconf 88' lang='lat' dir='ltr'>a</span> <span class='ocrx_word' id='word_1_425' title='bbox 560 5196 838 5252; x_wconf 91' lang='lat' dir='ltr'>carnibus</span> <span class='ocrx_word' id='word_1_426' title='bbox 864 5196 1171 5269; x_wconf 81' lang='lat' dir='ltr'>captandis</span> <span class='ocrx_word' id='word_1_427' title='bbox 1195 5197 1255 5252; x_wconf 90' lang='lat' dir='ltr'>in</span> <span class='ocrx_word' id='word_1_428' title='bbox 1282 5197 1775 5268; x_wconf 87' lang='lat' dir='ltr'>quadragesimali</span> <span class='ocrx_word' id='word_1_429' title='bbox 1804 5216 1946 5272; x_wconf 63' lang='lat' dir='ltr'>prae-</span> 
     </span>
    </p>
   </div>
   <div class='ocr_carea' id='block_1_58' title="bbox 287 5285 1943 5359">
    <p class='ocr_par' dir='ltr' id='par_1_58' title="bbox 287 5285 1943 5359">
     <span class='ocr_line' id='line_1_59' title="bbox 287 5285 1943 5359; baseline 0.002 -18"><span class='ocrx_word' id='word_1_430' title='bbox 287 5287 458 5359; x_wconf 89' lang='lat' dir='ltr'>cipue</span> <span class='ocrx_word' id='word_1_431' title='bbox 478 5290 739 5358; x_wconf 88' lang='lat' dir='ltr'>tempore</span> <span class='ocrx_word' id='word_1_432' title='bbox 759 5285 923 5341; x_wconf 91' lang='lat' dir='ltr'>vobis</span> <span class='ocrx_word' id='word_1_433' title='bbox 945 5289 1033 5341; x_wconf 88' lang='lat' dir='ltr'>est</span> <span class='ocrx_word' id='word_1_434' title='bbox 1054 5285 1470 5341; x_wconf 89' lang='lat' dir='ltr'>abstinendum</span> <span class='ocrx_word' id='word_1_435' title='bbox 1494 5304 1507 5353; x_wconf 90' lang='lat'>;</span> <span class='ocrx_word' id='word_1_436' title='bbox 1544 5292 1763 5358; x_wconf 87' lang='lat' dir='ltr'>quanto</span> <span class='ocrx_word' id='word_1_437' title='bbox 1785 5290 1943 5344; x_wconf 91' lang='lat' dir='ltr'>enim</span> 
     </span>
    </p>
   </div>
   <div class='ocr_carea' id='block_1_59' title="bbox 278 5381 1945 5456">
    <p class='ocr_par' dir='ltr' id='par_1_59' title="bbox 278 5381 1945 5456">
     <span class='ocr_line' id='line_1_60' title="bbox 278 5381 1945 5456; baseline 0.002 -18"><span class='ocrx_word' id='word_1_438' title='bbox 278 5383 497 5456; x_wconf 88' lang='lat' dir='ltr'>jejunii</span> <span class='ocrx_word' id='word_1_439' title='bbox 518 5388 779 5456; x_wconf 90' lang='lat' dir='ltr'>tempore</span> <span class='ocrx_word' id='word_1_440' title='bbox 801 5384 1021 5440; x_wconf 91' lang='lat' dir='ltr'>arctius</span> <span class='ocrx_word' id='word_1_441' title='bbox 1042 5387 1131 5438; x_wconf 89' lang='lat' dir='ltr'>est</span> <span class='ocrx_word' id='word_1_442' title='bbox 1151 5381 1361 5438; x_wconf 86' lang='lat' dir='ltr'>divinis</span> <span class='ocrx_word' id='word_1_443' title='bbox 1385 5382 1643 5441; x_wconf 91' lang='lat' dir='ltr'>cultibus</span> <span class='ocrx_word' id='word_1_444' title='bbox 1667 5385 1945 5442; x_wconf 90' lang='lat' dir='ltr'>insisten-</span> 
     </span>
    </p>
   </div>
   <div class='ocr_carea' id='block_1_60' title="bbox 289 5471 1947 5543">
    <p class='ocr_par' dir='ltr' id='par_1_60' title="bbox 289 5471 1947 5543">
     <span class='ocr_line' id='line_1_61' title="bbox 289 5471 1947 5543; baseline 0.002 -15"><span class='ocrx_word' id='word_1_445' title='bbox 289 5473 456 5543; x_wconf 90' lang='lat' dir='ltr'>dum,</span> <span class='ocrx_word' id='word_1_446' title='bbox 470 5476 635 5529; x_wconf 90' lang='lat' dir='ltr'>tanto</span> <span class='ocrx_word' id='word_1_447' title='bbox 652 5477 741 5529; x_wconf 87' lang='lat' dir='ltr'>est</span> <span class='ocrx_word' id='word_1_448' title='bbox 761 5473 820 5529; x_wconf 92' lang='lat' dir='ltr'>in</span> <span class='ocrx_word' id='word_1_449' title='bbox 841 5472 1068 5529; x_wconf 90' lang='lat' dir='ltr'>cunctis</span> <span class='ocrx_word' id='word_1_450' title='bbox 1090 5471 1298 5530; x_wconf 91' lang='lat' dir='ltr'>mundi</span> <span class='ocrx_word' id='word_1_451' title='bbox 1324 5472 1542 5530; x_wconf 89' lang='lat' dir='ltr'>nocivis</span> <span class='ocrx_word' id='word_1_452' title='bbox 1558 5473 1947 5532; x_wconf 90' lang='lat' dir='ltr'>oblectamen-</span> 
     </span>
    </p>
   </div>
   <div class='ocr_carea' id='block_1_61' title="bbox 288 5561 1945 5641">
    <p class='ocr_par' dir='ltr' id='par_1_61' title="bbox 288 5561 1945 5641">
     <span class='ocr_line' id='line_1_62' title="bbox 288 5561 1945 5641; baseline 0.002 -20"><span class='ocrx_word' id='word_1_453' title='bbox 288 5561 366 5621; x_wconf 87' lang='lat' dir='ltr'>tis</span> <span class='ocrx_word' id='word_1_454' title='bbox 398 5562 634 5638; x_wconf 84' lang='lat' dir='ltr'>longius</span> <span class='ocrx_word' id='word_1_455' title='bbox 664 5563 1085 5635; x_wconf 87' lang='lat' dir='ltr'>recedendum;</span> <span class='ocrx_word' id='word_1_456' title='bbox 1119 5561 1443 5641; x_wconf 65' lang='lat' dir='ltr'>praesertim</span> <span class='ocrx_word' id='word_1_457' title='bbox 1484 5576 1617 5624; x_wconf 86' lang='lat' dir='ltr'>cum</span> <span class='ocrx_word' id='word_1_458' title='bbox 1651 5564 1945 5625; x_wconf 86' lang='lat' dir='ltr'>neminem</span> 
     </span>
    </p>
   </div>
   <div class='ocr_carea' id='block_1_62' title="bbox 1996 484 2429 558">
    <p class='ocr_par' dir='ltr' id='par_1_62' title="bbox 1996 484 2429 558">
     <span class='ocr_line' id='line_1_63' title="bbox 1996 484 2429 558; baseline 0 -19"><span class='ocrx_word' id='word_1_459' title='bbox 1996 490 2134 558; x_wconf 86' lang='lat' dir='ltr'>gnet</span> <span class='ocrx_word' id='word_1_460' title='bbox 2164 484 2429 540; x_wconf 87' lang='lat' dir='ltr'>historia.</span> 
     </span>
    </p>
   </div>
   <div class='ocr_carea' id='block_1_63' title="bbox 2066 572 3644 648">
    <p class='ocr_par' dir='ltr' id='par_1_63' title="bbox 2066 572 3644 648">
     <span class='ocr_line' id='line_1_64' title="bbox 2066 572 3644 648; baseline 0.001 -20"><span class='ocrx_word' id='word_1_461' title='bbox 2066 574 2231 628; x_wconf 82' lang='lat' dir='ltr'>XLV.</span> <span class='ocrx_word' id='word_1_462' title='bbox 2264 575 2308 628; x_wconf 87' lang='lat' dir='ltr'><strong>A</strong></span> <span class='ocrx_word' id='word_1_463' title='bbox 2342 573 2510 629; x_wconf 91' lang='lat' dir='ltr'>nobis</span> <span class='ocrx_word' id='word_1_464' title='bbox 2541 572 2687 629; x_wconf 88' lang='lat' dir='ltr'>scire</span> <span class='ocrx_word' id='word_1_465' title='bbox 2736 574 2951 646; x_wconf 90' lang='lat' dir='ltr'>cupitis</span> <span class='ocrx_word' id='word_1_466' title='bbox 2981 574 3026 629; x_wconf 89' lang='lat' dir='ltr'>si</span> <span class='ocrx_word' id='word_1_467' title='bbox 3062 574 3118 629; x_wconf 92' lang='lat' dir='ltr'>in</span> <span class='ocrx_word' id='word_1_468' title='bbox 3154 575 3644 648; x_wconf 88' lang='lat' dir='ltr'>quadragesimali</span> 
     </span>
    </p>
   </div>
   <div class='ocr_carea' id='block_1_64' title="bbox 1999 659 3645 733">
    <p class='ocr_par' dir='ltr' id='par_1_64' title="bbox 1999 659 3645 733">
     <span class='ocr_line' id='line_1_65' title="bbox 1999 659 3645 733; baseline 0.001 -18"><span class='ocrx_word' id='word_1_469' title='bbox 1999 665 2259 733; x_wconf 85' lang='lat' dir='ltr'>tempore</span> <span class='ocrx_word' id='word_1_470' title='bbox 2282 659 2511 732; x_wconf 88' lang='lat' dir='ltr'>judicia</span> <span class='ocrx_word' id='word_1_471' title='bbox 2548 660 2666 715; x_wconf 90' lang='lat' dir='ltr'>sint</span> <span class='ocrx_word' id='word_1_472' title='bbox 2707 661 3043 729; x_wconf 90' lang='lat' dir='ltr'>exercenda,</span> <span class='ocrx_word' id='word_1_473' title='bbox 3073 666 3127 717; x_wconf 89' lang='lat' dir='ltr'>et</span> <span class='ocrx_word' id='word_1_474' title='bbox 3161 664 3231 717; x_wconf 90' lang='lat' dir='ltr'>ad</span> <span class='ocrx_word' id='word_1_475' title='bbox 3264 668 3508 718; x_wconf 87' lang='lat' dir='ltr'>mortem</span> <span class='ocrx_word' id='word_1_476' title='bbox 3541 662 3645 717; x_wconf 87' lang='lat' dir='ltr'>ali-</span> 
     </span>
    </p>
   </div>
   <div class='ocr_carea' id='block_1_65' title="bbox 2002 748 3648 821">
    <p class='ocr_par' dir='ltr' id='par_1_65' title="bbox 2002 748 3648 821">
     <span class='ocr_line' id='line_1_66' title="bbox 2002 748 3648 821; baseline 0.002 -18"><span class='ocrx_word' id='word_1_477' title='bbox 2002 750 2135 821; x_wconf 90' lang='lat' dir='ltr'>quis</span> <span class='ocrx_word' id='word_1_478' title='bbox 2174 750 2552 816; x_wconf 88' lang='lat' dir='ltr'>addicendus,</span> <span class='ocrx_word' id='word_1_479' title='bbox 2577 748 2636 803; x_wconf 93' lang='lat' dir='ltr'>in</span> <span class='ocrx_word' id='word_1_480' title='bbox 2668 766 2782 821; x_wconf 91' lang='lat' dir='ltr'>quo</span> <span class='ocrx_word' id='word_1_481' title='bbox 2838 767 2944 805; x_wconf 91' lang='lat' dir='ltr'>nos</span> <span class='ocrx_word' id='word_1_482' title='bbox 3001 750 3277 806; x_wconf 85' lang='lat' dir='ltr'>noveritis</span> <span class='ocrx_word' id='word_1_483' title='bbox 3326 752 3529 807; x_wconf 84' lang='lat' dir='ltr'>eadem</span> <span class='ocrx_word' id='word_1_484' title='bbox 3580 752 3648 807; x_wconf 86' lang='lat' dir='ltr'>de</span> 
     </span>
    </p>
   </div>
   <div class='ocr_carea' id='block_1_66' title="bbox 2003 837 3652 911">
    <p class='ocr_par' dir='ltr' id='par_1_66' title="bbox 2003 837 3652 911">
     <span class='ocr_line' id='line_1_67' title="bbox 2003 837 3652 911; baseline 0.002 -18"><span class='ocrx_word' id='word_1_485' title='bbox 2003 837 2495 911; x_wconf 88' lang='lat' dir='ltr'>quadragesimali</span> <span class='ocrx_word' id='word_1_486' title='bbox 2527 842 2784 909; x_wconf 88' lang='lat' dir='ltr'>tempore</span> <span class='ocrx_word' id='word_1_487' title='bbox 2816 855 2992 910; x_wconf 89' lang='lat' dir='ltr'>super</span> <span class='ocrx_word' id='word_1_488' title='bbox 3021 839 3129 894; x_wconf 89' lang='lat' dir='ltr'>hac</span> <span class='ocrx_word' id='word_1_489' title='bbox 3148 841 3499 911; x_wconf 84' lang='lat' dir='ltr'>respondere</span> <span class='ocrx_word' id='word_1_490' title='bbox 3519 856 3652 896; x_wconf 90' lang='lat' dir='ltr'>con-</span> 
     </span>
    </p>
   </div>
   <div class='ocr_carea' id='block_1_67' title="bbox 2005 926 3650 999">
    <p class='ocr_par' dir='ltr' id='par_1_67' title="bbox 2005 926 3650 999">
     <span class='ocr_line' id='line_1_68' title="bbox 2005 926 3650 999; baseline 0.001 -16"><span class='ocrx_word' id='word_1_491' title='bbox 2005 926 2337 993; x_wconf 88' lang='lat' dir='ltr'>sultatione,</span> <span class='ocrx_word' id='word_1_492' title='bbox 2364 944 2489 999; x_wconf 82' lang='lat' dir='ltr'>quae</span> <span class='ocrx_word' id='word_1_493' title='bbox 2514 927 2721 981; x_wconf 89' lang='lat' dir='ltr'>diebus</span> <span class='ocrx_word' id='word_1_494' title='bbox 2744 927 2908 983; x_wconf 85' lang='lat' dir='ltr'>festis</span> <span class='ocrx_word' id='word_1_495' title='bbox 2936 944 3042 983; x_wconf 89' lang='lat' dir='ltr'>nos</span> <span class='ocrx_word' id='word_1_496' title='bbox 3063 928 3407 984; x_wconf 81' lang='lat' dir='ltr'>duodecimo</span> <span class='ocrx_word' id='word_1_497' title='bbox 3439 929 3650 985; x_wconf 89' lang='lat' dir='ltr'>harum</span> 
     </span>
    </p>
   </div>
   <div class='ocr_carea' id='block_1_68' title="bbox 2005 1016 3654 1090">
    <p class='ocr_par' dir='ltr' id='par_1_68' title="bbox 2005 1016 3654 1090">
     <span class='ocr_line' id='line_1_69' title="bbox 2005 1016 3654 1090; baseline 0.001 -17"><span class='ocrx_word' id='word_1_498' title='bbox 2005 1016 2456 1089; x_wconf 87' lang='lat' dir='ltr'>responsionum</span> <span class='ocrx_word' id='word_1_499' title='bbox 2489 1020 2820 1071; x_wconf 90' lang='lat' dir='ltr'>nostrorum</span> <span class='ocrx_word' id='word_1_500' title='bbox 2848 1016 3100 1089; x_wconf 87' lang='lat' dir='ltr'>capitulo</span> <span class='ocrx_word' id='word_1_501' title='bbox 3125 1018 3250 1088; x_wconf 88' lang='lat' dir='ltr'>jam</span> <span class='ocrx_word' id='word_1_502' title='bbox 3284 1018 3654 1090; x_wconf 86' lang='lat' dir='ltr'>respondisse</span> 
     </span>
    </p>
   </div>
   <div class='ocr_carea' id='block_1_69' title="bbox 2007 1106 2430 1179">
    <p class='ocr_par' dir='ltr' id='par_1_69' title="bbox 2007 1106 2430 1179">
     <span class='ocr_line' id='line_1_70' title="bbox 2007 1106 2430 1179; baseline 0 -18"><span class='ocrx_word' id='word_1_503' title='bbox 2007 1106 2430 1179; x_wconf 89' lang='lat' dir='ltr'>dignoscimur.</span> 
     </span>
    </p>
   </div>
   <div class='ocr_carea' id='block_1_70' title="bbox 2077 1191 3654 1269">
    <p class='ocr_par' dir='ltr' id='par_1_70' title="bbox 2077 1191 3654 1269">
     <span class='ocr_line' id='line_1_71' title="bbox 2077 1191 3654 1269; baseline 0.003 -22"><span class='ocrx_word' id='word_1_504' title='bbox 2077 1192 2307 1269; x_wconf 35' lang='lat' dir='ltr'>XLV\I.J</span> <span class='ocrx_word' id='word_1_505' title='bbox 2313 1210 2406 1247; x_wconf 90' lang='lat' dir='ltr'>am</span> <span class='ocrx_word' id='word_1_506' title='bbox 2430 1209 2561 1248; x_wconf 86' lang='lat' dir='ltr'>vero</span> <span class='ocrx_word' id='word_1_507' title='bbox 2584 1191 2631 1248; x_wconf 92' lang='lat' dir='ltr'>si</span> <span class='ocrx_word' id='word_1_508' title='bbox 2658 1191 3151 1265; x_wconf 89' lang='lat' dir='ltr'>quadragesimali</span> <span class='ocrx_word' id='word_1_509' title='bbox 3179 1197 3434 1268; x_wconf 90' lang='lat' dir='ltr'>tempore</span> <span class='ocrx_word' id='word_1_510' title='bbox 3465 1195 3654 1266; x_wconf 90' lang='lat' dir='ltr'>liceat,</span> 
     </span>
    </p>
   </div>
   <div class='ocr_carea' id='block_1_71' title="bbox 2009 1280 3654 1356">
    <p class='ocr_par' dir='ltr' id='par_1_71' title="bbox 2009 1280 3654 1356">
     <span class='ocr_line' id='line_1_72' title="bbox 2009 1280 3654 1356; baseline 0.003 -18"><span class='ocrx_word' id='word_1_511' title='bbox 2009 1282 2058 1339; x_wconf 91' lang='lat' dir='ltr'>si</span> <span class='ocrx_word' id='word_1_512' title='bbox 2082 1281 2398 1337; x_wconf 84' lang='lat' dir='ltr'>necessitas</span> <span class='ocrx_word' id='word_1_513' title='bbox 2420 1280 2615 1353; x_wconf 81' lang='lat' dir='ltr'>exigit,</span> <span class='ocrx_word' id='word_1_514' title='bbox 2638 1281 2725 1337; x_wconf 88' lang='lat' dir='ltr'>vel</span> <span class='ocrx_word' id='word_1_515' title='bbox 2757 1282 2806 1338; x_wconf 89' lang='lat' dir='ltr'>si</span> <span class='ocrx_word' id='word_1_516' title='bbox 2836 1299 2952 1337; x_wconf 90' lang='lat' dir='ltr'>non</span> <span class='ocrx_word' id='word_1_517' title='bbox 2981 1282 3158 1356; x_wconf 85' lang='lat' dir='ltr'>exigit</span> <span class='ocrx_word' id='word_1_518' title='bbox 3177 1283 3297 1339; x_wconf 90' lang='lat' dir='ltr'>ulla</span> <span class='ocrx_word' id='word_1_519' title='bbox 3317 1286 3654 1352; x_wconf 86' lang='lat' dir='ltr'>necessitas,</span> 
     </span>
    </p>
   </div>
   <div class='ocr_carea' id='block_1_72' title="bbox 2010 1370 3657 1446">
    <p class='ocr_par' dir='ltr' id='par_1_72' title="bbox 2010 1370 3657 1446">
     <span class='ocr_line' id='line_1_73' title="bbox 2010 1370 3657 1446; baseline 0.002 -21"><span class='ocrx_word' id='word_1_520' title='bbox 2010 1372 2080 1425; x_wconf 89' lang='lat' dir='ltr'>ad</span> <span class='ocrx_word' id='word_1_521' title='bbox 2110 1370 2259 1425; x_wconf 87' lang='lat' dir='ltr'>bella</span> <span class='ocrx_word' id='word_1_522' title='bbox 2283 1372 2614 1443; x_wconf 86' lang='lat' dir='ltr'>procedere,</span> <span class='ocrx_word' id='word_1_523' title='bbox 2636 1388 2751 1425; x_wconf 91' lang='lat' dir='ltr'>non</span> <span class='ocrx_word' id='word_1_524' title='bbox 2773 1370 2935 1427; x_wconf 87' lang='lat' dir='ltr'>vobis</span> <span class='ocrx_word' id='word_1_525' title='bbox 2957 1376 3047 1425; x_wconf 89' lang='lat' dir='ltr'>est</span> <span class='ocrx_word' id='word_1_526' title='bbox 3070 1373 3461 1428; x_wconf 82' lang='lat' dir='ltr'>necessarium</span> <span class='ocrx_word' id='word_1_527' title='bbox 3486 1391 3657 1446; x_wconf 85' lang='lat' dir='ltr'>expo-</span> 
     </span>
    </p>
   </div>
   <div class='ocr_carea' id='block_1_73' title="bbox 2012 1459 3662 1532">
    <p class='ocr_par' dir='ltr' id='par_1_73' title="bbox 2012 1459 3662 1532">
     <span class='ocr_line' id='line_1_74' title="bbox 2012 1459 3662 1532; baseline 0.001 -17"><span class='ocrx_word' id='word_1_528' title='bbox 2012 1461 2442 1527; x_wconf 86' lang='lat' dir='ltr'>nendum,cum</span> <span class='ocrx_word' id='word_1_529' title='bbox 2476 1478 2544 1514; x_wconf 87' lang='lat' dir='ltr'>ex</span> <span class='ocrx_word' id='word_1_530' title='bbox 2575 1459 2834 1531; x_wconf 90' lang='lat' dir='ltr'>priorum</span> <span class='ocrx_word' id='word_1_531' title='bbox 2868 1461 3329 1532; x_wconf 90' lang='lat' dir='ltr'>propositionum</span> <span class='ocrx_word' id='word_1_532' title='bbox 3362 1462 3662 1519; x_wconf 87' lang='lat' dir='ltr'>solutioni-</span> 
     </span>
    </p>
   </div>
   <div class='ocr_carea' id='block_1_74' title="bbox 2014 1548 3661 1622">
    <p class='ocr_par' dir='ltr' id='par_1_74' title="bbox 2014 1548 3661 1622">
     <span class='ocr_line' id='line_1_75' title="bbox 2014 1548 3661 1622; baseline 0.003 -19"><span class='ocrx_word' id='word_1_533' title='bbox 2014 1550 2124 1604; x_wconf 89' lang='lat' dir='ltr'>bus</span> <span class='ocrx_word' id='word_1_534' title='bbox 2148 1549 2288 1621; x_wconf 88' lang='lat' dir='ltr'>quid</span> <span class='ocrx_word' id='word_1_535' title='bbox 2312 1566 2412 1603; x_wconf 92' lang='lat' dir='ltr'>vos</span> <span class='ocrx_word' id='word_1_536' title='bbox 2435 1548 2735 1604; x_wconf 88' lang='lat' dir='ltr'>conveniat</span> <span class='ocrx_word' id='word_1_537' title='bbox 2753 1549 3123 1622; x_wconf 87' lang='lat' dir='ltr'>agere,etiam</span> <span class='ocrx_word' id='word_1_538' title='bbox 3148 1551 3313 1605; x_wconf 91' lang='lat' dir='ltr'>nobis</span> <span class='ocrx_word' id='word_1_539' title='bbox 3334 1552 3661 1608; x_wconf 87' lang='lat' dir='ltr'>tacentibus</span> 
     </span>
    </p>
   </div>
   <div class='ocr_carea' id='block_1_75' title="bbox 2005 1638 3662 1712">
    <p class='ocr_par' dir='ltr' id='par_1_75' title="bbox 2005 1638 3662 1712">
     <span class='ocr_line' id='line_1_76' title="bbox 2005 1638 3662 1712; baseline 0.002 -18"><span class='ocrx_word' id='word_1_540' title='bbox 2005 1640 2130 1711; x_wconf 86' lang='lat' dir='ltr'>jam</span> <span class='ocrx_word' id='word_1_541' title='bbox 2166 1639 2274 1711; x_wconf 90' lang='lat' dir='ltr'>ipsi</span> <span class='ocrx_word' id='word_1_542' title='bbox 2310 1638 2605 1711; x_wconf 89' lang='lat' dir='ltr'>colligitis.</span> <span class='ocrx_word' id='word_1_543' title='bbox 2641 1638 2932 1693; x_wconf 89' lang='lat' dir='ltr'>Bellorum</span> <span class='ocrx_word' id='word_1_544' title='bbox 2967 1638 3185 1711; x_wconf 89' lang='lat' dir='ltr'>quippe</span> <span class='ocrx_word' id='word_1_545' title='bbox 3224 1657 3288 1695; x_wconf 91' lang='lat' dir='ltr'>ac</span> <span class='ocrx_word' id='word_1_546' title='bbox 3330 1641 3662 1712; x_wconf 72' lang='lat' dir='ltr'>praeliorum</span> 
     </span>
    </p>
   </div>
   <div class='ocr_carea' id='block_1_76' title="bbox 2016 1726 3665 1801">
    <p class='ocr_par' dir='ltr' id='par_1_76' title="bbox 2016 1726 3665 1801">
     <span class='ocr_line' id='line_1_77' title="bbox 2016 1726 3665 1801; baseline 0.002 -18"><span class='ocrx_word' id='word_1_547' title='bbox 2016 1728 2357 1795; x_wconf 86' lang='lat' dir='ltr'>certamina,</span> <span class='ocrx_word' id='word_1_548' title='bbox 2385 1744 2608 1783; x_wconf 89' lang='lat' dir='ltr'>necnon</span> <span class='ocrx_word' id='word_1_549' title='bbox 2632 1726 2898 1782; x_wconf 84' lang='lat' dir='ltr'>omnium</span> <span class='ocrx_word' id='word_1_550' title='bbox 2920 1727 3255 1801; x_wconf 87' lang='lat' dir='ltr'>jurgiorum</span> <span class='ocrx_word' id='word_1_551' title='bbox 3281 1728 3450 1784; x_wconf 90' lang='lat' dir='ltr'>initia</span> <span class='ocrx_word' id='word_1_552' title='bbox 3469 1730 3665 1787; x_wconf 90' lang='lat' dir='ltr'>diabo-</span> 
     </span>
    </p>
   </div>
   <div class='ocr_carea' id='block_1_77' title="bbox 2018 1817 3667 1890">
    <p class='ocr_par' dir='ltr' id='par_1_77' title="bbox 2018 1817 3667 1890">
     <span class='ocr_line' id='line_1_78' title="bbox 2018 1817 3667 1890; baseline 0.002 -19"><span class='ocrx_word' id='word_1_553' title='bbox 2018 1817 2139 1872; x_wconf 70' lang='lat' dir='ltr'>lica:</span> <span class='ocrx_word' id='word_1_554' title='bbox 2169 1817 2371 1872; x_wconf 85' lang='lat' dir='ltr'>fraude</span> <span class='ocrx_word' id='word_1_555' title='bbox 2402 1820 2542 1873; x_wconf 85' lang='lat' dir='ltr'>sunt</span> <span class='ocrx_word' id='word_1_556' title='bbox 2572 1817 2715 1873; x_wconf 88' lang='lat' dir='ltr'>artis</span> <span class='ocrx_word' id='word_1_557' title='bbox 2747 1817 3002 1889; x_wconf 86' lang='lat' dir='ltr'>profecto</span> <span class='ocrx_word' id='word_1_558' title='bbox 3035 1822 3287 1890; x_wconf 88' lang='lat' dir='ltr'>reperta,</span> <span class='ocrx_word' id='word_1_559' title='bbox 3310 1823 3364 1873; x_wconf 87' lang='lat' dir='ltr'>et</span> <span class='ocrx_word' id='word_1_560' title='bbox 3399 1818 3667 1875; x_wconf 87' lang='lat' dir='ltr'>dilatand</span> 
     </span>
    </p>
   </div>
   <div class='ocr_carea' id='block_1_78' title="bbox 2020 1904 3667 1979">
    <p class='ocr_par' dir='ltr' id='par_1_78' title="bbox 2020 1904 3667 1979">
     <span class='ocr_line' id='line_1_79' title="bbox 2020 1904 3667 1979; baseline 0.002 -19"><span class='ocrx_word' id='word_1_561' title='bbox 2020 1905 2179 1977; x_wconf 79' lang='lat' dir='ltr'>regni</span> <span class='ocrx_word' id='word_1_562' title='bbox 2214 1905 2487 1977; x_wconf 89' lang='lat' dir='ltr'>cupidus,</span> <span class='ocrx_word' id='word_1_563' title='bbox 2510 1904 2595 1960; x_wconf 85' lang='lat' dir='ltr'>vel</span> <span class='ocrx_word' id='word_1_564' title='bbox 2630 1905 2747 1972; x_wconf 70' lang='lat' dir='ltr'>irae,</span> <span class='ocrx_word' id='word_1_565' title='bbox 2768 1904 2856 1959; x_wconf 91' lang='lat' dir='ltr'>vel</span> <span class='ocrx_word' id='word_1_566' title='bbox 2888 1905 3135 1974; x_wconf 67' lang='lat' dir='ltr'>invidias,</span> <span class='ocrx_word' id='word_1_567' title='bbox 3159 1906 3245 1962; x_wconf 91' lang='lat' dir='ltr'>vel</span> <span class='ocrx_word' id='word_1_568' title='bbox 3276 1907 3427 1963; x_wconf 91' lang='lat' dir='ltr'>alius</span> <span class='ocrx_word' id='word_1_569' title='bbox 3465 1909 3667 1979; x_wconf 83' lang='lat' dir='ltr'>cujus-</span> 
     </span>
    </p>
   </div>
   <div class='ocr_carea' id='block_1_79' title="bbox 2020 1993 3667 2068">
    <p class='ocr_par' dir='ltr' id='par_1_79' title="bbox 2020 1993 3667 2068">
     <span class='ocr_line' id='line_1_80' title="bbox 2020 1993 3667 2068; baseline 0.002 -19"><span class='ocrx_word' id='word_1_570' title='bbox 2020 1996 2176 2068; x_wconf 90' lang='lat' dir='ltr'>piam</span> <span class='ocrx_word' id='word_1_571' title='bbox 2206 1994 2327 2049; x_wconf 85' lang='lat' dir='ltr'>vitii</span> <span class='ocrx_word' id='word_1_572' title='bbox 2363 1993 2605 2048; x_wconf 89' lang='lat' dir='ltr'>dilector</span> <span class='ocrx_word' id='word_1_573' title='bbox 2633 1998 2862 2049; x_wconf 89' lang='lat' dir='ltr'>tantum</span> <span class='ocrx_word' id='word_1_574' title='bbox 2908 1993 2999 2049; x_wconf 92' lang='lat' dir='ltr'>his</span> <span class='ocrx_word' id='word_1_575' title='bbox 3029 1994 3349 2064; x_wconf 89' lang='lat' dir='ltr'>intendere,</span> <span class='ocrx_word' id='word_1_576' title='bbox 3375 2014 3478 2053; x_wconf 90' lang='lat' dir='ltr'>seu</span> <span class='ocrx_word' id='word_1_577' title='bbox 3513 1997 3667 2054; x_wconf 91' lang='lat' dir='ltr'>dele-</span> 
     </span>
    </p>
   </div>
   <div class='ocr_carea' id='block_1_80' title="bbox 2018 2082 3666 2157">
    <p class='ocr_par' dir='ltr' id='par_1_80' title="bbox 2018 2082 3666 2157">
     <span class='ocr_line' id='line_1_81' title="bbox 2018 2082 3666 2157; baseline 0.002 -18"><span class='ocrx_word' id='word_1_578' title='bbox 2018 2083 2162 2139; x_wconf 77' lang='lat' dir='ltr'>ctari</span> <span class='ocrx_word' id='word_1_579' title='bbox 2194 2082 2575 2139; x_wconf 85' lang='lat' dir='ltr'>convincitur.</span> <span class='ocrx_word' id='word_1_580' title='bbox 2597 2084 2665 2137; x_wconf 88' lang='lat' dir='ltr'>Et</span> <span class='ocrx_word' id='word_1_581' title='bbox 2685 2082 2833 2149; x_wconf 89' lang='lat' dir='ltr'>ideo,</span> <span class='ocrx_word' id='word_1_582' title='bbox 2850 2082 2899 2138; x_wconf 93' lang='lat' dir='ltr'>si</span> <span class='ocrx_word' id='word_1_583' title='bbox 2923 2082 3084 2138; x_wconf 92' lang='lat' dir='ltr'>nulla</span> <span class='ocrx_word' id='word_1_584' title='bbox 3100 2089 3301 2157; x_wconf 87' lang='lat' dir='ltr'>urgeat</span> <span class='ocrx_word' id='word_1_585' title='bbox 3325 2087 3666 2155; x_wconf 88' lang='lat' dir='ltr'>necessitas,</span> 
     </span>
    </p>
   </div>
   <div class='ocr_carea' id='block_1_81' title="bbox 2020 2171 3671 2245">
    <p class='ocr_par' dir='ltr' id='par_1_81' title="bbox 2020 2171 3671 2245">
     <span class='ocr_line' id='line_1_82' title="bbox 2020 2171 3671 2245; baseline 0.002 -18"><span class='ocrx_word' id='word_1_586' title='bbox 2020 2190 2136 2228; x_wconf 88' lang='lat' dir='ltr'>non</span> <span class='ocrx_word' id='word_1_587' title='bbox 2170 2171 2360 2227; x_wconf 88' lang='lat' dir='ltr'>solum</span> <span class='ocrx_word' id='word_1_588' title='bbox 2392 2171 2885 2245; x_wconf 89' lang='lat' dir='ltr'>quadragesimali</span> <span class='ocrx_word' id='word_1_589' title='bbox 2936 2176 3216 2245; x_wconf 90' lang='lat' dir='ltr'>tempore,</span> <span class='ocrx_word' id='word_1_590' title='bbox 3242 2175 3343 2229; x_wconf 91' lang='lat' dir='ltr'>sed</span> <span class='ocrx_word' id='word_1_591' title='bbox 3374 2176 3531 2230; x_wconf 91' lang='lat' dir='ltr'>omni</span> <span class='ocrx_word' id='word_1_592' title='bbox 3582 2180 3671 2232; x_wconf 88' lang='lat' dir='ltr'>est</span> 
     </span>
    </p>
   </div>
   <div class='ocr_carea' id='block_1_82' title="bbox 2021 2260 3673 2339">
    <p class='ocr_par' dir='ltr' id='par_1_82' title="bbox 2021 2260 3673 2339">
     <span class='ocr_line' id='line_1_83' title="bbox 2021 2260 3673 2339; baseline 0.002 -22"><span class='ocrx_word' id='word_1_593' title='bbox 2021 2261 2234 2335; x_wconf 63' lang='lat' dir='ltr'>praeliis</span> <span class='ocrx_word' id='word_1_594' title='bbox 2258 2261 2697 2316; x_wconf 89' lang='lat' dir='ltr'>abstinendum.</span> <span class='ocrx_word' id='word_1_595' title='bbox 2714 2261 2773 2315; x_wconf 91' lang='lat' dir='ltr'>Si</span> <span class='ocrx_word' id='word_1_596' title='bbox 2796 2266 2991 2316; x_wconf 86' lang='lat' dir='ltr'>autem</span> <span class='ocrx_word' id='word_1_597' title='bbox 3012 2260 3365 2319; x_wconf 86' lang='lat' dir='ltr'>inevitabilis</span> <span class='ocrx_word' id='word_1_598' title='bbox 3387 2271 3553 2339; x_wconf 88' lang='lat' dir='ltr'>urget</span> <span class='ocrx_word' id='word_1_599' title='bbox 3575 2283 3673 2338; x_wconf 93' lang='lat' dir='ltr'>op-</span> 
     </span>
    </p>
   </div>
   <div class='ocr_carea' id='block_1_83' title="bbox 2022 2349 3671 2427">
    <p class='ocr_par' dir='ltr' id='par_1_83' title="bbox 2022 2349 3671 2427">
     <span class='ocr_line' id='line_1_84' title="bbox 2022 2349 3671 2427; baseline 0.002 -21"><span class='ocrx_word' id='word_1_600' title='bbox 2022 2350 2372 2423; x_wconf 88' lang='lat' dir='ltr'>portunitas,</span> <span class='ocrx_word' id='word_1_601' title='bbox 2394 2366 2498 2405; x_wconf 88' lang='lat' dir='ltr'>nec</span> <span class='ocrx_word' id='word_1_602' title='bbox 2521 2349 3017 2422; x_wconf 88' lang='lat' dir='ltr'>quadragesimali</span> <span class='ocrx_word' id='word_1_603' title='bbox 3045 2355 3134 2406; x_wconf 89' lang='lat' dir='ltr'>est</span> <span class='ocrx_word' id='word_1_604' title='bbox 3164 2354 3423 2425; x_wconf 90' lang='lat' dir='ltr'>tempore</span> <span class='ocrx_word' id='word_1_605' title='bbox 3447 2371 3549 2427; x_wconf 88' lang='lat' dir='ltr'>pro</span> <span class='ocrx_word' id='word_1_606' title='bbox 3572 2356 3671 2410; x_wconf 89' lang='lat' dir='ltr'>de-</span> 
     </span>
    </p>
   </div>
   <div class='ocr_carea' id='block_1_84' title="bbox 2023 2439 3674 2514">
    <p class='ocr_par' dir='ltr' id='par_1_84' title="bbox 2023 2439 3674 2514">
     <span class='ocr_line' id='line_1_85' title="bbox 2023 2439 3674 2514; baseline 0.002 -19"><span class='ocrx_word' id='word_1_607' title='bbox 2023 2440 2285 2496; x_wconf 85' lang='lat' dir='ltr'>fensione</span> <span class='ocrx_word' id='word_1_608' title='bbox 2309 2444 2428 2495; x_wconf 88' lang='lat' dir='ltr'>tam</span> <span class='ocrx_word' id='word_1_609' title='bbox 2462 2457 2587 2507; x_wconf 91' lang='lat' dir='ltr'>sua,</span> <span class='ocrx_word' id='word_1_610' title='bbox 2614 2456 2789 2511; x_wconf 88' lang='lat' dir='ltr'>quam</span> <span class='ocrx_word' id='word_1_611' title='bbox 2820 2439 3157 2511; x_wconf 67' lang='lat' dir='ltr'>patriae,seu</span> <span class='ocrx_word' id='word_1_612' title='bbox 3184 2440 3377 2513; x_wconf 87' lang='lat' dir='ltr'>legum</span> <span class='ocrx_word' id='word_1_613' title='bbox 3409 2447 3674 2514; x_wconf 87' lang='lat' dir='ltr'>paterna-</span> 
     </span>
    </p>
   </div>
   <div class='ocr_carea' id='block_1_85' title="bbox 2026 2527 3675 2603">
    <p class='ocr_par' dir='ltr' id='par_1_85' title="bbox 2026 2527 3675 2603">
     <span class='ocr_line' id='line_1_86' title="bbox 2026 2527 3675 2603; baseline 0.003 -19"><span class='ocrx_word' id='word_1_614' title='bbox 2026 2547 2176 2595; x_wconf 89' lang='lat' dir='ltr'>rum,</span> <span class='ocrx_word' id='word_1_615' title='bbox 2206 2528 2493 2584; x_wconf 90' lang='lat' dir='ltr'>bellorum</span> <span class='ocrx_word' id='word_1_616' title='bbox 2536 2527 2735 2601; x_wconf 90' lang='lat' dir='ltr'>procul</span> <span class='ocrx_word' id='word_1_617' title='bbox 2776 2527 2954 2583; x_wconf 90' lang='lat' dir='ltr'>dubio</span> <span class='ocrx_word' id='word_1_618' title='bbox 2998 2529 3403 2601; x_wconf 74' lang='lat' dir='ltr'>praeparationi</span> <span class='ocrx_word' id='word_1_619' title='bbox 3432 2548 3675 2603; x_wconf 89' lang='lat' dir='ltr'>parcen-</span> 
     </span>
    </p>
   </div>
   <div class='ocr_carea' id='block_1_86' title="bbox 2026 2617 3675 2688">
    <p class='ocr_par' dir='ltr' id='par_1_86' title="bbox 2026 2617 3675 2688">
     <span class='ocr_line' id='line_1_87' title="bbox 2026 2617 3675 2688; baseline 0.001 -15"><span class='ocrx_word' id='word_1_620' title='bbox 2026 2620 2202 2685; x_wconf 88' lang='lat' dir='ltr'>dum;</span> <span class='ocrx_word' id='word_1_621' title='bbox 2238 2634 2309 2672; x_wconf 90' lang='lat' dir='ltr'>ne</span> <span class='ocrx_word' id='word_1_622' title='bbox 2339 2617 2605 2672; x_wconf 89' lang='lat' dir='ltr'>videlicet</span> <span class='ocrx_word' id='word_1_623' title='bbox 2634 2618 2817 2672; x_wconf 88' lang='lat' dir='ltr'>Deum</span> <span class='ocrx_word' id='word_1_624' title='bbox 2848 2617 3114 2673; x_wconf 90' lang='lat' dir='ltr'>videatur</span> <span class='ocrx_word' id='word_1_625' title='bbox 3143 2618 3318 2673; x_wconf 92' lang='lat' dir='ltr'>homo</span> <span class='ocrx_word' id='word_1_626' title='bbox 3348 2623 3590 2688; x_wconf 86' lang='lat' dir='ltr'>tentare,</span> <span class='ocrx_word' id='word_1_627' title='bbox 3626 2622 3675 2677; x_wconf 91' lang='lat' dir='ltr'>si</span> 
     </span>
    </p>
   </div>
   <div class='ocr_carea' id='block_1_87' title="bbox 2027 2706 3678 2779">
    <p class='ocr_par' dir='ltr' id='par_1_87' title="bbox 2027 2706 3678 2779">
     <span class='ocr_line' id='line_1_88' title="bbox 2027 2706 3678 2779; baseline 0.001 -16"><span class='ocrx_word' id='word_1_628' title='bbox 2027 2708 2201 2763; x_wconf 88' lang='lat' dir='ltr'>habet</span> <span class='ocrx_word' id='word_1_629' title='bbox 2223 2707 2377 2779; x_wconf 91' lang='lat' dir='ltr'>quod</span> <span class='ocrx_word' id='word_1_630' title='bbox 2402 2706 2593 2769; x_wconf 81' lang='lat' dir='ltr'>faciat,</span> <span class='ocrx_word' id='word_1_631' title='bbox 2609 2710 2664 2760; x_wconf 90' lang='lat' dir='ltr'>et</span> <span class='ocrx_word' id='word_1_632' title='bbox 2685 2723 2801 2760; x_wconf 64' lang='lat' dir='ltr'>suae</span> <span class='ocrx_word' id='word_1_633' title='bbox 2824 2722 2889 2761; x_wconf 89' lang='lat' dir='ltr'>ac</span> <span class='ocrx_word' id='word_1_634' title='bbox 2913 2706 3160 2761; x_wconf 88' lang='lat' dir='ltr'>aliorum</span> <span class='ocrx_word' id='word_1_635' title='bbox 3182 2707 3353 2762; x_wconf 91' lang='lat' dir='ltr'>saluti</span> <span class='ocrx_word' id='word_1_636' title='bbox 3375 2708 3678 2766; x_wconf 89' lang='lat' dir='ltr'>consulere</span> 
     </span>
    </p>
   </div>
   <div class='ocr_carea' id='block_1_88' title="bbox 2030 2794 3676 2867">
    <p class='ocr_par' dir='ltr' id='par_1_88' title="bbox 2030 2794 3676 2867">
     <span class='ocr_line' id='line_1_89' title="bbox 2030 2794 3676 2867; baseline 0.001 -16"><span class='ocrx_word' id='word_1_637' title='bbox 2030 2814 2145 2852; x_wconf 88' lang='lat' dir='ltr'>non</span> <span class='ocrx_word' id='word_1_638' title='bbox 2177 2800 2468 2867; x_wconf 89' lang='lat' dir='ltr'>procurat,</span> <span class='ocrx_word' id='word_1_639' title='bbox 2503 2799 2559 2848; x_wconf 85' lang='lat' dir='ltr'>et</span> <span class='ocrx_word' id='word_1_640' title='bbox 2588 2799 2801 2849; x_wconf 72' lang='lat' dir='ltr'>sancta:</span> <span class='ocrx_word' id='word_1_641' title='bbox 2842 2794 3138 2867; x_wconf 88' lang='lat' dir='ltr'>religionis</span> <span class='ocrx_word' id='word_1_642' title='bbox 3172 2796 3522 2852; x_wconf 89' lang='lat' dir='ltr'>detrimenta</span> <span class='ocrx_word' id='word_1_643' title='bbox 3562 2815 3676 2853; x_wconf 92' lang='lat' dir='ltr'>non</span> 
     </span>
    </p>
   </div>
   <div class='ocr_carea' id='block_1_89' title="bbox 2030 2883 3682 2958">
    <p class='ocr_par' dir='ltr' id='par_1_89' title="bbox 2030 2883 3682 2958">
     <span class='ocr_line' id='line_1_90' title="bbox 2030 2883 3682 2958; baseline 0.001 -18"><span class='ocrx_word' id='word_1_644' title='bbox 2030 2890 2330 2958; x_wconf 67' lang='lat' dir='ltr'>prmcavet.</span> <span class='ocrx_word' id='word_1_645' title='bbox 2350 2888 2527 2939; x_wconf 88' lang='lat' dir='ltr'>Porro</span> <span class='ocrx_word' id='word_1_646' title='bbox 2549 2884 2699 2938; x_wconf 91' lang='lat' dir='ltr'>muri</span> <span class='ocrx_word' id='word_1_647' title='bbox 2720 2883 2950 2939; x_wconf 91' lang='lat' dir='ltr'>Jericho</span> <span class='ocrx_word' id='word_1_648' title='bbox 2972 2883 3107 2939; x_wconf 84' lang='lat' dir='ltr'>filiis</span> <span class='ocrx_word' id='word_1_649' title='bbox 3136 2884 3331 2951; x_wconf 89' lang='lat' dir='ltr'>Israel,</span> <span class='ocrx_word' id='word_1_650' title='bbox 3349 2885 3448 2957; x_wconf 91' lang='lat' dir='ltr'>qui</span> <span class='ocrx_word' id='word_1_651' title='bbox 3465 2886 3682 2942; x_wconf 83' lang='lat' dir='ltr'>Subba-</span> 
     </span>
    </p>
   </div>
   <div class='ocr_carea' id='block_1_90' title="bbox 2030 2973 3680 3044">
    <p class='ocr_par' dir='ltr' id='par_1_90' title="bbox 2030 2973 3680 3044">
     <span class='ocr_line' id='line_1_91' title="bbox 2030 2973 3680 3044; baseline 0.001 -14"><span class='ocrx_word' id='word_1_652' title='bbox 2030 2980 2155 3030; x_wconf 90' lang='lat' dir='ltr'>tnm</span> <span class='ocrx_word' id='word_1_653' title='bbox 2180 2975 2306 3044; x_wconf 86' lang='lat' dir='ltr'>jam</span> <span class='ocrx_word' id='word_1_654' title='bbox 2349 2973 2776 3028; x_wconf 89' lang='lat' dir='ltr'>observandum</span> <span class='ocrx_word' id='word_1_655' title='bbox 2807 2977 3204 3044; x_wconf 88' lang='lat' dir='ltr'>susceperant,</span> <span class='ocrx_word' id='word_1_656' title='bbox 3220 2973 3395 3029; x_wconf 89' lang='lat' dir='ltr'>etiam</span> <span class='ocrx_word' id='word_1_657' title='bbox 3426 2974 3680 3033; x_wconf 85' lang='lat' dir='ltr'>Sabbato</span> 
     </span>
    </p>
   </div>
   <div class='ocr_carea' id='block_1_91' title="bbox 2032 3061 3681 3135">
    <p class='ocr_par' dir='ltr' id='par_1_91' title="bbox 2032 3061 3681 3135">
     <span class='ocr_line' id='line_1_92' title="bbox 2032 3061 3681 3135; baseline 0.001 -16"><span class='ocrx_word' id='word_1_658' title='bbox 2032 3064 2238 3119; x_wconf 86' lang='lat' dir='ltr'>urbem</span> <span class='ocrx_word' id='word_1_659' title='bbox 2268 3061 2769 3117; x_wconf 88' lang='lat' dir='ltr'>circumeuntibus</span> <span class='ocrx_word' id='word_1_660' title='bbox 2788 3065 2845 3117; x_wconf 91' lang='lat' dir='ltr'>ct</span> <span class='ocrx_word' id='word_1_661' title='bbox 2869 3061 3026 3117; x_wconf 91' lang='lat' dir='ltr'>tubis</span> <span class='ocrx_word' id='word_1_662' title='bbox 3047 3061 3454 3135; x_wconf 88' lang='lat' dir='ltr'>clangentibus</span> <span class='ocrx_word' id='word_1_663' title='bbox 3477 3064 3549 3120; x_wconf 91' lang='lat' dir='ltr'>ad</span> <span class='ocrx_word' id='word_1_664' title='bbox 3572 3069 3681 3121; x_wconf 90' lang='lat' dir='ltr'>ter-</span> 
     </span>
    </p>
   </div>
   <div class='ocr_carea' id='block_1_92' title="bbox 2106 3238 3685 3314">
    <p class='ocr_par' dir='ltr' id='par_1_92' title="bbox 2106 3238 3685 3314">
     <span class='ocr_line' id='line_1_93' title="bbox 2106 3238 3685 3314; baseline 0.001 -18"><span class='ocrx_word' id='word_1_665' title='bbox 2106 3239 2317 3296; x_wconf 85' lang='lat' dir='ltr'>XLVII.</span> <span class='ocrx_word' id='word_1_666' title='bbox 2343 3239 2658 3295; x_wconf 89' lang='lat' dir='ltr'>Consulitis</span> <span class='ocrx_word' id='word_1_667' title='bbox 2685 3239 2733 3293; x_wconf 89' lang='lat' dir='ltr'>si</span> <span class='ocrx_word' id='word_1_668' title='bbox 2755 3238 2926 3295; x_wconf 86' lang='lat' dir='ltr'>liceat</span> <span class='ocrx_word' id='word_1_669' title='bbox 2945 3239 3004 3294; x_wconf 90' lang='lat' dir='ltr'>in</span> <span class='ocrx_word' id='word_1_670' title='bbox 3028 3240 3522 3314; x_wconf 89' lang='lat' dir='ltr'>quadragesimali</span> <span class='ocrx_word' id='word_1_671' title='bbox 3546 3246 3685 3298; x_wconf 88' lang='lat' dir='ltr'>tem-</span> 
     </span>
    </p>
   </div>
   <div class='ocr_carea' id='block_1_93' title="bbox 2038 3328 3683 3405">
    <p class='ocr_par' dir='ltr' id='par_1_93' title="bbox 2038 3328 3683 3405">
     <span class='ocr_line' id='line_1_94' title="bbox 2038 3328 3683 3405; baseline 0 -18"><span class='ocrx_word' id='word_1_672' title='bbox 2038 3348 2175 3405; x_wconf 90' lang='lat' dir='ltr'>pore</span> <span class='ocrx_word' id='word_1_673' title='bbox 2197 3329 2351 3402; x_wconf 85' lang='lat' dir='ltr'>jocis</span> <span class='ocrx_word' id='word_1_674' title='bbox 2379 3346 2610 3397; x_wconf 90' lang='lat' dir='ltr'>vacare;</span> <span class='ocrx_word' id='word_1_675' title='bbox 2645 3329 2801 3400; x_wconf 90' lang='lat' dir='ltr'>quod</span> <span class='ocrx_word' id='word_1_676' title='bbox 2844 3345 2959 3383; x_wconf 93' lang='lat' dir='ltr'>non</span> <span class='ocrx_word' id='word_1_677' title='bbox 2992 3328 3183 3384; x_wconf 89' lang='lat' dir='ltr'>solum</span> <span class='ocrx_word' id='word_1_678' title='bbox 3214 3329 3271 3385; x_wconf 92' lang='lat' dir='ltr'>in</span> <span class='ocrx_word' id='word_1_679' title='bbox 3305 3332 3683 3404; x_wconf 85' lang='lat' dir='ltr'>quadragesi-</span> 
     </span>
    </p>
   </div>
   <div class='ocr_carea' id='block_1_94' title="bbox 2040 3416 3689 3490">
    <p class='ocr_par' dir='ltr' id='par_1_94' title="bbox 2040 3416 3689 3490">
     <span class='ocr_line' id='line_1_95' title="bbox 2040 3416 3689 3490; baseline 0.001 -15"><span class='ocrx_word' id='word_1_680' title='bbox 2040 3420 2198 3487; x_wconf 88' lang='lat' dir='ltr'>mali,</span> <span class='ocrx_word' id='word_1_681' title='bbox 2230 3436 2429 3475; x_wconf 88' lang='lat' dir='ltr'>verum</span> <span class='ocrx_word' id='word_1_682' title='bbox 2472 3418 2649 3473; x_wconf 89' lang='lat' dir='ltr'>etiam</span> <span class='ocrx_word' id='word_1_683' title='bbox 2695 3418 2754 3472; x_wconf 92' lang='lat' dir='ltr'>in</span> <span class='ocrx_word' id='word_1_684' title='bbox 2803 3416 2965 3472; x_wconf 92' lang='lat' dir='ltr'>nullo</span> <span class='ocrx_word' id='word_1_685' title='bbox 3021 3422 3281 3490; x_wconf 88' lang='lat' dir='ltr'>tempore</span> <span class='ocrx_word' id='word_1_686' title='bbox 3340 3418 3566 3474; x_wconf 90' lang='lat' dir='ltr'>licitum</span> <span class='ocrx_word' id='word_1_687' title='bbox 3598 3425 3689 3477; x_wconf 88' lang='lat' dir='ltr'>est</span> 
     </span>
    </p>
   </div>
   <div class='ocr_carea' id='block_1_95' title="bbox 2039 3506 3688 3578">
    <p class='ocr_par' dir='ltr' id='par_1_95' title="bbox 2039 3506 3688 3578">
     <span class='ocr_line' id='line_1_96' title="bbox 2039 3506 3688 3578; baseline -0.001 -13"><span class='ocrx_word' id='word_1_688' title='bbox 2039 3508 2417 3575; x_wconf 88' lang='lat' dir='ltr'>Christianis;</span> <span class='ocrx_word' id='word_1_689' title='bbox 2443 3506 2544 3562; x_wconf 89' lang='lat' dir='ltr'>sed</span> <span class='ocrx_word' id='word_1_690' title='bbox 2568 3506 2706 3571; x_wconf 84' lang='lat' dir='ltr'>quia</span> <span class='ocrx_word' id='word_1_691' title='bbox 2727 3506 2913 3572; x_wconf 89' lang='lat' dir='ltr'>vobis,</span> <span class='ocrx_word' id='word_1_692' title='bbox 2930 3506 3031 3578; x_wconf 89' lang='lat' dir='ltr'>qui</span> <span class='ocrx_word' id='word_1_693' title='bbox 3063 3506 3118 3561; x_wconf 87' lang='lat' dir='ltr'>in</span> <span class='ocrx_word' id='word_1_694' title='bbox 3146 3512 3404 3563; x_wconf 89' lang='lat' dir='ltr'>montem</span> <span class='ocrx_word' id='word_1_695' title='bbox 3427 3510 3688 3564; x_wconf 90' lang='lat' dir='ltr'>nondum</span> 
     </span>
    </p>
   </div>
   <div class='ocr_carea' id='block_1_96' title="bbox 2040 3595 3691 3667">
    <p class='ocr_par' dir='ltr' id='par_1_96' title="bbox 2040 3595 3691 3667">
     <span class='ocr_line' id='line_1_97' title="bbox 2040 3595 3691 3667; baseline -0.001 -13"><span class='ocrx_word' id='word_1_696' title='bbox 2040 3598 2352 3654; x_wconf 89' lang='lat' dir='ltr'>ascendere</span> <span class='ocrx_word' id='word_1_697' title='bbox 2371 3601 2652 3667; x_wconf 87' lang='lat' dir='ltr'>tanquam</span> <span class='ocrx_word' id='word_1_698' title='bbox 2674 3595 2890 3650; x_wconf 87' lang='lat' dir='ltr'>infirmi</span> <span class='ocrx_word' id='word_1_699' title='bbox 2912 3596 3246 3667; x_wconf 87' lang='lat' dir='ltr'>potestis,ut</span> <span class='ocrx_word' id='word_1_700' title='bbox 3262 3597 3397 3653; x_wconf 89' lang='lat' dir='ltr'>inde</span> <span class='ocrx_word' id='word_1_701' title='bbox 3414 3598 3691 3654; x_wconf 89' lang='lat' dir='ltr'>sublimia</span> 
     </span>
    </p>
   </div>
   <div class='ocr_carea' id='block_1_97' title="bbox 2042 3684 3693 3761">
    <p class='ocr_par' dir='ltr' id='par_1_97' title="bbox 2042 3684 3693 3761">
     <span class='ocr_line' id='line_1_98' title="bbox 2042 3684 3693 3761; baseline -0.001 -17"><span class='ocrx_word' id='word_1_702' title='bbox 2042 3688 2320 3744; x_wconf 89' lang='lat' dir='ltr'>mandata</span> <span class='ocrx_word' id='word_1_703' title='bbox 2339 3685 2433 3741; x_wconf 90' lang='lat' dir='ltr'>Dei</span> <span class='ocrx_word' id='word_1_704' title='bbox 2457 3684 2809 3757; x_wconf 86' lang='lat' dir='ltr'>percipiatis,</span> <span class='ocrx_word' id='word_1_705' title='bbox 2827 3686 2927 3740; x_wconf 90' lang='lat' dir='ltr'>sed</span> <span class='ocrx_word' id='word_1_706' title='bbox 2951 3685 3010 3740; x_wconf 93' lang='lat' dir='ltr'>in</span> <span class='ocrx_word' id='word_1_707' title='bbox 3035 3688 3693 3761; x_wconf 89' lang='lat' dir='ltr'>campestribus,quem-</span> 
     </span>
    </p>
   </div>
   <div class='ocr_carea' id='block_1_98' title="bbox 2042 3774 3690 3848">
    <p class='ocr_par' dir='ltr' id='par_1_98' title="bbox 2042 3774 3690 3848">
     <span class='ocr_line' id='line_1_99' title="bbox 2042 3774 3690 3848; baseline -0.001 -15"><span class='ocrx_word' id='word_1_708' title='bbox 2042 3778 2358 3833; x_wconf 89' lang='lat' dir='ltr'>admodum</span> <span class='ocrx_word' id='word_1_709' title='bbox 2393 3774 2493 3829; x_wconf 89' lang='lat' dir='ltr'>filii</span> <span class='ocrx_word' id='word_1_710' title='bbox 2528 3775 2825 3846; x_wconf 90' lang='lat' dir='ltr'>quondam</span> <span class='ocrx_word' id='word_1_711' title='bbox 2867 3774 3064 3840; x_wconf 91' lang='lat' dir='ltr'>Israel,</span> <span class='ocrx_word' id='word_1_712' title='bbox 3097 3776 3269 3848; x_wconf 90' lang='lat' dir='ltr'>positi</span> <span class='ocrx_word' id='word_1_713' title='bbox 3310 3777 3555 3845; x_wconf 91' lang='lat' dir='ltr'>estis,ut</span> <span class='ocrx_word' id='word_1_714' title='bbox 3576 3777 3690 3833; x_wconf 88' lang='lat' dir='ltr'>sal-</span> 
     </span>
    </p>
   </div>
   <div class='ocr_carea' id='block_1_99' title="bbox 2041 3863 3692 3939">
    <p class='ocr_par' dir='ltr' id='par_1_99' title="bbox 2041 3863 3692 3939">
     <span class='ocr_line' id='line_1_100' title="bbox 2041 3863 3692 3939; baseline -0.001 -16"><span class='ocrx_word' id='word_1_715' title='bbox 2041 3872 2159 3923; x_wconf 87' lang='lat' dir='ltr'>tem</span> <span class='ocrx_word' id='word_1_716' title='bbox 2192 3866 2271 3922; x_wconf 91' lang='lat' dir='ltr'>ibi</span> <span class='ocrx_word' id='word_1_717' title='bbox 2304 3864 2478 3938; x_wconf 88' lang='lat' dir='ltr'>plana</span> <span class='ocrx_word' id='word_1_718' title='bbox 2508 3869 2564 3919; x_wconf 92' lang='lat' dir='ltr'>et</span> <span class='ocrx_word' id='word_1_719' title='bbox 2591 3863 2818 3920; x_wconf 90' lang='lat' dir='ltr'>minora</span> <span class='ocrx_word' id='word_1_720' title='bbox 2838 3881 3084 3937; x_wconf 60' lang='lat' dir='ltr'>quaeque</span> <span class='ocrx_word' id='word_1_721' title='bbox 3115 3870 3400 3939; x_wconf 64' lang='lat' dir='ltr'>praecepta</span> <span class='ocrx_word' id='word_1_722' title='bbox 3421 3866 3692 3928; x_wconf 87' lang='lat' dir='ltr'>sumatis.</span> 
     </span>
    </p>
   </div>
   <div class='ocr_carea' id='block_1_100' title="bbox 2043 3953 3695 4026">
    <p class='ocr_par' dir='ltr' id='par_1_100' title="bbox 2043 3953 3695 4026">
     <span class='ocr_line' id='line_1_101' title="bbox 2043 3953 3695 4026; baseline -0.001 -15"><span class='ocrx_word' id='word_1_723' title='bbox 2043 3956 2295 4011; x_wconf 88' lang='lat' dir='ltr'>necdum</span> <span class='ocrx_word' id='word_1_724' title='bbox 2326 3970 2642 4025; x_wconf 89' lang='lat' dir='ltr'>possumus</span> <span class='ocrx_word' id='word_1_725' title='bbox 2686 3953 2951 4019; x_wconf 83' lang='lat' dir='ltr'>suadere,</span> <span class='ocrx_word' id='word_1_726' title='bbox 2975 3957 3040 4008; x_wconf 88' lang='lat' dir='ltr'>ut</span> <span class='ocrx_word' id='word_1_727' title='bbox 3069 3955 3228 4009; x_wconf 91' lang='lat' dir='ltr'>omni</span> <span class='ocrx_word' id='word_1_728' title='bbox 3260 3958 3520 4026; x_wconf 91' lang='lat' dir='ltr'>tempore</span> <span class='ocrx_word' id='word_1_729' title='bbox 3541 3955 3695 4025; x_wconf 87' lang='lat' dir='ltr'>jocis</span> 
     </span>
    </p>
   </div>
   <div class='ocr_carea' id='block_1_101' title="bbox 2044 4040 3694 4114">
    <p class='ocr_par' dir='ltr' id='par_1_101' title="bbox 2044 4040 3694 4114">
     <span class='ocr_line' id='line_1_102' title="bbox 2044 4040 3694 4114; baseline -0.001 -14"><span class='ocrx_word' id='word_1_730' title='bbox 2044 4042 2408 4110; x_wconf 87' lang='lat' dir='ltr'>abstineatis,</span> <span class='ocrx_word' id='word_1_731' title='bbox 2433 4046 2491 4096; x_wconf 90' lang='lat' dir='ltr'>et</span> <span class='ocrx_word' id='word_1_732' title='bbox 2535 4040 3004 4113; x_wconf 86' lang='lat' dir='ltr'>quadragesima,</span> <span class='ocrx_word' id='word_1_733' title='bbox 3039 4058 3105 4096; x_wconf 91' lang='lat' dir='ltr'>ac</span> <span class='ocrx_word' id='word_1_734' title='bbox 3148 4042 3362 4113; x_wconf 89' lang='lat' dir='ltr'>jejunii</span> <span class='ocrx_word' id='word_1_735' title='bbox 3410 4047 3694 4114; x_wconf 89' lang='lat' dir='ltr'>tempore,</span> 
     </span>
    </p>
   </div>
   <div class='ocr_carea' id='block_1_102' title="bbox 2045 4129 3697 4206">
    <p class='ocr_par' dir='ltr' id='par_1_102' title="bbox 2045 4129 3697 4206">
     <span class='ocr_line' id='line_1_103' title="bbox 2045 4129 3697 4206; baseline -0.001 -18"><span class='ocrx_word' id='word_1_736' title='bbox 2045 4132 2277 4206; x_wconf 90' lang='lat' dir='ltr'>quando</span> <span class='ocrx_word' id='word_1_737' title='bbox 2295 4147 2489 4203; x_wconf 90' lang='lat' dir='ltr'>peram</span> <span class='ocrx_word' id='word_1_738' title='bbox 2498 4129 2654 4201; x_wconf 91' lang='lat' dir='ltr'>plius</span> <span class='ocrx_word' id='word_1_739' title='bbox 2666 4134 2721 4184; x_wconf 88' lang='lat' dir='ltr'>et</span> <span class='ocrx_word' id='word_1_740' title='bbox 2738 4130 3055 4186; x_wconf 89' lang='lat' dir='ltr'>instantius</span> <span class='ocrx_word' id='word_1_741' title='bbox 3069 4130 3316 4185; x_wconf 90' lang='lat' dir='ltr'>orationi</span> <span class='ocrx_word' id='word_1_742' title='bbox 3331 4133 3386 4185; x_wconf 87' lang='lat' dir='ltr'>et</span> <span class='ocrx_word' id='word_1_743' title='bbox 3402 4130 3697 4186; x_wconf 88' lang='lat' dir='ltr'>abstinen-</span> 
     </span>
    </p>
   </div>
   <div class='ocr_carea' id='block_1_103' title="bbox 2045 4217 3697 4291">
    <p class='ocr_par' dir='ltr' id='par_1_103' title="bbox 2045 4217 3697 4291">
     <span class='ocr_line' id='line_1_104' title="bbox 2045 4217 3697 4291; baseline -0.002 -13"><span class='ocrx_word' id='word_1_744' title='bbox 2045 4222 2163 4291; x_wconf 65' lang='lat' dir='ltr'>tiae,</span> <span class='ocrx_word' id='word_1_745' title='bbox 2186 4224 2244 4276; x_wconf 89' lang='lat' dir='ltr'>et</span> <span class='ocrx_word' id='word_1_746' title='bbox 2272 4218 2624 4275; x_wconf 69' lang='lat' dir='ltr'>omnimodae</span> <span class='ocrx_word' id='word_1_747' title='bbox 2657 4218 3006 4290; x_wconf 69' lang='lat' dir='ltr'>paenitentiae</span> <span class='ocrx_word' id='word_1_748' title='bbox 3037 4217 3190 4274; x_wconf 87' lang='lat' dir='ltr'>sicut</span> <span class='ocrx_word' id='word_1_749' title='bbox 3221 4218 3390 4291; x_wconf 90' lang='lat' dir='ltr'>longe</span> <span class='ocrx_word' id='word_1_750' title='bbox 3423 4220 3697 4291; x_wconf 89' lang='lat' dir='ltr'>superius</span> 
     </span>
    </p>
   </div>
   <div class='ocr_carea' id='block_1_104' title="bbox 2047 4306 3693 4383">
    <p class='ocr_par' dir='ltr' id='par_1_104' title="bbox 2047 4306 3693 4383">
     <span class='ocr_line' id='line_1_105' title="bbox 2047 4306 3693 4383; baseline -0.002 -16"><span class='ocrx_word' id='word_1_751' title='bbox 2047 4308 2664 4383; x_wconf 87' lang='lat' dir='ltr'>exposuimus,vacare</span> <span class='ocrx_word' id='word_1_752' title='bbox 2686 4307 2930 4374; x_wconf 91' lang='lat' dir='ltr'>debetis,</span> <span class='ocrx_word' id='word_1_753' title='bbox 2956 4323 3071 4362; x_wconf 92' lang='lat' dir='ltr'>non</span> <span class='ocrx_word' id='word_1_754' title='bbox 3093 4306 3281 4363; x_wconf 90' lang='lat' dir='ltr'>solum</span> <span class='ocrx_word' id='word_1_755' title='bbox 3298 4308 3471 4379; x_wconf 85' lang='lat' dir='ltr'>jocis,</span> <span class='ocrx_word' id='word_1_756' title='bbox 3492 4324 3693 4363; x_wconf 90' lang='lat' dir='ltr'>verum</span> 
     </span>
    </p>
   </div>
   <div class='ocr_carea' id='block_1_105' title="bbox 2048 4394 3696 4467">
    <p class='ocr_par' dir='ltr' id='par_1_105' title="bbox 2048 4394 3696 4467">
     <span class='ocr_line' id='line_1_106' title="bbox 2048 4394 3696 4467; baseline -0.002 -13"><span class='ocrx_word' id='word_1_757' title='bbox 2048 4400 2221 4456; x_wconf 92' lang='lat' dir='ltr'>etiam</span> <span class='ocrx_word' id='word_1_758' title='bbox 2245 4398 2317 4453; x_wconf 90' lang='lat' dir='ltr'>ab</span> <span class='ocrx_word' id='word_1_759' title='bbox 2336 4394 2495 4451; x_wconf 89' lang='lat' dir='ltr'>omni</span> <span class='ocrx_word' id='word_1_760' title='bbox 2516 4394 2931 4466; x_wconf 88' lang='lat' dir='ltr'>vaniloquio,ct</span> <span class='ocrx_word' id='word_1_761' title='bbox 2950 4394 3458 4467; x_wconf 67' lang='lat' dir='ltr'>scurrilitate,quae</span> <span class='ocrx_word' id='word_1_762' title='bbox 3478 4396 3549 4450; x_wconf 90' lang='lat' dir='ltr'>ad</span> <span class='ocrx_word' id='word_1_763' title='bbox 3573 4412 3696 4451; x_wconf 91' lang='lat' dir='ltr'>rem</span> 
     </span>
    </p>
   </div>
   <div class='ocr_carea' id='block_1_106' title="bbox 1968 4483 3697 4579">
    <p class='ocr_par' dir='ltr' id='par_1_106' title="bbox 1968 4483 3697 4579">
     <span class='ocr_line' id='line_1_107' title="bbox 1968 4483 3697 4579; baseline -0.003 -34"><span class='ocrx_word' id='word_1_764' title='bbox 1968 4513 2016 4579; x_wconf 71' lang='grc' dir='ltr'>Β</span> <span class='ocrx_word' id='word_1_765' title='bbox 2050 4506 2165 4545; x_wconf 92' lang='lat' dir='ltr'>non</span> <span class='ocrx_word' id='word_1_766' title='bbox 2197 4486 2511 4560; x_wconf 86' lang='lat' dir='ltr'>pertinent,</span> <span class='ocrx_word' id='word_1_767' title='bbox 2543 4484 2836 4579; x_wconf 33' lang='lat' dir='ltr'>latque-ab</span> <span class='ocrx_word' id='word_1_768' title='bbox 2894 4484 3021 4579; x_wconf 80' lang='lat' dir='ltr'>ipso</span> <span class='ocrx_word' id='word_1_769' title='bbox 3052 4485 3236 4540; x_wconf 91' lang='lat' dir='ltr'>otioso</span> <span class='ocrx_word' id='word_1_770' title='bbox 3295 4484 3490 4551; x_wconf 89' lang='lat' dir='ltr'>verbo,</span> <span class='ocrx_word' id='word_1_771' title='bbox 3525 4488 3590 4539; x_wconf 90' lang='lat' dir='ltr'>ut</span> <span class='ocrx_word' id='word_1_772' title='bbox 3637 4483 3697 4539; x_wconf 91' lang='lat' dir='ltr'>in</span> 
     </span>
    </p>
   </div>
   <div class='ocr_carea' id='block_1_107' title="bbox 2046 4571 3698 4649">
    <p class='ocr_par' dir='ltr' id='par_1_107' title="bbox 2046 4571 3698 4649">
     <span class='ocr_line' id='line_1_108' title="bbox 2046 4571 3698 4649; baseline -0.003 -15"><span class='ocrx_word' id='word_1_773' title='bbox 2046 4576 2357 4649; x_wconf 87' lang='lat' dir='ltr'>Evangelio</span> <span class='ocrx_word' id='word_1_774' title='bbox 2391 4573 2675 4630; x_wconf 90' lang='lat' dir='ltr'>Dominus</span> <span class='ocrx_word' id='word_1_775' title='bbox 2697 4571 2837 4627; x_wconf 87' lang='lat' dir='ltr'>dicit</span> <span class='ocrx_word' id='word_1_776' title='bbox 2866 4589 2877 4627; x_wconf 91' lang='lat'>:</span> <span class='ocrx_word' id='word_1_777' title='bbox 2906 4573 3053 4641; x_wconf 84' lang='lat' dir='ltr'>Quod</span> <span class='ocrx_word' id='word_1_778' title='bbox 3084 4574 3254 4628; x_wconf 84' lang='lat' dir='ltr'>locuti</span> <span class='ocrx_word' id='word_1_779' title='bbox 3280 4575 3492 4645; x_wconf 81' lang='lat' dir='ltr'>fuerint</span> <span class='ocrx_word' id='word_1_780' title='bbox 3521 4574 3698 4629; x_wconf 82' lang='lat' dir='ltr'>homi-</span> 
     </span>
    </p>
   </div>
   <div class='ocr_carea' id='block_1_108' title="bbox 2046 4661 3698 4733">
    <p class='ocr_par' dir='ltr' id='par_1_108' title="bbox 2046 4661 3698 4733">
     <span class='ocr_line' id='line_1_109' title="bbox 2046 4661 3698 4733; baseline -0.002 -10"><span class='ocrx_word' id='word_1_781' title='bbox 2046 4684 2162 4733; x_wconf 79' lang='lat' dir='ltr'>nes,</span> <span class='ocrx_word' id='word_1_782' title='bbox 2197 4665 2417 4721; x_wconf 83' lang='lat' dir='ltr'>reddent</span> <span class='ocrx_word' id='word_1_783' title='bbox 2444 4664 2509 4718; x_wconf 87' lang='lat' dir='ltr'>de</span> <span class='ocrx_word' id='word_1_784' title='bbox 2536 4679 2596 4719; x_wconf 89' lang='lat' dir='ltr'>eo</span> <span class='ocrx_word' id='word_1_785' title='bbox 2633 4665 2901 4717; x_wconf 82' lang='lat' dir='ltr'>rationem</span> <span class='ocrx_word' id='word_1_786' title='bbox 2926 4661 3131 4733; x_wconf 82' lang='lat' dir='ltr'>(Matth.</span> <span class='ocrx_word' id='word_1_787' title='bbox 3155 4666 3258 4732; x_wconf 84' lang='lat' dir='ltr'>xu)</span> <span class='ocrx_word' id='word_1_788' title='bbox 3284 4679 3296 4717; x_wconf 92' lang='lat'>:</span> <span class='ocrx_word' id='word_1_789' title='bbox 3327 4662 3375 4718; x_wconf 94' lang='lat' dir='ltr'>si</span> <span class='ocrx_word' id='word_1_790' title='bbox 3400 4664 3470 4718; x_wconf 92' lang='lat' dir='ltr'>de</span> <span class='ocrx_word' id='word_1_791' title='bbox 3513 4662 3698 4719; x_wconf 88' lang='lat' dir='ltr'>otioso</span> 
     </span>
    </p>
   </div>
   <div class='ocr_carea' id='block_1_109' title="bbox 2049 4750 3701 4831">
    <p class='ocr_par' dir='ltr' id='par_1_109' title="bbox 2049 4750 3701 4831">
     <span class='ocr_line' id='line_1_110' title="bbox 2049 4750 3701 4831; baseline -0.003 -19"><span class='ocrx_word' id='word_1_792' title='bbox 2049 4760 2268 4831; x_wconf 85' lang='lat' dir='ltr'>quanto</span> <span class='ocrx_word' id='word_1_793' title='bbox 2291 4753 2478 4826; x_wconf 89' lang='lat' dir='ltr'>magis</span> <span class='ocrx_word' id='word_1_794' title='bbox 2502 4753 2571 4809; x_wconf 90' lang='lat' dir='ltr'>de</span> <span class='ocrx_word' id='word_1_795' title='bbox 2595 4752 2763 4807; x_wconf 87' lang='lat' dir='ltr'>noxio</span> <span class='ocrx_word' id='word_1_796' title='bbox 2793 4755 2849 4807; x_wconf 89' lang='lat' dir='ltr'>et</span> <span class='ocrx_word' id='word_1_797' title='bbox 2882 4750 3237 4807; x_wconf 87' lang='lat' dir='ltr'>criminose?</span> <span class='ocrx_word' id='word_1_798' title='bbox 3259 4752 3422 4807; x_wconf 88' lang='lat' dir='ltr'>nulla</span> <span class='ocrx_word' id='word_1_799' title='bbox 3442 4769 3577 4825; x_wconf 75' lang='lat' dir='ltr'>ergo</span> <span class='ocrx_word' id='word_1_800' title='bbox 3599 4769 3701 4808; x_wconf 91' lang='lat' dir='ltr'>vos</span> 
     </span>
    </p>
   </div>
   <div class='ocr_carea' id='block_1_110' title="bbox 2047 4840 3703 4916">
    <p class='ocr_par' dir='ltr' id='par_1_110' title="bbox 2047 4840 3703 4916">
     <span class='ocr_line' id='line_1_111' title="bbox 2047 4840 3703 4916; baseline -0.002 -14"><span class='ocrx_word' id='word_1_801' title='bbox 2047 4845 2436 4916; x_wconf 88' lang='lat' dir='ltr'>voluptatum,</span> <span class='ocrx_word' id='word_1_802' title='bbox 2452 4846 2508 4897; x_wconf 92' lang='lat' dir='ltr'>et</span> <span class='ocrx_word' id='word_1_803' title='bbox 2520 4842 2811 4912; x_wconf 86' lang='lat' dir='ltr'>jocorum,</span> <span class='ocrx_word' id='word_1_804' title='bbox 2831 4844 2887 4895; x_wconf 90' lang='lat' dir='ltr'>et</span> <span class='ocrx_word' id='word_1_805' title='bbox 2908 4840 3158 4896; x_wconf 83' lang='lat' dir='ltr'>maxime</span> <span class='ocrx_word' id='word_1_806' title='bbox 3187 4841 3247 4896; x_wconf 92' lang='lat' dir='ltr'>in</span> <span class='ocrx_word' id='word_1_807' title='bbox 3268 4846 3528 4915; x_wconf 90' lang='lat' dir='ltr'>tempore</span> <span class='ocrx_word' id='word_1_808' title='bbox 3549 4842 3703 4914; x_wconf 87' lang='lat' dir='ltr'>jeju-</span> 
     </span>
    </p>
   </div>
   <div class='ocr_carea' id='block_1_111' title="bbox 2052 4928 3705 5003">
    <p class='ocr_par' dir='ltr' id='par_1_111' title="bbox 2052 4928 3705 5003">
     <span class='ocr_line' id='line_1_112' title="bbox 2052 4928 3705 5003; baseline -0.002 -12"><span class='ocrx_word' id='word_1_809' title='bbox 2052 4935 2309 5003; x_wconf 90' lang='lat' dir='ltr'>niorum,</span> <span class='ocrx_word' id='word_1_810' title='bbox 2333 4930 2561 4986; x_wconf 88' lang='lat' dir='ltr'>vanitas</span> <span class='ocrx_word' id='word_1_811' title='bbox 2584 4929 2861 4984; x_wconf 90' lang='lat' dir='ltr'>seducere</span> <span class='ocrx_word' id='word_1_812' title='bbox 2881 4928 3095 4997; x_wconf 83' lang='lat' dir='ltr'>valeat;</span> <span class='ocrx_word' id='word_1_813' title='bbox 3124 4946 3237 4985; x_wconf 92' lang='lat' dir='ltr'>non</span> <span class='ocrx_word' id='word_1_814' title='bbox 3258 4931 3415 4986; x_wconf 89' lang='lat' dir='ltr'>enim</span> <span class='ocrx_word' id='word_1_815' title='bbox 3445 4931 3705 4988; x_wconf 86' lang='lat' dir='ltr'>lamenta</span> 
     </span>
    </p>
   </div>
   <div class='ocr_carea' id='block_1_112' title="bbox 2051 5016 3702 5094">
    <p class='ocr_par' dir='ltr' id='par_1_112' title="bbox 2051 5016 3702 5094">
     <span class='ocr_line' id='line_1_113' title="bbox 2051 5016 3702 5094; baseline -0.003 -13"><span class='ocrx_word' id='word_1_816' title='bbox 2051 5040 2182 5081; x_wconf 91' lang='lat' dir='ltr'>cum</span> <span class='ocrx_word' id='word_1_817' title='bbox 2199 5020 2349 5094; x_wconf 88' lang='lat' dir='ltr'>jocis</span> <span class='ocrx_word' id='word_1_818' title='bbox 2366 5018 2736 5083; x_wconf 88' lang='lat' dir='ltr'>conveniunt,</span> <span class='ocrx_word' id='word_1_819' title='bbox 2756 5021 2812 5071; x_wconf 91' lang='lat' dir='ltr'>et</span> <span class='ocrx_word' id='word_1_820' title='bbox 2835 5016 3027 5086; x_wconf 83' lang='lat' dir='ltr'>fallax,</span> <span class='ocrx_word' id='word_1_821' title='bbox 3053 5035 3119 5073; x_wconf 90' lang='lat' dir='ltr'>ac</span> <span class='ocrx_word' id='word_1_822' title='bbox 3151 5020 3446 5092; x_wconf 86' lang='lat' dir='ltr'>deceptrix</span> <span class='ocrx_word' id='word_1_823' title='bbox 3476 5021 3702 5088; x_wconf 68' lang='lat' dir='ltr'>laetitia,</span> 
     </span>
    </p>
   </div>
   <div class='ocr_carea' id='block_1_113' title="bbox 2052 5107 3706 5182">
    <p class='ocr_par' dir='ltr' id='par_1_113' title="bbox 2052 5107 3706 5182">
     <span class='ocr_line' id='line_1_114' title="bbox 2052 5107 3706 5182; baseline -0.005 -13"><span class='ocrx_word' id='word_1_824' title='bbox 2052 5127 2286 5169; x_wconf 88' lang='lat' dir='ltr'>veraces</span> <span class='ocrx_word' id='word_1_825' title='bbox 2307 5108 2595 5181; x_wconf 69' lang='lat' dir='ltr'>lacrymas</span> <span class='ocrx_word' id='word_1_826' title='bbox 2619 5107 2939 5178; x_wconf 88' lang='lat' dir='ltr'>producere</span> <span class='ocrx_word' id='word_1_827' title='bbox 2961 5108 3146 5162; x_wconf 87' lang='lat' dir='ltr'>nescit</span> <span class='ocrx_word' id='word_1_828' title='bbox 3166 5108 3222 5163; x_wconf 92' lang='lat' dir='ltr'>in</span> <span class='ocrx_word' id='word_1_829' title='bbox 3248 5110 3509 5182; x_wconf 89' lang='lat' dir='ltr'>proximo</span> <span class='ocrx_word' id='word_1_830' title='bbox 3531 5125 3544 5162; x_wconf 93' lang='lat'>:</span> <span class='ocrx_word' id='word_1_831' title='bbox 3564 5125 3706 5180; x_wconf 66' lang='lat' dir='ltr'>pria-</span> 
     </span>
    </p>
   </div>
   <div class='ocr_carea' id='block_1_114' title="bbox 2052 5194 3700 5270">
    <p class='ocr_par' dir='ltr' id='par_1_114' title="bbox 2052 5194 3700 5270">
     <span class='ocr_line' id='line_1_115' title="bbox 2052 5194 3700 5270; baseline -0.004 -13"><span class='ocrx_word' id='word_1_832' title='bbox 2052 5207 2211 5257; x_wconf 89' lang='lat' dir='ltr'>tcrea</span> <span class='ocrx_word' id='word_1_833' title='bbox 2234 5203 2323 5256; x_wconf 90' lang='lat' dir='ltr'>est</span> <span class='ocrx_word' id='word_1_834' title='bbox 2344 5198 2548 5269; x_wconf 84' lang='lat' dir='ltr'>judex,</span> <span class='ocrx_word' id='word_1_835' title='bbox 2573 5195 2673 5267; x_wconf 91' lang='lat' dir='ltr'>qui</span> <span class='ocrx_word' id='word_1_836' title='bbox 2696 5194 2875 5250; x_wconf 90' lang='lat' dir='ltr'>dixit:</span> <span class='ocrx_word' id='word_1_837' title='bbox 2906 5201 3003 5253; x_wconf 62' lang='grc' dir='ltr'>ναξ</span> <span class='ocrx_word' id='word_1_838' title='bbox 3031 5197 3182 5253; x_wconf 82' lang='lat' dir='ltr'>vobis</span> <span class='ocrx_word' id='word_1_839' title='bbox 3201 5201 3295 5270; x_wconf 86' lang='lat' dir='ltr'>qui</span> <span class='ocrx_word' id='word_1_840' title='bbox 3317 5198 3500 5253; x_wconf 72' lang='lat' dir='ltr'>ridetis</span> <span class='ocrx_word' id='word_1_841' title='bbox 3532 5212 3700 5262; x_wconf 82' lang='lat' dir='ltr'>nunc,</span> 
     </span>
    </p>
   </div>
   <div class='ocr_carea' id='block_1_115' title="bbox 2053 5281 3699 5365">
    <p class='ocr_par' dir='ltr' id='par_1_115' title="bbox 2053 5281 3699 5365">
     <span class='ocr_line' id='line_1_116' title="bbox 2053 5281 3699 5365; baseline -0.005 -19"><span class='ocrx_word' id='word_1_842' title='bbox 2053 5292 2185 5365; x_wconf 84' lang='lat' dir='ltr'>quia</span> <span class='ocrx_word' id='word_1_843' title='bbox 2218 5287 2490 5359; x_wconf 80' lang='lat' dir='ltr'>lugebitis,</span> <span class='ocrx_word' id='word_1_844' title='bbox 2517 5294 2568 5341; x_wconf 84' lang='lat' dir='ltr'>et</span> <span class='ocrx_word' id='word_1_845' title='bbox 2592 5285 2795 5354; x_wconf 83' lang='lat' dir='ltr'>ﬂebitis</span> <span class='ocrx_word' id='word_1_846' title='bbox 2819 5286 2967 5358; x_wconf 84' lang='lat' dir='ltr'>(Luc.</span> <span class='ocrx_word' id='word_1_847' title='bbox 2993 5286 3101 5359; x_wconf 75' lang='lat' dir='ltr'>v1);</span> <span class='ocrx_word' id='word_1_848' title='bbox 3129 5286 3263 5341; x_wconf 89' lang='lat' dir='ltr'>hinc</span> <span class='ocrx_word' id='word_1_849' title='bbox 3285 5285 3557 5341; x_wconf 89' lang='lat' dir='ltr'>Salomon</span> <span class='ocrx_word' id='word_1_850' title='bbox 3580 5281 3662 5337; x_wconf 91' lang='lat' dir='ltr'>ait</span> <span class='ocrx_word' id='word_1_851' title='bbox 3685 5299 3699 5338; x_wconf 89' lang='lat'>:</span> 
     </span>
    </p>
   </div>
   <div class='ocr_carea' id='block_1_116' title="bbox 2056 5374 3706 5444">
    <p class='ocr_par' dir='ltr' id='par_1_116' title="bbox 2056 5374 3706 5444">
     <span class='ocr_line' id='line_1_117' title="bbox 2056 5374 3706 5444; baseline -0.006 -8"><span class='ocrx_word' id='word_1_852' title='bbox 2056 5379 2210 5436; x_wconf 77' lang='lat' dir='ltr'>Risus</span> <span class='ocrx_word' id='word_1_853' title='bbox 2231 5378 2413 5432; x_wconf 85' lang='lat' dir='ltr'>dolore</span> <span class='ocrx_word' id='word_1_854' title='bbox 2438 5375 2771 5439; x_wconf 85' lang='lat' dir='ltr'>miscebitur,</span> <span class='ocrx_word' id='word_1_855' title='bbox 2794 5383 2846 5430; x_wconf 90' lang='lat' dir='ltr'>et</span> <span class='ocrx_word' id='word_1_856' title='bbox 2866 5384 3111 5431; x_wconf 76' lang='lat' dir='ltr'>extrema</span> <span class='ocrx_word' id='word_1_857' title='bbox 3140 5374 3333 5444; x_wconf 82' lang='lat' dir='ltr'>gaudii</span> <span class='ocrx_word' id='word_1_858' title='bbox 3360 5374 3533 5427; x_wconf 84' lang='lat' dir='ltr'>luctus</span> <span class='ocrx_word' id='word_1_859' title='bbox 3553 5388 3706 5427; x_wconf 87' lang='lat' dir='ltr'>occu-</span> 
     </span>
    </p>
   </div>
   <div class='ocr_carea' id='block_1_117' title="bbox 2050 5463 3708 5544">
    <p class='ocr_par' dir='ltr' id='par_1_117' title="bbox 2050 5463 3708 5544">
     <span class='ocr_line' id='line_1_118' title="bbox 2050 5463 3708 5544; baseline -0.003 -19"><span class='ocrx_word' id='word_1_860' title='bbox 2050 5477 2145 5544; x_wconf 84' lang='lat' dir='ltr'>pat</span> <span class='ocrx_word' id='word_1_861' title='bbox 2184 5468 2529 5537; x_wconf 74' lang='lat' dir='ltr'>(Prov.xxv);</span> <span class='ocrx_word' id='word_1_862' title='bbox 2563 5464 2698 5519; x_wconf 92' lang='lat' dir='ltr'>hinc</span> <span class='ocrx_word' id='word_1_863' title='bbox 2748 5464 2962 5521; x_wconf 91' lang='lat' dir='ltr'>iterum</span> <span class='ocrx_word' id='word_1_864' title='bbox 2993 5464 3175 5519; x_wconf 88' lang='lat' dir='ltr'>dicit:</span> <span class='ocrx_word' id='word_1_865' title='bbox 3210 5463 3401 5519; x_wconf 81' lang='lat' dir='ltr'>Risum</span> <span class='ocrx_word' id='word_1_866' title='bbox 3448 5463 3708 5536; x_wconf 83' lang='lat' dir='ltr'>reputavi</span> 
     </span>
    </p>
   </div>
   <div class='ocr_carea' id='block_1_118' title="bbox 2053 5550 3708 5630">
    <p class='ocr_par' dir='ltr' id='par_1_118' title="bbox 2053 5550 3708 5630">
     <span class='ocr_line' id='line_1_119' title="bbox 2053 5550 3708 5630; baseline -0.003 -11"><span class='ocrx_word' id='word_1_867' title='bbox 2053 5573 2312 5628; x_wconf 78' lang='lat' dir='ltr'>errorem,</span> <span class='ocrx_word' id='word_1_868' title='bbox 2366 5562 2418 5614; x_wconf 87' lang='lat' dir='ltr'>et</span> <span class='ocrx_word' id='word_1_869' title='bbox 2469 5554 2671 5630; x_wconf 85' lang='lat' dir='ltr'>gaudio</span> <span class='ocrx_word' id='word_1_870' title='bbox 2725 5553 2849 5614; x_wconf 69' lang='lat' dir='ltr'>dici</span> <span class='ocrx_word' id='word_1_871' title='bbox 2879 5573 2899 5616; x_wconf 84' lang='lat'>:</span> <span class='ocrx_word' id='word_1_872' title='bbox 2939 5552 3084 5624; x_wconf 85' lang='lat' dir='ltr'>Quid</span> <span class='ocrx_word' id='word_1_873' title='bbox 3137 5552 3346 5628; x_wconf 82' lang='lat' dir='ltr'>frustra</span> <span class='ocrx_word' id='word_1_874' title='bbox 3398 5550 3708 5630; x_wconf 80' lang='lat' dir='ltr'>deciperis?</span> 
     </span>
    </p>
   </div>
  </div>
