4036 6132
492 316 610 379 999
796 326 807 331 ’
1864 311 2090 375 ΝΠ]οι

2215 311 2441 373 ΡΑΡΑΞ
2483 311 2530 373 Ι.
3680 320 3800 383 ΜΠ)

493 450 686 525 (Eccle.
717 445 971 518 1|.)Hinc
997 462 1208 502 rursus
1249 444 1332 502 ait
1364 462 1377 502 :
1411 445 1515 502 Cor
1539 446 1889 518 sapientium,
1912 447 2012 504 ubi
2039 447 2141 503 tri—
2176 453 2219 515 Α
2255 444 2424 518 perit.
2458 445 2531 502 Ut
2577 459 2703 517 cap.
2735 446 2806 500 78
2832 444 3210 501 consideravit.
3243 444 3454 518 Hann},
3492 447 3801 520 compellatur

489 542 644 598 stitia
674 546 782 604 est;
812 544 865 594 et
900 553 993 592 cor
1037 536 1350 600 stultorum,
1383 536 1481 590 ubi
1527 534 1726 592 lmtitia
1756 535 1961 608 (ibid.);
2003 551 2139 609 gra-
2249 532 2568 606 suscipere.
2599 531 2859 605 Denique
2894 533 3004 590 hoc
3031 539 3163 589 tam
3182 531 3426 589 immane
3450 533 3617 592 scelus
3640 542 3730 606 est,
3753 544 3801 595 ut

492 632 619 685 tum
652 642 907 700 namque
946 625 1062 682 Deo
1111 622 1465 680 sacrificium
1517 628 1607 680 est
1656 623 1892 680 afﬂictio
1941 629 2144 680 contra
2249 621 2552 678 homicidii
2583 621 2819 693 quidem
2851 622 3339 694 peccatum,qnod
3360 622 3485 678 Cain
3511 622 3565 678 in
3589 624 3705 681 Abel
3722 628 3803 685 tra-

492 721 819 793 peccatum,
853 713 1167 771 Psalmista
1194 716 1468 782 testante,
1499 713 1601 787 qui
1631 713 1711 770 ait
1744 730 1756 770 :
1793 714 2143 786 Sacriﬁcium
2248 715 2398 767 trem
2432 727 2606 767 suum
2649 710 2942 767 commisit
2962 711 3112 784 (Gen.
3135 714 3231 779 IV),
3255 710 3486 784 septima
3501 715 3801 784 generatione

488 808 595 864 Deo
623 807 856 879 spiritus
883 802 1283 860 contributatus
1314 802 1484 874 (Psal.
1517 803 1590 874 L).
2248 799 2604 874 cataclysmo
2653 799 3016 857 vindicatum
3065 799 3242 855 fuerit
3269 800 3411 870 (Gen.
3437 802 3556 871 vn);
3590 802 3801 860 adulterii

557 894 799 952 XLVIII.
833 892 997 949 Unde
1044 907 1151 947 nec
1198 907 1438 947 uxorem
1482 891 1713 960 ducere,
1748 907 1852 946 nec
1882 890 2141 947 convivia

486 984 675 1041 facere
711 981 770 1038 in
804 979 1298 1055 quadragesimali
1340 984 1602 1052 tempore
1633 978 1938 1036 convenire
1968 996 2140 1053 posse

484 1072 823 1131 nullatenus
844 1069 1218 1126 arbitramur.
1234 1070 1452 1125 Iterum
1475 1068 1617 1141 quid
1640 1068 1776 1125 hinc
1796 1069 1944 1125 sacri
1970 1086 2139 1150 cano-

484 1179 588 1219 nes
609 1162 805 1218 dicant
834 1159 1106 1233 episcopo
1136 1162 1329 1215 vestro
1362 1158 1605 1214 docente
1635 1157 1851 1214 scietis.

549 1250 739 1308 XLIX.
786 1249 1069 1305 Praeterea
1116 1246 1524 1314 sciscitamini,
1576 1246 1626 1302 si
1676 1245 1812 1302 licet
1866 1246 2136 1303 exhibere

2249 892 2444 944 autem
2475 888 2785 961 ﬂagitium,
2815 889 2972 960 quod
3004 887 3253 945 Lamech
3282 889 3526 945 omnium
3553 890 3740 962 primus
3761 892 3802 949 in

2247 978 2480 1034 duabus
2503 978 2789 1034 uxoribus
2813 976 3165 1051 perpetravit
3183 977 3330 1049 (Gen.
3360 981 3452 1046 IV),
3482 978 3682 1035 nonnisi
3703 997 3802 1037 san-

2246 1066 2424 1140 guine
2445 1065 2661 1123 Christi
2683 1065 2968 1123 abolitum
2991 1065 3294 1133 exstiterit,
3307 1065 3402 1138 qui
3430 1065 3651 1139 septima
3672 1071 3718 1124 et
3738 1085 3801 1126 ss-

2244 1160 2348 1229 ptu
2356 1155 2618 1229 agesima
2629 1155 3003 1229 generatione
3014 1155 3336 1213 secundum
3350 1154 3802 1228 Evangeliumluxe-

2244 1245 2321 1302 rit
2348 1245 2409 1300 in
2442 1245 2755 1302 mundum.
3296 1264 3299 1265 ν

477 1340 646 1398 vobis
672 1337 1170 1413 quemadmodum
1195 1335 1358 1409 prius
1377 1335 1439 1391 in
1463 1337 1658 1393 dotem
1679 1336 2031 1410 conjugibus
2050 1351 2139 1392 ve-
2316 1333 2432 1390 LII.
2458 1334 2519 1393 Si
2536 1350 2707 1392 nosse
2728 1332 3073 1391 desideratis
3088 1333 3229 1406 quid
3251 1331 3320 1388 de
3334 1330 3423 1388 his
3441 1332 3536 1405 qui
3550 1332 3801 1405 quemlibet

477 1430 616 1488 stris
639 1425 1967 1499 aurum,argentum,boves,equos,etc.,quod
1998 1425 2138 1497 quia
2242 1422 2637 1480 eunuchizant
2654 1423 3045 1495 judicandum
3078 1421 3175 1489 sit,
3208 1420 3446 1495 paginas
3472 1420 3648 1495 legum
3669 1422 3802 1480 revol-

476 1518 709 1576 nullum
741 1520 1046 1591 peccatum
1079 1518 1168 1570 est
1193 1516 1250 1569 et
1278 1513 1436 1586 leges
1466 1513 1575 1570 hoc
1599 1513 1925 1582 connivent,
1950 1518 2007 1570 et
2027 1531 2135 1573 nos
2239 1511 2374 1569 vite.

475 1614 542 1665 ut
562 1609 664 1663 ﬁat
684 1605 927 1662 minime
948 1603 1360 1677 prohibemus;
1383 1607 1438 1659 et
1454 1620 1569 1659 non
1587 1601 1777 1659 solum
1796 1601 2132 1674 hoc,verum
2314 1600 2460 1658 LIII.
2484 1599 2800 1661 Consulitis
2822 1599 2872 1658 si
2894 1599 3031 1657 licet
3060 1616 3236 1674 super
3266 1615 3538 1667 mensam,
3557 1598 3610 1655 in
3628 1616 3797 1672 quass-

474 1696 649 1754 etiam
669 1693 954 1767 quidquid
982 1698 1113 1747 ante
1130 1692 1489 1764 baptismum
1509 1691 1803 1765 egistis,et
1821 1708 1977 1748 nunc
1994 1708 2134 1764 quo-
2240 1690 2465 1759 cerdos,
2497 1695 2600 1746 aut
2626 1689 2912 1746 diaconus
2939 1689 3121 1757 deest,
3148 1687 3420 1744 vexillum
3449 1692 3640 1745 sancta
3663 1688 3801 1745 crucis

474 1802 588 1858 quc
615 1782 781 1841 vobis
812 1799 982 1856 agere
1013 1782 1269 1855 profecto
1318 1781 1658 1837 conceditur
1683 1780 1761 1854 (S.
1797 1780 1951 1851 Greg.
1981 1782 2123 1837 hom.
2155 1821 2202 1887 Β
2238 1778 2574 1851 imprimere
2601 1782 2659 1835 et
2708 1778 3010 1835 comedere
3043 1794 3057 1833 :
3090 1778 3244 1851 quod
3291 1776 3485 1851 procul
3512 1776 3671 1887 dubio
3687 1776 3799 1847 licet,

468 1876 541 1931 24
573 1875 633 1930 in
661 1873 899 1945 evang.).
933 1872 1081 1927 Nam
1113 1870 1464 1943 piscatorem
1497 1870 1754 1941 Petrum,
1780 1869 2119 1926 Matthaeum
2155 1863 2202 1887 υ
2231 1885 2368 1924 nam
2399 1868 2675 1924 omnibus
2705 1868 2909 1923 datum
2932 1871 3040 1935 est,
3064 1871 3131 1922 ut
3148 1870 3209 1923 et
3228 1866 3427 1922 omnia
3447 1868 3627 1922 nostra
3647 1863 3732 1922 hoc
3749 1866 3799 1921 si-

467 1980 601 2020 vero
623 1961 977 2019 telonarium
998 1959 1308 2027 scimus,et
1337 1962 1472 2031 post
1491 1958 1925 2015 conversionem
1949 1974 2117 2015 suam
2225 1973 2339 2029 gno
2359 1957 2678 2013 debeamus
2699 1956 2774 2012 ab
2795 1955 3027 2013 insidiis
3059 1955 3294 2011 munire
3318 1953 3542 2022 diaboli,
3565 1957 3615 2010 et
3631 1954 3689 2010 ab
3705 1955 3797 2025 ejus

469 2052 673 2109 Petrus
696 2052 768 2107 ad
802 2049 1187 2123 piscationem
1219 2048 1411 2117 rediit,
1432 2047 1743 2104 Matthaeus
1762 2065 1894 2104 vero
1928 2048 1999 2103 ad
2031 2052 2116 2103 te-
2224 2047 2500 2102 omnibus
2521 2044 3069 2119 impugnationibus
3099 2044 3159 2099 in
3179 2043 3394 2100 Christi
3419 2043 3631 2099 nomine
3648 2043 3797 2098 trium-

466 2140 606 2197 Ionii
634 2139 932 2214 negotium
966 2155 1081 2194 non
1111 2137 1343 2204 resedit,
1361 2136 1500 2210 quia
1520 2140 1576 2192 et
1605 2136 1763 2193 aliud
1788 2141 1878 2193 est
1895 2137 2113 2192 victum
2223 2133 2403 2206 phare
2428 2151 2441 2191 :
2467 2139 2735 2207 superest
2763 2139 3016 2203 tantum,
3042 2138 3107 2188 ut
3136 2149 3275 2189 cum
3303 2131 3485 2206 potior
3511 2132 3671 2198 adest,
3688 2131 3795 2187 infe-

462 2246 569 2303 per
596 2229 980 2302 piscationem
1011 2243 1290 2298 quaerere,
1315 2226 1475 2281 aliud
1504 2226 1704 2281 telonii
1734 2225 1914 2281 lucris
1946 2242 2116 2298 pecu-
2220 2222 2340 2279 rior
2371 2224 2481 2279 hoc
2512 2224 2622 2280 sibi
2657 2224 2769 2280 nisi
2792 2224 3004 2296 jussus
3026 2240 3140 2278 non
3162 2223 3375 2278 audeat
3399 2236 3645 2295 arrogare
3664 2237 3676 2276 :
3695 2237 3795 2295 quo-

463 2320 595 2376 nias
624 2335 858 2391 augere.
883 2317 1032 2372 Sunt
1063 2316 1219 2371 enim
1251 2314 1527 2387 pleraque
1552 2315 1803 2387 negotia,
1830 2333 1957 2388 qum
1987 2313 2113 2370 sine
2222 2312 2401 2381 niam,
2429 2317 2552 2370 Non
2579 2322 2658 2369 est
2685 2313 2985 2385 discipulus
3014 2329 3178 2384 super
3220 2314 3536 2384 magistrum
3555 2312 3791 2383 (Mallius),

460 2412 697 2481 peccato
727 2404 984 2461 exhiberi
1007 2408 1107 2459 aut
1129 2404 1239 2472 vix,
1265 2409 1367 2458 aut
1396 2402 1732 2459 nullatenus
1754 2407 2020 2476 possunt,
2039 2404 2108 2458 ad

460 2495 562 2551 illa
590 2512 726 2568 ergo
758 2498 1013 2557 tantum,
1038 2509 1166 2564 qua:
1206 2493 1611 2565 ad.peccatum
1661 2491 1985 2564 implicant,
2009 2507 2109 2548 ne-

345 2595 367 2610 ’
461 2601 621 2642 cesse
638 2589 727 2640 est
747 2586 811 2638 ut
830 2585 962 2654 post
977 2581 1411 2637 conversionem
1432 2581 1664 2637 animus
1687 2598 1800 2636 non
1820 2584 2105 2637 recurrat:

459 2673 615 2747 quod
644 2686 780 2727 vero
813 2670 1060 2744 quisque
1092 2674 1225 2725 ante
1257 2670 1695 2726 conversionem
1727 2670 1853 2725 sine
1875 2674 2108 2743 peccato

456 2758 732 2826 exercuit,
756 2759 864 2815 hoc
895 2775 1031 2814 eum
1062 2761 1195 2831 post
1222 2758 1662 2814 conversionem
1698 2762 1954 2830 repetere
1991 2775 2106 2814 non

426 2855 430 2859 ’
455 2854 546 2907 est
575 2847 768 2921 culpa.

527 2939 589 2994 L.
604 2937 751 3002 Quid
774 2938 846 2993 de
867 2937 1060 3010 eo,qui
1085 2936 1156 2992 de
1177 2934 1669 3009 quadragesimali
1685 2939 1945 3008 tempore
1969 2953 2103 2991 cum

451 3045 626 3085 uxore
650 3044 759 3083 sua
783 3026 1098 3093 coierit,sit
1118 3025 1531 3097 judicandum,
1550 3025 1805 3098 episcopi
1828 3025 2023 3091 vestri,
2049 3029 2106 3081 et

451 3115 769 3173 sacerdotis
799 3114 897 3188 qui
930 3115 1002 3170 ab
1033 3131 1099 3171 eo
1130 3114 1542 3181 constituetur,
1566 3113 1806 3169 arbitrio
1839 3113 2101 3170 conside-

2218 2405 2273 2456 et
2290 2401 2501 2458 iterum
2526 2402 2789 2475 praecipit
2806 2399 3122 2475 Apostolus
3143 2401 3379 2456 dicens:
3400 2404 3601 2455 Honore
3618 2400 3793 2455 invicem

2213 2493 2609 2562 praeveniente:
2641 2485 2812 2563 (Rom.
2843 2496 2967 2558 χιι).

2291 2579 2428 2636 LIV.
2452 2580 2655 2637 Dicitis
2691 2581 2846 2652 quod
2868 2579 3050 2636 Graeci
3085 2580 3381 2636 fateantur
3399 2578 3543 2652 quod
3572 2576 3622 2632 in
3650 2572 3792 2631 Eccle-

2216 2667 2305 2724 sia
2333 2668 2434 2743 qui
2465 2686 2583 2725 non
2614 2668 2948 2726 constrictis
2972 2669 3045 2724 ad
3075 2674 3283 2742 pectus
3315 2668 3575 2726 manibus
3601 2663 3792 2729 steterit,

2215 2757 2538 2814 maximum
2556 2758 2767 2816 habeat
2782 2762 3085 2831 peccatum
3100 2774 3114 2814 :
3131 2757 3242 2814 hoc
3260 2762 3327 2814 ut
3338 2758 3495 2814 ﬁeret
3507 2757 3792 2829 praeceptum

2120 2858 2129 2873 '
2214 2846 2397 2903 fuisse
2428 2864 2742 2920 nusquam,
2777 2847 2836 2902 ni
2868 2846 3149 2916 fallimur,
3173 2845 3490 2913 invenitur,
3513 2861 3572 2901 ac
3599 2859 3684 2916 per
3698 2841 3794 2909 hoc,

2212 2935 2325 2990 nisi
2348 2935 2466 3002 fiat,
2485 2940 2790 3008 peccatum
2808 2953 2923 2992 non
2942 2939 3056 2992 est:
3072 2952 3211 2991 nam
3229 2935 3467 3008 quidem
3489 2932 3681 2989 faciunt
3698 2928 3792 2993 hoc,

2210 3024 2453 3095 quidam
2475 3024 2641 3095 illud,
2661 3042 2817 3081 nunc
2843 3024 2942 3081 isti
2968 3024 3078 3080 hoc
3099 3040 3291 3098 genus
3313 3021 3659 3086 humilitatis,
3679 3031 3795 3074 nunc

2211 3112 2353 3169 illud
2372 3118 2667 3171 ostentant
2686 3131 2699 3169 :
2722 3114 2832 3170 nisi
2853 3114 2996 3170 forte
3014 3114 3114 3186 qui
3146 3113 3522 3187 pertinaciter
3537 3111 3726 3167 recuset
3738 3105 3795 3160 fa-

450 3206 723 3270 randum,
742 3221 807 3259 ac
829 3203 1239 3275 difﬁniendum
1263 3202 1814 3274 committimus,qui
1843 3202 2098 3275 singulo-
2127 3188 2170 3256 C
2208 3218 2355 3270 cere,
2381 3203 2537 3275 quod
2559 3220 2762 3259 omnes
2785 3202 2994 3259 viderit
3021 3202 3325 3259 facientes.
3342 3202 3551 3258 Verum
3572 3204 3619 3255 et
3636 3198 3738 3262 hoc,
3753 3197 3794 3248 et

449 3310 580 3349 rum
614 3309 806 3349 mores
837 3307 1151 3366 agnoscere
1183 3296 1490 3363 poterunt;
1536 3296 1592 3347 et
1634 3292 2103 3364 uniuscujusque

442 3388 707 3439 vestrum
731 3398 943 3438 causas
965 3379 1193 3436 libratis
1214 3380 1501 3453 personis,
1518 3398 1583 3436 ac
1599 3380 1964 3453 temporibus
1986 3381 2102 3437 dis-

448 3488 703 3539 cernere,
729 3488 833 3527 seu
870 3469 1162 3526 moderari
1198 3469 1511 3526 debebunt.
1537 3470 1710 3525 Porro
1742 3485 1875 3524 cum
1908 3486 1976 3526 ea
2003 3487 2097 3526 eo-

445 3559 579 3616 dem
608 3564 869 3632 tempore
899 3558 1026 3615 sine
1066 3556 1264 3630 aliqua
1309 3558 1803 3613 contaminatione
1843 3559 2098 3615 dormire

443 3649 684 3705 omnino
707 3647 924 3713 liceret,
940 3648 989 3702 si
1006 3646 1245 3720 ignis,et
1262 3645 1427 3718 palea
1444 3646 1571 3702 sine
1586 3645 1822 3703 lassione
1839 3663 2098 3703 commu-

441 3735 677 3792 nionem
701 3735 961 3808 aliquam
982 3734 1349 3800 habuissent,
1363 3733 1453 3789 vel
1476 3735 1524 3790 si
1548 3733 1848 3790 diabolica:
1870 3734 2095 3791 fraudis

441 3824 672 3880 astutias
702 3823 1070 3879 nescirentur
1092 3839 1227 3878 nam
1256 3823 1355 3878 ubi
1378 3822 1677 3878 masculus
1709 3840 1843 3879 cum
1877 3823 2095 3881 femina

440 3911 659 3985 pariter
675 3910 1355 3978 conversantur,difﬁcile
1372 3914 1461 3967 est
1482 3910 1727 3967 insidias
1744 3910 1929 3968 hostis
1946 3912 2094 3969 anti-

440 4001 541 4074 qui
575 4001 941 4073 deesse,quae
974 4000 1256 4055 nimirum
1280 4016 1394 4055 non
1423 4000 1675 4069 defuere,
1699 4001 1798 4056 ubi
1829 4001 2092 4059 solitaria

436 4089 634 4146 fratris
665 4093 722 4147 et
752 4090 993 4161 sororis,
1023 4088 1305 4145 Amnonis
1348 4088 1569 4146 scilicet
1597 4093 1654 4145 et
1683 4088 1957 4159 Thamar,
1992 4107 2087 4147 ex-

436 4178 589 4236 stitit
616 4178 966 4252 parvissimo
1009 4178 1199 4252 spatio
1230 4179 1611 4235 commoratio
1634 4178 1681 4252 (I
1706 4180 1834 4249 Reg.
1868 4179 2013 4252 xm).

507 4267 599 4324 LI.
625 4268 685 4323 Si
718 4266 890 4323 liceat
913 4284 1030 4324 uno
1060 4270 1321 4339 tempore
1346 4266 1561 4324 habere
1582 4267 1730 4323 duas
1761 4284 1969 4324 uxores
1989 4285 2083 4325 ex-

434 4356 691 4430 quiritis,
710 4357 866 4429 quod
900 4356 950 4412 si
980 4372 1095 4412 non
1124 4354 1281 4422 licet,
1300 4355 1449 4411 scire
1474 4355 1709 4428 cupitis,
1729 4357 1885 4429 apud
1908 4374 2083 4430 quem

431 4445 735 4502 inventum
770 4444 1120 4517 fuerit,quid
1151 4445 1358 4500 exinde
1388 4445 1577 4501 facere
1609 4445 1890 4502 debeatis.
1924 4447 2081 4504 Duas

2212 3291 2403 3347 multa
2429 3292 2487 3348 in
2512 3292 2756 3350 diversis
2779 3292 2920 3355 locis
2942 3291 3059 3349 alia
3078 3291 3436 3349 humilitatis
3455 3288 3646 3345 indicio
3663 3286 3790 3347 ﬁunt,

2209 3384 2265 3436 et
2295 3380 2426 3448 hoc,
2450 3399 2585 3439 cum
2607 3382 2703 3452 sit,
2728 3382 2961 3438 nonnisi
2993 3380 3351 3437 humilitatis
3373 3377 3552 3454 gratia
3572 3377 3644 3443 fit,
3662 3379 3709 3430 et
3729 3388 3793 3428 re-

2206 3486 2341 3526 vera
2362 3471 2645 3545 scriptum
2676 3474 2766 3528 est
2788 3488 2801 3527 :
2828 3469 3012 3527 Oratio
3041 3471 3464 3527 humiliantium
3487 3483 3540 3524 se
3563 3467 3706 3521 nube:
3724 3474 3794 3532 pt-

2205 3563 2448 3620 netrabit
2476 3561 2666 3634 (Eccle.
2701 3563 2892 3629 xxxv),
2924 3560 3168 3633 proinde
3215 3559 3343 3615 sive
3391 3557 3517 3624 hoc,
3547 3553 3651 3613 sive
3674 3546 3795 3607 aliud

2205 3652 2348 3726 quid
2370 3649 2724 3707 humilitatis
2744 3649 3070 3722 excogitare
3091 3654 3287 3721 potest
3308 3649 3501 3716 homo,
3522 3660 3626 3702 non
3646 3644 3719 3697 est
3736 3652 3797 3693 re-

2205 3740 2679 3814 prehendendus,
2712 3738 2853 3812 quia
2890 3738 3215 3795 secundum
3244 3734 3633 3811 Evangelium,
3659 3728 3736 3803 qui
3755 3740 3797 3783 se

2202 3830 2467 3886 humiliat
2505 3829 2849 3886 exaltabitur
2877 3828 3028 3897 (Luc.
3051 3832 3233 3896 xvm).
3258 3826 3324 3883 Si
3372 3825 3525 3883 enim
3554 3821 3669 3896 quis
3694 3819 3795 3873 ante

2200 3918 2530 3991 principem
2552 3916 2860 3973 mortalem
2876 3916 3116 3973 veniens
3133 3932 3268 3971 cum
3288 3914 3448 3971 omni
3469 3905 3793 3969 reverentiaet

2200 4008 2412 4063 timore
2442 4010 2577 4074 stat,
2601 4004 2882 4078 loquitur,
2905 4012 2963 4061 et
2991 4004 3230 4073 incedit,
3255 4008 3475 4078 quanto
3503 4002 3676 4074 potius
3692 4008 3792 4051 eum

2200 4095 2300 4168 qui
2328 4100 2462 4152 ante
2490 4095 2690 4163 Deum,
2711 4093 2811 4167 qui
2845 4097 2934 4151 est
2966 4098 3241 4162 aeternus,
3263 4091 3559 4158 terribilis,
3578 4092 3630 4144 et
3650 4080 3791 4141 excel-

2200 4202 2324 4255 sus,
2345 4183 2674 4253 accesserit,
2689 4200 2822 4238 cum
2847 4182 3004 4238 omni
3027 4198 3240 4255 pavore
3261 4199 3330 4238 ac
3351 4186 3593 4237 tr’emore
3610 4192 3706 4233 non
3725 4187 3795 4227 Io-

2195 4271 2319 4329 lum
2340 4277 2494 4329 stare
2513 4272 2804 4338 convenit,
2818 4272 2919 4329 sed
2942 4277 2998 4328 et
3019 4270 3189 4345 quasi
3210 4288 3448 4327 servum
3469 4265 3792 4338 semetipsum

2194 4361 2255 4418 in
2278 4366 2590 4434 conspectu
2614 4361 2745 4434 ejus
2765 4358 3070 4416 humiliter
3093 4363 3467 4433 praesentare,
3481 4371 3536 4414 et
3553 4353 3675 4428 quia
3690 4364 3795 4423 quo-

2195 4451 2468 4507 rumdam
2492 4449 2550 4505 in
2577 4449 2882 4523 Evangelio
2908 4449 3292 4522 reproborum
3332 4446 3502 4521 ligari
3543 4437 3794 4523 manus,et

428 4538 693 4624 tempore
723 4550 838 4590 uno
862 4532 1080 4624 habere
1105 4533 1605 4624 uxores,n~ecipsa
1625 4534 1785 4606 origo
1807 4534 2079 4624 humanas
2114 4556 2162 4624 ι)
2193 4540 2370 4613 pedes
2429 4522 2850 4612 praecipiuntur
2879 4537 3093 4611 (Matth.
3132 4537 3298 4609 xxii),
3332 4536 3474 4610 quid
3530 4522 3795 4624 aliu_d__isli

431 4623 785 4679 conditionis
807 4621 1081 4689 admittit,
1107 4636 1212 4678 nec
1229 4621 1322 4677 lex
1340 4621 1801 4678 Christianorum
1824 4623 1945 4680 ulla
1963 4642 2086 4698 per-

428 4711 629 4768 mittit.
653 4711 798 4767 Nam
822 4711 997 4777 Deus,
1017 4711 1118 4783 qui
1149 4711 1286 4767 fecit
1312 4710 1634 4779 hominem,
1661 4712 1733 4767 ab
1766 4711 1935 4769 initio
1966 4731 2088 4770 ma-

432 4799 663 4856 sculum
686 4817 871 4857 unum
903 4800 1040 4855 fecit
1068 4804 1125 4855 et
1154 4816 1334 4855 unam
1365 4800 1646 4855 feminam
1676 4803 1906 4856 tantum
1925 4802 2079 4872 (Gen.

428 4889 603 4957 ι),ουὶ
636 4888 823 4961 potuit
855 4888 1057 4962 utique
1087 4889 1138 4944 si
1166 4888 1339 4945 vellet
1378 4889 1525 4945 duas
1565 4906 1773 4945 uxores
1804 4890 2078 4958 tribuere,

428 4977 531 5034 sed
563 4976 780 5048 noluit;
816 4978 1101 5051 scriptum
1134 4978 1352 5051 quippe
1382 4983 1472 5034 est
1495 4995 1509 5034 :
1532 4980 1758 5051 Propter
1787 4978 1885 5036 hoc
1906 4981 2074 5036 retin.

424 5075 550 5141 quet
579 5067 735 5125 homo
761 5076 973 5140 patrem
1001 5076 1053 5124 et
1078 5076 1329 5132 matrem,
1360 5074 1411 5124 et
1438 5067 1733 5125 adhaerebit
1768 5071 1937 5125 uxori
1962 5085 2082 5127 suae

425 5155 577 5229 (Gen.
604 5156 687 5229 ιι),
712 5173 829 5213 non
861 5155 1023 5221 dixit,
1048 5157 1358 5225 uxoribus;
1391 5161 1447 5212 et
1478 5156 1692 5213 iterum
1725 5172 1738 5212 :
1770 5157 1947 5214 Erunt
1972 5157 2077 5215 duo

421 5247 483 5302 in
511 5261 680 5303 carne
717 5262 835 5301 una
865 5244 1067 5317 (ibid.),
1091 5244 1394 5301 masculus
1431 5244 1654 5302 scilicet
1682 5234 1741 5302 et
1770 5246 1989 5303 femina
2014 5246 2076 5303 in

421 5349 597 5391 carne
617 5351 757 5400 una,
776 5339 833 5390 et
854 5350 970 5389 non
993 5336 1114 5389 tres
1137 5338 1239 5389 aut
1258 5333 1477 5405 plures.
1499 5334 1702 5407 Itaque
1721 5336 1879 5408 apud
1902 5352 2076 5408 quem

419 5438 538 5478 uno
559 5425 821 5496 tempgre
836 5422 964 5477 duae
986 5438 1196 5478 uxores
1215 5421 1611 5492 inveniuntur,
1634 5423 1872 5480 interim
1894 5425 2077 5498 priorI

315 5548 321 5553 ρ
418 5513 647 5570 retenta
674 5510 1059 5587 posteriorem
1103 5516 1348 5586 cogatur
1391 5512 1698 5570 amittere:
1730 5511 1973 5587 insuper
2018 5518 2077 5572 et

418 5584 824 5677 pauitantiam
847 5584 1025 5680 quam
1055 5599 1167 5661 looi
1182 5584 1466 5662 sacerdos
1495 5601 1824 5678 praeviderit
1845 5584 2074 5680 [prace-

2195 4633 2376 4702 agunt
2392 4627 2493 4700 qui
2510 4645 2722 4683 manus
2738 4644 2878 4683 suas
2894 4642 3089 4682 coram
3109 4625 3360 4682 Domino
3378 4624 3578 4698 ligant,
3594 4618 3691 4675 nisi
3706 4615 3795 4702 D69

2196 4699 2630 4791 quodammodo
2651 4716 2872 4785 dicunt,
2892 4714 3156 4782 Domine,
3172 4731 3245 4771 ne
3262 4730 3479 4770 manus
3496 4727 3645 4769 meas
3660 4699 3796 4778 ligari

2194 4805 2588 4880 praecipias,ut
2609 4805 2812 4861 mittar
2835 4805 2894 4860 in
2918 4805 3188 4861 tenebras
3211 4794 3792 4880 exterioreszquoniani

2184 4875 2310 4966 jam
2343 4875 2448 4968 ego
2479 4911 2579 4950 eas
2611 4892 2804 4967 ligavi,
2828 4898 2884 4950 et
2908 4910 3037 4949 ecce
3059 4893 3132 4948 ad
3154 4891 3390 4967 ﬂagella
3418 4893 3643 4964 paratus
3660 4875 3794 4941 sum?

2190 4982 2334 5038 Hinc
2366 4983 2541 5039 etiam
2584 4988 2789 5056 pectus
2828 4982 3191 5055 percutimus
3222 4982 3528 5054 signantes
3553 4971 3791 5033 videlich

2192 5072 2346 5144 quod
2371 5073 2642 5144 nequiter
2670 5071 2919 5145 egimus,
2943 5069 3250 5144 displicere
3284 5070 3477 5135 nobis,
3501 5084 3565 5125 ac
3583 5064 3697 5120 ideo
3713 5072 3791 5114 an-

2184 5162 2423 5234 tequam
2454 5160 2608 5218 Deus
2639 5159 2827 5229 feriat,
2852 5159 2911 5216 id
2951 5176 3060 5217 nos
3092 5160 3152 5215 in
3183 5159 3354 5215 nobis
3386 5156 3532 5231 ipsis
3559 5152 3726 5211 ferire.
3750 5148 3793 5234 et

2184 5231 2501 5323 antequam
2530 5248 2674 5305 ultio
2715 5253 2973 5305 extrema
3015 5247 3625 5317 veniat,commissum
3642 5231 3789 5314 pmi'

2184 5339 2370 5395 tentia
2399 5339 2579 5411 digna
2609 5337 2837 5410 punire.
3720 5412 3733 5421 _
3756 5408 3767 5421 θ

2256 5427 2368 5483 LV.
2399 5422 2431 5484 J
2440 5442 2534 5483 am
2563 5443 2698 5483 vero
2740 5427 2897 5500 quod
2938 5425 3221 5494 asseritis,
3245 5425 3477 5483 Graoos
3506 5438 3605 5478 vos
3629 5412 3789 5493 prohi-

2182 5516 2318 5576 bere
2338 5514 2812 5573 communionem
2843 5516 3141 5591 suscipere
3168 5517 3295 5573 sine
3322 5511 3596 5587 cingulis,
3609 5504 3790 5583 quibus

2181 5599 2359 5668 sacrae
2380 5604 2693 5684 Scriptores
2715 5603 3071 5667 testimoniis
3092 5605 3202 5665 hoc
3220 5599 3529 5679 prohibere
3539 5598 3665 5676 jure
3681 5604 3791 5672 Ρω-
