3994 6150
140 307 288 374 1001

1351 303 1755 368 ΕΡΙΒΤΟῙΛΕ
1795 302 1897 368 ET
1939 301 2328 368 DECRETA.

3382 308 3537 370 1002

139 444 371 511 bentur,
405 459 512 500 nos
545 443 778 516 penitus
822 441 1183 514 ignoramus,
1219 440 1332 498 nisi
1367 440 1511 496 forte
1542 439 1640 495 illo
1664 455 1780 514 quo
1810 442 1864 510 Α
1889 448 1985 510 put
2010 447 2173 511 caput
2201 455 2364 495 suum
2385 459 2404 502 ε
2427 454 2602 494 unum
2629 445 2710 494 est
2738 440 2886 496 enim
2905 455 2970 496 ac
2996 441 3047 495 si
3073 439 3538 506 decalcetur,nam

135 529 422 585 Dominus
444 527 706 602 praecipit
724 528 924 584 dicens
947 543 960 582 :
987 527 1108 582 Sint
1126 528 1300 582 lumbi
1321 528 1484 583 vestri
1499 527 1785 598 prwcincti

135 621 287 689 (Luc.
304 619 461 684 χχιι).
481 621 698 673 Verum
722 617 829 672 hoc
852 615 1040 672 sancti
1065 613 1357 688 Evangelii
1380 614 1783 672 testimonium

137 725 250 764 non
276 723 379 780 per
395 705 672 771 litteram,
697 705 797 762 sed
833 722 932 778 per
965 704 1238 778 spiritum
1269 708 1497 778 oportet
1528 693 1780 777 impleri.

135 796 282 853 Nam
307 795 355 851 si
381 795 452 852 ad
475 794 586 850 hoc
609 794 764 850 istud
797 798 1149 866 praeceptum
1176 796 1264 848 est
1285 797 1348 848 ut
1371 792 1560 848 taliter
1591 808 1784 848 serva-

135 892 427 951 retur,cur
444 901 559 939 non
577 883 725 939 ﬁunt
741 882 960 956 pariter
976 898 1100 955 quae
1115 881 1785 952 sequuntur,utlucern£e

132 974 428 1030 ardentes?
447 970 811 1045 (Exod.xvm)
835 975 889 1026 et
911 971 1064 1027 sicut
1094 985 1311 1042 agnum
1343 969 1784 1026 comedentibus

126 1064 393 1136 jubetur,
429 1067 494 1118 ut
534 1059 808 1116 baculum
843 1059 900 1114 in
934 1058 1206 1115 manibus
1255 1058 1538 1114 teneant?
1568 1057 1785 1116 habent

132 1171 310 1209 suum
361 1152 474 1206 ista
521 1148 887 1222 mysterium,
923 1152 978 1204 et
1023 1147 1488 1220 intelligentibus
1517 1147 1599 1204 ita
1627 1145 1785 1203 clara

131 1247 296 1308 sunt,
320 1246 476 1296 utea
497 1238 706 1310 magis,
739 1255 854 1311 qua
883 1237 1065 1304 decet,
1101 1236 1528 1309 significatione
1558 1252 1785 1291 serven-

130 1335 249 1386 tur.
277 1329 423 1384 Nam
445 1327 504 1382 in
528 1325 866 1381 lumborum
898 1323 1304 1397 prmcinctione
1325 1324 1586 1390 castitas,
1604 1323 1663 1379 in
1686 1324 1783 1382 ba-

130 1419 266 1477 culo
288 1417 545 1490 regimen
562 1412 870 1490 pastorale,
892 1415 948 1470 in
971 1413 1225 1469 lucernis
1248 1413 1586 1470 ardentibus
1608 1414 1782 1468 bono-

129 1526 264 1566 rum
293 1505 566 1579 splendor
589 1521 852 1576 operum,
876 1505 947 1558 de
971 1504 1187 1576 quibus
1219 1503 1465 1558 dicitur:
1501 1503 1592 1558 Sic
1620 1519 1782 1574 opera

128 1608 311 1655 vestra
341 1596 560 1650 luceant
581 1591 788 1665 (Matth.
809 1595 886 1660 v),
908 1591 1222 1648 indicatur.
1258 1591 1452 1647 Rudes
1477 1606 1612 1664 ergo
1638 1591 1779 1646 fide-

127 1688 273 1743 lium
299 1688 547 1749 mentes,
564 1686 627 1736 ut
645 1687 883 1738 sanctus
901 1685 957 1736 et
977 1681 1244 1752 egregius
1267 1685 1667 1754 propugnator
1682 1680 1781 1736 Ec-

127 1775 320 1833 clesiae
353 1789 504 1847 papa
534 1770 880 1826 leestinus
920 1768 1128 1826 scribit
1160 1769 1336 1840 (epist.
1373 1771 1427 1837 1)
1458 1769 1628 1841 cujus
1658 1767 1781 1824 haec

127 1862 476 1926 summatim
501 1860 675 1916 verba
698 1859 949 1920 mutuati
973 1875 1201 1924 sumus,
1227 1858 1298 1914 ad
1319 1857 1459 1914 talia
1480 1874 1595 1912 non
1617 1856 1784 1913 debe-

127 1970 267 2012 mus
301 1947 856 2015 inducere,doccndi
877 1946 1033 2003 enim
1067 1951 1206 2002 sunt
1232 1947 1424 2018 potius
1457 1962 1634 2019 quam
1652 1944 1781 2000 illu-

128 2041 331 2109 dendi,
369 2056 472 2096 nec
503 2036 857 2110 imponenda
887 2052 1090 2092 eorum
1124 2034 1326 2102 oculis,
1347 2035 1450 2092 sed
1482 2033 1778 2091 mentibus

125 2127 500 2196 infundenda
530 2130 814 2199 praecepta
847 2129 1008 2181 sunt.

202 2218 348 2280 LVI.
373 2217 556 2274 Nosse
577 2232 678 2272 vos
702 2212 845 2272 velle
869 2213 1289 2276 asseveratis,si
1313 2212 1485 2269 liccat
1506 2210 1782 2268 omnibus

120 2307 343 2367 vestris
367 2303 656 2380 precipue
689 2306 946 2374 tempore
977 2300 1278 2370 siccitatis,
1297 2301 1369 2356 ad
1401 2299 1658 2374 pluviam
1680 2316 1781 2372 po-

122 2396 474 2458 stulandum
490 2392 787 2466 jejunium
819 2396 879 2447 et
907 2390 1227 2448 orationem
1249 2387 1638 2456 facere,vobis
1653 2388 1781 2461 qui-

120 2490 268 2546 dem
301 2486 412 2541 hoc
444 2499 612 2555 agere
642 2479 778 2536 licet
810 2497 822 2534 :
859 2479 1136 2552 quoniam
1176 2478 1471 2551 jejunium
1513 2483 1569 2534 et
1599 2477 1784 2535 oratio

122 2592 362 2648 magna:
388 2572 626 2627 virtutes
651 2572 825 2640 [forte,
846 2568 1100 2636 virtutis,
1118 2568 1491 2636 Hann.]sunt,
1506 2571 1564 2623 et
1583 2566 1655 2624 ad
1679 2566 1786 2621 has

113 2667 353 2740 jugiter
386 2660 678 2718 faciendas
709 2663 899 2714 vestra
920 2657 1174 2712 multum
1194 2656 1348 2712 valet
1369 2656 1651 2724 hortatio;
1684 2654 1787 2711 sed

120 2749 556 2828 congruentius
577 2754 664 2804 est
685 2747 732 2803 si
759 2747 880 2802 haec
903 2762 1003 2818 per
1023 2746 1428 2818 episcoporum
1452 2741 1786 2817 dispositio-

120 2860 270 2902 nem
295 2841 468 2897 fiant:
493 2838 602 2911 ipsi
626 2853 881 2907 namque
896 2836 1146 2906 suntqui
1161 2831 1789 2908 ligandi,solvendique

121 2933 493 3008 potestatem
526 2926 839 2998 accipiunt,
874 2924 945 2978 ad
981 2921 1191 2978 horum
1223 2938 1420 2978 vocem
1453 2920 1651 2993 populi
1688 2917 1788 2975 Dei

119 3028 330 3079 castra
355 3020 682 3080 moventur,
708 3018 764 3068 et
791 3012 1165 3085 requiescunt
1188 3029 1200 3067 :
1228 3011 1353 3067 sine
1377 3009 1468 3066 his
1502 3015 1787 3081 tanquam

116 3113 261 3172 sine
286 3107 478 3180 capite
505 3105 626 3160 fore
654 3101 954 3170 videmini,
980 3106 1035 3158 et
1057 3101 1222 3172 quasi
1257 3117 1392 3156 oves
1419 3103 1699 3165 errantes,
1733 3100 1790 3153 et

113 3217 246 3258 non
281 3179 568 3253 habentes
595 3197 888 3266 pastorem
920 3189 1208 3246 inceditis.
1241 3189 1544 3260 Siquidem
1574 3186 1634 3244 in
1657 3183 1785 3242 tali-
1815 3179 1858 3245 C

111 3291 241 3346 bus
268 3287 464 3360 prisco
491 3288 769 3354 tempore,
793 3279 948 3352 quod
973 3296 1129 3334 nunc
1151 3294 1383 3350 quoque
1404 3280 1608 3333 sancta
1629 3279 1788 3330 tenet

108 3374 415 3440 Ecclesia,
434 3370 806 3427 sacerdotum
830 3364 1508 3440 praecedebatinstitutio,
1523 3366 1580 3420 et
1592 3361 1783 3420 omnis

107 3465 373 3541 penitus
398 3459 777 3526 ordinatio,et
805 3463 944 3512 tunc
975 3454 1213 3527 reliqua
1243 3454 1432 3527 plebis
1461 3454 1783 3525 subseque-

105 3558 307 3612 batur
328 3565 628 3615 assensus,
655 3564 719 3602 ac
741 3563 842 3619 per
874 3545 982 3601 hoc
1014 3544 1214 3600 ordine
1246 3543 1439 3599 debito
1471 3542 1783 3608 custodito,

106 3651 174 3702 et
199 3639 605 3700 unanimitate
627 3640 872 3703 servata,
888 3635 1003 3690 Deo
1022 3633 1324 3706 largiente,
1339 3632 1454 3687 voti
1469 3631 1784 3704 prmstaba-

104 3740 220 3790 tur
253 3732 527 3788 effectus.

192 3820 378 3880 LVII.
409 3818 636 3874 Grecos
666 3818 858 3870 vetare
885 3810 1202 3886 perhibetis
1233 3809 1535 3867 eunuchos
1567 3807 1788 3866 anima-

99 3912 198 3971 lia
217 3913 427 3967 vestra
449 3910 724 3968 mactare,
749 3903 830 3957 ita
853 3907 917 3957 ut
941 3917 1074 3957 eum
1098 3899 1197 3972 qui
1231 3916 1298 3954 ex
1329 3897 1690 3954 animalibus
1713 3897 1785 3953 ab

101 4001 244 4058 illis
268 3995 486 4056 occisis
515 3991 853 4058 comederit,
886 4006 1057 4064 grave
1086 3987 1451 4044 commisisse
1483 3989 1785 4061 peccatum

99 4090 462 4149 atﬁrment.
493 4083 604 4141 Sed
635 4081 805 4136 nobis
833 4079 999 4136 valde
1047 4077 1333 4134 absonum
1369 4080 1478 4144 est,
1508 4079 1567 4130 et
1596 4074 1787 4131 adhuc

99 4177 413 4236 frivolum
444 4176 632 4240 sonat,
657 4170 811 4243 quod
845 4167 1077 4224 dicitur.
1113 4166 1286 4222 Porro
1317 4165 1455 4237 quia
1487 4162 1788 4220 ratiocina-

90 4268 356 4324 tionem
393 4262 507 4318 ista
536 4257 857 4315 dicentium
890 4273 1005 4312 non
1045 4253 1339 4321 audimus,
1374 4251 1517 4308 nihil
1551 4251 1786 4307 interim

92 4360 184 4416 de
209 4351 551 4414 assertione
573 4347 835 4421 ipsorum
869 4345 1131 4400 nondum
1164 4343 1331 4416 plene
1348 4341 1789 4416 cognitadeccr-

91 4462 267 4504 nere
302 4439 612 4498 dit‘ﬁnitive
641 4435 924 4492 valemus.
953 4431 1146 4489 Unum
1176 4437 1371 4488 tamen
1395 4429 1786 4502 scimus,quo-

85 4537 293 4593 niam
332 4528 386 4586 si
417 4525 671 4584 eunuchi
703 4528 990 4597 praecepta
1025 4518 1120 4577 Dei
1152 4519 1554 4588 custodierint,
1589 4519 1660 4575 ad
1694 4535 1787 4574 re-
1819 4545 1865 4610 Β

80 4637 317 4700 gnum
353 4616 585 4674 calcate
612 4612 1050 4688 percipiendum
1085 4608 1230 4665 nihil
1261 4610 1346 4665 eis
1372 4610 1577 4664 obesse
1608 4623 1788 4663 mem-

80 4697 382 4771 brorum
417 4703 626 4779 poterit
648 4700 1034 4770 detruncatio,
1051 4716 1185 4755 cum
1208 4697 1531 4754 secundum
1551 4699 1791 4769 Aposto-

77 4804 254 4860 lum
291 4797 354 4852 in
391 4792 820 4850 resurrectione
851 4807 1054 4846 omnes
1101 4803 1478 4844 occurramus
1507 4785 1566 4841 in
1597 4786 1788 4842 virum

73 4888 465 4967 perfectum
501 4883 722 4955 (Ephes.
761 4891 862 4948 iV),
893 4885 949 4935 et
980 4896 1082 4951 per
1111 4876 1453 4967 prophetam
1481 4875 1786 4967 Dominus,

73 4965 144 5040 —si
193 4979 352 5050 ejus
386 4973 662 5029 mandata
692 4968 1141 5030 observaverint,
1175 4965 1460 5023 eunuchis
1510 4965 1792 5022 nonnulla

69 5072 268 5128 laeta.
300 5061 613 5136 promittat
643 5059 915 5122 (lsa.Lv1).
941 5056 1242 5128 Siquidem
1275 5060 1330 5110 et
1359 5053 1454 5109 ille
1486 5055 1792 5112 eunuchus

67 5153 409 5223 Ethiops
440 5167 474 5205 a
501 5153 702 5205 sancto
753 5147 912 5202 Luca
959 5143 1313 5216 evangelista
1363 5159 1466 5214 pro
1493 5143 1706 5198 virtute
1737 5147 1796 5199 et

61 5241 484 5314 integritate
530 5237 619 5293 vir
677 5234 1002 5309 appellatur
1057 5233 1198 5287 dum
1257 5231 1397 5287 dicit
1431 5249 1442 5286 :
1476 5231 1540 5287 Et
1567 5248 1682 5288 ecce
1711 5234 1798 5287 vir

60 5333 392 5402 Ethiops
429 5327 712 5384 eunuchus
737 5333 928 5398 potens
961 5321 1224 5378 Candacis
1247 5321 1460 5390 reginae
1487 5322 1623 5392 (Act.
1656 5322 1794 5394 vm).

169 5417 415 5481 LVIII.
449 5416 658 5472 Utrum
689 5413 878 5470 velato
918 5429 990 5468 an
1025 5410 1244 5466 nudato
1275 5408 1462 5480 capite
1493 5409 1707 5465 mulier
1737 5410 1798 5464 in

59 5507 396 5577 ecclesia
426 5509 580 5562 stare
612 5503 839 5568 debeat,
887 5498 1200 5572 Apostolus
1243 5499 1411 5554 docet
1446 5499 1486 5569 (1
1519 5499 1637 5555 Cor.
1669 5502 1749 5569 x1)
1782 5516 1795 5555 :

52 5602 342 5672 Mulier
373 5611 560 5664 orans,
594 5603 691 5651 aut
713 5591 1042 5667 prophetam
1071 5607 1180 5647 non
1211 5587 1385 5646 velato
1405 5587 1598 5664 capite,
1622 5588 1802 5648 detur-

476 5724 747 5789 PATROL.
795 5718 994 5782 CXIX.

1810 1813 1857 1878 B

1891 529 1939 583 si
1985 545 2097 582 non
2147 528 2357 583 velatur
2400 528 2624 593 mulier,
2657 527 2982 594 tondeatur;
3011 530 3062 585 si
3099 545 3220 585 vero
3270 537 3423 602 turpe
3460 539 3538 586 est

1890 618 2118 674 mulieri
2145 616 2356 673 tonderi
2396 624 2494 673 aut
2534 616 2827 685 decalvari,
2862 618 2998 673 velet
3042 626 3206 690 caput
3250 635 3452 686 suum;
3483 623 3540 675 et

1891 704 2103 761 iterum
2138 721 2150 759 :
2185 706 2325 770 Ideo,
2360 705 2572 777 inquit,
2604 704 2756 761 debet
2802 705 3006 760 mulier
3046 706 3293 762 velamen
3344 707 3540 765 habere

1891 810 2055 866 super
2099 801 2260 865 caput
2301 802 2520 867 propter
2569 794 2810 863 angelos,
2843 793 2902 848 id
2937 798 3044 859 est,
3079 796 3446 865 sacerdotes;
3482 800 3540 852 et

1893 899 2100 937 rursus
2131 881 2210 938 ait
2242 898 2255 938 :
2293 883 2386 939 Vos
2413 884 2519 954 ipsi
2537 882 2802 954 judicate,
2824 882 2970 938 decet
2999 884 3286 939 mulierem
3308 901 3418 940 non
3449 902 3534 942 ve-

1893 970 2060 1026 latam
2115 987 2273 1026 orare
2319 973 2611 1028 Dominum
2633 972 2660 1026 ‘l
2690 987 2789 1026 nec
2845 973 2964 1044 ipsa
3017 979 3218 1028 natura
3249 972 3398 1029 docet
3421 990 3533 1044 vos,

1891 1058 2032 1130 quod
2053 1060 2140 1114 vir
2163 1059 2378 1131 quidem
2405 1061 2456 1114 si
2483 1076 2692 1115 comam
2719 1062 2949 1125 nutriat,
2983 1062 3289 1130 ignominia
3316 1070 3392 1116 est
3423 1063 3536 1118 illi:

1888 1148 2094 1203 mulier
2115 1165 2235 1204 vero
2255 1150 2306 1204 si
2325 1165 2533 1203 comam
2557 1151 2786 1214 nutriat,
2816 1149 2999 1218 gloria
3025 1157 3100 1206 est
3127 1149 3258 1206 illi?
3277 1153 3537 1222 quoniam

1889 1237 2085 1309 capilli
2111 1253 2210 1309 pro
2242 1238 2510 1294 velamine
2533 1239 2587 1294 ei
2613 1237 2733 1292 dati
2757 1246 2906 1293 sunt.

1963 1325 2100 1382 LIX.
2134 1327 2291 1390 Quod
2326 1327 2397 1381 de
2428 1325 2806 1384 femoralibus
2835 1327 3243 1394 sciscitamini,
3268 1345 3535 1400 superva-

1890 1431 2063 1468 cuum
2098 1431 2225 1472 esse
2251 1420 2559 1487 putamus;
2582 1431 2687 1470 nos
2713 1414 2870 1471 enim
2901 1432 3016 1471 non
3045 1416 3385 1474 exteriorem
3417 1416 3532 1473 cul-

1889 1507 2016 1557 tum
2035 1502 2284 1558 vestium
2306 1507 2654 1569 vestrarum,
2676 1505 2778 1560 sed
2800 1503 3093 1560 interioris
3114 1504 3370 1561 hominis
3402 1522 3530 1562 mo-

1889 1607 1978 1648 res
2013 1591 2072 1647 in
2103 1592 2266 1648 vobis
2301 1592 2514 1648 mutari
2547 1592 2972 1660 desideramus,
2989 1610 3094 1649 nec
3116 1593 3533 1666 quidinduatis

1889 1683 2097 1751 praeter
2125 1680 2446 1747 Christum,
2481 1688 2733 1752 quotquot
2763 1683 2912 1737 enim
2942 1683 3002 1737 in
3035 1683 3243 1738 Christo
3275 1685 3538 1755 δίιρεὶωεί

1887 1771 2033 1835 estis,
2066 1770 2342 1826 Christum
2391 1770 2651 1826 induistis
2684 1770 2828 1842 (Gal.
2863 1779 2944 1842 III)
2971 1797 2984 1839 ς
3015 1771 3116 1826 sed
3156 1773 3447 1846 quomodo
3477 1771 3536 1828 in

1891 1857 2022 1924 ﬁde,
2044 1874 2109 1916 ac
2131 1858 2298 1914 bonis
2315 1858 2588 1930 operibus
2609 1859 2924 1930 proficiatis
2941 1859 3538 1932 inquirimus.Verum

1890 1946 2030 2018 quia
2060 1946 2402 2020 simpliciter
2439 1948 2509 2002 de
2541 1947 2634 2004 his
2662 1947 3054 2020 interrogatis,
3085 1954 3350 2006 verentes
3376 1951 3540 2007 vide-

1889 2034 2114 2091 licetne
2134 2036 2297 2092 vobis
2315 2035 2372 2090 in
2397 2040 2702 2108 peccatum
2725 2036 3069 2108 imputetur,
3093 2037 3140 2094 si
3170 2042 3379 2111 praeter
3402 2038 3541 2096 alio-

1889 2141 2022 2180 rum
2045 2125 2528 2182 consuetudinem
2554 2125 2704 2198 quid
2738 2125 2943 2183 saltem
2976 2126 3035 2181 in
3070 2126 3334 2183 minimis
3363 2127 3537 2199 agitis

1891 2211 2377 2282 Christianorum,
2404 2231 2476 2270 ne
2495 2215 2634 2288 quid
2653 2214 2942 2272 desiderio
2972 2219 3162 2271 vestro
3192 2215 3537 2273 subtrahere

1890 2302 2214 2372 videamur,
2237 2303 2511 2370 dicimus,
2530 2303 2809 2375 quoniam
2843 2304 2900 2359 in
2934 2302 3100 2360 libris
3132 2304 3538 2376 nostrisjussa

1893 2396 2035 2447 sunt
2068 2392 2367 2448 femoralia
2396 2392 2542 2462 ﬁeri,
2565 2410 2681 2450 non
2705 2397 2769 2447 ut
2789 2393 2879 2447 his
2905 2391 3182 2450 mulieres
3210 2397 3540 2462 uterentur,

1892 2481 1994 2537 sed
2025 2481 2130 2535 viri
2166 2497 2179 2537 :
2214 2499 2370 2538 nunc
2420 2486 2641 2548 autem,
2676 2487 2740 2538 ut.
2769 2483 3267 2554 quemadmodum
3301 2500 3334 2538 a
3361 2483 3538 2539 veteri

1895 2569 1966 2623 ad
1991 2586 2202 2625 novum
2237 2570 2533 2627 transistis
2563 2571 2978 2641 hominem,ita
2997 2572 3068 2626 de
3091 2571 3267 2644 priori
3297 2589 3543 2628 consuc-

1895 2658 2097 2714 tudinc
2130 2660 2199 2714 ad
2237 2676 2458 2714 morem
2495 2666 2760 2716 nostrum
2786 2675 2888 2734 per
2917 2660 3116 2716 omnia
3140 2662 3449 2716 transeatis
3469 2661 3546 2717 fa-

1897 2747 2048 2814 cito;
2080 2746 2170 2801 sin
2202 2752 2419 2816 autem,
2455 2749 2611 2819 quod
2657 2748 2845 2820 placet
2888 2749 3059 2822 agite.
3094 2753 3240 2804 Nam
3272 2749 3398 2805 sive
3416 2766 3541 2817 vos,

1897 2837 2016 2892 sive
2046 2837 2272 2893 feminae
2303 2842 2528 2904 vestrae,
2553 2839 2672 2893 sive
2697 2839 3024 2910 deponatis,
3049 2839 3166 2894 sive
3186 2838 3444 2894 induatis
3469 2841 3544 2894 fe-

1899 2926 2162 2992 moralia,
2197 2943 2300 2982 nec
2332 2925 2509 2982 saluti
2540 2927 2740 2992 ofﬁcit,
2776 2943 2879 2981 nec
2911 2928 2983 2982 ad
3014 2926 3295 2982 virtutum
3326 2931 3542 2982 vestra-

1897 3032 2029 3072 rum
2062 3014 2290 3087 proﬁcit
2320 3015 2766 3072 incrementum.
2795 3015 2945 3071 Sane
2975 3014 3252 3088 quoniam
3284 3015 3541 3072 diximus

1889 3103 2064 3174 jussa
2095 3102 2276 3159 fuisse
2305 3101 2605 3159 femoralia
2635 3102 3117 3169 ﬁeri,notandum
3146 3108 3253 3168 est,
3279 3102 3416 3174 quia
3433 3119 3541 3159 nos

1897 3191 2281 3264 spiritualiter
2299 3192 2605 3249 induimur
2624 3190 3024 3261 femoralibus,
3042 3208 3176 3247 cum
3200 3191 3392 3247 carnis
3415 3191 3542 3248 libi-

1894 3281 2090 3336 dinem
2115 3298 2216 3354 per
2231 3281 2647 3338 abstinentiam
2684 3284 3087 3337 coarctamus:
3115 3297 3252 3338 nam
3284 3279 3384 3336 illa
3413 3280 3542 3338 loca

1893 3369 2270 3426 femoralibus
2301 3369 2802 3442 constringuntur,
2835 3368 2894 3424 in
2928 3369 3143 3442 quibus
3171 3367 3411 3425 luxuria:
3442 3387 3538 3427 se-

1893 3459 1995 3514 des
2018 3475 2145 3514 esse
2168 3465 2512 3524 noscuntur,
2536 3458 2918 3530 quamobrem
2949 3458 3194 3514 fortasse
3226 3457 3399 3531 primi
3429 3458 3538 3514 ho-

1895 3547 2082 3602 mines
2108 3551 2237 3620 post
2258 3551 2562 3620 peccatum
2587 3547 2646 3602 in
2675 3546 2955 3603 membris
2990 3547 3114 3602 suis
3146 3546 3380 3602 illicitos
3401 3564 3542 3603 sen-

1895 3637 2104 3692 tientes
2130 3641 2325 3692 motus
2347 3637 2418 3692 ad
2443 3637 2670 3692 arboris
2697 3634 2956 3691 ﬁculneae
2973 3634 3112 3690 folia
3128 3641 3543 3692 concurrentes

1895 3725 2002 3781 sibi
2039 3725 2392 3798 perizomata
2421 3728 2730 3781 texuerunt
2760 3724 3016 3786 (Gen.1u)
3042 3742 3055 3792 ;
3089 3725 3190 3780 sed
3221 3724 3340 3780 haec
3373 3724 3546 3798 spiri-

1893 3814 2077 3871 tualia
2099 3819 2256 3880 sunt,
2282 3831 2407 3886 quae
2429 3813 2713 3869 hactenus
2736 3816 2967 3886 portare
2999 3830 3115 3868 non
3142 3815 3440 3886 poteratis,
3456 3812 3547 3869 sed

1893 3904 2142 3971 necdum,
2178 3907 2239 3958 ut
2297 3920 2431 3959 cum
2486 3901 2761 3976 Apostolo
2820 3902 3034 3968 dicam,
3075 3902 3548 3974 potestis;adhuc

1893 3995 2042 4048 enim
2070 3994 2195 4048 estis
2225 3992 2473 4047 carnales
2506 3993 2552 4052 (1
2574 3992 2837 4058 Cor.m);
2864 3993 2920 4046 et
2941 3991 3069 4046 ideo
3089 3990 3226 4046 hinc
3256 4007 3547 4062 perpauca

1895 4082 2174 4146 diximus,
2195 4097 2328 4135 cum
2351 4080 2520 4152 plura
2545 4079 2659 4134 Deo
2691 4079 2944 4134 donante
2977 4078 3165 4134 dicere
3194 4077 3540 4136 valeremus.

1967 4169 2076 4224 LX.
2103 4168 2557 4224 Consulentibus
2578 4168 2741 4222 vobis
2765 4165 2813 4221 si
2840 4166 3010 4221 liceat
3036 4165 3257 4238 absque
3280 4165 3541 4237 jejunio-

1897 4274 2027 4314 rum
2057 4260 2317 4327 tempore
2347 4253 2935 4328 quantulumcunque
2964 4251 3130 4310 valde
3163 4268 3333 4307 mane
3358 4268 3546 4308 come-

1896 4346 2051 4412 dere,
2083 4343 2527 4415 respondemus,
2549 4338 2826 4413 quoniam
2859 4339 3152 4395 neminem
3183 4342 3416 4412 patrum
3449 4355 3545 4394 no-

1897 4439 2153 4490 strorum
2183 4436 2318 4488 ante
2348 4431 2554 4488 horam
2586 4429 2702 4485 diei
2733 4428 2966 4486 tertiam
3000 4427 3410 4494 manducasse,
3437 4443 3544 4484 nec

1898 4526 2102 4578 sancta
2131 4520 2388 4577 Ecclesia
2417 4523 2551 4576 ante
2583 4519 2789 4575 horam
2839 4517 2990 4573 hanc
3038 4512 3412 4571 traditionem
3444 4533 3545 4570 su-

1900 4609 2095 4668 mendi
2126 4610 2324 4666 cibum
2360 4608 2654 4680 accepisse
2686 4604 3113 4672 recolimus,vel
3147 4603 3546 4660 monumentis

1898 4701 2348 4774 quibuscunque
2393 4695 2714 4769 reperimus
2751 4713 2763 4751 :
2797 4712 2829 4750 e
2858 4693 3148 4751 contrario
3191 4709 3326 4748 vero
3373 4707 3548 4764 quos-

1899 4791 2034 4845 dam
2065 4804 2265 4844 eorum
2300 4803 2486 4858 usque
2508 4786 2578 4840 ad
2602 4800 2932 4858 vesperum,
2953 4783 3098 4838 alios
3126 4787 3321 4838 autem
3356 4797 3550 4854 usque

1900 4879 1970 4934 ad
1998 4893 2212 4932 nonam
2244 4875 2447 4930 horam
2471 4873 2584 4930 dici
2609 4890 2621 4928 :
2650 4890 2819 4945 porro
2842 4871 2992 4928 alios
3014 4889 3200 4944 usque
3223 4872 3294 4926 ad
3327 4876 3550 4927 sextam

1901 4960 2817 5035 invenimusjejunasse:nullum
2834 4965 3031 5016 autem
3055 4976 3225 5015 mane
3247 4960 3358 5016 cibi
3373 4977 3554 5032 quan-

1900 5055 2328 5124 tulumcunque
2342 5052 2668 5124 sumpsisse
2684 5067 2808 5106 com
2819 5050 3237 5122 perimus,cum
3255 5051 3449 5122 potius
3463 5051 3553 5108 Vae

1903 5144 2124 5200 dictum
2175 5141 2273 5214 qui
2318 5157 2489 5196 mane
2521 5140 2837 5194 comedunt
2866 5139 3047 5195 fuisse
3074 5139 3388 5212 legerimus
3419 5138 3548 5200 (Isa.

1904 5243 1981 5306 v).
2017 5229 2406 5298 Quamobrem
2439 5230 2510 5284 ab
2543 5227 2654 5284 isto
2683 5226 2993 5284 maledicto
3039 5245 3140 5285 vos
3172 5228 3393 5285 alienos
3423 5241 3551 5283 esse

1909 5321 2306 5378 desiderantes
2332 5317 2656 5384 hortamur,
2681 5321 2744 5371 ut
2775 5320 2907 5372 ante
2938 5315 3143 5373 horam
3175 5317 3284 5372 diei
3318 5313 3551 5370 tertiam

1909 5410 2139 5468 nullum
2173 5407 2412 5464 omnino
2436 5404 2793 5479 corporalem
2812 5405 3008 5462 cibum
3027 5405 3204 5461 etiam
3229 5405 3286 5459 in
3309 5400 3454 5474 ipsis
3471 5401 3557 5456 in-

1911 5496 2178 5571 signibus
2209 5493 2682 5550 solemnitatibus
2705 5494 2944 5550 omnino
2963 5493 3210 5549 sumatis
3235 5508 3246 5545 :
3273 5506 3409 5546 nam
3427 5506 3557 5562 quin

1913 5583 2253 5646 solemnitas
2283 5583 2475 5660 potest
2504 5599 2631 5643 esse
2663 5583 2996 5643 Pentecoste
3028 5577 3356 5648 sublimior,
3370 5575 3431 5638 in
3444 5591 3566 5657 qua

3163 5704 3243 5778 32
