4036 6132
511 324 667 389 1003
1878 319 2105 385 NICOL

2236 317 2464 383 ΡΑΡιἘ
2505 318 2557 386 Ι.
3694 328 3816 394 lem

511 460 763 533 Spiritus
794 462 1032 517 sanctus
1062 476 1238 532 super
1267 453 1562 532 apostolos
1594 455 1918 528 descendit,
1950 472 2015 511 ac
2050 470 2154 528 per
2181 455 2235 523 Α
2263 461 2314 511 et
2343 454 2779 526 honoriﬁcatum,
2812 463 2864 512 et
2893 455 3005 529 ipsi
3038 463 3295 529 tanquam
3340 455 3526 531 lapides
3548 461 3647 517 vivi
3668 478 3815 535 super-

511 548 620 603 hoc
646 548 913 604 homines
941 551 1281 603 meruerunt
1304 547 1363 602 in
1386 563 1447 603 se
1472 546 1769 618 suscipere
1798 542 2157 601 Dominum?
2264 543 2637 613 aediﬁcamini
2665 545 2725 599 in
2753 545 2984 600 domum
3013 546 3317 618 spiritalem
3345 546 3388 608 (Ι
3416 550 3543 603 Petr.
3569 551 3643 613 ιι).

513 637 577 692 In
606 636 720 693 ista
748 654 957 709 nempe
988 636 1297 693 festivitate
1329 636 1514 692 sancti
1566 633 1813 706 apostoli
1859 650 1993 689 cum
2025 631 2157 688 aliis
2337 630 2524 687 LXIII.
2549 631 2867 689 Consulitis
2898 638 3174 705 praeterea
3197 634 3241 690 si
3261 634 3423 691 liceat
3440 636 3551 692 viro
3578 638 3818 698 Dominico

513 723 813 779 nonnullis
844 724 987 779 hora
1006 722 1119 778 diei
1143 722 1313 779 tertia
1342 722 1712 794 reperiuntur
1742 720 1924 777 fuisse
1944 717 2156 791 jejuni,
2268 724 2556 776 nocturno
2585 720 2675 777 vel
2724 722 2935 778 diurno
2977 727 3238 796 tempore
3268 740 3395 779 cum
3423 742 3581 782 uxore
3605 744 3697 783 sua
3719 746 3818 786 con-

515 826 650 866 cum
680 808 929 883 repletos
960 809 1180 882 Spiritu
1214 813 1435 877 sancto,
1469 813 1526 864 et
1558 808 1863 880 loquentes
1894 806 2159 862 omnium
2261 807 2434 881 jungi
2465 814 2568 865 aut
2598 810 3106 883 dormire,quibus
3134 814 3536 884 respondemus
3563 832 3576 869 :
3604 818 3820 889 quoniam

517 899 1016 973 gentiumlinguis
1035 899 1389 971 quibusdam
1414 897 1730 954 incredulis
1761 896 2159 962 audientibus,
2271 897 2320 953 si
2337 897 2640 954 Dominico
2671 899 2763 955 die
2794 901 2866 955 ab
2900 917 3071 974 opere
3102 903 3395 958 mundano
3422 905 3728 962 cessandum
3744 912 3822 975 est,

518 988 1228 1062 etobstupescentibus,et
1251 988 1405 1060 quod
1434 991 1628 1043 musto
1659 990 1855 1042 essent
1877 983 2081 1057 repleti
2098 982 2160 1050 ii,
2273 986 2425 1041 sicut
2470 1004 2650 1059 supra
2693 988 3023 1058 docuimus,
3058 993 3276 1063 quanto
3324 992 3505 1063 potius
3540 1008 3572 1047 a
3596 993 3823 1067 voluptate

523 1078 623 1151 qui
655 1077 830 1134 simul
861 1079 1105 1135 aderant
1134 1076 1280 1133 falso
1312 1075 1677 1132 dicentibus:
1706 1075 1909 1130 Petrus
1941 1076 2166 1145 aposto-
2274 1074 2495 1130 carnali
2545 1079 2602 1132 et
2648 1077 2986 1134 omnimodo
3034 1078 3294 1151 corporis
3341 1078 3635 1152 pollutione
3671 1100 3822 1141 caven-

523 1167 713 1224 lorum
746 1167 1016 1240 princeps
1047 1166 1428 1239 responderit,
1454 1165 1685 1220 dicens:
1712 1164 1828 1219 Non
1850 1164 2167 1231 enim,sicut
2274 1163 2417 1218 dum
2436 1163 2464 1219 ?
2488 1167 2811 1237 praesertim
2864 1183 2996 1223 cum
3028 1166 3315 1223 Dominici
3343 1168 3451 1225 diei
3481 1186 3685 1239 nomen,
3712 1175 3823 1245 quod

524 1273 615 1313 vos
643 1258 954 1324 aestimatis,
984 1256 1128 1312 ebrii
1155 1264 1283 1311 sunt
1314 1256 1427 1322 isti,
1451 1270 1574 1309 cum
1601 1256 1672 1309 sit
1702 1253 1837 1309 hora
1865 1252 1978 1309 diei
2007 1252 2168 1307 tertia
2276 1252 2638 1309 nihileodem
2655 1254 2746 1310 die
2758 1260 2965 1328 praeter
2984 1273 3109 1328 quae
3132 1256 3361 1313 Domini
3382 1262 3512 1313 sunt
3533 1260 3824 1321 Christianus

462 1386 467 1391 τ
527 1348 664 1419 (Act.
699 1348 780 1415 ιι),
815 1345 914 1400 ubi
949 1345 1269 1401 notandum
1304 1344 1457 1415 quod
1491 1359 1605 1397 non
1655 1341 1846 1399 solum
1898 1338 2165 1414 apostoli,
2276 1358 2445 1415 agere
2469 1343 2694 1411 debeat,
2718 1342 2941 1416 liquido
2966 1345 3318 1402 manifestat.
3344 1346 3509 1403 Porro
3538 1348 3750 1421 idipsum
3765 1359 3824 1410 est

528 1436 629 1493 sed
650 1439 707 1492 et
735 1451 938 1490 omnes
971 1433 1068 1505 qui
1103 1451 1235 1488 cum
1268 1432 1413 1504 ipsis
1443 1436 1630 1499 erant,
1650 1431 1707 1486 id
1729 1434 1816 1487 est
1833 1434 2069 1487 centum
2089 1429 2169 1483 vi-
2278 1429 2349 1484 de
2372 1434 2657 1486 nocturno
2681 1430 2869 1505 ipsius
2892 1433 3003 1489 diei
3031 1434 3185 1506 quod
3208 1435 3280 1490 de
3299 1435 3501 1491 diurno
3514 1440 3827 1510 temporesen-

527 1524 671 1598 ginti
701 1524 831 1592 viri,
852 1539 1029 1594 super
1057 1538 1205 1593 quos
1236 1521 1489 1594 Spiritus
1519 1525 1760 1577 sanctus
1790 1518 2170 1584 cecidit,hora
2278 1517 2564 1575 tiendum.
2591 1519 2753 1577 Unus
2769 1527 2858 1578 est
2878 1522 3034 1578 enim
3056 1523 3201 1590 dies,
3226 1522 3326 1595 qui
3348 1528 3463 1579 tam
3481 1525 3824 1599 diurno,quam

527 1613 641 1669 diei
661 1613 833 1668 tertia
844 1612 1034 1684 jejuni
1056 1610 1440 1683 reperiantur.
1456 1610 1830 1666 Simuletiam
1845 1609 2167 1665 notandum
2279 1611 2564 1664 nocturno
2593 1610 2780 1681 spatio
2809 1614 3057 1678 constat,
3087 1611 3293 1684 viginti
3333 1617 3571 1696 quatuor
3595 1613 3735 1671 horas
3758 1616 3826 1672 ha-

528 1702 683 1775 quod
706 1718 822 1756 non
844 1701 1055 1755 dixerit
1076 1700 1281 1756 beatus
1307 1700 1506 1755 Petrus
1527 1698 1904 1771 simpliciter:
1928 1699 2172 1767 Non,sic-
2280 1696 2442 1753 hens.
2467 1697 2611 1754 Nam
2646 1697 2758 1755 nisi
2788 1704 2909 1755 tam
2941 1699 3208 1756 absentia
3233 1717 3410 1772 quam
3441 1703 3712 1774 praesentia
3732 1703 3829 1761 solis

526 1798 588 1845 ut
616 1806 704 1845 vos
733 1790 1036 1856 mstimatis,
1070 1789 1133 1844 hi
1179 1789 1320 1844 ebrii
1367 1796 1512 1855 sunt,
1547 1789 1646 1844 sed
1680 1786 1970 1843 addiderit
2004 1803 2016 1841 :
2046 1802 2172 1841 cum
2200 1833 2246 1898 Β
2281 1802 2435 1841 unus
2465 1787 2738 1844 existeret
2766 1788 2910 1857 dies,
2928 1805 3302 1862 nequaquam
3335 1790 3617 1863 Scriptura
3641 1793 3827 1849 diceret:

537 1881 595 1898 -3.
632 1878 650 1898 ι
675 1895 755 1898 ,μη
798 1878 900 1898 .11-:
933 1880 1084 1898 ‘_._.:_n
1163 1894 1220 1898 _-
1258 1878 1300 1898 ,2
1335 1881 1597 1898 ....ι-..ι-..
1660 1877 1867 1898 ΔΞ--..-Α
1904 1892 1916 1898 -
1951 1874 2063 1898 ἶ..-ε
2100 1874 2136 1898 12
2288 1877 2498 1898 Π..-ι--..-
2543 1884 2611 1898 --Α
2641 1893 2852 1898 _.--._‘_--
2893 1886 2932 1898 ,ι
2963 1893 3120 1898 ----μ-
3181 1878 3292 1898 .1_-__
3330 1895 3415 1898 μη,
3449 1896 3462 1898 -
3496 1879 3575 1898 Il"
3673 1884 3686 1898 κ
3751 1881 3761 1894 ο

524 1881 596 1934 sit
625 1878 756 1934 hora
787 1878 900 1934 diei
928 1880 1127 1946 tertia;
1159 1894 1225 1933 ac
1255 1878 1302 1933 si
1334 1881 1599 1948 patenter
1654 1877 1871 1932 diceret
1904 1892 1916 1931 :
1951 1874 2067 1947 Ipsi
2100 1874 2170 1928 li-
2204 1874 2246 1898 "
2278 1877 2502 1930 Factum
2531 1884 2611 1932 est
2640 1893 2854 1949 vespere
2882 1886 2932 1933 et
2959 1893 3120 1933 mane
3170 1878 3294 1934 dies
3325 1895 3465 1934 unus
3492 1879 3628 1949 (Gen.
3657 1884 3690 1949 ι)
3713 1899 3724 1938 :
3742 1881 3830 1953 jam

527 1967 705 2039 quido
734 1967 938 2035 nostis,
972 1967 1126 2039 quod
1177 1984 1291 2021 non
1322 1967 1399 2022 sit
1428 1966 1558 2022 istis
1588 1964 1997 2022 consuetudini
2036 1968 2169 2020 ante
2276 1980 2409 2020 vero
2427 1964 2477 2020 si
2507 1965 2920 2022 dormiendum
2950 1965 3300 2040 simpliciter
3328 1968 3523 2023 eodem
3551 1968 3621 2024 sit
3644 1974 3831 2042 tempore

525 2056 729 2113 horam
767 2056 880 2113 diei
912 2057 1142 2113 tertiam
1166 2056 1462 2127 jejunium
1512 2055 1751 2122 solvere,
1785 2055 2166 2127 quamobrem
2277 2068 2414 2108 cum
2444 2071 2621 2111 uxore
2653 2054 2906 2128 propria,
2923 2055 3413 2128 quinquagesimo
3442 2057 3635 2112 harum
3662 2074 3831 2130 respon-

524 2145 744 2201 frustra
773 2144 906 2201 illos
936 2144 1128 2201 ebrios
1158 2161 1287 2200 esse
1325 2144 1565 2216 putatis.
1601 2142 1919 2198 Imitamini
1970 2143 2168 2214 itaque
2276 2140 2511 2197 sionum
2543 2149 2877 2200 nostrarum
2910 2143 3164 2217 capitulo
3196 2146 3352 2217 quod
3376 2146 3828 2212 sensimus,cursim

523 2234 651 2302 hos,
686 2238 752 2288 ut
782 2233 1036 2305 Spiritus
1067 2236 1327 2298 sanctus,
1361 2236 1419 2288 et
1447 2231 1494 2287 si
1530 2248 1643 2286 non
1676 2230 1925 2297 tardius,
1957 2229 2164 2285 saltem
2265 2228 2835 2300 jamintimavimus.
2857 2232 3052 2302 Porro,
3076 2233 3351 2289 utverbis
3381 2240 3507 2290 utar
3525 2233 3830 2308 Apostoli,hoc

521 2322 667 2378 hora
690 2322 862 2378 tertia
891 2322 1005 2377 diei
1051 2338 1151 2377 vos
1192 2321 1430 2392 jejunos
1460 2318 1779 2387 inveniens,
1810 2318 1964 2374 sicut
1994 2317 2162 2388 istos,
2271 2319 2351 2375 ad
2382 2321 2679 2377 utilitatem
2701 2330 2937 2378 vestram
2956 2322 3227 2391 dico,n0n
3260 2331 3321 2379 ut
3352 2324 3592 2396 laqueum
3610 2325 3730 2379 vobis
3746 2323 3831 2394 inji-

519 2428 624 2468 vos
653 2427 885 2482 quoque
915 2410 1294 2482 inspiratione
1322 2427 1440 2465 suae
1470 2408 1668 2481 gratiae
1706 2408 1946 2481 repleat.
2270 2411 2436 2477 ciam,
2469 2412 2569 2467 sed
2597 2411 2676 2467 ad
2704 2412 2771 2467 id
2798 2411 2950 2483 quod
2998 2410 3283 2467 honestum
3310 2419 3404 2482 est,
3434 2421 3484 2469 et
3510 2413 3643 2485 quod
3664 2411 3829 2486 fauilla-

595 2500 730 2555 LXI.
764 2500 846 2555 De
875 2502 1079 2554 caetero
1111 2498 1257 2554 scire
1287 2514 1389 2553 vos
1429 2497 1573 2553 velle
1622 2497 1988 2570 signiﬁcatis,
2022 2501 2165 2570 quot
2270 2506 2378 2554 tem
2401 2499 2646 2570 prwbeat
2673 2501 2793 2555 sine
2822 2500 3206 2573 impedimento
3254 2502 3541 2558 Dominum
3583 2501 3831 2559 obsecrem

519 2586 981 2643 vicibuslaicalis
996 2604 1246 2660 persona
1255 2604 1359 2659 per
1378 2602 1861 2659 unumquemque
1873 2586 2024 2642 diem
2041 2604 2165 2642 ora-
2271 2587 2318 2659 (ι
2346 2588 2467 2644 Cor.
2494 2588 2616 2658 vn).

517 2677 736 2733 tionem
767 2676 956 2732 facere
994 2676 1221 2744 debeat,
1255 2676 1312 2731 in
1364 2692 1478 2748 quo
1523 2675 1672 2731 scire
1719 2693 1821 2730 vos
1872 2676 2158 2746 convenit,
2343 2676 2528 2733 LXIV.
2563 2677 2712 2742 Quot
2740 2678 2948 2734 diebus
2976 2677 3119 2748 viro,
3152 2684 3467 2753 postquam
3497 2679 3685 2735 mulier
3699 2678 3831 2734 ﬁlium

516 2758 827 2823 neminem
862 2770 1165 2837 exceptum
1215 2781 1343 2821 esse
1378 2766 1449 2820 ab
1481 2781 1568 2832 eo,
1602 2765 1758 2837 quod
1788 2764 2069 2821 Dominus
2099 2766 2159 2821 in
2267 2766 2554 2838 genuerit,
2578 2767 2651 2822 ab
2683 2783 2751 2823 ea
2780 2768 2856 2823 sit
2883 2767 3328 2836 abstinendum,
3360 2785 3475 2825 non
3499 2765 3833 2825 adinventioni-

513 2854 823 2928 Evangelio
853 2854 997 2911 dicit
1029 2872 1041 2910 :
1077 2854 1291 2926 Oportet
1337 2871 1548 2926 semper
1590 2871 1766 2922 orare,
1800 2862 1853 2911 et
1887 2871 1999 2910 non
2026 2854 2159 2926 deﬁ-
2267 2855 2378 2910 bus
2412 2842 2650 2924 nostris,
2684 2857 2784 2912 sed
2815 2856 3007 2912 verbis
3060 2856 3245 2912 beatae
3305 2857 3589 2914 memorie
3638 2853 3831 2928 Gregorii

511 2961 631 3001 cere
667 2944 842 3007 (Joan.
879 2944 1037 3004 xvm)
1066 2962 1079 3012 ;
1112 2949 1169 2999 et
1197 2942 1510 3015 Apostolus
1543 2960 1556 2998 :
1592 2944 1722 3000 Sine
1755 2945 2159 3001 intermissione
2267 2944 2513 3000 Romani
2545 2944 2857 3016 pontiﬁcis,
2891 2948 2949 3001 et
2980 2945 3303 3020 Anglorum
3333 2946 3519 3020 gentis
3545 2943 3831 3020 apostolide-

510 3043 660 3092 orate
692 3035 738 3097 (Ι
767 3035 939 3090 Thess.
972 3034 1064 3101 v);
1098 3032 1252 3105 quod
1293 3032 1603 3088 sanissime
1660 3032 1897 3104 prazf'ato
1955 3037 2156 3090 sancto
2266 3032 2542 3100 claratur,
2573 3034 2673 3107 qui
2720 3034 3050 3107 Augustino
3099 3035 3401 3109 episcopo,
3434 3051 3598 3110 quem
3626 3034 3674 3090 in
3699 3033 3832 3099 Saxo-

506 3123 836 3197 Augustino
862 3123 1123 3191 docente,
1149 3122 1233 3177 sic
1262 3121 1645 3193 accipitur,ut
1665 3120 1826 3177 nullo
1859 3122 1951 3177 die
1982 3121 2157 3179 inter—
2264 3122 2423 3179 niam
2472 3123 2598 3195 ipse
2643 3122 2951 3196 direxerat,
2984 3125 3249 3181 scribens
3312 3126 3464 3181 inter
3517 3128 3695 3180 caetera
3730 3119 3830 3176 dixit

510 3212 823 3268 mittantur
851 3215 1006 3267 certa
1052 3216 1317 3283 tempora
1370 3210 1616 3278 orandi;
1649 3227 1775 3283 qua:
1808 3214 2003 3267 autem
2037 3212 2155 3268 sint
2184 3202 2226 3269 C
2266 3212 2454 3285 (Epist.
2490 3214 2586 3268 lib.
2620 3228 2719 3281 xn,
2751 3214 2907 3285 epist.
2937 3212 3027 3287 3t)
3055 3231 3068 3269 :
3100 3215 3185 3270 Ad
3229 3215 3366 3286 ejus
3394 3230 3523 3271 vero
3549 3214 3617 3286 (id
3647 3216 3718 3269 est
3740 3226 3830 3265 mu-

509 3302 633 3358 hazc
679 3306 838 3357 certa
884 3304 1150 3373 tempora
1188 3300 1413 3367 orandi,
1448 3316 1574 3371 qua:
1606 3298 1767 3355 nullo
1798 3300 1890 3356 die
1920 3304 2152 3373 praeter-
2262 3300 2443 3374 lieris)
2471 3301 2852 3357 concubitum
2898 3302 2988 3357 vir
3036 3319 3181 3359 suus
3230 3304 3507 3360 accedere
3552 3319 3653 3359 non
3690 3299 3829 3367 debet,

512 3390 667 3445 mitti
700 3390 967 3456 debeant,
999 3388 1237 3460 quaerite
1268 3393 1323 3444 et
1344 3387 1668 3445 invenietis.
2262 3391 2648 3462 quoadusque
2677 3389 2868 3463 proles
2898 3407 3024 3463 qua:
3055 3390 3343 3464 gignitur,
3377 3388 3833 3449 ablactetur.Prava

581 3479 748 3535 LXII.
783 3479 1030 3534 Refertis
1061 3479 1216 3551 quod
1260 3476 1411 3550 lapis
1458 3477 1730 3534 inventus
1761 3478 1838 3534 sit
1865 3480 2018 3551 apud
2050 3497 2151 3536 vos
2262 3483 2458 3535 autem
2488 3479 2548 3534 in
2581 3480 3028 3553 conjugatorum
3069 3480 3341 3538 moribus
3391 3479 3714 3538 consuetudo
3739 3491 3831 3531 sur-

509 3573 821 3641 antequam
851 3567 1344 3623 Christianitatem
1386 3567 1815 3639 suscepissetis,
1851 3569 1920 3624 de
1953 3586 2067 3641 quo
2098 3569 2149 3625 si
2260 3568 2424 3637 rexit,
2458 3573 2523 3623 ut
2554 3567 2831 3624 mulieres
2861 3568 3010 3624 ﬁlios
3057 3586 3205 3641 quos
3235 3569 3493 3644 gignunt
3520 3567 3711 3624 nutrire
3733 3579 3832 3620 con-

506 3657 821 3729 quisquam
839 3658 910 3712 ob
929 3655 1187 3729 aliquam
1217 3656 1617 3712 inﬁrmitatem
1651 3656 1788 3727 quid
1823 3657 2150 3729 accipit,so-
2256 3654 3831 3728 temnant,eosquealiismulieribusnutriendostradant;

503 3744 620 3801 leat
649 3745 954 3817 aliquoties
978 3745 1303 3800 remedium
1335 3745 1561 3815 corpori
1594 3762 1699 3800 suo
1731 3746 1986 3818 praebere
2008 3764 2020 3801 :
2042 3747 2147 3803 ali-
2257 3746 2412 3817 quod
2442 3744 2712 3801 videlicet
2741 3746 2864 3803 sola
2894 3763 3074 3803 causa
3103 3746 3543 3804 incontinentiae
3570 3745 3759 3801 videtur
3773 3740 3833 3794 in-

503 3833 732 3905 quoties
763 3849 894 3888 vero
926 3832 1344 3911 sine‘profectu
1385 3849 1721 3901 remanere;
1754 3834 1907 3906 quod
1943 3835 2147 3908 utique
2252 3838 2514 3902 ventum,
2549 3834 2651 3907 qui
2688 3835 2829 3890 dum
2880 3852 2941 3891 se
2980 3835 3281 3893 continere
3312 3837 3538 3906 nolunt,
3570 3830 3831 3906 despiciunt

500 3922 677 3979 etiam
701 3922 772 3977 de
794 3919 895 3976 illo
926 3920 1256 3994 1apide,qui
1276 3937 1582 3993 nunquam
1614 3923 1984 3979 sumentibus
2009 3942 2148 3997 quo-
2254 3921 2470 3978 lactare
2499 3940 2646 3995 quos
2677 3922 2946 3996 gignunt.

496 4010 639 4066 tidie
670 4013 893 4066 certum
917 4015 1006 4066 est
1030 4011 1257 4085 evenire
1286 4010 1570 4081 videlicet,
1594 4014 1659 4065 ut
1683 4009 1782 4066 alii
1812 4012 2048 4084 quidem
2070 4014 2143 4071 ab
2326 4011 2481 4069 LXV.
2510 4013 2673 4068 Tunc
2694 4016 2847 4068 recte
2869 4029 2985 4069 non
3005 4011 3140 4069 licet
3160 4012 3409 4070 cuilibet
3429 4009 3827 4070 communionem

496 4098 1293 4174 aegritudinesuaremedium
1306 4098 1575 4155 sanitatis
1589 4100 2142 4173 recipiant,aliivero
2252 4099 2466 4157 Christi
2495 4101 2810 4173 percipere,
2835 4102 3068 4173 quando
3089 4101 3239 4175 gulae
3273 4104 3511 4160 deditus
3538 4117 3644 4157 non
3669 4091 3828 4153 inveni-

495 4188 838 4244 inﬁrmitate
854 4189 1180 4245 tabescant.
1205 4188 1594 4252 Quamobrem
1618 4206 1727 4246 nos
1756 4194 2038 4263 tanquam
2057 4208 2142 4248 er-
2249 4195 2346 4244 tur
2366 4190 2630 4262 jejunus,
2665 4190 2809 4245 adeo
2841 4194 2907 4245 ut
2936 4191 3244 4263 mysticam
3293 4208 3559 4248 mensam
3588 4184 3829 4262 parvipeu-

497 4276 2142 4354 roris(a)vobisconsulentibusutrumdecaeterositagen-
2249 4278 2393 4334 dens
2423 4277 2589 4351 prius
2633 4278 2747 4334 cibi
2789 4277 2921 4334 laici
2954 4283 3193 4352 sumptu
3218 4280 3518 4352 jejunium
3547 4276 3751 4334 solvisse
3768 4268 3827 4323 vi-

497 4365 640 4422 dum
672 4384 745 4422 an
778 4367 1194 4439 respuendum,
1211 4366 1652 4439 respondemus,
1669 4372 1725 4423 et
1744 4369 2138 4436 decernimus,
2248 4367 2474 4435 deatur,
2498 4366 2833 4439 Christique
2850 4368 3247 4425 venerandum
3271 4386 3487 4442 corpus
3500 4384 3562 4423 ac
3573 4363 3828 4440 pretiosum

497 4460 787 4528 quatenus
818 4455 1011 4511 omnis
1041 4455 1304 4525 ejusdem
1346 4454 1557 4527 lapidis
1601 4461 1877 4528 sumptus
1906 4459 2139 4531 penitus
2247 4454 2595 4529 sanguinem
2618 4473 2651 4511 a
2680 4454 2905 4511 caeteris
2937 4472 3053 4514 non
3087 4456 3434 4514 discernens
3465 4451 3725 4512 alimentis
3745 4461 3826 4502 non

493 4543 893 4617 prohibeatur,
928 4548 984 4599 et
1010 4543 1364 4600 omnimodis
1394 4545 1693 4615 refutetur,
1718 4550 1775 4601 et
1803 4545 1863 4600 in
1897 4547 2019 4603 solo
2041 4547 2137 4604 illo
2167 4570 2214 4635 D
2246 4543 2635 4617 praeposuisse
2664 4544 2822 4600 omni
2855 4544 3128 4600 humanas
3171 4547 3499 4612 refectioni,
3530 4544 3622 4601 sed
3648 4542 3828 4635 postpot

490 4632 684 4704 lapide
715 4634 963 4688 Domino
990 4638 1187 4688 nostro
1215 4633 1355 4689 Jesu
1385 4632 1637 4699 Christo,
1663 4650 1835 4706 quem
1870 4637 2138 4708 reproba—
2167 4626 2207 4635 ”
2245 4634 2437 4691 suisse
2461 4638 2755 4690 noscatur.
2790 4633 3134 4689 Remedium
3160 4636 3382 4708 quippe
3409 4633 3742 4691 salutiferum
3766 4626 3829 4678 est

488 4737 622 4777 vere
669 4721 1040 4789 aediﬁcantes,
1085 4721 1181 4777 hic
1228 4722 1418 4777 factus
1466 4726 1556 4778 est
1602 4723 1661 4777 in
1712 4728 1887 4796 caput
1936 4725 2136 4798 anguli
2244 4739 2455 4796 corpus
2509 4718 2724 4778 Christi
2773 4726 2976 4778 contra
3029 4728 3359 4794 peccatum,
3393 4728 3451 4781 et
3480 4723 3575 4797 qui
3615 4720 3709 4776 hoc
3731 4716 3828 4771 ante

492 4808 695 4881 (Matth.
727 4810 865 4879 xxx),
901 4826 1035 4882 spes
1066 4809 1245 4865 totius
1295 4809 1504 4866 salutis
1552 4810 1822 4866 humanas
1859 4818 2130 4885 ponatur,
2243 4828 2477 4867 omnem
2511 4828 2704 4867 escam
2736 4817 3083 4868 veneranter
3129 4829 3245 4868 non
3297 4813 3483 4869 sumit
3512 4812 3601 4882 (b).
3632 4809 3693 4864 Et
3715 4807 3827 4860 certe

489 4902 546 4952 et
574 4902 852 4970 tamquam
886 4916 918 4953 a
950 4898 1269 4955 fortissimo
1317 4900 1727 4971 recuperandae
1773 4901 2132 4958 fortitudinis
2242 4900 2501 4972 quotidie
2533 4900 2789 4956 medicos
2835 4901 3035 4957 vacuis
3083 4900 3412 4959 visceribus
3461 4918 3564 4958 sua
3592 4894 3825 4954 cernimus

486 4991 697 5043 nostra:
743 4987 1063 5043 remedium
1113 4992 1500 5059 exspectetur,
1534 4988 1604 5043 ad
1636 5005 1809 5061 quem
1836 5006 1936 5046 vos
1968 5007 2128 5048 acce—
2238 4990 2448 5062 pocula
2479 4991 2787 5063 propinare
2818 5007 2832 5046 ε
2867 4994 2922 5047 et
2953 4991 3001 5047 si
3033 4991 3142 5047 hoc
3180 5008 3287 5064 pro
3337 4992 3583 5050 sanitate
3623 4977 3825 5055 corporis

485 5077 641 5144 dere,
674 5080 730 5131 et
762 5077 819 5131 in
853 5094 917 5131 eo
950 5076 1224 5132 ﬁduciam
1257 5094 1491 5132 omnem
1532 5076 1721 5133 locare
1752 5078 2129 5136 beatissimus
2239 5079 2451 5152 agitur,
2475 5082 2694 5150 quanto
2713 5079 2909 5151 potius
2940 5084 3029 5135 est
3056 5097 3160 5152 pro
3192 5079 3407 5135 animae
3438 5077 3620 5136 salute
3648 5075 3825 5149 patron-

483 5165 711 5241 primus
734 5164 1131 5237 apostolorum
1146 5167 1349 5220 Petrus
1364 5184 1465 5237 per
1486 5166 1791 5237 epistolam
1816 5184 1981 5224 suam
1997 5168 2128 5224 hor-
2236 5168 2377 5223 dum
2399 5167 2427 5222 ?
2448 5168 2729 5224 Cazterum
2762 5169 3145 5240 quamobrem
3170 5185 3287 5224 non
3318 5169 3525 5225 debeat
3547 5169 3612 5231 is,
3633 5161 3715 5219 cui
3731 5172 3825 5215 san-

481 5259 659 5322 tatur,
694 5254 894 5309 dicens
928 5270 940 5309 :
974 5253 1052 5308 Ad
1083 5269 1238 5325 quem
1266 5255 1569 5311 accedentes
1600 5256 1835 5328 lapidem
1852 5260 2037 5314 vivum
2056 5260 2123 5314 ab
2232 5256 2366 5329 guis
2394 5273 2463 5312 ex
2492 5274 2590 5313 ore
2620 5256 2707 5313 vel
2740 5257 2981 5313 naribus
3012 5258 3377 5331 proﬂuxerit,
3413 5272 3620 5329 corpus
3644 5267 3703 5307 ac
3718 5262 3820 5304 san-

477 5344 791 5403 hominibus
822 5344 1045 5417 quidem
1077 5344 1444 5414 reprobatum,
1477 5361 1511 5399 α
1534 5345 1639 5401 Deo
1667 5354 1850 5402 autem
1894 5349 2125 5404 electum
2231 5346 2471 5419 guinem
2502 5344 2718 5404 Christi
2750 5346 3066 5420 percipere,
3100 5346 3306 5422 regula
3335 5345 3502 5403 nulla
3532 5335 3823 5400 docet.Nam

475 5538 624 5675 mg!)
644 5539 923 5671 fil/gntum
956 5542 1181 5614 erroris,
1214 5545 1316 5598 aut
1344 5544 1431 5599 est
1464 5547 1756 5619 corrupta,
1791 5550 1891 5603 aut
1920 5565 2121 5623 super-
2302 5548 2380 5620 (b)
2412 5542 2600 5618 Hujus
2631 5542 2741 5601 loci
2772 5561 2909 5619 pars
2939 5541 3123 5604 altera
3152 5542 3336 5603 deest.
