4036 6132
266 343 426 404 1005

1476 343 1882 407 ΕΡΙΒἸῸΙΛΕ
1923 341 2024 406 ET
2066 343 2447 408 DECRETA.

3509 356 3666 417 1006

247 477 421 548 'quod
456 475 672 532 invitus
701 475 836 548 quis
866 476 1104 549 patitur,
1138 477 1196 533 in
1230 475 1462 549 culpam
1494 476 1545 531 ei
1577 493 1692 531 non
1745 476 1914 531 debet
1941 477 1996 544 Α
2025 480 2112 532 ter
2142 476 2256 532 alia
2303 477 2448 533 dixit
2495 480 2690 551 (Epist.
2725 481 2821 537 lib.
2854 500 2955 555 x11,
2987 486 3142 557 epist.
3175 485 3265 553 3|)
3301 502 3313 542 :
3348 486 3407 542 Si
3459 486 3669 542 mulier

265 565 566 636 imputari,
599 581 665 620 ac
696 583 799 637 per
828 566 936 622 hoc
967 584 1072 622 nec
1100 583 1134 622 a
1164 565 1608 638 participatione
1648 566 1794 620 tanti
1827 583 1914 620 re-

267 653 445 710 medii
478 655 726 710 coerceri
763 671 776 710 :
813 655 1081 712 novimus
1112 672 1368 727 namque
1395 655 1533 727 quia
1557 653 1768 709 mulier
1788 671 1915 725 quae

267 743 488 797 [luxum
523 743 858 815 patiebatur
887 744 1212 818 sanguinis,
1247 748 1379 817 post
1409 749 1638 816 tergum
1683 742 1916 798 Domini

263 831 568 886 humiliter
595 832 834 889 veniens
858 833 1192 889 vestimenti
1221 834 1350 905 ejus
1379 831 1674 888 fimbriam
1705 830 1913 904 tetigit,

265 925 441 992 atque
473 921 545 976 ab
575 937 642 976 ea
663 921 861 978 statim
883 922 1199 978 inﬁrmitas
1222 922 1547 978 recessit.Si
1573 921 1768 992 itaque
1792 938 1915 975 mu-

263 1009 372 1064 lier
401 1009 521 1065 haec
553 1009 612 1064 in
645 1010 803 1065 ﬂuxu
834 1012 1140 1084 sanguinis
1162 1011 1353 1084 posita
1371 1010 1699 1066 vestimenti
1726 1009 1918 1064 Domi-

265 1097 380 1152 nici
427 1102 583 1154 tactu
637 1116 751 1154 non
795 1099 1098 1170 judicatur
1143 1099 1405 1173 indigna,
1441 1099 1558 1155 imo
1586 1099 1774 1170 ipsius
1804 1103 1916 1153 Do-

262 1185 577 1252 mini,nam
608 1188 720 1260 ipsi
755 1187 900 1244 dixit
933 1206 945 1243 :
986 1190 1178 1258 Tetigit
1210 1205 1294 1244 me
1321 1190 1524 1260 aliquis
1555 1188 1774 1259 (Matth.
1799 1190 1913 1255 ix);

261 1291 371 1332 cur
400 1276 450 1330 ei
484 1275 582 1348 qui
615 1277 922 1350 sanguinis
951 1293 1018 1332 ex
1049 1293 1146 1332 ore
1171 1276 1258 1333 vel
1291 1277 1532 1333 naribus
1557 1277 1798 1332 ﬂuorem
1823 1293 1916 1331 su-

262 1365 588 1432 stinet,non
619 1364 790 1421 liceat
815 1364 1121 1423 salutifera
1151 1365 1363 1422 Christi
1388 1368 1753 1422 sacramenta
1783 1381 1916 1436 per-

260 1452 455 1526 cipere
476 1453 504 1508 ?

338 1542 527 1608 LXVI,
560 1544 784 1599 Graecos
817 1543 1128 1616 prohibere
1157 1561 1257 1599 vos
1292 1543 1553 1600 asseritis
1584 1559 1717 1597 cum
1769 1541 1913 1615 liga-

260 1637 397 1687 tura
429 1631 589 1688 lintei
620 1649 796 1704 quam
830 1632 887 1687 in
920 1633 1110 1706 capite
1134 1631 1709 1705 gestatis,ecclesiam
1742 1631 1917 1687 intra-

261 1738 360 1788 re;
395 1738 542 1793 quos
575 1721 752 1792 [forte,
787 1722 964 1792 quod,
1003 1723 1206 1794 [nam]
1237 1740 1344 1778 nos
1373 1739 1604 1794 quoque
1647 1719 1917 1776 similiter

259 1827 382 1865 non
416 1811 520 1866 abs
551 1827 611 1866 re
642 1809 883 1866 forsitan
915 1810 1249 1867 inhibemus
1284 1829 1296 1868 :
1334 1828 1470 1866 nam
1503 1827 1654 1882 saepe
1688 1826 1914 1866 memo-
1944 1846 1991 1911 Β

261 1904 432 1954 ratus
454 1916 519 1954 ac
543 1915 776 1971 semper
795 1901 1212 1956 memorandus
1235 1899 1534 1972 apostolus
1557 1899 1773 1954 Paulus
1795 1898 1876 1953 ait
1899 1915 1911 1954 :

263 1987 456 2044 Omnis
484 1991 572 2043 vir
597 2004 761 2045 orans
792 1997 889 2044 aut
913 1989 1240 2061 prophetans
1269 1990 1438 2045 velato
1458 1988 1920 2060 capito,deturpat

260 2086 430 2149 caput
456 2095 637 2133 suum.
675 2078 740 2132 Et
767 2077 978 2134 iterum
1015 2095 1026 2132 :
1065 2079 1157 2135 Vir
1182 2077 1397 2149 quidem
1425 2094 1534 2133 non
1559 2077 1710 2132 debet
1740 2077 1917 2133 velare

261 2177 448 2240 caput,
481 2169 741 2239 quoniam
788 2169 970 2236 imago
1016 2176 1066 2223 et
1110 2169 1289 2239 gloria
1337 2176 1414 2223 est
1443 2169 1541 2222 Dei
1567 2167 1614 2238 (1
1647 2168 1762 2221 Cor.
1798 2168 1912 2234 x1);

264 2257 422 2328 quod
454 2257 610 2312 enim
643 2257 712 2311 de
744 2256 1028 2312 velamine
1059 2257 1196 2322 dici,
1231 2255 1407 2311 etiam
1439 2255 1508 2311 de
1539 2254 1802 2327 ligaturaz
1825 2271 1918 2310 vo-

264 2345 489 2401 lumine
520 2346 711 2411 debet,
745 2345 1060 2414 credimus,
1095 2344 1408 2401 observari.

339 2434 553 2489 LXVII.
591 2433 912 2489 Perhibetis
941 2451 1042 2489 vos
1083 2434 1566 2490 consuetudinem
1618 2433 1916 2500 habuisse,

263 2524 736 2595 quotiescunque
767 2521 1424 2594 aliquemjurejurando
1449 2540 1549 2594 pro
1577 2523 1836 2594 qualibet
1858 2539 1918 2577 re

264 2612 672 2684 disponebatis
703 2611 981 2684 obligare,
1008 2611 1278 2684 spatham
1313 2612 1369 2666 in
1399 2612 1657 2666 medium
1691 2611 1916 2676 atl‘erre,

264 2705 324 2756 et
355 2719 460 2774 per
489 2718 616 2757 eam
641 2702 1049 2772 juramentum
1075 2701 1394 2774 agebatur:
1422 2719 1574 2756 nunc
1597 2705 1792 2755 autem
1817 2716 1920 2771 per

263 2806 418 2862 quos
443 2791 644 2862 jurare
675 2789 935 2846 debeatis
965 2807 999 2844 a
1029 2789 1198 2845 nobis
1221 2789 1417 2861 juberi
1449 2788 1783 2861 deposcitis.
1805 2787 1916 2843 Sed

261 2896 375 2934 nos
407 2883 540 2934 ante
570 2879 770 2934 omnia
801 2895 916 2934 non
940 2895 1072 2933 sum
1096 2895 1198 2950 per
1219 2878 1716 2950 spatham,verum
1739 2877 1917 2932 etiam

263 2984 371 3040 per
402 2967 577 3022 aliam
610 2966 848 3022 omnino
880 2966 1177 3022 conditam
1211 2966 1465 3038 speciem
1490 2966 1676 3037 jurari
1693 2965 1920 3038 judica-

263 3073 402 3111 mus
437 3055 766 3128 indignum.
802 3056 907 3111 Per
937 3071 1112 3127 quem
1145 3055 1298 3110 enim
1324 3055 1918 3127 quisjurat,profecto

262 3150 322 3202 et
354 3143 550 3216 diligit
580 3148 636 3199 et
664 3149 995 3211 veneratur,
1027 3145 1126 3200 sed
1160 3149 1218 3199 et
1250 3144 1525 3200 fiduciam
1556 3161 1723 3198 suam
1754 3143 1803 3198 ei
1830 3143 1920 3198 Iir-

265 3251 364 3290 ma
394 3231 712 3289 stabilitate
743 3233 1150 3288 commendat:
1187 3233 1565 3304 quamobrem
1600 3250 1704 3306 per
1732 3233 1916 3288 Deum

252 3322 584 3395 jurandum
617 3321 830 3393 est,qui
855 3322 928 3377 ab
957 3321 1298 3377 hominibus
1321 3321 1654 3393 diligendus
1677 3325 1727 3377 et
1755 3339 1918 3378 vene-

263 3412 572 3482 randus,et
600 3409 658 3465 in
690 3427 805 3482 quo
837 3409 1031 3466 omnis
1060 3427 1192 3482 spes
1220 3415 1276 3466 et
1305 3409 1519 3464 ﬁducia
1537 3414 1628 3465 est
1648 3409 1914 3478 locanda,

261 3505 320 3556 et
352 3518 386 3554 a
416 3517 534 3571 quo
566 3517 680 3572 pra:
712 3499 940 3555 cunctis
963 3498 1248 3554 creaturis
1270 3504 1359 3553 est
1381 3515 1614 3569 semper
1633 3497 1916 3553 auxilium

261 3589 891 3660 exspectandum.nam
925 3604 1059 3642 cum
1091 3605 1120 3643 a
1156 3587 1402 3642 Domino
1423 3603 1526 3658 per
1554 3586 1915 3653 coelum,ter-

262 3695 413 3743 ram,
437 3682 615 3750 caput
646 3682 704 3734 et
729 3676 1056 3734 Jerusalem
1083 3694 1196 3732 non
1217 3675 1778 3748 jurarejubetur,nil
1805 3674 1918 3730 nisi

262 3772 329 3823 ut
360 3784 465 3840 per
493 3770 823 3822 creaturam
846 3767 1101 3836 juretur,
1137 3764 1336 3838 procul
1370 3764 1547 3820 dubio
1595 3764 1914 3820 inhibetur.

261 3856 426 3920 Quod
461 3859 656 3911 autem
685 3871 785 3927 per
813 3854 915 3911 Dei
946 3871 1156 3912 nomen
1177 3854 1378 3924 jurare
1400 3853 1919 3926 praecipiamur,ip-

263 3962 330 4000 so
353 3945 623 4016 jubente,
657 3943 1154 4002 didicimus.Sane
1183 3959 1502 4015 possumus
1532 3959 1635 4014 per
1653 3959 1752 3998 eas
1773 3943 1918 3998 dun-

264 4038 427 4089 taxat
458 4036 760 4089 creaturas
788 4033 1004 4104 jurare,
1038 4050 1166 4105 quas
1216 4031 1431 4087 divinis
1480 4035 1618 4086 sunt
1660 4031 1918 4087 cultibus

261 4124 653 4194 deputatae,ut
684 4126 772 4178 est
801 4122 1089 4194 templum
1121 4126 1178 4178 et
1209 4120 1408 4187 altare,
1440 4119 1500 4176 in
1551 4121 1767 4193 quibus
1817 4119 1917 4192 qui

205 4209 210 4213 “
251 4213 439 4281 jurat,
474 4211 632 4282 jurat
662 4210 720 4266 in
748 4210 914 4283 ipsis,
947 4215 1005 4266 et
1053 4210 1151 4283 qui
1203 4210 1432 4266 habitat
1480 4211 1538 4264 in
1591 4210 1756 4282 ipsis,
1783 4213 1839 4266 et
1869 4209 1916 4266 si

259 4317 389 4373 quae
422 4303 564 4355 sunt
596 4298 1123 4372 talia.Quapropter
1144 4299 1280 4370 jure
1311 4316 1412 4370 per
1433 4297 1920 4371 Evangeliumju-

257 4388 518 4443 randum
550 4391 657 4454 est,
683 4388 741 4442 in
775 4404 890 4458 quo
922 4387 1206 4460 quidquid
1241 4387 1594 4452 continetur,
1629 4387 1773 4442 nihil
1806 4387 1919 4444 nisi

257 4476 496 4548 Dei,qui
531 4476 587 4530 in
623 4491 689 4532 eo
722 4476 999 4532 scribitur
1029 4481 1086 4531 et
1116 4475 1331 4548 legitur
1358 4493 1506 4544 esse,
1531 4476 1798 4548 praefecto
1831 4475 1918 4531 di-

2027 565 2168 620 hora
2199 567 2398 622 eadem
2435 584 2549 639 qua
2579 573 2868 642 genuerit,
2901 576 3101 628 actura
3130 573 3348 645 gratias
3375 574 3547 629 intret
3578 593 3670 630 ec-

2026 654 2287 724 clesiam,
2323 656 2484 711 nullo
2516 659 2733 729 peccati
2767 662 3022 732 pondere
3053 668 3327 734 gravatur
3359 680 3371 718 :
3405 662 3672 736 voluptas

2025 743 2180 798 enim
2214 744 2426 810 carnis,
2462 763 2575 801 non
2609 747 2773 804 dolor
2803 749 2859 803 in
2896 749 3069 822 culpa
3097 757 3204 818 est,
3239 751 3296 806 in
3339 752 3530 808 carnis
3563 769 3671 807 au-

2025 835 2144 886 tem
2178 833 2584 891 commistione
2616 836 2883 910 voluptas
2909 844 3028 906 est;
3063 857 3196 896 nam
3231 840 3289 895 in
3322 840 3500 912 prolis
3542 858 3672 913 pro-

2025 919 2239 977 latione
2261 923 2536 994 gemitus,
2565 927 2719 982 unde
2744 931 2801 982 et
2832 927 2942 999 ipsi
2975 928 3175 1000 prima)
3207 929 3469 984 omnium
3502 929 3674 984 matri

2024 1009 2242 1065 dicitur
2273 1028 2285 1065 :
2318 1014 2381 1067 In
2411 1013 2687 1070 doloribus
2713 1018 2900 1087 paries
2950 1018 3104 1087 (Gen.
3138 1019 3218 1088 Ill)
3255 1035 3266 1072 :
3299 1019 3345 1074 si
3378 1035 3513 1090 ergo
3545 1018 3673 1073 eni-

2023 1117 2155 1154 xam
2190 1098 2495 1156 mulierem
2520 1103 2737 1160 intrare
2758 1105 3060 1162 ecclesiam
3079 1107 3670 1180 prohibemus,ipsam

2025 1187 2074 1242 ei
2108 1205 2339 1260 poenam
2371 1189 2429 1244 in
2459 1191 2691 1263 culpam
2718 1195 3090 1266 deputamus.

2097 1276 2281 1332 LXIX.
2316 1279 2465 1342 Quot
2491 1280 2716 1336 vicibus
2738 1299 2842 1354 per
2860 1287 3046 1339 totum
3070 1302 3291 1340 annum
3313 1285 3671 1357 baptismata

2025 1364 2302 1422 celebrari
2335 1367 2604 1437 debeant,
2637 1370 2726 1426 vel
2757 1371 2806 1427 si
2831 1373 3033 1428 eodem
3066 1373 3158 1428 die
3187 1373 3411 1429 licitum
3443 1374 3520 1430 sit
3549 1391 3670 1430 car-

2025 1471 2128 1511 nes
2159 1456 2406 1524 comedi,
2440 1457 2528 1513 vel
2561 1463 2704 1530 quot
2734 1459 2793 1514 in
2825 1462 3316 1532 consequentibus
3367 1463 3438 1518 ab
3469 1463 3561 1519 his
3592 1463 3669 1518 sit

2025 1543 2463 1614 abstinendum,
2500 1547 2815 1618 requiritis.
2851 1548 3109 1622 Insignia
3155 1549 3336 1622 igitur
3381 1553 3517 1606 anni
3551 1551 3668 1607 sive

2025 1628 2310 1686 solemnia
2340 1635 2625 1703 tempora,
2649 1633 2866 1706 quibus
2896 1635 3250 1707 baptismata
3281 1636 3666 1707 celebrantur,

2025 1719 2350 1775 secundum
2403 1738 2678 1789 canones,
2707 1724 2821 1779 duo
2872 1729 3029 1792 sunt,
3064 1725 3299 1781 Pascha:
3346 1725 3568 1781 scilicet
3615 1732 3672 1782 et

2026 1806 2413 1864 Pentecostes.
2447 1810 2660 1865 Verum
2694 1811 2847 1867 circa
2870 1829 2972 1867 vos
3006 1812 3168 1868 nulla
3199 1819 3336 1868 sunt
3378 1814 3438 1869 in
3481 1814 3672 1886 bapti-

2023 1897 2207 1952 zando
2226 1901 2490 1970 tempora
2507 1900 2741 1971 penitus
2759 1902 3150 1970 observanda;
3171 1904 3671 1974 quemadmodum

2026 2002 2129 2040 nec
2160 2003 2298 2059 erga
2325 2003 2426 2043 eos
2457 1988 2557 2059 qui
2591 1989 2797 2044 mortis
2826 1989 3026 2046 vicinae
3058 1991 3382 2063 periculum
3415 1997 3675 2048 metuen-

2024 2079 2113 2130 tes
2133 2079 2294 2131 tanto
2318 2075 2546 2132 lavacro
2571 2078 2805 2150 purgari
2830 2080 3162 2135 desiderant
3186 2097 3198 2134 :
3227 2097 3258 2136 a
3279 2081 3556 2137 carnibus
3578 2099 3674 2136 au-

2025 2167 2140 2219 tem
2167 2164 2293 2235 ipso
2315 2164 2408 2220 die
2433 2165 2503 2221 iis
2526 2167 2626 2238 qui
2650 2167 2901 2224 Sabbato
2924 2168 3240 2237 sancto,vel
3263 2170 3504 2226 sabbato
3529 2170 3672 2226 Pen-

2023 2256 2272 2308 tecostes
2313 2253 2585 2326 baptizati
2637 2256 2870 2325 fuerint,
2905 2257 3195 2314 abstinere
3244 2257 3442 2330 procul
3495 2259 3671 2314 dubio

2025 2342 2293 2396 convenit
2316 2358 2328 2396 :
2354 2345 2850 2415 consequentibus
2871 2363 3002 2401 vero
3030 2351 3252 2418 septem
3283 2346 3615 2419 diebus,qui
3639 2365 3673 2402 a

2025 2430 2318 2486 veteribus
2354 2432 2478 2488 dies
2509 2450 2843 2505 azymorum
2872 2435 3233 2502 dicebantur,
3249 2440 3305 2491 et
3336 2435 3446 2492 diei
3479 2453 3673 2492 resur-

2027 2519 2300 2575 rectionis
2331 2519 2644 2577 Dominicw
2671 2511 2974 2578 convincti’
2991 2523 3330 2598 {conjuncti}
3370 2525 3475 2580 rite
3525 2525 3672 2580 cele-

2026 2609 2289 2674 brantur,
2305 2609 2354 2664 si
2387 2609 2697 2682 quisquam
2731 2613 3199 2684 quandocumque
3227 2613 3502 2670 carnibus
3522 2614 3674 2670 vesci

2027 2697 2276 2767 aIi'ectat,
2311 2697 2493 2753 multo
2526 2700 2714 2771 magis
2745 2701 2913 2756 edere
2944 2719 3148 2756 carnes
3179 2707 3423 2774 oportet.

2101 2786 2256 2840 LXX.
2291 2787 2723 2842 Consulendum
2765 2790 3076 2844 decernitis
3126 2794 3324 2845 utrum
3377 2792 3672 2864 presbyte-

2028 2891 2155 2929 rum
2190 2891 2424 2930 uxorem
2459 2875 2782 2932 habentum
2814 2878 3073 2934 debeatis
3105 2883 3434 2935 sustentare
3475 2885 3530 2936 et
3569 2880 3673 2935 ho-

2027 2979 2252 3030 norare,
2270 2980 2341 3019 an
2361 2981 2394 3018 a
2409 2965 2572 3021 vobis
2593 2966 2906 3038 projicere:
2929 2984 3044 3038 quo
3070 2969 3513 3040 respondemus,
3529 2985 3675 3042 quo-

2029 3052 2186 3107 niam
2216 3051 2352 3107 licet
2382 3053 2526 3125 ipsis
2554 3054 2722 3110 valde
2753 3055 3239 3127 reprehensibiles
3284 3057 3421 3125 sint,
3455 3075 3556 3113 vos
3586 3063 3674 3114 ta-

2027 3157 2159 3196 men
2193 3141 2506 3196 Dominum
2536 3142 2755 3198 imitari
2786 3145 3072 3213 convenit,
3104 3147 3202 3218 qui
3226 3147 3395 3202 solem
3423 3152 3677 3215 suum,ut

1949 3211 1991 3280 C
2027 3229 2404 3302 Evangelium
2436 3235 2702 3302 testatur,
2733 3235 2876 3289 oriri
2900 3235 3035 3305 facit
3059 3211 3245 3306 super
3292 3237 3453 3292 bonos
3482 3245 3533 3291 et
3554 3211 3672 3291 nia-

2027 3320 2122 3385 tos,
2156 3328 2206 3374 et
2233 3321 2378 3390 pluit
2405 3337 2568 3392 super
2587 3323 2764 3392 justas
2793 3329 2845 3377 et
2890 3323 3121 3394 injustas
3172 3323 3379 3395 (Matth.
3410 3325 3486 3395 v).
3520 3323 3673 3396 Deji-

2027 3423 2153 3464 cere
2184 3425 2316 3464 vero
2347 3425 2480 3464 eum
2515 3427 2547 3464 a
2577 3410 2740 3466 vobis
2771 3410 2899 3466 ideo
2949 3429 3064 3467 non
3114 3412 3360 3479 hebetis,
3395 3413 3674 3484 quoniam

2027 3513 2131 3552 nec
2161 3496 2374 3552 Judam
2410 3498 2853 3570 Dominus,cum
2876 3505 3029 3557 esset
3051 3502 3301 3557 mendax
3322 3501 3669 3573 discipulus,

2027 3586 2096 3641 de
2129 3603 2372 3642 numero
2405 3587 2802 3659 apostolorum
2834 3590 3063 3660 dcjecit.
3095 3590 3310 3646 Verum
3342 3591 3412 3646 de
3443 3591 3676 3663 presby-

2026 3675 2164 3730 teris
2207 3674 2645 3748 qualescunque
2696 3678 2832 3744 sint,
2860 3679 3045 3744 vobis,
3079 3679 3178 3751 qui
3213 3678 3341 3734 laici
3374 3679 3536 3746 estis,
3569 3695 3674 3735 nec

2018 3763 2410 3834 judicandum
2438 3770 2544 3833 est,
2580 3783 2683 3821 nec
2718 3767 2787 3822 de
2817 3767 2933 3822 vita
2963 3767 3227 3840 ipsorum
3263 3767 3563 3840 quidpiam
3587 3767 3675 3823 in-

2026 3853 2568 3925 vestigandum,sed
2590 3854 2993 3928 episcoporum
3010 3856 3234 3927 judicio
3257 3857 3542 3929 quidquid
3566 3861 3674 3927 est,

2026 3957 2130 4013 per
2159 3941 2356 3996 omnia
2383 3944 2821 3999 reservandum.

2099 4030 2284 4086 LXXI.
2321 4030 2768 4087 Sciscitantibus
2825 4033 3011 4103 vobis,
3065 4034 3114 4089 si
3147 4052 3179 4089 a
3212 4035 3530 4099 sacerdote,
3576 4034 3678 4106 qui

2027 4117 2146 4174 sive
2177 4118 2640 4191 comprehensus
2687 4125 2776 4176 est
2826 4121 2886 4176 in
2938 4120 3246 4188 adulterio,
3282 4122 3398 4178 sive
3450 4123 3521 4178 de
3571 4122 3679 4179 hoc

2028 4209 2184 4263 fama
2223 4207 2348 4263 sola
2395 4225 2699 4280 respersus
2748 4214 2859 4275 est,
2893 4209 3155 4266 debeatis
3203 4211 3677 4267 communionem

2028 4297 2346 4368 suscipere,
2371 4313 2573 4364 necne,
2610 4298 3062 4370 respondemus:
3083 4299 3206 4354 Non
3240 4303 3432 4371 potest
3463 4299 3677 4372 aliquis

2028 4391 2557 4459 quantumcunque
2575 4385 2833 4458 pollutus
2852 4387 3322 4455 sit,sacramenta
3343 4388 3538 4444 divina
3559 4389 3678 4460 pol-

2027 4475 2343 4547 luere,quze
2376 4476 2714 4548 purgatoria
2744 4479 3087 4532 cunctarum
3113 4477 3368 4533 remedia
3389 4478 3679 4550 contagio-

251 4566 574 4637 gnoscitur
608 4582 621 4620 :
655 4564 850 4637 ipsum
881 4569 969 4622 est
999 4564 1154 4622 enim
1178 4565 1268 4620 lex
1290 4564 1716 4636 nostra,ipsum
1747 4569 1921 4621 testa—
1951 4586 1996 4650 ι)
2030 4582 2172 4620 num
2205 4564 2481 4620 existunt.
2519 4565 2632 4620 Nec
2664 4570 2854 4638 potest
2884 4565 3023 4621 solis
3054 4566 3254 4622 radius
3303 4583 3406 4638 per
3451 4566 3677 4622 cloacas

252 4659 524 4710 mentum
556 4655 1005 4726 nostrum,quod
1031 4653 1238 4727 legiter
1261 4657 1317 4708 et
1339 4658 1582 4709 testator
1633 4653 1921 4710 Dominus

253 4747 312 4798 et
349 4743 710 4815 Redemptor
740 4747 938 4798 noster
967 4743 1168 4799 electis
1199 4742 1324 4798 suis
1349 4739 1721 4814 disposuit,et
1743 4741 1791 4797 si
1813 4742 1923 4798 hoc

255 4849 536 4888 amamus
566 4848 670 4905 per
699 4831 895 4904 ipsum
927 4832 1104 4888 etiam
1129 4832 1440 4902 juramus;
1475 4830 1689 4886 etenim
1725 4831 1924 4886 omnis

256 4938 393 4976 vera
426 4920 528 4992 qui
562 4921 832 4993 dicit,per
862 4937 997 4976 eum
1021 4921 1186 4991 jurat
1215 4937 1390 4992 quem
1426 4923 1616 4987 amat;
1654 4937 1761 4976 nos
1783 4936 1922 4992 ergo

261 5009 309 5065 si
345 5027 452 5082 per
480 5008 860 5083 Evangelium
886 5011 1247 5081 juramus,et
1270 5013 1693 5077 testatorem,et
1726 5009 1922 5081 ipsum

261 5103 687 5155 testamentum
707 5097 948 5170 diligere
965 5098 1500 5170 comprobamur,et
1517 5098 1588 5152 ab
1611 5099 1737 5169 ejus
1761 5115 1924 5152 man-

259 5188 418 5244 datis
448 5205 557 5243 nos
590 5187 741 5244 nolle
771 5188 1038 5243 recedere
1069 5186 1269 5259 procul
1292 5186 1469 5242 dubio
1492 5186 1916 5259 significamus.

334 5277 574 5333 LXVIII.
610 5275 960 5348 Requisistis
992 5281 1124 5348 post
1154 5279 1296 5348 quot
1326 5277 1450 5331 dies
1482 5274 1695 5331 mulier
1737 5275 1921 5348 possit

256 5365 571 5423 ecclesiam
599 5366 821 5422 intrare
853 5369 1168 5438 postquam
1200 5364 1468 5438 genuerit
1499 5382 1511 5419 :
1546 5363 1606 5419 in
1650 5381 1764 5436 quo
1816 5381 1923 5420 nos

251 5456 677 5528 praedecesoris
724 5454 907 5526 nostri
957 5453 1111 5510 beati
1160 5454 1420 5526 Gregorii
1471 5472 1630 5526 papae
1680 5453 1925 5525 vestigia

253 5549 603 5618 sequentes,
637 5546 839 5602 eadem
887 5562 1015 5619 quae
1064 5543 1190 5618 ipse
1240 5543 1632 5611 decernimus,
1667 5543 1767 5616 qui
1818 5558 1922 5615 pro

259 5652 414 5696 nova
441 5638 616 5712 gente
647 5635 802 5699 sicut
834 5653 939 5694 nos
967 5634 1141 5694 modo
1174 5633 1523 5696 instruenda
1551 5630 1926 5704 scribens,in-

2029 4657 2084 4709 et
2106 4653 2351 4710 latrinas
2373 4654 2665 4710 transiens
2689 4653 2907 4726 aliquid
2937 4655 3142 4710 exinde
3167 4654 3677 4710 contaminationis

2033 4742 2324 4799 attrahere
2361 4760 2371 4798 :
2407 4743 2649 4814 proinde
2675 4743 3105 4816 qualiscunque
3137 4745 3409 4801 sacerdos
3438 4745 3677 4817 sibque:

2033 4835 2234 4886 sancta
2265 4835 2403 4887 sunt
2435 4832 2814 4903 coinquinare
2846 4849 2961 4887 non
3012 4837 3234 4904 potest;
3271 4833 3484 4888 idcirco
3517 4834 3587 4888 ab
3612 4849 3678 4889 eo

2032 4936 2337 4991 usquequo
2369 4919 2776 4994 episcoporum
2803 4921 3030 4992 judicio
3054 4922 3682 4994 reprobetur,commu-

2033 5006 2127 5061 nio
2147 5007 2519 5079 percipienda
2535 5013 2650 5064 est:
2669 5008 2947 5080 quoniam
2970 5008 3108 5063 mali
3127 5009 3279 5064 bona
3297 5009 3681 5066 ministrando

2033 5112 2094 5151 se
2124 5097 2532 5152 tantummodo
2561 5096 2782 5152 lzedunt
2815 5115 2826 5151 :
2863 5102 2920 5152 et
2951 5114 3114 5152 cerea
3145 5098 3239 5152 fax
3281 5115 3524 5153 accensa
3570 5097 3682 5154 sibi

2031 5183 2270 5256 quidem
2302 5184 2718 5240 detrimentum
2750 5190 3008 5257 praestat,
3035 5185 3164 5241 aliis
3193 5204 3326 5241 vero
3370 5187 3568 5240 lumen
3619 5185 3675 5240 in

2030 5271 2287 5328 tenebris
2321 5272 2714 5339 administrat,
2749 5278 2805 5329 et
2834 5275 2988 5329 unde
3019 5274 3147 5330 aliis
3178 5275 3552 5330 commodum
3584 5291 3681 5329 ex-

2031 5362 2212 5430 hibet,
2246 5360 2382 5416 inde
2412 5361 2525 5416 sibi
2555 5362 2931 5434 dispendium
2963 5364 3196 5434 praebet.
3231 5363 3456 5418 Sumite
3503 5363 3683 5435 igitur

2033 5451 2321 5522 intrepide
2352 5450 2424 5505 ab
2457 5451 2613 5506 omni
2648 5453 2946 5507 sacerdote
2977 5451 3188 5507 Christi
3223 5451 3677 5523 mysteria,quo-

2033 5540 2193 5596 niam
2222 5541 2424 5596 omnia
2452 5539 2512 5595 in
2544 5541 2656 5596 {ide
2685 5541 3209 5614 purgantur.Fides
3241 5544 3328 5596 est
3358 5539 3678 5613 enim,quai

2035 5628 2216 5689 vincit
2245 5628 2405 5689 hunc
2431 5631 2744 5705 mundum,
2776 5635 2833 5688 et
2863 5630 3001 5706 quia
3032 5647 3146 5690 non
3178 5630 3393 5702 dantis,
3413 5631 3514 5690 sed
3536 5630 3683 5711 accif
