4036 6132
249 304 410 389 tuos
1465 304 1866 384 npls'ro‘ns
1906 300 2009 379 Er
2049 304 2435 382 uacuam.

3496 306 3654 389 i010

251 450 439 526 ciosa,
468 454 889 531 providendum
921 458 1026 524 est,
1061 459 1127 513 ut
1149 451 1210 513 in
1242 454 1403 514 omni
1434 459 1603 529 pacto
1632 453 1900 511 Christus
2012 469 2187 526 quam
2223 458 2516 527 peccatur,
2536 453 2790 528 profecto
2821 457 2878 513 et
2898 452 3220 528 judicatur.
3243 453 3454 515 Scimus
3473 442 3651 527 enim,

246 547 736 622 prseponaturdta
754 550 819 603 ut
842 546 967 619 lege
988 544 1259 619 ipsius,et
1280 546 1567 620 praecipue
1590 545 1703 600 ﬁde
1727 542 1905 597 illaesa
2017 547 2082 598 ut
2113 544 2436 599 secundum
2457 543 2799 617 Apostolum
2824 545 3108 615 dicamus,
3128 548 3416 622 quiajusto
3437 550 3526 605 lex
3543 568 3653 606 non

245 635 997 711 persistente,fcedus,quod
1011 635 1255 691 invicem
1268 634 1906 708 pangitur,permaneat
2012 640 2091 688 est
2115 636 2310 705 posita,
2342 633 2433 689 sed
2464 635 2702 707 injustis,
2733 643 2784 690 et
2813 651 2925 691 non
2970 636 3222 706 subditis,
3270 645 3321 694 et
3367 640 3575 711 impiis,
3606 647 3656 698 et

242 727 655 799 incorruptum
692 742 705 781 :
741 742 919 798 quam
942 730 1138 781 autem
1164 740 1366 797 pacem
1390 723 1598 779 sectari
1621 720 1900 789 debeatis,

241 810 533 874 Dominus
584 813 944 881 manifestat,
976 830 1110 869 cum
1141 813 1285 869 dicit
1316 829 1329 868 :
1363 815 1564 871 Pacem
1606 827 1785 866 meam
1837 809 1903 865 do

243 905 400 961 vobis
430 904 607 971 (Joan.
641 908 775 974 xxv),
809 920 944 959 cum
977 919 1043 959 eo
1074 902 1256 976 igitur
1285 902 1385 975 qui
1437 917 1639 975 pacem
1690 897 1902 955 Christi

242 1002 366 1050 non
398 992 594 1059 habet,
614 1010 720 1049 nec
751 1009 858 1049 nos
888 991 1320 1049 communionis
1348 991 1561 1047 habere
1591 1005 1794 1062 pacem
1812 988 1906 1043 de-

239 1084 491 1152 bemus;
517 1083 619 1139 sed
652 1099 757 1138 nec
789 1099 924 1138 cum
955 1081 1055 1137 illo
1088 1081 1189 1155 qui
1223 1097 1423 1154 pacem
1456 1079 1670 1135 idcirco
1702 1081 1901 1151 postu-

240 1172 348 1240 lat,
384 1175 449 1228 ut
474 1171 719 1228 liberius
748 1170 951 1227 nociva
982 1171 1331 1227 committat.

318 1261 552 1319 LXXXI.
600 1259 928 1317 Percontati
984 1260 1144 1329 estis,
1205 1259 1253 1316 si
1313 1275 1449 1316 cum
1509 1260 1899 1333 generatione,

245 1356 380 1425 quae
408 1351 740 1407 Christiana
768 1354 879 1416 est,
913 1348 1103 1405 foedus
1152 1348 1498 1422 interposito
1541 1364 1611 1403 ex
1656 1352 1905 1419 utraque

245 1444 415 1515 parte
428 1439 815 1512 jurejurando
845 1437 1121 1506 feceritis,
1153 1442 1212 1494 et
1241 1441 1372 1511 post
1396 1438 1517 1493 haec
1549 1436 1631 1492 illi
1664 1440 1902 1509 pactum

244 1529 605 1602 dirumpere,
623 1532 680 1585 et
709 1545 885 1600 super
910 1544 1013 1584 vos
1042 1527 1347 1601 insurgere
1367 1526 1685 1595 voluerint;
1705 1530 1902 1581 utrum

242 1622 308 1676 et
352 1635 456 1675 vos
507 1618 667 1674 adire
714 1619 917 1673 contra
976 1633 1074 1673 eos
1118 1615 1403 1685 audeatis,
1429 1631 1501 1671 an
1562 1614 1720 1671 aliud
1761 1613 1900 1686 quid

244 1725 421 1781 agere
451 1708 735 1764 debeatis.
766 1706 983 1762 Verum
1017 1705 1211 1761 omnis
1261 1709 1351 1761 est
1401 1704 1720 1761 necessitas
1766 1703 1906 1759 tole-

243 1796 659 1888 randa,magis
689 1811 866 1888 quam
896 1811 931 1888 a
961 1794 1131 1888 nobis
1162 1792 1437 1888 quaelibet
1459 1793 1749 1888 iniquitas
1772 1809 1903 1865 per—
1932 1822 1980 1888 Β

243 1887 535 1963 patranda
568 1902 581 1939 :
614 1884 859 1958 proinde
892 1884 1081 1940 foedus
1109 1883 1263 1956 quod
1296 1882 1573 1955 pangitis,
1607 1880 1770 1938 nulla
1815 1886 1905 1937 est

245 1975 555 2033 occasione
582 1973 942 2041 violandum,
966 1972 1082 2028 nisi
1113 1973 1259 2028 forte
1287 1971 1347 2027 in
1379 1970 1764 2028 confirmandi
1803 1971 1901 2026 fos-

249 2058 409 2122 deris
438 2063 626 2136 ipsius
659 2062 903 2118 articulo
935 2061 1347 2135 interpositum
1368 2066 1474 2129 est,
1495 2065 1786 2133 quatenus
1819 2058 1903 2116 sic

249 2170 374 2210 una
405 2168 537 2227 pars
567 2152 627 2208 id
658 2152 806 2208 foret
855 2151 1253 2217 observatura,
1286 2149 1335 2206 si
1390 2166 1526 2223 pars
1571 2150 1681 2206 hoc
1724 2148 1905 2205 altera

248 2242 418 2300 nulla
462 2238 939 2314 tergiversatione
986 2238 1293 2307 violasset;
1327 2238 1619 2312 siquidem
1668 2256 1702 2294 a
1738 2237 1902 2294 Chri-

252 2333 447 2389 stiano
478 2347 664 2404 genus
692 2346 862 2386 omne
892 2327 1182 2384 mendacii
1213 2345 1587 2402 summopere
1607 2327 1902 2384 declinan-

253 2418 401 2479 dum
432 2425 520 2477 est
548 2423 784 2492 pr0pter
812 2417 978 2488 illud,
1012 2417 1167 2490 quod
1202 2434 1237 2473 a
1263 2417 1379 2473 Deo
1411 2416 1626 2473 dicitur
1653 2434 1666 2472 :
1705 2418 1904 2474 Perdes

251 2526 439 2569 omnes
486 2510 584 2583 qui
630 2510 930 2582 loquuntur
977 2505 1333 2563 mendacium
1361 2506 1633 2579 (Psal.v).
1673 2506 1743 2561 Et
1796 2505 1903 2562 ite-

250 2615 389 2657 rum
423 2616 436 2654 :
472 2598 538 2656 0s
567 2596 709 2670 quod
737 2597 1019 2665 mentitur,
1052 2594 1248 2652 occidit
1289 2597 1537 2651 animam
1566 2595 1714 2667 (Bap.
1747 2599 1809 2657 ι).
1838 2596 1907 2651 Et

246 2687 568 2763 Apostolus
602 2702 616 2741 :
649 2687 848 2751 Nolite,
899 2686 999 2753 ait,
1043 2686 1271 2741 mentiri
1325 2686 1561 2741 invicem
1615 2685 1751 2753 (Col.
1801 2686 1903 2752 III).

246 2779 386 2836 Jam
418 2791 552 2832 vero
584 2774 634 2831 si
666 2774 750 2830 illi
798 2772 1123 2847 postposito
1162 2774 1520 2845 juramento,
1553 2772 1907 2846 diruptoque

247 2866 470 2923 foedere
502 2867 706 2920 contra
733 2878 836 2919 vos
866 2861 1310 2933 insurrexerint,
1339 2861 1481 2933 quid
1511 2878 1612 2917 vos
1642 2865 1909 2934 oporteat

253 2952 766 3028 agere,episcopus
777 2955 969 3007 vester
981 2968 1014 3007 a
1028 2949 1191 3006 vobis
1204 2949 1522 3022 inquisitus
1535 2951 1912 3021 respondeat,

255 3043 363 3118 qui
385 3045 557 3115 juxta
585 3042 813 3115 positus
843 3043 901 3097 et
921 3038 1425 3096 circumstantiam
1456 3045 1739 3105 rerum,et
1765 3043 1910 3094 tem-

259 3149 477 3207 porum
507 3130 871 3204 qualitatem,
906 3133 963 3185 et
986 3144 1180 3185 mores
1212 3143 1615 3200 personarum,
1647 3131 1703 3183 et
1733 3126 1909 3199 justi-

2009 722 2405 793 peccatoribus,
2436 724 2732 791 sceleratis,
2757 724 3072 796 patricidis,
3097 735 3149 781 et
3189 727 3517 795 matricidis,
3560 728 3655 786 ho-

2014 812 2254 878 micidis,
2283 814 2625 885 fornicariis,
2658 814 3026 871 masculorum
3048 817 3511 887 concubitoribus,
3539 819 3660 891 pla-

2011 903 2230 973 giariis,
2253 901 2625 970 mendacibus,
2656 905 2918 975 pcrjuris.
2950 912 3002 959 et
3028 905 3079 960 si
3125 905 3255 977 quid
3299 907 3459 962 aliud
3501 923 3659 966 sana

2011 989 2275 1048 doctrinae
2302 989 2639 1059 adversatur,
2675 1007 2798 1064 quae
2843 1000 2922 1048 est
2965 993 3263 1050 secundum
3301 996 3661 1066 Evangelium

2012 1080 2212 1149 gloriae
2242 1081 2388 1136 beati
2414 1081 2512 1135 Dei
2532 1083 2585 1148 (1
2616 1081 2748 1136 Tim.
2783 1082 2824 1150 ι)
2861 1097 2873 1135 :
2909 1099 3025 1138 non
3071 1087 3266 1139 autem
3312 1083 3476 1140 vobis
3523 1084 3658 1142 licet

2011 1168 2252 1225 clericos
2277 1168 2566 1241 judicare,
2581 1186 2715 1226 cum
2745 1187 2847 1227 vos
2878 1171 3068 1245 magis
3098 1173 3169 1228 ab
3189 1171 3334 1246 ipsis
3354 1173 3659 1230 conveniat

2004 1257 2280 1329 judicari.

2084 1346 2367 1402 LXXXIV.
2402 1346 2839 1420 Requirendum
2871 1365 2904 1404 a
2933 1349 3104 1406 nobis
3152 1350 3369 1408 ducitis
3411 1352 3554 1424 quid
3586 1354 3659 1409 de

2012 1452 2079 1491 eo
2102 1435 2493 1508 judicandum
2525 1436 2619 1504 sit,
2655 1437 2756 1509 qui
2788 1437 3105 1509 quemlibet
3136 1440 3283 1496 falso
3313 1440 3659 1498 criminatus

2014 1523 2210 1593 fuerit,
2244 1528 2300 1581 et
2329 1524 2706 1597 postmodum
2739 1530 3044 1583 accusator
3081 1528 3255 1585 fallax
3299 1532 3656 1603 apparuerit.

2013 1613 2094 1669 De
2124 1613 2232 1669 hoc
2263 1614 2532 1686 quamvis
2561 1616 2901 1671 venerandae
2932 1614 3091 1690 leges
3119 1619 3351 1675 abunde
3381 1620 3535 1692 quod
3560 1621 3658 1692 ju-

2014 1706 2172 1759 stum
2204 1706 2291 1759 est
2311 1704 2588 1771 innuant;
2612 1722 2719 1760 nos
2738 1708 2935 1761 tamen
2968 1707 3162 1778 potius
3211 1725 3344 1764 cum
3384 1711 3658 1782 Apostolo

2014 1809 2117 1875 vos
2148 1791 2220 1847 ad
2243 1792 2651 1848 misericordiae
2672 1792 2893 1851 viscera
2915 1812 3091 1867 quam
3112 1813 3175 1852 se
3201 1801 3352 1853 Deus
3376 1814 3554 1871 super
3573 1816 3662 1854 sa-

2012 1880 2296 1937 criﬁcium
2312 1880 2457 1937 velle
2486 1884 2758 1951 testatur,
2780 1900 3012 1956 semper
3029 1885 3298 1942 convenit
3337 1887 3657 1957 exhortari;

2012 1969 2301 2043 siquidem
2334 1970 2458 2042 ipse
2488 1988 2622 2026 cum
2649 1976 2873 2043 gentes,
2906 1990 3157 2046 quarum
3189 1975 3471 2049 magister
3513 1981 3657 2045 erat,

2012 2060 2265 2126 doceret,
2297 2076 2412 2115 non
2445 2060 2515 2115 ad
2548 2061 2951 2117 austeritatem
2982 2063 3151 2136 legis,
3183 2065 3285 2120 sed
3318 2064 3512 2138 potius
3560 2082 3660 2122 eas

2012 2149 2085 2204 ad
2132 2147 2543 2204 misericordiae
2598 2149 2821 2206 viscera
2887 2153 3236 2223 provocabat
3290 2154 3490 2210 dicens
3523 2170 3538 2211 :
3567 2157 3658 2210 In-

2011 2228 2165 2292 duite
2193 2252 2283 2291 vos
2311 2252 2439 2306 ergo
2466 2239 2608 2293 sicut
2635 2239 2790 2294 electi
2816 2240 2915 2295 Dei
2940 2242 3119 2296 sancti
3144 2249 3197 2297 et
3239 2242 3425 2298 dilecti
3448 2246 3660 2299 viscera

2010 2325 2409 2381 misericordiae
2440 2327 2855 2395 benignitatem,
2883 2329 3267 2399 humilitatem,
3317 2331 3659 2402 modestiam,

2008 2415 2358 2486 patientiam,
2389 2422 2765 2486 supportantes
2805 2417 3057 2483 invicem,
3087 2426 3139 2473 et
3166 2419 3428 2476 donantes
3471 2421 3619 2479 vobis
3641 2452 3663 2463 -

2011 2504 2275 2575 metipsis,
2302 2505 2353 2559 si
2381 2505 2504 2575 quis
2549 2503 2805 2561 adversus
2853 2506 3097 2578 aliquem
3153 2507 3313 2566 habet
3355 2512 3659 2582 querelam,

2011 2591 2150 2648 sicut
2201 2600 2251 2649 et
2310 2595 2584 2650 Dominus
2636 2593 2860 2651 donavit
2915 2598 3081 2665 vobis,
3132 2598 3210 2654 ita
3263 2607 3317 2654 et
3367 2616 3458 2656 vos
3513 2601 3658 2672 (Col.

2013 2686 2120 2747 III).

2087 2770 2342 2827 LXXXV.
2374 2771 2523 2844 Ergo
2552 2771 2824 2827 similiter
2852 2776 2910 2828 et
2939 2773 3092 2830 circa
3119 2791 3276 2845 eum,
3309 2778 3380 2833 de
3409 2794 3525 2850 quo
3555 2780 3664 2836 sci;

2015 2859 2330 2924 scitamini,
2356 2859 2455 2931 qui
2488 2858 2851 2916 mortiferum
2884 2862 3023 2934 quid
3055 2862 3280 2919 homini
3319 2866 3544 2922 dederit
3589 2869 3662 2925 ad

2014 2948 2357 3015 bibendum,
2380 2964 2482 3003 vos
2513 2949 2585 3004 ad
2618 2947 3077 3006 misericordiam
3109 2951 3666 3024 exhortamur,sicut

2017 3038 2076 3090 et
2117 3034 2400 3090 Dominus
2441 3035 2633 3105 jubet,
2663 3035 2864 3092 dicens
2899 3054 2911 3092 :
2943 3039 3204 3096 Dimittite
3251 3050 3303 3098 et
3359 3042 3666 3103 dimittetur

2016 3124 2165 3179 vobis
2194 3127 2346 3192 (Luc.
2378 3127 2478 3193 v1).

256 3189 409 3279 tiam
442 3189 698 3293 partium
730 3189 882 3275 clare
912 3189 1288 3291 cognoscens,
1308 3216 1463 3288 quod
1494 3189 1910 3289 congruentius
1941 3189 1984 3255 (ἶ
2093 3189 2375 3269 LXXXVI.
2405 3189 2463 3269 Si
2495 3213 2591 3268 fur
2618 3213 2707 3270 vel
2745 3214 2893 3271 latro
2941 3217 3340 3290 deprehensus
3390 3221 3580 3291 fuerit,
3610 3226 3667 3279 et

260 3314 323 3368 et
354 3310 650 3367 salubrius
680 3323 809 3365 esse
839 3306 1216 3381 perspexerit,
1245 3309 1386 3361 tunc
1434 3304 1664 3362 facilius
1702 3305 1915 3378 poterit

254 3399 545 3465 indicare,
577 3402 633 3454 et
662 3394 803 3470 quid
836 3396 928 3469 agi
959 3393 1264 3451 conveniat
1292 3398 1502 3450 cuncta
1543 3408 1913 3465 prainoscens

255 3486 431 3545 vobis
462 3485 710 3560 pleniter
738 3484 1032 3540 intimare.
1063 3482 1281 3538 Verum
1313 3499 1419 3538 nos
1456 3481 1691 3537 interim
1740 3482 1915 3538 rebus

263 3574 585 3650 incognitis
615 3574 802 3631 satius
833 3573 1241 3639 admonemus,
1261 3574 1326 3626 ut
1354 3586 1586 3643 semper
1614 3570 1828 3643 rogetis
1849 3586 1917 3626 ea

260 3674 397 3740 quae
426 3664 591 3738 pacis
622 3666 780 3719 sunt.

336 3752 598 3810 LXXXII.
631 3754 775 3807 Cum
802 3749 1047 3823 paganis
1077 3752 1272 3806 autem
1304 3747 1460 3821 quod
1482 3747 1560 3804 sit
1587 3747 1917 3804 Christiano

260 3848 504 3917 pactum
538 3832 891 3910 faciendum,
917 3837 1230 3910 Apostolus
1269 3837 1510 3903 indicat,
1543 3836 1644 3909 qui
1691 3837 1917 3893 nullam

261 3929 743 3988 communionem
772 3924 889 3983 luci
922 3927 993 3982 ad
1027 3926 1318 3993 tenebras,
1351 3924 1567 3980 Christi
1616 3925 1687 3980 ad
1738 3925 1917 3982 Belial

263 4022 314 4094 (Ι
340 4020 462 4076 Cor.
495 4020 594 4091 vr),
624 4016 782 4073 ﬁdeli
813 4033 947 4073 cum
996 4014 1218 4070 inﬁdeli
1268 4015 1369 4069 dat
1414 4013 1661 4086 intelligi
1711 4015 1919 4071 debere

263 4112 511 4181 prorsus
543 4105 1042 4162 existere.Verum
1066 4103 1114 4159 si
1149 4120 1215 4159 eo
1245 4101 1438 4157 fidelis
1468 4101 1663 4157 animo
1685 4108 1919 4174 pactum

264 4201 403 4253 c’um
435 4194 657 4251 inﬁdeli
688 4193 1012 4260 constituit,
1047 4196 1114 4249 ut
1142 4208 1276 4248 eum
1308 4192 1381 4247 ad
1410 4188 1637 4246 cultum
1671 4191 1788 4246 veri
1820 4191 1920 4247 Dei

266 4285 460 4359 possit
490 4283 919 4349 attrahere,non
944 4284 1034 4337 est
1066 4279 1493 4353 prohibendum
1521 4296 1534 4334 :
1559 4280 1924 4355 quandoqui-

269 4368 407 4431 dem
438 4371 754 4446 Apostolus
782 4371 956 4428 etiam
990 4368 1456 4436 matrimonium,
1490 4369 1644 4440 quod
1677 4385 1745 4424 ex
1766 4368 1922 4425 ﬁdeli

269 4465 505 4520 constat
532 4466 589 4517 et
616 4459 860 4527 inﬁdeli,
876 4476 991 4516 non
1014 4458 1242 4514 inhibet
1260 4457 1724 4530 permanendum
1738 4459 1786 4526 (1
1800 4459 1920 4515 Cor.

2021 3302 2317 3375 negaverit
2346 3303 2500 3375 quod
2532 3303 2583 3359 ei
2613 3303 2991 3378 impingitur;
3024 3307 3287 3365 asseritis
3335 3312 3490 3383 apud
3537 3329 3662 3382 vos,

2023 3391 2180 3463 quod
2202 3391 2384 3462 judex
2414 3395 2590 3463 caput
2630 3393 2759 3464 ejus
2801 3394 3137 3452 verberibus
3182 3398 3413 3467 tundat,
3446 3403 3503 3456 et
3533 3399 3667 3456 aliis

2023 3478 2283 3536 stimulis
2313 3480 2535 3547 ferreis,
2567 3481 2752 3537 donec
2779 3482 3080 3540 veritatem
3121 3486 3447 3558 depromat,
3478 3488 3667 3561 ipsius

2023 3568 2208 3626 latera
2236 3574 2486 3643 pungat;
2519 3586 2697 3642 quam
2730 3587 2850 3626 rem
2885 3588 2991 3628 nec
3035 3573 3229 3632 divina
3270 3574 3379 3643 lex,
3413 3593 3518 3633 nec
3556 3577 3673 3633 hu-

2025 3676 2202 3715 mana
2230 3676 2473 3731 prorsus
2505 3658 2922 3727 admittit,cum
2954 3678 3070 3717 non
3103 3662 3408 3731 invita,sed
3432 3670 3674 3739 sponta-

2026 3765 2136 3804 nea
2156 3748 2365 3804 debeat
2386 3764 2515 3804 esse
2535 3748 2955 3819 confessio,nec
2977 3750 3052 3805 sit
3066 3751 3350 3809 violenter
3370 3753 3673 3824 elicienda,

2028 3838 2129 3893 sed
2155 3836 2478 3893 voluntarie
2500 3837 2880 3909 proferenda:
2908 3839 3238 3911 denique,si
3258 3842 3566 3916 contigerit
3577 3861 3678 3901 vos

2028 3926 2204 3982 etiam
2238 3925 2355 3981 illis
2386 3925 2573 3998 poenis
2604 3925 2802 3994 illatis,
2832 3927 2977 3983 nihil
3009 3929 3080 3985 de
3109 3929 3221 3999 his,
3255 3948 3383 4003 qum
3414 3949 3588 4004 passo
3620 3934 3680 3989 in

2029 4011 2253 4070 crimen
2280 4014 2661 4085 objiciuntur,
2692 4015 2927 4087 penitus
2956 4018 3444 4087 invenire,nonne
3473 4020 3682 4077 saltem

2028 4108 2169 4160 tunc
2188 4101 2615 4171 erubescitis,et
2634 4119 2811 4174 quam
2835 4103 3305 4177 impiejudicetis
3326 4108 3684 4179 agnoscitis?

2031 4190 2521 4248 Similiterautem
2545 4190 2593 4245 si
2614 4189 2789 4246 homo
2810 4191 3156 4249 criminatus
3178 4194 3317 4249 talia
3328 4211 3540 4267 passus
3556 4214 3681 4253 sus-

2030 4277 2215 4335 tinere
2247 4295 2363 4334 non
2392 4278 2612 4346 valens,
2637 4277 2850 4334 direxit
2879 4296 2941 4336 se
2970 4286 3338 4354 perpetrasse
3356 4285 3511 4356 quod
3562 4302 3681 4342 non

2032 4367 2414 4441 perpetravit;
2443 4368 2515 4421 ad
2547 4383 2745 4438 quem,
2782 4384 2941 4441 rogo,
2974 4374 3147 4425 tantas
3197 4371 3515 4443 impietatis
3555 4390 3681 4430 ma-

2033 4455 2278 4530 gnitudo
2307 4454 2757 4524 revolvitur,nisi
2790 4458 2862 4512 ad
2890 4474 3024 4513 eum
3047 4458 3148 4531 qui
3178 4458 3334 4515 hunc
3362 4460 3504 4517 talia
3531 4463 3686 4535 cogit

265 4551 481 4618 mmet
502 4548 726 4620 Moyses
757 4550 1070 4619 cognatum
1104 4561 1281 4600 suum
1303 4544 1375 4599 ad
1394 4543 1491 4599 Dei
1520 4542 1637 4599 veri
1660 4544 1927 4603 notitiam
1961 4555 2006 4619 D
2036 4543 2396 4601 mendaciter
2425 4544 2684 4599 conﬁteri
2703 4545 2730 4600 ‘2
2752 4546 3018 4618 quamvis
3050 4564 3167 4603 non
3198 4548 3462 4604 conﬁteri
3484 4567 3687 4607 nosca-

264 4638 503 4694 trahere
533 4635 752 4705 volens,
779 4636 905 4707 ejus
937 4634 1274 4690 societatem
1308 4649 1422 4687 non
1450 4636 1925 4705 aspernatur,sed

269 4725 574 4783 comitatui
608 4738 715 4781 suo
745 4723 954 4780 ducem
985 4722 1107 4779 fore
1138 4736 1511 4793 summopere
1559 4721 1921 4793 deprecatur.

268 4814 657 4873 Inveniuntur
685 4818 883 4869 autem
915 4810 1179 4868 nonnulli
1209 4814 1545 4866 sanctorum
1577 4812 1634 4865 et
1664 4810 1927 4868 ﬁdelium

271 4920 413 4961 cum
443 4901 791 4974 alienigenis
819 4905 877 4957 et
903 4900 1241 4956 inﬁdelibus
1264 4903 1436 4972 pacta
1454 4902 1511 4954 et
1532 4897 1801 4955 amicitiae
1824 4901 1931 4956 foe-

272 4994 416 5049 dera
447 4990 808 5047 contraxisse
837 4986 1068 5045 diversa
1100 5006 1114 5045 :
1148 4988 1249 5045 sed
1273 5005 1370 5044 eos
1401 5003 1519 5043 non
1540 4990 1824 5059 tanquam
1846 4989 1930 5044 in-

274 5080 616 5138 ﬁdelitatem
645 5090 869 5146 eorum,
902 5080 961 5134 ct
1008 5076 1485 5151 superstitionem
1537 5076 1930 5149 approbantes

274 5167 553 5235 coluisse,
586 5166 688 5223 sed
720 5171 1005 5240 tanquam
1034 5164 1097 5221 in
1127 5164 1397 5238 angarias
1426 5163 1674 5221 diversis
1723 5165 1931 5222 usibus

277 5256 623 5331 implicasse
653 5260 709 5313 et
738 5255 1029 5330 praecipue
1076 5254 1136 5309 in
1186 5252 1431 5309 terrenis
1478 5268 1579 5309 eos
1608 5254 1931 5324 quaestibus

277 5348 338 5402 et
367 5344 679 5401 servilibus
706 5361 1041 5417 occupasse.

354 5428 641 5491 LXXXIII.
678 5434 737 5490 Si
768 5432 942 5489 liceat
962 5431 1126 5488 vobis
1148 5431 1218 5487 de
1238 5428 1641 5486 criminalibus
1679 5432 1933 5503 peccatis

2037 4639 2153 4704 tur,
2187 4634 2287 4689 sed
2317 4632 2498 4705 loqui,
2522 4633 2621 4706 qui
2648 4633 2756 4690 hoc
2787 4651 2885 4690 ore
2915 4636 3311 4709 profert,quod
3351 4639 3521 4694 corde
3569 4656 3685 4696 non

2032 4726 2210 4778 tenet.
2241 4720 2572 4794 Relinquite
2601 4721 2797 4794 itaque
2824 4722 2985 4792 talia,
3018 4728 3076 4780 et
3108 4742 3233 4797 quae
3263 4726 3550 4785 hactenus
3594 4728 3684 4785 in-

2035 4811 2314 4883 sipientes
2341 4809 2700 4877 exercuistis,
2733 4811 3072 4868 medullitus
3103 4816 3685 4890 exsecramini,quem

2037 4900 2193 4956 enim
2226 4898 2482 4955 fructum
2506 4898 2800 4955 habuistis
2822 4903 2960 4957 tunc
2982 4901 3043 4956 in
3065 4901 3270 4972 illis,in
3294 4904 3511 4978 quibus
3532 4924 3691 4964 nunc

2037 4986 2381 5045 erubescitis
2396 4987 2600 5043 ?Porro
2623 5004 2756 5043 cum
2779 4987 2928 5045 liber
2946 4989 3121 5047 homo
3141 4992 3385 5052 crimine
3407 4996 3578 5053 fuerit
3595 5008 3692 5069 ap-

2038 5077 2276 5151 petitus,
2312 5075 2425 5131 nisi
2439 5077 2566 5147 jam
2589 5076 2816 5148 pridem
2839 5084 3106 5151 repertus
3128 5085 3218 5137 est
3238 5082 3488 5155 alicujus
3511 5084 3689 5141 scele-

2039 5167 2120 5223 ris
2141 5168 2405 5235 reus,aut
2426 5164 2616 5220 tribus
2640 5166 2889 5222 testibus
2910 5170 3207 5228 convictus
3226 5190 3407 5244 pcenw
3425 5189 3691 5229 succum-

2038 5256 2261 5324 bit,aut
2291 5255 2339 5310 si
2372 5252 2636 5310 convinci
2668 5271 2783 5309 non
2815 5259 3091 5331 potuerit,
3105 5261 3175 5317 ad
3207 5261 3581 5334 Evangelium
3603 5275 3693 5315 sa-

2041 5362 2203 5401 crum
2217 5344 2391 5417 ,quod
2415 5342 2527 5398 sibi
2542 5340 3085 5414 objicitur,minime
3102 5349 3469 5405 commisisse
3480 5349 3693 5419 jurans

2041 5432 2391 5500 absolvitur;
2416 5436 2472 5487 et
2491 5431 2767 5505 deinceps
2789 5433 2926 5491 huic
2947 5437 3175 5510 negotio
3199 5438 3333 5493 ﬂnis
3352 5435 3693 5509 imponitur,

279 5522 540 5596 aliquem
567 5522 836 5595 judicare
868 5520 1205 5588 consulitis;
1241 5519 1341 5575 sed
1371 5518 1420 5573 si
1451 5534 1622 5574 nemo
1652 5519 1937 5578 voluisset
2042 5521 2545 5595 quemadmodum
2608 5522 2811 5578 crebro
2880 5525 3074 5581 dictus
3128 5524 3443 5598 Apostolus
3500 5525 3701 5583 doctor

279 5622 545 5688 peccare,
569 5626 741 5670 nemo
765 5609 1065 5669 debuisset
1085 5609 1341 5681 aliquem
1365 5607 1663 5680 judicare;
1690 5614 1749 5664 at
1775 5615 1932 5682 post-

2048 5611 2311 5685 gentium
2339 5613 2648 5666 attestatur
2680 5627 2693 5666 :
2731 5611 2937 5681 Omnis,
2982 5614 3277 5687 inquiens,
3319 5618 3702 5676 controversiae
