4036 6132
200 229 353 308 1021

1411 227 1816 292 EPISTOLIE
1857 227 1956 291 ET
2000 228 2390 292 DECRETA.

3447 235 3606 298 1022

195 361 466 436 exemplo
495 367 948 419 memoratorum
975 360 1295 435 oportuerit
1315 362 1642 418 antistitum
1671 363 1851 418 deter—
1878 363 1931 429 Α
1961 361 2304 434 Cyrillo,qui
2350 362 2565 418 idcirco
2596 359 2654 418 in
2684 363 2923 434 praefata
2952 364 3172 437 synodo
3217 369 3349 423 ante
3399 384 3602 427 omnes

193 453 334 520 reri,
355 454 473 508 imo
497 470 566 508 ne
589 452 676 509 vel
699 452 937 525 impulsi
963 453 1032 508 ad
1057 452 1197 508 talia
1216 452 1571 520 laberentur,
1595 452 1844 520 Domini,

193 544 378 600 Nolite
429 545 619 599 timere
674 558 760 598 eos
816 544 911 615 qui
965 559 1156 614 corpus
1203 542 1454 598 occidunt
1504 542 1721 610 (Matth.
1764 545 1844 610 x),

193 632 472 700 dicentis,
516 631 822 686 debuerint
871 631 1171 704 praeceptis
1221 631 1422 699 arceri,
1457 635 1660 687 contra
1705 630 1848 686 divi-

195 739 336 777 nam
370 726 565 777 tamen
599 719 979 775 reverentiam
1011 737 1043 774 a
1075 725 1149 784 te,
1178 737 1209 775 ο
1242 720 1521 776 catholica
1553 721 1844 792 princeps,

195 811 486 883 probatur
512 809 859 876 admissum,
892 813 958 863 ut
990 809 1139 864 beati
1169 809 1412 881 apostoli
1448 810 1598 864 Petri
1631 809 1849 864 directa

192 900 432 972 legatio,
464 899 582 954 imo
614 899 733 954 haec
763 898 823 953 in
856 897 953 953 illo
992 899 1338 970 proferentis
1371 898 1605 964 Christi,
1627 897 1724 971 qui
1757 898 1848 953 (li-

195 990 312 1044 cit:
339 990 446 1058 Qui
485 1005 573 1044 vos
619 990 847 1060 spernit,
877 1005 963 1044 me
1008 990 1217 1059 spernit
1248 988 1394 1059 (Luc.
1429 988 1482 1060 x)
1519 1005 1531 1043 :
1565 993 1847 1061 tanquam

194 1077 256 1133 in
290 1077 688 1151 captivitatem
739 1078 972 1133 redacta
1015 1081 1314 1133 teneretur
1347 1078 1450 1146 (Ex
1495 1080 1649 1150 epist.
1681 1079 1716 1133 9
1745 1083 1846 1135 Fc-

196 1167 324 1222 licis
348 1169 460 1239 in).

265 1257 486 1311 Verum
511 1255 649 1328 quia
679 1272 770 1312 res
799 1261 855 1311 et
887 1273 1144 1328 persona:
1177 1260 1562 1328 utrarumque
1593 1256 1847 1328 partium

195 1346 374 1402 istius
402 1345 679 1417 temporis
701 1362 833 1401 cum
857 1344 956 1400 illo
976 1362 1122 1417 pene
1144 1345 1200 1400 in
1225 1344 1452 1401 cunctis
1471 1345 1846 1412 conveniunt,

194 1434 596 1491 memorabilis
618 1433 723 1490 viri
746 1435 872 1505 jam
897 1434 1184 1490 nominati
1207 1434 1411 1491 Felicis
1438 1433 1593 1490 sedis
1616 1439 1850 1506 aposto-

195 1525 320 1580 licae
350 1523 621 1597 praesulis
652 1524 805 1596 apud
831 1540 933 1579 vos
964 1524 1140 1580 etiam
1175 1523 1629 1580 clementissime
1658 1523 1850 1579 verbis

197 1614 419 1686 alloqui
454 1613 917 1686 procuravimus,
951 1613 1050 1686 qui
1105 1614 1176 1669 ad
1235 1613 1696 1685 superscriptum
1727 1614 1848 1667 Au-

1958 452 2270 525 sedit,quia
2291 457 2346 507 et
2369 452 2493 524 ipse
2514 452 2704 508 locum
2724 454 2851 525 jam
2873 456 3178 511 memorati
3203 474 3364 529 papae
3385 457 3604 515 ibidem

1955 540 2131 608 (sicut
2153 547 2316 614 gesta
2331 542 2594 614 ejusdem
2613 542 2814 616 synodi
2838 548 3149 615 testantur)
3165 545 3452 602 obtinuit:
3477 548 3605 619 ipsa

1956 630 2202 702 epistola
2225 648 2357 686 cum
2393 632 2740 704 competenti
2773 633 2990 689 honore
3015 635 3216 690 Latine
3239 636 3535 708 primitus,
3550 641 3606 693 et

1956 724 2158 790 postea
2177 719 2236 774 in
2253 724 2362 774 Gri
2387 737 2512 775 cam
2537 721 2851 777 dictionem
2877 723 3004 778 sine
3035 723 3154 778 ullo
3178 724 3308 780 fuco
3335 724 3606 782 falsitatis

1956 809 2073 879 iam
2102 807 2385 864 translata
2415 809 2493 864 sit
2522 826 2716 865 coram
2749 812 2967 882 synodo
2989 811 3167 868 lecta:
3190 813 3252 868 ln
3275 817 3608 880 tantum,ut

1958 913 2024 951 ex
2045 898 2174 968 ejus
2197 898 2618 968 propemodum
2643 899 3134 970 specialisjudicii
3161 905 3358 957 tenore
3380 903 3454 958 sit
3475 921 3606 976 per-

1957 986 2111 1041 fidus
2128 986 2350 1041 Nestori
2363 1004 2429 1041 us
2447 987 3026 1060 Constantinopoleos
3043 990 3287 1046 antistes
3303 992 3602 1064 expulsus,

1956 1075 2098 1130 dum
2117 1076 2318 1130 eadem
2338 1077 2594 1148 synodus
2618 1076 2674 1131 in
2699 1078 2985 1133 sententia
3003 1083 3204 1134 contra
3222 1095 3356 1135 eum
3381 1081 3606 1152 prolata

1957 1162 2059 1219 tali
2092 1164 2265 1219 modo
2295 1165 2668 1237 prosequitur
2690 1183 2706 1218 :
2730 1166 3088 1235 Necessario,
3109 1167 3404 1240 inquiens,
3424 1170 3604 1226 coacti

1957 1256 2078 1307 tam
2102 1270 2169 1307 ex
2190 1253 2534 1318 canonibus,
2550 1271 2727 1325 quam
2751 1272 2818 1310 ex
2844 1255 3088 1326 epistola
3119 1258 3477 1314 sanctissimi
3499 1260 3602 1314 Pa-

1956 1341 2062 1397 tris
2083 1343 2265 1398 nostri
2280 1348 2334 1398 et
2347 1361 2472 1398 com
2483 1343 2736 1398 ministri
2749 1344 3037 1401 leestini
3051 1347 3306 1419 episcopi
3321 1349 3605 1404 Romano-

1959 1449 2088 1486 rum
2113 1431 2806 1504 Ecclesize,lacrymantcs
2836 1435 3050 1506 sapius
3080 1435 3153 1490 ad
3184 1435 3335 1491 hanc
3361 1454 3606 1492 mmrore

1959 1519 2190 1592 plenam
2216 1525 2416 1575 contra
2437 1538 2570 1576 eum
2594 1520 2861 1576 venimus
2884 1523 3252 1578 sententiam.
3271 1525 3334 1578 Et
3355 1524 3426 1578 ad
3448 1541 3608 1580 eum-

1959 1609 2090 1663 dem
2126 1626 2336 1680 papam
2375 1613 2576 1682 postea
2614 1610 2896 1678 scribens,
2930 1612 3236 1682 praefatum
3273 1611 3603 1668 Nestorium

195 1708 439 1779 gustum
497 1703 758 1759 scribens
817 1703 969 1758 inter
1023 1702 1137 1757 alia
1169 1703 1348 1774 (ibid.)
1374 1721 1386 1757 :
1413 1703 1580 1768 Cum,
1633 1702 1847 1773 inquit,
1879 1735 1924 1799 Β
1957 1715 2060 1769 per
2079 1697 2384 1769 epistolam
2403 1699 2474 1753 ab
2499 1699 2625 1770 ipso
2643 1700 3016 1756 sanctissimo
3037 1700 3285 1772 praesule
3303 1703 3605 1774 scriptam,

197 1792 352 1865 apud
384 1792 663 1847 barbaras
694 1791 868 1846 etiam
897 1790 1183 1858 nationes,
1203 1795 1376 1861 atque
1400 1789 1586 1862 ipsius
1608 1790 1849 1845 Deitatis

197 1881 458 1954 ignaros,
483 1898 586 1953 pro
609 1879 996 1951 exsequendis
1029 1879 1278 1952 negotiis
1298 1879 1386 1935 vel
1406 1879 1851 1950 humanis,jure

196 1971 354 2042 genti
365 1988 466 2024 um
481 1986 708 2041 semper
727 1967 1033 2040 legationis
1046 1967 1853 2040 cujuslibethabeatursacro-

197 2063 404 2116 sancta
432 2059 693 2127 libertas,
719 2062 924 2112 notum
957 2061 1046 2112 est
1077 2057 1387 2113 omnibus:
1413 2064 1632 2130 quanto
1665 2061 1852 2133 magis

197 2150 269 2204 ab
301 2149 654 2220 imperatore
695 2147 979 2214 Romano,
1017 2150 1075 2202 et
1122 2146 1452 2202 Christiano
1500 2148 1761 2220 principe
1791 2150 1848 2205 in

196 2238 375 2293 rebus
397 2236 718 2309 praesertim
739 2236 952 2291 divinis
973 2235 1292 2308 oportuerit
1313 2235 1718 2292 intemeratum
1738 2255 1854 2294 ser-

194 2327 489 2383 vari?Sed
512 2327 649 2398 quia
679 2324 950 2397 superius
969 2326 1038 2380 de
1065 2325 1284 2380 falsatze
1315 2325 1570 2398 epistolae
1602 2343 1704 2398 per
1723 2328 1850 2398 jam

195 2414 386 2470 dictos
407 2419 546 2469 tunc
569 2413 1071 2480 Rhadoaldum,et
1091 2414 1426 2469 Zachariam
1448 2415 1751 2487 episcopos
1779 2417 1851 2471 ad

193 2507 247 2557 te
279 2502 514 2558 directa:
564 2504 859 2574 scriptura
891 2501 1235 2558 memoriam
1288 2502 1553 2569 fecimus,
1578 2509 1755 2559 restat
1789 2517 1859 2568 ut

192 2592 408 2666 partim
435 2592 580 2658 loca,
600 2593 658 2646 in
685 2591 902 2664 quibus
920 2591 1129 2647 falsata
1149 2595 1549 2664 est,quantum
1573 2592 1854 2664 inspectis

190 2681 628 2753 exemplaribus
663 2681 1044 2752 Graecis,quae
1076 2681 1246 2736 nobis
1283 2698 1385 2752 per
1414 2681 1664 2736 Leonem
1695 2699 1728 2736 a
1757 2699 1850 2738 se-

189 2770 368 2826 cretis
401 2769 636 2837 misisti,
663 2787 834 2826 nosse
865 2769 1166 2839 tribuitur,
1191 2769 1542 2841 aperiamus.

261 2861 602 2914 Asserentes
619 2858 1214 2932 primitus,quomodo
1236 2876 1349 2913 non
1365 2860 1505 2914 ordo
1528 2858 1854 2931 legitimus,

189 2966 294 3005 nec
330 2967 364 3004 a
395 2949 616 3004 sanctis
665 2948 935 3003 Patribus
967 2948 1241 3016 usitatus,
1276 2948 1335 3002 in
1382 2947 1627 3004 lectione
1661 2947 1849 3020 ipsius

189 3037 451 3110 epistolae
483 3037 656 3093 fuerit
698 3037 1040 3092 observatus
1075 3053 1087 3090 :
1121 3036 1597 3108 quandoquidem
1643 3038 1844 3093 eadem

1960 1786 2383 1842 rationabiliter
2411 1792 2702 1844 asseverat
2730 1789 2911 1845 fuisse
2948 1791 3315 1846 damnatum.
3351 1791 3608 1863 Epistola

1959 1892 2191 1947 quoque
2223 1877 2407 1931 sancti
2431 1877 2638 1932 Leonis
2661 1894 2821 1949 papa
2847 1879 2990 1933 adeo
3014 1880 3168 1950 apud
3191 1896 3393 1936 omnes
3417 1880 3606 1936 orien-

1959 1963 2105 2019 tales
2127 1964 2431 2036 episcopos
2454 1965 2674 2020 exstitit
2701 1965 3071 2033 venerabilis,
3106 1971 3171 2022 ut
3201 1968 3352 2023 hanc
3382 1968 3604 2025 colum-

1961 2069 2095 2107 nam
2129 2053 2480 2108 orthodoxize
2509 2058 2807 2122 vocarent;
2841 2059 2895 2110 et
2917 2071 3119 2111 omnes
3148 2055 3207 2110 in
3240 2073 3307 2112 ea
3329 2057 3606 2128 praesules

1959 2141 2540 2213 Constantinopoleos
2583 2143 2848 2198 Anatolio
2879 2145 3237 2215 praecedente
3272 2145 3604 2201 subscribe-

1961 2234 2124 2285 rent:
2151 2230 2230 2284 ita
2253 2235 2316 2285 ut
2335 2231 2820 2287 Chalcedonensis
2843 2250 3056 2304 magna
3077 2234 3336 2304 synodus
3356 2234 3436 2288 nil
3459 2234 3606 2289 difﬁ-

1961 2318 2137 2387 nisse,
2160 2319 2237 2374 nil
2263 2320 2574 2392 respuisse,
2597 2320 2675 2374 nil
2698 2322 3045 2393 suscepisse,
3062 2322 3172 2377 nisi
3199 2323 3353 2394 quod
3375 2322 3460 2378 vel
3482 2323 3602 2390 illa,

1959 2406 2044 2462 vel
2059 2408 2212 2464 vices
2228 2408 2557 2481 apostolicae
2577 2411 2734 2464 sedis
2752 2409 2830 2465 ibi
2851 2415 3208 2466 reservantes
3221 2411 3275 2466 di
3287 2411 3604 2480 l'ﬂnierunt,

1962 2499 2352 2568 projecerunt,
2372 2497 2454 2554 vel
2490 2499 2875 2569 admiserunt,
2903 2500 3136 2572 penitus
3168 2505 3536 2573 agnoscatur,
3552 2506 3610 2558 et

1959 2586 2136 2656 (sicut
2165 2587 2224 2642 in
2256 2588 2536 2643 relatione
2581 2606 2708 2656 sua,
2737 2605 2912 2660 quam
2945 2590 3015 2644 ad
3047 2589 3154 2661 piae
3192 2591 3608 2648 recordationis

1962 2692 2080 2730 suae
2102 2677 2461 2732 Marcianum
2484 2679 2812 2748 Augustum
2832 2677 3058 2744 habuit,
3083 2678 3392 2750 invenitur)
3418 2681 3609 2751 prima

1961 2763 2131 2818 ruina
2160 2763 2441 2830 Dioscori,
2463 2766 2564 2837 qui
2595 2765 2900 2837 epistolam
2947 2767 3108 2822 sanci
3140 2768 3348 2823 Leonis
3379 2767 3607 2822 recitari

1959 2853 2274 2924 prohibuit,
2299 2853 2536 2922 exstitit,
2555 2855 2693 2910 dum
2720 2853 2800 2910 sic
2834 2855 3000 2910 aiunt
3025 2872 3037 2910 :
3064 2857 3179 2911 Nos
3211 2855 3389 2928 igitur
3417 2857 3608 2912 consi-

1959 2942 2227 2997 derantes
2257 2947 2311 2997 et
2357 2943 2626 3000 universa
2684 2945 2821 2999 orbe
2878 2944 3060 2999 factas
3119 2948 3517 3016 tempestates,
3549 2948 3608 3000 et

1959 3047 2194 3086 causam
2215 3031 2578 3103 inquirentes
2602 3032 2778 3104 hujus
2797 3033 2875 3087 rei
2899 3038 3193 3089 auctorem
3211 3035 3606 3106 comperimus

189 3127 442 3199 epistola
472 3144 587 3181 non
637 3125 829 3182 solum
878 3127 948 3182 de
989 3126 1172 3181 sacris
1232 3125 1611 3198 imaginibus,
1644 3143 1844 3182 verum
1875 3110 1917 3175 C
1956 3119 2296 3175 Dioscorum
2329 3122 2624 3192 quondam
2667 3122 3190 3177 Alexandrinorum
3241 3123 3602 3195 episcopum,

191 3217 372 3272 etiam
395 3217 466 3270 de
488 3215 775 3271 audiendo
811 3216 984 3270 fratre
1016 3220 1071 3270 et
1091 3214 1433 3287 coepiscopo
1457 3219 1652 3270 nostro
1684 3217 1848 3288 Igna-

194 3305 276 3360 tio
301 3304 656 3359 sententiam
694 3303 850 3359 sedis
882 3303 1211 3376 apostolicae
1262 3302 1616 3359 continebat.
1650 3304 1718 3358 Et
1745 3321 1848 3360 vos

192 3410 322 3449 eam
359 3393 417 3447 in
449 3409 627 3448 causa
656 3393 889 3465 quidem
937 3392 1144 3464 Ignatii
1178 3391 1610 3446 consacerdotis
1641 3391 1844 3456 nostri,

191 3499 321 3554 qua:
358 3482 522 3554 prius
551 3480 828 3536 ventilata
856 3485 966 3546 est,
994 3480 1308 3547 nescimus,
1335 3481 1505 3552 cujus
1533 3479 1846 3536 usi‘conci-

188 3570 543 3636 lio,silentio
575 3570 935 3636 contexistis,
960 3569 1151 3624 solum
1185 3569 1334 3624 hanc
1367 3574 1589 3641 postea,
1611 3570 1844 3641 quando

189 3677 291 3733 pro
313 3659 686 3714 veneratione
713 3663 1050 3714 sanctarum
1082 3657 1408 3730 imaginum
1437 3659 1696 3730 synodus
1728 3657 1843 3714 col-

187 3749 341 3805 lecta
373 3749 973 3814 est,demonstrantes
1002 3764 1014 3801 :
1051 3747 1318 3819 quamvis
1350 3747 1407 3801 in
1439 3747 1552 3809 his,
1577 3766 1702 3819 qua:
1734 3747 1845 3804 ibi-

183 3837 319 3890 dem
353 3852 422 3889 ex
452 3851 520 3890 ea
556 3833 705 3890 lecta
743 3838 899 3902 sunt,
928 3833 1210 3890 nonnulla
1239 3834 1455 3900 addita,
1489 3835 1674 3890 multa
1712 3854 1842 3892 mu~

185 3929 325 3991 tata,
353 3923 523 3996 plura
549 3925 848 3979 subtracta
875 3924 1256 3996 reperiantur,
1282 3928 1338 3978 et
1367 3940 1469 3994 per
1489 3925 1686 3980 omnia
1706 3925 1841 3981 talis

183 4030 215 4068 a
243 4012 415 4068 vobis
445 4011 647 4067 effecta
677 4011 772 4079 sit,
799 4015 864 4066 ut
906 4016 1007 4068 aut
1052 4011 1196 4066 nihil
1229 4017 1330 4067 aut
1382 4029 1587 4084 parum
1622 4013 1841 4086 aliquid

183 4119 290 4158 nos
313 4117 420 4174 per
439 4117 569 4156 eam
592 4102 663 4156 de
686 4101 887 4156 crebro
909 4099 1047 4155 dicti
1067 4099 1454 4156 comministri
1478 4102 1657 4156 nostri
1679 4103 1838 4176 Igna-

182 4191 245 4246 tii
278 4190 646 4262 disposuisse
673 4207 851 4246 causa
873 4189 1174 4244 videamur
1197 4207 1209 4245 :
1236 4190 1336 4244 sed
1362 4206 1491 4246 vere
1523 4208 1637 4246 non
1664 4190 1747 4246 sic
1779 4193 1838 4247 in

184 4278 428 4352 synodis
470 4280 663 4351 prisco
710 4283 970 4350 tempore
1029 4277 1304 4345 collectis,
1326 4295 1439 4332 non
1501 4279 1584 4334 sic
1644 4284 1840 4335 actum

182 4369 368 4424 fuisse
390 4367 806 4424 nonnullorum
828 4371 992 4439 gesta
1009 4366 1388 4422 conciliorum
1413 4367 1837 4424 demonstrant.

182 4459 245 4512 In
270 4456 394 4512 illis
417 4456 575 4511 enim
601 4455 929 4528 apostolicae
961 4455 1116 4512 sedis
1145 4455 1362 4527 scripta
1380 4473 1496 4511 non
1520 4457 1631 4512 sub
1654 4456 1843 4513 occul-
1873 4477 1916 4540 ι)

179 4544 423 4602 tationis
445 4545 639 4600 modio
661 4545 1142 4618 tegebantur,sed
1166 4549 1230 4600 ut
1247 4545 1650 4616 omnibus,qui
1673 4549 1840 4601 erant

179 4633 236 4690 in
269 4635 448 4690 domo
489 4634 590 4688 Dei
633 4633 910 4700 lucerent,
933 4632 989 4686 in
1025 4633 1332 4704 propatulo
1364 4634 1752 4704 ponebantur,
1785 4639 1842 4689 et

180 4727 243 4778 ut
263 4722 313 4777 si
338 4739 458 4794 qua
480 4722 781 4794 turpitudo
796 4721 885 4778 vel
910 4721 1138 4776 macula
1162 4721 1219 4776 in
1249 4721 1378 4777 ﬁdei
1404 4721 1841 4794 pulchritudine

181 4829 213 4866 a
239 4810 506 4883 quolibet
533 4815 859 4866 tentaretur
889 4809 1109 4876 induci,
1137 4809 1302 4865 facile
1331 4814 1670 4882 patesceret,
1697 4829 1763 4867 ac
1789 4812 1839 4868 si

179 4897 425 4972 specula
453 4900 512 4954 in
544 4899 820 4956 omnibus
860 4899 1245 4966 habebantur,
1271 4902 1327 4954 et
1370 4899 1539 4971 quasi
1572 4902 1838 4972 quadam

180 4988 556 5045 rectitudinis
595 4988 848 5045 formula
894 5005 1011 5060 qua
1060 4988 1318 5060 imprimi
1366 4987 1554 5044 caeteri
1602 4995 1841 5060 possent

179 5078 397 5150 posita,
420 5077 786 5134 colebantur.

253 5167 419 5234 Quod
449 5171 516 5222 ut
545 5167 916 5222 manifestius
949 5169 1144 5239 pateat
1175 5183 1242 5222 ex
1269 5164 1362 5221 his
1401 5165 1540 5221 huic
1583 5167 1838 5241 epistolae

179 5272 371 5328 pauca
391 5255 669 5312 duximus
689 5256 1020 5312 inserenda.
1038 5253 1230 5310 Primo
1253 5255 1466 5310 etenim
1492 5255 1615 5312 loco
1638 5261 1840 5313 sancta

179 5345 444 5417 synodus
457 5346 610 5418 apud
624 5345 920 5417 Ephesum
935 5348 1414 5416 congregata,san
1425 5348 1526 5399 ctae
1547 5345 1836 5401 memoriae

180 5432 477 5489 (lcelestini
508 5452 668 5507 papa:
701 5433 865 5508 prius
897 5433 1204 5504 epistolam
1235 5432 1397 5502 legit,
1419 5434 1576 5489 etita
1598 5435 1836 5489 demum

182 5522 254 5577 ad
306 5522 424 5578 alia
469 5523 840 5596 exsequenda
870 5521 1107 5587 vacavit,
1133 5521 1212 5576 ita
1260 5525 1324 5577 ut
1362 5522 1606 5592 jubente
1636 5527 1838 5580 sancto

1956 3208 2216 3280 primum
2249 3210 2508 3281 quidem,
2537 3211 2677 3282 quia
2706 3210 3009 3282 epistolam
3044 3229 3077 3266 a
3109 3211 3480 3267 sanctissimo
3512 3229 3604 3267 ar-

1956 3297 2324 3370 chiepiscopo
2342 3300 2589 3354 senioris
2605 3301 2797 3354 Romae
2813 3300 3000 3355 Leone
3013 3299 3290 3354 directam
3305 3300 3376 3354 ad
3389 3305 3603 3356 sanctae

1956 3388 2250 3442 memoriae
2272 3387 2607 3443 Flavianum
2627 3390 2925 3461 quondam
2948 3388 3602 3461 Constantinopolitanae

1955 3473 2118 3529 urbis
2150 3473 2486 3546 episcopum
2522 3475 2752 3530 recitari
2792 3475 3108 3547 prohibuit.
3143 3475 3252 3530 Sed
3308 3475 3449 3547 quid
3499 3493 3602 3548 per

1955 3562 2322 3634 singularum
2356 3563 2600 3618 concilia
2638 3564 2992 3636 synodorum
3025 3563 3430 3632 immoremur,
3463 3581 3598 3620 cum

1953 3650 2013 3706 in
2035 3652 2313 3708 omnibus
2336 3651 2453 3707 illis
2477 3669 2706 3725 semper
2723 3652 2795 3706 ab
2816 3651 3133 3724 apostolica
3155 3654 3290 3708 sede
3311 3653 3598 3726 scriptum

1951 3741 2266 3812 prolatum,
2289 3746 2344 3796 et
2365 3742 2567 3797 ordine
2597 3744 3056 3813 prmponatur,et
3089 3743 3430 3798 auctoritate
3462 3742 3600 3798 scri-

1950 3831 2140 3902 pturis
2171 3831 2392 3888 caeteris
2423 3829 2769 3886 antecellat?
2799 3831 2960 3896 Quod
2995 3830 3042 3885 si
3073 3830 3455 3888 sublimitatis
3485 3837 3596 3888 tua;

1952 3936 2066 3974 non
2099 3919 2270 3975 latuit
2302 3920 2669 3992 sapientiam,
2689 3920 2990 3990 oportebat
3017 3923 3081 3973 ut
3110 3920 3283 3974 etiam
3316 3919 3445 3992 ipsa
3475 3922 3596 3978 die-

1949 4008 2061 4064 bus
2094 4009 2215 4064 suis
2249 4009 2456 4063 talium
2489 4013 2828 4080 sequeretur
2855 4006 3251 4078 exemplorum
3282 4009 3544 4082 vestigia.

2022 4097 2132 4153 Sed
2159 4098 2397 4152 tandem
2446 4097 2762 4168 aliquando
2785 4096 2854 4150 ad
2906 4096 3334 4151 ostendendum
3385 4098 3594 4168 partim

1951 4190 2078 4241 sata
2108 4186 2167 4240 in
2199 4185 2443 4257 epistola
2473 4189 2674 4239 nostra
2697 4183 2842 4251 loca,
2875 4183 3195 4254 opitulante
3227 4183 3496 4252 Domino,
3524 4186 3598 4241 si-

1949 4279 2048 4329 cut
2068 4273 2485 4346 prasmisimus,
2509 4273 2856 4328 accedamus
2882 4289 2893 4327 :
2921 4271 3133 4345 partim
3155 4289 3288 4328 vero
3323 4272 3593 4340 dicimus,

1950 4362 2226 4434 quoniam
2269 4361 2657 4434 prolixitatem
2696 4361 2966 4427 vitantes,
2998 4361 3200 4416 eadem
3241 4378 3595 4417 commemo-

1948 4467 2076 4507 rare
2105 4467 2208 4522 per
2238 4449 2471 4522 singula
2504 4467 2866 4520 recusamus,
2892 4449 3368 4521 quandoquidem
3403 4467 3506 4505 nec
3537 4450 3594 4504 in

1948 4540 2061 4608 his,
2090 4557 2216 4612 quae
2249 4540 2319 4594 de
2361 4539 2707 4595 venerandis
2764 4538 3118 4610 imaginibus
3175 4556 3277 4610 per
3330 4541 3596 4594 eamdem

1950 4628 2125 4685 locuti
2160 4647 2369 4684 sumus
2407 4628 2734 4700 epistolam,
2759 4633 2924 4682 tenor
2971 4627 3105 4699 styli
3139 4627 3343 4694 nostri,
3374 4627 3464 4683 vel
3515 4629 3598 4684 in-

1949 4718 2224 4775 tentionis
2258 4718 2545 4774 exstiterit
2593 4717 2950 4772 observatus.
2975 4715 3275 4787 Siquidem
3325 4733 3458 4771 cum
3490 4733 3596 4774 nos

1949 4807 2099 4862 inter
2130 4807 2244 4863 alia
2275 4821 2922 4872 commemorassemus,
2952 4805 3106 4877 quod
3138 4803 3436 4862 multoties
3467 4822 3598 4862 con-

1946 4901 2157 4954 ventus
2176 4897 2363 4952 factus
2389 4896 2562 4952 fuerit
2585 4898 2924 4951 sanctorum
2946 4895 3205 4962 Patrum,
3232 4911 3265 4950 a
3295 4895 3512 4967 quibus
3542 4899 3599 4950 et

1948 4985 2355 5054 deliberatum,
2373 5002 2438 5040 ac
2469 4986 2838 5040 observatum
2865 4983 3168 5050 exstiterit,
3186 4983 3440 5056 qualiter
3460 4985 3594 5042 abs-

1951 5093 2065 5148 que
2094 5075 2365 5130 Romenae
2395 5073 2950 5145 sedis,Romanique
2982 5071 3273 5144 pontiﬁcis
3305 5091 3594 5130 consensu

1950 5163 2171 5219 nullius
2194 5161 2549 5233 insurgentis
2572 5160 3004 5217 deliberationis
3028 5162 3315 5217 terminus
3337 5164 3590 5218 daretur.

1950 5254 2067 5308 Hoc
2096 5253 2360 5308 videlicet
2389 5252 2458 5306 de
2497 5251 2818 5322 majoribus
2850 5251 3131 5307 duntaxat
3177 5250 3440 5306 Ecclesiae
3493 5265 3595 5304 ne-

1948 5342 2120 5414 gotiis
2143 5357 2248 5395 nos
2270 5340 2766 5411 innuentes,quod
2791 5343 2847 5393 et
2874 5356 3107 5395 veraces
3139 5339 3415 5407 historiae,
3430 5341 3486 5392 et
3505 5353 3593 5408 sy-

1949 5431 2180 5488 nodalia
2201 5433 2365 5503 gesta
2387 5445 2536 5501 saepe
2557 5429 2898 5495 dit‘ﬁnitum,
2923 5446 3072 5501 saepe
3093 5433 3150 5484 et
3173 5429 3388 5482 factum
3413 5426 3592 5481 fuisse

1949 5525 2284 5579 testantur:
2325 5518 2442 5574 Vos
2492 5517 2749 5574 erasistis
2803 5520 3024 5593 absque,
3057 5523 3112 5572 et
3155 5514 3591 5588 interposuistis
