  <div class='ocr_page' id='page_1' title='image "/cluster/home/n/w/nwhite01/storage/ocr_20150623/119/hvd.32044052820040/517.png"; bbox 0 0 3994 6150; ppageno 0'>
   <div class='ocr_carea' id='block_1_1' title="bbox 516 267 674 338">
    <p class='ocr_par' dir='ltr' id='par_1_1' title="bbox 516 267 674 338">
     <span class='ocr_line' id='line_1_1' title="bbox 516 267 674 338; baseline -0.006 0"><span class='ocrx_word' id='word_1_1' title='bbox 516 267 674 338; x_wconf 62' lang='grc'><strong>1023</strong></span> 
     </span>
    </p>
   </div>
   <div class='ocr_carea' id='block_1_2' title="bbox 1891 277 2572 346">
    <p class='ocr_par' dir='ltr' id='par_1_2' title="bbox 1891 277 2572 346">
     <span class='ocr_line' id='line_1_2' title="bbox 1891 277 2572 346; baseline 0.006 -4"><span class='ocrx_word' id='word_1_2' title='bbox 1891 277 2206 344; x_wconf 84' lang='lat' dir='ltr'>NIGOLAI</span> <span class='ocrx_word' id='word_1_3' title='bbox 2248 280 2481 346; x_wconf 68' lang='lat' dir='ltr'>PAPJE</span> <span class='ocrx_word' id='word_1_4' title='bbox 2522 280 2572 346; x_wconf 93' lang='grc' dir='ltr'><strong>Ῑ.</strong></span> 
     </span>
    </p>
   </div>
   <div class='ocr_carea' id='block_1_3' title="bbox 3684 291 3802 358">
    <p class='ocr_par' dir='ltr' id='par_1_3' title="bbox 3684 291 3802 358">
     <span class='ocr_line' id='line_1_3' title="bbox 3684 291 3802 358; baseline 0.025 -3"><span class='ocrx_word' id='word_1_5' title='bbox 3684 291 3802 358; x_wconf 68' lang='grc'>1094</span> 
     </span>
    </p>
   </div>
   <div class='ocr_carea' id='block_1_4' title="bbox 514 409 3803 496">
    <p class='ocr_par' dir='ltr' id='par_1_4' title="bbox 514 409 3803 496">
     <span class='ocr_line' id='line_1_4' title="bbox 514 409 3803 496; baseline 0.005 -27"><span class='ocrx_word' id='word_1_6' title='bbox 514 429 658 480; x_wconf 80' lang='lat' dir='ltr'>cum,</span> <span class='ocrx_word' id='word_1_7' title='bbox 698 411 1030 486; x_wconf 83' lang='lat' dir='ltr'>significare</span> <span class='ocrx_word' id='word_1_8' title='bbox 1070 409 1290 468; x_wconf 81' lang='lat' dir='ltr'>scilicet</span> <span class='ocrx_word' id='word_1_9' title='bbox 1328 414 1679 468; x_wconf 83' lang='lat' dir='ltr'>attentantes</span> <span class='ocrx_word' id='word_1_10' title='bbox 1713 428 1726 467; x_wconf 91' lang='lat'>:</span> <span class='ocrx_word' id='word_1_11' title='bbox 1760 411 2154 468; x_wconf 82' lang='lat' dir='ltr'>Deliberatum</span> <span class='ocrx_word' id='word_1_12' title='bbox 2191 418 2238 482; x_wconf 73' lang='grc' dir='ltr'><strong>Α</strong></span> <span class='ocrx_word' id='word_1_13' title='bbox 2271 414 2410 469; x_wconf 85' lang='lat' dir='ltr'>talia</span> <span class='ocrx_word' id='word_1_14' title='bbox 2439 416 2523 470; x_wconf 88' lang='lat' dir='ltr'>vel</span> <span class='ocrx_word' id='word_1_15' title='bbox 2570 415 2810 490; x_wconf 83' lang='lat' dir='ltr'>impulsi</span> <span class='ocrx_word' id='word_1_16' title='bbox 2855 417 3067 491; x_wconf 82' lang='lat' dir='ltr'>dilapsi</span> <span class='ocrx_word' id='word_1_17' title='bbox 3097 423 3255 490; x_wconf 89' lang='lat' dir='ltr'>sunt;</span> <span class='ocrx_word' id='word_1_18' title='bbox 3289 425 3486 494; x_wconf 89' lang='lat' dir='ltr'>quanto</span> <span class='ocrx_word' id='word_1_19' title='bbox 3537 423 3693 496; x_wconf 85' lang='lat' dir='ltr'>potius</span> <span class='ocrx_word' id='word_1_20' title='bbox 3735 425 3803 484; x_wconf 87' lang='lat' dir='ltr'>isti</span> 
     </span>
    </p>
   </div>
   <div class='ocr_carea' id='block_1_5' title="bbox 515 501 2162 575">
    <p class='ocr_par' dir='ltr' id='par_1_5' title="bbox 515 501 2162 575">
     <span class='ocr_line' id='line_1_5' title="bbox 515 501 2162 575; baseline -0.002 -17"><span class='ocrx_word' id='word_1_21' title='bbox 515 501 706 560; x_wconf 82' lang='lat' dir='ltr'>fuerat</span> <span class='ocrx_word' id='word_1_22' title='bbox 736 522 771 559; x_wconf 90' lang='lat' dir='ltr'>a</span> <span class='ocrx_word' id='word_1_23' title='bbox 801 503 1019 558; x_wconf 84' lang='lat' dir='ltr'>sanctis</span> <span class='ocrx_word' id='word_1_24' title='bbox 1049 502 1340 568; x_wconf 86' lang='lat' dir='ltr'>Patribus,</span> <span class='ocrx_word' id='word_1_25' title='bbox 1365 507 1427 556; x_wconf 92' lang='lat' dir='ltr'>ut</span> <span class='ocrx_word' id='word_1_26' title='bbox 1459 519 1588 556; x_wconf 79' lang='lat' dir='ltr'>cum</span> <span class='ocrx_word' id='word_1_27' title='bbox 1625 502 1778 556; x_wconf 89' lang='lat' dir='ltr'>sedis</span> <span class='ocrx_word' id='word_1_28' title='bbox 1811 501 2162 575; x_wconf 75' lang='lat' dir='ltr'>apostolicze,</span> 
     </span>
    </p>
   </div>
   <div class='ocr_carea' id='block_1_6' title="bbox 515 591 2166 650">
    <p class='ocr_par' dir='ltr' id='par_1_6' title="bbox 515 591 2166 650">
     <span class='ocr_line' id='line_1_6' title="bbox 515 591 2166 650; baseline -0.002 0"><span class='ocrx_word' id='word_1_29' title='bbox 515 599 574 650; x_wconf 89' lang='lat' dir='ltr'>et</span> <span class='ocrx_word' id='word_1_30' title='bbox 603 592 857 650; x_wconf 67' lang='lat' dir='ltr'>ecclesia:</span> <span class='ocrx_word' id='word_1_31' title='bbox 887 596 1090 648; x_wconf 68' lang='lat' dir='ltr'>vestrae</span> <span class='ocrx_word' id='word_1_32' title='bbox 1119 607 1407 646; x_wconf 89' lang='lat' dir='ltr'>consensu</span> <span class='ocrx_word' id='word_1_33' title='bbox 1439 591 1632 646; x_wconf 87' lang='lat' dir='ltr'>omnis</span> <span class='ocrx_word' id='word_1_34' title='bbox 1671 592 1750 646; x_wconf 87' lang='lat' dir='ltr'>rei</span> <span class='ocrx_word' id='word_1_35' title='bbox 1794 591 1928 646; x_wconf 83' lang='lat' dir='ltr'>ﬁnis</span> <span class='ocrx_word' id='word_1_36' title='bbox 1959 592 2166 648; x_wconf 82' lang='lat' dir='ltr'>debeat</span> 
     </span>
    </p>
   </div>
   <div class='ocr_carea' id='block_1_7' title="bbox 515 680 2165 756">
    <p class='ocr_par' dir='ltr' id='par_1_7' title="bbox 515 680 2165 756">
     <span class='ocr_line' id='line_1_7' title="bbox 515 680 2165 756; baseline -0.002 -17"><span class='ocrx_word' id='word_1_37' title='bbox 515 683 754 739; x_wconf 85' lang='lat' dir='ltr'>omnino</span> <span class='ocrx_word' id='word_1_38' title='bbox 777 682 1017 756; x_wconf 81' lang='lat' dir='ltr'>proferri</span> <span class='ocrx_word' id='word_1_39' title='bbox 1043 699 1055 736; x_wconf 92' lang='lat'><strong>:</strong></span> <span class='ocrx_word' id='word_1_40' title='bbox 1081 698 1214 736; x_wconf 90' lang='lat' dir='ltr'>cum</span> <span class='ocrx_word' id='word_1_41' title='bbox 1234 680 1343 735; x_wconf 90' lang='lat' dir='ltr'>hoc</span> <span class='ocrx_word' id='word_1_42' title='bbox 1366 680 1487 736; x_wconf 80' lang='lat' dir='ltr'>fieri</span> <span class='ocrx_word' id='word_1_43' title='bbox 1508 697 1739 753; x_wconf 86' lang='lat' dir='ltr'>semper</span> <span class='ocrx_word' id='word_1_44' title='bbox 1760 680 1920 736; x_wconf 88' lang='lat' dir='ltr'>nulla</span> <span class='ocrx_word' id='word_1_45' title='bbox 1946 682 2165 736; x_wconf 85' lang='lat' dir='ltr'>ratione</span> 
     </span>
    </p>
   </div>
   <div class='ocr_carea' id='block_1_8' title="bbox 512 769 2160 843">
    <p class='ocr_par' dir='ltr' id='par_1_8' title="bbox 512 769 2160 843">
     <span class='ocr_line' id='line_1_8' title="bbox 512 769 2160 843; baseline -0.003 -14"><span class='ocrx_word' id='word_1_46' title='bbox 512 771 722 842; x_wconf 80' lang='lat' dir='ltr'>valeat,</span> <span class='ocrx_word' id='word_1_47' title='bbox 768 770 928 826; x_wconf 91' lang='lat' dir='ltr'>nullo</span> <span class='ocrx_word' id='word_1_48' title='bbox 979 787 1220 843; x_wconf 86' lang='lat' dir='ltr'>prorsus</span> <span class='ocrx_word' id='word_1_49' title='bbox 1277 769 1539 841; x_wconf 87' lang='lat' dir='ltr'>exemplo</span> <span class='ocrx_word' id='word_1_50' title='bbox 1595 774 1822 843; x_wconf 90' lang='lat' dir='ltr'>gestum</span> <span class='ocrx_word' id='word_1_51' title='bbox 1883 773 2160 842; x_wconf 81' lang='lat' dir='ltr'>patescat,</span> 
     </span>
    </p>
   </div>
   <div class='ocr_carea' id='block_1_9' title="bbox 513 857 2163 934">
    <p class='ocr_par' dir='ltr' id='par_1_9' title="bbox 513 857 2163 934">
     <span class='ocr_line' id='line_1_9' title="bbox 513 857 2163 934; baseline -0.001 -18"><span class='ocrx_word' id='word_1_52' title='bbox 513 861 836 934; x_wconf 83' lang='lat' dir='ltr'>praesertim</span> <span class='ocrx_word' id='word_1_53' title='bbox 859 877 991 915; x_wconf 91' lang='lat' dir='ltr'>cum</span> <span class='ocrx_word' id='word_1_54' title='bbox 1015 860 1135 915; x_wconf 69' lang='lat' dir='ltr'>hmc</span> <span class='ocrx_word' id='word_1_55' title='bbox 1159 857 1480 932; x_wconf 86' lang='lat' dir='ltr'>apostolica</span> <span class='ocrx_word' id='word_1_56' title='bbox 1502 875 1732 931; x_wconf 86' lang='lat' dir='ltr'>semper</span> <span class='ocrx_word' id='word_1_57' title='bbox 1749 859 1916 914; x_wconf 87' lang='lat' dir='ltr'>sedes</span> <span class='ocrx_word' id='word_1_58' title='bbox 1938 857 1997 913; x_wconf 92' lang='lat' dir='ltr'>in</span> <span class='ocrx_word' id='word_1_59' title='bbox 2020 875 2163 914; x_wconf 88' lang='lat' dir='ltr'>sana</span> 
     </span>
    </p>
   </div>
   <div class='ocr_carea' id='block_1_10' title="bbox 511 949 1138 1022">
    <p class='ocr_par' dir='ltr' id='par_1_10' title="bbox 511 949 1138 1022">
     <span class='ocr_line' id='line_1_10' title="bbox 511 949 1138 1022; baseline -0.003 -16"><span class='ocrx_word' id='word_1_60' title='bbox 511 949 775 1006; x_wconf 83' lang='lat' dir='ltr'>doctrina</span> <span class='ocrx_word' id='word_1_61' title='bbox 804 949 1138 1022; x_wconf 87' lang='lat' dir='ltr'>perstiterit.</span> 
     </span>
    </p>
   </div>
   <div class='ocr_carea' id='block_1_11' title="bbox 579 1035 2160 1108">
    <p class='ocr_par' dir='ltr' id='par_1_11' title="bbox 579 1035 2160 1108">
     <span class='ocr_line' id='line_1_11' title="bbox 579 1035 2160 1108; baseline 0 -16"><span class='ocrx_word' id='word_1_62' title='bbox 579 1037 787 1094; x_wconf 88' lang='lat' dir='ltr'>Vestra</span> <span class='ocrx_word' id='word_1_63' title='bbox 824 1055 956 1094; x_wconf 90' lang='lat' dir='ltr'>vero</span> <span class='ocrx_word' id='word_1_64' title='bbox 1006 1038 1248 1094; x_wconf 85' lang='lat' dir='ltr'>ecclesia</span> <span class='ocrx_word' id='word_1_65' title='bbox 1280 1038 1587 1108; x_wconf 86' lang='lat' dir='ltr'>(quantum</span> <span class='ocrx_word' id='word_1_66' title='bbox 1648 1037 1718 1092; x_wconf 89' lang='lat' dir='ltr'>ad</span> <span class='ocrx_word' id='word_1_67' title='bbox 1781 1035 2160 1108; x_wconf 66' lang='lat' dir='ltr'>praesulatum</span> 
     </span>
    </p>
   </div>
   <div class='ocr_carea' id='block_1_12' title="bbox 508 1125 2162 1199">
    <p class='ocr_par' dir='ltr' id='par_1_12' title="bbox 508 1125 2162 1199">
     <span class='ocr_line' id='line_1_12' title="bbox 508 1125 2162 1199; baseline -0.001 -17"><span class='ocrx_word' id='word_1_68' title='bbox 508 1127 780 1199; x_wconf 83' lang='lat' dir='ltr'>pertinet)</span> <span class='ocrx_word' id='word_1_69' title='bbox 811 1127 1146 1182; x_wconf 82' lang='lat' dir='ltr'>inﬁrmante</span> <span class='ocrx_word' id='word_1_70' title='bbox 1179 1127 1367 1199; x_wconf 88' lang='lat' dir='ltr'>capite</span> <span class='ocrx_word' id='word_1_71' title='bbox 1410 1143 1560 1198; x_wconf 67' lang='lat' dir='ltr'>smpe</span> <span class='ocrx_word' id='word_1_72' title='bbox 1593 1125 1879 1197; x_wconf 88' lang='lat' dir='ltr'>languerit</span> <span class='ocrx_word' id='word_1_73' title='bbox 1913 1143 1925 1181; x_wconf 92' lang='lat'><strong>:</strong></span> <span class='ocrx_word' id='word_1_74' title='bbox 1961 1142 2026 1181; x_wconf 91' lang='lat' dir='ltr'>ac</span> <span class='ocrx_word' id='word_1_75' title='bbox 2059 1143 2162 1197; x_wconf 89' lang='lat' dir='ltr'>per</span> 
     </span>
    </p>
   </div>
   <div class='ocr_carea' id='block_1_13' title="bbox 507 1215 2159 1288">
    <p class='ocr_par' dir='ltr' id='par_1_13' title="bbox 507 1215 2159 1288">
     <span class='ocr_line' id='line_1_13' title="bbox 507 1215 2159 1288; baseline -0.001 -16"><span class='ocrx_word' id='word_1_76' title='bbox 507 1217 616 1272; x_wconf 91' lang='lat' dir='ltr'>hoc</span> <span class='ocrx_word' id='word_1_77' title='bbox 662 1217 776 1272; x_wconf 87' lang='lat' dir='ltr'>ista</span> <span class='ocrx_word' id='word_1_78' title='bbox 823 1216 1147 1288; x_wconf 84' lang='lat' dir='ltr'>nequiverit</span> <span class='ocrx_word' id='word_1_79' title='bbox 1205 1215 1388 1271; x_wconf 90' lang='lat' dir='ltr'>ascire</span> <span class='ocrx_word' id='word_1_80' title='bbox 1420 1215 1623 1287; x_wconf 89' lang='lat' dir='ltr'>quovis</span> <span class='ocrx_word' id='word_1_81' title='bbox 1681 1215 1854 1270; x_wconf 90' lang='lat' dir='ltr'>modo</span> <span class='ocrx_word' id='word_1_82' title='bbox 1914 1231 2159 1270; x_wconf 90' lang='lat' dir='ltr'>consen-</span> 
     </span>
    </p>
   </div>
   <div class='ocr_carea' id='block_1_14' title="bbox 507 1303 2159 1378">
    <p class='ocr_par' dir='ltr' id='par_1_14' title="bbox 507 1303 2159 1378">
     <span class='ocr_line' id='line_1_14' title="bbox 507 1303 2159 1378; baseline -0.002 -15"><span class='ocrx_word' id='word_1_83' title='bbox 507 1324 660 1372; x_wconf 87' lang='lat' dir='ltr'>sum,</span> <span class='ocrx_word' id='word_1_84' title='bbox 686 1308 856 1378; x_wconf 84' lang='lat' dir='ltr'>cujus</span> <span class='ocrx_word' id='word_1_85' title='bbox 887 1305 1207 1378; x_wconf 87' lang='lat' dir='ltr'>pessimum</span> <span class='ocrx_word' id='word_1_86' title='bbox 1241 1304 1653 1360; x_wconf 85' lang='lat' dir='ltr'>exsecrabatur</span> <span class='ocrx_word' id='word_1_87' title='bbox 1700 1321 1815 1358; x_wconf 90' lang='lat' dir='ltr'>non</span> <span class='ocrx_word' id='word_1_88' title='bbox 1867 1303 2159 1359; x_wconf 90' lang='lat' dir='ltr'>immerito</span> 
     </span>
    </p>
   </div>
   <div class='ocr_carea' id='block_1_15' title="bbox 507 1392 2162 1464">
    <p class='ocr_par' dir='ltr' id='par_1_15' title="bbox 507 1392 2162 1464">
     <span class='ocr_line' id='line_1_15' title="bbox 507 1392 2162 1464; baseline -0.004 -12"><span class='ocrx_word' id='word_1_89' title='bbox 507 1405 767 1452; x_wconf 84' lang='lat' dir='ltr'>s‘ensum.</span> <span class='ocrx_word' id='word_1_90' title='bbox 798 1395 1008 1449; x_wconf 80' lang='lat' dir='ltr'>Deinde</span> <span class='ocrx_word' id='word_1_91' title='bbox 1049 1411 1180 1447; x_wconf 77' lang='lat' dir='ltr'>cum</span> <span class='ocrx_word' id='word_1_92' title='bbox 1216 1411 1321 1448; x_wconf 89' lang='lat' dir='ltr'>nos</span> <span class='ocrx_word' id='word_1_93' title='bbox 1365 1392 1770 1464; x_wconf 86' lang='lat' dir='ltr'>exprobrantis</span> <span class='ocrx_word' id='word_1_94' title='bbox 1819 1393 2025 1446; x_wconf 88' lang='lat' dir='ltr'>affectu</span> <span class='ocrx_word' id='word_1_95' title='bbox 2058 1408 2162 1464; x_wconf 90' lang='lat' dir='ltr'>per</span> 
     </span>
    </p>
   </div>
   <div class='ocr_carea' id='block_1_16' title="bbox 505 1481 2158 1554">
    <p class='ocr_par' dir='ltr' id='par_1_16' title="bbox 505 1481 2158 1554">
     <span class='ocr_line' id='line_1_16' title="bbox 505 1481 2158 1554; baseline -0.002 -14"><span class='ocrx_word' id='word_1_96' title='bbox 505 1501 631 1540; x_wconf 89' lang='lat' dir='ltr'>eam</span> <span class='ocrx_word' id='word_1_97' title='bbox 659 1483 884 1540; x_wconf 81' lang='lat' dir='ltr'>causari</span> <span class='ocrx_word' id='word_1_98' title='bbox 904 1485 1334 1554; x_wconf 75' lang='lat' dir='ltr'>videamur,pro</span> <span class='ocrx_word' id='word_1_99' title='bbox 1352 1498 1417 1537; x_wconf 94' lang='lat' dir='ltr'>eo</span> <span class='ocrx_word' id='word_1_100' title='bbox 1438 1481 1590 1553; x_wconf 92' lang='lat' dir='ltr'>quod</span> <span class='ocrx_word' id='word_1_101' title='bbox 1611 1485 1792 1536; x_wconf 83' lang='lat' dir='ltr'>coetus</span> <span class='ocrx_word' id='word_1_102' title='bbox 1811 1481 2158 1536; x_wconf 79' lang='lat' dir='ltr'>conveniens</span> 
     </span>
    </p>
   </div>
   <div class='ocr_carea' id='block_1_17' title="bbox 505 1569 2158 1644">
    <p class='ocr_par' dir='ltr' id='par_1_17' title="bbox 505 1569 2158 1644">
     <span class='ocr_line' id='line_1_17' title="bbox 505 1569 2158 1644; baseline -0.002 -14"><span class='ocrx_word' id='word_1_103' title='bbox 505 1573 1071 1644; x_wconf 85' lang='lat' dir='ltr'>Constantinopolim</span> <span class='ocrx_word' id='word_1_104' title='bbox 1108 1573 1234 1626; x_wconf 89' lang='lat' dir='ltr'>sine</span> <span class='ocrx_word' id='word_1_105' title='bbox 1281 1571 1525 1625; x_wconf 81' lang='lat' dir='ltr'>Romani</span> <span class='ocrx_word' id='word_1_106' title='bbox 1558 1569 1827 1624; x_wconf 88' lang='lat' dir='ltr'>consultu</span> <span class='ocrx_word' id='word_1_107' title='bbox 1866 1569 2158 1642; x_wconf 86' lang='lat' dir='ltr'>pontificis</span> 
     </span>
    </p>
   </div>
   <div class='ocr_carea' id='block_1_18' title="bbox 509 1659 2156 1735">
    <p class='ocr_par' dir='ltr' id='par_1_18' title="bbox 509 1659 2156 1735">
     <span class='ocr_line' id='line_1_18' title="bbox 509 1659 2156 1735; baseline -0.002 -19"><span class='ocrx_word' id='word_1_108' title='bbox 509 1661 798 1735; x_wconf 88' lang='lat' dir='ltr'>Ignatium</span> <span class='ocrx_word' id='word_1_109' title='bbox 833 1659 1064 1733; x_wconf 87' lang='lat' dir='ltr'>proprio</span> <span class='ocrx_word' id='word_1_110' title='bbox 1097 1659 1383 1732; x_wconf 86' lang='lat' dir='ltr'>privasset</span> <span class='ocrx_word' id='word_1_111' title='bbox 1412 1659 1650 1726; x_wconf 89' lang='lat' dir='ltr'>honore,</span> <span class='ocrx_word' id='word_1_112' title='bbox 1676 1659 1829 1729; x_wconf 92' lang='lat' dir='ltr'>quod</span> <span class='ocrx_word' id='word_1_113' title='bbox 1863 1675 2156 1730; x_wconf 87' lang='lat' dir='ltr'>nusquam</span> 
     </span>
    </p>
   </div>
   <div class='ocr_carea' id='block_1_19' title="bbox 505 1747 2155 1820">
    <p class='ocr_par' dir='ltr' id='par_1_19' title="bbox 505 1747 2155 1820">
     <span class='ocr_line' id='line_1_19' title="bbox 505 1747 2155 1820; baseline -0.002 -14"><span class='ocrx_word' id='word_1_114' title='bbox 505 1751 790 1806; x_wconf 81' lang='lat' dir='ltr'>nimirum</span> <span class='ocrx_word' id='word_1_115' title='bbox 807 1751 874 1805; x_wconf 90' lang='lat' dir='ltr'>de</span> <span class='ocrx_word' id='word_1_116' title='bbox 887 1747 1530 1820; x_wconf 86' lang='lat' dir='ltr'>Constantinopolitano</span> <span class='ocrx_word' id='word_1_117' title='bbox 1549 1747 1795 1820; x_wconf 76' lang='lat' dir='ltr'>przesule</span> <span class='ocrx_word' id='word_1_118' title='bbox 1815 1747 1928 1801; x_wconf 88' lang='lat' dir='ltr'>nisi</span> <span class='ocrx_word' id='word_1_119' title='bbox 1949 1747 2155 1802; x_wconf 86' lang='lat' dir='ltr'>fortas-</span> 
     </span>
    </p>
   </div>
   <div class='ocr_carea' id='block_1_20' title="bbox 506 1836 2156 1910">
    <p class='ocr_par' dir='ltr' id='par_1_20' title="bbox 506 1836 2156 1910">
     <span class='ocr_line' id='line_1_20' title="bbox 506 1836 2156 1910; baseline -0.002 -17"><span class='ocrx_word' id='word_1_120' title='bbox 506 1839 588 1894; x_wconf 90' lang='lat' dir='ltr'>sis</span> <span class='ocrx_word' id='word_1_121' title='bbox 611 1841 680 1894; x_wconf 88' lang='lat' dir='ltr'>ab</span> <span class='ocrx_word' id='word_1_122' title='bbox 705 1838 989 1894; x_wconf 68' lang='lat' dir='ltr'>haereticis</span> <span class='ocrx_word' id='word_1_123' title='bbox 1020 1839 1242 1910; x_wconf 88' lang='lat' dir='ltr'>absque</span> <span class='ocrx_word' id='word_1_124' title='bbox 1265 1838 1524 1892; x_wconf 79' lang='lat' dir='ltr'>Romano</span> <span class='ocrx_word' id='word_1_125' title='bbox 1553 1854 1702 1908; x_wconf 87' lang='lat' dir='ltr'>papa</span> <span class='ocrx_word' id='word_1_126' title='bbox 1729 1836 1947 1891; x_wconf 82' lang='lat' dir='ltr'>factum</span> <span class='ocrx_word' id='word_1_127' title='bbox 1973 1836 2156 1891; x_wconf 88' lang='lat' dir='ltr'>fuisse</span> 
     </span>
    </p>
   </div>
   <div class='ocr_carea' id='block_1_21' title="bbox 505 1924 2154 1997">
    <p class='ocr_par' dir='ltr' id='par_1_21' title="bbox 505 1924 2154 1997">
     <span class='ocr_line' id='line_1_21' title="bbox 505 1924 2154 1997; baseline -0.004 -11"><span class='ocrx_word' id='word_1_128' title='bbox 505 1929 783 1986; x_wconf 88' lang='lat' dir='ltr'>recolitur</span> <span class='ocrx_word' id='word_1_129' title='bbox 798 1947 809 1985; x_wconf 92' lang='lat'>:</span> <span class='ocrx_word' id='word_1_130' title='bbox 825 1929 939 1983; x_wconf 86' lang='lat' dir='ltr'>Vos</span> <span class='ocrx_word' id='word_1_131' title='bbox 956 1927 1066 1982; x_wconf 87' lang='lat' dir='ltr'>hoc</span> <span class='ocrx_word' id='word_1_132' title='bbox 1083 1925 1489 1982; x_wconf 84' lang='lat' dir='ltr'>commutastis</span> <span class='ocrx_word' id='word_1_133' title='bbox 1506 1925 1946 1997; x_wconf 80' lang='lat' dir='ltr'>dicentes,quod</span> <span class='ocrx_word' id='word_1_134' title='bbox 1967 1924 2025 1978; x_wconf 89' lang='lat' dir='ltr'>in</span> <span class='ocrx_word' id='word_1_135' title='bbox 2049 1940 2154 1980; x_wconf 86' lang='lat' dir='ltr'>nos</span> 
     </span>
    </p>
   </div>
   <div class='ocr_carea' id='block_1_22' title="bbox 505 2013 2150 2093">
    <p class='ocr_par' dir='ltr' id='par_1_22' title="bbox 505 2013 2150 2093">
     <span class='ocr_line' id='line_1_22' title="bbox 505 2013 2150 2093; baseline -0.004 -19"><span class='ocrx_word' id='word_1_136' title='bbox 505 2019 668 2093; x_wconf 89' lang='lat' dir='ltr'>prius</span> <span class='ocrx_word' id='word_1_137' title='bbox 692 2018 906 2074; x_wconf 88' lang='lat' dir='ltr'>avobis</span> <span class='ocrx_word' id='word_1_138' title='bbox 939 2017 1060 2073; x_wconf 81' lang='lat' dir='ltr'>ﬁeri</span> <span class='ocrx_word' id='word_1_139' title='bbox 1093 2033 1206 2071; x_wconf 91' lang='lat' dir='ltr'>non</span> <span class='ocrx_word' id='word_1_140' title='bbox 1230 2015 1504 2071; x_wconf 89' lang='lat' dir='ltr'>debuisse</span> <span class='ocrx_word' id='word_1_141' title='bbox 1536 2031 1652 2069; x_wconf 92' lang='lat' dir='ltr'>non</span> <span class='ocrx_word' id='word_1_142' title='bbox 1685 2013 2150 2086; x_wconf 89' lang='lat' dir='ltr'>scripsissemus,</span> 
     </span>
    </p>
   </div>
   <div class='ocr_carea' id='block_1_23' title="bbox 503 2103 2156 2180">
    <p class='ocr_par' dir='ltr' id='par_1_23' title="bbox 503 2103 2156 2180">
     <span class='ocr_line' id='line_1_23' title="bbox 503 2103 2156 2180; baseline -0.004 -16"><span class='ocrx_word' id='word_1_143' title='bbox 503 2114 788 2180; x_wconf 82' lang='lat' dir='ltr'>tanquam</span> <span class='ocrx_word' id='word_1_144' title='bbox 820 2106 905 2162; x_wconf 90' lang='lat' dir='ltr'>vel</span> <span class='ocrx_word' id='word_1_145' title='bbox 937 2123 1042 2162; x_wconf 90' lang='lat' dir='ltr'>nos</span> <span class='ocrx_word' id='word_1_146' title='bbox 1075 2110 1276 2178; x_wconf 86' lang='lat' dir='ltr'>postea</span> <span class='ocrx_word' id='word_1_147' title='bbox 1305 2104 1362 2158; x_wconf 92' lang='lat' dir='ltr'>id</span> <span class='ocrx_word' id='word_1_148' title='bbox 1393 2105 1518 2159; x_wconf 85' lang='lat' dir='ltr'>ﬁeri</span> <span class='ocrx_word' id='word_1_149' title='bbox 1547 2103 2018 2160; x_wconf 90' lang='lat' dir='ltr'>censuissemus:</span> <span class='ocrx_word' id='word_1_150' title='bbox 2053 2106 2156 2157; x_wconf 91' lang='lat' dir='ltr'>aut</span> 
     </span>
    </p>
   </div>
   <div class='ocr_carea' id='block_1_24' title="bbox 501 2191 2154 2270">
    <p class='ocr_par' dir='ltr' id='par_1_24' title="bbox 501 2191 2154 2270">
     <span class='ocr_line' id='line_1_24' title="bbox 501 2191 2154 2270; baseline -0.005 -17"><span class='ocrx_word' id='word_1_151' title='bbox 501 2203 783 2270; x_wconf 88' lang='lat' dir='ltr'>tanquam</span> <span class='ocrx_word' id='word_1_152' title='bbox 807 2213 912 2252; x_wconf 89' lang='lat' dir='ltr'>nos</span> <span class='ocrx_word' id='word_1_153' title='bbox 942 2195 1163 2268; x_wconf 86' lang='lat' dir='ltr'>legatos</span> <span class='ocrx_word' id='word_1_154' title='bbox 1193 2197 1426 2250; x_wconf 89' lang='lat' dir='ltr'>nostros</span> <span class='ocrx_word' id='word_1_155' title='bbox 1455 2210 1568 2248; x_wconf 91' lang='lat' dir='ltr'>non</span> <span class='ocrx_word' id='word_1_156' title='bbox 1595 2193 1664 2247; x_wconf 90' lang='lat' dir='ltr'>ad</span> <span class='ocrx_word' id='word_1_157' title='bbox 1689 2191 2040 2247; x_wconf 89' lang='lat' dir='ltr'>audiendam</span> <span class='ocrx_word' id='word_1_158' title='bbox 2065 2207 2154 2246; x_wconf 87' lang='lat' dir='ltr'>so-</span> 
     </span>
    </p>
   </div>
   <div class='ocr_carea' id='block_1_25' title="bbox 501 2280 2151 2358">
    <p class='ocr_par' dir='ltr' id='par_1_25' title="bbox 501 2280 2151 2358">
     <span class='ocr_line' id='line_1_25' title="bbox 501 2280 2151 2358; baseline -0.004 -15"><span class='ocrx_word' id='word_1_159' title='bbox 501 2287 803 2344; x_wconf 86' lang='lat' dir='ltr'>lummodo</span> <span class='ocrx_word' id='word_1_160' title='bbox 835 2290 892 2358; x_wconf 77' lang='lat' dir='ltr'>et</span> <span class='ocrx_word' id='word_1_161' title='bbox 922 2286 1091 2340; x_wconf 89' lang='lat' dir='ltr'>nobis</span> <span class='ocrx_word' id='word_1_162' title='bbox 1122 2284 1483 2338; x_wconf 83' lang='lat' dir='ltr'>referendam</span> <span class='ocrx_word' id='word_1_163' title='bbox 1519 2281 1727 2354; x_wconf 88' lang='lat' dir='ltr'>lgnatii</span> <span class='ocrx_word' id='word_1_164' title='bbox 1761 2297 2021 2346; x_wconf 87' lang='lat' dir='ltr'>causam,</span> <span class='ocrx_word' id='word_1_165' title='bbox 2051 2280 2151 2336; x_wconf 91' lang='lat' dir='ltr'>sed</span> 
     </span>
    </p>
   </div>
   <div class='ocr_carea' id='block_1_26' title="bbox 502 2369 2150 2442">
    <p class='ocr_par' dir='ltr' id='par_1_26' title="bbox 502 2369 2150 2442">
     <span class='ocr_line' id='line_1_26' title="bbox 502 2369 2150 2442; baseline -0.005 -11"><span class='ocrx_word' id='word_1_166' title='bbox 502 2377 574 2432; x_wconf 85' lang='lat' dir='ltr'>ad</span> <span class='ocrx_word' id='word_1_167' title='bbox 606 2375 1010 2430; x_wconf 82' lang='lat' dir='ltr'>difﬁniendam</span> <span class='ocrx_word' id='word_1_168' title='bbox 1039 2370 1602 2442; x_wconf 86' lang='lat' dir='ltr'>Constantinopolim</span> <span class='ocrx_word' id='word_1_169' title='bbox 1635 2369 1991 2433; x_wconf 88' lang='lat' dir='ltr'>miserimus,</span> <span class='ocrx_word' id='word_1_170' title='bbox 2017 2385 2150 2423; x_wconf 92' lang='lat' dir='ltr'>cum</span> 
     </span>
    </p>
   </div>
   <div class='ocr_carea' id='block_1_27' title="bbox 501 2456 2150 2532">
    <p class='ocr_par' dir='ltr' id='par_1_27' title="bbox 501 2456 2150 2532">
     <span class='ocr_line' id='line_1_27' title="bbox 501 2456 2150 2532; baseline -0.005 -12"><span class='ocrx_word' id='word_1_171' title='bbox 501 2463 802 2521; x_wconf 86' lang='lat' dir='ltr'>nonnullis</span> <span class='ocrx_word' id='word_1_172' title='bbox 844 2461 904 2516; x_wconf 92' lang='lat' dir='ltr'>in</span> <span class='ocrx_word' id='word_1_173' title='bbox 953 2461 1155 2516; x_wconf 88' lang='lat' dir='ltr'>eadem</span> <span class='ocrx_word' id='word_1_174' title='bbox 1204 2459 1452 2532; x_wconf 89' lang='lat' dir='ltr'>epistola</span> <span class='ocrx_word' id='word_1_175' title='bbox 1498 2457 1859 2529; x_wconf 87' lang='lat' dir='ltr'>interpositis</span> <span class='ocrx_word' id='word_1_176' title='bbox 1906 2456 2150 2512; x_wconf 89' lang='lat' dir='ltr'>inveniri</span> 
     </span>
    </p>
   </div>
   <div class='ocr_carea' id='block_1_28' title="bbox 502 2545 2152 2627">
    <p class='ocr_par' dir='ltr' id='par_1_28' title="bbox 502 2545 2152 2627">
     <span class='ocr_line' id='line_1_28' title="bbox 502 2545 2152 2627; baseline -0.006 -18"><span class='ocrx_word' id='word_1_177' title='bbox 502 2552 858 2627; x_wconf 88' lang='lat' dir='ltr'>queat,quod</span> <span class='ocrx_word' id='word_1_178' title='bbox 876 2547 1256 2622; x_wconf 89' lang='lat' dir='ltr'>depositionis</span> <span class='ocrx_word' id='word_1_179' title='bbox 1280 2547 1540 2618; x_wconf 86' lang='lat' dir='ltr'>ejusdem</span> <span class='ocrx_word' id='word_1_180' title='bbox 1565 2545 1998 2601; x_wconf 90' lang='lat' dir='ltr'>consacerdotis</span> <span class='ocrx_word' id='word_1_181' title='bbox 2016 2562 2152 2600; x_wconf 85' lang='lat' dir='ltr'>nos-</span> 
     </span>
    </p>
   </div>
   <div class='ocr_carea' id='block_1_29' title="bbox 499 2632 2152 2706">
    <p class='ocr_par' dir='ltr' id='par_1_29' title="bbox 499 2632 2152 2706">
     <span class='ocr_line' id='line_1_29' title="bbox 499 2632 2152 2706; baseline -0.006 -8"><span class='ocrx_word' id='word_1_182' title='bbox 499 2644 574 2698; x_wconf 88' lang='lat' dir='ltr'>tri</span> <span class='ocrx_word' id='word_1_183' title='bbox 599 2655 907 2698; x_wconf 87' lang='lat' dir='ltr'>censuram</span> <span class='ocrx_word' id='word_1_184' title='bbox 933 2655 1047 2693; x_wconf 93' lang='lat' dir='ltr'>non</span> <span class='ocrx_word' id='word_1_185' title='bbox 1072 2635 1510 2701; x_wconf 89' lang='lat' dir='ltr'>terminari,sed</span> <span class='ocrx_word' id='word_1_186' title='bbox 1543 2638 1772 2690; x_wconf 90' lang='lat' dir='ltr'>tantum</span> <span class='ocrx_word' id='word_1_187' title='bbox 1803 2632 2152 2706; x_wconf 87' lang='lat' dir='ltr'>perquiri,et</span> 
     </span>
    </p>
   </div>
   <div class='ocr_carea' id='block_1_30' title="bbox 499 2722 2152 2804">
    <p class='ocr_par' dir='ltr' id='par_1_30' title="bbox 499 2722 2152 2804">
     <span class='ocr_line' id='line_1_30' title="bbox 499 2722 2152 2804; baseline -0.008 -14"><span class='ocrx_word' id='word_1_188' title='bbox 499 2729 669 2790; x_wconf 85' lang='lat' dir='ltr'>nobis</span> <span class='ocrx_word' id='word_1_189' title='bbox 700 2728 1019 2804; x_wconf 82' lang='lat' dir='ltr'>significari</span> <span class='ocrx_word' id='word_1_190' title='bbox 1049 2728 1119 2783; x_wconf 88' lang='lat' dir='ltr'>ad</span> <span class='ocrx_word' id='word_1_191' title='bbox 1145 2726 1560 2782; x_wconf 82' lang='lat' dir='ltr'>deffiniendam</span> <span class='ocrx_word' id='word_1_192' title='bbox 1586 2722 1985 2780; x_wconf 84' lang='lat' dir='ltr'>auctoritatem</span> <span class='ocrx_word' id='word_1_193' title='bbox 2021 2739 2152 2794; x_wconf 89' lang='lat' dir='ltr'>apo-</span> 
     </span>
    </p>
   </div>
   <div class='ocr_carea' id='block_1_31' title="bbox 497 2809 2154 2891">
    <p class='ocr_par' dir='ltr' id='par_1_31' title="bbox 497 2809 2154 2891">
     <span class='ocr_line' id='line_1_31' title="bbox 497 2809 2154 2891; baseline -0.008 -13"><span class='ocrx_word' id='word_1_194' title='bbox 497 2820 763 2878; x_wconf 88' lang='lat' dir='ltr'>stolicam</span> <span class='ocrx_word' id='word_1_195' title='bbox 779 2821 955 2891; x_wconf 72' lang='lat' dir='ltr'>[for-te,</span> <span class='ocrx_word' id='word_1_196' title='bbox 971 2816 1318 2872; x_wconf 88' lang='lat' dir='ltr'>auctoritate</span> <span class='ocrx_word' id='word_1_197' title='bbox 1331 2813 1667 2886; x_wconf 87' lang='lat' dir='ltr'>apostolica,</span> <span class='ocrx_word' id='word_1_198' title='bbox 1683 2813 1888 2878; x_wconf 59' lang='lat' dir='ltr'>Hann]</span> <span class='ocrx_word' id='word_1_199' title='bbox 1901 2811 2025 2866; x_wconf 88' lang='lat' dir='ltr'>luce</span> <span class='ocrx_word' id='word_1_200' title='bbox 2041 2809 2154 2866; x_wconf 93' lang='lat' dir='ltr'>cla-</span> 
     </span>
    </p>
   </div>
   <div class='ocr_carea' id='block_1_32' title="bbox 497 2901 2149 2975">
    <p class='ocr_par' dir='ltr' id='par_1_32' title="bbox 497 2901 2149 2975">
     <span class='ocr_line' id='line_1_32' title="bbox 497 2901 2149 2975; baseline -0.007 -9"><span class='ocrx_word' id='word_1_201' title='bbox 497 2910 620 2966; x_wconf 89' lang='lat' dir='ltr'>rius</span> <span class='ocrx_word' id='word_1_202' title='bbox 643 2905 1256 2964; x_wconf 85' lang='lat' dir='ltr'>dccreverimus.Nam</span> <span class='ocrx_word' id='word_1_203' title='bbox 1285 2903 1333 2960; x_wconf 90' lang='lat' dir='ltr'>si</span> <span class='ocrx_word' id='word_1_204' title='bbox 1364 2920 1472 2959; x_wconf 90' lang='lat' dir='ltr'>nos</span> <span class='ocrx_word' id='word_1_205' title='bbox 1503 2919 1606 2975; x_wconf 90' lang='lat' dir='ltr'>pro</span> <span class='ocrx_word' id='word_1_206' title='bbox 1637 2901 1991 2956; x_wconf 83' lang='lat' dir='ltr'>defﬁnienda</span> <span class='ocrx_word' id='word_1_207' title='bbox 2011 2917 2149 2956; x_wconf 91' lang='lat' dir='ltr'>con-</span> 
     </span>
    </p>
   </div>
   <div class='ocr_carea' id='block_1_33' title="bbox 495 2988 2148 3065">
    <p class='ocr_par' dir='ltr' id='par_1_33' title="bbox 495 2988 2148 3065">
     <span class='ocr_line' id='line_1_33' title="bbox 495 2988 2148 3065; baseline -0.006 -11"><span class='ocrx_word' id='word_1_208' title='bbox 495 2997 776 3054; x_wconf 81' lang='lat' dir='ltr'>troversia</span> <span class='ocrx_word' id='word_1_209' title='bbox 817 2995 1014 3050; x_wconf 87' lang='lat' dir='ltr'>fratris</span> <span class='ocrx_word' id='word_1_210' title='bbox 1045 2993 1230 3049; x_wconf 86' lang='lat' dir='ltr'>nostri</span> <span class='ocrx_word' id='word_1_211' title='bbox 1263 2991 1468 3065; x_wconf 90' lang='lat' dir='ltr'>Ignatii</span> <span class='ocrx_word' id='word_1_212' title='bbox 1493 2995 1631 3046; x_wconf 89' lang='lat' dir='ltr'>tunc</span> <span class='ocrx_word' id='word_1_213' title='bbox 1673 2990 1881 3062; x_wconf 85' lang='lat' dir='ltr'>legatis</span> <span class='ocrx_word' id='word_1_214' title='bbox 1932 2988 2148 3044; x_wconf 85' lang='lat' dir='ltr'>nostris</span> 
     </span>
    </p>
   </div>
   <div class='ocr_carea' id='block_1_34' title="bbox 496 3075 2146 3160">
    <p class='ocr_par' dir='ltr' id='par_1_34' title="bbox 496 3075 2146 3160">
     <span class='ocr_line' id='line_1_34' title="bbox 496 3075 2146 3160; baseline -0.007 -17"><span class='ocrx_word' id='word_1_215' title='bbox 496 3088 818 3160; x_wconf 84' lang='lat' dir='ltr'>quidquam</span> <span class='ocrx_word' id='word_1_216' title='bbox 844 3081 1351 3156; x_wconf 72' lang='lat' dir='ltr'>prmcepimus,vel</span> <span class='ocrx_word' id='word_1_217' title='bbox 1375 3098 1510 3136; x_wconf 90' lang='lat' dir='ltr'>eum</span> <span class='ocrx_word' id='word_1_218' title='bbox 1543 3079 1904 3134; x_wconf 89' lang='lat' dir='ltr'>damnationi</span> <span class='ocrx_word' id='word_1_219' title='bbox 1935 3075 2146 3149; x_wconf 85' lang='lat' dir='ltr'>subjici</span> 
     </span>
    </p>
   </div>
   <div class='ocr_carea' id='block_1_35' title="bbox 2275 505 3802 586">
    <p class='ocr_par' dir='ltr' id='par_1_35' title="bbox 2275 505 3802 586">
     <span class='ocr_line' id='line_1_35' title="bbox 2275 505 3802 586; baseline 0.01 -30"><span class='ocrx_word' id='word_1_220' title='bbox 2275 505 2398 576; x_wconf 83' lang='lat' dir='ltr'>pari</span> <span class='ocrx_word' id='word_1_221' title='bbox 2427 506 2637 560; x_wconf 83' lang='lat' dir='ltr'>debent</span> <span class='ocrx_word' id='word_1_222' title='bbox 2669 506 2873 562; x_wconf 91' lang='lat' dir='ltr'>ultioni</span> <span class='ocrx_word' id='word_1_223' title='bbox 2908 509 3411 582; x_wconf 86' lang='lat' dir='ltr'>succumbere,qui</span> <span class='ocrx_word' id='word_1_224' title='bbox 3440 529 3610 583; x_wconf 89' lang='lat' dir='ltr'>parem</span> <span class='ocrx_word' id='word_1_225' title='bbox 3630 515 3802 586; x_wconf 81' lang='lat' dir='ltr'>quidem</span> 
     </span>
    </p>
   </div>
   <div class='ocr_carea' id='block_1_36' title="bbox 2273 594 3805 674">
    <p class='ocr_par' dir='ltr' id='par_1_36' title="bbox 2273 594 3805 674">
     <span class='ocr_line' id='line_1_36' title="bbox 2273 594 3805 674; baseline 0.008 -27"><span class='ocrx_word' id='word_1_226' title='bbox 2273 594 2826 665; x_wconf 75' lang='lat' dir='ltr'>praevaricationem,</span> <span class='ocrx_word' id='word_1_227' title='bbox 2853 598 2951 653; x_wconf 89' lang='lat' dir='ltr'>sed</span> <span class='ocrx_word' id='word_1_228' title='bbox 2984 615 3101 653; x_wconf 88' lang='lat' dir='ltr'>non</span> <span class='ocrx_word' id='word_1_229' title='bbox 3132 615 3316 670; x_wconf 87' lang='lat' dir='ltr'>pares,</span> <span class='ocrx_word' id='word_1_230' title='bbox 3340 601 3446 654; x_wconf 90' lang='lat' dir='ltr'>imo</span> <span class='ocrx_word' id='word_1_231' title='bbox 3475 600 3640 656; x_wconf 87' lang='lat' dir='ltr'>nullas</span> <span class='ocrx_word' id='word_1_232' title='bbox 3664 620 3805 674; x_wconf 71' lang='lat' dir='ltr'>puznas</span> 
     </span>
    </p>
   </div>
   <div class='ocr_carea' id='block_1_37' title="bbox 2272 681 3805 758">
    <p class='ocr_par' dir='ltr' id='par_1_37' title="bbox 2272 681 3805 758">
     <span class='ocr_line' id='line_1_37' title="bbox 2272 681 3805 758; baseline 0.007 -21"><span class='ocrx_word' id='word_1_233' title='bbox 2272 681 2425 737; x_wconf 88' lang='lat' dir='ltr'>sicut</span> <span class='ocrx_word' id='word_1_234' title='bbox 2457 683 2537 738; x_wconf 90' lang='lat' dir='ltr'>illi</span> <span class='ocrx_word' id='word_1_235' title='bbox 2580 687 2874 756; x_wconf 91' lang='lat' dir='ltr'>quondam</span> <span class='ocrx_word' id='word_1_236' title='bbox 2917 686 3177 758; x_wconf 90' lang='lat' dir='ltr'>perpessi</span> <span class='ocrx_word' id='word_1_237' title='bbox 3206 693 3358 742; x_wconf 90' lang='lat' dir='ltr'>sunt.</span> <span class='ocrx_word' id='word_1_238' title='bbox 3389 688 3510 743; x_wconf 88' lang='lat' dir='ltr'>Post</span> <span class='ocrx_word' id='word_1_239' title='bbox 3543 689 3646 745; x_wconf 67' lang='lat' dir='ltr'>haec</span> <span class='ocrx_word' id='word_1_240' title='bbox 3670 698 3805 749; x_wconf 75' lang='lat' dir='ltr'>autem</span> 
     </span>
    </p>
   </div>
   <div class='ocr_carea' id='block_1_38' title="bbox 2272 771 3806 845">
    <p class='ocr_par' dir='ltr' id='par_1_38' title="bbox 2272 771 3806 845">
     <span class='ocr_line' id='line_1_38' title="bbox 2272 771 3806 845; baseline 0.007 -20"><span class='ocrx_word' id='word_1_241' title='bbox 2272 771 2558 844; x_wconf 88' lang='lat' dir='ltr'>quidquid</span> <span class='ocrx_word' id='word_1_242' title='bbox 2592 773 2661 829; x_wconf 92' lang='lat' dir='ltr'>de</span> <span class='ocrx_word' id='word_1_243' title='bbox 2683 775 2806 845; x_wconf 90' lang='lat' dir='ltr'>jam</span> <span class='ocrx_word' id='word_1_244' title='bbox 2844 776 2946 830; x_wconf 85' lang='lat' dir='ltr'>fati</span> <span class='ocrx_word' id='word_1_245' title='bbox 2991 776 3184 831; x_wconf 80' lang='lat' dir='ltr'>fratris</span> <span class='ocrx_word' id='word_1_246' title='bbox 3223 781 3278 832; x_wconf 90' lang='lat' dir='ltr'>et</span> <span class='ocrx_word' id='word_1_247' title='bbox 3315 778 3657 834; x_wconf 88' lang='lat' dir='ltr'>comministri</span> <span class='ocrx_word' id='word_1_248' title='bbox 3681 781 3806 836; x_wconf 83' lang='lat' dir='ltr'>nostri</span> 
     </span>
    </p>
   </div>
   <div class='ocr_carea' id='block_1_39' title="bbox 2272 861 3806 937">
    <p class='ocr_par' dir='ltr' id='par_1_39' title="bbox 2272 861 3806 937">
     <span class='ocr_line' id='line_1_39' title="bbox 2272 861 3806 937; baseline 0.007 -23"><span class='ocrx_word' id='word_1_249' title='bbox 2272 861 2481 932; x_wconf 86' lang='lat' dir='ltr'>lgnatii</span> <span class='ocrx_word' id='word_1_250' title='bbox 2513 863 2819 934; x_wconf 81' lang='lat' dir='ltr'>tyrannica</span> <span class='ocrx_word' id='word_1_251' title='bbox 2857 864 3495 937; x_wconf 89' lang='lat' dir='ltr'>repulsione,quidquid</span> <span class='ocrx_word' id='word_1_252' title='bbox 3533 868 3593 922; x_wconf 89' lang='lat' dir='ltr'>de</span> <span class='ocrx_word' id='word_1_253' title='bbox 3625 867 3806 924; x_wconf 84' lang='lat' dir='ltr'>inconsi-</span> 
     </span>
    </p>
   </div>
   <div class='ocr_carea' id='block_1_40' title="bbox 2270 949 3805 1026">
    <p class='ocr_par' dir='ltr' id='par_1_40' title="bbox 2270 949 3805 1026">
     <span class='ocr_line' id='line_1_40' title="bbox 2270 949 3805 1026; baseline 0.006 -22"><span class='ocrx_word' id='word_1_254' title='bbox 2270 949 2470 1006; x_wconf 88' lang='lat' dir='ltr'>derata</span> <span class='ocrx_word' id='word_1_255' title='bbox 2499 956 2556 1007; x_wconf 90' lang='lat' dir='ltr'>et</span> <span class='ocrx_word' id='word_1_256' title='bbox 2585 951 2812 1007; x_wconf 66' lang='lat' dir='ltr'>invidia:</span> <span class='ocrx_word' id='word_1_257' title='bbox 2858 952 3031 1025; x_wconf 81' lang='lat' dir='ltr'>plena</span> <span class='ocrx_word' id='word_1_258' title='bbox 3061 954 3119 1009; x_wconf 91' lang='lat' dir='ltr'>in</span> <span class='ocrx_word' id='word_1_259' title='bbox 3151 972 3281 1010; x_wconf 91' lang='lat' dir='ltr'>eum</span> <span class='ocrx_word' id='word_1_260' title='bbox 3333 954 3539 1026; x_wconf 86' lang='lat' dir='ltr'>prolata</span> <span class='ocrx_word' id='word_1_261' title='bbox 3579 959 3805 1022; x_wconf 85' lang='lat' dir='ltr'>sententia,</span> 
     </span>
    </p>
   </div>
   <div class='ocr_carea' id='block_1_41' title="bbox 2271 1039 3806 1117">
    <p class='ocr_par' dir='ltr' id='par_1_41' title="bbox 2271 1039 3806 1117">
     <span class='ocr_line' id='line_1_41' title="bbox 2271 1039 3806 1117; baseline 0.004 -23"><span class='ocrx_word' id='word_1_262' title='bbox 2271 1039 2554 1112; x_wconf 92' lang='lat' dir='ltr'>quidquid</span> <span class='ocrx_word' id='word_1_263' title='bbox 2582 1041 2654 1096; x_wconf 92' lang='lat' dir='ltr'>de</span> <span class='ocrx_word' id='word_1_264' title='bbox 2685 1040 2916 1098; x_wconf 90' lang='lat' dir='ltr'>violatis</span> <span class='ocrx_word' id='word_1_265' title='bbox 2947 1043 3204 1115; x_wconf 86' lang='lat' dir='ltr'>paternis</span> <span class='ocrx_word' id='word_1_266' title='bbox 3253 1041 3806 1117; x_wconf 78' lang='lat' dir='ltr'>ditlinitionibus,quid-</span> 
     </span>
    </p>
   </div>
   <div class='ocr_carea' id='block_1_42' title="bbox 2271 1127 3804 1204">
    <p class='ocr_par' dir='ltr' id='par_1_42' title="bbox 2271 1127 3804 1204">
     <span class='ocr_line' id='line_1_42' title="bbox 2271 1127 3804 1204; baseline 0.005 -23"><span class='ocrx_word' id='word_1_267' title='bbox 2271 1127 2408 1199; x_wconf 89' lang='lat' dir='ltr'>quid</span> <span class='ocrx_word' id='word_1_268' title='bbox 2441 1129 2512 1184; x_wconf 92' lang='lat' dir='ltr'>de</span> <span class='ocrx_word' id='word_1_269' title='bbox 2540 1128 2726 1185; x_wconf 90' lang='lat' dir='ltr'>Photii</span> <span class='ocrx_word' id='word_1_270' title='bbox 2751 1130 3174 1202; x_wconf 89' lang='lat' dir='ltr'>scripseramus</span> <span class='ocrx_word' id='word_1_271' title='bbox 3205 1133 3493 1204; x_wconf 88' lang='lat' dir='ltr'>irregulari</span> <span class='ocrx_word' id='word_1_272' title='bbox 3513 1135 3804 1204; x_wconf 86' lang='lat' dir='ltr'>promotione,</span> 
     </span>
    </p>
   </div>
   <div class='ocr_carea' id='block_1_43' title="bbox 2269 1216 3806 1290">
    <p class='ocr_par' dir='ltr' id='par_1_43' title="bbox 2269 1216 3806 1290">
     <span class='ocr_line' id='line_1_43' title="bbox 2269 1216 3806 1290; baseline 0.002 -18"><span class='ocrx_word' id='word_1_273' title='bbox 2269 1216 2422 1272; x_wconf 89' lang='lat' dir='ltr'>saltu</span> <span class='ocrx_word' id='word_1_274' title='bbox 2456 1219 2708 1290; x_wconf 89' lang='lat' dir='ltr'>quodam</span> <span class='ocrx_word' id='word_1_275' title='bbox 2733 1219 2962 1274; x_wconf 73' lang='lat' dir='ltr'>astutia:</span> <span class='ocrx_word' id='word_1_276' title='bbox 2983 1221 3470 1289; x_wconf 87' lang='lat' dir='ltr'>transcendentes,</span> <span class='ocrx_word' id='word_1_277' title='bbox 3485 1220 3635 1276; x_wconf 88' lang='lat' dir='ltr'>etiam</span> <span class='ocrx_word' id='word_1_278' title='bbox 3653 1225 3806 1277; x_wconf 85' lang='lat' dir='ltr'>sancto-</span> 
     </span>
    </p>
   </div>
   <div class='ocr_carea' id='block_1_44' title="bbox 2268 1306 3804 1382">
    <p class='ocr_par' dir='ltr' id='par_1_44' title="bbox 2268 1306 3804 1382">
     <span class='ocr_line' id='line_1_44' title="bbox 2268 1306 3804 1382; baseline 0.003 -22"><span class='ocrx_word' id='word_1_279' title='bbox 2268 1321 2398 1360; x_wconf 87' lang='lat' dir='ltr'>rum</span> <span class='ocrx_word' id='word_1_280' title='bbox 2433 1306 2668 1361; x_wconf 89' lang='lat' dir='ltr'>Patrum</span> <span class='ocrx_word' id='word_1_281' title='bbox 2718 1307 3003 1373; x_wconf 88' lang='lat' dir='ltr'>instituta,</span> <span class='ocrx_word' id='word_1_282' title='bbox 3028 1325 3155 1380; x_wconf 65' lang='lat' dir='ltr'>qua</span> <span class='ocrx_word' id='word_1_283' title='bbox 3187 1309 3369 1364; x_wconf 80' lang='lat' dir='ltr'>sancti</span> <span class='ocrx_word' id='word_1_284' title='bbox 3413 1309 3636 1382; x_wconf 85' lang='lat' dir='ltr'>Spiritus</span> <span class='ocrx_word' id='word_1_285' title='bbox 3668 1309 3804 1365; x_wconf 75' lang='lat' dir='ltr'>afflatu</span> 
     </span>
    </p>
   </div>
   <div class='ocr_carea' id='block_1_45' title="bbox 2267 1395 3805 1469">
    <p class='ocr_par' dir='ltr' id='par_1_45' title="bbox 2267 1395 3805 1469">
     <span class='ocr_line' id='line_1_45' title="bbox 2267 1395 3805 1469; baseline 0.002 -19"><span class='ocrx_word' id='word_1_286' title='bbox 2267 1399 2405 1450; x_wconf 90' lang='lat' dir='ltr'>sunt</span> <span class='ocrx_word' id='word_1_287' title='bbox 2437 1395 2612 1465; x_wconf 91' lang='lat' dir='ltr'>edita,</span> <span class='ocrx_word' id='word_1_288' title='bbox 2637 1412 2708 1452; x_wconf 90' lang='lat' dir='ltr'>ne</span> <span class='ocrx_word' id='word_1_289' title='bbox 2732 1397 2804 1451; x_wconf 89' lang='lat' dir='ltr'>ad</span> <span class='ocrx_word' id='word_1_290' title='bbox 2837 1397 3063 1453; x_wconf 88' lang='lat' dir='ltr'>concilii</span> <span class='ocrx_word' id='word_1_291' title='bbox 3095 1398 3454 1469; x_wconf 86' lang='lat' dir='ltr'>pervenirent</span> <span class='ocrx_word' id='word_1_292' title='bbox 3477 1397 3698 1454; x_wconf 88' lang='lat' dir='ltr'>notitiam</span> <span class='ocrx_word' id='word_1_293' title='bbox 3716 1415 3805 1453; x_wconf 81' lang='lat' dir='ltr'>con-</span> 
     </span>
    </p>
   </div>
   <div class='ocr_carea' id='block_1_46' title="bbox 2265 1483 3804 1559">
    <p class='ocr_par' dir='ltr' id='par_1_46' title="bbox 2265 1483 3804 1559">
     <span class='ocr_line' id='line_1_46' title="bbox 2265 1483 3804 1559; baseline 0.001 -21"><span class='ocrx_word' id='word_1_294' title='bbox 2265 1483 2514 1550; x_wconf 87' lang='lat' dir='ltr'>texistis,</span> <span class='ocrx_word' id='word_1_295' title='bbox 2530 1489 2585 1540; x_wconf 87' lang='lat' dir='ltr'>et</span> <span class='ocrx_word' id='word_1_296' title='bbox 2600 1484 2777 1540; x_wconf 85' lang='lat' dir='ltr'>veluti</span> <span class='ocrx_word' id='word_1_297' title='bbox 2800 1486 2854 1540; x_wconf 92' lang='lat' dir='ltr'>in</span> <span class='ocrx_word' id='word_1_298' title='bbox 2875 1487 3130 1558; x_wconf 90' lang='lat' dir='ltr'>quodam</span> <span class='ocrx_word' id='word_1_299' title='bbox 3149 1485 3364 1542; x_wconf 89' lang='lat' dir='ltr'>silentii</span> <span class='ocrx_word' id='word_1_300' title='bbox 3381 1486 3596 1542; x_wconf 89' lang='lat' dir='ltr'>sudario</span> <span class='ocrx_word' id='word_1_301' title='bbox 3610 1485 3757 1559; x_wconf 80' lang='lat' dir='ltr'>ligata,</span> <span class='ocrx_word' id='word_1_302' title='bbox 3771 1487 3804 1540; x_wconf 88' lang='lat' dir='ltr'>in</span> 
     </span>
    </p>
   </div>
   <div class='ocr_carea' id='block_1_47' title="bbox 2266 1574 3806 1640">
    <p class='ocr_par' dir='ltr' id='par_1_47' title="bbox 2266 1574 3806 1640">
     <span class='ocr_line' id='line_1_47' title="bbox 2266 1574 3806 1640; baseline 0.001 -13"><span class='ocrx_word' id='word_1_303' title='bbox 2266 1576 2422 1628; x_wconf 85' lang='lat' dir='ltr'>terra</span> <span class='ocrx_word' id='word_1_304' title='bbox 2441 1574 2582 1628; x_wconf 92' lang='lat' dir='ltr'>dum</span> <span class='ocrx_word' id='word_1_305' title='bbox 2601 1575 2879 1630; x_wconf 87' lang='lat' dir='ltr'>divinitus</span> <span class='ocrx_word' id='word_1_306' title='bbox 2898 1575 3180 1630; x_wconf 87' lang='lat' dir='ltr'>attributa</span> <span class='ocrx_word' id='word_1_307' title='bbox 3197 1574 3409 1631; x_wconf 86' lang='lat' dir='ltr'>talenta</span> <span class='ocrx_word' id='word_1_308' title='bbox 3425 1575 3806 1640; x_wconf 82' lang='lat' dir='ltr'>fuerint,abscou-</span> 
     </span>
    </p>
   </div>
   <div class='ocr_carea' id='block_1_48' title="bbox 2267 1661 3806 1736">
    <p class='ocr_par' dir='ltr' id='par_1_48' title="bbox 2267 1661 3806 1736">
     <span class='ocr_line' id='line_1_48' title="bbox 2267 1661 3806 1736; baseline 0.001 -20"><span class='ocrx_word' id='word_1_309' title='bbox 2267 1661 2456 1730; x_wconf 89' lang='lat' dir='ltr'>distis,</span> <span class='ocrx_word' id='word_1_310' title='bbox 2482 1662 2617 1718; x_wconf 83' lang='lat' dir='ltr'>licet</span> <span class='ocrx_word' id='word_1_311' title='bbox 2667 1664 3054 1719; x_wconf 88' lang='lat' dir='ltr'>continuatim</span> <span class='ocrx_word' id='word_1_312' title='bbox 3087 1664 3438 1720; x_wconf 86' lang='lat' dir='ltr'>deveniendo</span> <span class='ocrx_word' id='word_1_313' title='bbox 3483 1664 3534 1719; x_wconf 89' lang='lat' dir='ltr'>in</span> <span class='ocrx_word' id='word_1_314' title='bbox 3581 1669 3806 1736; x_wconf 86' lang='lat' dir='ltr'>conspectu</span> 
     </span>
    </p>
   </div>
   <div class='ocr_carea' id='block_1_49' title="bbox 2265 1750 3807 1825">
    <p class='ocr_par' dir='ltr' id='par_1_49' title="bbox 2265 1750 3807 1825">
     <span class='ocr_line' id='line_1_49' title="bbox 2265 1750 3807 1825; baseline 0.001 -21"><span class='ocrx_word' id='word_1_315' title='bbox 2265 1750 2581 1806; x_wconf 88' lang='lat' dir='ltr'>missorum</span> <span class='ocrx_word' id='word_1_316' title='bbox 2606 1757 2939 1807; x_wconf 89' lang='lat' dir='ltr'>nostrorum</span> <span class='ocrx_word' id='word_1_317' title='bbox 2963 1757 3019 1808; x_wconf 91' lang='lat' dir='ltr'>et</span> <span class='ocrx_word' id='word_1_318' title='bbox 3040 1752 3425 1825; x_wconf 89' lang='lat' dir='ltr'>perquirendo</span> <span class='ocrx_word' id='word_1_319' title='bbox 3443 1752 3807 1825; x_wconf 73' lang='lat' dir='ltr'>Ignatio.Qusm-</span> 
     </span>
    </p>
   </div>
   <div class='ocr_carea' id='block_1_50' title="bbox 2265 1840 3806 1913">
    <p class='ocr_par' dir='ltr' id='par_1_50' title="bbox 2265 1840 3806 1913">
     <span class='ocr_line' id='line_1_50' title="bbox 2265 1840 3806 1913; baseline 0.001 -19"><span class='ocrx_word' id='word_1_320' title='bbox 2265 1840 2463 1894; x_wconf 91' lang='lat' dir='ltr'>obrem</span> <span class='ocrx_word' id='word_1_321' title='bbox 2496 1840 2771 1896; x_wconf 88' lang='lat' dir='ltr'>traditam</span> <span class='ocrx_word' id='word_1_322' title='bbox 2804 1841 2914 1897; x_wconf 89' lang='lat' dir='ltr'>sibi</span> <span class='ocrx_word' id='word_1_323' title='bbox 2947 1841 3272 1913; x_wconf 89' lang='lat' dir='ltr'>plebem,et</span> <span class='ocrx_word' id='word_1_324' title='bbox 3300 1842 3595 1898; x_wconf 84' lang='lat' dir='ltr'>constituta</span> <span class='ocrx_word' id='word_1_325' title='bbox 3620 1841 3806 1896; x_wconf 81' lang='lat' dir='ltr'>decesso-</span> 
     </span>
    </p>
   </div>
   <div class='ocr_carea' id='block_1_51' title="bbox 2263 1929 3804 2003">
    <p class='ocr_par' dir='ltr' id='par_1_51' title="bbox 2263 1929 3804 2003">
     <span class='ocr_line' id='line_1_51' title="bbox 2263 1929 3804 2003; baseline 0 -21"><span class='ocrx_word' id='word_1_326' title='bbox 2263 1945 2393 1983; x_wconf 91' lang='lat' dir='ltr'>rum</span> <span class='ocrx_word' id='word_1_327' title='bbox 2422 1946 2685 1985; x_wconf 88' lang='lat' dir='ltr'>meorum</span> <span class='ocrx_word' id='word_1_328' title='bbox 2713 1930 3014 2002; x_wconf 90' lang='lat' dir='ltr'>spreverit,</span> <span class='ocrx_word' id='word_1_329' title='bbox 3029 1947 3156 2003; x_wconf 74' lang='lat' dir='ltr'>quae</span> <span class='ocrx_word' id='word_1_330' title='bbox 3190 1948 3297 1986; x_wconf 92' lang='lat' dir='ltr'>nos</span> <span class='ocrx_word' id='word_1_331' title='bbox 3319 1934 3444 2003; x_wconf 88' lang='lat' dir='ltr'>post</span> <span class='ocrx_word' id='word_1_332' title='bbox 3464 1931 3628 1985; x_wconf 85' lang='lat' dir='ltr'>multa</span> <span class='ocrx_word' id='word_1_333' title='bbox 3643 1929 3804 2000; x_wconf 84' lang='lat' dir='ltr'>scripsi-</span> 
     </span>
    </p>
   </div>
   <div class='ocr_carea' id='block_1_52' title="bbox 2263 2017 3804 2092">
    <p class='ocr_par' dir='ltr' id='par_1_52' title="bbox 2263 2017 3804 2092">
     <span class='ocr_line' id='line_1_52' title="bbox 2263 2017 3804 2092; baseline -0.001 -20"><span class='ocrx_word' id='word_1_334' title='bbox 2263 2017 2604 2086; x_wconf 89' lang='lat' dir='ltr'>mus,dictis</span> <span class='ocrx_word' id='word_1_335' title='bbox 2647 2018 3050 2090; x_wconf 89' lang='lat' dir='ltr'>superioribus</span> <span class='ocrx_word' id='word_1_336' title='bbox 3085 2018 3616 2092; x_wconf 86' lang='lat' dir='ltr'>conglutinaveritis.</span> <span class='ocrx_word' id='word_1_337' title='bbox 3635 2017 3727 2072; x_wconf 85' lang='lat' dir='ltr'>Non</span> <span class='ocrx_word' id='word_1_338' title='bbox 3748 2021 3804 2070; x_wconf 77' lang='lat' dir='ltr'>ta-</span> 
     </span>
    </p>
   </div>
   <div class='ocr_carea' id='block_1_53' title="bbox 2262 2105 3802 2180">
    <p class='ocr_par' dir='ltr' id='par_1_53' title="bbox 2262 2105 3802 2180">
     <span class='ocr_line' id='line_1_53' title="bbox 2262 2105 3802 2180; baseline -0.001 -20"><span class='ocrx_word' id='word_1_339' title='bbox 2262 2115 2396 2161; x_wconf 85' lang='lat' dir='ltr'>men</span> <span class='ocrx_word' id='word_1_340' title='bbox 2421 2123 2548 2178; x_wconf 62' lang='lat' dir='ltr'>que:</span> <span class='ocrx_word' id='word_1_341' title='bbox 2570 2123 2678 2162; x_wconf 91' lang='lat' dir='ltr'>nos</span> <span class='ocrx_word' id='word_1_342' title='bbox 2699 2107 3004 2162; x_wconf 76' lang='lat' dir='ltr'>confestim</span> <span class='ocrx_word' id='word_1_343' title='bbox 3029 2106 3468 2173; x_wconf 88' lang='lat' dir='ltr'>subintulimus,</span> <span class='ocrx_word' id='word_1_344' title='bbox 3493 2106 3627 2180; x_wconf 86' lang='lat' dir='ltr'>passi</span> <span class='ocrx_word' id='word_1_345' title='bbox 3645 2105 3746 2161; x_wconf 88' lang='lat' dir='ltr'>estis</span> <span class='ocrx_word' id='word_1_346' title='bbox 3761 2105 3802 2158; x_wconf 81' lang='lat' dir='ltr'>ad</span> 
     </span>
    </p>
   </div>
   <div class='ocr_carea' id='block_1_54' title="bbox 2262 2193 3802 2269">
    <p class='ocr_par' dir='ltr' id='par_1_54' title="bbox 2262 2193 3802 2269">
     <span class='ocr_line' id='line_1_54' title="bbox 2262 2193 3802 2269; baseline -0.001 -20"><span class='ocrx_word' id='word_1_347' title='bbox 2262 2194 2650 2267; x_wconf 84' lang='lat' dir='ltr'>cognitionem</span> <span class='ocrx_word' id='word_1_348' title='bbox 2692 2195 2958 2251; x_wconf 85' lang='lat' dir='ltr'>Ecclesiae</span> <span class='ocrx_word' id='word_1_349' title='bbox 2992 2196 3638 2269; x_wconf 61' lang='lat' dir='ltr'>Constantinopolitanae,</span> <span class='ocrx_word' id='word_1_350' title='bbox 3669 2193 3732 2249; x_wconf 77' lang='lat' dir='ltr'>vel</span> <span class='ocrx_word' id='word_1_351' title='bbox 3759 2193 3802 2247; x_wconf 77' lang='lat' dir='ltr'>ad</span> 
     </span>
    </p>
   </div>
   <div class='ocr_carea' id='block_1_55' title="bbox 2261 2284 3161 2357">
    <p class='ocr_par' dir='ltr' id='par_1_55' title="bbox 2261 2284 3161 2357">
     <span class='ocr_line' id='line_1_55' title="bbox 2261 2284 3161 2357; baseline 0.002 -18"><span class='ocrx_word' id='word_1_352' title='bbox 2261 2284 2466 2356; x_wconf 79' lang='lat' dir='ltr'>synodi</span> <span class='ocrx_word' id='word_1_353' title='bbox 2500 2285 2864 2340; x_wconf 89' lang='lat' dir='ltr'>auditionem</span> <span class='ocrx_word' id='word_1_354' title='bbox 2898 2285 3161 2357; x_wconf 87' lang='lat' dir='ltr'>perferri.</span> 
     </span>
    </p>
   </div>
   <div class='ocr_carea' id='block_1_56' title="bbox 2332 2373 3800 2447">
    <p class='ocr_par' dir='ltr' id='par_1_56' title="bbox 2332 2373 3800 2447">
     <span class='ocr_line' id='line_1_56' title="bbox 2332 2373 3800 2447; baseline -0.004 -18"><span class='ocrx_word' id='word_1_355' title='bbox 2332 2373 2768 2429; x_wconf 88' lang='lat' dir='ltr'>Subintulimus</span> <span class='ocrx_word' id='word_1_356' title='bbox 2797 2375 3014 2447; x_wconf 90' lang='lat' dir='ltr'>quippe</span> <span class='ocrx_word' id='word_1_357' title='bbox 3045 2391 3152 2430; x_wconf 89' lang='lat' dir='ltr'>nos</span> <span class='ocrx_word' id='word_1_358' title='bbox 3185 2379 3317 2447; x_wconf 90' lang='lat' dir='ltr'>post</span> <span class='ocrx_word' id='word_1_359' title='bbox 3344 2373 3439 2430; x_wconf 89' lang='lat' dir='ltr'>illa</span> <span class='ocrx_word' id='word_1_360' title='bbox 3461 2375 3615 2429; x_wconf 87' lang='lat' dir='ltr'>verba</span> <span class='ocrx_word' id='word_1_361' title='bbox 3637 2373 3699 2426; x_wconf 81' lang='lat' dir='ltr'>ita</span> <span class='ocrx_word' id='word_1_362' title='bbox 3716 2387 3800 2424; x_wconf 86' lang='lat' dir='ltr'>con-</span> 
     </span>
    </p>
   </div>
   <div class='ocr_carea' id='block_1_57' title="bbox 2257 2457 3801 2537">
    <p class='ocr_par' dir='ltr' id='par_1_57' title="bbox 2257 2457 3801 2537">
     <span class='ocr_line' id='line_1_57' title="bbox 2257 2457 3801 2537; baseline -0.003 -21"><span class='ocrx_word' id='word_1_363' title='bbox 2257 2461 2422 2517; x_wconf 90' lang='lat' dir='ltr'>tinuo</span> <span class='ocrx_word' id='word_1_364' title='bbox 2479 2468 2898 2534; x_wconf 86' lang='lat' dir='ltr'>prosequentes</span> <span class='ocrx_word' id='word_1_365' title='bbox 2934 2482 2946 2518; x_wconf 92' lang='lat'><strong>:</strong></span> <span class='ocrx_word' id='word_1_366' title='bbox 2981 2464 3048 2519; x_wconf 86' lang='lat' dir='ltr'>Et</span> <span class='ocrx_word' id='word_1_367' title='bbox 3086 2462 3146 2518; x_wconf 91' lang='lat' dir='ltr'>in</span> <span class='ocrx_word' id='word_1_368' title='bbox 3192 2464 3302 2520; x_wconf 89' lang='lat' dir='ltr'>hoc</span> <span class='ocrx_word' id='word_1_369' title='bbox 3357 2464 3620 2537; x_wconf 88' lang='lat' dir='ltr'>agendum</span> <span class='ocrx_word' id='word_1_370' title='bbox 3667 2457 3801 2515; x_wconf 75' lang='lat' dir='ltr'>Subtili</span> 
     </span>
    </p>
   </div>
   <div class='ocr_carea' id='block_1_58' title="bbox 2258 2547 3804 2625">
    <p class='ocr_par' dir='ltr' id='par_1_58' title="bbox 2258 2547 3804 2625">
     <span class='ocr_line' id='line_1_58' title="bbox 2258 2547 3804 2625; baseline -0.005 -19"><span class='ocrx_word' id='word_1_371' title='bbox 2258 2551 2522 2606; x_wconf 84' lang='lat' dir='ltr'>examine</span> <span class='ocrx_word' id='word_1_372' title='bbox 2544 2569 2578 2606; x_wconf 89' lang='lat' dir='ltr'>a</span> <span class='ocrx_word' id='word_1_373' title='bbox 2598 2556 2808 2606; x_wconf 74' lang='lat' dir='ltr'>nostrae</span> <span class='ocrx_word' id='word_1_374' title='bbox 2826 2552 3118 2623; x_wconf 90' lang='lat' dir='ltr'>jussionis</span> <span class='ocrx_word' id='word_1_375' title='bbox 3140 2550 3349 2625; x_wconf 90' lang='lat' dir='ltr'>legatis</span> <span class='ocrx_word' id='word_1_376' title='bbox 3370 2548 3698 2624; x_wconf 74' lang='lat' dir='ltr'>depositionis</span> <span class='ocrx_word' id='word_1_377' title='bbox 3722 2547 3804 2616; x_wconf 83' lang='lat' dir='ltr'>ejus</span> 
     </span>
    </p>
   </div>
   <div class='ocr_carea' id='block_1_59' title="bbox 2258 2635 3807 2713">
    <p class='ocr_par' dir='ltr' id='par_1_59' title="bbox 2258 2635 3807 2713">
     <span class='ocr_line' id='line_1_59' title="bbox 2258 2635 3807 2713; baseline -0.005 -19"><span class='ocrx_word' id='word_1_378' title='bbox 2258 2653 2506 2696; x_wconf 88' lang='lat' dir='ltr'>censura</span> <span class='ocrx_word' id='word_1_379' title='bbox 2527 2639 2930 2712; x_wconf 89' lang='lat' dir='ltr'>perquiratur:</span> <span class='ocrx_word' id='word_1_380' title='bbox 2957 2645 3253 2712; x_wconf 83' lang='lat' dir='ltr'>quatenus</span> <span class='ocrx_word' id='word_1_381' title='bbox 3273 2640 3609 2713; x_wconf 88' lang='lat' dir='ltr'>inquirentes</span> <span class='ocrx_word' id='word_1_382' title='bbox 3626 2635 3807 2692; x_wconf 76' lang='lat' dir='ltr'>invenire</span> 
     </span>
    </p>
   </div>
   <div class='ocr_carea' id='block_1_60' title="bbox 2258 2728 3804 2800">
    <p class='ocr_par' dir='ltr' id='par_1_60' title="bbox 2258 2728 3804 2800">
     <span class='ocr_line' id='line_1_60' title="bbox 2258 2728 3804 2800; baseline -0.005 -17"><span class='ocrx_word' id='word_1_383' title='bbox 2258 2734 2492 2800; x_wconf 88' lang='lat' dir='ltr'>queant,</span> <span class='ocrx_word' id='word_1_384' title='bbox 2509 2734 2708 2784; x_wconf 90' lang='lat' dir='ltr'>utrum</span> <span class='ocrx_word' id='word_1_385' title='bbox 2732 2728 3050 2784; x_wconf 86' lang='lat' dir='ltr'>canonicus</span> <span class='ocrx_word' id='word_1_386' title='bbox 3069 2733 3240 2786; x_wconf 87' lang='lat' dir='ltr'>tenor</span> <span class='ocrx_word' id='word_1_387' title='bbox 3261 2731 3320 2785; x_wconf 92' lang='lat' dir='ltr'>in</span> <span class='ocrx_word' id='word_1_388' title='bbox 3341 2730 3530 2785; x_wconf 88' lang='lat' dir='ltr'>eadem</span> <span class='ocrx_word' id='word_1_389' title='bbox 3553 2728 3804 2782; x_wconf 71' lang='lat' dir='ltr'>observatus</span> 
     </span>
    </p>
   </div>
   <div class='ocr_carea' id='block_1_61' title="bbox 2259 2815 3802 2887">
    <p class='ocr_par' dir='ltr' id='par_1_61' title="bbox 2259 2815 3802 2887">
     <span class='ocr_line' id='line_1_61' title="bbox 2259 2815 3802 2887; baseline -0.005 -14"><span class='ocrx_word' id='word_1_390' title='bbox 2259 2818 2453 2885; x_wconf 84' lang='lat' dir='ltr'>fuerit,</span> <span class='ocrx_word' id='word_1_391' title='bbox 2474 2817 2561 2874; x_wconf 92' lang='lat' dir='ltr'>vel</span> <span class='ocrx_word' id='word_1_392' title='bbox 2593 2835 2708 2873; x_wconf 90' lang='lat' dir='ltr'>non</span> <span class='ocrx_word' id='word_1_393' title='bbox 2742 2818 3118 2874; x_wconf 87' lang='lat' dir='ltr'>manifestum</span> <span class='ocrx_word' id='word_1_394' title='bbox 3169 2818 3407 2887; x_wconf 84' lang='lat' dir='ltr'>existat;</span> <span class='ocrx_word' id='word_1_395' title='bbox 3441 2834 3501 2874; x_wconf 88' lang='lat' dir='ltr'>ac</span> <span class='ocrx_word' id='word_1_396' title='bbox 3525 2815 3694 2872; x_wconf 89' lang='lat' dir='ltr'>deinde</span> <span class='ocrx_word' id='word_1_397' title='bbox 3716 2827 3802 2868; x_wconf 87' lang='lat' dir='ltr'>cum</span> 
     </span>
    </p>
   </div>
   <div class='ocr_carea' id='block_1_62' title="bbox 2257 2903 3802 2980">
    <p class='ocr_par' dir='ltr' id='par_1_62' title="bbox 2257 2903 3802 2980">
     <span class='ocr_line' id='line_1_62' title="bbox 2257 2903 3802 2980; baseline -0.006 -19"><span class='ocrx_word' id='word_1_398' title='bbox 2257 2911 2454 2962; x_wconf 79' lang='lat' dir='ltr'>nostro</span> <span class='ocrx_word' id='word_1_399' title='bbox 2485 2907 2822 2978; x_wconf 70' lang='lat' dir='ltr'>prtesulatui</span> <span class='ocrx_word' id='word_1_400' title='bbox 2874 2907 3277 2980; x_wconf 80' lang='lat' dir='ltr'>significatum</span> <span class='ocrx_word' id='word_1_401' title='bbox 3311 2907 3496 2971; x_wconf 88' lang='lat' dir='ltr'>fuerit,</span> <span class='ocrx_word' id='word_1_402' title='bbox 3517 2905 3637 2978; x_wconf 85' lang='lat' dir='ltr'>quid</span> <span class='ocrx_word' id='word_1_403' title='bbox 3677 2903 3729 2956; x_wconf 82' lang='lat' dir='ltr'>de</span> <span class='ocrx_word' id='word_1_404' title='bbox 3760 2916 3802 2953; x_wconf 83' lang='lat' dir='ltr'>eo</span> 
     </span>
    </p>
   </div>
   <div class='ocr_carea' id='block_1_63' title="bbox 2255 2992 3800 3068">
    <p class='ocr_par' dir='ltr' id='par_1_63' title="bbox 2255 2992 3800 3068">
     <span class='ocr_line' id='line_1_63' title="bbox 2255 2992 3800 3068; baseline -0.006 -18"><span class='ocrx_word' id='word_1_405' title='bbox 2255 2997 2546 3068; x_wconf 87' lang='lat' dir='ltr'>agendum</span> <span class='ocrx_word' id='word_1_406' title='bbox 2589 2997 2684 3062; x_wconf 89' lang='lat' dir='ltr'>sit,</span> <span class='ocrx_word' id='word_1_407' title='bbox 2709 2997 3029 3068; x_wconf 81' lang='lat' dir='ltr'>apostolica</span> <span class='ocrx_word' id='word_1_408' title='bbox 3073 2997 3379 3053; x_wconf 88' lang='lat' dir='ltr'>sanctione</span> <span class='ocrx_word' id='word_1_409' title='bbox 3423 2993 3740 3053; x_wconf 82' lang='lat' dir='ltr'>difﬁniamus,</span> <span class='ocrx_word' id='word_1_410' title='bbox 3761 2992 3800 3042; x_wconf 88' lang='lat' dir='ltr'>ut</span> 
     </span>
    </p>
   </div>
   <div class='ocr_carea' id='block_1_64' title="bbox 2251 3078 3799 3157">
    <p class='ocr_par' dir='ltr' id='par_1_64' title="bbox 2251 3078 3799 3157">
     <span class='ocr_line' id='line_1_64' title="bbox 2251 3078 3799 3157; baseline -0.005 -19"><span class='ocrx_word' id='word_1_411' title='bbox 2251 3089 2444 3140; x_wconf 89' lang='lat' dir='ltr'>vestra</span> <span class='ocrx_word' id='word_1_412' title='bbox 2473 3084 2736 3153; x_wconf 88' lang='lat' dir='ltr'>ecclesia,</span> <span class='ocrx_word' id='word_1_413' title='bbox 2761 3101 2886 3157; x_wconf 72' lang='lat' dir='ltr'>quas</span> <span class='ocrx_word' id='word_1_414' title='bbox 2917 3085 3097 3140; x_wconf 86' lang='lat' dir='ltr'>tantis</span> <span class='ocrx_word' id='word_1_415' title='bbox 3126 3086 3389 3157; x_wconf 87' lang='lat' dir='ltr'>quotidie</span> <span class='ocrx_word' id='word_1_416' title='bbox 3415 3083 3646 3156; x_wconf 88' lang='lat' dir='ltr'>quatitur</span> <span class='ocrx_word' id='word_1_417' title='bbox 3667 3078 3799 3134; x_wconf 78' lang='lat' dir='ltr'>anxie-</span> 
     </span>
    </p>
   </div>
   <div class='ocr_carea' id='block_1_65' title="bbox 493 3154 3800 3245">
    <p class='ocr_par' dir='ltr' id='par_1_65' title="bbox 493 3154 3800 3245">
     <span class='ocr_line' id='line_1_65' title="bbox 493 3154 3800 3245; baseline -0.004 -12"><span class='ocrx_word' id='word_1_418' title='bbox 493 3176 955 3240; x_wconf 83' lang='lat' dir='ltr'>decrevimus,ut</span> <span class='ocrx_word' id='word_1_419' title='bbox 979 3172 1116 3245; x_wconf 88' lang='lat' dir='ltr'>quid</span> <span class='ocrx_word' id='word_1_420' title='bbox 1143 3189 1212 3226; x_wconf 89' lang='lat' dir='ltr'>ne</span> <span class='ocrx_word' id='word_1_421' title='bbox 1245 3171 1595 3226; x_wconf 87' lang='lat' dir='ltr'>sententiam</span> <span class='ocrx_word' id='word_1_422' title='bbox 1621 3168 1989 3223; x_wconf 82' lang='lat' dir='ltr'>difﬁnitivam</span> <span class='ocrx_word' id='word_1_423' title='bbox 2014 3183 2140 3221; x_wconf 90' lang='lat' dir='ltr'>sus-</span> <span class='ocrx_word' id='word_1_424' title='bbox 2170 3154 2212 3219; x_wconf 84' lang='lat' dir='ltr'>C</span> <span class='ocrx_word' id='word_1_425' title='bbox 2250 3173 2492 3243; x_wconf 76' lang='lat' dir='ltr'>tatibus,</span> <span class='ocrx_word' id='word_1_426' title='bbox 2525 3154 2880 3229; x_wconf 70' lang='lat' dir='ltr'>inviolabilis</span> <span class='ocrx_word' id='word_1_427' title='bbox 2919 3154 3196 3245; x_wconf 76' lang='lat' dir='ltr'>deinceps</span> <span class='ocrx_word' id='word_1_428' title='bbox 3247 3181 3308 3230; x_wconf 75' lang='lat' dir='ltr'>et</span> <span class='ocrx_word' id='word_1_429' title='bbox 3365 3154 3670 3229; x_wconf 50' lang='lat' dir='ltr'>inconcussi</span> <span class='ocrx_word' id='word_1_430' title='bbox 3711 3182 3800 3239; x_wconf 82' lang='lat' dir='ltr'>per-</span> 
     </span>
    </p>
   </div>
   <div class='ocr_carea' id='block_1_66' title="bbox 492 3256 2139 3338">
    <p class='ocr_par' dir='ltr' id='par_1_66' title="bbox 492 3256 2139 3338">
     <span class='ocr_line' id='line_1_66' title="bbox 492 3256 2139 3338; baseline -0.007 -16"><span class='ocrx_word' id='word_1_431' title='bbox 492 3266 682 3338; x_wconf 88' lang='lat' dir='ltr'>cipere</span> <span class='ocrx_word' id='word_1_432' title='bbox 703 3261 1235 3332; x_wconf 83' lang='lat' dir='ltr'>[forte,susciperet,</span> <span class='ocrx_word' id='word_1_433' title='bbox 1268 3259 1497 3331; x_wconf 51' lang='lat' dir='ltr'>Haec],</span> <span class='ocrx_word' id='word_1_434' title='bbox 1523 3257 1656 3313; x_wconf 91' lang='lat' dir='ltr'>licet</span> <span class='ocrx_word' id='word_1_435' title='bbox 1686 3275 1800 3312; x_wconf 88' lang='lat' dir='ltr'>non</span> <span class='ocrx_word' id='word_1_436' title='bbox 1831 3256 2005 3329; x_wconf 88' lang='lat' dir='ltr'>digne</span> <span class='ocrx_word' id='word_1_437' title='bbox 2035 3272 2139 3310; x_wconf 90' lang='lat' dir='ltr'>nec</span> 
     </span>
    </p>
   </div>
   <div class='ocr_carea' id='block_1_67' title="bbox 490 3348 2140 3428">
    <p class='ocr_par' dir='ltr' id='par_1_67' title="bbox 490 3348 2140 3428">
     <span class='ocr_line' id='line_1_67' title="bbox 490 3348 2140 3428; baseline -0.007 -18"><span class='ocrx_word' id='word_1_438' title='bbox 490 3353 750 3428; x_wconf 82' lang='lat' dir='ltr'>legitime</span> <span class='ocrx_word' id='word_1_439' title='bbox 781 3348 1217 3415; x_wconf 81' lang='lat' dir='ltr'>decertaverint,</span> <span class='ocrx_word' id='word_1_440' title='bbox 1243 3353 1501 3403; x_wconf 87' lang='lat' dir='ltr'>attamen</span> <span class='ocrx_word' id='word_1_441' title='bbox 1537 3351 2058 3420; x_wconf 86' lang='lat' dir='ltr'>quantumcunque</span> <span class='ocrx_word' id='word_1_442' title='bbox 2083 3349 2140 3400; x_wconf 90' lang='lat' dir='ltr'>et</span> 
     </span>
    </p>
   </div>
   <div class='ocr_carea' id='block_1_68' title="bbox 491 3435 2134 3516">
    <p class='ocr_par' dir='ltr' id='par_1_68' title="bbox 491 3435 2134 3516">
     <span class='ocr_line' id='line_1_68' title="bbox 491 3435 2134 3516; baseline -0.006 -17"><span class='ocrx_word' id='word_1_443' title='bbox 491 3441 1019 3516; x_wconf 88' lang='lat' dir='ltr'>quomodocuuque</span> <span class='ocrx_word' id='word_1_444' title='bbox 1049 3435 1489 3504; x_wconf 88' lang='lat' dir='ltr'>contradixisse,</span> <span class='ocrx_word' id='word_1_445' title='bbox 1512 3453 1579 3493; x_wconf 87' lang='lat' dir='ltr'>ac</span> <span class='ocrx_word' id='word_1_446' title='bbox 1618 3453 1689 3491; x_wconf 91' lang='lat' dir='ltr'>ne</span> <span class='ocrx_word' id='word_1_447' title='bbox 1727 3437 2134 3508; x_wconf 89' lang='lat' dir='ltr'>dcponeretur,</span> 
     </span>
    </p>
   </div>
   <div class='ocr_carea' id='block_1_69' title="bbox 489 3527 2140 3603">
    <p class='ocr_par' dir='ltr' id='par_1_69' title="bbox 489 3527 2140 3603">
     <span class='ocr_line' id='line_1_69' title="bbox 489 3527 2140 3603; baseline -0.005 -16"><span class='ocrx_word' id='word_1_448' title='bbox 489 3532 778 3588; x_wconf 86' lang='lat' dir='ltr'>restitisse</span> <span class='ocrx_word' id='word_1_449' title='bbox 804 3531 1144 3603; x_wconf 86' lang='lat' dir='ltr'>probantur.</span> <span class='ocrx_word' id='word_1_450' title='bbox 1159 3527 1460 3599; x_wconf 87' lang='lat' dir='ltr'>Siquidem</span> <span class='ocrx_word' id='word_1_451' title='bbox 1480 3527 1565 3598; x_wconf 91' lang='lat' dir='ltr'>(ut</span> <span class='ocrx_word' id='word_1_452' title='bbox 1585 3529 1790 3582; x_wconf 73' lang='lat' dir='ltr'>caetera</span> <span class='ocrx_word' id='word_1_453' title='bbox 1808 3542 1965 3580; x_wconf 90' lang='lat' dir='ltr'>nunc</span> <span class='ocrx_word' id='word_1_454' title='bbox 1986 3540 2140 3579; x_wconf 87' lang='lat' dir='ltr'>com-</span> 
     </span>
    </p>
   </div>
   <div class='ocr_carea' id='block_1_70' title="bbox 490 3615 2135 3686">
    <p class='ocr_par' dir='ltr' id='par_1_70' title="bbox 490 3615 2135 3686">
     <span class='ocr_line' id='line_1_70' title="bbox 490 3615 2135 3686; baseline -0.005 -10"><span class='ocrx_word' id='word_1_455' title='bbox 490 3633 814 3676; x_wconf 85' lang='lat' dir='ltr'>memorare</span> <span class='ocrx_word' id='word_1_456' title='bbox 835 3616 1196 3686; x_wconf 79' lang='lat' dir='ltr'>dilfcramus)</span> <span class='ocrx_word' id='word_1_457' title='bbox 1219 3615 1277 3670; x_wconf 90' lang='lat' dir='ltr'>in</span> <span class='ocrx_word' id='word_1_458' title='bbox 1310 3615 1557 3686; x_wconf 88' lang='lat' dir='ltr'>epistala</span> <span class='ocrx_word' id='word_1_459' title='bbox 1575 3619 1767 3670; x_wconf 83' lang='lat' dir='ltr'>vestra</span> <span class='ocrx_word' id='word_1_460' title='bbox 1787 3631 1854 3669; x_wconf 84' lang='lat' dir='ltr'>ex</span> <span class='ocrx_word' id='word_1_461' title='bbox 1884 3630 1980 3668; x_wconf 89' lang='lat' dir='ltr'>ore</span> <span class='ocrx_word' id='word_1_462' title='bbox 2010 3630 2135 3668; x_wconf 85' lang='lat' dir='ltr'>ves-</span> 
     </span>
    </p>
   </div>
   <div class='ocr_carea' id='block_1_71' title="bbox 489 3703 2134 3775">
    <p class='ocr_par' dir='ltr' id='par_1_71' title="bbox 489 3703 2134 3775">
     <span class='ocr_line' id='line_1_71' title="bbox 489 3703 2134 3775; baseline -0.004 -13"><span class='ocrx_word' id='word_1_463' title='bbox 489 3713 578 3762; x_wconf 87' lang='lat' dir='ltr'>tro</span> <span class='ocrx_word' id='word_1_464' title='bbox 610 3705 1254 3775; x_wconf 91' lang='lat' dir='ltr'>didicimus,quomodo</span> <span class='ocrx_word' id='word_1_465' title='bbox 1283 3703 1366 3757; x_wconf 91' lang='lat' dir='ltr'>illi</span> <span class='ocrx_word' id='word_1_466' title='bbox 1401 3721 1514 3758; x_wconf 93' lang='lat' dir='ltr'>non</span> <span class='ocrx_word' id='word_1_467' title='bbox 1551 3703 1743 3758; x_wconf 88' lang='lat' dir='ltr'>solum</span> <span class='ocrx_word' id='word_1_468' title='bbox 1782 3719 2134 3758; x_wconf 76' lang='lat' dir='ltr'>consensum</span> 
     </span>
    </p>
   </div>
   <div class='ocr_carea' id='block_1_72' title="bbox 490 3790 2134 3863">
    <p class='ocr_par' dir='ltr' id='par_1_72' title="bbox 490 3790 2134 3863">
     <span class='ocr_line' id='line_1_72' title="bbox 490 3790 2134 3863; baseline -0.004 -13"><span class='ocrx_word' id='word_1_469' title='bbox 490 3795 806 3850; x_wconf 86' lang='lat' dir='ltr'>noluerunt</span> <span class='ocrx_word' id='word_1_470' title='bbox 827 3792 1016 3863; x_wconf 88' lang='lat' dir='ltr'>ipsius</span> <span class='ocrx_word' id='word_1_471' title='bbox 1050 3792 1303 3862; x_wconf 73' lang='lat' dir='ltr'>praebere</span> <span class='ocrx_word' id='word_1_472' title='bbox 1326 3790 1927 3856; x_wconf 83' lang='lat' dir='ltr'>damnationi,verum</span> <span class='ocrx_word' id='word_1_473' title='bbox 1960 3790 2134 3845; x_wconf 90' lang='lat' dir='ltr'>etiam</span> 
     </span>
    </p>
   </div>
   <div class='ocr_carea' id='block_1_73' title="bbox 491 3879 2138 3956">
    <p class='ocr_par' dir='ltr' id='par_1_73' title="bbox 491 3879 2138 3956">
     <span class='ocr_line' id='line_1_73' title="bbox 491 3879 2138 3956; baseline -0.003 -18"><span class='ocrx_word' id='word_1_474' title='bbox 491 3882 762 3956; x_wconf 79' lang='lat' dir='ltr'>qnaliter,</span> <span class='ocrx_word' id='word_1_475' title='bbox 786 3897 857 3936; x_wconf 91' lang='lat' dir='ltr'>ne</span> <span class='ocrx_word' id='word_1_476' title='bbox 885 3884 1114 3934; x_wconf 90' lang='lat' dir='ltr'>tantum</span> <span class='ocrx_word' id='word_1_477' title='bbox 1147 3879 1446 3950; x_wconf 89' lang='lat' dir='ltr'>piaculum</span> <span class='ocrx_word' id='word_1_478' title='bbox 1477 3897 1511 3934; x_wconf 89' lang='lat' dir='ltr'>a</span> <span class='ocrx_word' id='word_1_479' title='bbox 1534 3879 1695 3934; x_wconf 89' lang='lat' dir='ltr'>vobis</span> <span class='ocrx_word' id='word_1_480' title='bbox 1727 3879 1785 3934; x_wconf 91' lang='lat' dir='ltr'>in</span> <span class='ocrx_word' id='word_1_481' title='bbox 1818 3895 1952 3934; x_wconf 92' lang='lat' dir='ltr'>eum</span> <span class='ocrx_word' id='word_1_482' title='bbox 1984 3895 2138 3934; x_wconf 92' lang='lat' dir='ltr'>com-</span> 
     </span>
    </p>
   </div>
   <div class='ocr_carea' id='block_1_74' title="bbox 489 3968 2136 4040">
    <p class='ocr_par' dir='ltr' id='par_1_74' title="bbox 489 3968 2136 4040">
     <span class='ocr_line' id='line_1_74' title="bbox 489 3968 2136 4040; baseline -0.003 -13"><span class='ocrx_word' id='word_1_483' title='bbox 489 3971 839 4035; x_wconf 88' lang='lat' dir='ltr'>mitteretur,</span> <span class='ocrx_word' id='word_1_484' title='bbox 881 3968 1317 4024; x_wconf 84' lang='lat' dir='ltr'>interdixerint:</span> <span class='ocrx_word' id='word_1_485' title='bbox 1346 3985 1473 4040; x_wconf 64' lang='lat' dir='ltr'>qua</span> <span class='ocrx_word' id='word_1_486' title='bbox 1511 3969 1766 4039; x_wconf 89' lang='lat' dir='ltr'>profecto</span> <span class='ocrx_word' id='word_1_487' title='bbox 1798 3973 1853 4023; x_wconf 91' lang='lat' dir='ltr'>et</span> <span class='ocrx_word' id='word_1_488' title='bbox 1883 3968 1993 4039; x_wconf 91' lang='lat' dir='ltr'>ipsi</span> <span class='ocrx_word' id='word_1_489' title='bbox 2028 3968 2136 4022; x_wconf 90' lang='lat' dir='ltr'>mi-</span> 
     </span>
    </p>
   </div>
   <div class='ocr_carea' id='block_1_75' title="bbox 487 4056 2137 4128">
    <p class='ocr_par' dir='ltr' id='par_1_75' title="bbox 487 4056 2137 4128">
     <span class='ocr_line' id='line_1_75' title="bbox 487 4056 2137 4128; baseline -0.003 -11"><span class='ocrx_word' id='word_1_490' title='bbox 487 4061 646 4118; x_wconf 90' lang='lat' dir='ltr'>nime</span> <span class='ocrx_word' id='word_1_491' title='bbox 675 4058 1157 4118; x_wconf 89' lang='lat' dir='ltr'>contradicerent,</span> <span class='ocrx_word' id='word_1_492' title='bbox 1188 4057 1236 4112; x_wconf 93' lang='lat' dir='ltr'>si</span> <span class='ocrx_word' id='word_1_493' title='bbox 1267 4061 1333 4112; x_wconf 92' lang='lat' dir='ltr'>ut</span> <span class='ocrx_word' id='word_1_494' title='bbox 1361 4056 1710 4128; x_wconf 89' lang='lat' dir='ltr'>depositioni</span> <span class='ocrx_word' id='word_1_495' title='bbox 1740 4057 1868 4128; x_wconf 88' lang='lat' dir='ltr'>ejus</span> <span class='ocrx_word' id='word_1_496' title='bbox 1900 4057 2137 4112; x_wconf 86' lang='lat' dir='ltr'>interes-</span> 
     </span>
    </p>
   </div>
   <div class='ocr_carea' id='block_1_76' title="bbox 486 4145 2136 4216">
    <p class='ocr_par' dir='ltr' id='par_1_76' title="bbox 486 4145 2136 4216">
     <span class='ocr_line' id='line_1_76' title="bbox 486 4145 2136 4216; baseline -0.002 -11"><span class='ocrx_word' id='word_1_497' title='bbox 486 4153 634 4216; x_wconf 87' lang='lat' dir='ltr'>sent,</span> <span class='ocrx_word' id='word_1_498' title='bbox 659 4165 766 4204; x_wconf 91' lang='lat' dir='ltr'>nos</span> <span class='ocrx_word' id='word_1_499' title='bbox 795 4147 904 4204; x_wconf 85' lang='lat' dir='ltr'>sibi</span> <span class='ocrx_word' id='word_1_500' title='bbox 935 4147 1280 4202; x_wconf 90' lang='lat' dir='ltr'>mandatum</span> <span class='ocrx_word' id='word_1_501' title='bbox 1300 4145 1576 4202; x_wconf 89' lang='lat' dir='ltr'>tribuisse</span> <span class='ocrx_word' id='word_1_502' title='bbox 1598 4146 1933 4214; x_wconf 89' lang='lat' dir='ltr'>recolerent,</span> <span class='ocrx_word' id='word_1_503' title='bbox 1960 4151 2016 4200; x_wconf 92' lang='lat' dir='ltr'>et</span> <span class='ocrx_word' id='word_1_504' title='bbox 2035 4163 2136 4201; x_wconf 86' lang='lat' dir='ltr'>vos</span> 
     </span>
    </p>
   </div>
   <div class='ocr_carea' id='block_1_77' title="bbox 485 4235 2137 4313">
    <p class='ocr_par' dir='ltr' id='par_1_77' title="bbox 485 4235 2137 4313">
     <span class='ocr_line' id='line_1_77' title="bbox 485 4235 2137 4313; baseline -0.003 -17"><span class='ocrx_word' id='word_1_505' title='bbox 485 4243 688 4313; x_wconf 89' lang='lat' dir='ltr'>postea</span> <span class='ocrx_word' id='word_1_506' title='bbox 718 4237 828 4294; x_wconf 90' lang='lat' dir='ltr'>nisi</span> <span class='ocrx_word' id='word_1_507' title='bbox 859 4236 993 4291; x_wconf 90' lang='lat' dir='ltr'>illos</span> <span class='ocrx_word' id='word_1_508' title='bbox 1033 4240 1239 4308; x_wconf 82' lang='lat' dir='ltr'>praeter</span> <span class='ocrx_word' id='word_1_509' title='bbox 1266 4236 1598 4307; x_wconf 89' lang='lat' dir='ltr'>jussionem</span> <span class='ocrx_word' id='word_1_510' title='bbox 1639 4239 1899 4291; x_wconf 86' lang='lat' dir='ltr'>nostram</span> <span class='ocrx_word' id='word_1_511' title='bbox 1931 4235 2137 4291; x_wconf 81' lang='lat' dir='ltr'>fecisse</span> 
     </span>
    </p>
   </div>
   <div class='ocr_carea' id='block_1_78' title="bbox 483 4323 2137 4397">
    <p class='ocr_par' dir='ltr' id='par_1_78' title="bbox 483 4323 2137 4397">
     <span class='ocr_line' id='line_1_78' title="bbox 483 4323 2137 4397; baseline -0.004 -12"><span class='ocrx_word' id='word_1_512' title='bbox 483 4329 637 4385; x_wconf 91' lang='lat' dir='ltr'>clare</span> <span class='ocrx_word' id='word_1_513' title='bbox 670 4325 919 4394; x_wconf 87' lang='lat' dir='ltr'>sciretis,</span> <span class='ocrx_word' id='word_1_514' title='bbox 946 4341 1044 4380; x_wconf 90' lang='lat' dir='ltr'>eos</span> <span class='ocrx_word' id='word_1_515' title='bbox 1093 4328 1151 4379; x_wconf 90' lang='lat' dir='ltr'>et</span> <span class='ocrx_word' id='word_1_516' title='bbox 1196 4323 1360 4380; x_wconf 88' lang='lat' dir='ltr'>vobis</span> <span class='ocrx_word' id='word_1_517' title='bbox 1409 4325 1839 4393; x_wconf 88' lang='lat' dir='ltr'>commendare,</span> <span class='ocrx_word' id='word_1_518' title='bbox 1862 4329 1920 4379; x_wconf 92' lang='lat' dir='ltr'>et</span> <span class='ocrx_word' id='word_1_519' title='bbox 1960 4341 2137 4397; x_wconf 83' lang='lat' dir='ltr'>super</span> 
     </span>
    </p>
   </div>
   <div class='ocr_carea' id='block_1_79' title="bbox 483 4413 2136 4490">
    <p class='ocr_par' dir='ltr' id='par_1_79' title="bbox 483 4413 2136 4490">
     <span class='ocr_line' id='line_1_79' title="bbox 483 4413 2136 4490; baseline -0.004 -16"><span class='ocrx_word' id='word_1_520' title='bbox 483 4417 827 4490; x_wconf 87' lang='lat' dir='ltr'>hujusmodi</span> <span class='ocrx_word' id='word_1_521' title='bbox 887 4431 1038 4470; x_wconf 79' lang='lat' dir='ltr'>noxa</span> <span class='ocrx_word' id='word_1_522' title='bbox 1094 4413 1584 4485; x_wconf 86' lang='lat' dir='ltr'>transgressionis</span> <span class='ocrx_word' id='word_1_523' title='bbox 1642 4426 1917 4469; x_wconf 84' lang='lat' dir='ltr'>excusare</span> <span class='ocrx_word' id='word_1_524' title='bbox 1973 4413 2136 4468; x_wconf 86' lang='lat' dir='ltr'>nullo</span> 
     </span>
    </p>
   </div>
   <div class='ocr_carea' id='block_1_80' title="bbox 484 4503 1032 4563">
    <p class='ocr_par' dir='ltr' id='par_1_80' title="bbox 484 4503 1032 4563">
     <span class='ocr_line' id='line_1_80' title="bbox 484 4503 1032 4563; baseline -0.009 0"><span class='ocrx_word' id='word_1_525' title='bbox 484 4508 658 4563; x_wconf 92' lang='lat' dir='ltr'>modo</span> <span class='ocrx_word' id='word_1_526' title='bbox 698 4503 1032 4562; x_wconf 87' lang='lat' dir='ltr'>studeretis.</span> 
     </span>
    </p>
   </div>
   <div class='ocr_carea' id='block_1_81' title="bbox 553 4591 2137 4664">
    <p class='ocr_par' dir='ltr' id='par_1_81' title="bbox 553 4591 2137 4664">
     <span class='ocr_line' id='line_1_81' title="bbox 553 4591 2137 4664; baseline -0.003 -13"><span class='ocrx_word' id='word_1_527' title='bbox 553 4597 684 4652; x_wconf 86' lang='lat' dir='ltr'>Jam</span> <span class='ocrx_word' id='word_1_528' title='bbox 715 4613 847 4651; x_wconf 85' lang='lat' dir='ltr'>vero</span> <span class='ocrx_word' id='word_1_529' title='bbox 889 4593 936 4649; x_wconf 90' lang='lat' dir='ltr'>si</span> <span class='ocrx_word' id='word_1_530' title='bbox 986 4592 1178 4660; x_wconf 90' lang='lat' dir='ltr'>dictis,</span> <span class='ocrx_word' id='word_1_531' title='bbox 1203 4607 1382 4664; x_wconf 86' lang='lat' dir='ltr'>quam</span> <span class='ocrx_word' id='word_1_532' title='bbox 1414 4593 1486 4647; x_wconf 91' lang='lat' dir='ltr'>ob</span> <span class='ocrx_word' id='word_1_533' title='bbox 1518 4608 1639 4646; x_wconf 91' lang='lat' dir='ltr'>rem</span> <span class='ocrx_word' id='word_1_534' title='bbox 1691 4591 1821 4647; x_wconf 86' lang='lat' dir='ltr'>illos</span> <span class='ocrx_word' id='word_1_535' title='bbox 1853 4592 2137 4663; x_wconf 90' lang='lat' dir='ltr'>deposue-</span> 
     </span>
    </p>
   </div>
   <div class='ocr_carea' id='block_1_82' title="bbox 485 4680 2134 4752">
    <p class='ocr_par' dir='ltr' id='par_1_82' title="bbox 485 4680 2134 4752">
     <span class='ocr_line' id='line_1_82' title="bbox 485 4680 2134 4752; baseline -0.002 -14"><span class='ocrx_word' id='word_1_536' title='bbox 485 4684 692 4751; x_wconf 87' lang='lat' dir='ltr'>rimus,</span> <span class='ocrx_word' id='word_1_537' title='bbox 724 4701 855 4738; x_wconf 89' lang='lat' dir='ltr'>cum</span> <span class='ocrx_word' id='word_1_538' title='bbox 903 4700 1001 4738; x_wconf 86' lang='lat' dir='ltr'>eos</span> <span class='ocrx_word' id='word_1_539' title='bbox 1034 4682 1092 4736; x_wconf 91' lang='lat' dir='ltr'>in</span> <span class='ocrx_word' id='word_1_540' title='bbox 1124 4681 1499 4737; x_wconf 87' lang='lat' dir='ltr'>damnatione</span> <span class='ocrx_word' id='word_1_541' title='bbox 1531 4695 1681 4752; x_wconf 63' lang='lat' dir='ltr'>saepe</span> <span class='ocrx_word' id='word_1_542' title='bbox 1731 4680 1834 4736; x_wconf 87' lang='lat' dir='ltr'>fati</span> <span class='ocrx_word' id='word_1_543' title='bbox 1881 4681 2134 4752; x_wconf 86' lang='lat' dir='ltr'>patriar-</span> 
     </span>
    </p>
   </div>
   <div class='ocr_carea' id='block_1_83' title="bbox 484 4769 2132 4837">
    <p class='ocr_par' dir='ltr' id='par_1_83' title="bbox 484 4769 2132 4837">
     <span class='ocr_line' id='line_1_83' title="bbox 484 4769 2132 4837; baseline -0.001 -11"><span class='ocrx_word' id='word_1_544' title='bbox 484 4772 604 4827; x_wconf 72' lang='lat' dir='ltr'>cha:</span> <span class='ocrx_word' id='word_1_545' title='bbox 636 4772 959 4828; x_wconf 91' lang='lat' dir='ltr'>consentire</span> <span class='ocrx_word' id='word_1_546' title='bbox 1008 4770 1269 4826; x_wconf 87' lang='lat' dir='ltr'>noluisse</span> <span class='ocrx_word' id='word_1_547' title='bbox 1318 4774 1440 4825; x_wconf 81' lang='lat' dir='ltr'>tam</span> <span class='ocrx_word' id='word_1_548' title='bbox 1491 4769 1799 4825; x_wconf 85' lang='lat' dir='ltr'>manifeste</span> <span class='ocrx_word' id='word_1_549' title='bbox 1849 4769 2132 4837; x_wconf 88' lang='lat' dir='ltr'>sciamus,</span> 
     </span>
    </p>
   </div>
   <div class='ocr_carea' id='block_1_84' title="bbox 483 4857 2130 4931">
    <p class='ocr_par' dir='ltr' id='par_1_84' title="bbox 483 4857 2130 4931">
     <span class='ocr_line' id='line_1_84' title="bbox 483 4857 2130 4931; baseline 0.001 -18"><span class='ocrx_word' id='word_1_550' title='bbox 483 4861 926 4930; x_wconf 89' lang='lat' dir='ltr'>respondemus,</span> <span class='ocrx_word' id='word_1_551' title='bbox 953 4859 1092 4931; x_wconf 87' lang='lat' dir='ltr'>quia</span> <span class='ocrx_word' id='word_1_552' title='bbox 1141 4857 1286 4914; x_wconf 89' lang='lat' dir='ltr'>nihil</span> <span class='ocrx_word' id='word_1_553' title='bbox 1339 4858 1454 4913; x_wconf 88' lang='lat' dir='ltr'>illis</span> <span class='ocrx_word' id='word_1_554' title='bbox 1505 4858 1726 4913; x_wconf 89' lang='lat' dir='ltr'>bonum</span> <span class='ocrx_word' id='word_1_555' title='bbox 1777 4858 1995 4930; x_wconf 86' lang='lat' dir='ltr'>profuit</span> <span class='ocrx_word' id='word_1_556' title='bbox 2036 4858 2130 4914; x_wconf 88' lang='lat' dir='ltr'>in-</span> 
     </span>
    </p>
   </div>
   <div class='ocr_carea' id='block_1_85' title="bbox 485 4946 2133 5018">
    <p class='ocr_par' dir='ltr' id='par_1_85' title="bbox 485 4946 2133 5018">
     <span class='ocr_line' id='line_1_85' title="bbox 485 4946 2133 5018; baseline 0 -16"><span class='ocrx_word' id='word_1_557' title='bbox 485 4946 747 5016; x_wconf 74' lang='lat' dir='ltr'>choasse‘,</span> <span class='ocrx_word' id='word_1_558' title='bbox 762 4952 819 5003; x_wconf 87' lang='lat' dir='ltr'>et</span> <span class='ocrx_word' id='word_1_559' title='bbox 837 4949 896 5003; x_wconf 91' lang='lat' dir='ltr'>in</span> <span class='ocrx_word' id='word_1_560' title='bbox 924 4947 1183 5003; x_wconf 87' lang='lat' dir='ltr'>bonitate</span> <span class='ocrx_word' id='word_1_561' title='bbox 1205 4947 1445 5002; x_wconf 91' lang='lat' dir='ltr'>minime</span> <span class='ocrx_word' id='word_1_562' title='bbox 1476 4947 1842 5018; x_wconf 85' lang='lat' dir='ltr'>perdurasse,</span> <span class='ocrx_word' id='word_1_563' title='bbox 1860 4948 2133 5015; x_wconf 77' lang='lat' dir='ltr'>Quoniam</span> 
     </span>
    </p>
   </div>
   <div class='ocr_carea' id='block_1_86' title="bbox 483 5036 2127 5108">
    <p class='ocr_par' dir='ltr' id='par_1_86' title="bbox 483 5036 2127 5108">
     <span class='ocr_line' id='line_1_86' title="bbox 483 5036 2127 5108; baseline 0.002 -20"><span class='ocrx_word' id='word_1_564' title='bbox 483 5036 582 5108; x_wconf 79' lang='lat' dir='ltr'>qui</span> <span class='ocrx_word' id='word_1_565' title='bbox 597 5039 1017 5106; x_wconf 79' lang='lat' dir='ltr'>perseveraverit</span> <span class='ocrx_word' id='word_1_566' title='bbox 1037 5051 1206 5108; x_wconf 74' lang='lat' dir='ltr'>usque</span> <span class='ocrx_word' id='word_1_567' title='bbox 1225 5039 1286 5092; x_wconf 78' lang='lat' dir='ltr'>in</span> <span class='ocrx_word' id='word_1_568' title='bbox 1301 5037 1485 5108; x_wconf 82' lang='lat' dir='ltr'>ﬁnem,</span> <span class='ocrx_word' id='word_1_569' title='bbox 1500 5037 1590 5092; x_wconf 80' lang='lat' dir='ltr'>hic</span> <span class='ocrx_word' id='word_1_570' title='bbox 1609 5037 1794 5091; x_wconf 80' lang='lat' dir='ltr'>salvus</span> <span class='ocrx_word' id='word_1_571' title='bbox 1815 5037 2127 5104; x_wconf 79' lang='lat' dir='ltr'>erit(Matth.</span> 
     </span>
    </p>
   </div>
   <div class='ocr_carea' id='block_1_87' title="bbox 480 5111 2130 5197">
    <p class='ocr_par' dir='ltr' id='par_1_87' title="bbox 480 5111 2130 5197">
     <span class='ocr_line' id='line_1_87' title="bbox 480 5111 2130 5197; baseline -0.001 -16"><span class='ocrx_word' id='word_1_572' title='bbox 480 5128 563 5193; x_wconf 88' lang='lat' dir='ltr'>x).</span> <span class='ocrx_word' id='word_1_573' title='bbox 589 5121 736 5190; x_wconf 89' lang='lat' dir='ltr'>Quid</span> <span class='ocrx_word' id='word_1_574' title='bbox 769 5123 925 5178; x_wconf 89' lang='lat' dir='ltr'>enim</span> <span class='ocrx_word' id='word_1_575' title='bbox 960 5124 1214 5195; x_wconf 90' lang='lat' dir='ltr'>proderit</span> <span class='ocrx_word' id='word_1_576' title='bbox 1243 5111 1436 5179; x_wconf 28' lang='lat' dir='ltr'>alicui.</span> <span class='ocrx_word' id='word_1_577' title='bbox 1460 5141 1563 5197; x_wconf 90' lang='lat' dir='ltr'>pro</span> <span class='ocrx_word' id='word_1_578' title='bbox 1592 5125 1833 5181; x_wconf 87' lang='lat' dir='ltr'>veritate</span> <span class='ocrx_word' id='word_1_579' title='bbox 1873 5126 2130 5197; x_wconf 90' lang='lat' dir='ltr'>primum</span> 
     </span>
    </p>
   </div>
   <div class='ocr_carea' id='block_1_88' title="bbox 483 5211 2129 5288">
    <p class='ocr_par' dir='ltr' id='par_1_88' title="bbox 483 5211 2129 5288">
     <span class='ocr_line' id='line_1_88' title="bbox 483 5211 2129 5288; baseline 0 -18"><span class='ocrx_word' id='word_1_580' title='bbox 483 5213 722 5288; x_wconf 89' lang='lat' dir='ltr'>quidem</span> <span class='ocrx_word' id='word_1_581' title='bbox 753 5211 1040 5284; x_wconf 87' lang='lat' dir='ltr'>impetum</span> <span class='ocrx_word' id='word_1_582' title='bbox 1073 5212 1228 5277; x_wconf 86' lang='lat' dir='ltr'>dare,</span> <span class='ocrx_word' id='word_1_583' title='bbox 1254 5218 1310 5268; x_wconf 89' lang='lat' dir='ltr'>et</span> <span class='ocrx_word' id='word_1_584' title='bbox 1349 5219 1479 5285; x_wconf 89' lang='lat' dir='ltr'>post</span> <span class='ocrx_word' id='word_1_585' title='bbox 1510 5213 1814 5286; x_wconf 87' lang='lat' dir='ltr'>paululum</span> <span class='ocrx_word' id='word_1_586' title='bbox 1856 5219 1958 5269; x_wconf 88' lang='lat' dir='ltr'>aut</span> <span class='ocrx_word' id='word_1_587' title='bbox 1996 5231 2129 5270; x_wconf 88' lang='lat' dir='ltr'>sua-</span> 
     </span>
    </p>
   </div>
   <div class='ocr_carea' id='block_1_89' title="bbox 482 5299 2132 5374">
    <p class='ocr_par' dir='ltr' id='par_1_89' title="bbox 482 5299 2132 5374">
     <span class='ocr_line' id='line_1_89' title="bbox 482 5299 2132 5374; baseline -0.001 -15"><span class='ocrx_word' id='word_1_588' title='bbox 482 5302 766 5370; x_wconf 85' lang='lat' dir='ltr'>sionibus,</span> <span class='ocrx_word' id='word_1_589' title='bbox 793 5305 895 5355; x_wconf 89' lang='lat' dir='ltr'>aut</span> <span class='ocrx_word' id='word_1_590' title='bbox 915 5299 1257 5363; x_wconf 86' lang='lat' dir='ltr'>terroribus,</span> <span class='ocrx_word' id='word_1_591' title='bbox 1281 5305 1381 5355; x_wconf 92' lang='lat' dir='ltr'>aut</span> <span class='ocrx_word' id='word_1_592' title='bbox 1407 5302 1519 5357; x_wconf 90' lang='lat' dir='ltr'>alio</span> <span class='ocrx_word' id='word_1_593' title='bbox 1545 5302 1805 5374; x_wconf 85' lang='lat' dir='ltr'>quolibet</span> <span class='ocrx_word' id='word_1_594' title='bbox 1831 5303 1968 5358; x_wconf 88' lang='lat' dir='ltr'>vitio</span> <span class='ocrx_word' id='word_1_595' title='bbox 1989 5319 2022 5358; x_wconf 90' lang='lat' dir='ltr'>a</span> <span class='ocrx_word' id='word_1_596' title='bbox 2041 5320 2132 5358; x_wconf 90' lang='lat' dir='ltr'>ve-</span> 
     </span>
    </p>
   </div>
   <div class='ocr_carea' id='block_1_90' title="bbox 480 5386 2129 5449">
    <p class='ocr_par' dir='ltr' id='par_1_90' title="bbox 480 5386 2129 5449">
     <span class='ocr_line' id='line_1_90' title="bbox 480 5386 2129 5449; baseline 0 -1"><span class='ocrx_word' id='word_1_597' title='bbox 480 5393 670 5449; x_wconf 90' lang='lat' dir='ltr'>ritatis</span> <span class='ocrx_word' id='word_1_598' title='bbox 701 5391 938 5447; x_wconf 89' lang='lat' dir='ltr'>tramite</span> <span class='ocrx_word' id='word_1_599' title='bbox 969 5386 1298 5444; x_wconf 87' lang='lat' dir='ltr'>declinare?</span> <span class='ocrx_word' id='word_1_600' title='bbox 1329 5390 1500 5446; x_wconf 92' lang='lat' dir='ltr'>Porro</span> <span class='ocrx_word' id='word_1_601' title='bbox 1533 5391 1581 5447; x_wconf 91' lang='lat' dir='ltr'>si</span> <span class='ocrx_word' id='word_1_602' title='bbox 1604 5391 1809 5448; x_wconf 88' lang='lat' dir='ltr'>Vitalis</span> <span class='ocrx_word' id='word_1_603' title='bbox 1849 5397 1906 5448; x_wconf 92' lang='lat' dir='ltr'>et</span> <span class='ocrx_word' id='word_1_604' title='bbox 1953 5392 2129 5448; x_wconf 90' lang='lat' dir='ltr'>Mise-</span> 
     </span>
    </p>
   </div>
   <div class='ocr_carea' id='block_1_91' title="bbox 482 5475 2132 5554">
    <p class='ocr_par' dir='ltr' id='par_1_91' title="bbox 482 5475 2132 5554">
     <span class='ocr_line' id='line_1_91' title="bbox 482 5475 2132 5554; baseline 0.001 -19"><span class='ocrx_word' id='word_1_605' title='bbox 482 5482 699 5547; x_wconf 89' lang='lat' dir='ltr'>nus,de</span> <span class='ocrx_word' id='word_1_606' title='bbox 725 5479 943 5552; x_wconf 91' lang='lat' dir='ltr'>quibus</span> <span class='ocrx_word' id='word_1_607' title='bbox 974 5493 1154 5550; x_wconf 89' lang='lat' dir='ltr'>supra</span> <span class='ocrx_word' id='word_1_608' title='bbox 1187 5475 1460 5544; x_wconf 82' lang='lat' dir='ltr'>diximus,</span> <span class='ocrx_word' id='word_1_609' title='bbox 1488 5496 1522 5534; x_wconf 91' lang='lat' dir='ltr'>a</span> <span class='ocrx_word' id='word_1_610' title='bbox 1551 5480 1716 5534; x_wconf 86' lang='lat' dir='ltr'>beato</span> <span class='ocrx_word' id='word_1_611' title='bbox 1768 5480 1951 5536; x_wconf 86' lang='lat' dir='ltr'>Felice</span> <span class='ocrx_word' id='word_1_612' title='bbox 1982 5499 2132 5554; x_wconf 88' lang='lat' dir='ltr'>papa</span> 
     </span>
    </p>
   </div>
   <div class='ocr_carea' id='block_1_92' title="bbox 483 5564 2128 5643">
    <p class='ocr_par' dir='ltr' id='par_1_92' title="bbox 483 5564 2128 5643">
     <span class='ocr_line' id='line_1_92' title="bbox 483 5564 2128 5643; baseline 0.001 -18"><span class='ocrx_word' id='word_1_613' title='bbox 483 5567 700 5625; x_wconf 86' lang='lat' dir='ltr'>honore</span> <span class='ocrx_word' id='word_1_614' title='bbox 731 5569 948 5643; x_wconf 89' lang='lat' dir='ltr'>pariter</span> <span class='ocrx_word' id='word_1_615' title='bbox 979 5572 1035 5626; x_wconf 87' lang='lat' dir='ltr'>et</span> <span class='ocrx_word' id='word_1_616' title='bbox 1064 5564 1474 5627; x_wconf 84' lang='lat' dir='ltr'>communione</span> <span class='ocrx_word' id='word_1_617' title='bbox 1503 5567 1709 5641; x_wconf 88' lang='lat' dir='ltr'>privati</span> <span class='ocrx_word' id='word_1_618' title='bbox 1741 5573 1898 5636; x_wconf 89' lang='lat' dir='ltr'>sunt,</span> <span class='ocrx_word' id='word_1_619' title='bbox 1925 5570 2024 5641; x_wconf 88' lang='lat' dir='ltr'>qui</span> <span class='ocrx_word' id='word_1_620' title='bbox 2057 5571 2128 5627; x_wconf 89' lang='lat' dir='ltr'>ad</span> 
     </span>
    </p>
   </div>
   <div class='ocr_carea' id='block_1_93' title="bbox 2247 3258 3796 3334">
    <p class='ocr_par' dir='ltr' id='par_1_93' title="bbox 2247 3258 3796 3334">
     <span class='ocr_line' id='line_1_93' title="bbox 2247 3258 3796 3334; baseline -0.006 -16"><span class='ocrx_word' id='word_1_621' title='bbox 2247 3267 2482 3318; x_wconf 88' lang='lat' dir='ltr'>maneat</span> <span class='ocrx_word' id='word_1_622' title='bbox 2509 3281 2521 3318; x_wconf 91' lang='lat'><strong>:</strong></span> <span class='ocrx_word' id='word_1_623' title='bbox 2557 3263 2656 3318; x_wconf 89' lang='lat' dir='ltr'>sed</span> <span class='ocrx_word' id='word_1_624' title='bbox 2690 3279 2791 3318; x_wconf 85' lang='lat' dir='ltr'>vos</span> <span class='ocrx_word' id='word_1_625' title='bbox 2821 3263 2962 3331; x_wconf 87' lang='lat' dir='ltr'>haec,</span> <span class='ocrx_word' id='word_1_626' title='bbox 2997 3267 3064 3317; x_wconf 89' lang='lat' dir='ltr'>ut</span> <span class='ocrx_word' id='word_1_627' title='bbox 3095 3263 3478 3334; x_wconf 78' lang='lat' dir='ltr'>praetulimus,</span> <span class='ocrx_word' id='word_1_628' title='bbox 3508 3258 3796 3317; x_wconf 79' lang='lat' dir='ltr'>occultantes,</span> 
     </span>
    </p>
   </div>
   <div class='ocr_carea' id='block_1_94' title="bbox 2246 3341 3798 3424">
    <p class='ocr_par' dir='ltr' id='par_1_94' title="bbox 2246 3341 3798 3424">
     <span class='ocr_line' id='line_1_94' title="bbox 2246 3341 3798 3424; baseline -0.009 -16"><span class='ocrx_word' id='word_1_629' title='bbox 2246 3370 2281 3408; x_wconf 87' lang='lat' dir='ltr'>a</span> <span class='ocrx_word' id='word_1_630' title='bbox 2307 3351 2560 3424; x_wconf 88' lang='lat' dir='ltr'>piorum,</span> <span class='ocrx_word' id='word_1_631' title='bbox 2613 3351 2715 3423; x_wconf 89' lang='lat' dir='ltr'>qui</span> <span class='ocrx_word' id='word_1_632' title='bbox 2767 3351 3033 3408; x_wconf 85' lang='lat' dir='ltr'>fortassis</span> <span class='ocrx_word' id='word_1_633' title='bbox 3085 3351 3209 3408; x_wconf 91' lang='lat' dir='ltr'>illic</span> <span class='ocrx_word' id='word_1_634' title='bbox 3257 3351 3616 3417; x_wconf 86' lang='lat' dir='ltr'>habebantur,</span> <span class='ocrx_word' id='word_1_635' title='bbox 3658 3341 3798 3400; x_wconf 85' lang='lat' dir='ltr'>notitia</span> 
     </span>
    </p>
   </div>
   <div class='ocr_carea' id='block_1_95' title="bbox 2246 3439 2630 3497">
    <p class='ocr_par' dir='ltr' id='par_1_95' title="bbox 2246 3439 2630 3497">
     <span class='ocr_line' id='line_1_95' title="bbox 2246 3439 2630 3497; baseline -0.005 0"><span class='ocrx_word' id='word_1_636' title='bbox 2246 3439 2630 3497; x_wconf 80' lang='lat' dir='ltr'>subduxistis.</span> 
     </span>
    </p>
   </div>
   <div class='ocr_carea' id='block_1_96' title="bbox 2315 3519 3800 3601">
    <p class='ocr_par' dir='ltr' id='par_1_96' title="bbox 2315 3519 3800 3601">
     <span class='ocr_line' id='line_1_96' title="bbox 2315 3519 3800 3601; baseline -0.005 -17"><span class='ocrx_word' id='word_1_637' title='bbox 2315 3529 2400 3584; x_wconf 85' lang='lat' dir='ltr'>Ad</span> <span class='ocrx_word' id='word_1_638' title='bbox 2435 3527 2580 3583; x_wconf 89' lang='lat' dir='ltr'>nihil</span> <span class='ocrx_word' id='word_1_639' title='bbox 2615 3527 2786 3601; x_wconf 85' lang='lat' dir='ltr'>plane</span> <span class='ocrx_word' id='word_1_640' title='bbox 2816 3528 2975 3584; x_wconf 89' lang='lat' dir='ltr'>aliud</span> <span class='ocrx_word' id='word_1_641' title='bbox 3009 3529 3404 3596; x_wconf 88' lang='lat' dir='ltr'>intendentes,</span> <span class='ocrx_word' id='word_1_642' title='bbox 3436 3519 3538 3583; x_wconf 81' lang='lat' dir='ltr'>nisi</span> <span class='ocrx_word' id='word_1_643' title='bbox 3567 3529 3619 3580; x_wconf 86' lang='lat' dir='ltr'>ut</span> <span class='ocrx_word' id='word_1_644' title='bbox 3643 3523 3800 3578; x_wconf 76' lang='lat' dir='ltr'>nente-</span> 
     </span>
    </p>
   </div>
   <div class='ocr_carea' id='block_1_97' title="bbox 2245 3613 3796 3689">
    <p class='ocr_par' dir='ltr' id='par_1_97' title="bbox 2245 3613 3796 3689">
     <span class='ocr_line' id='line_1_97' title="bbox 2245 3613 3796 3689; baseline -0.003 -16"><span class='ocrx_word' id='word_1_645' title='bbox 2245 3617 2563 3674; x_wconf 64' lang='lat' dir='ltr'>nebrarum‘</span> <span class='ocrx_word' id='word_1_646' title='bbox 2589 3633 2762 3689; x_wconf 87' lang='lat' dir='ltr'>opera</span> <span class='ocrx_word' id='word_1_647' title='bbox 2788 3617 3262 3675; x_wconf 80' lang='lat' dir='ltr'>manifestatione</span> <span class='ocrx_word' id='word_1_648' title='bbox 3303 3618 3448 3674; x_wconf 88' lang='lat' dir='ltr'>lucis</span> <span class='ocrx_word' id='word_1_649' title='bbox 3486 3613 3796 3687; x_wconf 76' lang='lat' dir='ltr'>arguerentur.</span> 
     </span>
    </p>
   </div>
   <div class='ocr_carea' id='block_1_98' title="bbox 2245 3695 3797 3778">
    <p class='ocr_par' dir='ltr' id='par_1_98' title="bbox 2245 3695 3797 3778">
     <span class='ocr_line' id='line_1_98' title="bbox 2245 3695 3797 3778; baseline -0.005 -15"><span class='ocrx_word' id='word_1_650' title='bbox 2245 3711 2304 3763; x_wconf 85' lang='lat' dir='ltr'>et</span> <span class='ocrx_word' id='word_1_651' title='bbox 2333 3710 2399 3762; x_wconf 89' lang='lat' dir='ltr'>ut</span> <span class='ocrx_word' id='word_1_652' title='bbox 2430 3723 2534 3762; x_wconf 92' lang='lat' dir='ltr'>nos</span> <span class='ocrx_word' id='word_1_653' title='bbox 2565 3705 2660 3762; x_wconf 89' lang='lat' dir='ltr'>his</span> <span class='ocrx_word' id='word_1_654' title='bbox 2681 3723 2807 3778; x_wconf 64' lang='lat' dir='ltr'>qua:</span> <span class='ocrx_word' id='word_1_655' title='bbox 2841 3705 2957 3761; x_wconf 86' lang='lat' dir='ltr'>illic</span> <span class='ocrx_word' id='word_1_656' title='bbox 2987 3705 3463 3763; x_wconf 87' lang='lat' dir='ltr'>irrationabiliter</span> <span class='ocrx_word' id='word_1_657' title='bbox 3489 3708 3602 3761; x_wconf 81' lang='lat' dir='ltr'>acta</span> <span class='ocrx_word' id='word_1_658' title='bbox 3620 3695 3797 3756; x_wconf 65' lang='lat' dir='ltr'>fuerant.</span> 
     </span>
    </p>
   </div>
   <div class='ocr_carea' id='block_1_99' title="bbox 2245 3786 3800 3866">
    <p class='ocr_par' dir='ltr' id='par_1_99' title="bbox 2245 3786 3800 3866">
     <span class='ocr_line' id='line_1_99' title="bbox 2245 3786 3800 3866; baseline -0.008 -16"><span class='ocrx_word' id='word_1_659' title='bbox 2245 3797 2386 3850; x_wconf 85' lang='lat' dir='ltr'>dum</span> <span class='ocrx_word' id='word_1_660' title='bbox 2409 3800 2611 3850; x_wconf 89' lang='lat' dir='ltr'>nostra</span> <span class='ocrx_word' id='word_1_661' title='bbox 2641 3795 2861 3866; x_wconf 90' lang='lat' dir='ltr'>scripta</span> <span class='ocrx_word' id='word_1_662' title='bbox 2887 3799 3179 3866; x_wconf 87' lang='lat' dir='ltr'>tacentur,</span> <span class='ocrx_word' id='word_1_663' title='bbox 3205 3809 3545 3852; x_wconf 87' lang='lat' dir='ltr'>consensum</span> <span class='ocrx_word' id='word_1_664' title='bbox 3565 3786 3800 3864; x_wconf 66' lang='lat' dir='ltr'>praebuisse</span> 
     </span>
    </p>
   </div>
   <div class='ocr_carea' id='block_1_100' title="bbox 2245 3872 3798 3958">
    <p class='ocr_par' dir='ltr' id='par_1_100' title="bbox 2245 3872 3798 3958">
     <span class='ocr_line' id='line_1_100' title="bbox 2245 3872 3798 3958; baseline -0.003 -20"><span class='ocrx_word' id='word_1_665' title='bbox 2245 3889 2673 3956; x_wconf 87' lang='lat' dir='ltr'>reputaremur.</span> <span class='ocrx_word' id='word_1_666' title='bbox 2693 3883 2908 3938; x_wconf 89' lang='lat' dir='ltr'>Probat</span> <span class='ocrx_word' id='word_1_667' title='bbox 2922 3882 3032 3938; x_wconf 92' lang='lat' dir='ltr'>hoc</span> <span class='ocrx_word' id='word_1_668' title='bbox 3051 3885 3344 3958; x_wconf 72' lang='lat' dir='ltr'>praecipue</span> <span class='ocrx_word' id='word_1_669' title='bbox 3360 3887 3485 3957; x_wconf 86' lang='lat' dir='ltr'>post</span> <span class='ocrx_word' id='word_1_670' title='bbox 3503 3879 3661 3937; x_wconf 87' lang='lat' dir='ltr'>multa</span> <span class='ocrx_word' id='word_1_671' title='bbox 3673 3872 3798 3933; x_wconf 64' lang='lat' dir='ltr'>utilia,</span> 
     </span>
    </p>
   </div>
   <div class='ocr_carea' id='block_1_101' title="bbox 2247 3961 3800 4045">
    <p class='ocr_par' dir='ltr' id='par_1_101' title="bbox 2247 3961 3800 4045">
     <span class='ocr_line' id='line_1_101' title="bbox 2247 3961 3800 4045; baseline -0.004 -18"><span class='ocrx_word' id='word_1_672' title='bbox 2247 3989 2371 4045; x_wconf 58' lang='lat' dir='ltr'>quas</span> <span class='ocrx_word' id='word_1_673' title='bbox 2403 3972 2482 4026; x_wconf 89' lang='lat' dir='ltr'>ibi</span> <span class='ocrx_word' id='word_1_674' title='bbox 2519 3989 2633 4026; x_wconf 92' lang='lat' dir='ltr'>non</span> <span class='ocrx_word' id='word_1_675' title='bbox 2674 3971 2897 4026; x_wconf 85' lang='lat' dir='ltr'>utiliter</span> <span class='ocrx_word' id='word_1_676' title='bbox 2932 3977 3228 4044; x_wconf 81' lang='lat' dir='ltr'>corrupta,</span> <span class='ocrx_word' id='word_1_677' title='bbox 3252 3972 3340 4029; x_wconf 89' lang='lat' dir='ltr'>vel</span> <span class='ocrx_word' id='word_1_678' title='bbox 3371 3969 3672 4028; x_wconf 84' lang='lat' dir='ltr'>defraudata</span> <span class='ocrx_word' id='word_1_679' title='bbox 3694 3961 3800 4020; x_wconf 69' lang='lat' dir='ltr'>sunt.</span> 
     </span>
    </p>
   </div>
   <div class='ocr_carea' id='block_1_102' title="bbox 2245 4046 3802 4131">
    <p class='ocr_par' dir='ltr' id='par_1_102' title="bbox 2245 4046 3802 4131">
     <span class='ocr_line' id='line_1_102' title="bbox 2245 4046 3802 4131; baseline 0.003 -15"><span class='ocrx_word' id='word_1_680' title='bbox 2245 4060 2601 4116; x_wconf 84' lang='lat' dir='ltr'>novissimus</span> <span class='ocrx_word' id='word_1_681' title='bbox 2633 4059 2899 4131; x_wconf 83' lang='lat' dir='ltr'>ejusdem</span> <span class='ocrx_word' id='word_1_682' title='bbox 2930 4060 3192 4131; x_wconf 70' lang='lat' dir='ltr'>epistola:</span> <span class='ocrx_word' id='word_1_683' title='bbox 3221 4061 3410 4128; x_wconf 86' lang='lat' dir='ltr'>locus,</span> <span class='ocrx_word' id='word_1_684' title='bbox 3431 4062 3488 4115; x_wconf 91' lang='lat' dir='ltr'>in</span> <span class='ocrx_word' id='word_1_685' title='bbox 3507 4073 3606 4131; x_wconf 91' lang='lat' dir='ltr'>quo</span> <span class='ocrx_word' id='word_1_686' title='bbox 3623 4068 3705 4109; x_wconf 71' lang='lat' dir='ltr'>n08</span> <span class='ocrx_word' id='word_1_687' title='bbox 3720 4046 3802 4120; x_wconf 62' lang='lat' dir='ltr'>qui&#39;</span> 
     </span>
    </p>
   </div>
   <div class='ocr_carea' id='block_1_103' title="bbox 2247 4140 3800 4222">
    <p class='ocr_par' dir='ltr' id='par_1_103' title="bbox 2247 4140 3800 4222">
     <span class='ocr_line' id='line_1_103' title="bbox 2247 4140 3800 4222; baseline -0.011 -17"><span class='ocrx_word' id='word_1_688' title='bbox 2247 4151 2379 4206; x_wconf 90' lang='lat' dir='ltr'>dem</span> <span class='ocrx_word' id='word_1_689' title='bbox 2411 4150 2633 4222; x_wconf 87' lang='lat' dir='ltr'>legatos</span> <span class='ocrx_word' id='word_1_690' title='bbox 2665 4154 2897 4204; x_wconf 86' lang='lat' dir='ltr'>nostros</span> <span class='ocrx_word' id='word_1_691' title='bbox 2921 4151 3423 4217; x_wconf 86' lang='lat' dir='ltr'>commendantes,</span> <span class='ocrx_word' id='word_1_692' title='bbox 3447 4140 3800 4219; x_wconf 83' lang='lat' dir='ltr'>amplitudinem</span> 
     </span>
    </p>
   </div>
   <div class='ocr_carea' id='block_1_104' title="bbox 2243 4229 3798 4310">
    <p class='ocr_par' dir='ltr' id='par_1_104' title="bbox 2243 4229 3798 4310">
     <span class='ocr_line' id='line_1_104' title="bbox 2243 4229 3798 4310; baseline -0.01 -17"><span class='ocrx_word' id='word_1_693' title='bbox 2243 4243 2369 4294; x_wconf 90' lang='lat' dir='ltr'>tum</span> <span class='ocrx_word' id='word_1_694' title='bbox 2393 4237 2683 4310; x_wconf 88' lang='lat' dir='ltr'>deprecati</span> <span class='ocrx_word' id='word_1_695' title='bbox 2711 4238 3012 4293; x_wconf 81' lang='lat' dir='ltr'>fueramus</span> <span class='ocrx_word' id='word_1_696' title='bbox 3034 4237 3105 4293; x_wconf 88' lang='lat' dir='ltr'>de</span> <span class='ocrx_word' id='word_1_697' title='bbox 3123 4237 3272 4310; x_wconf 89' lang='lat' dir='ltr'>ipsis</span> <span class='ocrx_word' id='word_1_698' title='bbox 3293 4239 3443 4293; x_wconf 90' lang='lat' dir='ltr'>inter</span> <span class='ocrx_word' id='word_1_699' title='bbox 3461 4236 3564 4291; x_wconf 84' lang='lat' dir='ltr'>alia</span> <span class='ocrx_word' id='word_1_700' title='bbox 3582 4229 3798 4288; x_wconf 80' lang='lat' dir='ltr'>dicentes:</span> 
     </span>
    </p>
   </div>
   <div class='ocr_carea' id='block_1_105' title="bbox 2244 4311 3784 4396">
    <p class='ocr_par' dir='ltr' id='par_1_105' title="bbox 2244 4311 3784 4396">
     <span class='ocr_line' id='line_1_105' title="bbox 2244 4311 3784 4396; baseline -0.012 -13"><span class='ocrx_word' id='word_1_701' title='bbox 2244 4328 2314 4383; x_wconf 87' lang='lat' dir='ltr'>Et</span> <span class='ocrx_word' id='word_1_702' title='bbox 2335 4343 2469 4382; x_wconf 90' lang='lat' dir='ltr'>cum</span> <span class='ocrx_word' id='word_1_703' title='bbox 2500 4327 2559 4380; x_wconf 91' lang='lat' dir='ltr'>in</span> <span class='ocrx_word' id='word_1_704' title='bbox 2583 4330 2869 4381; x_wconf 87' lang='lat' dir='ltr'>conventu</span> <span class='ocrx_word' id='word_1_705' title='bbox 2902 4325 3170 4382; x_wconf 61' lang='lat' dir='ltr'>Ecclesiae</span> <span class='ocrx_word' id='word_1_706' title='bbox 3201 4327 3458 4383; x_wconf 84' lang='lat' dir='ltr'>sederint</span> <span class='ocrx_word' id='word_1_707' title='bbox 3485 4341 3579 4396; x_wconf 90' lang='lat' dir='ltr'>pro</span> <span class='ocrx_word' id='word_1_708' title='bbox 3603 4311 3784 4376; x_wconf 79' lang='lat' dir='ltr'>ecclesia</span> 
     </span>
    </p>
   </div>
   <div class='ocr_carea' id='block_1_106' title="bbox 2245 4395 3799 4481">
    <p class='ocr_par' dir='ltr' id='par_1_106' title="bbox 2245 4395 3799 4481">
     <span class='ocr_line' id='line_1_106' title="bbox 2245 4395 3799 4481; baseline -0.012 -10"><span class='ocrx_word' id='word_1_709' title='bbox 2245 4415 2407 4472; x_wconf 89' lang='lat' dir='ltr'>sticis</span> <span class='ocrx_word' id='word_1_710' title='bbox 2437 4413 2912 4481; x_wconf 83' lang='lat' dir='ltr'>diiﬁnitionibus,</span> <span class='ocrx_word' id='word_1_711' title='bbox 2946 4414 3094 4470; x_wconf 87' lang='lat' dir='ltr'>nihil</span> <span class='ocrx_word' id='word_1_712' title='bbox 3125 4431 3159 4470; x_wconf 89' lang='lat' dir='ltr'>a</span> <span class='ocrx_word' id='word_1_713' title='bbox 3194 4416 3380 4480; x_wconf 85' lang='lat' dir='ltr'>vobis,</span> <span class='ocrx_word' id='word_1_714' title='bbox 3413 4395 3502 4469; x_wconf 84' lang='lat' dir='ltr'>vel</span> <span class='ocrx_word' id='word_1_715' title='bbox 3523 4411 3586 4466; x_wconf 88' lang='lat' dir='ltr'>ab</span> <span class='ocrx_word' id='word_1_716' title='bbox 3611 4406 3712 4463; x_wconf 81' lang='lat' dir='ltr'>aliis</span> <span class='ocrx_word' id='word_1_717' title='bbox 3734 4395 3799 4453; x_wconf 77' lang='lat' dir='ltr'>ali-</span> 
     </span>
    </p>
   </div>
   <div class='ocr_carea' id='block_1_107' title="bbox 2167 4500 3800 4588">
    <p class='ocr_par' dir='ltr' id='par_1_107' title="bbox 2167 4500 3800 4588">
     <span class='ocr_line' id='line_1_107' title="bbox 2167 4500 3800 4588; baseline -0.008 -27"><span class='ocrx_word' id='word_1_718' title='bbox 2167 4525 2214 4588; x_wconf 83' lang='lat' dir='ltr'><strong>D</strong></span> <span class='ocrx_word' id='word_1_719' title='bbox 2245 4505 2413 4576; x_wconf 88' lang='lat' dir='ltr'>cujus</span> <span class='ocrx_word' id='word_1_720' title='bbox 2463 4501 2894 4559; x_wconf 86' lang='lat' dir='ltr'>contrarietatis</span> <span class='ocrx_word' id='word_1_721' title='bbox 2950 4502 3238 4576; x_wconf 84' lang='lat' dir='ltr'>impetum</span> <span class='ocrx_word' id='word_1_722' title='bbox 3287 4503 3532 4560; x_wconf 82' lang='lat' dir='ltr'>sentiant</span> <span class='ocrx_word' id='word_1_723' title='bbox 3559 4517 3570 4554; x_wconf 91' lang='lat'>:</span> <span class='ocrx_word' id='word_1_724' title='bbox 3599 4504 3677 4550; x_wconf 81' lang='lat' dir='ltr'>v&#39;os</span> <span class='ocrx_word' id='word_1_725' title='bbox 3711 4500 3800 4588; x_wconf 35' lang='grc' dir='ltr'>ν-εξτῦ</span> 
     </span>
    </p>
   </div>
   <div class='ocr_carea' id='block_1_108' title="bbox 2247 4577 3800 4666">
    <p class='ocr_par' dir='ltr' id='par_1_108' title="bbox 2247 4577 3800 4666">
     <span class='ocr_line' id='line_1_108' title="bbox 2247 4577 3800 4666; baseline -0.007 -18"><span class='ocrx_word' id='word_1_726' title='bbox 2247 4594 2516 4666; x_wconf 89' lang='lat' dir='ltr'>protinus</span> <span class='ocrx_word' id='word_1_727' title='bbox 2547 4591 2969 4659; x_wconf 88' lang='lat' dir='ltr'>subintulistis,</span> <span class='ocrx_word' id='word_1_728' title='bbox 2996 4591 3162 4663; x_wconf 87' lang='lat' dir='ltr'>quasi</span> <span class='ocrx_word' id='word_1_729' title='bbox 3210 4609 3317 4648; x_wconf 90' lang='lat' dir='ltr'>nos</span> <span class='ocrx_word' id='word_1_730' title='bbox 3365 4593 3452 4647; x_wconf 88' lang='lat' dir='ltr'>his</span> <span class='ocrx_word' id='word_1_731' title='bbox 3499 4577 3800 4645; x_wconf 76' lang='lat' dir='ltr'>continuatim</span> 
     </span>
    </p>
   </div>
   <div class='ocr_carea' id='block_1_109' title="bbox 2243 4672 3802 4753">
    <p class='ocr_par' dir='ltr' id='par_1_109' title="bbox 2243 4672 3802 4753">
     <span class='ocr_line' id='line_1_109' title="bbox 2243 4672 3802 4753; baseline -0.007 -15"><span class='ocrx_word' id='word_1_732' title='bbox 2243 4681 2756 4753; x_wconf 82' lang='lat' dir='ltr'>subjunxissemus</span> <span class='ocrx_word' id='word_1_733' title='bbox 2806 4680 3180 4752; x_wconf 84' lang='lat' dir='ltr'>perhibentes</span> <span class='ocrx_word' id='word_1_734' title='bbox 3214 4698 3226 4734; x_wconf 88' lang='lat'><strong>:</strong></span> <span class='ocrx_word' id='word_1_735' title='bbox 3261 4682 3308 4736; x_wconf 80' lang='grc' dir='ltr'><strong>Α</strong></span> <span class='ocrx_word' id='word_1_736' title='bbox 3348 4678 3510 4735; x_wconf 90' lang='lat' dir='ltr'>nobis</span> <span class='ocrx_word' id='word_1_737' title='bbox 3551 4672 3677 4731; x_wconf 85' lang='lat' dir='ltr'>enim</span> <span class='ocrx_word' id='word_1_738' title='bbox 3714 4676 3802 4753; x_wconf 49' lang='lat' dir='ltr'>qu?</span> 
     </span>
    </p>
   </div>
   <div class='ocr_carea' id='block_1_110' title="bbox 2241 4747 3803 4843">
    <p class='ocr_par' dir='ltr' id='par_1_110' title="bbox 2241 4747 3803 4843">
     <span class='ocr_line' id='line_1_110' title="bbox 2241 4747 3803 4843; baseline -0.015 -17"><span class='ocrx_word' id='word_1_739' title='bbox 2241 4747 2585 4842; x_wconf 76' lang='lat' dir='ltr'>hujusmodi</span> <span class='ocrx_word' id='word_1_740' title='bbox 2617 4771 2757 4824; x_wconf 87' lang='lat' dir='ltr'>sunt</span> <span class='ocrx_word' id='word_1_741' title='bbox 2777 4747 3181 4843; x_wconf 72' lang='lat' dir='ltr'>dispositionis</span> <span class='ocrx_word' id='word_1_742' title='bbox 3211 4772 3268 4826; x_wconf 88' lang='lat' dir='ltr'>et</span> <span class='ocrx_word' id='word_1_743' title='bbox 3297 4773 3514 4825; x_wconf 80' lang='lat' dir='ltr'>statuta</span> <span class='ocrx_word' id='word_1_744' title='bbox 3535 4763 3649 4820; x_wconf 84' lang='lat' dir='ltr'>sunt</span> <span class='ocrx_word' id='word_1_745' title='bbox 3669 4759 3711 4812; x_wconf 86' lang='lat' dir='ltr'>et</span> <span class='ocrx_word' id='word_1_746' title='bbox 3733 4747 3803 4806; x_wconf 45' lang='lat' dir='ltr'>dif.</span> 
     </span>
    </p>
   </div>
   <div class='ocr_carea' id='block_1_111' title="bbox 2241 4861 2426 4915">
    <p class='ocr_par' dir='ltr' id='par_1_111' title="bbox 2241 4861 2426 4915">
     <span class='ocr_line' id='line_1_111' title="bbox 2241 4861 2426 4915; baseline -0.005 0"><span class='ocrx_word' id='word_1_747' title='bbox 2241 4861 2426 4915; x_wconf 86' lang='lat' dir='ltr'>ﬁnita.</span> 
     </span>
    </p>
   </div>
   <div class='ocr_carea' id='block_1_112' title="bbox 2311 4932 3797 5022">
    <p class='ocr_par' dir='ltr' id='par_1_112' title="bbox 2311 4932 3797 5022">
     <span class='ocr_line' id='line_1_112' title="bbox 2311 4932 3797 5022; baseline -0.01 -16"><span class='ocrx_word' id='word_1_748' title='bbox 2311 4948 2428 5005; x_wconf 87' lang='lat' dir='ltr'>Hoc</span> <span class='ocrx_word' id='word_1_749' title='bbox 2450 4952 2738 5022; x_wconf 68' lang='lat' dir='ltr'>preacepto</span> <span class='ocrx_word' id='word_1_750' title='bbox 2753 4954 2947 5005; x_wconf 86' lang='lat' dir='ltr'>vestra</span> <span class='ocrx_word' id='word_1_751' title='bbox 2969 4949 3192 5005; x_wconf 86' lang='lat' dir='ltr'>utinam</span> <span class='ocrx_word' id='word_1_752' title='bbox 3216 4949 3449 5022; x_wconf 83' lang='lat' dir='ltr'>placens</span> <span class='ocrx_word' id='word_1_753' title='bbox 3464 4946 3567 5001; x_wconf 84' lang='lat' dir='ltr'>Deo</span> <span class='ocrx_word' id='word_1_754' title='bbox 3582 4932 3797 5022; x_wconf 64' lang='lat' dir='ltr'>sagacith</span> 
     </span>
    </p>
   </div>
   <div class='ocr_carea' id='block_1_113' title="bbox 2239 5017 3797 5110">
    <p class='ocr_par' dir='ltr' id='par_1_113' title="bbox 2239 5017 3797 5110">
     <span class='ocr_line' id='line_1_113' title="bbox 2239 5017 3797 5110; baseline -0.012 -16"><span class='ocrx_word' id='word_1_755' title='bbox 2239 5017 2483 5094; x_wconf 65' lang='lat' dir='ltr'>innuero</span> <span class='ocrx_word' id='word_1_756' title='bbox 2511 5017 2710 5094; x_wconf 73' lang='lat' dir='ltr'>volens</span> <span class='ocrx_word' id='word_1_757' title='bbox 2732 5051 3097 5110; x_wconf 65' lang='lat' dir='ltr'>quaecunque</span> <span class='ocrx_word' id='word_1_758' title='bbox 3129 5055 3163 5093; x_wconf 87' lang='lat' dir='ltr'>a</span> <span class='ocrx_word' id='word_1_759' title='bbox 3191 5017 3399 5110; x_wconf 75' lang='lat' dir='ltr'>legatis</span> <span class='ocrx_word' id='word_1_760' title='bbox 3427 5029 3622 5090; x_wconf 83' lang='lat' dir='ltr'>nostris</span> <span class='ocrx_word' id='word_1_761' title='bbox 3639 5017 3797 5080; x_wconf 71' lang='lat' dir='ltr'>statuta</span> 
     </span>
    </p>
   </div>
   <div class='ocr_carea' id='block_1_114' title="bbox 2238 5116 3798 5194">
    <p class='ocr_par' dir='ltr' id='par_1_114' title="bbox 2238 5116 3798 5194">
     <span class='ocr_line' id='line_1_114' title="bbox 2238 5116 3798 5194; baseline -0.004 -11"><span class='ocrx_word' id='word_1_762' title='bbox 2238 5129 2476 5183; x_wconf 84' lang='lat' dir='ltr'>fuerunt</span> <span class='ocrx_word' id='word_1_763' title='bbox 2506 5131 2564 5182; x_wconf 90' lang='lat' dir='ltr'>et</span> <span class='ocrx_word' id='word_1_764' title='bbox 2591 5127 2862 5194; x_wconf 85' lang='lat' dir='ltr'>difﬁnita,</span> <span class='ocrx_word' id='word_1_765' title='bbox 2887 5143 2994 5182; x_wconf 90' lang='lat' dir='ltr'>nos</span> <span class='ocrx_word' id='word_1_766' title='bbox 3035 5116 3434 5192; x_wconf 79' lang='lat' dir='ltr'>statuisse,-v‘sl</span> <span class='ocrx_word' id='word_1_767' title='bbox 3465 5116 3798 5194; x_wconf 12' lang='lat' dir='ltr'>difﬁnisserl’”</span> 
     </span>
    </p>
   </div>
   <div class='ocr_carea' id='block_1_115' title="bbox 2239 5193 3793 5288">
    <p class='ocr_par' dir='ltr' id='par_1_115' title="bbox 2239 5193 3793 5288">
     <span class='ocr_line' id='line_1_115' title="bbox 2239 5193 3793 5288; baseline -0.016 -16"><span class='ocrx_word' id='word_1_768' title='bbox 2239 5214 2437 5272; x_wconf 89' lang='lat' dir='ltr'>omnia</span> <span class='ocrx_word' id='word_1_769' title='bbox 2457 5193 2899 5288; x_wconf 82' lang='lat' dir='ltr'>dignoscemur;</span> <span class='ocrx_word' id='word_1_770' title='bbox 2925 5214 3025 5287; x_wconf 87' lang='lat' dir='ltr'>qui</span> <span class='ocrx_word' id='word_1_771' title='bbox 3046 5219 3240 5271; x_wconf 87' lang='lat' dir='ltr'>tamen</span> <span class='ocrx_word' id='word_1_772' title='bbox 3259 5212 3504 5284; x_wconf 71' lang='lat' dir='ltr'>scriptus</span> <span class='ocrx_word' id='word_1_773' title='bbox 3531 5193 3793 5264; x_wconf 75' lang='lat' dir='ltr'>versiculus,</span> 
     </span>
    </p>
   </div>
   <div class='ocr_carea' id='block_1_116' title="bbox 2239 5291 3794 5375">
    <p class='ocr_par' dir='ltr' id='par_1_116' title="bbox 2239 5291 3794 5375">
     <span class='ocr_line' id='line_1_116' title="bbox 2239 5291 3794 5375; baseline 0.002 -16"><span class='ocrx_word' id='word_1_774' title='bbox 2239 5319 2345 5359; x_wconf 87' lang='lat' dir='ltr'>nec</span> <span class='ocrx_word' id='word_1_775' title='bbox 2377 5321 2412 5359; x_wconf 88' lang='lat' dir='ltr'>a</span> <span class='ocrx_word' id='word_1_776' title='bbox 2441 5304 2616 5358; x_wconf 89' lang='lat' dir='ltr'>nobis</span> <span class='ocrx_word' id='word_1_777' title='bbox 2643 5302 2880 5375; x_wconf 86' lang='lat' dir='ltr'>prodiit,</span> <span class='ocrx_word' id='word_1_778' title='bbox 2901 5317 3005 5359; x_wconf 88' lang='lat' dir='ltr'>nec</span> <span class='ocrx_word' id='word_1_779' title='bbox 3034 5303 3123 5359; x_wconf 90' lang='lat' dir='ltr'>eis</span> <span class='ocrx_word' id='word_1_780' title='bbox 3153 5303 3380 5374; x_wconf 76' lang='lat' dir='ltr'>(praeter</span> <span class='ocrx_word' id='word_1_781' title='bbox 3401 5296 3543 5370; x_wconf 71' lang='lat' dir='ltr'>quod</span> <span class='ocrx_word' id='word_1_782' title='bbox 3572 5291 3632 5347; x_wconf 67' lang='lat' dir='ltr'>ad</span> <span class='ocrx_word' id='word_1_783' title='bbox 3654 5291 3794 5375; x_wconf 42' lang='lat' dir='ltr'>“EF”?</span> 
     </span>
    </p>
   </div>
   <div class='ocr_carea' id='block_1_117' title="bbox 2240 5363 3793 5464">
    <p class='ocr_par' dir='ltr' id='par_1_117' title="bbox 2240 5363 3793 5464">
     <span class='ocr_line' id='line_1_117' title="bbox 2240 5363 3793 5464; baseline -0.014 -15"><span class='ocrx_word' id='word_1_784' title='bbox 2240 5393 2506 5464; x_wconf 88' lang='lat' dir='ltr'>magines</span> <span class='ocrx_word' id='word_1_785' title='bbox 2536 5363 2810 5464; x_wconf 75' lang='lat' dir='ltr'>pertinet,</span> <span class='ocrx_word' id='word_1_786' title='bbox 2835 5363 2891 5462; x_wconf 82' lang='lat' dir='ltr'>et</span> <span class='ocrx_word' id='word_1_787' title='bbox 2920 5392 2979 5448; x_wconf 88' lang='lat' dir='ltr'>id</span> <span class='ocrx_word' id='word_1_788' title='bbox 3023 5363 3256 5464; x_wconf 62' lang='lat' dir='ltr'>quoque</span> <span class='ocrx_word' id='word_1_789' title='bbox 3283 5363 3793 5464; x_wconf 76' lang='lat' dir='ltr'>irrepreheusibiliterl</span> 
     </span>
    </p>
   </div>
   <div class='ocr_carea' id='block_1_118' title="bbox 2241 5461 3796 5556">
    <p class='ocr_par' dir='ltr' id='par_1_118' title="bbox 2241 5461 3796 5556">
     <span class='ocr_line' id='line_1_118' title="bbox 2241 5461 3796 5556; baseline -0.01 -19"><span class='ocrx_word' id='word_1_790' title='bbox 2241 5461 2651 5538; x_wconf 43' lang='lat' dir='ltr'>diffiniend—um</span> <span class='ocrx_word' id='word_1_791' title='bbox 2711 5461 2854 5536; x_wconf 9' lang='lat' dir='ltr'>sive,</span> <span class='ocrx_word' id='word_1_792' title='bbox 2890 5461 3128 5552; x_wconf 34' lang='lat' dir='ltr'>scrip—to,</span> <span class='ocrx_word' id='word_1_793' title='bbox 3159 5461 3288 5536; x_wconf 74' lang='lat' dir='ltr'>sive</span> <span class='ocrx_word' id='word_1_794' title='bbox 3342 5475 3506 5532; x_wconf 76' lang='lat' dir='ltr'>verbo</span> <span class='ocrx_word' id='word_1_795' title='bbox 3555 5461 3796 5556; x_wconf 61' lang='lat' dir='ltr'>termiltare</span> 
     </span>
    </p>
   </div>
   <div class='ocr_carea' id='block_1_119' title="bbox 2241 5557 3794 5643">
    <p class='ocr_par' dir='ltr' id='par_1_119' title="bbox 2241 5557 3794 5643">
     <span class='ocr_line' id='line_1_119' title="bbox 2241 5557 3794 5643; baseline -0.006 -17"><span class='ocrx_word' id='word_1_796' title='bbox 2241 5569 2585 5643; x_wconf 88' lang='lat' dir='ltr'>quidquam,</span> <span class='ocrx_word' id='word_1_797' title='bbox 2608 5568 2696 5624; x_wconf 88' lang='lat' dir='ltr'>vel</span> <span class='ocrx_word' id='word_1_798' title='bbox 2727 5566 3472 5642; x_wconf 40' lang='lat' dir='ltr'>deliberare‘pracepimus.</span> <span class='ocrx_word' id='word_1_799' title='bbox 3493 5563 3688 5615; x_wconf 65' lang='lat' dir='ltr'>messe</span> <span class='ocrx_word' id='word_1_800' title='bbox 3703 5557 3794 5617; x_wconf 66' lang='grc' dir='ltr'>ςυε</span> 
     </span>
    </p>
   </div>
  </div>
