4036 6132
200 293 363 372 1096

1418 286 1824 364 EPISTOLzE
1866 286 1968 350 ET
2011 285 2395 362 DECRETA.

3451 283 3606 352 1026

199 429 465 497 diximus
495 425 766 499 superius
795 442 831 481 a
855 423 1024 488 nobis
1058 425 1353 481 annotatis
1403 423 1734 490 sententiis,
1766 426 1850 478 te-
1881 426 1935 494 Α
1963 421 2222 478 immane
2251 418 2622 492 sacrilegium
2667 421 2896 490 gestum
2928 421 3040 486 est,
3071 416 3452 476 nihilominus
3503 422 3610 478 im-

196 516 599 580 atiﬁcantihus
628 513 1058 588 exemplaribus
1088 513 1351 585 ejusdem
1374 512 1628 585 epistola:
1644 517 1856 570 nostrae

200 606 309 663 ubi
341 623 448 663 nos
465 606 778 678 depravata.
790 605 1044 675 rejacent
1067 603 1288 658 affatim
1302 601 1856 658 edocentibus.Nam

198 697 254 754 si
300 713 408 750 nos
439 694 568 750 ideo
601 692 815 749 missos
856 697 1088 748 nostros
1119 691 1605 757 destinassemus,
1640 695 1705 745 ut
1737 690 1858 746 vice

199 790 406 842 nostra
427 782 848 856 lgnatiiessent
865 780 1079 852 negotii
1092 780 1857 852 judices,quemadmodum

196 891 304 931 vos
333 871 717 946 praetenditis,
750 871 850 943 qui
881 869 1222 926 latrocinale
1252 868 1396 924 illud
1429 868 1768 935 concilium,
1797 868 1856 922 in

199 980 322 1037 quo
356 961 620 1035 lgnatins
651 959 863 1032 deponi
893 963 1133 1031 putatus
1153 958 1556 1029 est,judicium
1588 963 1858 1012 nostrum

199 1051 532 1116 scribentes
560 1049 842 1106 asseritis.
862 1049 1008 1116 Ante
1037 1048 1219 1104 totius
1251 1047 1373 1104 litis
1406 1047 1746 1114 motionem,
1773 1049 1858 1101 at-

200 1156 320 1212 que
350 1143 486 1194 ante
514 1137 707 1194 omnis
738 1137 973 1193 initium
1006 1137 1413 1193 controversiae
1444 1137 1641 1192 sedem
1659 1135 1710 1192 ei
1733 1152 1861 1208 pro-

201 1228 395 1300 priam
429 1227 656 1283 restitui
687 1226 889 1299 procul
921 1227 1100 1282 dubio
1134 1225 1595 1292 censuissemus,
1624 1229 1689 1279 ut
1718 1223 1858 1297 legi,-

201 1316 348 1372 time
379 1315 660 1371 nimirum
695 1315 977 1388 reciperet
1016 1315 1172 1386 quod
1224 1313 1384 1370 nulla
1429 1312 1554 1386 lege
1605 1314 1861 1370 dictante

204 1403 563 1478 perdiderat,
597 1407 771 1475 atque
802 1421 904 1477 per
929 1401 1391 1464 ecclesiasticum
1439 1418 1720 1457 canonem
1772 1418 1862 1457 re-

205 1495 472 1548 sumeret
521 1492 675 1565 quod
718 1491 800 1545 illi
849 1493 1109 1564 potentia
1162 1489 1459 1546 saecularis
1516 1491 1858 1547 ademerat:

207 1586 504 1654 quatenus
557 1579 640 1636 sic
683 1580 894 1636 deinde
932 1581 1168 1653 propria
1198 1581 1355 1646 sede,
1389 1597 1615 1636 necnon
1647 1584 1703 1634 et
1733 1596 1863 1634 om-

208 1670 387 1732 nibus
448 1669 572 1724 suis
633 1673 765 1725 ante
825 1669 1090 1742 receptis,
1149 1670 1490 1741 viribusque
1548 1667 1866 1740 resumptis

208 1758 519 1814 restitutus
537 1759 664 1828 jam
696 1762 752 1813 et
782 1762 1066 1826 armatus,
1101 1775 1235 1812 cum
1268 1756 1711 1813 accusatoribus
1742 1755 1864 1811 suis

207 1846 550 1902 certaminis
605 1863 902 1918 campum,
950 1852 1008 1902 et
1056 1846 1227 1918 litigii
1280 1845 1619 1901 conﬂictum
1675 1847 1864 1918 potest

208 1934 486 2005 arripere.
522 1934 684 1999 Quod
717 1951 850 1988 cum
883 1934 940 1989 in
975 1935 1291 1990 mundanis
1337 1933 1588 2006 negotiis
1635 1933 1865 2005 legibus

209 2021 330 2079 tuis
380 2020 504 2076 fieri
552 2038 817 2090 censeas,
849 2021 1166 2094 imperator
1213 2021 1400 2076 multo
1451 2021 1639 2095 magis
1691 2026 1756 2076 ut
1806 2022 1864 2076 in

211 2109 626 2166 ecclesiasticis
656 2114 832 2182 atque
863 2110 1076 2166 divinis
1108 2111 1512 2166 observaretur
1548 2112 1733 2181 pietas
1766 2115 1867 2166 tua

213 2197 422 2254 debuit
452 2198 784 2270 praevidere.

290 2287 401 2344 Sed
433 2287 553 2344 haec
584 2303 691 2344 nos
722 2303 791 2342 ex
823 2287 1150 2344 innumeris
1183 2287 1378 2344 studio
1405 2288 1663 2343 veritatis
1688 2287 1865 2344 defal-

216 2379 358 2431 satae
389 2379 724 2432 memoratas
757 2377 1019 2431 crebrius
1050 2375 1308 2448 epistolae
1358 2381 1569 2432 nostrae
1614 2377 1870 2432 dilectio-

215 2464 394 2520 nibus
441 2464 785 2520 summatim
836 2463 1099 2538 tetigisse
1149 2463 1420 2521 sufficiat.
1473 2465 1688 2520 Caetero
1735 2482 1867 2522 vero

217 2553 367 2625 (qua
402 2556 739 2625 supersunt)
774 2566 875 2624 per
907 2551 1128 2624 legatos
1169 2558 1424 2620 nostros,
1457 2570 1604 2624 quos
1653 2554 1725 2608 ad
1776 2554 1868 2608 di-

213 2641 440 2704 vinitus
463 2645 789 2714 protectum
825 2641 1138 2712 imperium
1170 2645 1337 2696 tuum
1362 2657 1492 2697 ecce
1526 2641 1870 2714 direximus,

213 2729 499 2802 inspectis
529 2729 899 2786 immutilatis
932 2729 1385 2802 exemplaribus,
1413 2747 1539 2804 quae
1572 2730 1689 2786 illis
1718 2736 1874 2787 tran-

214 2818 492 2891 quillitati
520 2822 636 2874 ture
665 2819 1125 2874 demonstranda
1141 2819 1686 2886 tradidimus,facile
1709 2825 1873 2892 potes

215 2923 552 2980 agnoscere.
587 2907 975 2970 Quamobrem
1007 2912 1063 2963 et
1097 2925 1204 2964 nos
1236 2925 1469 2981 quoque
1501 2909 1871 2965 dilectionem

216 3002 380 3053 tuam
413 3001 654 3068 paterno
686 2997 1011 3054 salutantes
1044 2998 1252 3053 affectu
1285 2999 1752 3071 deprecamur,et
1773 3016 1874 3071 per

219 3085 430 3153 Deum,
464 3086 523 3140 in
556 3087 725 3158 cujus
756 3103 936 3142 manu
977 3088 1153 3142 corda
1201 3093 1339 3142 sunt
1387 3104 1612 3160 regum,
1647 3088 1874 3144 enixius

1897 1797 1942 1860 Β

1965 527 2171 569 mensa
2200 509 2587 565 admiratione
2617 508 2908 575 ducimur,
2933 513 2989 566 et
3021 509 3161 578 quia
3180 511 3408 564 tantum
3433 510 3611 582 impe-

1966 599 2119 654 rium
2150 598 2294 655 illud
2331 598 2539 669 potuit,
2564 601 2619 653 et
2648 600 2874 654 tantam
2907 597 3172 654 fraudem
3204 598 3456 670 perferre
3477 602 3613 670 jure

1966 688 2251 743 dolemus.
2285 686 2546 758 Denique
2577 685 2949 758 sacrilegium
2984 703 3098 742 non
3128 683 3612 744 immerito'com-

1968 776 2200 834 misisse
2230 776 2515 832 dicendus
2545 779 2652 841 est,
2688 774 2787 847 qui
2810 773 3026 846 scripta
3060 775 3294 846 pietatis
3326 775 3611 844 fidelium,

1967 869 2141 936 atque
2173 864 2250 936 pii
2277 864 2558 936 principis
2591 863 2810 919 notioni
2843 862 2930 918 vel
2981 864 3274 930 subducit,
3301 863 3388 919 vel
3436 883 3470 919 a
3519 866 3611 920 sui

1966 954 2204 1009 veritate
2218 954 2570 1009 submovens
2582 953 2907 1008 velamento
2927 952 3353 1025 prastigiorum
3370 971 3611 1010 suorum

1968 1042 2725 1100 obnubilat.Verumtarr.en
2757 1058 2863 1096 nos
2896 1042 3429 1114 quomodocunque
3461 1042 3616 1102 falsi-

1969 1132 2096 1198 tati,
2130 1131 2216 1186 vel
2248 1130 2648 1203 depravationi
2680 1131 2882 1185 eadem
2916 1130 2995 1184 sit
3024 1128 3274 1202 epistola
3296 1130 3614 1196 submissa,

1969 1225 2165 1294 grates
2191 1220 2533 1276 innumeras
2561 1219 2792 1292 agimus
2823 1219 3134 1289 Deo,cujus
3159 1219 3541 1290 inspiratione
3561 1223 3619 1276 et

1970 1308 2166 1365 fidelia
2195 1310 2322 1380 ejus
2372 1307 2724 1379 exemplaria
2770 1323 2948 1379 penes
2994 1325 3099 1363 nos
3149 1308 3518 1376 retinuimus,
3563 1311 3620 1364 et

1971 1399 2143 1469 cujus
2191 1397 2482 1470 permissu
2526 1398 2626 1468 qui
2676 1396 2796 1451 haec
2844 1395 2932 1451 vel
2975 1396 3373 1452 authenticam
3427 1397 3617 1468 ipsam

1972 1487 2258 1558 scripsere
2287 1503 2595 1559 superesse
2623 1490 2966 1542 noscuntur.

2045 1577 2160 1632 Nos
2204 1581 2400 1631 autem
2451 1575 2660 1647 Ignatii
2714 1575 2909 1631 fratris
2959 1578 3015 1630 et
3062 1575 3387 1648 coepiscopi
3435 1574 3619 1631 nostri

1974 1664 2282 1736 privationi
2314 1681 2665 1736 quocunque
2695 1663 3055 1734 discrimine,
3084 1665 3427 1736 priusquam
3459 1682 3493 1719 a
3523 1681 3622 1720 nov

1974 1754 2066 1808 bis
2097 1752 2426 1825 specialiter
2455 1754 2525 1808 ad
2566 1751 2930 1809 iterationem
2975 1754 3104 1824 ejus
3135 1754 3491 1825 perducatur
3523 1771 3621 1809 ne—

1975 1841 2220 1915 gotium,
2255 1841 2395 1913 quia
2426 1858 2531 1898 nec
2574 1841 2856 1898 hactenus
2903 1841 3312 1902 consensimus
3355 1841 3623 1914 aliquan-

1974 1931 2067 1998 do,
2105 1931 2219 1986 Deo
2271 1948 2376 1986 nos
2424 1929 2827 1997 conﬁrmante,
2862 1929 3024 1984 nullo
3077 1931 3251 1986 modo
3297 1931 3623 1987 consentie~

1974 2037 2130 2075 IDUS.

2047 2109 2260 2164 Verum
2293 2126 2407 2164 non
2441 2107 2940 2179 itajustiﬁcamus
2969 2124 3126 2172 eum,
3161 2112 3228 2162 ut
3276 2108 3423 2164 nihil
3469 2109 3624 2170 hunc

1977 2197 2426 2270 reprehensione
2456 2196 2700 2270 dignum
2735 2197 3046 2252 admisisse
3076 2197 3486 2270 dicamus,pro
3507 2215 3622 2270 quo

1977 2288 2224 2342 fortasse
2256 2286 2462 2342 merito
2495 2290 2739 2358 poterat,
2762 2285 3020 2357 legitima
3051 2285 3416 2342 discussione
3448 2287 3622 2353 facta,

1978 2376 2278 2450 quodlibet
2310 2375 2603 2430 canonica;
2625 2373 2894 2445 jaculum
2945 2374 3065 2446 pati
3115 2376 3453 2430 sententiae:
3490 2393 3624 2438 cum

1979 2465 2090 2524 seri
2102 2470 2263 2537 ptum
2284 2465 2343 2518 in
2357 2462 2689 2535 apostolicis
2706 2462 2914 2518 litteris
2935 2479 3039 2518 con
3051 2464 3622 2528 fiteamur,dicentes:

1977 2557 2041 2612 In
2068 2556 2259 2610 multis
2287 2553 2614 2624 offendimus
2643 2569 2824 2608 omnes
2853 2556 2992 2620 (Jac.
3029 2556 3152 2622 iu);
3187 2557 3244 2608 et
3281 2571 3486 2610 rursus
3521 2572 3532 2609 :
3566 2553 3630 2610 Si

1978 2644 2284 2700 dixerimus
2330 2644 2461 2714 quia
2507 2649 2788 2714 peccatum
2840 2658 2952 2696 non
2999 2643 3278 2710 habemus,
3333 2659 3430 2699 nos
3489 2644 3627 2715 ipso:

1979 2733 2308 2800 seducimus,
2342 2741 2392 2788 et
2421 2733 2618 2787 veritas
2650 2733 2708 2787 in
2737 2729 2892 2785 nobis
2920 2747 3032 2786 non
3058 2739 3138 2786 est
3164 2734 3214 2799 (I
3241 2732 3397 2786 Joan.
3426 2733 3491 2802 n);
3524 2733 3627 2788 sed

1981 2822 2062 2878 ita
2085 2821 2437 2888 volumus,et
2457 2819 3103 2874 itadecernimusistius
3115 2819 3272 2873 modi
3292 2820 3626 2890 pontiﬁcem

1982 2911 2161 2983 digna
2190 2927 2294 2982 pro
2328 2909 2494 2964 factis
2524 2907 2798 2978 recipere,
2835 2912 2901 2962 ut
2933 2907 3290 2962 sacerdotale
3317 2908 3494 2962 decus
3527 2923 3626 2979 pe.

1983 3000 2141 3054 nitus
2173 3015 2287 3053 non
2319 2996 2577 3062 vilescat,
2610 3012 2714 3051 nec
2744 3000 2865 3050 tam
2897 2995 3063 3051 facile
3096 2995 3448 3067 pontificalis
3481 3012 3628 3068 apex

1982 3093 2134 3144 terra
2165 3094 2333 3143 tenus
2365 3086 2718 3140 incurvetur.
2755 3084 2857 3152 Ita,
2882 3084 3516 3156 inquam,volumus.et
3545 3085 3628 3140 ita

222 3175 728 3241 obsecramus,’ut
769 3175 1036 3231 eamdem
1089 3175 1279 3248 ipsam
1331 3176 1660 3253 epistolam,
1695 3195 1873 3250 quam
1906 3164 1947 3230 C
1981 3173 3628 3245 decernimushunc,imoquemcunquepontiﬁcemjustae

223 3261 425 3336 gloria
457 3266 569 3318 tuae
601 3279 704 3334 per
730 3263 900 3337 longe
921 3265 1192 3336 superius
1209 3271 1565 3322 memoratos
1588 3265 1876 3323 Rhadoal-

225 3354 374 3408 dum
405 3356 464 3414 et
491 3351 828 3408 Zachariam
852 3353 1242 3422 misimus,bis
1272 3355 1660 3425 priesentibus
1682 3355 1879 3412 missis

228 3441 450 3499 nostris
483 3445 990 3514 monstare,atque
1021 3443 1094 3498 ad
1122 3441 1490 3498 collationem
1523 3460 1655 3499 cum
1685 3461 1878 3499 exem-

229 3531 517 3602 plaribus,
552 3548 678 3602 qua:
710 3531 795 3586 eis
825 3531 1115 3600 dedimus,
1150 3532 1476 3588 faciendam
1509 3549 1671 3588 mora
1713 3533 1876 3588 sufﬁ-

227 3619 416 3676 ciente
449 3621 891 3676 accommodare
939 3620 1198 3694 digneris
1232 3639 1244 3676 :
1279 3625 1570 3693 quatenus
1619 3639 1721 3694 per
1771 3622 1878 3678 hoc

227 3709 379 3766 scire
407 3708 866 3776 valeant,utrum
901 3709 982 3764 sic
1011 3710 1213 3766 eadem
1246 3711 1569 3782 epistolain
1583 3729 1879 3784 suapenes

224 3813 330 3853 vos
379 3798 709 3870 integritate
761 3802 1011 3864 maneat,
1040 3799 1537 3870 quemadmodum
1578 3803 1881 3856 exstiterat

227 3903 262 3941 a
294 3885 466 3942 nobis
495 3891 608 3941 tuae
657 3886 1008 3943 sublimitati
1058 3888 1322 3942 directa:
1371 3905 1444 3944 an
1497 3907 1530 3943 a
1579 3905 1877 3962 quoquam

225 3974 405 4029 fuerit
436 3977 812 4046 postmodum
844 3977 915 4031 ad
950 3977 1220 4049 superius
1251 3980 1559 4032 annotatas
1601 3979 1877 4050 deprava-

226 4064 420 4119 tiones
451 4065 750 4138 perducta.

295 4153 367 4208 Et
397 4151 690 4225 siquidem
719 4171 823 4226 per
852 4159 1174 4211 vestratum
1197 4153 1454 4228 aliquem
1468 4158 1697 4210 tantum
1717 4156 1878 4211 nefas

224 4245 524 4313 patratum
556 4248 662 4298 est:
681 4242 958 4316 quoniam
991 4245 1144 4316 apud
1164 4243 1580 4313 Graecos(sicut
1596 4243 1880 4300 nonnulla

225 4331 442 4399 diversi
474 4333 754 4404 temporis
804 4332 1027 4406 scripta
1074 4336 1386 4402 testantur)
1436 4332 1741 4390 familiaris
1789 4337 1880 4391 est

223 4418 342 4486 ista
372 4421 672 4477 temeritas
698 4441 709 4477 :
736 4422 1041 4490 miramur,
1067 4428 1124 4478 et
1156 4422 1346 4478 modis
1380 4423 1655 4478 omnibus
1676 4423 1878 4479 obstu-

1989 3267 2157 3322 subdi
2191 3263 2582 3330 sententiae,ut
2614 3279 2726 3317 non
2741 3279 2773 3317 a
2786 3261 3165 3318 saecularibus
3179 3261 3630 3332 quibuscunque

1979 3356 2300 3427 judicetur,
2332 3370 2447 3408 non
2478 3352 2779 3424 tyrannica
2811 3349 3190 3422 propellatur,
3214 3367 3328 3404 non
3359 3353 3494 3405 ante
3525 3367 3628 3406 au-

1987 3444 2266 3499 dientiam
2296 3442 2539 3498 ecclesia
2569 3458 2676 3497 sua
2705 3440 2979 3513 privetur,
2995 3456 3111 3494 non
3142 3440 3214 3494 ab
3235 3438 3626 3508 inferioribus,

1989 3534 2088 3590 sed
2120 3551 2153 3588 a
2184 3531 2424 3603 majoris
2454 3530 2816 3588 auctoritatis
2848 3527 3113 3601 personis
3136 3527 3272 3582 recti
3287 3527 3633 3583 calculisen-

1986 3623 2231 3678 tentiam
2276 3624 2686 3691 consequatur.
2725 3620 2810 3673 lta
2839 3617 3088 3690 denique
3117 3616 3407 3684 volumus,
3445 3621 3503 3672 et
3551 3618 3633 3673 ita

1988 3710 2359 3768 decernimus
2412 3710 2605 3776 istius,
2639 3709 2757 3762 imo
2789 3724 2921 3762 vero
2969 3711 3314 3761 cunctorum
3363 3707 3634 3763 sacerdo.

1987 3809 2112 3859 tum
2164 3817 2372 3857 causas
2418 3797 2770 3861 examinare,
2813 3796 3045 3868 culpam
3097 3812 3264 3851 suam
3314 3795 3520 3867 punire
3567 3800 3634 3852 ut

1987 3897 2258 3965 paternos
2287 3887 2569 3944 terminos
2602 3903 2717 3942 non
2743 3885 3265 3957 transgrediamur,
3299 3901 3495 3940 sacros
3536 3902 3632 3941 ca-

1988 3997 2170 4037 nones
2203 3995 2318 4034 non
2353 3975 2784 4042 conculcemus,
2818 3991 2922 4029 nec
2952 3973 3264 4029 decretalis
3293 3973 3448 4029 sedis
3498 3990 3633 4045 apo-

1987 4068 2202 4126 stolica
2252 4065 2592 4132 constituta,
2627 4063 2841 4135 quibus
2890 4061 3150 4117 Ecclesia
3201 4065 3323 4116 tota
3373 4060 3629 4130 fulcitur,

1987 4162 2160 4229 atque
2183 4155 2465 4220 munitur,
2491 4151 2901 4224 quoquomodo
2931 4151 3238 4208 violemus.

2057 4247 2140 4302 Ad
2190 4249 2513 4300 extremum
2564 4241 2645 4296 ita
2689 4240 2982 4307 volumus,
3015 4245 3073 4296 et
3119 4241 3199 4296 ita
3237 4238 3630 4308 decernimus,

1986 4333 2321 4408 pontificem
2353 4330 2777 4404 qualiscunque
2807 4329 2904 4398 sit,
2927 4328 3185 4401 judicari
3213 4345 3225 4383 :
3260 4334 3326 4384 ut
3353 4327 3630 4395 ecclesia),

1987 4424 2078 4480 cui
2110 4426 2336 4494 praeest,
2361 4421 2501 4491 jura
2547 4418 2710 4475 nulla
2752 4417 3102 4485 temeritate,
3137 4417 3298 4473 nulla
3344 4434 3633 4489 praesum-

223 4509 546 4584 pescimus,
581 4509 631 4566 si
660 4512 858 4583 regius
889 4511 1239 4568 excellentiae
1271 4516 1382 4566 tua:
1414 4512 1620 4580 honor,
1653 4513 1754 4584 qui
1776 4514 1874 4584 ju-
1907 4533 1955 4597 D
1987 4512 2183 4586 ptione
2214 4507 2840 4597 frangantur.iNullum
2871 4506 3086 4597 quippe
3118 4506 3342 4597 poterit
3356 4504 3633 4597 Ecclesiae

225 4598 450 4664 dicium
469 4598 760 4671 diligit,ad
775 4605 1004 4656 tantum
1019 4601 1274 4672 potuerit
1295 4602 1546 4657 dedecus
1564 4600 1873 4666 incurvari,

223 4704 362 4743 cum
395 4688 467 4744 ad
501 4687 608 4744 hoc
639 4689 829 4761 magis
861 4689 1140 4744 divinitus
1172 4689 1478 4746 ordinatus
1500 4691 1878 4763 sit,utdepra—

221 4780 356 4832 vata
388 4776 658 4849 corrigat,
686 4781 743 4834 et
774 4777 985 4834 falsata
1015 4778 1274 4850 pristinae
1306 4779 1566 4835 veritatis
1588 4778 1876 4836 honestati

226 4865 657 4932 restituat;aut
686 4866 842 4922 enim
883 4869 1054 4940 justa
1094 4870 1330 4924 fuerunt
1374 4885 1502 4940 quae
1550 4868 1874 4938 missimus,

227 4953 430 5027 sicque
460 4961 887 5028 consequenter
916 4957 1171 5030 oportuit
1190 4975 1257 5013 ea
1288 4957 1631 5025 servari,aut
1653 4958 1703 5013 si
1717 4959 1881 5030 justa

227 5047 436 5114 putata
466 5060 580 5099 non
611 5045 840 5113 sunt,in
875 5063 989 5119 quo
1007 5047 1171 5118 justa
1201 5064 1317 5102 non
1350 5047 1585 5116 fuerint,
1603 5063 1704 5119 per
1723 5047 1880 5102 aliud

229 5130 440 5188 saltem
467 5133 752 5205 scriptum
774 5135 982 5208 exponi
1014 5135 1100 5191 vel
1135 5137 1304 5192 nobis
1333 5135 1551 5201 referri,
1577 5140 1633 5192 et
1650 5153 1883 5192 summa

231 5221 458 5276 ratione
487 5223 817 5280 debuerunt
845 5228 1112 5296 patenter
1142 5226 1392 5282 ostendi.
1411 5225 1473 5280 In
1505 5225 1666 5281 nullo
1687 5229 1882 5282 tamen

231 5309 445 5365 horum
476 5313 734 5383 Oportuit
766 5330 835 5370 ea
862 5313 950 5371 vel
976 5313 1229 5371 ecclesiae
1262 5331 1387 5386 quae
1419 5315 1573 5386 apud
1621 5332 1724 5371 vos
1773 5319 1880 5381 est,

232 5399 565 5472 cognitione
593 5403 928 5474 privari,vel
953 5403 1150 5478 aliqua
1181 5403 1452 5461 falsitatis
1475 5404 1884 5476 depravatione

230 5488 518 5546 fraudari.

304 5577 481 5639 Porro
513 5581 563 5639 si
593 5587 705 5642 tuae
728 5584 1201 5644 mansuetudinis
1212 5585 1538 5661 postposita
1559 5583 1882 5644 notitiahoc

1978 4604 2080 4675 jus
2111 4602 2356 4673 dignum
2389 4596 2625 4663 servari,
2661 4595 2707 4652 si
2739 4595 2949 4667 praesul
2990 4596 3117 4666 ejus
3167 4611 3201 4649 a
3247 4593 3631 4666 quibuslibet,

1985 4690 2072 4747 vel
2105 4687 2612 4762 quandolibet,aut
2641 4684 3633 4756 quomodolibetimpetratur,etpro

1987 4779 2152 4836 libito
2200 4779 2604 4848 cujuscunque
2634 4778 2797 4828 tanta
2839 4772 3116 4828 facilitate
3164 4772 3435 4844 pellatur.
3470 4773 3634 4839 Quod

1989 4887 2122 4925 cum
2154 4869 2236 4922 ita
2267 4867 2485 4932 sit,non
2516 4879 2834 4936 possumus
2857 4861 3090 4917 interim
3111 4863 3346 4917 fratrem
3366 4866 3634 4918 nostrum

1989 4957 2302 5031 Ignatium,
2336 4953 2762 5027 qualiscunque
2792 4951 3019 5017 sit,non
3052 4951 3203 5006 inter
3230 4951 3635 5008 sanctissimos

1990 5050 2046 5102 et
2076 5043 2448 5100 beatissimos
2479 5038 2840 5112 patriarchas
2882 5055 3322 5094 connumerare.
3359 5037 3467 5104 Qui
3501 5037 3637 5093 licet

1993 5135 2146 5207 apud
2179 5150 2280 5188 vos
2311 5131 2389 5187 sit
2419 5135 2504 5186 tot
2530 5127 2878 5201 opprobriis,
2909 5132 2993 5182 tot
3023 5127 3527 5199 persecutionibus
3560 5127 3637 5180 fa-

1991 5225 2270 5296 tigatus,a
2300 5220 2468 5276 nobis
2490 5224 2686 5273 tamen
2717 5215 2948 5272 nonnisi
2975 5216 3212 5288 qualisa
3227 5215 3634 5273 decessoribus

1981 5313 2139 5369 'meis
2169 5311 2436 5376 habetur,
2473 5307 2729 5364 creditur
2758 5310 2814 5363 et
2842 5310 3151 5363 veneratur
3177 5324 3191 5373 ;
3225 5304 3388 5361 nullo
3419 5303 3634 5374 quippe

1992 5406 2192 5458 nostro
2224 5397 2486 5456 examine
2517 5397 2768 5468 alicujus
2805 5395 3070 5452 criminis
3122 5411 3277 5459 reus,
3312 5391 3470 5448 nullo
3523 5394 3632 5460 est,

1991 5495 2192 5550 nostro
2223 5486 2455 5562 speciali
2483 5485 2706 5558 judicio
2751 5491 3015 5558 repertus
3063 5483 3348 5541 obnoxius
3381 5497 3394 5534 :
3427 5497 3494 5537 ac
3532 5497 3638 5553 per

1991 5582 2101 5642 hoc
2126 5581 2284 5660 (cum
2313 5576 2478 5638 nulla
2506 5580 2617 5651 est)
2647 5575 2812 5636 nulla
2837 5574 3125 5636 sententia
3154 5570 3634 5636 condemnandus
