4058 6174
532 266 687 331 1021

1899 259 2211 326 NICOLAI
2259 261 2483 324 PAPE
2522 260 2572 324 Ι.

3726 267 3844 333 1οΞ8

531 405 633 456 aut
655 398 889 455 anostri
905 396 1511 470 Ecclesiaequenostrae
1524 396 1936 453 communione
1949 394 2177 468 collegii
2204 394 2260 463 Α
2284 395 2591 451 videamus
2623 409 2873 467 quorum
2896 390 3124 465 judicio
3156 391 3240 449 vel
3288 409 3528 465 quorum
3568 397 3842 457 auctoritate

532 489 1107 562 mquestrandus,aut
1133 485 1449 560 aliquibus,
1481 486 1594 542 nisi
1616 485 2059 542 honorabilibus
2078 502 2176 540 vo-

533 576 759 651 cabulis
790 576 1194 649 appellandus.
1226 575 1336 633 Sed
1368 593 1474 632 nec
1502 575 1563 630 in
1599 575 1786 631 Photii
1837 573 2178 631 sacerdotali

531 666 1170 739 provectu,pra:stando
1199 665 1393 722 favore
1420 665 1481 720 in
1508 669 1641 720 vota
1669 662 2179 720 condescensionis

532 760 745 812 nostra
758 755 928 810 modo
940 752 1718 826 quolibetinclinabimus.(l)
1735 752 1880 825 Ergo
1891 758 2018 807 tran
2027 750 2177 823 quil-

531 844 667 900 litas
696 849 797 900 tua
827 844 1154 899 litterarum
1185 842 1392 899 saltem
1423 860 1582 900 nunc
1627 847 1822 899 tenere
1866 843 2180 913 cognoscat

532 934 733 990 sedem
765 932 918 987 beati
952 931 1100 988 Petri
1134 930 1381 1004 apostoli
1407 930 1464 985 in
1498 931 1787 1004 ncophyto
1825 934 1882 987 et
1928 928 2173 995 mcecho,

529 1026 586 1078 et
616 1020 1399 1093 Constontinopolitanorum
1428 1020 1697 1076 Ecclesiae
1726 1020 1991 1075 invasore
2035 1018 2178 1073 Pho-

527 1110 775 1179 tio,olim
800 1112 1079 1183 justeque
1110 1111 1481 1177 damnato,ac
1513 1108 1901 1165 nihilominus
1932 1123 2179 1180 prasen-

529 1200 606 1257 lia
654 1199 919 1274 synodali
968 1215 1154 1271 nuper
1196 1197 1358 1265 eliso,
1388 1196 1820 1253 communionis
1849 1212 2174 1269 nunquam,

527 1289 643 1346 nisi
671 1307 705 1345 a
730 1287 1201 1361 prmvaricatione
1250 1285 1581 1355 cessaverit,
1615 1285 1993 1359 praebituram
2047 1301 2177 1341 esse

527 1394 903 1435 consensum.

597 1466 725 1535 Qui,
756 1470 820 1521 ut
850 1469 1055 1521 caetera
1086 1482 1242 1519 nunc
1273 1462 1634 1531 omittamus,
1668 1481 1703 1519 a
1748 1462 2021 1536 Gregorio
2069 1462 2173 1535 Sy-

528 1571 814 1611 racusano
864 1553 951 1610 vel
1002 1552 1225 1609 caeteris
1284 1553 1624 1609 schismatis
1674 1552 2000 1618 institutus,
2054 1550 2171 1607 imo

525 1645 881 1709 destructus,
905 1645 1105 1698 contra
1134 1658 1305 1698 omne
1338 1643 1423 1698 las
1455 1642 1693 1698 alterius
1723 1641 2032 1714 praisidere
2055 1658 2171 1696 non

524 1736 717 1830 potest
744 1731 1033 1830 Ecclesiae.
1066 1730 1211 1786 Nam
1242 1731 1448 1830 merito
1489 1732 1822 1830 destructus
1870 1746 2001 1830 esse
2049 1746 2171 1830 ere:
2202 1765 2248 1830 B

525 1821 704 1889 ditur,
740 1820 842 1893 qui
871 1838 904 1875 a
943 1820 1244 1876 destructo
1292 1819 1565 1875 aediﬁcari
1615 1836 1878 1893 sperans,
1913 1819 2087 1875 etiam
2119 1819 2169 1874 si

525 1926 642 1981 qua
687 1908 803 1965 alia
850 1909 1006 1965 bona
1054 1907 1323 1964 fortassis
1370 1907 1598 1976 habuit,
1644 1907 1839 1962 nimia:
1887 1923 2167 1979 praesum-

521 1998 738 2070 ptionis
767 1999 894 2070 ejus
924 1996 1240 2053 temeritati
1271 1995 2166 2068 communicans,pcrdidit.Nam

520 2086 834 2160 Gregorius
866 2085 1159 2158 quomodo
1191 2102 1548 2157 quemquam
1589 2085 1875 2141 azdiﬁcare
1921 2089 2164 2156 poterat,

518 2175 620 2248 qui
653 2174 1059 2248 multipliciter
1080 2175 1207 2246 jam
1240 2174 1594 2229 noscebatur
1623 2172 1845 2230 elisus?
1866 2174 2165 2240 Quomodo

518 2281 878 2337 quemquam
919 2264 978 2319 in
1029 2263 1224 2336 aliquo
1255 2261 1646 2318 ecclesiastico
1693 2266 1921 2334 poterat
1965 2262 2165 2317 ordine

518 2352 798 2417 stabilire,
832 2353 932 2424 qui
962 2351 1231 2407 Ecclesiae
1266 2351 1552 2406 unitatem
1583 2351 1875 2418 scindens,
1900 2350 2024 2423 ipse
2037 2352 2162 2422 jam

517 2440 825 2497 videbatur
852 2440 1092 2496 omnino
1125 2439 1422 2509 dejectus?
1451 2439 1616 2496 Sicut
1654 2440 1809 2495 enim
1855 2438 2069 2512 ligatus
2100 2439 2165 2494 li-

518 2545 676 2602 gare,
710 2533 767 2584 et
813 2529 1072 2599 dejectus
1121 2528 1370 2598 dejicere
1418 2545 1534 2583 non
1585 2528 1795 2600 potuit,
1829 2527 1911 2583 sic
1941 2529 2164 2583 destru-

517 2622 647 2673 ctus
673 2620 1030 2682 construere,
1064 2621 1120 2672 et
1149 2615 1330 2672 elisus
1358 2633 1713 2689 quemquam
1755 2616 2021 2672 ordinare
2061 2633 2160 2672 ne-

517 2705 719 2779 quivit.
754 2710 819 2761 In
851 2722 1086 2761 summo
1130 2705 1345 2777 quippe
1389 2708 1579 2761 status
1626 2704 1719 2762 sui
1751 2710 1979 2778 oportet
2024 2722 2159 2762 eum

513 2795 709 2869 vigore
738 2793 1074 2861 consistere,
1110 2799 1165 2850 et
1195 2794 1382 2851 ﬁrmis
1426 2794 1577 2849 imiti
1608 2812 1711 2867 per
1753 2795 1951 2851 omnia
1997 2795 2160 2851 basi-

512 2883 646 2955 bus,
681 2884 781 2957 qui
831 2882 1080 2939 alterum
1130 2882 1218 2940 vel
1268 2888 1569 2956 prosterne
1610 2883 1698 2940 vel
1748 2888 1991 2941 conatur
2039 2889 2159 2941 sta-

514 2977 697 3029 tuere.

2288 484 2599 556 Gregorius
2630 487 2762 557 post
2781 481 3203 555 depositionem
3229 486 3288 537 et
3311 482 3840 551 anathema,honorem

2288 574 2658 645 episcopatus
2688 572 2884 645 praesit
2900 571 3315 644 [praesumpsit]
3325 571 3428 638 ,vel
3452 572 3684 628 ofﬁcium
3702 576 3841 646 pristi-

2288 680 2430 718 num
2462 661 2696 735 recepit.
2730 662 2945 717 Omnes
2974 659 3129 716 enim
3166 659 3336 715 illum
3383 665 3438 716 et
3466 661 3752 734 depositum
3774 681 3840 720 no-

2287 757 2427 807 runt
2453 756 2508 807 et
2538 750 2927 807 anathematis
2954 749 3202 806 vinculis
3232 749 3547 823 obligatum
3573 768 3634 806 ac
3668 768 3750 823 per
3768 752 3839 809 hoc

2287 842 2468 898 totius
2494 839 2761 897 Ecclesiae
2809 839 3221 895 communione
3265 837 3566 911 privatum.
3600 839 3711 895 Jam
3750 858 3838 896 vero

2286 930 2331 986 si
2366 929 2627 986 dixeritis
2659 929 2798 1002 quia
2824 928 2949 1001 ipse
2979 927 3091 983 sibi
3120 928 3429 1000 Gregorius
3456 933 3511 983 et
3526 928 3762 984 honorem
3785 947 3838 985 re

2285 1020 2560 1093 sumpsit,
2592 1023 2649 1074 et
2677 1017 2992 1090 pristinum
3017 1015 3277 1073 ofﬁcium
3308 1016 3535 1089 recepit,
3558 1016 3726 1073 audite
3742 1019 3835 1090 quid

2282 1108 2598 1182 Apostolus
2626 1106 2782 1163 dicat
2813 1123 2825 1161 :
2860 1110 2971 1162 Nec
2996 1107 3290 1178 quisquam
3317 1114 3495 1161 sumat
3509 1108 3610 1161 sibi
3633 1107 3836 1171 honorem,

2282 1198 2375 1255 sed
2405 1200 2502 1271 qui
2532 1204 2753 1254 vocatur
2775 1213 2809 1251 α
2841 1199 2950 1252 Deo
2981 1204 3246 1267 tanquam
3275 1196 3461 1250 'Aaron
3490 1212 3507 1248 :
3534 1194 3616 1250 sed
3655 1203 3696 1249 et
3730 1194 3834 1250 Chri-

2282 1297 2399 1346 stus
2436 1303 2547 1343 non
2588 1286 2938 1358 semetipsum
2982 1284 3329 1355 clariﬁcavit,
3379 1292 3440 1339 ut
3475 1285 3698 1354 pontifex
3733 1285 3834 1354 [itm
3944 1342 3945 1355 χ

2284 1377 2464 1450 (Hebr.
2488 1378 2567 1446 v).
2611 1375 2721 1432 Sed
2773 1378 2831 1429 et
2877 1372 3238 1429 venerabiles
3284 1370 3615 1427 Antiocheni
3656 1387 3834 1428 canones
3944 1400 3945 1447 ἶ

2281 1464 2631 1541 praecipiunt
2657 1481 2671 1520 :
2706 1464 2767 1520 Si
2797 1463 2934 1536 quis
2962 1460 3273 1534 episcopus
3296 1461 3597 1516 damnatus
3615 1478 3645 1516 a
3661 1462 3830 1533 synodo,

2280 1554 2368 1610 vel
2400 1554 2719 1628 presbyter,
2754 1556 2854 1608 aut
2902 1551 3184 1607 diaconus
3233 1567 3267 1606 a
3309 1567 3414 1606 suo
3465 1550 3718 1622 episcopo,
3748 1550 3831 1604 ausi

2282 1644 2499 1699 fuerint
2528 1642 2765 1715 aliquod
2803 1641 2876 1698 de
2923 1657 3087 1697 sacro
3138 1638 3463 1696 ministerio
3502 1638 3655 1710 juxta
3687 1654 3830 1710 prace-

2279 1733 2513 1788 dentem
2552 1730 3035 1788 consuetudinem
3077 1728 3435 1802 contingere,
3466 1727 3578 1783 sive
3605 1727 3831 1800 episcopus

2279 1823 2375 1888 sit,
2410 1821 2528 1876 sive
2560 1819 2862 1893 presbyter
2892 1821 2996 1875 aut
3022 1817 3330 1884 diaconus,
3365 1814 3518 1872 nullo
3548 1817 3694 1871 modo
3716 1814 3829 1870 liceat

2278 1909 2328 1967 ei
2361 1926 2465 1965 nec
2496 1909 2555 1964 in
2589 1906 2706 1963 alia
2733 1907 2956 1980 synodo
2988 1904 3381 1963 restitutionis
3413 1920 3568 1978 spem
3589 1906 3675 1959 aut
3696 1902 3826 1958 locum

2277 1998 2490 2054 habere
2503 1995 3052 2054 satisfactioniszsed
3065 1998 3124 2050 et
3136 1993 3678 2051 excommunicantes
3688 2006 3825 2047 omnes

2276 2087 2450 2159 abjici
2482 2087 2553 2142 de
2584 2084 2858 2152 Ecclesia,
2890 2088 2949 2140 et
2979 2083 3234 2140 maxime
3263 2083 3315 2139 si
3358 2086 3702 2156 posteaquam
3728 2079 3826 2135 didi-

2274 2175 2461 2230 cerint
2487 2176 2766 2231 adversus
2816 2176 3174 2228 memoratos
3220 2172 3506 2245 prolatam
3548 2170 3701 2227 fuisse
3735 2184 3825 2223 sen-

2271 2264 2537 2331 tentiam,
2566 2263 2785 2319 eisdem
2816 2261 3255 2318 communicare
3287 2256 3824 2334 praesumpserintﬁar-

2271 2352 2647 2425 thaginenses
2678 2368 2910 2424 quoque
2942 2349 3155 2423 regulae
3208 2348 3728 2406 excommunicatum
3760 2342 3823 2417 qui

2272 2445 2405 2497 ante
2430 2440 2788 2497 audientiam
2820 2440 3258 2495 communicare
3284 2438 3593 2503 tentaverit,
3617 2436 3766 2508 ipsum
3785 2432 3824 2487 in

2271 2546 2333 2586 se
2364 2529 2801 2584 damnationem
2834 2526 3149 2601 protulisse
3194 2526 3497 2583 manifeste
3542 2522 3821 2581 denuntiant.

2270 2618 2330 2675 Si
2360 2635 2496 2691 ergo
2522 2618 2847 2674 secundum
2878 2614 3225 2689 Apostolum
3255 2631 3424 2671 nemo
3476 2613 3577 2669 sibi
3619 2612 3821 2667 honorem

2269 2706 2499 2780 accipit,
2526 2711 2584 2762 ot
2614 2706 2881 2762 Christus
2910 2721 3025 2760 non
3056 2719 3119 2760 se
3156 2703 3494 2759 clariﬁcavit
3541 2705 3598 2756 ut
3638 2695 3821 2772 pontifex

2269 2797 2450 2864 ﬁeret,
2485 2795 2587 2869 qui
2616 2812 2821 2852 omnes
2848 2811 2981 2850 cum
3012 2794 3182 2849 Patre
3214 2798 3273 2849 et
3314 2792 3526 2866 Spiritu
3554 2793 3717 2846 sancto
3736 2784 3818 2858 glo-

2269 2885 2562 2942 riﬁcantes
2593 2902 2654 2941 se
2684 2884 2990 2958 gloriﬁcat,
3023 2891 3079 2939 et
3109 2882 3239 2955 ipse
3270 2886 3359 2938 est
3390 2880 3641 2955 pontifex,
3668 2877 3817 2945 dequo

2268 2992 2475 3031 rursus
2506 2974 2660 3030 idem
2692 2973 2835 3029 dicit
2861 2971 3177 3045 Apostolus
3213 2990 3227 3029 :
3266 2973 3408 3028 Talis
3434 2969 3627 3026 decebat
3648 2973 3696 3021 ut
3714 2962 3817 3018 nobis

584 3061 899 3134 Gregorius
930 3078 1086 3135 ergo,
1120 3063 1221 3136 qui
1251 3063 1530 3119 canonice
1560 3079 1625 3119 ac
1666 3063 1937 3136 synodica
1986 3063 2159 3135 depo—
2204 3132 2230 3136 κ
2266 3071 2404 3120 esset
2428 3065 2677 3135 pontifex
2718 3069 2962 3132 sanctus,
3018 3064 3304 3133 innocens,
3355 3059 3656 3132 impollutus,
3697 3065 3817 3123 εσθαι

513 3151 662 3207 situs
684 3132 741 3208 et
757 3132 1944 3224 anathematiiatuserat,quemadmodum
1963 3132 2162 3225 posset
2191 3132 2233 3199 (ἶ
2265 3132 2491 3223 ραιιιδ-ιι
2513 3132 2907 3224 peccatoribus,
2937 3154 3046 3206 etc.
3081 3151 3264 3220 (Hebr.
3302 3153 3419 3220 νη).

513 3254 873 3312 quemquam
923 3239 1237 3311 provehere
1284 3239 1373 3296 vel
1412 3240 1770 3308 benedicere,
1805 3240 1951 3296 ratio
1997 3239 2159 3296 nulla

2338 3242 2409 3297 Et
2455 3241 2505 3297 si
2554 3240 2882 3313 episcopus,
2926 3239 3027 3312 qui
3078 3240 3400 3295 damnatus
3449 3255 3481 3293 a
3525 3232 3705 3308 synodo
3742 3229 3812 3293 θείι

514 3329 698 3384 docet.
732 3327 919 3401 Igitur
948 3327 1092 3383 nihil
1125 3327 1366 3399 Photius
1396 3346 1429 3384 a
1458 3327 1731 3402 Gregorio
1763 3328 2158 3401 percepit,nisi
2258 3332 2432 3403 juxta
2462 3346 2657 3386 sacros
2679 3345 2954 3396 canones,
2977 3328 3025 3384 si
3059 3344 3245 3384 ausus
3275 3328 3445 3384 fuerit
3472 3322 3660 3397 aliquid
3685 3320 3736 3375 de
3757 3332 3814 3371 sa-

512 3422 799 3489 quantum
841 3417 1155 3489 Gregorius
1203 3417 1445 3487 habuit;
1499 3417 1644 3474 nihil
1695 3421 1890 3474 autem
1929 3417 2155 3485 habuit,

512 3504 660 3560 nihil
690 3505 868 3561 dedit.
904 3505 1011 3561 Per
1049 3522 1249 3561 eorum
1300 3507 1533 3579 quippe,
1569 3513 1633 3562 ut
1679 3506 1909 3578 legitur,
1946 3523 2157 3562 manus

511 3594 947 3665 impositionem
997 3599 1052 3650 et
1104 3594 1525 3650 invocationem
1586 3596 1834 3650 dabatur
1905 3594 2157 3667 Spiritus

512 3683 886 3754 sanctus,qui
918 3688 1199 3737 noverant
1228 3683 1479 3738 mundas
1509 3684 1579 3738 ad
1611 3683 1924 3738 Dominum
1948 3700 2158 3739 manus

510 3768 1027 3825 laevare.Caeterum
1061 3770 1394 3842 Gregorius,
1415 3770 1514 3842 qui
1547 3773 1950 3843 transgressor
1970 3771 2158 3830 factus

511 3862 603 3913 est
632 3856 797 3931 legis,
831 3859 903 3913 ad
935 3858 1299 3913 iracundiam
1328 3856 1419 3913 sui
1450 3858 1638 3932 magis
1662 3875 1837 3931 quam
1860 3860 1931 3915 ad
1956 3875 2156 3917 conse-

509 3945 826 4002 crationem
858 3945 1111 4017 alicujus
1151 3946 1433 4018 Spiritum
1472 3952 1740 4003 sanctum
1783 3965 1886 4021 per
1922 3949 2159 4021 imposi-

507 4036 727 4091 tionem
751 4052 869 4092 suaa
900 4051 1113 4090 manus
1144 4034 1270 4091 sine
1291 4036 1470 4093 dubio
1496 4037 2085 4109 provocavit,etiamsi
2106 4038 2157 4095 is

508 4124 609 4196 qui
646 4124 1009 4180 ordinandus
1036 4127 1179 4189 erat,
1216 4123 1408 4181 nullas
1438 4124 1583 4182 alias
1624 4125 1866 4182 haberet
1907 4126 2019 4182 sibi
2066 4144 2154 4183 re-

504 4212 677 4287 gulas
707 4212 1028 4269 obviantes.
1062 4212 1208 4269 Hinc
1236 4214 1393 4269 enim
1425 4214 1710 4287 scriptum
1742 4218 1830 4270 est
1860 4232 1873 4271 :
1910 4217 2023 4287 Qui
2067 4218 2157 4272 ob-

504 4309 657 4358 turat
700 4318 863 4358 aures
909 4318 1039 4358 suas
1082 4317 1152 4358 ne
1197 4302 1388 4358 audiat
1436 4304 1625 4371 legem,
1667 4306 1841 4360 oratio
1886 4306 2004 4376 ejus
2051 4306 2157 4360 erit

502 4391 856 4448 exsecrabilis
887 4392 1068 4460 (Prov.
1100 4390 1321 4462 xxvm).
1356 4391 1417 4446 Si
1450 4391 1841 4460 exsecrabilis,
1866 4392 2069 4464 utique
2100 4397 2157 4449 et

2267 3436 2363 3476 cro
2392 3417 2717 3474 ministerio
2761 3418 2935 3489 juxta
2962 3417 3385 3490 prmeedentem
3429 3408 3811 3472 consuetudinem

2266 3507 2621 3581 contingere,
2655 3512 2711 3563 et
2734 3509 2869 3562 ante
2899 3505 3265 3561 audientiam
3307 3500 3705 3563 communicare,
3729 3495 3812 3581 ipse

2265 3598 2325 3653 in
2357 3614 2420 3653 sc
2451 3580 2884 3653 damnationem
2916 3594 3199 3667 protulit;
3232 3594 3317 3651 ita
3345 3597 3408 3649 ut
3433 3591 3576 3648 nullo
3613 3585 3742 3643 modo
3761 3580 3811 3634 li—

2266 3690 2393 3743 ceat
2421 3685 2472 3743 ei
2504 3702 2608 3742 nec
2638 3685 2698 3741 in
2732 3684 2845 3741 alia
2890 3683 3109 3757 synodo
3159 3680 3535 3740 restitutionis
3575 3691 3722 3750 spem,
3744 3670 3811 3725 ιυί

2265 3775 2461 3832 locum
2492 3775 2704 3830 habere
2734 3772 3294 3842 satisfactionis,sed
3322 3777 3378 3829 et
3405 3762 3807 3856 communicantes

2266 3880 2471 3921 omnes
2500 3863 2675 3935 abjici
2704 3862 2775 3919 de
2803 3861 3091 3930 Ecclesia;
3126 3867 3350 3934 quanta
3377 3866 3537 3933 putas
3580 3855 3806 3935 Gregorii"

2266 3964 2436 4026 poena
2467 3934 2843 4009 mulctandus
2874 3954 2983 4018 est,
3009 3949 3111 4024 qui
3133 3954 3268 4023 post
3289 3946 3678 4006 damnationem
3694 3934 3807 4031 sui

2265 4041 2598 4110 anathema,
2632 4040 2688 4096 in
2724 4040 2845 4095 haec
2876 4038 3077 4096 omnia
3106 4038 3469 4095 commisisse
3511 4018 3807 4108 probatur,id

2264 4135 2373 4197 est,
2404 4135 2461 4186 et
2490 4147 2669 4202 super
2699 4129 2996 4185 Christum
3030 4145 3092 4184 se
3122 4127 3352 4195 extulit,
3372 4131 3426 4184 et
3451 4123 3590 4198 quod
3615 4119 3807 4208 ipsecf!!!

2263 4195 2419 4286 fecit,
2449 4195 2645 4275 iste-et
2674 4216 2955 4274 honorem
2987 4215 3101 4272 sibi
3134 4195 3533 4287 resumpsit,—et
3556 4195 3809 4296 Milon?!"

2263 4309 2436 4375 esset,
2453 4322 2514 4362 se
2539 4304 3023 4377 arrogantissime
3049 4303 3407 4370 clariﬁcavit,
3427 4303 3480 4356 et
3504 4301 3619 4354 ante
3642 4288 3807 4348 audien-

2262 4396 2406 4451 tiam
2440 4393 2983 4451 excommunicatus
3012 4392 3443 4449 communicare
3470 4392 3522 4444 et
3542 4382 3683 4440 velita
3698 4387 3809 4431 usur

503 4496 620 4535 non
653 4477 930 4535 audibilis
956 4497 969 4548 ;
1004 4479 1052 4536 si
1084 4496 1202 4534 non
1249 4479 1547 4547 audibilis,
1581 4480 1719 4535 erdo
1768 4480 2072 4551 inefﬁcax;
2107 4481 2157 4537 si
2189 4501 2236 4565 Ι)
2266 4500 2404 4557 pare
2434 4483 2836 4556 praesumpsit,
2863 4486 2919 4538 et
2949 4482 3265 4538 damnatus
3295 4481 3363 4536 de
3391 4493 3543 4536 sacro
3570 4457 3807 4557 ministerio

501 4567 793 4635 inefﬁcax,
819 4569 1075 4640 profecto
1107 4566 1309 4623 Photio
1354 4566 1502 4622 nihil
1535 4570 1849 4640 praestans:
1876 4568 2155 4627 nimirum

504 4654 604 4726 qui
629 4655 999 4711 vulneratum
1015 4659 1190 4728 caput
1201 4655 1477 4728 perillam
1495 4673 1707 4713 manus
1719 4656 2155 4730 impositionem

500 4742 695 4814 potius
718 4744 933 4801 habere
956 4745 1523 4818 dignoscitur-Porro
1548 4746 1595 4801 si
1616 4746 2154 4819 praetenditinjuste

501 4831 573 4885 ab
604 4831 829 4902 Ignatio
863 4851 924 4889 se
946 4833 1131 4889 fuisse
1146 4834 1646 4906 depositum,quid
1666 4835 1737 4890 de
1759 4834 2034 4890 omnibus
2053 4836 2153 4908 qui

502 4918 561 4973 in
584 4920 819 4989 synodo
839 4919 938 4976 illo
957 4926 1216 4994 tempore
1245 4928 1661 4990 convenerunt,
1686 4924 2155 4997 sententiamque

499 5006 559 5063 in
573 5023 709 5062 eum
729 5008 1641 5083 protulerunt,perhibebit?Quod
1661 5011 1709 5069 si
1725 5012 2153 5085 etillosinjuste

500 5096 709 5154 fecisse
742 5094 932 5152 dicere
973 5100 1295 5171 praesumit,
1328 5117 1508 5173 quare
1533 5117 1668 5156 cum
1698 5101 1782 5157 eis
1809 5119 1964 5157 nunc
1994 5118 2152 5157 com-

499 5186 784 5252 municat,
818 5188 875 5241 et
905 5186 1192 5258 quosdam
1223 5205 1424 5244 eorum
1455 5190 1776 5247 sacerdotio
1806 5190 2015 5264 dignos
2033 5191 2150 5247 exi-

498 5273 740 5334 stimat?
771 5272 926 5338 Quos
956 5277 1155 5329 tamen
1186 5279 1339 5331 recte
1370 5276 1532 5348 prius
1565 5294 1678 5333 non
1717 5277 2019 5349 judicasse
2068 5295 2153 5335 re-

496 5362 826 5436 prehendit,
860 5366 917 5420 et
948 5361 1250 5419 sententia
1290 5379 1464 5434 quam
1517 5365 1904 5438 protulerunt,
1937 5383 2035 5423 eos
2067 5384 2152 5424 se-

499 5453 759 5509 cundum
808 5468 871 5509 se
920 5451 1132 5510 debere
1180 5452 1562 5511 succumbere
1603 5471 1720 5511 non
1770 5456 2004 5513 nescit?
2036 5457 2147 5514 Sed

2266 4589 2382 4627 non
2414 4572 2606 4628 solum
2635 4572 2878 4645 aliquid,
2911 4588 3113 4628 verum
3145 4570 3319 4627 etiam
3352 4566 3525 4624 multa
3542 4562 3681 4634 juxta
3709 4560 3809 4645 Ρ¹ξ¹⁰’

2266 4678 2387 4717 rem
2414 4660 2899 4718 consuetudinem
2929 4660 3169 4733 tetigit?
3197 4658 3360 4723 Quod
3399 4660 3542 4712 certe
3580 4648 3807 4737 Gregot'ulfct

2266 4767 2435 4823 agere
2465 4751 2706 4807 omnino
2737 4768 2853 4806 non
2887 4749 3108 4817 debuit,
3143 4747 3374 4804 etiamsi
3403 4741 3551 4801 nulla
3574 4736 3807 4825 commissa

2264 4839 2602 4909 existerent,
2623 4857 2725 4912 pro
2758 4839 2973 4911 quibus
3002 4837 3268 4894 damnari
3300 4832 3584 4918 potuisset,
3596 4825 3803 4918 quo}???

2262 4927 2487 4999 praelati
2530 4928 2825 5000 judicium
2875 4943 3108 5000 semper
3168 4922 3524 4982 inferioribus
3564 4904 3801 5000 formidini“

2263 5017 2403 5072 dum
2436 5020 2545 5083 est,
2580 5034 2650 5073 ne
2682 5017 2729 5073 si
2763 5016 2815 5073 ei
2845 5033 2959 5072 non
3001 5015 3343 5082 obedierint,
3375 5011 3498 5067 licet
3539 5004 3600 5060 ab
3635 5013 3687 5054 eo
3721 4991 3800 5046 ἴον·

2260 5104 2437 5160 tassis
2469 5104 2689 5177 injuste
2720 5104 2995 5179 ligentur,
3020 5104 3211 5176 ipsam
3239 5093 3580 5173 obligationis
3606 5100 3698 5179 sua
3713 5090 3801 5179 seu-

2261 5192 2506 5249 tentiam
2536 5176 2621 5250 ex
2675 5176 2792 5250 alia
2838 5192 3029 5266 culpa,
3076 5192 3135 5248 id
3187 5196 3275 5249 est
3317 5176 3677 5245 inobedientia,
3714 5176 3795 5223 ωε·

2261 5286 2518 5338 reantur.

2331 5371 2517 5444 Igitur
2565 5371 2835 5446 praelatos
2885 5372 3163 5429 damnare
3220 5365 3594 5427 indifferenter,

2257 5432 2615 5521 horrescere.
2668 5460 3012 5539 Quicunque
3063 5480 3198 5522 vero
3249 5454 3475 5520 minoris
3514 5432 3793 5507 auctoritatis

3660 5338 3796 5423 portet

567 5540 636 5617 (ι)
668 5540 772 5601 Hic
798 5541 1007 5623 ingens
1037 5540 1252 5603 lacinia
1280 5544 1372 5603 est
1407 5559 1476 5603 ex
1505 5558 1595 5622 ep.
1631 5543 1697 5600 10
1726 5544 1989 5618 ejusdem
2029 5547 2269 5615 Nicolai.
