4036 6132
269 289 430 352 1029

1483 282 1892 350 EPISTOLE
1933 282 2033 350 ET
2076 288 2459 352 DECRETA.
2824 297 2844 320 ‘

3517 303 3673 366 1030

270 425 433 490 sunt,
468 421 746 477 damnare
772 414 1018 476 sollicite
1048 422 1306 489 caveant,
1343 437 1414 476 ne
1445 422 1735 493 majorum
1783 438 1916 478 suo-
1949 422 2002 490 Α
2103 423 2519 480 Verumtamen
2550 424 2685 482 licet
2713 431 2915 484 contra
2945 411 3312 489 Nicienenses
3353 452 3547 492 sacros
3579 456 3673 495 ea-

270 528 404 566 rum
437 509 787 565 sententiam
820 509 1362 582 transgrediantur:
1394 509 1652 582 alioquin
1674 509 1806 566 licet
1837 511 1920 564 in-

262 601 428 672 juste
459 614 882 670 nonnunquam
915 597 1176 654 damnati
1209 603 1441 666 sunt,sx
1465 599 1592 671 ipsa
1613 599 1922 658 temeraria

268 687 763 762 praevaricatione,
798 685 989 758 culpa,
1033 704 1158 758 quae
1211 687 1472 743 nondum
1522 687 1666 743 forte
1713 704 1920 760 perpe-

270 783 425 833 trata
474 777 678 842 fuerat,
710 780 767 831 et
797 775 961 841 ultio,
995 793 1172 848 quam
1218 775 1392 848 culpa
1433 777 1684 832 necdum
1733 793 1923 832 mere-

269 868 466 934 batur,
499 864 698 938 procul
730 865 908 920 dubio
939 865 1400 937 subsequuntur.
1436 864 1590 920 Nihil
1622 866 1838 938 quippe
1858 863 1924 920 1i-

271 973 459 1030 gnum
490 954 731 1010 vetitum
764 953 824 1009 in
875 969 935 1010 se
984 954 1349 1010 mortiferum
1397 955 1636 1023 habuit;
1673 956 1773 1010 sed
1823 953 1924 1026 qui

272 1043 678 1102 inobedienter
707 1059 775 1098 ex
805 1059 870 1098 eo
901 1043 1424 1109 comedit,mortem
1458 1044 1570 1099 sibi
1601 1049 1657 1099 et
1677 1043 1924 1116 posteris

274 1131 607 1208 propinavit
630 1148 643 1186 :
669 1149 785 1187 non
819 1130 958 1203 quia
979 1131 1203 1205 lignum
1228 1132 1552 1206 malignum
1576 1149 1589 1200 ;
1610 1149 1744 1188 cum
1770 1131 1925 1204 quod

275 1223 435 1278 Deus
467 1221 816 1287 fecit,totum
851 1221 1053 1276 fecerit
1083 1221 1303 1277 bonum
1331 1239 1343 1276 :
1370 1222 1471 1277 sed
1495 1221 1649 1294 quod
1674 1221 1829 1276 mala
1850 1220 1929 1275 sit

275 1309 692 1383 transgressio,
721 1313 778 1364 et
807 1309 1024 1366 nolenti
1056 1310 1288 1380 subjici,
1323 1328 1424 1382 per
1455 1328 1582 1366 eam
1616 1310 1820 1364 merito
1854 1308 1930 1364 sit

277 1406 409 1457 orta
438 1398 756 1455 damnatio.
793 1399 966 1455 Porro
997 1399 1046 1454 si
1079 1399 1292 1467 dicitis,
1328 1400 1668 1472 Gregorium
1715 1400 1785 1454 ab
1818 1399 1926 1453 im-

274 1489 439 1562 perio
471 1492 678 1556 vestro,
713 1490 769 1542 et
800 1488 871 1542 ab
903 1487 1220 1543 antistibus
1253 1487 1433 1543 fuisse
1464 1493 1927 1560 receptum,per-

277 1577 504 1634 contari
533 1577 693 1643 libet,
718 1594 750 1632 o
784 1577 1218 1649 sapientissime
1243 1576 1797 1649 imperator,quibus
1820 1576 1929 1630 hoc

274 1665 668 1733 documentis,
702 1666 919 1737 quibus
951 1667 1274 1721 canonibus
1309 1667 1654 1738 jubentibus
1701 1665 1792 1739 agi
1821 1665 1931 1720 rite

273 1762 489 1830 potest,
525 1758 588 1811 ut
618 1754 677 1810 hi
712 1755 812 1827 qui
841 1755 1219 1826 abjieiuntur,
1252 1755 1325 1810 ab
1357 1755 1487 1811 aliis
1537 1754 1931 1827 recipiantur?

272 1846 333 1901 id
370 1845 548 1902 etiam
582 1845 914 1901 veneranda
963 1848 1019 1899 et
1065 1843 1379 1900 universali
1431 1845 1652 1914 synodo
1699 1843 1932 1898 Nicrena

276 1937 352 1991 de
383 1939 634 2006 utraque
665 1933 1026 2006 professione
1058 1932 1184 1988 luce
1217 1932 1432 1989 clarius
1459 1932 1933 1987 inhibente.Nam

278 2039 314 2080 a
345 2022 610 2079 seculari
637 2025 926 2094 potestate
959 2038 1065 2077 nec
1094 2022 1284 2093 ligari,
1321 2039 1424 2077 nec
1473 2021 1616 2077 solvi
1666 2021 1934 2076 sacerdo-

278 2117 401 2169 tem
434 2129 628 2185 posse,
661 2111 1038 2166 manifestum
1071 2116 1160 2166 est
1191 2127 1204 2164 :
1239 2116 1292 2166 et
1321 2111 1534 2166 idcirco
1576 2111 1794 2165 affatim
1829 2126 1935 2180 ap-

279 2203 566 2276 probatur
588 2205 1020 2274 Syracusanum
1051 2200 1392 2272 Gregorium
1426 2217 1529 2272 per
1569 2198 1936 2271 imperialem

281 2291 694 2348 tantummodo
748 2289 1098 2346 sententiam
1149 2289 1310 2346 nullo
1358 2290 1530 2345 modo
1561 2288 1812 2345 valuisse
1844 2305 1938 2343 re-

289 2380 587 2438 conciliari
619 2380 716 2452 (a).

362 2470 472 2526 Ubi
504 2469 555 2526 si
584 2468 926 2542 pontificum
953 2486 1182 2541 quoque
1205 2469 1461 2525 sociatur
1485 2485 1941 2540 assensus,quaz-

288 2560 483 2615 rimus
516 2564 711 2614 utrum
747 2559 1110 2630 praecesserit
1139 2575 1211 2613 an
1243 2558 1421 2613 fuerit
1458 2557 1851 2614 subsecutus?
1879 2556 1937 2612 Si

287 2649 643 2704 subsecutus
672 2651 781 2712 est,
815 2646 1201 2702 nihilominus
1246 2647 1317 2702 ad
1367 2647 1420 2701 id
1466 2647 1710 2713 reditur,
1745 2650 1809 2700 ut
1838 2647 1938 2700 ab-

287 2737 505 2793 solutio
524 2754 557 2792 a
573 2734 836 2792 saculari
866 2737 1151 2806 potestate
1183 2752 1286 2806 per
1301 2739 1593 2807 praacepta
1611 2734 1800 2790 valere
1823 2751 1940 2788 non

286 2824 966 2898 possit,pontiﬁcumque
998 2827 1232 2878 secutus
1265 2840 1562 2890 assensus,
1589 2822 1942 2878 adulationis

282 2915 376 2970 vel
411 2913 646 2970 terroris
678 2913 850 2968 fuerit
875 2911 1070 2984 potius
1092 2928 1268 2984 quam
1293 2911 1566 2985 legitimas
1589 2911 1937 2980 sanctionis;

285 3005 338 3060 si
372 3002 687 3075 praecessit,
721 3001 998 3056 doceatur
1029 3017 1062 3056 a
1093 3000 1330 3072 quibus,
1357 3005 1412 3055 et
1442 2999 1540 3054 ubi
1571 2998 1666 3054 ille
1709 2999 1784 3054 sit
1813 3017 1940 3072 ges-

283 3097 422 3159 tus;
455 3091 504 3146 si
535 3090 859 3146 secundum
890 3087 1157 3144 Ecclesia:
1186 3087 1449 3161 regulam
1481 3087 1880 3155 celebratus,si
1907 3105 1940 3143 a

284 3185 533 3255 paterna
561 3178 870 3234 traditione
900 3159 1275 3249 profectus,si
1305 3177 1595 3248 majorum
1629 3191 1788 3231 more
1808 3193 1936 3247 pro—
1968 3159 2009 3226 C

284 3271 467 3336 latus,
503 3268 551 3324 si
583 3266 932 3339 competenti
977 3266 1406 3322 examinatione
1454 3266 1854 3337 depromptus,
1890 3265 1939 3320 si

285 3355 364 3416 εἶά
396 3359 638 3430 majoris
670 3355 1036 3412 auctoritatis
1070 3355 1266 3410 sedem
1298 3371 1475 3426 quam
1508 3352 1608 3408 illa
1640 3358 1728 3408 est
1759 3370 1791 3408 a
1824 3369 1941 3425 qua

285 3448 603 3520 Gregorius
629 3444 1001 3501 damnatione
1031 3445 1338 3500 tenebatur
1367 3442 1702 3508 obstrictus,
1737 3458 1940 3497 secun-

284 3539 431 3595 dum
467 3534 729 3591 Ecclesia:
772 3533 1006 3607 regulas
1055 3538 1142 3589 est
1187 3531 1457 3600 relatum,
1493 3531 1541 3587 si
1574 3531 1698 3604 ipse
1729 3529 1938 3602 praesul

285 3625 392 3700 qui
424 3625 642 3698 ligavit,
677 3621 943 3679 absolvit.
979 3623 1038 3677 Si
1081 3621 1201 3676 haec
1251 3625 1416 3693 gesta
1465 3637 1579 3675 non
1631 3624 1786 3686 sunt,
1822 3636 1938 3691 quo

283 3732 471 3780 more,
492 3731 606 3785 quo
638 3712 753 3768 ritu
785 3711 1190 3784 Syracusanus
1220 3709 1533 3781 Gregorius
1565 3725 1623 3764 se
1654 3707 1939 3780 gloriatur

284 3804 649 3869 absolutum,
684 3817 816 3856 cum
848 3817 954 3855 nec
981 3817 1014 3853 a
1047 3799 1421 3871 pontificibus
1474 3797 1674 3852 ordine
1721 3796 1936 3862 debito,

283 3911 392 3950 nec
451 3889 861 3948 ecclesiasticis
915 3889 1143 3961 legibus
1204 3887 1379 3942 fuerit
1435 3885 1742 3957 expetitus,
1771 3903 1874 3942 nec
1906 3904 1939 3941 a

283 3982 590 4040 mundana
621 3983 904 4052 potestate
934 3977 1187 4049 potuerit
1215 3980 1422 4048 praeter
1443 3975 1707 4030 Ecclesiae
1729 3975 1937 4030 trami-

283 4077 402 4128 tem
437 4086 677 4142 prorsus
709 4065 970 4123 absolvi?
998 4067 1126 4121 Jam
1158 4081 1292 4120 vero
1324 4063 1372 4118 si
1405 4063 1646 4118 dicatis:
1673 4063 1798 4117 Non
1831 4079 1937 4135 ego

283 4159 530 4229 absolvi,
564 4158 661 4213 sed
693 4174 726 4211 a
755 4155 1130 4228 pontificibus
1163 4158 1227 4208 ut
1257 4151 1576 4208 solveretur
1599 4150 1886 4222 postulavi
1920 4169 1933 4208 :

282 4267 314 4306 e
347 4252 551 4305 contra
578 4245 664 4301 illi
697 4244 881 4300 multo
913 4243 1102 4316 magis
1133 4260 1166 4298 a
1195 4242 1359 4297 vobis
1389 4239 1686 4312 postulare
1716 4240 1936 4296 debue-

281 4342 447 4403 runt,
480 4339 544 4392 ut
572 4335 618 4390 si
653 4350 785 4390 eum
812 4331 1033 4389 velletis
1079 4329 1318 4397 absolvi,
1351 4328 1612 4401 legitima
1665 4328 1936 4384 ecclesia-

281 4427 421 4484 stici
471 4424 691 4480 tenoris
737 4420 1027 4478 absolutio
1079 4418 1450 4493 praeveniret;
1485 4422 1536 4473 et
1570 4417 1690 4473 hac
1738 4418 1937 4474 omnia

2031 529 2212 567 nones
2259 513 2564 584 praefatum
2609 515 2973 589 Gregorium,
3010 520 3110 591 qui
3157 521 3418 592 abjectus
3467 526 3672 595 fuerat,

2030 600 2370 672 receperint,
2407 620 2709 675 nunquam
2742 608 2935 661 tamen
2970 625 3103 664 eum
3131 626 3165 664 a
3193 610 3423 668 vinculo
3441 615 3678 672 damna-

2028 689 2208 745 tionis
2240 694 2295 745 et
2321 691 2713 749 anathematis
2756 702 3058 763 exuerunt,
3092 715 3262 770 quem
3316 703 3678 761 absolutione

2031 779 2491 849 praavaricatoria
2523 782 2717 853 potius
2750 791 3157 853 nexuerunt,et
3190 788 3522 856 hunc,dum
3559 795 3678 850 sol-

2032 883 2162 921 vere
2194 867 2311 921 nixi
2345 874 2502 934 sunt,
2537 871 2705 927 nodis
2751 874 3074 944 majoribus
3125 877 3494 937 dediderunt.
3530 884 3678 950 Quin

2033 955 2150 1010 imo
2183 956 2322 1012 dum
2358 960 2706 1015 sententiam
2739 962 2979 1033 majoris
3010 970 3448 1026 contemnentes
3489 975 3682 1030 trans-

2034 1042 2217 1116 gressi
2251 1050 2411 1111 sunt,
2441 1046 2529 1102 vel
2560 1049 2734 1104 etiam
2763 1067 2930 1105 suam
2953 1053 3416 1124 tergiversatorio
3439 1061 3681 1118 consilio

2037 1129 2271 1204 lenique
2303 1151 2480 1190 sensu
2503 1135 2738 1192 sibimet
2759 1139 2891 1193 facti
2914 1142 3187 1196 contrarii
3217 1145 3516 1204 destruere
3542 1155 3684 1207 sunt

2036 1220 2242 1290 moliti,
2275 1223 2398 1294 pari
2430 1225 2898 1296 praevaricatione
2946 1229 3236 1287 habentur
3273 1234 3487 1304 innexi,
3519 1243 3575 1293 et
3605 1239 3684 1296 si-

2037 1308 2159 1363 mili
2191 1327 2360 1381 pcnna
2386 1315 2710 1368 secundum
2743 1317 3092 1388 apostolicos
3125 1326 3179 1375 et
3201 1325 3519 1382 nonnullus
3541 1328 3683 1384 alios

2036 1414 2289 1454 canones
2319 1403 2592 1457 tenentur
2621 1404 2884 1460 obstricti
2915 1423 2927 1461 :
2965 1407 3044 1463 ita
3075 1414 3136 1463 ut
3184 1414 3684 1474 communicantes

2038 1487 2244 1558 expelli
2277 1489 2346 1544 de
2373 1490 2628 1546 Ecclesia
2649 1493 3063 1564 jubeantur,ac
3097 1515 3198 1568 per
3227 1500 3490 1569 hoc,reos
3520 1523 3683 1563 reum

2029 1575 2357 1646 justiﬁcare
2389 1585 2620 1635 constat
2652 1583 2891 1638 minime
2924 1587 3205 1656 potuisse,
3240 1607 3344 1645 nec
3377 1592 3586 1665 ligatos
3616 1595 3684 1650 li-

2039 1667 2240 1755 gntum
2272 1665 2494 1755 solvere
2522 1670 2694 1725 modo
2725 1671 2984 1742 quolibet
3013 1674 3286 1732 valuisse.
3320 1681 3462 1737 Ecce
3493 1701 3526 1738 a
3556 1683 3682 1755 qui-

2040 1753 2170 1819 bus,
2206 1770 2236 1809 o
2261 1754 2758 1814 Christianissime
2805 1761 3096 1835 princeps,
3133 1765 3372 1823 Photius
3403 1775 3490 1825 est
3520 1753 3686 1828 inisti-

2041 1845 2225 1897 tutus.
2259 1843 2401 1897 Ecce
2432 1842 2623 1917 q'ualis
2655 1851 2744 1903 est
2775 1849 3109 1922 Gregorius,
3132 1854 3229 1925 qui
3264 1837 3690 1917 Dormitantius

2043 1931 2479 2020 convenientius
2510 1940 2734 2006 poterat
2764 1938 2898 1992 dici.
2933 1941 3322 2004 Quamobrem
3368 1947 3578 2020 cogita,
3607 1950 3688 2005 fili

2044 2018 2600 2084 charissime,tracta
2623 2028 2679 2079 et
2709 2029 2901 2081 tecum
2932 2029 3135 2084 sedula
3167 2018 3541 2092 meditatione
3567 2055 3692 2109 per-

2046 2108 2211 2179 quire
2243 2109 2291 2164 si
2325 2113 2478 2165 stare
2510 2111 2751 2168 Photius
2782 2115 2987 2185 possit,
3023 2118 3254 2174 etiamsi
3296 2122 3461 2178 miris
3509 2108 3689 2182 virtu-

2044 2197 2204 2252 tibus
2233 2197 2704 2269 polleat,etiamsi
2737 2204 2896 2258 omni
2930 2206 3174 2263 scientia
3205 2208 3691 2285 fulgeat,quando

2047 2285 2148 2356 qui
2179 2286 2336 2342 hunc
2369 2289 2646 2345 statuisse
2677 2293 2938 2360 tentavit,
2971 2295 3194 2351 dudum
3221 2299 3343 2369 jam
3372 2303 3614 2371 cecidit;
3638 2309 3694 2360 et

2044 2373 2246 2431 volens
2278 2376 2420 2449 erigi
2450 2395 2584 2434 cum
2617 2381 2965 2438 conantibus
3010 2401 3071 2438 se
3116 2385 3352 2459 erigere,
3388 2407 3692 2464 nunquam

2048 2469 2498 2536 recuperaturus
2524 2468 2713 2525 denuo
2744 2471 2880 2525 ruit.

2119 2554 2451 2610 Consideret
2481 2573 2616 2629 ergo
2647 2558 2926 2615 divinitus
2955 2567 3143 2618 vestes
3183 2564 3506 2638 inspiratus
3551 2587 3697 2643 apex

2050 2643 2342 2712 quomodo
2375 2644 2638 2712 Photius,
2671 2647 2900 2704 etiamsi
2931 2649 3075 2705 nihil
3108 2652 3264 2708 aliud
3295 2656 3404 2710 sibi
3429 2659 3564 2728 jure
3595 2677 3695 2716 va-

2048 2729 2163 2785 leat
2185 2731 2669 2804 impedire,queat
2688 2736 2745 2789 in
2769 2740 3111 2795 sacerdotali
3133 2743 3317 2813 gradu
3342 2747 3654 2816 persistere
3679 2767 3692 2804 :

2049 2819 2525 2891 quandoquidem
2552 2822 2851 2880 institutor
2870 2844 3175 2895 suus,cum
3193 2830 3287 2886 hic
3304 2833 3693 2905 ordinaretur,

2051 2925 2164 2963 non
2198 2908 2388 2964 solum
2435 2913 2777 2982 sacerdotio,
2810 2932 3011 2972 verum
3061 2919 3236 2974 etiam
3289 2921 3415 2993 ipso
3464 2925 3700 2982 carebat

2049 2996 2377 3053 Christiano
2408 3000 2722 3069 vocabulo;
2756 3008 2810 3058 et
2841 3004 2991 3060 sicut
3015 3007 3137 3077 jam
3169 3010 3567 3082 exposuimus,
3594 3031 3698 3070 nec

2052 3085 2365 3142 damnatus
2410 3088 2754 3159 justiﬁcare,
2798 3110 2902 3148 nec
2958 3095 3258 3167 depositus
3317 3099 3560 3172 erigere,
3592 3120 3698 3158 nec

2048 3173 2265 3246 ligatus
2299 3180 2490 3246 potest
2519 3194 2875 3251 quemquam
2909 3199 3011 3254 per
3031 3183 3464 3256 impositionem
3487 3207 3698 3247 manus

2048 3262 2406 3334 provehere:
2441 3265 2804 3338 impossibile
2863 3275 2952 3326 est
3010 3272 3165 3328 enim
3215 3273 3424 3331 horum
3475 3278 3697 3350 aliquid

2049 3349 2275 3423 ﬁeri.(b)
2306 3352 2572 3409 Judicate
2601 3361 3238 3427 ergo,mansuetissime
3261 3349 3700 3437 imperator7.cui

2048 3441 2244 3512 potius
2275 3441 2665 3498 obediendum
2697 3449 2807 3513 est,
2843 3447 2978 3514 Deo,
3013 3467 3084 3504 an
3133 3450 3508 3523 hominibus;
3535 3456 3695 3528 judi-

2049 3532 2172 3584 cate
2204 3530 2293 3583 cui
2324 3531 2517 3600 potius
2548 3532 2942 3591 resistendum
2977 3537 3072 3604 sit,
3107 3543 3379 3611 potestati
3427 3560 3604 3615 quam
3637 3545 3694 3601 in

2047 3618 2214 3684 Petro
2251 3620 2398 3674 Deus
2431 3621 2800 3692 omnipotens
2833 3626 3140 3692 ordinavit,
3175 3646 3471 3704 quamque
3523 3651 3700 3706 super

2048 3712 2319 3762 cunctam
2349 3708 2666 3764 Ecclesiam
2697 3712 2923 3781 extulit,
2957 3731 3031 3769 an
3063 3717 3414 3774 ordinationi
3437 3722 3697 3795 Gregorii

2049 3795 2418 3868 Syracusani,
2453 3798 2546 3852 cui
2579 3797 2890 3856 dicendum
2924 3808 3012 3858 est
3045 3821 3056 3859 :
3092 3806 3185 3860 Vae
3219 3806 3443 3864 homini
3476 3811 3700 3884 illi,per

2049 3901 2224 3954 quem
2256 3884 2316 3938 in
2343 3884 2660 3942 Ecclesiam
2695 3887 2904 3944 Christi
2962 3896 3046 3946 tot
3093 3896 3371 3952 scandala
3416 3906 3699 3956 venerunt

2047 3971 2253 4040 (Matth.
2287 3976 2416 4045 xxv)
2453 3992 2466 4029 :
2503 3975 2720 4047 quique
2747 3977 2908 4044 olim,
2933 3979 3085 4035 sicut
3113 3982 3224 4054 ipsi
3257 3985 3441 4054 scitis,
3467 4005 3499 4041 a
3521 3989 3697 4046 fratre

2046 4065 2103 4116 et
2136 4062 2537 4117 comministro
2559 4068 2758 4119 nostro
2792 4066 3016 4136 Ignatio
3049 4073 3105 4124 et
3130 4088 3164 4125 a
3194 4073 3413 4143 synodo
3437 4091 3562 4144 quae
3585 4078 3695 4131 sub

2046 4165 2112 4204 eo
2144 4155 2288 4215 erat,
2321 4150 2624 4221 depositus
2652 4156 2823 4219 est,et
2857 4158 2920 4208 ut
2950 4157 3268 4226 apostolica
3299 4161 3464 4216 sedes
3487 4162 3544 4215 in
3566 4165 3694 4234 ejus

2047 4237 2421 4293 damnatione
2443 4239 2894 4309 consentiret,ab
2915 4243 3040 4315 ipso
3063 4249 3472 4305 consacerdote
3496 4255 3694 4324 nostro

2045 4325 2343 4400 postulata
2389 4330 2496 4382 est.
2532 4328 2644 4382 Sed
2677 4330 3011 4388 decessores
3044 4334 3156 4389 mei
3190 4336 3368 4392 beatae
3402 4341 3693 4394 memoriae

2046 4417 2157 4471 Leo
2194 4432 2259 4470 ac
2303 4415 2671 4483 Benedictus,
2706 4419 2860 4474 sedis
2914 4423 3241 4493 apostolicae
3294 4427 3694 4485 moderamina

281 4534 413 4588 quae
447 4512 718 4586 superius
750 4511 906 4566 dicta
937 4509 1426 4578 sunt,secundum
1449 4506 1716 4562 Ecclesiae
1738 4507 1937 4561 trami-
1969 4527 2011 4590 υ
2044 4507 2358 4570 servantes,
2397 4503 2707 4560 noluerunt
2747 4506 2828 4562 sic
2880 4525 3058 4564 unam
3104 4518 3328 4582 partem
3375 4515 3596 4582 audire,
3630 4520 3696 4572 ut

279 4610 399 4660 tem
436 4599 1125 4672 servarentur,praecipue
1157 4613 1292 4652 cum
1318 4612 1433 4650 non
1461 4596 1532 4651 ab
1560 4594 1817 4650 inferiori
1849 4595 1934 4650 vel

281 4693 434 4766 pari,
471 4691 572 4747 sed
603 4708 636 4745 a
669 4687 877 4760 majori
910 4703 1178 4760 persona,
1213 4689 1289 4753 et,
1325 4685 1478 4740 sicut
1509 4701 1575 4738 ex
1602 4683 1935 4756 apostolicis

280 4779 610 4837 canonibus
640 4775 1177 4843 edocemur,solum
1210 4775 1283 4828 ab
1313 4789 1378 4828 eo
1404 4771 1503 4844 qui
1535 4789 1668 4828 eum
1698 4788 1934 4843 seques-

280 4870 587 4932 travit,aut
617 4871 770 4923 certe
802 4883 835 4922 a
865 4866 1056 4938 prima
1087 4864 1372 4934 sedejure
1395 4861 1578 4933 possit
1599 4859 1936 4916 absolvi.In-

282 4959 461 5015 ferior
488 4958 703 5031 quippe
733 4955 819 5011 vel
854 4971 1092 5026 compar
1117 4951 1438 5009 antelatum
1470 4948 1555 5004 vel
1579 4964 1933 5022 comparem,

280 5066 401 5105 non
453 5049 749 5102 annuente
801 5044 1030 5116 majori,
1063 5040 1358 5098 absolvere
1406 5055 1520 5094 non
1553 5043 1763 5110 potest.
1802 5039 1936 5094 Sola

280 5137 468 5211 igitur
495 5135 684 5208 potior
712 5133 1047 5189 inferiorem
1081 5129 1487 5186 convenienter
1517 5125 1782 5182 absolvit.
1800 5127 1933 5183 Pro-

279 5226 419 5282 inde
447 5223 744 5282 inferioris
775 5222 884 5278 loci
919 5219 1222 5294 pontiﬁces
1252 5235 1350 5274 eos
1380 5234 1527 5289 quos
1559 5215 1749 5288 potior
1789 5234 1932 5271 suus

280 5315 664 5390 obligaverat,
698 5313 822 5370 sine
856 5311 1048 5384 prima
1078 5310 1212 5367 sede
1237 5306 1533 5365 absolvere
1564 5323 1679 5362 non
1729 5310 1932 5377 potue-

280 5409 445 5462 runt.

355 5513 432 5586 (α)
464 5511 593 5586 Haec
615 5510 857 5586 totidem
889 5506 1050 5584 legas
1083 5507 1143 5566 in
1172 5509 1330 5564 tomo
1362 5501 1577 5562 Gelasii
1607 5502 1678 5562 de
1698 5501 1933 5562 anathe-

278 5583 463 5648 matis
490 5583 743 5642 vinculo.

2045 4592 2167 4648 alia:
2201 4593 2348 4664 parti
2382 4591 2528 4646 nihil
2560 4593 2795 4664 penitus
2829 4603 3227 4654 reservarent:
3260 4601 3445 4658 Unius
3478 4605 3693 4676 quippe

2047 4681 2335 4735 mediator
2378 4697 2492 4735 non
2545 4686 2650 4736 est.
2687 4684 3075 4748 Quamobrem
3125 4687 3357 4743 interim
3408 4691 3692 4762 depositio

2046 4769 2233 4840 ipsius
2266 4787 2298 4823 a
2328 4770 2462 4824 sede
2487 4771 2807 4841 apostolica
2838 4791 2952 4828 non
2988 4780 3568 4849 suscepta,remansit
3599 4782 3692 4837 in-

2047 4859 2234 4912 firma.
2269 4857 2529 4930 Cumque
2559 4859 2714 4914 idem
2758 4861 3069 4934 Gregorius
3118 4882 3220 4936 per
3265 4865 3525 4939 legatum
3575 4887 3691 4926 sua:

2045 4947 2248 5018 partis,
2271 4947 2608 5002 Zachariam
2642 4950 2895 5018 nomine,
2932 4953 3128 5008 sedem
3161 4957 3495 5026 agnovisset
3524 4975 3691 5031 apos-

2046 5035 2278 5091 tolicam
2311 5035 2367 5089 in
2403 5053 2508 5090 sua
2540 5037 2901 5108 depositione
2935 5040 3269 5099 nullatenus
3300 5048 3688 5115 consensisse,

2043 5143 2158 5180 non
2191 5124 2410 5197 gratias
2441 5124 2578 5196 egit,
2612 5143 2724 5182 non
2759 5145 2791 5182 a
2821 5131 3026 5201 coeptis
3057 5131 3117 5186 in
3140 5133 3264 5203 jam
3303 5135 3526 5191 dictum
3577 5137 3689 5191 fra-

2041 5218 2186 5270 trem
2223 5218 2488 5269 nostrum
2523 5215 2892 5273 saevientibus
2923 5222 3295 5278 contumeliis
3323 5224 3686 5296 conquievit;

2043 5304 2142 5359 sed
2171 5303 2528 5374 benignitate
2555 5304 2652 5359 Dei
2684 5309 2740 5362 et
2769 5307 3049 5379 patientia
3080 5310 3237 5366 sedis
3270 5310 3596 5382 apostolicae
3629 5311 3688 5367 in

2042 5390 2316 5464 superbia
2341 5391 2609 5460 abutens,
2640 5392 2700 5450 in
2735 5395 2931 5468 ipsum
2963 5398 3230 5454 videlicet
3263 5398 3549 5471 Ignatium
3584 5417 3686 5472 ,pa-
3768 5401 3772 5405 “

2039 5498 2321 5632 Ni(cbo)l
2352 5498 2559 5574 ingens
2609 5519 2815 5562 rursus
2864 5504 3077 5567 lacinia
3107 5522 3175 5564 ex
3203 5521 3292 5581 ep.
3329 5506 3396 5565 10
3424 5505 3689 5580 ejusdem
