  <div class='ocr_page' id='page_1' title='image "/cluster/home/n/w/nwhite01/storage/ocr_20150623/119/hvd.32044052820040/521.png"; bbox 0 0 4036 6132; ppageno 0'>
   <div class='ocr_carea' id='block_1_1' title="bbox 453 243 603 307">
    <p class='ocr_par' dir='ltr' id='par_1_1' title="bbox 453 243 603 307">
     <span class='ocr_line' id='line_1_1' title="bbox 453 243 603 307; baseline -0.013 -1"><span class='ocrx_word' id='word_1_1' title='bbox 453 243 603 307; x_wconf 73' lang='grc'>1031</span> 
     </span>
    </p>
   </div>
   <div class='ocr_carea' id='block_1_2' title="bbox 1820 232 2491 329">
    <p class='ocr_par' dir='ltr' id='par_1_2' title="bbox 1820 232 2491 329">
     <span class='ocr_line' id='line_1_2' title="bbox 1820 232 2491 329; baseline 0 -29"><span class='ocrx_word' id='word_1_2' title='bbox 1820 232 2126 329; x_wconf 74' lang='lat' dir='ltr'>NICOLAI</span> <span class='ocrx_word' id='word_1_3' title='bbox 2170 235 2400 308; x_wconf 71' lang='lat' dir='ltr'>PAPJE</span> <span class='ocrx_word' id='word_1_4' title='bbox 2441 235 2491 300; x_wconf 81' lang='grc' dir='ltr'>ι.</span> 
     </span>
    </p>
   </div>
   <div class='ocr_carea' id='block_1_3' title="bbox 3653 238 3783 338">
    <p class='ocr_par' dir='ltr' id='par_1_3' title="bbox 3653 238 3783 338">
     <span class='ocr_line' id='line_1_3' title="bbox 3653 238 3783 338; baseline 0.015 -36"><span class='ocrx_word' id='word_1_5' title='bbox 3653 238 3783 338; x_wconf 69' lang='lat'>1032</span> 
     </span>
    </p>
   </div>
   <div class='ocr_carea' id='block_1_4' title="bbox 449 366 3787 442">
    <p class='ocr_par' dir='ltr' id='par_1_4' title="bbox 449 366 3787 442">
     <span class='ocr_line' id='line_1_4' title="bbox 449 366 3787 442; baseline -0.001 -9"><span class='ocrx_word' id='word_1_6' title='bbox 449 375 768 433; x_wconf 88' lang='lat' dir='ltr'>triarcham</span> <span class='ocrx_word' id='word_1_7' title='bbox 800 389 974 429; x_wconf 90' lang='lat' dir='ltr'>suum</span> <span class='ocrx_word' id='word_1_8' title='bbox 1007 370 1259 427; x_wconf 75' lang='lat' dir='ltr'>rediviva</span> <span class='ocrx_word' id='word_1_9' title='bbox 1279 368 1480 442; x_wconf 90' lang='lat' dir='ltr'>jacula</span> <span class='ocrx_word' id='word_1_10' title='bbox 1521 369 1836 442; x_wconf 83' lang='lat' dir='ltr'>impietatis</span> <span class='ocrx_word' id='word_1_11' title='bbox 1883 370 2096 428; x_wconf 89' lang='lat' dir='ltr'>irreve-</span> <span class='ocrx_word' id='word_1_12' title='bbox 2125 371 2180 438; x_wconf 76' lang='grc' dir='ltr'><strong>Α</strong></span> <span class='ocrx_word' id='word_1_13' title='bbox 2209 369 2560 426; x_wconf 89' lang='lat' dir='ltr'>sententiam</span> <span class='ocrx_word' id='word_1_14' title='bbox 2591 368 2649 423; x_wconf 93' lang='lat' dir='ltr'>in</span> <span class='ocrx_word' id='word_1_15' title='bbox 2677 385 2775 424; x_wconf 92' lang='lat' dir='ltr'>eos</span> <span class='ocrx_word' id='word_1_16' title='bbox 2824 366 3109 440; x_wconf 83' lang='lat' dir='ltr'>prolatam</span> <span class='ocrx_word' id='word_1_17' title='bbox 3161 384 3272 423; x_wconf 87' lang='lat' dir='ltr'>non</span> <span class='ocrx_word' id='word_1_18' title='bbox 3318 367 3535 424; x_wconf 83' lang='lat' dir='ltr'>interim</span> <span class='ocrx_word' id='word_1_19' title='bbox 3581 374 3787 429; x_wconf 87' lang='lat' dir='ltr'>auctori-</span> 
     </span>
    </p>
   </div>
   <div class='ocr_carea' id='block_1_5' title="bbox 447 458 2093 533">
    <p class='ocr_par' dir='ltr' id='par_1_5' title="bbox 447 458 2093 533">
     <span class='ocr_line' id='line_1_5' title="bbox 447 458 2093 533; baseline -0.004 -12"><span class='ocrx_word' id='word_1_20' title='bbox 447 469 640 522; x_wconf 91' lang='lat' dir='ltr'>renter</span> <span class='ocrx_word' id='word_1_21' title='bbox 669 461 928 531; x_wconf 82' lang='lat' dir='ltr'>exacuit;</span> <span class='ocrx_word' id='word_1_22' title='bbox 954 465 1010 516; x_wconf 89' lang='lat' dir='ltr'>et</span> <span class='ocrx_word' id='word_1_23' title='bbox 1040 477 1105 516; x_wconf 92' lang='lat' dir='ltr'>eo</span> <span class='ocrx_word' id='word_1_24' title='bbox 1137 459 1467 532; x_wconf 81' lang='lat' dir='ltr'>superstite,</span> <span class='ocrx_word' id='word_1_25' title='bbox 1489 459 1843 533; x_wconf 75' lang='lat' dir='ltr'>neophytum</span> <span class='ocrx_word' id='word_1_26' title='bbox 1868 459 1927 514; x_wconf 90' lang='lat' dir='ltr'>in</span> <span class='ocrx_word' id='word_1_27' title='bbox 1950 458 2093 514; x_wconf 88' lang='lat' dir='ltr'>Con-</span> 
     </span>
    </p>
   </div>
   <div class='ocr_carea' id='block_1_6' title="bbox 445 547 2093 626">
    <p class='ocr_par' dir='ltr' id='par_1_6' title="bbox 445 547 2093 626">
     <span class='ocr_line' id='line_1_6' title="bbox 445 547 2093 626; baseline -0.005 -14"><span class='ocrx_word' id='word_1_28' title='bbox 445 551 1028 626; x_wconf 89' lang='lat' dir='ltr'>stantinopolitanam</span> <span class='ocrx_word' id='word_1_29' title='bbox 1058 547 1372 605; x_wconf 89' lang='lat' dir='ltr'>Ecclesiam</span> <span class='ocrx_word' id='word_1_30' title='bbox 1406 548 1797 616; x_wconf 83' lang='lat' dir='ltr'>consecravit;</span> <span class='ocrx_word' id='word_1_31' title='bbox 1832 547 1971 620; x_wconf 91' lang='lat' dir='ltr'>quin</span> <span class='ocrx_word' id='word_1_32' title='bbox 1996 564 2093 620; x_wconf 88' lang='lat' dir='ltr'>po-</span> 
     </span>
    </p>
   </div>
   <div class='ocr_carea' id='block_1_7' title="bbox 444 637 2091 702">
    <p class='ocr_par' dir='ltr' id='par_1_7' title="bbox 444 637 2091 702">
     <span class='ocr_line' id='line_1_7' title="bbox 444 637 2091 702; baseline -0.005 -1"><span class='ocrx_word' id='word_1_33' title='bbox 444 645 566 702; x_wconf 82' lang='lat' dir='ltr'>tius</span> <span class='ocrx_word' id='word_1_34' title='bbox 597 647 654 698; x_wconf 93' lang='lat' dir='ltr'>et</span> <span class='ocrx_word' id='word_1_35' title='bbox 677 642 953 697; x_wconf 90' lang='lat' dir='ltr'>adversus</span> <span class='ocrx_word' id='word_1_36' title='bbox 985 637 1139 694; x_wconf 83' lang='lat' dir='ltr'>sedis</span> <span class='ocrx_word' id='word_1_37' title='bbox 1171 637 1341 692; x_wconf 86' lang='lat' dir='ltr'>istius</span> <span class='ocrx_word' id='word_1_38' title='bbox 1370 637 1600 692; x_wconf 91' lang='lat' dir='ltr'>decreta</span> <span class='ocrx_word' id='word_1_39' title='bbox 1631 641 1944 693; x_wconf 75' lang='lat' dir='ltr'>contumax</span> <span class='ocrx_word' id='word_1_40' title='bbox 1964 653 2091 692; x_wconf 90' lang='lat' dir='ltr'>esse</span> 
     </span>
    </p>
   </div>
   <div class='ocr_carea' id='block_1_8' title="bbox 447 725 2091 800">
    <p class='ocr_par' dir='ltr' id='par_1_8' title="bbox 447 725 2091 800">
     <span class='ocr_line' id='line_1_8' title="bbox 447 725 2091 800; baseline -0.006 -10"><span class='ocrx_word' id='word_1_41' title='bbox 447 750 561 790; x_wconf 90' lang='lat' dir='ltr'>non</span> <span class='ocrx_word' id='word_1_42' title='bbox 595 729 834 795; x_wconf 84' lang='lat' dir='ltr'>destitit,</span> <span class='ocrx_word' id='word_1_43' title='bbox 858 727 958 800; x_wconf 86' lang='lat' dir='ltr'>qui</span> <span class='ocrx_word' id='word_1_44' title='bbox 988 743 1089 799; x_wconf 90' lang='lat' dir='ltr'>pro</span> <span class='ocrx_word' id='word_1_45' title='bbox 1122 743 1204 792; x_wconf 90' lang='lat' dir='ltr'>se,</span> <span class='ocrx_word' id='word_1_46' title='bbox 1230 743 1342 782; x_wconf 93' lang='lat' dir='ltr'>non</span> <span class='ocrx_word' id='word_1_47' title='bbox 1377 730 1579 782; x_wconf 92' lang='lat' dir='ltr'>contra</span> <span class='ocrx_word' id='word_1_48' title='bbox 1609 743 1669 782; x_wconf 89' lang='lat' dir='ltr'>se</span> <span class='ocrx_word' id='word_1_49' title='bbox 1702 725 1888 798; x_wconf 87' lang='lat' dir='ltr'>ipsius</span> <span class='ocrx_word' id='word_1_50' title='bbox 1920 725 1990 781; x_wconf 93' lang='lat' dir='ltr'>ab</span> <span class='ocrx_word' id='word_1_51' title='bbox 2023 741 2091 780; x_wconf 90' lang='lat' dir='ltr'>ea</span> 
     </span>
    </p>
   </div>
   <div class='ocr_carea' id='block_1_9' title="bbox 445 814 2086 890">
    <p class='ocr_par' dir='ltr' id='par_1_9' title="bbox 445 814 2086 890">
     <span class='ocr_line' id='line_1_9' title="bbox 445 814 2086 890; baseline -0.004 -12"><span class='ocrx_word' id='word_1_52' title='bbox 445 823 674 877; x_wconf 90' lang='lat' dir='ltr'>decreta</span> <span class='ocrx_word' id='word_1_53' title='bbox 703 817 875 890; x_wconf 91' lang='lat' dir='ltr'>paulo</span> <span class='ocrx_word' id='word_1_54' title='bbox 919 820 1090 871; x_wconf 83' lang='lat' dir='ltr'>antea</span> <span class='ocrx_word' id='word_1_55' title='bbox 1139 816 1292 883; x_wconf 90' lang='lat' dir='ltr'>data,</span> <span class='ocrx_word' id='word_1_56' title='bbox 1320 819 1604 887; x_wconf 80' lang='lat' dir='ltr'>tanquam</span> <span class='ocrx_word' id='word_1_57' title='bbox 1655 814 1921 886; x_wconf 88' lang='lat' dir='ltr'>ingratus</span> <span class='ocrx_word' id='word_1_58' title='bbox 1972 831 2086 872; x_wconf 85' lang='lat' dir='ltr'>non</span> 
     </span>
    </p>
   </div>
   <div class='ocr_carea' id='block_1_10' title="bbox 443 904 2086 977">
    <p class='ocr_par' dir='ltr' id='par_1_10' title="bbox 443 904 2086 977">
     <span class='ocr_line' id='line_1_10' title="bbox 443 904 2086 977; baseline -0.005 -11"><span class='ocrx_word' id='word_1_59' title='bbox 443 909 663 976; x_wconf 86' lang='lat' dir='ltr'>recolit,</span> <span class='ocrx_word' id='word_1_60' title='bbox 699 911 754 964; x_wconf 86' lang='lat' dir='ltr'>et</span> <span class='ocrx_word' id='word_1_61' title='bbox 783 905 960 961; x_wconf 89' lang='lat' dir='ltr'>veluti</span> <span class='ocrx_word' id='word_1_62' title='bbox 991 904 1401 977; x_wconf 89' lang='lat' dir='ltr'>tergiversator</span> <span class='ocrx_word' id='word_1_63' title='bbox 1441 921 1604 959; x_wconf 90' lang='lat' dir='ltr'>arma</span> <span class='ocrx_word' id='word_1_64' title='bbox 1652 908 1937 976; x_wconf 77' lang='lat' dir='ltr'>praeparat</span> <span class='ocrx_word' id='word_1_65' title='bbox 1985 904 2086 958; x_wconf 78' lang='lat' dir='ltr'>ad~</span> 
     </span>
    </p>
   </div>
   <div class='ocr_carea' id='block_1_11' title="bbox 439 991 2086 1055">
    <p class='ocr_par' dir='ltr' id='par_1_11' title="bbox 439 991 2086 1055">
     <span class='ocr_line' id='line_1_11' title="bbox 439 991 2086 1055; baseline -0.005 0"><span class='ocrx_word' id='word_1_66' title='bbox 439 1015 641 1055; x_wconf 92' lang='lat' dir='ltr'>versus</span> <span class='ocrx_word' id='word_1_67' title='bbox 671 1012 835 1051; x_wconf 90' lang='lat' dir='ltr'>arma</span> <span class='ocrx_word' id='word_1_68' title='bbox 864 993 976 1049; x_wconf 89' lang='lat' dir='ltr'>sibi</span> <span class='ocrx_word' id='word_1_69' title='bbox 1006 992 1248 1048; x_wconf 88' lang='lat' dir='ltr'>tutelam</span> <span class='ocrx_word' id='word_1_70' title='bbox 1282 991 1487 1048; x_wconf 89' lang='lat' dir='ltr'>salutis</span> <span class='ocrx_word' id='word_1_71' title='bbox 1521 1010 1633 1047; x_wconf 92' lang='lat' dir='ltr'>non</span> <span class='ocrx_word' id='word_1_72' title='bbox 1686 991 1912 1047; x_wconf 90' lang='lat' dir='ltr'>modice</span> <span class='ocrx_word' id='word_1_73' title='bbox 1951 1009 2086 1047; x_wconf 84' lang='lat' dir='ltr'>eon-</span> 
     </span>
    </p>
   </div>
   <div class='ocr_carea' id='block_1_12' title="bbox 441 1081 2088 1153">
    <p class='ocr_par' dir='ltr' id='par_1_12' title="bbox 441 1081 2088 1153">
     <span class='ocr_line' id='line_1_12' title="bbox 441 1081 2088 1153; baseline -0.005 -8"><span class='ocrx_word' id='word_1_74' title='bbox 441 1085 702 1152; x_wconf 79' lang='lat' dir='ltr'>ferentia,</span> <span class='ocrx_word' id='word_1_75' title='bbox 735 1090 791 1142; x_wconf 82' lang='lat' dir='ltr'>et</span> <span class='ocrx_word' id='word_1_76' title='bbox 820 1099 1056 1139; x_wconf 91' lang='lat' dir='ltr'>murum</span> <span class='ocrx_word' id='word_1_77' title='bbox 1106 1082 1404 1138; x_wconf 82' lang='lat' dir='ltr'>destruere</span> <span class='ocrx_word' id='word_1_78' title='bbox 1454 1081 1679 1148; x_wconf 86' lang='lat' dir='ltr'>nititur,</span> <span class='ocrx_word' id='word_1_79' title='bbox 1715 1081 1814 1153; x_wconf 90' lang='lat' dir='ltr'>qui</span> <span class='ocrx_word' id='word_1_80' title='bbox 1862 1097 1932 1136; x_wconf 91' lang='lat' dir='ltr'>ne</span> <span class='ocrx_word' id='word_1_81' title='bbox 1964 1081 2088 1153; x_wconf 82' lang='lat' dir='ltr'>ipse</span> 
     </span>
    </p>
   </div>
   <div class='ocr_carea' id='block_1_13' title="bbox 437 1169 2082 1248">
    <p class='ocr_par' dir='ltr' id='par_1_13' title="bbox 437 1169 2082 1248">
     <span class='ocr_line' id='line_1_13' title="bbox 437 1169 2082 1248; baseline -0.007 -14"><span class='ocrx_word' id='word_1_82' title='bbox 437 1179 838 1234; x_wconf 87' lang='lat' dir='ltr'>destrueretur</span> <span class='ocrx_word' id='word_1_83' title='bbox 891 1171 1210 1248; x_wconf 80' lang='lat' dir='ltr'>fortissime</span> <span class='ocrx_word' id='word_1_84' title='bbox 1259 1170 1589 1226; x_wconf 88' lang='lat' dir='ltr'>custodivit.</span> <span class='ocrx_word' id='word_1_85' title='bbox 1626 1171 1693 1224; x_wconf 87' lang='lat' dir='ltr'>Et</span> <span class='ocrx_word' id='word_1_86' title='bbox 1740 1169 1860 1241; x_wconf 84' lang='lat' dir='ltr'>agit</span> <span class='ocrx_word' id='word_1_87' title='bbox 1906 1185 2082 1239; x_wconf 87' lang='lat' dir='ltr'>nunc,</span> 
     </span>
    </p>
   </div>
   <div class='ocr_carea' id='block_1_14' title="bbox 437 1257 2086 1340">
    <p class='ocr_par' dir='ltr' id='par_1_14' title="bbox 437 1257 2086 1340">
     <span class='ocr_line' id='line_1_14' title="bbox 437 1257 2086 1340; baseline -0.006 -18"><span class='ocrx_word' id='word_1_88' title='bbox 437 1269 723 1340; x_wconf 88' lang='lat' dir='ltr'>quantum</span> <span class='ocrx_word' id='word_1_89' title='bbox 755 1263 813 1317; x_wconf 94' lang='lat' dir='ltr'>in</span> <span class='ocrx_word' id='word_1_90' title='bbox 847 1278 908 1317; x_wconf 91' lang='lat' dir='ltr'>se</span> <span class='ocrx_word' id='word_1_91' title='bbox 930 1264 1107 1327; x_wconf 90' lang='lat' dir='ltr'>est,ut</span> <span class='ocrx_word' id='word_1_92' title='bbox 1130 1277 1197 1314; x_wconf 93' lang='lat' dir='ltr'>ea</span> <span class='ocrx_word' id='word_1_93' title='bbox 1230 1263 1452 1314; x_wconf 69' lang='lat' dir='ltr'>statuta</span> <span class='ocrx_word' id='word_1_94' title='bbox 1484 1275 1724 1330; x_wconf 87' lang='lat' dir='ltr'>prorsus</span> <span class='ocrx_word' id='word_1_95' title='bbox 1756 1257 2086 1314; x_wconf 86' lang='lat' dir='ltr'>habeantur</span> 
     </span>
    </p>
   </div>
   <div class='ocr_carea' id='block_1_15' title="bbox 437 1345 2081 1423">
    <p class='ocr_par' dir='ltr' id='par_1_15' title="bbox 437 1345 2081 1423">
     <span class='ocr_line' id='line_1_15' title="bbox 437 1345 2081 1423; baseline -0.007 -13"><span class='ocrx_word' id='word_1_96' title='bbox 437 1353 709 1416; x_wconf 90' lang='lat' dir='ltr'>invalida,</span> <span class='ocrx_word' id='word_1_97' title='bbox 745 1367 872 1423; x_wconf 81' lang='lat' dir='ltr'>quae</span> <span class='ocrx_word' id='word_1_98' title='bbox 905 1365 1038 1403; x_wconf 91' lang='lat' dir='ltr'>cum</span> <span class='ocrx_word' id='word_1_99' title='bbox 1074 1348 1195 1419; x_wconf 89' lang='lat' dir='ltr'>ipse</span> <span class='ocrx_word' id='word_1_100' title='bbox 1227 1347 1319 1401; x_wconf 92' lang='lat' dir='ltr'>his</span> <span class='ocrx_word' id='word_1_101' title='bbox 1346 1346 1809 1418; x_wconf 86' lang='lat' dir='ltr'>egeret,supplex</span> <span class='ocrx_word' id='word_1_102' title='bbox 1830 1345 2081 1420; x_wconf 85' lang='lat' dir='ltr'>petebat,</span> 
     </span>
    </p>
   </div>
   <div class='ocr_carea' id='block_1_16' title="bbox 436 1435 2080 1507">
    <p class='ocr_par' dir='ltr' id='par_1_16' title="bbox 436 1435 2080 1507">
     <span class='ocr_line' id='line_1_16' title="bbox 436 1435 2080 1507; baseline -0.006 -8"><span class='ocrx_word' id='word_1_103' title='bbox 436 1450 491 1499; x_wconf 92' lang='lat' dir='ltr'>et</span> <span class='ocrx_word' id='word_1_104' title='bbox 519 1447 584 1498; x_wconf 91' lang='lat' dir='ltr'>ut</span> <span class='ocrx_word' id='word_1_105' title='bbox 619 1441 855 1496; x_wconf 84' lang='lat' dir='ltr'>fortiora</span> <span class='ocrx_word' id='word_1_106' title='bbox 885 1441 1082 1492; x_wconf 90' lang='lat' dir='ltr'>essent</span> <span class='ocrx_word' id='word_1_107' title='bbox 1109 1437 1441 1501; x_wconf 86' lang='lat' dir='ltr'>adamante,</span> <span class='ocrx_word' id='word_1_108' title='bbox 1467 1435 1800 1492; x_wconf 87' lang='lat' dir='ltr'>submissus</span> <span class='ocrx_word' id='word_1_109' title='bbox 1823 1436 2080 1507; x_wconf 88' lang='lat' dir='ltr'>optabat,</span> 
     </span>
    </p>
   </div>
   <div class='ocr_carea' id='block_1_17' title="bbox 435 1522 2080 1604">
    <p class='ocr_par' dir='ltr' id='par_1_17' title="bbox 435 1522 2080 1604">
     <span class='ocr_line' id='line_1_17' title="bbox 435 1522 2080 1604; baseline -0.006 -16"><span class='ocrx_word' id='word_1_110' title='bbox 435 1537 610 1604; x_wconf 89' lang='lat' dir='ltr'>atque</span> <span class='ocrx_word' id='word_1_111' title='bbox 643 1534 707 1584; x_wconf 90' lang='lat' dir='ltr'>ut</span> <span class='ocrx_word' id='word_1_112' title='bbox 738 1528 848 1584; x_wconf 87' lang='lat' dir='ltr'>sibi</span> <span class='ocrx_word' id='word_1_113' title='bbox 881 1525 1318 1592; x_wconf 86' lang='lat' dir='ltr'>auxiliarentur,</span> <span class='ocrx_word' id='word_1_114' title='bbox 1354 1523 1654 1579; x_wconf 89' lang='lat' dir='ltr'>humiliter</span> <span class='ocrx_word' id='word_1_115' title='bbox 1696 1522 2080 1595; x_wconf 85' lang='lat' dir='ltr'>implorabat;</span> 
     </span>
    </p>
   </div>
   <div class='ocr_carea' id='block_1_18' title="bbox 434 1613 2081 1685">
    <p class='ocr_par' dir='ltr' id='par_1_18' title="bbox 434 1613 2081 1685">
     <span class='ocr_line' id='line_1_18' title="bbox 434 1613 2081 1685; baseline -0.004 -9"><span class='ocrx_word' id='word_1_116' title='bbox 434 1637 660 1676; x_wconf 89' lang='lat' dir='ltr'>necnon</span> <span class='ocrx_word' id='word_1_117' title='bbox 693 1622 748 1672; x_wconf 90' lang='lat' dir='ltr'>et</span> <span class='ocrx_word' id='word_1_118' title='bbox 775 1621 979 1672; x_wconf 89' lang='lat' dir='ltr'>contra</span> <span class='ocrx_word' id='word_1_119' title='bbox 1005 1631 1073 1670; x_wconf 89' lang='lat' dir='ltr'>ea</span> <span class='ocrx_word' id='word_1_120' title='bbox 1099 1616 1501 1685; x_wconf 87' lang='lat' dir='ltr'>repugnantur</span> <span class='ocrx_word' id='word_1_121' title='bbox 1530 1613 1773 1668; x_wconf 84' lang='lat' dir='ltr'>forsitan</span> <span class='ocrx_word' id='word_1_122' title='bbox 1802 1617 2081 1684; x_wconf 84' lang='lat' dir='ltr'>tyrannos</span> 
     </span>
    </p>
   </div>
   <div class='ocr_carea' id='block_1_19' title="bbox 436 1701 2081 1777">
    <p class='ocr_par' dir='ltr' id='par_1_19' title="bbox 436 1701 2081 1777">
     <span class='ocr_line' id='line_1_19' title="bbox 436 1701 2081 1777; baseline -0.004 -13"><span class='ocrx_word' id='word_1_123' title='bbox 436 1713 491 1764; x_wconf 91' lang='lat' dir='ltr'>et</span> <span class='ocrx_word' id='word_1_124' title='bbox 525 1707 838 1777; x_wconf 84' lang='lat' dir='ltr'>sacrilegos</span> <span class='ocrx_word' id='word_1_125' title='bbox 863 1702 1188 1774; x_wconf 87' lang='lat' dir='ltr'>judicabat.</span> <span class='ocrx_word' id='word_1_126' title='bbox 1223 1701 1344 1755; x_wconf 80' lang='lat' dir='ltr'>Nisi</span> <span class='ocrx_word' id='word_1_127' title='bbox 1378 1702 1531 1756; x_wconf 88' lang='lat' dir='ltr'>enim</span> <span class='ocrx_word' id='word_1_128' title='bbox 1565 1702 1732 1756; x_wconf 81' lang='lat' dir='ltr'>sedes</span> <span class='ocrx_word' id='word_1_129' title='bbox 1763 1701 2081 1772; x_wconf 88' lang='lat' dir='ltr'>apostolica</span> 
     </span>
    </p>
   </div>
   <div class='ocr_carea' id='block_1_20' title="bbox 433 1790 2079 1868">
    <p class='ocr_par' dir='ltr' id='par_1_20' title="bbox 433 1790 2079 1868">
     <span class='ocr_line' id='line_1_20' title="bbox 433 1790 2079 1868; baseline -0.004 -16"><span class='ocrx_word' id='word_1_130' title='bbox 433 1797 482 1854; x_wconf 91' lang='lat' dir='ltr'>ei</span> <span class='ocrx_word' id='word_1_131' title='bbox 517 1797 794 1868; x_wconf 86' lang='lat' dir='ltr'>parceret,</span> <span class='ocrx_word' id='word_1_132' title='bbox 827 1791 923 1846; x_wconf 90' lang='lat' dir='ltr'>ille</span> <span class='ocrx_word' id='word_1_133' title='bbox 965 1791 1256 1863; x_wconf 92' lang='lat' dir='ltr'>quomodo</span> <span class='ocrx_word' id='word_1_134' title='bbox 1305 1790 1957 1846; x_wconf 77' lang='lat' dir='ltr'>eorreverendissimum</span> <span class='ocrx_word' id='word_1_135' title='bbox 1992 1791 2079 1862; x_wconf 79' lang='lat' dir='ltr'>Ig-</span> 
     </span>
    </p>
   </div>
   <div class='ocr_carea' id='block_1_21' title="bbox 432 1879 2073 1955">
    <p class='ocr_par' dir='ltr' id='par_1_21' title="bbox 432 1879 2073 1955">
     <span class='ocr_line' id='line_1_21' title="bbox 432 1879 2073 1955; baseline -0.004 -14"><span class='ocrx_word' id='word_1_136' title='bbox 432 1885 659 1941; x_wconf 89' lang='lat' dir='ltr'>natium</span> <span class='ocrx_word' id='word_1_137' title='bbox 705 1885 901 1955; x_wconf 87' lang='lat' dir='ltr'>posset</span> <span class='ocrx_word' id='word_1_138' title='bbox 947 1881 1264 1946; x_wconf 88' lang='lat' dir='ltr'>destruere,</span> <span class='ocrx_word' id='word_1_139' title='bbox 1301 1879 1606 1934; x_wconf 85' lang='lat' dir='ltr'>brachium</span> <span class='ocrx_word' id='word_1_140' title='bbox 1652 1896 1767 1934; x_wconf 90' lang='lat' dir='ltr'>non</span> <span class='ocrx_word' id='word_1_141' title='bbox 1816 1879 2073 1935; x_wconf 86' lang='lat' dir='ltr'>haberet.</span> 
     </span>
    </p>
   </div>
   <div class='ocr_carea' id='block_1_22' title="bbox 430 1967 2074 2039">
    <p class='ocr_par' dir='ltr' id='par_1_22' title="bbox 430 1967 2074 2039">
     <span class='ocr_line' id='line_1_22' title="bbox 430 1967 2074 2039; baseline -0.004 -10"><span class='ocrx_word' id='word_1_142' title='bbox 430 1976 502 2030; x_wconf 86' lang='lat' dir='ltr'>At</span> <span class='ocrx_word' id='word_1_143' title='bbox 533 1972 628 2027; x_wconf 91' lang='lat' dir='ltr'>ille</span> <span class='ocrx_word' id='word_1_144' title='bbox 660 1988 802 2025; x_wconf 90' lang='lat' dir='ltr'>usus</span> <span class='ocrx_word' id='word_1_145' title='bbox 834 1973 921 2024; x_wconf 90' lang='lat' dir='ltr'>est</span> <span class='ocrx_word' id='word_1_146' title='bbox 949 1969 1106 2023; x_wconf 83' lang='lat' dir='ltr'>sedis</span> <span class='ocrx_word' id='word_1_147' title='bbox 1147 1967 1475 2039; x_wconf 63' lang='lat' dir='ltr'>apostolicae</span> <span class='ocrx_word' id='word_1_148' title='bbox 1525 1967 1781 2023; x_wconf 89' lang='lat' dir='ltr'>bonitate</span> <span class='ocrx_word' id='word_1_149' title='bbox 1815 1967 1872 2021; x_wconf 91' lang='lat' dir='ltr'>in</span> <span class='ocrx_word' id='word_1_150' title='bbox 1907 1967 2074 2022; x_wconf 90' lang='lat' dir='ltr'>mali-</span> 
     </span>
    </p>
   </div>
   <div class='ocr_carea' id='block_1_23' title="bbox 429 2053 2074 2137">
    <p class='ocr_par' dir='ltr' id='par_1_23' title="bbox 429 2053 2074 2137">
     <span class='ocr_line' id='line_1_23' title="bbox 429 2053 2074 2137; baseline -0.004 -20"><span class='ocrx_word' id='word_1_151' title='bbox 429 2063 669 2137; x_wconf 89' lang='lat' dir='ltr'>gnitate,</span> <span class='ocrx_word' id='word_1_152' title='bbox 704 2065 759 2115; x_wconf 90' lang='lat' dir='ltr'>et</span> <span class='ocrx_word' id='word_1_153' title='bbox 789 2058 1138 2114; x_wconf 80' lang='lat' dir='ltr'>beneficium</span> <span class='ocrx_word' id='word_1_154' title='bbox 1188 2057 1246 2111; x_wconf 90' lang='lat' dir='ltr'>in</span> <span class='ocrx_word' id='word_1_155' title='bbox 1299 2056 1479 2129; x_wconf 88' lang='lat' dir='ltr'>patris</span> <span class='ocrx_word' id='word_1_156' title='bbox 1524 2056 1612 2111; x_wconf 92' lang='lat' dir='ltr'>sui</span> <span class='ocrx_word' id='word_1_157' title='bbox 1647 2055 1928 2112; x_wconf 87' lang='lat' dir='ltr'>convertit</span> <span class='ocrx_word' id='word_1_158' title='bbox 1956 2053 2074 2111; x_wconf 76' lang='lat' dir='ltr'>exi-</span> 
     </span>
    </p>
   </div>
   <div class='ocr_carea' id='block_1_24' title="bbox 425 2151 597 2208">
    <p class='ocr_par' dir='ltr' id='par_1_24' title="bbox 425 2151 597 2208">
     <span class='ocr_line' id='line_1_24' title="bbox 425 2151 597 2208; baseline -0.012 0"><span class='ocrx_word' id='word_1_159' title='bbox 425 2151 597 2208; x_wconf 89' lang='lat' dir='ltr'>tium.</span> 
     </span>
    </p>
   </div>
   <div class='ocr_carea' id='block_1_25' title="bbox 497 2233 2068 2311">
    <p class='ocr_par' dir='ltr' id='par_1_25' title="bbox 497 2233 2068 2311">
     <span class='ocr_line' id='line_1_25' title="bbox 497 2233 2068 2311; baseline -0.006 -14"><span class='ocrx_word' id='word_1_160' title='bbox 497 2241 681 2297; x_wconf 85' lang='lat' dir='ltr'>Dicite</span> <span class='ocrx_word' id='word_1_161' title='bbox 729 2237 930 2311; x_wconf 84' lang='lat' dir='ltr'>igitur,</span> <span class='ocrx_word' id='word_1_162' title='bbox 985 2236 1317 2307; x_wconf 84' lang='lat' dir='ltr'>imperator,</span> <span class='ocrx_word' id='word_1_163' title='bbox 1366 2235 1624 2299; x_wconf 88' lang='lat' dir='ltr'>obsecro,</span> <span class='ocrx_word' id='word_1_164' title='bbox 1659 2251 1793 2290; x_wconf 91' lang='lat' dir='ltr'>cum</span> <span class='ocrx_word' id='word_1_165' title='bbox 1842 2234 1923 2288; x_wconf 89' lang='lat' dir='ltr'>ita</span> <span class='ocrx_word' id='word_1_166' title='bbox 1974 2233 2068 2302; x_wconf 85' lang='lat' dir='ltr'>sit,</span> 
     </span>
    </p>
   </div>
   <div class='ocr_carea' id='block_1_26' title="bbox 423 2323 2070 2404">
    <p class='ocr_par' dir='ltr' id='par_1_26' title="bbox 423 2323 2070 2404">
     <span class='ocr_line' id='line_1_26' title="bbox 423 2323 2070 2404; baseline -0.004 -20"><span class='ocrx_word' id='word_1_167' title='bbox 423 2329 718 2404; x_wconf 87' lang='lat' dir='ltr'>quomodo</span> <span class='ocrx_word' id='word_1_168' title='bbox 750 2345 863 2383; x_wconf 92' lang='lat' dir='ltr'>non</span> <span class='ocrx_word' id='word_1_169' title='bbox 898 2326 1216 2380; x_wconf 87' lang='lat' dir='ltr'>debeamus</span> <span class='ocrx_word' id='word_1_170' title='bbox 1249 2341 1354 2378; x_wconf 90' lang='lat' dir='ltr'>nos</span> <span class='ocrx_word' id='word_1_171' title='bbox 1397 2323 1687 2395; x_wconf 88' lang='lat' dir='ltr'>Ignatium</span> <span class='ocrx_word' id='word_1_172' title='bbox 1738 2342 1850 2378; x_wconf 93' lang='lat' dir='ltr'>non</span> <span class='ocrx_word' id='word_1_173' title='bbox 1904 2325 2070 2394; x_wconf 90' lang='lat' dir='ltr'>adju-</span> 
     </span>
    </p>
   </div>
   <div class='ocr_carea' id='block_1_27' title="bbox 421 2411 2070 2486">
    <p class='ocr_par' dir='ltr' id='par_1_27' title="bbox 421 2411 2070 2486">
     <span class='ocr_line' id='line_1_27' title="bbox 421 2411 2070 2486; baseline -0.005 -11"><span class='ocrx_word' id='word_1_174' title='bbox 421 2419 597 2475; x_wconf 84' lang='lat' dir='ltr'>vare?</span> <span class='ocrx_word' id='word_1_175' title='bbox 628 2421 728 2472; x_wconf 89' lang='lat' dir='ltr'>aut</span> <span class='ocrx_word' id='word_1_176' title='bbox 757 2431 943 2486; x_wconf 90' lang='lat' dir='ltr'>usque</span> <span class='ocrx_word' id='word_1_177' title='bbox 975 2414 1045 2467; x_wconf 91' lang='lat' dir='ltr'>ad</span> <span class='ocrx_word' id='word_1_178' title='bbox 1078 2412 1460 2477; x_wconf 82' lang='lat' dir='ltr'>audientiam,</span> <span class='ocrx_word' id='word_1_179' title='bbox 1493 2417 1779 2483; x_wconf 88' lang='lat' dir='ltr'>quantum</span> <span class='ocrx_word' id='word_1_180' title='bbox 1811 2411 1868 2466; x_wconf 90' lang='lat' dir='ltr'>in</span> <span class='ocrx_word' id='word_1_181' title='bbox 1902 2413 2070 2468; x_wconf 89' lang='lat' dir='ltr'>nobis</span> 
     </span>
    </p>
   </div>
   <div class='ocr_carea' id='block_1_28' title="bbox 421 2500 2070 2576">
    <p class='ocr_par' dir='ltr' id='par_1_28' title="bbox 421 2500 2070 2576">
     <span class='ocr_line' id='line_1_28' title="bbox 421 2500 2070 2576; baseline -0.004 -14"><span class='ocrx_word' id='word_1_182' title='bbox 421 2511 530 2576; x_wconf 92' lang='lat' dir='ltr'>est,</span> <span class='ocrx_word' id='word_1_183' title='bbox 565 2507 897 2560; x_wconf 90' lang='lat' dir='ltr'>indemnem</span> <span class='ocrx_word' id='word_1_184' title='bbox 922 2519 1035 2556; x_wconf 90' lang='lat' dir='ltr'>non</span> <span class='ocrx_word' id='word_1_185' title='bbox 1065 2501 1299 2572; x_wconf 88' lang='lat' dir='ltr'>penitus</span> <span class='ocrx_word' id='word_1_186' title='bbox 1319 2517 1658 2556; x_wconf 90' lang='lat' dir='ltr'>conservare</span> <span class='ocrx_word' id='word_1_187' title='bbox 1676 2501 1702 2555; x_wconf 70' lang='grc' dir='ltr'>ζ’</span> <span class='ocrx_word' id='word_1_188' title='bbox 1720 2500 1802 2555; x_wconf 92' lang='lat' dir='ltr'>vel</span> <span class='ocrx_word' id='word_1_189' title='bbox 1831 2518 2070 2572; x_wconf 89' lang='lat' dir='ltr'>quomo-</span> 
     </span>
    </p>
   </div>
   <div class='ocr_carea' id='block_1_29' title="bbox 421 2589 2068 2666">
    <p class='ocr_par' dir='ltr' id='par_1_29' title="bbox 421 2589 2068 2666">
     <span class='ocr_line' id='line_1_29' title="bbox 421 2589 2068 2666; baseline -0.004 -15"><span class='ocrx_word' id='word_1_190' title='bbox 421 2597 493 2651; x_wconf 92' lang='lat' dir='ltr'>do</span> <span class='ocrx_word' id='word_1_191' title='bbox 543 2612 658 2650; x_wconf 91' lang='lat' dir='ltr'>non</span> <span class='ocrx_word' id='word_1_192' title='bbox 707 2591 1003 2666; x_wconf 90' lang='lat' dir='ltr'>possimus</span> <span class='ocrx_word' id='word_1_193' title='bbox 1047 2589 1411 2661; x_wconf 87' lang='lat' dir='ltr'>Gregorium,</span> <span class='ocrx_word' id='word_1_194' title='bbox 1445 2593 1501 2644; x_wconf 89' lang='lat' dir='ltr'>et</span> <span class='ocrx_word' id='word_1_195' title='bbox 1532 2589 1637 2644; x_wconf 92' lang='lat' dir='ltr'>hos</span> <span class='ocrx_word' id='word_1_196' title='bbox 1669 2589 1767 2661; x_wconf 91' lang='lat' dir='ltr'>qui</span> <span class='ocrx_word' id='word_1_197' title='bbox 1799 2607 1865 2645; x_wconf 87' lang='lat' dir='ltr'>ex</span> <span class='ocrx_word' id='word_1_198' title='bbox 1905 2596 2068 2662; x_wconf 90' lang='lat' dir='ltr'>parte</span> 
     </span>
    </p>
   </div>
   <div class='ocr_carea' id='block_1_30' title="bbox 418 2677 2062 2757">
    <p class='ocr_par' dir='ltr' id='par_1_30' title="bbox 418 2677 2062 2757">
     <span class='ocr_line' id='line_1_30' title="bbox 418 2677 2062 2757; baseline -0.004 -17"><span class='ocrx_word' id='word_1_199' title='bbox 418 2684 607 2757; x_wconf 87' lang='lat' dir='ltr'>ipsius</span> <span class='ocrx_word' id='word_1_200' title='bbox 640 2687 797 2752; x_wconf 91' lang='lat' dir='ltr'>sunt,</span> <span class='ocrx_word' id='word_1_201' title='bbox 831 2679 1036 2736; x_wconf 92' lang='lat' dir='ltr'>merito</span> <span class='ocrx_word' id='word_1_202' title='bbox 1069 2677 1499 2734; x_wconf 89' lang='lat' dir='ltr'>condemnare?</span> <span class='ocrx_word' id='word_1_203' title='bbox 1520 2679 1761 2744; x_wconf 89' lang='lat' dir='ltr'>Quando</span> <span class='ocrx_word' id='word_1_204' title='bbox 1782 2679 2062 2752; x_wconf 89' lang='lat' dir='ltr'>Ignatius,</span> 
     </span>
    </p>
   </div>
   <div class='ocr_carea' id='block_1_31' title="bbox 419 2765 2068 2840">
    <p class='ocr_par' dir='ltr' id='par_1_31' title="bbox 419 2765 2068 2840">
     <span class='ocr_line' id='line_1_31' title="bbox 419 2765 2068 2840; baseline -0.003 -11"><span class='ocrx_word' id='word_1_205' title='bbox 419 2773 531 2829; x_wconf 89' lang='lat' dir='ltr'>nisi</span> <span class='ocrx_word' id='word_1_206' title='bbox 565 2791 598 2828; x_wconf 90' lang='lat' dir='ltr'>a</span> <span class='ocrx_word' id='word_1_207' title='bbox 629 2772 799 2828; x_wconf 93' lang='lat' dir='ltr'>nobis</span> <span class='ocrx_word' id='word_1_208' title='bbox 830 2773 985 2826; x_wconf 90' lang='lat' dir='ltr'>esset</span> <span class='ocrx_word' id='word_1_209' title='bbox 1018 2767 1354 2840; x_wconf 89' lang='lat' dir='ltr'>impeditus,</span> <span class='ocrx_word' id='word_1_210' title='bbox 1389 2767 1472 2823; x_wconf 90' lang='lat' dir='ltr'>sic</span> <span class='ocrx_word' id='word_1_211' title='bbox 1506 2765 1636 2822; x_wconf 91' lang='lat' dir='ltr'>illos</span> <span class='ocrx_word' id='word_1_212' title='bbox 1659 2769 1934 2824; x_wconf 89' lang='lat' dir='ltr'>canonice</span> <span class='ocrx_word' id='word_1_213' title='bbox 1960 2769 2068 2824; x_wconf 84' lang='lat' dir='ltr'>for-</span> 
     </span>
    </p>
   </div>
   <div class='ocr_carea' id='block_1_32' title="bbox 415 2855 2056 2930">
    <p class='ocr_par' dir='ltr' id='par_1_32' title="bbox 415 2855 2056 2930">
     <span class='ocr_line' id='line_1_32' title="bbox 415 2855 2056 2930; baseline -0.004 -11"><span class='ocrx_word' id='word_1_214' title='bbox 415 2863 568 2921; x_wconf 87' lang='lat' dir='ltr'>sitan</span> <span class='ocrx_word' id='word_1_215' title='bbox 600 2863 902 2926; x_wconf 89' lang='lat' dir='ltr'>sterneret,</span> <span class='ocrx_word' id='word_1_216' title='bbox 938 2864 1001 2912; x_wconf 91' lang='lat' dir='ltr'>ut</span> <span class='ocrx_word' id='word_1_217' title='bbox 1026 2862 1081 2913; x_wconf 90' lang='lat' dir='ltr'>et</span> <span class='ocrx_word' id='word_1_218' title='bbox 1110 2873 1245 2912; x_wconf 92' lang='lat' dir='ltr'>eum</span> <span class='ocrx_word' id='word_1_219' title='bbox 1279 2855 1436 2911; x_wconf 93' lang='lat' dir='ltr'>nullo</span> <span class='ocrx_word' id='word_1_220' title='bbox 1482 2856 1787 2912; x_wconf 88' lang='lat' dir='ltr'>conamine</span> <span class='ocrx_word' id='word_1_221' title='bbox 1832 2857 2056 2930; x_wconf 61' lang='lat' dir='ltr'>potuiso</span> 
     </span>
    </p>
   </div>
   <div class='ocr_carea' id='block_1_33' title="bbox 413 2944 2062 3023">
    <p class='ocr_par' dir='ltr' id='par_1_33' title="bbox 413 2944 2062 3023">
     <span class='ocr_line' id='line_1_33' title="bbox 413 2944 2062 3023; baseline -0.002 -15"><span class='ocrx_word' id='word_1_222' title='bbox 413 2956 544 3008; x_wconf 89' lang='lat' dir='ltr'>sent</span> <span class='ocrx_word' id='word_1_223' title='bbox 567 2949 863 3023; x_wconf 84' lang='lat' dir='ltr'>impellere</span> <span class='ocrx_word' id='word_1_224' title='bbox 896 2964 908 3002; x_wconf 88' lang='lat'>:</span> <span class='ocrx_word' id='word_1_225' title='bbox 941 2946 1039 3002; x_wconf 86' lang='lat' dir='ltr'>isti</span> <span class='ocrx_word' id='word_1_226' title='bbox 1071 2945 1172 3018; x_wconf 87' lang='lat' dir='ltr'>qui</span> <span class='ocrx_word' id='word_1_227' title='bbox 1205 2962 1318 3000; x_wconf 92' lang='lat' dir='ltr'>non</span> <span class='ocrx_word' id='word_1_228' title='bbox 1351 2944 1520 3000; x_wconf 89' lang='lat' dir='ltr'>nobis</span> <span class='ocrx_word' id='word_1_229' title='bbox 1563 2945 1878 3014; x_wconf 63' lang='lat' dir='ltr'>haeserunt,</span> <span class='ocrx_word' id='word_1_230' title='bbox 1915 2965 2062 3019; x_wconf 93' lang='lat' dir='ltr'>quos</span> 
     </span>
    </p>
   </div>
   <div class='ocr_carea' id='block_1_34' title="bbox 411 3033 2063 3112">
    <p class='ocr_par' dir='ltr' id='par_1_34' title="bbox 411 3033 2063 3112">
     <span class='ocr_line' id='line_1_34' title="bbox 411 3033 2063 3112; baseline -0.001 -16"><span class='ocrx_word' id='word_1_231' title='bbox 411 3040 471 3096; x_wconf 89' lang='lat' dir='ltr'>in</span> <span class='ocrx_word' id='word_1_232' title='bbox 504 3038 862 3112; x_wconf 90' lang='lat' dir='ltr'>adjutorium</span> <span class='ocrx_word' id='word_1_233' title='bbox 894 3053 1069 3092; x_wconf 90' lang='lat' dir='ltr'>suum</span> <span class='ocrx_word' id='word_1_234' title='bbox 1101 3034 1314 3090; x_wconf 89' lang='lat' dir='ltr'>habere</span> <span class='ocrx_word' id='word_1_235' title='bbox 1347 3033 1819 3106; x_wconf 88' lang='lat' dir='ltr'>promptissimos</span> <span class='ocrx_word' id='word_1_236' title='bbox 1845 3053 2063 3094; x_wconf 87' lang='lat' dir='ltr'>merue-</span> 
     </span>
    </p>
   </div>
   <div class='ocr_carea' id='block_1_35' title="bbox 2204 455 3784 533">
    <p class='ocr_par' dir='ltr' id='par_1_35' title="bbox 2204 455 3784 533">
     <span class='ocr_line' id='line_1_35' title="bbox 2204 455 3784 533; baseline 0.004 -21"><span class='ocrx_word' id='word_1_237' title='bbox 2204 461 2320 514; x_wconf 85' lang='lat' dir='ltr'>tate</span> <span class='ocrx_word' id='word_1_238' title='bbox 2373 458 2530 513; x_wconf 75' lang='lat' dir='ltr'>scrtis</span> <span class='ocrx_word' id='word_1_239' title='bbox 2580 456 2912 530; x_wconf 68' lang='lat' dir='ltr'>apostolica:</span> <span class='ocrx_word' id='word_1_240' title='bbox 2963 455 3371 523; x_wconf 86' lang='lat' dir='ltr'>roboraverint,</span> <span class='ocrx_word' id='word_1_241' title='bbox 3399 458 3492 513; x_wconf 89' lang='lat' dir='ltr'>sed</span> <span class='ocrx_word' id='word_1_242' title='bbox 3537 475 3698 533; x_wconf 90' lang='lat' dir='ltr'>usque</span> <span class='ocrx_word' id='word_1_243' title='bbox 3738 462 3784 519; x_wconf 92' lang='lat' dir='ltr'>in</span> 
     </span>
    </p>
   </div>
   <div class='ocr_carea' id='block_1_36' title="bbox 2203 545 3788 622">
    <p class='ocr_par' dir='ltr' id='par_1_36' title="bbox 2203 545 3788 622">
     <span class='ocr_line' id='line_1_36' title="bbox 2203 545 3788 622; baseline 0.004 -21"><span class='ocrx_word' id='word_1_244' title='bbox 2203 548 2571 622; x_wconf 63' lang='lat' dir='ltr'>praesentiam</span> <span class='ocrx_word' id='word_1_245' title='bbox 2603 546 2866 618; x_wconf 90' lang='lat' dir='ltr'>ejusdem</span> <span class='ocrx_word' id='word_1_246' title='bbox 2891 545 3219 618; x_wconf 67' lang='lat' dir='ltr'>apostolicae</span> <span class='ocrx_word' id='word_1_247' title='bbox 3242 546 3394 602; x_wconf 87' lang='lat' dir='ltr'>sedis</span> <span class='ocrx_word' id='word_1_248' title='bbox 3413 545 3611 603; x_wconf 80' lang='lat' dir='ltr'>differri</span> <span class='ocrx_word' id='word_1_249' title='bbox 3631 549 3788 608; x_wconf 83' lang='lat' dir='ltr'>decre-</span> 
     </span>
    </p>
   </div>
   <div class='ocr_carea' id='block_1_37' title="bbox 2197 635 2406 693">
    <p class='ocr_par' dir='ltr' id='par_1_37' title="bbox 2197 635 2406 693">
     <span class='ocr_line' id='line_1_37' title="bbox 2197 635 2406 693; baseline -0.005 -2"><span class='ocrx_word' id='word_1_250' title='bbox 2197 635 2406 693; x_wconf 87' lang='lat' dir='ltr'>verint.</span> 
     </span>
    </p>
   </div>
   <div class='ocr_carea' id='block_1_38' title="bbox 2271 721 3785 799">
    <p class='ocr_par' dir='ltr' id='par_1_38' title="bbox 2271 721 3785 799">
     <span class='ocr_line' id='line_1_38' title="bbox 2271 721 3785 799; baseline 0.003 -19"><span class='ocrx_word' id='word_1_251' title='bbox 2271 725 2679 792; x_wconf 87' lang='lat' dir='ltr'>Quamobrem,</span> <span class='ocrx_word' id='word_1_252' title='bbox 2701 723 3044 780; x_wconf 90' lang='lat' dir='ltr'>charissime</span> <span class='ocrx_word' id='word_1_253' title='bbox 3063 723 3143 780; x_wconf 85' lang='lat' dir='ltr'>fili</span> <span class='ocrx_word' id='word_1_254' title='bbox 3160 729 3214 778; x_wconf 92' lang='lat' dir='ltr'>et</span> <span class='ocrx_word' id='word_1_255' title='bbox 3230 721 3530 780; x_wconf 87' lang='lat' dir='ltr'>laudabilis</span> <span class='ocrx_word' id='word_1_256' title='bbox 3547 727 3785 799; x_wconf 81' lang='lat' dir='ltr'>Auguste,</span> 
     </span>
    </p>
   </div>
   <div class='ocr_carea' id='block_1_39' title="bbox 2199 811 3786 888">
    <p class='ocr_par' dir='ltr' id='par_1_39' title="bbox 2199 811 3786 888">
     <span class='ocr_line' id='line_1_39' title="bbox 2199 811 3786 888; baseline 0.003 -20"><span class='ocrx_word' id='word_1_257' title='bbox 2199 813 2338 888; x_wconf 87' lang='lat' dir='ltr'>quia</span> <span class='ocrx_word' id='word_1_258' title='bbox 2368 813 2535 886; x_wconf 91' lang='lat' dir='ltr'>quasi</span> <span class='ocrx_word' id='word_1_259' title='bbox 2569 831 2670 886; x_wconf 92' lang='lat' dir='ltr'>per</span> <span class='ocrx_word' id='word_1_260' title='bbox 2702 811 2807 870; x_wconf 86' lang='lat' dir='ltr'>nos</span> <span class='ocrx_word' id='word_1_261' title='bbox 2839 813 3073 868; x_wconf 91' lang='lat' dir='ltr'>inventa</span> <span class='ocrx_word' id='word_1_262' title='bbox 3113 817 3200 868; x_wconf 89' lang='lat' dir='ltr'>est</span> <span class='ocrx_word' id='word_1_263' title='bbox 3247 811 3446 884; x_wconf 89' lang='lat' dir='ltr'>lgnatii</span> <span class='ocrx_word' id='word_1_264' title='bbox 3494 814 3786 885; x_wconf 79' lang='lat' dir='ltr'>dejectionis</span> 
     </span>
    </p>
   </div>
   <div class='ocr_carea' id='block_1_40' title="bbox 2199 900 3782 975">
    <p class='ocr_par' dir='ltr' id='par_1_40' title="bbox 2199 900 3782 975">
     <span class='ocr_line' id='line_1_40' title="bbox 2199 900 3782 975; baseline 0.003 -19"><span class='ocrx_word' id='word_1_265' title='bbox 2199 902 2463 970; x_wconf 89' lang='lat' dir='ltr'>materia,</span> <span class='ocrx_word' id='word_1_266' title='bbox 2509 902 2723 958; x_wconf 89' lang='lat' dir='ltr'>ideirco</span> <span class='ocrx_word' id='word_1_267' title='bbox 2783 906 2992 974; x_wconf 67' lang='lat' dir='ltr'>praeter</span> <span class='ocrx_word' id='word_1_268' title='bbox 3031 902 3087 957; x_wconf 92' lang='lat' dir='ltr'>id</span> <span class='ocrx_word' id='word_1_269' title='bbox 3139 900 3292 973; x_wconf 87' lang='lat' dir='ltr'>quod</span> <span class='ocrx_word' id='word_1_270' title='bbox 3346 900 3515 957; x_wconf 78' lang='lat' dir='ltr'>frater</span> <span class='ocrx_word' id='word_1_271' title='bbox 3565 905 3782 975; x_wconf 81' lang='lat' dir='ltr'>adjuvari</span> 
     </span>
    </p>
   </div>
   <div class='ocr_carea' id='block_1_41' title="bbox 2196 989 3783 1066">
    <p class='ocr_par' dir='ltr' id='par_1_41' title="bbox 2196 989 3783 1066">
     <span class='ocr_line' id='line_1_41' title="bbox 2196 989 3783 1066; baseline 0.004 -22"><span class='ocrx_word' id='word_1_272' title='bbox 2196 991 2368 1047; x_wconf 85' lang='lat' dir='ltr'>debet</span> <span class='ocrx_word' id='word_1_273' title='bbox 2397 1009 2429 1046; x_wconf 89' lang='lat' dir='ltr'>a</span> <span class='ocrx_word' id='word_1_274' title='bbox 2459 991 2654 1058; x_wconf 82' lang='lat' dir='ltr'>fratre,</span> <span class='ocrx_word' id='word_1_275' title='bbox 2689 995 2896 1066; x_wconf 65' lang='lat' dir='ltr'>praeter</span> <span class='ocrx_word' id='word_1_276' title='bbox 2926 989 2984 1046; x_wconf 92' lang='lat' dir='ltr'>id</span> <span class='ocrx_word' id='word_1_277' title='bbox 3033 989 3209 1046; x_wconf 88' lang='lat' dir='ltr'>etiam</span> <span class='ocrx_word' id='word_1_278' title='bbox 3258 990 3407 1062; x_wconf 89' lang='lat' dir='ltr'>quod</span> <span class='ocrx_word' id='word_1_279' title='bbox 3451 991 3603 1047; x_wconf 84' lang='lat' dir='ltr'>Petro</span> <span class='ocrx_word' id='word_1_280' title='bbox 3645 995 3783 1066; x_wconf 79' lang='lat' dir='ltr'>cujus</span> 
     </span>
    </p>
   </div>
   <div class='ocr_carea' id='block_1_42' title="bbox 2195 1078 3781 1152">
    <p class='ocr_par' dir='ltr' id='par_1_42' title="bbox 2195 1078 3781 1152">
     <span class='ocr_line' id='line_1_42' title="bbox 2195 1078 3781 1152; baseline 0.003 -18"><span class='ocrx_word' id='word_1_281' title='bbox 2195 1078 2253 1134; x_wconf 92' lang='lat' dir='ltr'>in</span> <span class='ocrx_word' id='word_1_282' title='bbox 2288 1079 2473 1147; x_wconf 91' lang='lat' dir='ltr'>terris,</span> <span class='ocrx_word' id='word_1_283' title='bbox 2510 1079 2642 1137; x_wconf 69' lang='lat' dir='ltr'>licet</span> <span class='ocrx_word' id='word_1_284' title='bbox 2667 1079 2912 1152; x_wconf 87' lang='lat' dir='ltr'>indigni,</span> <span class='ocrx_word' id='word_1_285' title='bbox 2945 1079 3129 1135; x_wconf 87' lang='lat' dir='ltr'>vicem</span> <span class='ocrx_word' id='word_1_286' title='bbox 3157 1078 3432 1152; x_wconf 83' lang='lat' dir='ltr'>gerimus,</span> <span class='ocrx_word' id='word_1_287' title='bbox 3466 1079 3659 1136; x_wconf 82' lang='lat' dir='ltr'>Christi</span> <span class='ocrx_word' id='word_1_288' title='bbox 3687 1101 3781 1140; x_wconf 87' lang='lat' dir='ltr'>ora-</span> 
     </span>
    </p>
   </div>
   <div class='ocr_carea' id='block_1_43' title="bbox 2195 1167 3780 1241">
    <p class='ocr_par' dir='ltr' id='par_1_43' title="bbox 2195 1167 3780 1241">
     <span class='ocr_line' id='line_1_43' title="bbox 2195 1167 3780 1241; baseline 0.002 -16"><span class='ocrx_word' id='word_1_289' title='bbox 2195 1168 2325 1225; x_wconf 89' lang='lat' dir='ltr'>culo</span> <span class='ocrx_word' id='word_1_290' title='bbox 2356 1168 2727 1241; x_wconf 86' lang='lat' dir='ltr'>peculiariter</span> <span class='ocrx_word' id='word_1_291' title='bbox 2766 1167 2979 1224; x_wconf 89' lang='lat' dir='ltr'>dicitur</span> <span class='ocrx_word' id='word_1_292' title='bbox 3009 1185 3022 1224; x_wconf 91' lang='lat'>:</span> <span class='ocrx_word' id='word_1_293' title='bbox 3056 1173 3124 1226; x_wconf 81' lang='lat' dir='ltr'>Et</span> <span class='ocrx_word' id='word_1_294' title='bbox 3166 1169 3425 1239; x_wconf 85' lang='lat' dir='ltr'>conﬁrma</span> <span class='ocrx_word' id='word_1_295' title='bbox 3470 1170 3650 1240; x_wconf 70' lang='lat' dir='ltr'>fratres</span> <span class='ocrx_word' id='word_1_296' title='bbox 3689 1181 3780 1228; x_wconf 74' lang='lat' dir='ltr'>tuo:</span> 
     </span>
    </p>
   </div>
   <div class='ocr_carea' id='block_1_44' title="bbox 2196 1256 3779 1330">
    <p class='ocr_par' dir='ltr' id='par_1_44' title="bbox 2196 1256 3779 1330">
     <span class='ocr_line' id='line_1_44' title="bbox 2196 1256 3779 1330; baseline 0.004 -18"><span class='ocrx_word' id='word_1_297' title='bbox 2196 1257 2344 1329; x_wconf 82' lang='lat' dir='ltr'>(Luc.</span> <span class='ocrx_word' id='word_1_298' title='bbox 2378 1261 2540 1326; x_wconf 84' lang='lat' dir='ltr'>xxn),</span> <span class='ocrx_word' id='word_1_299' title='bbox 2574 1258 2751 1313; x_wconf 91' lang='lat' dir='ltr'>etiam</span> <span class='ocrx_word' id='word_1_300' title='bbox 2783 1257 2893 1313; x_wconf 91' lang='lat' dir='ltr'>hoc</span> <span class='ocrx_word' id='word_1_301' title='bbox 2923 1256 3252 1330; x_wconf 86' lang='lat' dir='ltr'>specialiter</span> <span class='ocrx_word' id='word_1_302' title='bbox 3294 1257 3505 1314; x_wconf 91' lang='lat' dir='ltr'>dicitur</span> <span class='ocrx_word' id='word_1_303' title='bbox 3547 1275 3662 1316; x_wconf 90' lang='lat' dir='ltr'>eum</span> <span class='ocrx_word' id='word_1_304' title='bbox 3691 1279 3779 1318; x_wconf 90' lang='lat' dir='ltr'>non</span> 
     </span>
    </p>
   </div>
   <div class='ocr_carea' id='block_1_45' title="bbox 2194 1346 3779 1420">
    <p class='ocr_par' dir='ltr' id='par_1_45' title="bbox 2194 1346 3779 1420">
     <span class='ocr_line' id='line_1_45' title="bbox 2194 1346 3779 1420; baseline 0.004 -20"><span class='ocrx_word' id='word_1_305' title='bbox 2194 1346 2383 1402; x_wconf 91' lang='lat' dir='ltr'>solum</span> <span class='ocrx_word' id='word_1_306' title='bbox 2418 1349 2694 1420; x_wconf 82' lang='lat' dir='ltr'>adjuvare</span> <span class='ocrx_word' id='word_1_307' title='bbox 2725 1350 2781 1401; x_wconf 88' lang='lat' dir='ltr'>et</span> <span class='ocrx_word' id='word_1_308' title='bbox 2811 1347 3176 1413; x_wconf 71' lang='lat' dir='ltr'>confirmare,</span> <span class='ocrx_word' id='word_1_309' title='bbox 3208 1363 3408 1402; x_wconf 91' lang='lat' dir='ltr'>verum</span> <span class='ocrx_word' id='word_1_310' title='bbox 3440 1347 3604 1403; x_wconf 87' lang='lat' dir='ltr'>etiam</span> <span class='ocrx_word' id='word_1_311' title='bbox 3644 1349 3779 1406; x_wconf 87' lang='lat' dir='ltr'>sicuti</span> 
     </span>
    </p>
   </div>
   <div class='ocr_carea' id='block_1_46' title="bbox 2192 1434 3778 1507">
    <p class='ocr_par' dir='ltr' id='par_1_46' title="bbox 2192 1434 3778 1507">
     <span class='ocr_line' id='line_1_46' title="bbox 2192 1434 3778 1507; baseline 0.004 -19"><span class='ocrx_word' id='word_1_312' title='bbox 2192 1434 2301 1507; x_wconf 89' lang='lat' dir='ltr'>ipsi</span> <span class='ocrx_word' id='word_1_313' title='bbox 2337 1436 2581 1507; x_wconf 89' lang='lat' dir='ltr'>potestis</span> <span class='ocrx_word' id='word_1_314' title='bbox 2629 1435 2944 1504; x_wconf 80' lang='lat' dir='ltr'>advertere,</span> <span class='ocrx_word' id='word_1_315' title='bbox 2980 1434 3117 1490; x_wconf 84' lang='lat' dir='ltr'>totis</span> <span class='ocrx_word' id='word_1_316' title='bbox 3164 1451 3274 1490; x_wconf 91' lang='lat' dir='ltr'>nos</span> <span class='ocrx_word' id='word_1_317' title='bbox 3321 1451 3423 1506; x_wconf 91' lang='lat' dir='ltr'>pro</span> <span class='ocrx_word' id='word_1_318' title='bbox 3472 1435 3563 1492; x_wconf 93' lang='lat' dir='ltr'>illo</span> <span class='ocrx_word' id='word_1_319' title='bbox 3602 1437 3778 1500; x_wconf 70' lang='lat' dir='ltr'>viribus</span> 
     </span>
    </p>
   </div>
   <div class='ocr_carea' id='block_1_47' title="bbox 2192 1523 3776 1596">
    <p class='ocr_par' dir='ltr' id='par_1_47' title="bbox 2192 1523 3776 1596">
     <span class='ocr_line' id='line_1_47' title="bbox 2192 1523 3776 1596; baseline 0.003 -17"><span class='ocrx_word' id='word_1_320' title='bbox 2192 1529 2414 1594; x_wconf 91' lang='lat' dir='ltr'>oportet</span> <span class='ocrx_word' id='word_1_321' title='bbox 2445 1541 2547 1596; x_wconf 91' lang='lat' dir='ltr'>per</span> <span class='ocrx_word' id='word_1_322' title='bbox 2573 1524 2771 1580; x_wconf 89' lang='lat' dir='ltr'>omnia</span> <span class='ocrx_word' id='word_1_323' title='bbox 2801 1524 3162 1596; x_wconf 85' lang='lat' dir='ltr'>disceptare;</span> <span class='ocrx_word' id='word_1_324' title='bbox 3189 1528 3253 1578; x_wconf 92' lang='lat' dir='ltr'>ut</span> <span class='ocrx_word' id='word_1_325' title='bbox 3279 1523 3537 1580; x_wconf 85' lang='lat' dir='ltr'>videlicet</span> <span class='ocrx_word' id='word_1_326' title='bbox 3557 1530 3714 1582; x_wconf 83' lang='lat' dir='ltr'>totum</span> <span class='ocrx_word' id='word_1_327' title='bbox 3733 1529 3776 1584; x_wconf 90' lang='lat' dir='ltr'>in</span> 
     </span>
    </p>
   </div>
   <div class='ocr_carea' id='block_1_48' title="bbox 2191 1611 3775 1684">
    <p class='ocr_par' dir='ltr' id='par_1_48' title="bbox 2191 1611 3775 1684">
     <span class='ocr_line' id='line_1_48' title="bbox 2191 1611 3775 1684; baseline 0.004 -18"><span class='ocrx_word' id='word_1_328' title='bbox 2191 1611 2290 1668; x_wconf 92' lang='lat' dir='ltr'>illo</span> <span class='ocrx_word' id='word_1_329' title='bbox 2321 1613 2586 1668; x_wconf 89' lang='lat' dir='ltr'>funditus</span> <span class='ocrx_word' id='word_1_330' title='bbox 2618 1612 2940 1677; x_wconf 90' lang='lat' dir='ltr'>aholeatur,</span> <span class='ocrx_word' id='word_1_331' title='bbox 2973 1611 3128 1684; x_wconf 89' lang='lat' dir='ltr'>quod</span> <span class='ocrx_word' id='word_1_332' title='bbox 3160 1629 3263 1684; x_wconf 91' lang='lat' dir='ltr'>per</span> <span class='ocrx_word' id='word_1_333' title='bbox 3312 1629 3417 1668; x_wconf 91' lang='lat' dir='ltr'>nos</span> <span class='ocrx_word' id='word_1_334' title='bbox 3461 1613 3677 1670; x_wconf 70' lang='lat' dir='ltr'>ledendi</span> <span class='ocrx_word' id='word_1_335' title='bbox 3715 1617 3775 1673; x_wconf 88' lang='lat' dir='ltr'>fo-</span> 
     </span>
    </p>
   </div>
   <div class='ocr_carea' id='block_1_49' title="bbox 2190 1700 3774 1773">
    <p class='ocr_par' dir='ltr' id='par_1_49' title="bbox 2190 1700 3774 1773">
     <span class='ocr_line' id='line_1_49' title="bbox 2190 1700 3774 1773; baseline 0.003 -17"><span class='ocrx_word' id='word_1_336' title='bbox 2190 1700 2392 1756; x_wconf 90' lang='lat' dir='ltr'>mitem</span> <span class='ocrx_word' id='word_1_337' title='bbox 2420 1701 2767 1758; x_wconf 89' lang='lat' dir='ltr'>adversariis</span> <span class='ocrx_word' id='word_1_338' title='bbox 2797 1702 2924 1772; x_wconf 87' lang='lat' dir='ltr'>ejus</span> <span class='ocrx_word' id='word_1_339' title='bbox 2957 1700 3399 1773; x_wconf 90' lang='lat' dir='ltr'>reperientibus,</span> <span class='ocrx_word' id='word_1_340' title='bbox 3419 1701 3467 1756; x_wconf 90' lang='lat' dir='ltr'>ei</span> <span class='ocrx_word' id='word_1_341' title='bbox 3496 1702 3774 1761; x_wconf 79' lang='lat' dir='ltr'>violentiam</span> 
     </span>
    </p>
   </div>
   <div class='ocr_carea' id='block_1_50' title="bbox 2188 1789 3777 1866">
    <p class='ocr_par' dir='ltr' id='par_1_50' title="bbox 2188 1789 3777 1866">
     <span class='ocr_line' id='line_1_50' title="bbox 2188 1789 3777 1866; baseline 0.004 -23"><span class='ocrx_word' id='word_1_342' title='bbox 2188 1789 2388 1846; x_wconf 90' lang='lat' dir='ltr'>inferri</span> <span class='ocrx_word' id='word_1_343' title='bbox 2421 1795 2818 1858; x_wconf 90' lang='lat' dir='ltr'>monstratur;</span> <span class='ocrx_word' id='word_1_344' title='bbox 2852 1794 3156 1860; x_wconf 88' lang='lat' dir='ltr'>totumque</span> <span class='ocrx_word' id='word_1_345' title='bbox 3184 1790 3657 1862; x_wconf 88' lang='lat' dir='ltr'>recipiat,Christo</span> <span class='ocrx_word' id='word_1_346' title='bbox 3682 1811 3777 1866; x_wconf 84' lang='lat' dir='ltr'>pro-</span> 
     </span>
    </p>
   </div>
   <div class='ocr_carea' id='block_1_51' title="bbox 2185 1878 3774 1954">
    <p class='ocr_par' dir='ltr' id='par_1_51' title="bbox 2185 1878 3774 1954">
     <span class='ocr_line' id='line_1_51' title="bbox 2185 1878 3774 1954; baseline 0.004 -22"><span class='ocrx_word' id='word_1_347' title='bbox 2185 1878 2348 1952; x_wconf 91' lang='lat' dir='ltr'>pitio,</span> <span class='ocrx_word' id='word_1_348' title='bbox 2384 1879 2558 1951; x_wconf 92' lang='lat' dir='ltr'>quod,</span> <span class='ocrx_word' id='word_1_349' title='bbox 2594 1879 2735 1934; x_wconf 90' lang='lat' dir='ltr'>dum</span> <span class='ocrx_word' id='word_1_350' title='bbox 2785 1895 2891 1934; x_wconf 91' lang='lat' dir='ltr'>nos</span> <span class='ocrx_word' id='word_1_351' title='bbox 2934 1878 3229 1934; x_wconf 90' lang='lat' dir='ltr'>moderate</span> <span class='ocrx_word' id='word_1_352' title='bbox 3261 1895 3329 1933; x_wconf 89' lang='lat' dir='ltr'>ae</span> <span class='ocrx_word' id='word_1_353' title='bbox 3359 1880 3676 1952; x_wconf 87' lang='lat' dir='ltr'>regulariter</span> <span class='ocrx_word' id='word_1_354' title='bbox 3698 1899 3774 1954; x_wconf 85' lang='lat' dir='ltr'>ge-</span> 
     </span>
    </p>
   </div>
   <div class='ocr_carea' id='block_1_52' title="bbox 2185 1965 3770 2042">
    <p class='ocr_par' dir='ltr' id='par_1_52' title="bbox 2185 1965 3770 2042">
     <span class='ocr_line' id='line_1_52' title="bbox 2185 1965 3770 2042; baseline 0.006 -22"><span class='ocrx_word' id='word_1_355' title='bbox 2185 1968 2392 2033; x_wconf 86' lang='lat' dir='ltr'>rimus,</span> <span class='ocrx_word' id='word_1_356' title='bbox 2435 1969 2558 2040; x_wconf 89' lang='lat' dir='ltr'>ipse</span> <span class='ocrx_word' id='word_1_357' title='bbox 2608 1965 3079 2040; x_wconf 69' lang='lat' dir='ltr'>praejudieialiter</span> <span class='ocrx_word' id='word_1_358' title='bbox 3125 1966 3398 2023; x_wconf 90' lang='lat' dir='ltr'>amisisse</span> <span class='ocrx_word' id='word_1_359' title='bbox 3444 1967 3770 2042; x_wconf 86' lang='lat' dir='ltr'>dignoscitur.</span> 
     </span>
    </p>
   </div>
   <div class='ocr_carea' id='block_1_53' title="bbox 2184 2055 3773 2129">
    <p class='ocr_par' dir='ltr' id='par_1_53' title="bbox 2184 2055 3773 2129">
     <span class='ocr_line' id='line_1_53' title="bbox 2184 2055 3773 2129; baseline 0.005 -17"><span class='ocrx_word' id='word_1_360' title='bbox 2184 2055 2468 2120; x_wconf 88' lang='lat' dir='ltr'>Quoniam</span> <span class='ocrx_word' id='word_1_361' title='bbox 2502 2061 2558 2111; x_wconf 92' lang='lat' dir='ltr'>et</span> <span class='ocrx_word' id='word_1_362' title='bbox 2586 2056 2807 2129; x_wconf 78' lang='lat' dir='ltr'>przefati</span> <span class='ocrx_word' id='word_1_363' title='bbox 2841 2056 3174 2112; x_wconf 90' lang='lat' dir='ltr'>decessores</span> <span class='ocrx_word' id='word_1_364' title='bbox 3224 2057 3430 2124; x_wconf 91' lang='lat' dir='ltr'>nostri,</span> <span class='ocrx_word' id='word_1_365' title='bbox 3463 2057 3566 2114; x_wconf 90' lang='lat' dir='ltr'>Leo</span> <span class='ocrx_word' id='word_1_366' title='bbox 3593 2059 3773 2119; x_wconf 80' lang='lat' dir='ltr'>scilicet</span> 
     </span>
    </p>
   </div>
   <div class='ocr_carea' id='block_1_54' title="bbox 2182 2144 3770 2218">
    <p class='ocr_par' dir='ltr' id='par_1_54' title="bbox 2182 2144 3770 2218">
     <span class='ocr_line' id='line_1_54' title="bbox 2182 2144 3770 2218; baseline 0.003 -18"><span class='ocrx_word' id='word_1_367' title='bbox 2182 2150 2238 2200; x_wconf 89' lang='lat' dir='ltr'>et</span> <span class='ocrx_word' id='word_1_368' title='bbox 2264 2145 2632 2214; x_wconf 88' lang='lat' dir='ltr'>Benedictus,</span> <span class='ocrx_word' id='word_1_369' title='bbox 2658 2146 2839 2201; x_wconf 70' lang='lat' dir='ltr'>beatae</span> <span class='ocrx_word' id='word_1_370' title='bbox 2872 2144 3292 2200; x_wconf 86' lang='lat' dir='ltr'>recordationis</span> <span class='ocrx_word' id='word_1_371' title='bbox 3315 2145 3667 2218; x_wconf 77' lang='lat' dir='ltr'>pontifices,si</span> <span class='ocrx_word' id='word_1_372' title='bbox 3684 2149 3770 2206; x_wconf 85' lang='lat' dir='ltr'>tale</span> 
     </span>
    </p>
   </div>
   <div class='ocr_carea' id='block_1_55' title="bbox 2182 2233 3772 2309">
    <p class='ocr_par' dir='ltr' id='par_1_55' title="bbox 2182 2233 3772 2309">
     <span class='ocr_line' id='line_1_55' title="bbox 2182 2233 3772 2309; baseline 0.004 -21"><span class='ocrx_word' id='word_1_373' title='bbox 2182 2234 2323 2306; x_wconf 91' lang='lat' dir='ltr'>quid</span> <span class='ocrx_word' id='word_1_374' title='bbox 2357 2235 2564 2290; x_wconf 87' lang='lat' dir='ltr'>diebus</span> <span class='ocrx_word' id='word_1_375' title='bbox 2609 2251 2812 2290; x_wconf 91' lang='lat' dir='ltr'>eorum</span> <span class='ocrx_word' id='word_1_376' title='bbox 2865 2233 3179 2306; x_wconf 89' lang='lat' dir='ltr'>Gregorius</span> <span class='ocrx_word' id='word_1_377' title='bbox 3226 2233 3316 2290; x_wconf 90' lang='lat' dir='ltr'>vel</span> <span class='ocrx_word' id='word_1_378' title='bbox 3361 2235 3648 2308; x_wconf 84' lang='lat' dir='ltr'>eomplices</span> <span class='ocrx_word' id='word_1_379' title='bbox 3673 2238 3772 2309; x_wconf 82' lang='lat' dir='ltr'>ejus</span> 
     </span>
    </p>
   </div>
   <div class='ocr_carea' id='block_1_56' title="bbox 2179 2321 3770 2396">
    <p class='ocr_par' dir='ltr' id='par_1_56' title="bbox 2179 2321 3770 2396">
     <span class='ocr_line' id='line_1_56' title="bbox 2179 2321 3770 2396; baseline 0.004 -20"><span class='ocrx_word' id='word_1_380' title='bbox 2179 2322 2799 2394; x_wconf 89' lang='lat' dir='ltr'>patrassent,videlieet</span> <span class='ocrx_word' id='word_1_381' title='bbox 2824 2326 2889 2377; x_wconf 94' lang='lat' dir='ltr'>ut</span> <span class='ocrx_word' id='word_1_382' title='bbox 2921 2321 3089 2378; x_wconf 90' lang='lat' dir='ltr'>abusi</span> <span class='ocrx_word' id='word_1_383' title='bbox 3121 2325 3286 2378; x_wconf 91' lang='lat' dir='ltr'>tanto</span> <span class='ocrx_word' id='word_1_384' title='bbox 3321 2324 3706 2396; x_wconf 90' lang='lat' dir='ltr'>compassionis</span> <span class='ocrx_word' id='word_1_385' title='bbox 3729 2332 3770 2382; x_wconf 89' lang='lat' dir='ltr'>et</span> 
     </span>
    </p>
   </div>
   <div class='ocr_carea' id='block_1_57' title="bbox 2180 2411 3768 2486">
    <p class='ocr_par' dir='ltr' id='par_1_57' title="bbox 2180 2411 3768 2486">
     <span class='ocr_line' id='line_1_57' title="bbox 2180 2411 3768 2486; baseline 0.003 -20"><span class='ocrx_word' id='word_1_386' title='bbox 2180 2412 2468 2486; x_wconf 75' lang='lat' dir='ltr'>patientia:</span> <span class='ocrx_word' id='word_1_387' title='bbox 2527 2413 2683 2468; x_wconf 90' lang='lat' dir='ltr'>sedis</span> <span class='ocrx_word' id='word_1_388' title='bbox 2738 2411 3066 2483; x_wconf 71' lang='lat' dir='ltr'>apostolica:</span> <span class='ocrx_word' id='word_1_389' title='bbox 3120 2411 3279 2467; x_wconf 90' lang='lat' dir='ltr'>circa</span> <span class='ocrx_word' id='word_1_390' title='bbox 3330 2429 3392 2467; x_wconf 88' lang='lat' dir='ltr'>se</span> <span class='ocrx_word' id='word_1_391' title='bbox 3440 2413 3689 2470; x_wconf 87' lang='lat' dir='ltr'>beneﬁcio</span> <span class='ocrx_word' id='word_1_392' title='bbox 3726 2415 3768 2470; x_wconf 91' lang='lat' dir='ltr'>in</span> 
     </span>
    </p>
   </div>
   <div class='ocr_carea' id='block_1_58' title="bbox 2177 2499 3765 2572">
    <p class='ocr_par' dir='ltr' id='par_1_58' title="bbox 2177 2499 3765 2572">
     <span class='ocr_line' id='line_1_58' title="bbox 2177 2499 3765 2572; baseline 0.002 -17"><span class='ocrx_word' id='word_1_393' title='bbox 2177 2501 2466 2572; x_wconf 88' lang='lat' dir='ltr'>Ignatium</span> <span class='ocrx_word' id='word_1_394' title='bbox 2501 2518 2713 2556; x_wconf 87' lang='lat' dir='ltr'>manus</span> <span class='ocrx_word' id='word_1_395' title='bbox 2746 2517 2883 2556; x_wconf 86' lang='lat' dir='ltr'>suas</span> <span class='ocrx_word' id='word_1_396' title='bbox 2912 2499 3349 2572; x_wconf 87' lang='lat' dir='ltr'>injeeissent,ut</span> <span class='ocrx_word' id='word_1_397' title='bbox 3370 2501 3626 2558; x_wconf 88' lang='lat' dir='ltr'>adversus</span> <span class='ocrx_word' id='word_1_398' title='bbox 3644 2520 3765 2570; x_wconf 88' lang='lat' dir='ltr'>eum,</span> 
     </span>
    </p>
   </div>
   <div class='ocr_carea' id='block_1_59' title="bbox 2176 2587 3767 2662">
    <p class='ocr_par' dir='ltr' id='par_1_59' title="bbox 2176 2587 3767 2662">
     <span class='ocr_line' id='line_1_59' title="bbox 2176 2587 3767 2662; baseline 0.002 -19"><span class='ocrx_word' id='word_1_399' title='bbox 2176 2588 2322 2662; x_wconf 88' lang='lat' dir='ltr'>ipsis</span> <span class='ocrx_word' id='word_1_400' title='bbox 2355 2591 2572 2645; x_wconf 91' lang='lat' dir='ltr'>sanctis</span> <span class='ocrx_word' id='word_1_401' title='bbox 2604 2587 2952 2660; x_wconf 66' lang='lat' dir='ltr'>praesulibus</span> <span class='ocrx_word' id='word_1_402' title='bbox 3003 2587 3376 2654; x_wconf 89' lang='lat' dir='ltr'>inconsultis,</span> <span class='ocrx_word' id='word_1_403' title='bbox 3410 2589 3620 2662; x_wconf 86' lang='lat' dir='ltr'>linguas</span> <span class='ocrx_word' id='word_1_404' title='bbox 3661 2609 3767 2646; x_wconf 86' lang='lat' dir='ltr'>suas</span> 
     </span>
    </p>
   </div>
   <div class='ocr_carea' id='block_1_60' title="bbox 2175 2679 3766 2750">
    <p class='ocr_par' dir='ltr' id='par_1_60' title="bbox 2175 2679 3766 2750">
     <span class='ocr_line' id='line_1_60' title="bbox 2175 2679 3766 2750; baseline 0.001 -18"><span class='ocrx_word' id='word_1_405' title='bbox 2175 2679 2370 2734; x_wconf 90' lang='lat' dir='ltr'>taliter</span> <span class='ocrx_word' id='word_1_406' title='bbox 2399 2679 2767 2734; x_wconf 86' lang='lat' dir='ltr'>exacuissent</span> <span class='ocrx_word' id='word_1_407' title='bbox 2786 2696 2799 2745; x_wconf 91' lang='lat'>;</span> <span class='ocrx_word' id='word_1_408' title='bbox 2820 2679 3074 2750; x_wconf 86' lang='lat' dir='ltr'>profecto</span> <span class='ocrx_word' id='word_1_409' title='bbox 3094 2695 3193 2732; x_wconf 92' lang='lat' dir='ltr'>eos</span> <span class='ocrx_word' id='word_1_410' title='bbox 3215 2682 3497 2750; x_wconf 88' lang='lat' dir='ltr'>tanquam</span> <span class='ocrx_word' id='word_1_411' title='bbox 3520 2679 3766 2735; x_wconf 85' lang='lat' dir='ltr'>ministros</span> 
     </span>
    </p>
   </div>
   <div class='ocr_carea' id='block_1_61' title="bbox 2172 2766 3765 2840">
    <p class='ocr_par' dir='ltr' id='par_1_61' title="bbox 2172 2766 3765 2840">
     <span class='ocr_line' id='line_1_61' title="bbox 2172 2766 3765 2840; baseline 0.001 -18"><span class='ocrx_word' id='word_1_412' title='bbox 2172 2767 2619 2840; x_wconf 87' lang='lat' dir='ltr'>inquietudinis,</span> <span class='ocrx_word' id='word_1_413' title='bbox 2654 2771 2709 2823; x_wconf 89' lang='lat' dir='ltr'>et</span> <span class='ocrx_word' id='word_1_414' title='bbox 2739 2767 2896 2839; x_wconf 89' lang='lat' dir='ltr'>ipsos</span> <span class='ocrx_word' id='word_1_415' title='bbox 2929 2783 2990 2822; x_wconf 93' lang='lat' dir='ltr'>se</span> <span class='ocrx_word' id='word_1_416' title='bbox 3021 2766 3141 2822; x_wconf 90' lang='lat' dir='ltr'>sole</span> <span class='ocrx_word' id='word_1_417' title='bbox 3173 2766 3394 2823; x_wconf 91' lang='lat' dir='ltr'>clarius</span> <span class='ocrx_word' id='word_1_418' title='bbox 3423 2769 3673 2825; x_wconf 82' lang='lat' dir='ltr'>obnoxios</span> <span class='ocrx_word' id='word_1_419' title='bbox 3699 2787 3765 2824; x_wconf 85' lang='lat' dir='ltr'>os-</span> 
     </span>
    </p>
   </div>
   <div class='ocr_carea' id='block_1_62' title="bbox 2172 2855 3762 2928">
    <p class='ocr_par' dir='ltr' id='par_1_62' title="bbox 2172 2855 3762 2928">
     <span class='ocr_line' id='line_1_62' title="bbox 2172 2855 3762 2928; baseline -0.001 -16"><span class='ocrx_word' id='word_1_420' title='bbox 2172 2858 2494 2925; x_wconf 90' lang='lat' dir='ltr'>tendentes,</span> <span class='ocrx_word' id='word_1_421' title='bbox 2528 2857 2653 2912; x_wconf 88' lang='lat' dir='ltr'>sine</span> <span class='ocrx_word' id='word_1_422' title='bbox 2685 2855 2888 2928; x_wconf 87' lang='lat' dir='ltr'>quavis</span> <span class='ocrx_word' id='word_1_423' title='bbox 2931 2855 3325 2912; x_wconf 88' lang='lat' dir='ltr'>retardatione</span> <span class='ocrx_word' id='word_1_424' title='bbox 3373 2857 3620 2928; x_wconf 88' lang='lat' dir='ltr'>protinus</span> <span class='ocrx_word' id='word_1_425' title='bbox 3657 2875 3762 2913; x_wconf 85' lang='lat' dir='ltr'>con-</span> 
     </span>
    </p>
   </div>
   <div class='ocr_carea' id='block_1_63' title="bbox 2172 2943 3760 3018">
    <p class='ocr_par' dir='ltr' id='par_1_63' title="bbox 2172 2943 3760 3018">
     <span class='ocr_line' id='line_1_63' title="bbox 2172 2943 3760 3018; baseline 0 -18"><span class='ocrx_word' id='word_1_426' title='bbox 2172 2947 2567 3012; x_wconf 89' lang='lat' dir='ltr'>demnassent,</span> <span class='ocrx_word' id='word_1_427' title='bbox 2591 2951 2648 3001; x_wconf 91' lang='lat' dir='ltr'>et</span> <span class='ocrx_word' id='word_1_428' title='bbox 2678 2949 2906 3000; x_wconf 89' lang='lat' dir='ltr'>tantum</span> <span class='ocrx_word' id='word_1_429' title='bbox 2939 2943 3234 3018; x_wconf 86' lang='lat' dir='ltr'>piaculum</span> <span class='ocrx_word' id='word_1_430' title='bbox 3269 2945 3574 3018; x_wconf 90' lang='lat' dir='ltr'>impietatis</span> <span class='ocrx_word' id='word_1_431' title='bbox 3600 2963 3760 3000; x_wconf 86' lang='lat' dir='ltr'>eorum</span> 
     </span>
    </p>
   </div>
   <div class='ocr_carea' id='block_1_64' title="bbox 2170 3033 3764 3108">
    <p class='ocr_par' dir='ltr' id='par_1_64' title="bbox 2170 3033 3764 3108">
     <span class='ocr_line' id='line_1_64' title="bbox 2170 3033 3764 3108; baseline -0.001 -18"><span class='ocrx_word' id='word_1_432' title='bbox 2170 3036 2467 3092; x_wconf 89' lang='lat' dir='ltr'>destruere</span> <span class='ocrx_word' id='word_1_433' title='bbox 2505 3033 2915 3090; x_wconf 89' lang='lat' dir='ltr'>ardentissime</span> <span class='ocrx_word' id='word_1_434' title='bbox 2962 3033 3354 3090; x_wconf 75' lang='lat' dir='ltr'>studuissent.</span> <span class='ocrx_word' id='word_1_435' title='bbox 3389 3035 3494 3090; x_wconf 85' lang='lat' dir='ltr'>Sed</span> <span class='ocrx_word' id='word_1_436' title='bbox 3540 3035 3659 3108; x_wconf 89' lang='lat' dir='ltr'>quia</span> <span class='ocrx_word' id='word_1_437' title='bbox 3699 3035 3764 3089; x_wconf 90' lang='lat' dir='ltr'>illi</span> 
     </span>
    </p>
   </div>
   <div class='ocr_carea' id='block_1_65' title="bbox 408 3111 3763 3197">
    <p class='ocr_par' dir='ltr' id='par_1_65' title="bbox 408 3111 3763 3197">
     <span class='ocr_line' id='line_1_65' title="bbox 408 3111 3763 3197; baseline -0.002 -13"><span class='ocrx_word' id='word_1_438' title='bbox 408 3111 708 3197; x_wconf 17' lang='lat' dir='ltr'>runt,7nec</span> <span class='ocrx_word' id='word_1_439' title='bbox 739 3145 773 3182; x_wconf 93' lang='lat' dir='ltr'>a</span> <span class='ocrx_word' id='word_1_440' title='bbox 804 3125 973 3182; x_wconf 88' lang='lat' dir='ltr'>nobis</span> <span class='ocrx_word' id='word_1_441' title='bbox 1003 3123 1310 3180; x_wconf 91' lang='lat' dir='ltr'>consilium</span> <span class='ocrx_word' id='word_1_442' title='bbox 1345 3127 1712 3194; x_wconf 87' lang='lat' dir='ltr'>acceperunt,</span> <span class='ocrx_word' id='word_1_443' title='bbox 1740 3129 1804 3178; x_wconf 92' lang='lat' dir='ltr'>ut</span> <span class='ocrx_word' id='word_1_444' title='bbox 1835 3124 1892 3178; x_wconf 91' lang='lat' dir='ltr'>hi</span> <span class='ocrx_word' id='word_1_445' title='bbox 1925 3143 2060 3183; x_wconf 90' lang='lat' dir='ltr'>cum</span> <span class='ocrx_word' id='word_1_446' title='bbox 2093 3111 2134 3176; x_wconf 86' lang='lat' dir='ltr'>C</span> <span class='ocrx_word' id='word_1_447' title='bbox 2173 3125 2366 3180; x_wconf 88' lang='lat' dir='ltr'>divina</span> <span class='ocrx_word' id='word_1_448' title='bbox 2391 3124 2686 3180; x_wconf 88' lang='lat' dir='ltr'>vocatione</span> <span class='ocrx_word' id='word_1_449' title='bbox 2719 3124 2789 3179; x_wconf 89' lang='lat' dir='ltr'>ab</span> <span class='ocrx_word' id='word_1_450' title='bbox 2817 3123 2925 3178; x_wconf 89' lang='lat' dir='ltr'>hac</span> <span class='ocrx_word' id='word_1_451' title='bbox 2953 3122 3211 3178; x_wconf 89' lang='lat' dir='ltr'>convalle</span> <span class='ocrx_word' id='word_1_452' title='bbox 3245 3123 3616 3196; x_wconf 83' lang='lat' dir='ltr'>lacrymarum</span> <span class='ocrx_word' id='word_1_453' title='bbox 3655 3124 3763 3179; x_wconf 87' lang='lat' dir='ltr'>sub-</span> 
     </span>
    </p>
   </div>
   <div class='ocr_carea' id='block_1_66' title="bbox 409 3212 2059 3292">
    <p class='ocr_par' dir='ltr' id='par_1_66' title="bbox 409 3212 2059 3292">
     <span class='ocr_line' id='line_1_66' title="bbox 409 3212 2059 3292; baseline -0.002 -18"><span class='ocrx_word' id='word_1_454' title='bbox 409 3217 744 3292; x_wconf 88' lang='lat' dir='ltr'>patriarcha</span> <span class='ocrx_word' id='word_1_455' title='bbox 774 3232 880 3271; x_wconf 91' lang='lat' dir='ltr'>suo</span> <span class='ocrx_word' id='word_1_456' title='bbox 911 3213 996 3270; x_wconf 88' lang='lat' dir='ltr'>vel</span> <span class='ocrx_word' id='word_1_457' title='bbox 1030 3212 1306 3269; x_wconf 88' lang='lat' dir='ltr'>canonice</span> <span class='ocrx_word' id='word_1_458' title='bbox 1326 3212 1579 3283; x_wconf 88' lang='lat' dir='ltr'>judicari</span> <span class='ocrx_word' id='word_1_459' title='bbox 1603 3212 2059 3284; x_wconf 89' lang='lat' dir='ltr'>potuissent,sed</span> 
     </span>
    </p>
   </div>
   <div class='ocr_carea' id='block_1_67' title="bbox 407 3301 2060 3373">
    <p class='ocr_par' dir='ltr' id='par_1_67' title="bbox 407 3301 2060 3373">
     <span class='ocr_line' id='line_1_67' title="bbox 407 3301 2060 3373; baseline -0.001 -12"><span class='ocrx_word' id='word_1_460' title='bbox 407 3305 558 3362; x_wconf 90' lang='lat' dir='ltr'>vires</span> <span class='ocrx_word' id='word_1_461' title='bbox 589 3323 727 3361; x_wconf 91' lang='lat' dir='ltr'>suas</span> <span class='ocrx_word' id='word_1_462' title='bbox 759 3323 793 3360; x_wconf 90' lang='lat' dir='ltr'>a</span> <span class='ocrx_word' id='word_1_463' title='bbox 826 3303 995 3359; x_wconf 90' lang='lat' dir='ltr'>nobis</span> <span class='ocrx_word' id='word_1_464' title='bbox 1029 3319 1098 3357; x_wconf 90' lang='lat' dir='ltr'>ne</span> <span class='ocrx_word' id='word_1_465' title='bbox 1133 3301 1497 3373; x_wconf 90' lang='lat' dir='ltr'>frangeretur</span> <span class='ocrx_word' id='word_1_466' title='bbox 1519 3307 1940 3366; x_wconf 89' lang='lat' dir='ltr'>servantes,eas</span> <span class='ocrx_word' id='word_1_467' title='bbox 1963 3305 2060 3359; x_wconf 89' lang='lat' dir='ltr'>ad-</span> 
     </span>
    </p>
   </div>
   <div class='ocr_carea' id='block_1_68' title="bbox 406 3389 2060 3466">
    <p class='ocr_par' dir='ltr' id='par_1_68' title="bbox 406 3389 2060 3466">
     <span class='ocr_line' id='line_1_68' title="bbox 406 3389 2060 3466; baseline -0.002 -15"><span class='ocrx_word' id='word_1_468' title='bbox 406 3412 610 3451; x_wconf 91' lang='lat' dir='ltr'>versus</span> <span class='ocrx_word' id='word_1_469' title='bbox 641 3411 774 3451; x_wconf 92' lang='lat' dir='ltr'>eum</span> <span class='ocrx_word' id='word_1_470' title='bbox 807 3393 1080 3466; x_wconf 87' lang='lat' dir='ltr'>protinus</span> <span class='ocrx_word' id='word_1_471' title='bbox 1103 3389 1798 3464; x_wconf 60' lang='lat' dir='ltr'>praepararuntﬂndique</span> <span class='ocrx_word' id='word_1_472' title='bbox 1819 3408 2060 3464; x_wconf 90' lang='lat' dir='ltr'>perpen-</span> 
     </span>
    </p>
   </div>
   <div class='ocr_carea' id='block_1_69' title="bbox 406 3478 2057 3556">
    <p class='ocr_par' dir='ltr' id='par_1_69' title="bbox 406 3478 2057 3556">
     <span class='ocr_line' id='line_1_69' title="bbox 406 3478 2057 3556; baseline -0.002 -16"><span class='ocrx_word' id='word_1_473' title='bbox 406 3485 524 3540; x_wconf 92' lang='lat' dir='ltr'>dite</span> <span class='ocrx_word' id='word_1_474' title='bbox 555 3489 841 3556; x_wconf 90' lang='lat' dir='ltr'>quantum</span> <span class='ocrx_word' id='word_1_475' title='bbox 876 3499 982 3537; x_wconf 93' lang='lat' dir='ltr'>nos</span> <span class='ocrx_word' id='word_1_476' title='bbox 1015 3497 1170 3536; x_wconf 92' lang='lat' dir='ltr'>nunc</span> <span class='ocrx_word' id='word_1_477' title='bbox 1215 3478 1435 3551; x_wconf 89' lang='lat' dir='ltr'>lgnatio</span> <span class='ocrx_word' id='word_1_478' title='bbox 1487 3479 1777 3535; x_wconf 88' lang='lat' dir='ltr'>debitores</span> <span class='ocrx_word' id='word_1_479' title='bbox 1824 3498 2057 3550; x_wconf 88' lang='lat' dir='ltr'>sumus,</span> 
     </span>
    </p>
   </div>
   <div class='ocr_carea' id='block_1_70' title="bbox 407 3567 2058 3646">
    <p class='ocr_par' dir='ltr' id='par_1_70' title="bbox 407 3567 2058 3646">
     <span class='ocr_line' id='line_1_70' title="bbox 407 3567 2058 3646; baseline -0.001 -19"><span class='ocrx_word' id='word_1_480' title='bbox 407 3573 508 3646; x_wconf 91' lang='lat' dir='ltr'>qui</span> <span class='ocrx_word' id='word_1_481' title='bbox 540 3572 652 3627; x_wconf 92' lang='lat' dir='ltr'>sibi</span> <span class='ocrx_word' id='word_1_482' title='bbox 675 3570 1046 3627; x_wconf 88' lang='lat' dir='ltr'>obstaculum</span> <span class='ocrx_word' id='word_1_483' title='bbox 1071 3574 1125 3624; x_wconf 93' lang='lat' dir='ltr'>et</span> <span class='ocrx_word' id='word_1_484' title='bbox 1148 3567 1401 3622; x_wconf 87' lang='lat' dir='ltr'>inimicis</span> <span class='ocrx_word' id='word_1_485' title='bbox 1428 3568 1554 3638; x_wconf 88' lang='lat' dir='ltr'>ejus</span> <span class='ocrx_word' id='word_1_486' title='bbox 1578 3567 1712 3622; x_wconf 88' lang='lat' dir='ltr'>facti</span> <span class='ocrx_word' id='word_1_487' title='bbox 1735 3586 1942 3625; x_wconf 91' lang='lat' dir='ltr'>sumus</span> <span class='ocrx_word' id='word_1_488' title='bbox 1964 3571 2058 3626; x_wconf 87' lang='lat' dir='ltr'>de-</span> 
     </span>
    </p>
   </div>
   <div class='ocr_carea' id='block_1_71' title="bbox 405 3656 2055 3729">
    <p class='ocr_par' dir='ltr' id='par_1_71' title="bbox 405 3656 2055 3729">
     <span class='ocr_line' id='line_1_71' title="bbox 405 3656 2055 3729; baseline -0.001 -14"><span class='ocrx_word' id='word_1_489' title='bbox 405 3661 684 3717; x_wconf 80' lang='lat' dir='ltr'>fensionis</span> <span class='ocrx_word' id='word_1_490' title='bbox 716 3658 1128 3715; x_wconf 88' lang='lat' dir='ltr'>umbraculum</span> <span class='ocrx_word' id='word_1_491' title='bbox 1151 3675 1164 3722; x_wconf 89' lang='lat'>;</span> <span class='ocrx_word' id='word_1_492' title='bbox 1191 3656 1458 3728; x_wconf 88' lang='lat' dir='ltr'>quamvis</span> <span class='ocrx_word' id='word_1_493' title='bbox 1489 3673 1594 3711; x_wconf 93' lang='lat' dir='ltr'>nos</span> <span class='ocrx_word' id='word_1_494' title='bbox 1618 3673 1731 3712; x_wconf 81' lang='lat' dir='ltr'>non</span> <span class='ocrx_word' id='word_1_495' title='bbox 1757 3658 2055 3729; x_wconf 87' lang='lat' dir='ltr'>ideojudi-</span> 
     </span>
    </p>
   </div>
   <div class='ocr_carea' id='block_1_72' title="bbox 404 3744 2055 3818">
    <p class='ocr_par' dir='ltr' id='par_1_72' title="bbox 404 3744 2055 3818">
     <span class='ocr_line' id='line_1_72' title="bbox 404 3744 2055 3818; baseline -0.001 -14"><span class='ocrx_word' id='word_1_496' title='bbox 404 3749 560 3805; x_wconf 90' lang='lat' dir='ltr'>cium</span> <span class='ocrx_word' id='word_1_497' title='bbox 612 3749 858 3802; x_wconf 91' lang='lat' dir='ltr'>istorum</span> <span class='ocrx_word' id='word_1_498' title='bbox 907 3745 1332 3808; x_wconf 89' lang='lat' dir='ltr'>distulerimus,</span> <span class='ocrx_word' id='word_1_499' title='bbox 1367 3749 1430 3800; x_wconf 92' lang='lat' dir='ltr'>ut</span> <span class='ocrx_word' id='word_1_500' title='bbox 1469 3744 1518 3800; x_wconf 88' lang='lat' dir='ltr'>ei</span> <span class='ocrx_word' id='word_1_501' title='bbox 1571 3746 1814 3800; x_wconf 89' lang='lat' dir='ltr'>nocendi</span> <span class='ocrx_word' id='word_1_502' title='bbox 1855 3747 2055 3818; x_wconf 88' lang='lat' dir='ltr'>jacula</span> 
     </span>
    </p>
   </div>
   <div class='ocr_carea' id='block_1_73' title="bbox 402 3832 2055 3910">
    <p class='ocr_par' dir='ltr' id='par_1_73' title="bbox 402 3832 2055 3910">
     <span class='ocr_line' id='line_1_73' title="bbox 402 3832 2055 3910; baseline 0 -18"><span class='ocrx_word' id='word_1_503' title='bbox 402 3840 812 3910; x_wconf 66' lang='lat' dir='ltr'>prmpararent,</span> <span class='ocrx_word' id='word_1_504' title='bbox 847 3835 948 3890; x_wconf 91' lang='lat' dir='ltr'>sed</span> <span class='ocrx_word' id='word_1_505' title='bbox 981 3839 1044 3889; x_wconf 92' lang='lat' dir='ltr'>ut</span> <span class='ocrx_word' id='word_1_506' title='bbox 1091 3833 1173 3889; x_wconf 92' lang='lat' dir='ltr'>sic</span> <span class='ocrx_word' id='word_1_507' title='bbox 1223 3832 1515 3889; x_wconf 89' lang='lat' dir='ltr'>sententia</span> <span class='ocrx_word' id='word_1_508' title='bbox 1567 3833 1625 3888; x_wconf 90' lang='lat' dir='ltr'>in</span> <span class='ocrx_word' id='word_1_509' title='bbox 1675 3834 1781 3890; x_wconf 91' lang='lat' dir='ltr'>hos</span> <span class='ocrx_word' id='word_1_510' title='bbox 1828 3835 2055 3906; x_wconf 89' lang='lat' dir='ltr'>prolata</span> 
     </span>
    </p>
   </div>
   <div class='ocr_carea' id='block_1_74' title="bbox 399 3922 2052 3996">
    <p class='ocr_par' dir='ltr' id='par_1_74' title="bbox 399 3922 2052 3996">
     <span class='ocr_line' id='line_1_74' title="bbox 399 3922 2052 3996; baseline -0.001 -15"><span class='ocrx_word' id='word_1_511' title='bbox 399 3925 796 3982; x_wconf 87' lang='lat' dir='ltr'>valetudinem</span> <span class='ocrx_word' id='word_1_512' title='bbox 829 3925 1160 3990; x_wconf 89' lang='lat' dir='ltr'>haberet,ut</span> <span class='ocrx_word' id='word_1_513' title='bbox 1190 3940 1223 3977; x_wconf 92' lang='lat' dir='ltr'>a</span> <span class='ocrx_word' id='word_1_514' title='bbox 1255 3922 1423 3978; x_wconf 89' lang='lat' dir='ltr'>nobis</span> <span class='ocrx_word' id='word_1_515' title='bbox 1455 3922 1806 3979; x_wconf 78' lang='lat' dir='ltr'>examinatio</span> <span class='ocrx_word' id='word_1_516' title='bbox 1837 3941 2052 3996; x_wconf 66' lang='lat' dir='ltr'>praece-</span> 
     </span>
    </p>
   </div>
   <div class='ocr_carea' id='block_1_75' title="bbox 401 4011 2050 4086">
    <p class='ocr_par' dir='ltr' id='par_1_75' title="bbox 401 4011 2050 4086">
     <span class='ocr_line' id='line_1_75' title="bbox 401 4011 2050 4086; baseline 0.001 -15"><span class='ocrx_word' id='word_1_517' title='bbox 401 4013 593 4084; x_wconf 88' lang='lat' dir='ltr'>deret;</span> <span class='ocrx_word' id='word_1_518' title='bbox 629 4019 685 4070; x_wconf 90' lang='lat' dir='ltr'>et</span> <span class='ocrx_word' id='word_1_519' title='bbox 716 4032 921 4070; x_wconf 90' lang='lat' dir='ltr'>rursus</span> <span class='ocrx_word' id='word_1_520' title='bbox 955 4011 1037 4069; x_wconf 90' lang='lat' dir='ltr'>sic</span> <span class='ocrx_word' id='word_1_521' title='bbox 1067 4013 1140 4068; x_wconf 90' lang='lat' dir='ltr'>ab</span> <span class='ocrx_word' id='word_1_522' title='bbox 1171 4011 1299 4069; x_wconf 91' lang='lat' dir='ltr'>istis</span> <span class='ocrx_word' id='word_1_523' title='bbox 1322 4011 1380 4066; x_wconf 93' lang='lat' dir='ltr'>in</span> <span class='ocrx_word' id='word_1_524' title='bbox 1409 4028 1542 4068; x_wconf 91' lang='lat' dir='ltr'>eum</span> <span class='ocrx_word' id='word_1_525' title='bbox 1570 4012 1796 4083; x_wconf 89' lang='lat' dir='ltr'>objecta</span> <span class='ocrx_word' id='word_1_526' title='bbox 1818 4013 2050 4086; x_wconf 90' lang='lat' dir='ltr'>penitus</span> 
     </span>
    </p>
   </div>
   <div class='ocr_carea' id='block_1_76' title="bbox 398 4101 2049 4175">
    <p class='ocr_par' dir='ltr' id='par_1_76' title="bbox 398 4101 2049 4175">
     <span class='ocr_line' id='line_1_76' title="bbox 398 4101 2049 4175; baseline -0.001 -15"><span class='ocrx_word' id='word_1_527' title='bbox 398 4120 594 4160; x_wconf 90' lang='lat' dir='ltr'>coram</span> <span class='ocrx_word' id='word_1_528' title='bbox 627 4103 795 4159; x_wconf 90' lang='lat' dir='ltr'>nobis</span> <span class='ocrx_word' id='word_1_529' title='bbox 829 4102 1296 4168; x_wconf 87' lang='lat' dir='ltr'>admitterentur,</span> <span class='ocrx_word' id='word_1_530' title='bbox 1330 4105 1392 4155; x_wconf 93' lang='lat' dir='ltr'>ut</span> <span class='ocrx_word' id='word_1_531' title='bbox 1431 4101 1614 4172; x_wconf 89' lang='lat' dir='ltr'>partis</span> <span class='ocrx_word' id='word_1_532' title='bbox 1663 4102 1872 4173; x_wconf 81' lang='lat' dir='ltr'>lgnatii</span> <span class='ocrx_word' id='word_1_533' title='bbox 1920 4119 2049 4175; x_wconf 85' lang='lat' dir='ltr'>per-</span> 
     </span>
    </p>
   </div>
   <div class='ocr_carea' id='block_1_77' title="bbox 398 4190 2048 4262">
    <p class='ocr_par' dir='ltr' id='par_1_77' title="bbox 398 4190 2048 4262">
     <span class='ocr_line' id='line_1_77' title="bbox 398 4190 2048 4262; baseline -0.001 -13"><span class='ocrx_word' id='word_1_534' title='bbox 398 4209 543 4250; x_wconf 88' lang='lat' dir='ltr'>sona</span> <span class='ocrx_word' id='word_1_535' title='bbox 587 4195 790 4248; x_wconf 90' lang='lat' dir='ltr'>vocata</span> <span class='ocrx_word' id='word_1_536' title='bbox 835 4190 923 4246; x_wconf 93' lang='lat' dir='ltr'>vel</span> <span class='ocrx_word' id='word_1_537' title='bbox 983 4191 1244 4246; x_wconf 91' lang='lat' dir='ltr'>convicta</span> <span class='ocrx_word' id='word_1_538' title='bbox 1301 4195 1511 4246; x_wconf 84' lang='lat' dir='ltr'>nostrae</span> <span class='ocrx_word' id='word_1_539' title='bbox 1569 4190 1887 4262; x_wconf 75' lang='lat' dir='ltr'>praesentia:</span> <span class='ocrx_word' id='word_1_540' title='bbox 1933 4210 2048 4248; x_wconf 92' lang='lat' dir='ltr'>non</span> 
     </span>
    </p>
   </div>
   <div class='ocr_carea' id='block_1_78' title="bbox 397 4281 650 4336">
    <p class='ocr_par' dir='ltr' id='par_1_78' title="bbox 397 4281 650 4336">
     <span class='ocr_line' id='line_1_78' title="bbox 397 4281 650 4336; baseline -0.004 0"><span class='ocrx_word' id='word_1_541' title='bbox 397 4281 650 4336; x_wconf 88' lang='lat' dir='ltr'>deesset.</span> 
     </span>
    </p>
   </div>
   <div class='ocr_carea' id='block_1_79' title="bbox 467 4367 2048 4440">
    <p class='ocr_par' dir='ltr' id='par_1_79' title="bbox 467 4367 2048 4440">
     <span class='ocr_line' id='line_1_79' title="bbox 467 4367 2048 4440; baseline 0 -15"><span class='ocrx_word' id='word_1_542' title='bbox 467 4371 855 4436; x_wconf 87' lang='lat' dir='ltr'>Quamobrem</span> <span class='ocrx_word' id='word_1_543' title='bbox 889 4369 1067 4424; x_wconf 92' lang='lat' dir='ltr'>dilato</span> <span class='ocrx_word' id='word_1_544' title='bbox 1091 4367 1728 4440; x_wconf 80' lang='lat' dir='ltr'>parumperjudicio,et</span> <span class='ocrx_word' id='word_1_545' title='bbox 1750 4368 2048 4425; x_wconf 83' lang='lat' dir='ltr'>infirmata</span> 
     </span>
    </p>
   </div>
   <div class='ocr_carea' id='block_1_80' title="bbox 2170 3212 3761 3284">
    <p class='ocr_par' dir='ltr' id='par_1_80' title="bbox 2170 3212 3761 3284">
     <span class='ocr_line' id='line_1_80' title="bbox 2170 3212 3761 3284; baseline -0.001 -15"><span class='ocrx_word' id='word_1_546' title='bbox 2170 3215 2329 3269; x_wconf 91' lang='lat' dir='ltr'>ducti</span> <span class='ocrx_word' id='word_1_547' title='bbox 2379 3217 2540 3281; x_wconf 89' lang='lat' dir='ltr'>sunt,</span> <span class='ocrx_word' id='word_1_548' title='bbox 2572 3212 2721 3268; x_wconf 90' lang='lat' dir='ltr'>hanc</span> <span class='ocrx_word' id='word_1_549' title='bbox 2769 3213 3137 3284; x_wconf 83' lang='lat' dir='ltr'>tyrannidem</span> <span class='ocrx_word' id='word_1_550' title='bbox 3188 3213 3452 3268; x_wconf 91' lang='lat' dir='ltr'>nondum</span> <span class='ocrx_word' id='word_1_551' title='bbox 3500 3214 3761 3277; x_wconf 85' lang='lat' dir='ltr'>intuentes,</span> 
     </span>
    </p>
   </div>
   <div class='ocr_carea' id='block_1_81' title="bbox 2169 3300 3764 3375">
    <p class='ocr_par' dir='ltr' id='par_1_81' title="bbox 2169 3300 3764 3375">
     <span class='ocr_line' id='line_1_81' title="bbox 2169 3300 3764 3375; baseline -0.002 -17"><span class='ocrx_word' id='word_1_552' title='bbox 2169 3320 2276 3358; x_wconf 91' lang='lat' dir='ltr'>nos</span> <span class='ocrx_word' id='word_1_553' title='bbox 2307 3303 2587 3358; x_wconf 88' lang='lat' dir='ltr'>debemus</span> <span class='ocrx_word' id='word_1_554' title='bbox 2618 3302 2677 3356; x_wconf 91' lang='lat' dir='ltr'>in</span> <span class='ocrx_word' id='word_1_555' title='bbox 2709 3317 2909 3356; x_wconf 90' lang='lat' dir='ltr'>eorum</span> <span class='ocrx_word' id='word_1_556' title='bbox 2942 3300 3137 3356; x_wconf 89' lang='lat' dir='ltr'>labore</span> <span class='ocrx_word' id='word_1_557' title='bbox 3179 3303 3509 3370; x_wconf 89' lang='lat' dir='ltr'>succedere,</span> <span class='ocrx_word' id='word_1_558' title='bbox 3541 3302 3628 3375; x_wconf 90' lang='lat' dir='ltr'>qui</span> <span class='ocrx_word' id='word_1_559' title='bbox 3661 3317 3764 3357; x_wconf 88' lang='lat' dir='ltr'>suc-</span> 
     </span>
    </p>
   </div>
   <div class='ocr_carea' id='block_1_82' title="bbox 2168 3388 3760 3463">
    <p class='ocr_par' dir='ltr' id='par_1_82' title="bbox 2168 3388 3760 3463">
     <span class='ocr_line' id='line_1_82' title="bbox 2168 3388 3760 3463; baseline -0.003 -17"><span class='ocrx_word' id='word_1_560' title='bbox 2168 3392 2455 3448; x_wconf 85' lang='lat' dir='ltr'>cessimus</span> <span class='ocrx_word' id='word_1_561' title='bbox 2488 3390 2546 3446; x_wconf 91' lang='lat' dir='ltr'>in</span> <span class='ocrx_word' id='word_1_562' title='bbox 2572 3390 2810 3457; x_wconf 89' lang='lat' dir='ltr'>honore,</span> <span class='ocrx_word' id='word_1_563' title='bbox 2844 3388 2904 3444; x_wconf 92' lang='lat' dir='ltr'>in</span> <span class='ocrx_word' id='word_1_564' title='bbox 2936 3390 3222 3462; x_wconf 78' lang='lat' dir='ltr'>cujusque</span> <span class='ocrx_word' id='word_1_565' title='bbox 3259 3393 3512 3463; x_wconf 88' lang='lat' dir='ltr'>tempore</span> <span class='ocrx_word' id='word_1_566' title='bbox 3557 3389 3760 3446; x_wconf 84' lang='lat' dir='ltr'>crude!i-</span> 
     </span>
    </p>
   </div>
   <div class='ocr_carea' id='block_1_83' title="bbox 2164 3478 3757 3553">
    <p class='ocr_par' dir='ltr' id='par_1_83' title="bbox 2164 3478 3757 3553">
     <span class='ocr_line' id='line_1_83' title="bbox 2164 3478 3757 3553; baseline -0.003 -16"><span class='ocrx_word' id='word_1_567' title='bbox 2164 3486 2276 3548; x_wconf 89' lang='lat' dir='ltr'>tas,</span> <span class='ocrx_word' id='word_1_568' title='bbox 2309 3499 2435 3553; x_wconf 75' lang='lat' dir='ltr'>qua:</span> <span class='ocrx_word' id='word_1_569' title='bbox 2481 3480 2688 3535; x_wconf 91' lang='lat' dir='ltr'>diebus</span> <span class='ocrx_word' id='word_1_570' title='bbox 2738 3479 3001 3550; x_wconf 90' lang='lat' dir='ltr'>ipsorum</span> <span class='ocrx_word' id='word_1_571' title='bbox 3059 3478 3230 3549; x_wconf 74' lang='lat' dir='ltr'>erepit</span> <span class='ocrx_word' id='word_1_572' title='bbox 3288 3479 3506 3535; x_wconf 86' lang='lat' dir='ltr'>radices</span> <span class='ocrx_word' id='word_1_573' title='bbox 3558 3480 3757 3542; x_wconf 75' lang='lat' dir='ltr'>mittere,</span> 
     </span>
    </p>
   </div>
   <div class='ocr_carea' id='block_1_84' title="bbox 2164 3565 3760 3641">
    <p class='ocr_par' dir='ltr' id='par_1_84' title="bbox 2164 3565 3760 3641">
     <span class='ocr_line' id='line_1_84' title="bbox 2164 3565 3760 3641; baseline -0.004 -15"><span class='ocrx_word' id='word_1_574' title='bbox 2164 3573 2575 3626; x_wconf 89' lang='lat' dir='ltr'>consummata</span> <span class='ocrx_word' id='word_1_575' title='bbox 2629 3569 2941 3640; x_wconf 90' lang='lat' dir='ltr'>perpatuit.</span> <span class='ocrx_word' id='word_1_576' title='bbox 2976 3567 3223 3622; x_wconf 87' lang='lat' dir='ltr'>Proinde</span> <span class='ocrx_word' id='word_1_577' title='bbox 3275 3585 3401 3636; x_wconf 91' lang='lat' dir='ltr'>nos,</span> <span class='ocrx_word' id='word_1_578' title='bbox 3434 3569 3607 3641; x_wconf 92' lang='lat' dir='ltr'>primo</span> <span class='ocrx_word' id='word_1_579' title='bbox 3655 3565 3760 3638; x_wconf 83' lang='lat' dir='ltr'>quia</span> 
     </span>
    </p>
   </div>
   <div class='ocr_carea' id='block_1_85' title="bbox 2164 3655 3757 3729">
    <p class='ocr_par' dir='ltr' id='par_1_85' title="bbox 2164 3655 3757 3729">
     <span class='ocr_line' id='line_1_85' title="bbox 2164 3655 3757 3729; baseline -0.006 -13"><span class='ocrx_word' id='word_1_580' title='bbox 2164 3661 2318 3718; x_wconf 90' lang='lat' dir='ltr'>sedis</span> <span class='ocrx_word' id='word_1_581' title='bbox 2350 3656 2676 3729; x_wconf 68' lang='lat' dir='ltr'>apostolicae</span> <span class='ocrx_word' id='word_1_582' title='bbox 2709 3657 2779 3711; x_wconf 91' lang='lat' dir='ltr'>de</span> <span class='ocrx_word' id='word_1_583' title='bbox 2809 3661 2930 3710; x_wconf 89' lang='lat' dir='ltr'>tota</span> <span class='ocrx_word' id='word_1_584' title='bbox 2961 3655 3214 3711; x_wconf 89' lang='lat' dir='ltr'>Ecclesia</span> <span class='ocrx_word' id='word_1_585' title='bbox 3248 3658 3336 3713; x_wconf 90' lang='lat' dir='ltr'>fas</span> <span class='ocrx_word' id='word_1_586' title='bbox 3367 3657 3615 3714; x_wconf 89' lang='lat' dir='ltr'>habentis</span> <span class='ocrx_word' id='word_1_587' title='bbox 3633 3655 3757 3727; x_wconf 88' lang='lat' dir='ltr'>judi-</span> 
     </span>
    </p>
   </div>
   <div class='ocr_carea' id='block_1_86' title="bbox 2163 3745 3754 3818">
    <p class='ocr_par' dir='ltr' id='par_1_86' title="bbox 2163 3745 3754 3818">
     <span class='ocr_line' id='line_1_86' title="bbox 2163 3745 3754 3818; baseline -0.004 -14"><span class='ocrx_word' id='word_1_588' title='bbox 2163 3745 2724 3817; x_wconf 87' lang='lat' dir='ltr'>care,moderamina</span> <span class='ocrx_word' id='word_1_589' title='bbox 2754 3745 3042 3800; x_wconf 88' lang='lat' dir='ltr'>retinemu</span> <span class='ocrx_word' id='word_1_590' title='bbox 3065 3763 3076 3810; x_wconf 90' lang='lat'>;</span> <span class='ocrx_word' id='word_1_591' title='bbox 3103 3747 3364 3802; x_wconf 89' lang='lat' dir='ltr'>secundo</span> <span class='ocrx_word' id='word_1_592' title='bbox 3389 3747 3641 3818; x_wconf 87' lang='lat' dir='ltr'>quoniam</span> <span class='ocrx_word' id='word_1_593' title='bbox 3671 3745 3754 3798; x_wconf 86' lang='lat' dir='ltr'>fra-</span> 
     </span>
    </p>
   </div>
   <div class='ocr_carea' id='block_1_87' title="bbox 2159 3833 3752 3907">
    <p class='ocr_par' dir='ltr' id='par_1_87' title="bbox 2159 3833 3752 3907">
     <span class='ocr_line' id='line_1_87' title="bbox 2159 3833 3752 3907; baseline -0.004 -15"><span class='ocrx_word' id='word_1_594' title='bbox 2159 3837 2348 3892; x_wconf 77' lang='lat' dir='ltr'>tribus</span> <span class='ocrx_word' id='word_1_595' title='bbox 2377 3834 2654 3907; x_wconf 89' lang='lat' dir='ltr'>injuriam</span> <span class='ocrx_word' id='word_1_596' title='bbox 2688 3833 2878 3904; x_wconf 90' lang='lat' dir='ltr'>passis</span> <span class='ocrx_word' id='word_1_597' title='bbox 2909 3833 3215 3889; x_wconf 86' lang='lat' dir='ltr'>subvenire</span> <span class='ocrx_word' id='word_1_598' title='bbox 3247 3836 3553 3902; x_wconf 91' lang='lat' dir='ltr'>debemus;</span> <span class='ocrx_word' id='word_1_599' title='bbox 3577 3837 3752 3907; x_wconf 91' lang='lat' dir='ltr'>postre-</span> 
     </span>
    </p>
   </div>
   <div class='ocr_carea' id='block_1_88' title="bbox 2162 3923 3749 3998">
    <p class='ocr_par' dir='ltr' id='par_1_88' title="bbox 2162 3923 3749 3998">
     <span class='ocr_line' id='line_1_88' title="bbox 2162 3923 3749 3998; baseline -0.005 -16"><span class='ocrx_word' id='word_1_600' title='bbox 2162 3943 2256 3982; x_wconf 90' lang='lat' dir='ltr'>mo</span> <span class='ocrx_word' id='word_1_601' title='bbox 2288 3925 2443 3998; x_wconf 90' lang='lat' dir='ltr'>quia,</span> <span class='ocrx_word' id='word_1_602' title='bbox 2477 3923 2628 3979; x_wconf 91' lang='lat' dir='ltr'>sicut</span> <span class='ocrx_word' id='word_1_603' title='bbox 2652 3923 2777 3994; x_wconf 91' lang='lat' dir='ltr'>jam</span> <span class='ocrx_word' id='word_1_604' title='bbox 2808 3923 3082 3989; x_wconf 85' lang='lat' dir='ltr'>diximus,</span> <span class='ocrx_word' id='word_1_605' title='bbox 3117 3927 3345 3994; x_wconf 88' lang='lat' dir='ltr'>oportet</span> <span class='ocrx_word' id='word_1_606' title='bbox 3375 3942 3477 3981; x_wconf 91' lang='lat' dir='ltr'>nos</span> <span class='ocrx_word' id='word_1_607' title='bbox 3508 3925 3560 3978; x_wconf 92' lang='lat' dir='ltr'>in</span> <span class='ocrx_word' id='word_1_608' title='bbox 3588 3936 3749 3978; x_wconf 87' lang='lat' dir='ltr'>eorum</span> 
     </span>
    </p>
   </div>
   <div class='ocr_carea' id='block_1_89' title="bbox 2161 4010 3758 4086">
    <p class='ocr_par' dir='ltr' id='par_1_89' title="bbox 2161 4010 3758 4086">
     <span class='ocr_line' id='line_1_89' title="bbox 2161 4010 3758 4086; baseline -0.004 -18"><span class='ocrx_word' id='word_1_609' title='bbox 2161 4013 2355 4070; x_wconf 87' lang='lat' dir='ltr'>labore</span> <span class='ocrx_word' id='word_1_610' title='bbox 2386 4010 2779 4079; x_wconf 89' lang='lat' dir='ltr'>suceedere,in</span> <span class='ocrx_word' id='word_1_611' title='bbox 2804 4028 3053 4083; x_wconf 92' lang='lat' dir='ltr'>quorum</span> <span class='ocrx_word' id='word_1_612' title='bbox 3088 4013 3480 4068; x_wconf 86' lang='lat' dir='ltr'>successimus</span> <span class='ocrx_word' id='word_1_613' title='bbox 3511 4010 3758 4086; x_wconf 81' lang='lat' dir='ltr'>pontiﬁca-</span> 
     </span>
    </p>
   </div>
   <div class='ocr_carea' id='block_1_90' title="bbox 2160 4099 3756 4172">
    <p class='ocr_par' dir='ltr' id='par_1_90' title="bbox 2160 4099 3756 4172">
     <span class='ocr_line' id='line_1_90' title="bbox 2160 4099 3756 4172; baseline -0.006 -14"><span class='ocrx_word' id='word_1_614' title='bbox 2160 4107 2257 4158; x_wconf 90' lang='lat' dir='ltr'>tus</span> <span class='ocrx_word' id='word_1_615' title='bbox 2282 4102 2498 4158; x_wconf 89' lang='lat' dir='ltr'>honore</span> <span class='ocrx_word' id='word_1_616' title='bbox 2532 4119 2544 4157; x_wconf 92' lang='lat'>:</span> <span class='ocrx_word' id='word_1_617' title='bbox 2579 4100 3082 4172; x_wconf 90' lang='lat' dir='ltr'>quemadmodum</span> <span class='ocrx_word' id='word_1_618' title='bbox 3112 4099 3225 4172; x_wconf 90' lang='lat' dir='ltr'>ipsi</span> <span class='ocrx_word' id='word_1_619' title='bbox 3260 4101 3614 4157; x_wconf 87' lang='lat' dir='ltr'>decessorum</span> <span class='ocrx_word' id='word_1_620' title='bbox 3647 4111 3756 4153; x_wconf 86' lang='lat' dir='ltr'>suo-</span> 
     </span>
    </p>
   </div>
   <div class='ocr_carea' id='block_1_91' title="bbox 2164 4182 3755 4263">
    <p class='ocr_par' dir='ltr' id='par_1_91' title="bbox 2164 4182 3755 4263">
     <span class='ocr_line' id='line_1_91' title="bbox 2164 4182 3755 4263; baseline -0.007 -15"><span class='ocrx_word' id='word_1_621' title='bbox 2164 4209 2290 4248; x_wconf 90' lang='lat' dir='ltr'>rum</span> <span class='ocrx_word' id='word_1_622' title='bbox 2325 4189 2588 4263; x_wconf 87' lang='lat' dir='ltr'>exempla</span> <span class='ocrx_word' id='word_1_623' title='bbox 2618 4189 2801 4245; x_wconf 90' lang='lat' dir='ltr'>secuti</span> <span class='ocrx_word' id='word_1_624' title='bbox 2835 4193 2992 4255; x_wconf 89' lang='lat' dir='ltr'>sunt,</span> <span class='ocrx_word' id='word_1_625' title='bbox 3023 4192 3078 4243; x_wconf 91' lang='lat' dir='ltr'>et</span> <span class='ocrx_word' id='word_1_626' title='bbox 3107 4189 3305 4262; x_wconf 89' lang='lat' dir='ltr'>operis</span> <span class='ocrx_word' id='word_1_627' title='bbox 3337 4207 3532 4247; x_wconf 90' lang='lat' dir='ltr'>eorum</span> <span class='ocrx_word' id='word_1_628' title='bbox 3574 4182 3755 4244; x_wconf 73' lang='lat' dir='ltr'>strenui</span> 
     </span>
    </p>
   </div>
   <div class='ocr_carea' id='block_1_92' title="bbox 2159 4273 3755 4350">
    <p class='ocr_par' dir='ltr' id='par_1_92' title="bbox 2159 4273 3755 4350">
     <span class='ocr_line' id='line_1_92' title="bbox 2159 4273 3755 4350; baseline -0.008 -14"><span class='ocrx_word' id='word_1_629' title='bbox 2159 4279 2410 4336; x_wconf 90' lang='lat' dir='ltr'>cultores</span> <span class='ocrx_word' id='word_1_630' title='bbox 2440 4279 2657 4334; x_wconf 87' lang='lat' dir='ltr'>inventi</span> <span class='ocrx_word' id='word_1_631' title='bbox 2689 4281 2861 4345; x_wconf 89' lang='lat' dir='ltr'>sunt;</span> <span class='ocrx_word' id='word_1_632' title='bbox 2898 4278 3053 4348; x_wconf 91' lang='lat' dir='ltr'>quod</span> <span class='ocrx_word' id='word_1_633' title='bbox 3103 4275 3217 4350; x_wconf 90' lang='lat' dir='ltr'>ipsi</span> <span class='ocrx_word' id='word_1_634' title='bbox 3268 4279 3517 4350; x_wconf 90' lang='lat' dir='ltr'>profecto</span> <span class='ocrx_word' id='word_1_635' title='bbox 3561 4273 3755 4348; x_wconf 85' lang='lat' dir='ltr'>agerent</span> 
     </span>
    </p>
   </div>
   <div class='ocr_carea' id='block_1_93' title="bbox 2159 4359 3749 4440">
    <p class='ocr_par' dir='ltr' id='par_1_93' title="bbox 2159 4359 3749 4440">
     <span class='ocr_line' id='line_1_93' title="bbox 2159 4359 3749 4440; baseline -0.001 -14"><span class='ocrx_word' id='word_1_636' title='bbox 2159 4371 2468 4440; x_wconf 88' lang='lat' dir='ltr'>adjuvante</span> <span class='ocrx_word' id='word_1_637' title='bbox 2517 4367 2784 4432; x_wconf 92' lang='lat' dir='ltr'>Domino,</span> <span class='ocrx_word' id='word_1_638' title='bbox 2816 4366 3120 4434; x_wconf 89' lang='lat' dir='ltr'>habentes,</span> <span class='ocrx_word' id='word_1_639' title='bbox 3156 4367 3636 4438; x_wconf 88' lang='lat' dir='ltr'>quemadmodum</span> <span class='ocrx_word' id='word_1_640' title='bbox 3668 4359 3749 4424; x_wconf 72' lang='lat' dir='ltr'>illi.</span> 
     </span>
    </p>
   </div>
   <div class='ocr_carea' id='block_1_94' title="bbox 394 4449 3748 4541">
    <p class='ocr_par' dir='ltr' id='par_1_94' title="bbox 394 4449 3748 4541">
     <span class='ocr_line' id='line_1_94' title="bbox 394 4449 3748 4541; baseline -0.004 -27"><span class='ocrx_word' id='word_1_641' title='bbox 394 4457 702 4527; x_wconf 86' lang='lat' dir='ltr'>sententia,</span> <span class='ocrx_word' id='word_1_642' title='bbox 737 4459 988 4514; x_wconf 90' lang='lat' dir='ltr'>missum</span> <span class='ocrx_word' id='word_1_643' title='bbox 1029 4463 1118 4513; x_wconf 87' lang='lat' dir='ltr'>est</span> <span class='ocrx_word' id='word_1_644' title='bbox 1149 4456 1382 4528; x_wconf 89' lang='lat' dir='ltr'>utrique</span> <span class='ocrx_word' id='word_1_645' title='bbox 1415 4457 1586 4528; x_wconf 88' lang='lat' dir='ltr'>parti,</span> <span class='ocrx_word' id='word_1_646' title='bbox 1621 4457 1776 4512; x_wconf 89' lang='lat' dir='ltr'>sedis</span> <span class='ocrx_word' id='word_1_647' title='bbox 1809 4465 2047 4530; x_wconf 92' lang='lat' dir='ltr'>aposto-</span> <span class='ocrx_word' id='word_1_648' title='bbox 2077 4476 2122 4541; x_wconf 74' lang='grc' dir='ltr'>Ι)</span> <span class='ocrx_word' id='word_1_649' title='bbox 2157 4458 2421 4531; x_wconf 90' lang='lat' dir='ltr'>ejusdem</span> <span class='ocrx_word' id='word_1_650' title='bbox 2440 4455 3060 4527; x_wconf 71' lang='lat' dir='ltr'>zelumjustititiae,seu</span> <span class='ocrx_word' id='word_1_651' title='bbox 3084 4455 3452 4529; x_wconf 86' lang='lat' dir='ltr'>privilegium</span> <span class='ocrx_word' id='word_1_652' title='bbox 3473 4449 3748 4541; x_wconf 67' lang='lat' dir='ltr'>dignitatis,</span> 
     </span>
    </p>
   </div>
   <div class='ocr_carea' id='block_1_95' title="bbox 394 4543 2045 4618">
    <p class='ocr_par' dir='ltr' id='par_1_95' title="bbox 394 4543 2045 4618">
     <span class='ocr_line' id='line_1_95' title="bbox 394 4543 2045 4618; baseline 0.001 -16"><span class='ocrx_word' id='word_1_653' title='bbox 394 4546 516 4602; x_wconf 61' lang='lat' dir='ltr'>lica;</span> <span class='ocrx_word' id='word_1_654' title='bbox 549 4546 816 4618; x_wconf 75' lang='lat' dir='ltr'>praesulis</span> <span class='ocrx_word' id='word_1_655' title='bbox 851 4546 1320 4617; x_wconf 70' lang='lat' dir='ltr'>przesentandum</span> <span class='ocrx_word' id='word_1_656' title='bbox 1347 4543 1744 4611; x_wconf 91' lang='lat' dir='ltr'>obtutibus,ac</span> <span class='ocrx_word' id='word_1_657' title='bbox 1774 4546 2045 4615; x_wconf 90' lang='lat' dir='ltr'>etiam,ut</span> 
     </span>
    </p>
   </div>
   <div class='ocr_carea' id='block_1_96' title="bbox 393 4631 2047 4707">
    <p class='ocr_par' dir='ltr' id='par_1_96' title="bbox 393 4631 2047 4707">
     <span class='ocr_line' id='line_1_96' title="bbox 393 4631 2047 4707; baseline 0.001 -17"><span class='ocrx_word' id='word_1_658' title='bbox 393 4652 499 4707; x_wconf 88' lang='lat' dir='ltr'>par</span> <span class='ocrx_word' id='word_1_659' title='bbox 529 4635 1080 4706; x_wconf 85' lang='lat' dir='ltr'>cst,snbjiciendum</span> <span class='ocrx_word' id='word_1_660' title='bbox 1109 4631 1559 4688; x_wconf 83' lang='lat' dir='ltr'>difﬁnitionibus</span> <span class='ocrx_word' id='word_1_661' title='bbox 1585 4650 1595 4688; x_wconf 93' lang='lat'>:</span> <span class='ocrx_word' id='word_1_662' title='bbox 1623 4633 1722 4688; x_wconf 90' lang='lat' dir='ltr'>sed</span> <span class='ocrx_word' id='word_1_663' title='bbox 1747 4634 1887 4688; x_wconf 91' lang='lat' dir='ltr'>dum</span> <span class='ocrx_word' id='word_1_664' title='bbox 1912 4652 2047 4707; x_wconf 88' lang='lat' dir='ltr'>pars</span> 
     </span>
    </p>
   </div>
   <div class='ocr_carea' id='block_1_97' title="bbox 394 4720 2045 4795">
    <p class='ocr_par' dir='ltr' id='par_1_97' title="bbox 394 4720 2045 4795">
     <span class='ocr_line' id='line_1_97' title="bbox 394 4720 2045 4795; baseline 0.002 -19"><span class='ocrx_word' id='word_1_665' title='bbox 394 4723 605 4795; x_wconf 89' lang='lat' dir='ltr'>Ignatii</span> <span class='ocrx_word' id='word_1_666' title='bbox 651 4724 1015 4795; x_wconf 89' lang='lat' dir='ltr'>properando</span> <span class='ocrx_word' id='word_1_667' title='bbox 1065 4721 1323 4794; x_wconf 89' lang='lat' dir='ltr'>disponit</span> <span class='ocrx_word' id='word_1_668' title='bbox 1354 4720 1484 4788; x_wconf 89' lang='lat' dir='ltr'>iter,</span> <span class='ocrx_word' id='word_1_669' title='bbox 1516 4722 1587 4776; x_wconf 89' lang='lat' dir='ltr'>ab</span> <span class='ocrx_word' id='word_1_670' title='bbox 1621 4721 1888 4778; x_wconf 90' lang='lat' dir='ltr'>hostibus</span> <span class='ocrx_word' id='word_1_671' title='bbox 1919 4724 2045 4795; x_wconf 87' lang='lat' dir='ltr'>ejus</span> 
     </span>
    </p>
   </div>
   <div class='ocr_carea' id='block_1_98' title="bbox 390 4810 2044 4884">
    <p class='ocr_par' dir='ltr' id='par_1_98' title="bbox 390 4810 2044 4884">
     <span class='ocr_line' id='line_1_98' title="bbox 390 4810 2044 4884; baseline 0.002 -20"><span class='ocrx_word' id='word_1_672' title='bbox 390 4811 614 4866; x_wconf 92' lang='lat' dir='ltr'>viribus</span> <span class='ocrx_word' id='word_1_673' title='bbox 644 4812 982 4884; x_wconf 87' lang='lat' dir='ltr'>resumptis,</span> <span class='ocrx_word' id='word_1_674' title='bbox 1014 4829 1130 4866; x_wconf 92' lang='lat' dir='ltr'>non</span> <span class='ocrx_word' id='word_1_675' title='bbox 1152 4812 1277 4881; x_wconf 86' lang='lat' dir='ltr'>jam</span> <span class='ocrx_word' id='word_1_676' title='bbox 1312 4810 1484 4865; x_wconf 79' lang='lat' dir='ltr'>fidem</span> <span class='ocrx_word' id='word_1_677' title='bbox 1513 4810 1892 4881; x_wconf 89' lang='lat' dir='ltr'>apostolicam</span> <span class='ocrx_word' id='word_1_678' title='bbox 1943 4830 2044 4884; x_wconf 81' lang='lat' dir='ltr'>pe-</span> 
     </span>
    </p>
   </div>
   <div class='ocr_carea' id='block_1_99' title="bbox 390 4899 2042 4972">
    <p class='ocr_par' dir='ltr' id='par_1_99' title="bbox 390 4899 2042 4972">
     <span class='ocr_line' id='line_1_99' title="bbox 390 4899 2042 4972; baseline 0.002 -18"><span class='ocrx_word' id='word_1_679' title='bbox 390 4899 670 4967; x_wconf 91' lang='lat' dir='ltr'>tentibus,</span> <span class='ocrx_word' id='word_1_680' title='bbox 705 4918 818 4956; x_wconf 91' lang='lat' dir='ltr'>non</span> <span class='ocrx_word' id='word_1_681' title='bbox 853 4901 1000 4957; x_wconf 89' lang='lat' dir='ltr'>Petri</span> <span class='ocrx_word' id='word_1_682' title='bbox 1037 4899 1381 4955; x_wconf 89' lang='lat' dir='ltr'>memoriam</span> <span class='ocrx_word' id='word_1_683' title='bbox 1416 4900 1600 4954; x_wconf 91' lang='lat' dir='ltr'>facere</span> <span class='ocrx_word' id='word_1_684' title='bbox 1638 4899 2042 4972; x_wconf 89' lang='lat' dir='ltr'>dignantibus,</span> 
     </span>
    </p>
   </div>
   <div class='ocr_carea' id='block_1_100' title="bbox 391 4987 2040 5062">
    <p class='ocr_par' dir='ltr' id='par_1_100' title="bbox 391 4987 2040 5062">
     <span class='ocr_line' id='line_1_100' title="bbox 391 4987 2040 5062; baseline 0.001 -17"><span class='ocrx_word' id='word_1_685' title='bbox 391 4987 654 5062; x_wconf 87' lang='lat' dir='ltr'>Ignatius</span> <span class='ocrx_word' id='word_1_686' title='bbox 687 4989 1288 5061; x_wconf 88' lang='lat' dir='ltr'>trahitur,impellitur</span> <span class='ocrx_word' id='word_1_687' title='bbox 1319 4992 1374 5044; x_wconf 92' lang='lat' dir='ltr'>et</span> <span class='ocrx_word' id='word_1_688' title='bbox 1403 4988 1730 5043; x_wconf 90' lang='lat' dir='ltr'>innumeris</span> <span class='ocrx_word' id='word_1_689' title='bbox 1763 4989 1934 5046; x_wconf 91' lang='lat' dir='ltr'>malis</span> <span class='ocrx_word' id='word_1_690' title='bbox 1957 4991 2040 5046; x_wconf 89' lang='lat' dir='ltr'>af-</span> 
     </span>
    </p>
   </div>
   <div class='ocr_carea' id='block_1_101' title="bbox 387 5077 2042 5150">
    <p class='ocr_par' dir='ltr' id='par_1_101' title="bbox 387 5077 2042 5150">
     <span class='ocr_line' id='line_1_101' title="bbox 387 5077 2042 5150; baseline 0.001 -17"><span class='ocrx_word' id='word_1_691' title='bbox 387 5078 575 5134; x_wconf 89' lang='lat' dir='ltr'>fectus</span> <span class='ocrx_word' id='word_1_692' title='bbox 606 5079 678 5134; x_wconf 91' lang='lat' dir='ltr'>ab</span> <span class='ocrx_word' id='word_1_693' title='bbox 724 5078 991 5134; x_wconf 80' lang='lat' dir='ltr'>Ecclesiae</span> <span class='ocrx_word' id='word_1_694' title='bbox 1047 5077 1330 5150; x_wconf 90' lang='lat' dir='ltr'>regimine</span> <span class='ocrx_word' id='word_1_695' title='bbox 1384 5081 1806 5148; x_wconf 83' lang='lat' dir='ltr'>sequestratur.</span> <span class='ocrx_word' id='word_1_696' title='bbox 1840 5079 1907 5133; x_wconf 90' lang='lat' dir='ltr'>Et</span> <span class='ocrx_word' id='word_1_697' title='bbox 1933 5079 2042 5136; x_wconf 91' lang='lat' dir='ltr'>hoc</span> 
     </span>
    </p>
   </div>
   <div class='ocr_carea' id='block_1_102' title="bbox 387 5166 2040 5239">
    <p class='ocr_par' dir='ltr' id='par_1_102' title="bbox 387 5166 2040 5239">
     <span class='ocr_line' id='line_1_102' title="bbox 387 5166 2040 5239; baseline -0.001 -15"><span class='ocrx_word' id='word_1_698' title='bbox 387 5172 575 5224; x_wconf 88' lang='lat' dir='ltr'>totum</span> <span class='ocrx_word' id='word_1_699' title='bbox 611 5169 826 5224; x_wconf 84' lang='lat' dir='ltr'>factum</span> <span class='ocrx_word' id='word_1_700' title='bbox 861 5172 948 5222; x_wconf 90' lang='lat' dir='ltr'>est</span> <span class='ocrx_word' id='word_1_701' title='bbox 977 5183 1042 5223; x_wconf 93' lang='lat' dir='ltr'>eo</span> <span class='ocrx_word' id='word_1_702' title='bbox 1073 5168 1224 5238; x_wconf 92' lang='lat' dir='ltr'>quod</span> <span class='ocrx_word' id='word_1_703' title='bbox 1261 5166 1516 5239; x_wconf 65' lang='lat' dir='ltr'>prazdicti</span> <span class='ocrx_word' id='word_1_704' title='bbox 1549 5166 1852 5238; x_wconf 80' lang='lat' dir='ltr'>pontifices</span> <span class='ocrx_word' id='word_1_705' title='bbox 1892 5168 2040 5223; x_wconf 89' lang='lat' dir='ltr'>utri-</span> 
     </span>
    </p>
   </div>
   <div class='ocr_carea' id='block_1_103' title="bbox 387 5255 2039 5329">
    <p class='ocr_par' dir='ltr' id='par_1_103' title="bbox 387 5255 2039 5329">
     <span class='ocr_line' id='line_1_103' title="bbox 387 5255 2039 5329; baseline 0.001 -16"><span class='ocrx_word' id='word_1_706' title='bbox 387 5273 501 5328; x_wconf 91' lang='lat' dir='ltr'>que</span> <span class='ocrx_word' id='word_1_707' title='bbox 535 5257 683 5329; x_wconf 88' lang='lat' dir='ltr'>parti</span> <span class='ocrx_word' id='word_1_708' title='bbox 716 5255 1046 5328; x_wconf 73' lang='lat' dir='ltr'>azquitatem</span> <span class='ocrx_word' id='word_1_709' title='bbox 1080 5261 1396 5326; x_wconf 87' lang='lat' dir='ltr'>servantes,</span> <span class='ocrx_word' id='word_1_710' title='bbox 1430 5259 1486 5310; x_wconf 90' lang='lat' dir='ltr'>et</span> <span class='ocrx_word' id='word_1_711' title='bbox 1516 5255 1822 5328; x_wconf 89' lang='lat' dir='ltr'>utriusque</span> <span class='ocrx_word' id='word_1_712' title='bbox 1842 5255 2039 5315; x_wconf 90' lang='lat' dir='ltr'>lateris</span> 
     </span>
    </p>
   </div>
   <div class='ocr_carea' id='block_1_104' title="bbox 389 5343 2040 5418">
    <p class='ocr_par' dir='ltr' id='par_1_104' title="bbox 389 5343 2040 5418">
     <span class='ocr_line' id='line_1_104' title="bbox 389 5343 2040 5418; baseline 0.002 -18"><span class='ocrx_word' id='word_1_713' title='bbox 389 5345 746 5400; x_wconf 90' lang='lat' dir='ltr'>audientiam</span> <span class='ocrx_word' id='word_1_714' title='bbox 782 5344 1165 5418; x_wconf 87' lang='lat' dir='ltr'>postulantes,</span> <span class='ocrx_word' id='word_1_715' title='bbox 1200 5343 1411 5415; x_wconf 85' lang='lat' dir='ltr'>Ignatii</span> <span class='ocrx_word' id='word_1_716' title='bbox 1446 5361 1559 5398; x_wconf 90' lang='lat' dir='ltr'>non</span> <span class='ocrx_word' id='word_1_717' title='bbox 1594 5344 1882 5401; x_wconf 85' lang='lat' dir='ltr'>firmando</span> <span class='ocrx_word' id='word_1_718' title='bbox 1913 5363 2040 5403; x_wconf 89' lang='lat' dir='ltr'>sen-</span> 
     </span>
    </p>
   </div>
   <div class='ocr_carea' id='block_1_105' title="bbox 390 5432 2037 5509">
    <p class='ocr_par' dir='ltr' id='par_1_105' title="bbox 390 5432 2037 5509">
     <span class='ocr_line' id='line_1_105' title="bbox 390 5432 2037 5509; baseline 0.003 -19"><span class='ocrx_word' id='word_1_719' title='bbox 390 5433 776 5502; x_wconf 85' lang='lat' dir='ltr'>tentiam,imo</span> <span class='ocrx_word' id='word_1_720' title='bbox 809 5450 939 5490; x_wconf 87' lang='lat' dir='ltr'>vero</span> <span class='ocrx_word' id='word_1_721' title='bbox 973 5433 1206 5490; x_wconf 90' lang='lat' dir='ltr'>interim</span> <span class='ocrx_word' id='word_1_722' title='bbox 1242 5432 1878 5501; x_wconf 82' lang='lat' dir='ltr'>inﬁrmando,inimicis</span> <span class='ocrx_word' id='word_1_723' title='bbox 1911 5437 2037 5509; x_wconf 90' lang='lat' dir='ltr'>ejus</span> 
     </span>
    </p>
   </div>
   <div class='ocr_carea' id='block_1_106' title="bbox 390 5520 2036 5599">
    <p class='ocr_par' dir='ltr' id='par_1_106' title="bbox 390 5520 2036 5599">
     <span class='ocr_line' id='line_1_106' title="bbox 390 5520 2036 5599; baseline 0.004 -19"><span class='ocrx_word' id='word_1_724' title='bbox 390 5521 823 5598; x_wconf 86' lang='lat' dir='ltr'>quodammodo</span> <span class='ocrx_word' id='word_1_725' title='bbox 855 5539 1097 5582; x_wconf 87' lang='lat' dir='ltr'>manum</span> <span class='ocrx_word' id='word_1_726' title='bbox 1147 5520 1528 5599; x_wconf 86' lang='lat' dir='ltr'>porrexerint,</span> <span class='ocrx_word' id='word_1_727' title='bbox 1561 5523 1702 5580; x_wconf 87' lang='lat' dir='ltr'>dum</span> <span class='ocrx_word' id='word_1_728' title='bbox 1756 5524 2036 5586; x_wconf 88' lang='lat' dir='ltr'>nimirum</span> 
     </span>
    </p>
   </div>
   <div class='ocr_carea' id='block_1_107' title="bbox 2155 4533 3750 4618">
    <p class='ocr_par' dir='ltr' id='par_1_107' title="bbox 2155 4533 3750 4618">
     <span class='ocr_line' id='line_1_107' title="bbox 2155 4533 3750 4618; baseline -0.01 -14"><span class='ocrx_word' id='word_1_729' title='bbox 2155 4565 2261 4604; x_wconf 91' lang='lat' dir='ltr'>nos</span> <span class='ocrx_word' id='word_1_730' title='bbox 2293 4547 2550 4602; x_wconf 89' lang='lat' dir='ltr'>studiose</span> <span class='ocrx_word' id='word_1_731' title='bbox 2573 4545 2846 4618; x_wconf 80' lang='lat' dir='ltr'>perficere</span> <span class='ocrx_word' id='word_1_732' title='bbox 2868 4543 3602 4616; x_wconf 87' lang='lat' dir='ltr'>procuravimus,nimirum</span> <span class='ocrx_word' id='word_1_733' title='bbox 3627 4533 3750 4611; x_wconf 89' lang='lat' dir='ltr'>quod</span> 
     </span>
    </p>
   </div>
   <div class='ocr_carea' id='block_1_108' title="bbox 2157 4621 3755 4708">
    <p class='ocr_par' dir='ltr' id='par_1_108' title="bbox 2157 4621 3755 4708">
     <span class='ocr_line' id='line_1_108' title="bbox 2157 4621 3755 4708; baseline -0.008 -17"><span class='ocrx_word' id='word_1_734' title='bbox 2157 4635 2422 4691; x_wconf 90' lang='lat' dir='ltr'>omittere</span> <span class='ocrx_word' id='word_1_735' title='bbox 2452 4633 2653 4708; x_wconf 89' lang='lat' dir='ltr'>procul</span> <span class='ocrx_word' id='word_1_736' title='bbox 2686 4632 3045 4701; x_wconf 90' lang='lat' dir='ltr'>dubio,sicut</span> <span class='ocrx_word' id='word_1_737' title='bbox 3078 4649 3250 4689; x_wconf 90' lang='lat' dir='ltr'>nosse</span> <span class='ocrx_word' id='word_1_738' title='bbox 3275 4633 3500 4689; x_wconf 91' lang='lat' dir='ltr'>cunctis</span> <span class='ocrx_word' id='word_1_739' title='bbox 3527 4630 3659 4687; x_wconf 88' lang='lat' dir='ltr'>clare</span> <span class='ocrx_word' id='word_1_740' title='bbox 3681 4621 3755 4679; x_wconf 86' lang='lat' dir='ltr'>tri-</span> 
     </span>
    </p>
   </div>
   <div class='ocr_carea' id='block_1_109' title="bbox 2157 4722 2839 4795">
    <p class='ocr_par' dir='ltr' id='par_1_109' title="bbox 2157 4722 2839 4795">
     <span class='ocr_line' id='line_1_109' title="bbox 2157 4722 2839 4795; baseline -0.006 -15"><span class='ocrx_word' id='word_1_741' title='bbox 2157 4726 2378 4795; x_wconf 88' lang='lat' dir='ltr'>buitur,</span> <span class='ocrx_word' id='word_1_742' title='bbox 2411 4741 2525 4780; x_wconf 91' lang='lat' dir='ltr'>non</span> <span class='ocrx_word' id='word_1_743' title='bbox 2557 4722 2839 4778; x_wconf 89' lang='lat' dir='ltr'>valemus.</span> 
     </span>
    </p>
   </div>
   <div class='ocr_carea' id='block_1_110' title="bbox 2227 4810 3750 4882">
    <p class='ocr_par' dir='ltr' id='par_1_110' title="bbox 2227 4810 3750 4882">
     <span class='ocr_line' id='line_1_110' title="bbox 2227 4810 3750 4882; baseline -0.008 -14"><span class='ocrx_word' id='word_1_744' title='bbox 2227 4813 2339 4868; x_wconf 92' lang='lat' dir='ltr'>Sed</span> <span class='ocrx_word' id='word_1_745' title='bbox 2371 4813 2537 4876; x_wconf 91' lang='lat' dir='ltr'>dicis,</span> <span class='ocrx_word' id='word_1_746' title='bbox 2573 4828 2605 4866; x_wconf 94' lang='lat' dir='ltr'>o</span> <span class='ocrx_word' id='word_1_747' title='bbox 2636 4810 3152 4882; x_wconf 89' lang='lat' dir='ltr'>imperator,etiam</span> <span class='ocrx_word' id='word_1_748' title='bbox 3186 4811 3313 4868; x_wconf 90' lang='lat' dir='ltr'>sine</span> <span class='ocrx_word' id='word_1_749' title='bbox 3343 4823 3614 4867; x_wconf 90' lang='lat' dir='ltr'>consensu</span> <span class='ocrx_word' id='word_1_750' title='bbox 3643 4818 3750 4859; x_wconf 84' lang='lat' dir='ltr'>nos-</span> 
     </span>
    </p>
   </div>
   <div class='ocr_carea' id='block_1_111' title="bbox 2153 4891 3747 4967">
    <p class='ocr_par' dir='ltr' id='par_1_111' title="bbox 2153 4891 3747 4967">
     <span class='ocr_line' id='line_1_111' title="bbox 2153 4891 3747 4967; baseline -0.008 -11"><span class='ocrx_word' id='word_1_751' title='bbox 2153 4905 2240 4957; x_wconf 90' lang='lat' dir='ltr'>tro</span> <span class='ocrx_word' id='word_1_752' title='bbox 2274 4901 2544 4956; x_wconf 89' lang='lat' dir='ltr'>Photium</span> <span class='ocrx_word' id='word_1_753' title='bbox 2567 4904 2623 4956; x_wconf 92' lang='lat' dir='ltr'>et</span> <span class='ocrx_word' id='word_1_754' title='bbox 2643 4899 2948 4955; x_wconf 90' lang='lat' dir='ltr'>ecclesiam</span> <span class='ocrx_word' id='word_1_755' title='bbox 2972 4898 3416 4967; x_wconf 89' lang='lat' dir='ltr'>relenturum,et</span> <span class='ocrx_word' id='word_1_756' title='bbox 3436 4891 3747 4952; x_wconf 88' lang='lat' dir='ltr'>communio-</span> 
     </span>
    </p>
   </div>
   <div class='ocr_carea' id='block_1_112' title="bbox 2154 4982 3749 5061">
    <p class='ocr_par' dir='ltr' id='par_1_112' title="bbox 2154 4982 3749 5061">
     <span class='ocr_line' id='line_1_112' title="bbox 2154 4982 3749 5061; baseline -0.008 -15"><span class='ocrx_word' id='word_1_757' title='bbox 2154 5009 2287 5046; x_wconf 88' lang='lat' dir='ltr'>nem</span> <span class='ocrx_word' id='word_1_758' title='bbox 2321 4989 2586 5046; x_wconf 69' lang='lat' dir='ltr'>Ecclesias</span> <span class='ocrx_word' id='word_1_759' title='bbox 2616 4989 2978 5056; x_wconf 90' lang='lat' dir='ltr'>habiturum,</span> <span class='ocrx_word' id='word_1_760' title='bbox 3015 4989 3305 5061; x_wconf 90' lang='lat' dir='ltr'>Ignatium</span> <span class='ocrx_word' id='word_1_761' title='bbox 3354 5004 3483 5044; x_wconf 89' lang='lat' dir='ltr'>vero</span> <span class='ocrx_word' id='word_1_762' title='bbox 3513 4982 3642 5040; x_wconf 84' lang='lat' dir='ltr'>nihil</span> <span class='ocrx_word' id='word_1_763' title='bbox 3669 4994 3749 5051; x_wconf 87' lang='lat' dir='ltr'>per</span> 
     </span>
    </p>
   </div>
   <div class='ocr_carea' id='block_1_113' title="bbox 2153 5064 3749 5150">
    <p class='ocr_par' dir='ltr' id='par_1_113' title="bbox 2153 5064 3749 5150">
     <span class='ocr_line' id='line_1_113' title="bbox 2153 5064 3749 5150; baseline -0.008 -16"><span class='ocrx_word' id='word_1_764' title='bbox 2153 5097 2258 5136; x_wconf 90' lang='lat' dir='ltr'>nos</span> <span class='ocrx_word' id='word_1_765' title='bbox 2290 5078 2713 5134; x_wconf 90' lang='lat' dir='ltr'>meliorationis</span> <span class='ocrx_word' id='word_1_766' title='bbox 2743 5076 2976 5148; x_wconf 89' lang='lat' dir='ltr'>penitus</span> <span class='ocrx_word' id='word_1_767' title='bbox 3015 5079 3386 5150; x_wconf 88' lang='lat' dir='ltr'>adepturum.</span> <span class='ocrx_word' id='word_1_768' title='bbox 3416 5079 3484 5131; x_wconf 89' lang='lat' dir='ltr'>At</span> <span class='ocrx_word' id='word_1_769' title='bbox 3511 5089 3606 5130; x_wconf 89' lang='lat' dir='ltr'>nos</span> <span class='ocrx_word' id='word_1_770' title='bbox 3633 5087 3658 5124; x_wconf 90' lang='lat' dir='ltr'>e</span> <span class='ocrx_word' id='word_1_771' title='bbox 3685 5064 3749 5122; x_wconf 82' lang='lat' dir='ltr'>di-</span> 
     </span>
    </p>
   </div>
   <div class='ocr_carea' id='block_1_114' title="bbox 2149 5165 3748 5239">
    <p class='ocr_par' dir='ltr' id='par_1_114' title="bbox 2149 5165 3748 5239">
     <span class='ocr_line' id='line_1_114' title="bbox 2149 5165 3748 5239; baseline -0.009 -15"><span class='ocrx_word' id='word_1_772' title='bbox 2149 5187 2315 5226; x_wconf 88' lang='lat' dir='ltr'>verso</span> <span class='ocrx_word' id='word_1_773' title='bbox 2343 5169 2635 5224; x_wconf 88' lang='lat' dir='ltr'>credimus</span> <span class='ocrx_word' id='word_1_774' title='bbox 2685 5167 2838 5239; x_wconf 90' lang='lat' dir='ltr'>quod</span> <span class='ocrx_word' id='word_1_775' title='bbox 2890 5166 3146 5223; x_wconf 90' lang='lat' dir='ltr'>Ecclesia</span> <span class='ocrx_word' id='word_1_776' title='bbox 3193 5165 3408 5222; x_wconf 86' lang='lat' dir='ltr'>Christi</span> <span class='ocrx_word' id='word_1_777' title='bbox 3455 5177 3635 5218; x_wconf 86' lang='lat' dir='ltr'>sacros</span> <span class='ocrx_word' id='word_1_778' title='bbox 3670 5171 3748 5210; x_wconf 84' lang='lat' dir='ltr'>ca-</span> 
     </span>
    </p>
   </div>
   <div class='ocr_carea' id='block_1_115' title="bbox 2152 5240 3744 5330">
    <p class='ocr_par' dir='ltr' id='par_1_115' title="bbox 2152 5240 3744 5330">
     <span class='ocr_line' id='line_1_115' title="bbox 2152 5240 3744 5330; baseline -0.011 -16"><span class='ocrx_word' id='word_1_779' title='bbox 2152 5275 2332 5314; x_wconf 90' lang='lat' dir='ltr'>nones</span> <span class='ocrx_word' id='word_1_780' title='bbox 2365 5261 2420 5313; x_wconf 90' lang='lat' dir='ltr'>et</span> <span class='ocrx_word' id='word_1_781' title='bbox 2449 5255 2736 5330; x_wconf 70' lang='lat' dir='ltr'>praecipue</span> <span class='ocrx_word' id='word_1_782' title='bbox 2784 5254 3044 5311; x_wconf 63' lang='lat' dir='ltr'>Nicenos</span> <span class='ocrx_word' id='word_1_783' title='bbox 3095 5273 3208 5310; x_wconf 91' lang='lat' dir='ltr'>non</span> <span class='ocrx_word' id='word_1_784' title='bbox 3259 5254 3452 5310; x_wconf 89' lang='lat' dir='ltr'>tradat</span> <span class='ocrx_word' id='word_1_785' title='bbox 3491 5240 3744 5308; x_wconf 88' lang='lat' dir='ltr'>oblivioni,</span> 
     </span>
    </p>
   </div>
   <div class='ocr_carea' id='block_1_116' title="bbox 2150 5331 3745 5420">
    <p class='ocr_par' dir='ltr' id='par_1_116' title="bbox 2150 5331 3745 5420">
     <span class='ocr_line' id='line_1_116' title="bbox 2150 5331 3745 5420; baseline -0.013 -17"><span class='ocrx_word' id='word_1_786' title='bbox 2150 5345 2548 5420; x_wconf 77' lang='lat' dir='ltr'>praecipientes</span> <span class='ocrx_word' id='word_1_787' title='bbox 2576 5343 2843 5400; x_wconf 90' lang='lat' dir='ltr'>videlicet</span> <span class='ocrx_word' id='word_1_788' title='bbox 2873 5349 2937 5398; x_wconf 92' lang='lat' dir='ltr'>ut</span> <span class='ocrx_word' id='word_1_789' title='bbox 2967 5344 3027 5399; x_wconf 92' lang='lat' dir='ltr'>hi</span> <span class='ocrx_word' id='word_1_790' title='bbox 3061 5343 3159 5416; x_wconf 91' lang='lat' dir='ltr'>qui</span> <span class='ocrx_word' id='word_1_791' title='bbox 3193 5344 3536 5415; x_wconf 89' lang='lat' dir='ltr'>abjicuntur,</span> <span class='ocrx_word' id='word_1_792' title='bbox 3550 5337 3615 5393; x_wconf 89' lang='lat' dir='ltr'>ab</span> <span class='ocrx_word' id='word_1_793' title='bbox 3641 5331 3745 5390; x_wconf 86' lang='lat' dir='ltr'>aliis</span> 
     </span>
    </p>
   </div>
   <div class='ocr_carea' id='block_1_117' title="bbox 2149 5429 3741 5509">
    <p class='ocr_par' dir='ltr' id='par_1_117' title="bbox 2149 5429 3741 5509">
     <span class='ocr_line' id='line_1_117' title="bbox 2149 5429 3741 5509; baseline -0.01 -16"><span class='ocrx_word' id='word_1_794' title='bbox 2149 5454 2264 5493; x_wconf 92' lang='lat' dir='ltr'>non</span> <span class='ocrx_word' id='word_1_795' title='bbox 2297 5435 2668 5509; x_wconf 89' lang='lat' dir='ltr'>recipiantur.</span> <span class='ocrx_word' id='word_1_796' title='bbox 2705 5433 3009 5490; x_wconf 89' lang='lat' dir='ltr'>Credimus</span> <span class='ocrx_word' id='word_1_797' title='bbox 3041 5434 3213 5490; x_wconf 90' lang='lat' dir='ltr'>etiam</span> <span class='ocrx_word' id='word_1_798' title='bbox 3255 5431 3407 5506; x_wconf 90' lang='lat' dir='ltr'>quod</span> <span class='ocrx_word' id='word_1_799' title='bbox 3457 5429 3549 5485; x_wconf 92' lang='lat' dir='ltr'>diu</span> <span class='ocrx_word' id='word_1_800' title='bbox 3590 5436 3741 5481; x_wconf 87' lang='lat' dir='ltr'>mem-</span> 
     </span>
    </p>
   </div>
   <div class='ocr_carea' id='block_1_118' title="bbox 2147 5513 3759 5584">
    <p class='ocr_par' dir='ltr' id='par_1_118' title="bbox 2147 5513 3759 5584">
     <span class='ocr_line' id='line_1_118' title="bbox 2147 5513 3759 5584; baseline -0.01 0"><span class='ocrx_word' id='word_1_801' title='bbox 2147 5527 2319 5584; x_wconf 88' lang='lat' dir='ltr'>brum</span> <span class='ocrx_word' id='word_1_802' title='bbox 2348 5524 2638 5584; x_wconf 90' lang='lat' dir='ltr'>incolume</span> <span class='ocrx_word' id='word_1_803' title='bbox 2669 5540 2784 5581; x_wconf 92' lang='lat' dir='ltr'>non</span> <span class='ocrx_word' id='word_1_804' title='bbox 2815 5523 3099 5583; x_wconf 87' lang='lat' dir='ltr'>subsistat</span> <span class='ocrx_word' id='word_1_805' title='bbox 3128 5523 3350 5582; x_wconf 65' lang='lat' dir='ltr'>haerens</span> <span class='ocrx_word' id='word_1_806' title='bbox 3380 5513 3637 5579; x_wconf 86' lang='lat' dir='ltr'>membris</span> <span class='ocrx_word' id='word_1_807' title='bbox 3662 5524 3759 5569; x_wconf 46' lang='lat' dir='ltr'>cad</span> 
     </span>
    </p>
   </div>
  </div>
