4036 6132
236 347 395 421 1033

1446 335 1851 420 EPISTUL/E
1894 336 1995 417 ΕΦ
2039 334 2426 420 nscas“.

3486 330 3641 423 1034

234 491 346 565 piti
378 508 494 548 non
525 490 899 549 haerentibus.
939 491 1237 548 Postremo
1267 491 1561 548 credimus
1592 490 1745 562 quod
1780 506 1883 545 cze-
1916 491 1967 557 Α
1999 495 2253 563 geretur,
2288 494 2345 547 et
2387 492 2640 564 exceptis
2689 492 2914 564 paucis,
2944 493 3208 549 omnium
3259 493 3641 550 Orientalium

235 586 365 637 tera
423 580 707 650 membra,
760 580 809 635 si
868 585 1064 636 tamen
1122 580 1398 636 affectant
1453 581 1663 649 vivere,
1715 584 1890 651 caput

237 670 593 743 quandoque
625 671 966 742 sequantur.
997 668 1214 725 Verum
1248 669 1306 724 in
1341 668 1615 726 omnibus
1643 667 1757 736 his,
1793 684 1889 724 se-

235 759 499 814 cundum
536 757 901 832 Apostolum,
933 773 1045 813 non
1091 758 1344 825 volentis,
1375 774 1548 829 neque
1595 758 1887 824 currentis,

231 847 328 904 sed
368 848 675 903 miserantis
704 854 785 904 est
813 848 919 903 Dei
946 849 1116 920 (Rom.
1151 847 1262 918 1x);
1296 851 1352 903 et
1381 846 1510 902 ideo
1542 864 1645 920 pro
1690 845 1888 901 labore

232 936 474 1008 pietatis
515 952 709 991 moras
758 934 927 1002 ullas,
961 935 1269 991 roborante
1318 953 1424 992 nos
1471 936 1609 1001 Deo,
1643 934 1886 990 minime

233 1023 595 1092 fastidimus,
624 1024 764 1097 quia
809 1024 920 1080 etsi
969 1029 1239 1080 nostrum
1270 1028 1359 1080 est
1391 1040 1641 1091 currere,
1677 1023 1884 1078 divinae

230 1118 435 1170 tamen
464 1118 554 1169 est
581 1113 908 1185 potestatis,
943 1115 1176 1185 quando
1224 1112 1275 1170 ei
1326 1111 1611 1187 placuerit
1655 1112 1727 1167 ad
1759 1110 1883 1184 pal-

232 1220 395 1259 mam
426 1203 761 1275 perducere.

303 1292 470 1357 Quod
510 1295 704 1348 autem
755 1291 943 1347 facere
992 1291 1370 1364 apostolicam
1420 1292 1619 1347 sedem
1665 1290 1880 1358 decuit,

230 1383 392 1439 sicut
447 1381 521 1438 ad
574 1398 779 1438 omnes
836 1380 1188 1437 orthodoxos
1256 1379 1522 1437 Ecclesiae
1583 1379 1881 1437 catholicae

211 1468 603 1542 _scripsimus,
636 1472 870 1525 strenue
900 1466 1037 1524 fecit
1067 1488 1083 1523 :
1116 1468 1215 1524 Dei
1245 1486 1378 1525 vero
1409 1473 1497 1524 est
1525 1473 1712 1542 coepta
1753 1484 1882 1541 per-

230 1557 427 1613 ﬁcere.
461 1558 608 1614 Nam
656 1575 761 1614 nos
810 1574 1040 1615 vomere
1097 1558 1334 1630 quidem
1394 1558 1606 1631 linguae
1664 1561 1881 1613 terram

230 1646 670 1719 proscindimus
699 1646 986 1702 mentium
1014 1650 1070 1703 et
1096 1647 1156 1702 in
1189 1664 1257 1702 ea
1297 1648 1607 1703 verborum
1657 1646 1884 1703 semina

228 1734 591 1807 spargimus,
622 1735 778 1791 Deus
817 1741 1011 1791 autem
1064 1740 1270 1808 potens
1321 1742 1409 1792 est
1439 1734 1522 1791 illi
1550 1739 1606 1792 et
1631 1735 1722 1791 sui
1754 1751 1881 1791 rore

1998 581 2411 636 communione
2441 582 2749 636 frueretur.
2783 582 2959 637 Porro
2989 585 3284 655 Agapetus
3316 583 3643 655 apostolicae

1998 669 2154 724 sedis
2183 668 2396 741 presul
2426 669 2772 725 Anthimum
2814 670 3529 743 Constantinopolitanum
3562 673 3645 727 si-

1997 756 2219 813 militer
2248 758 2571 813 antistitem
2623 759 3032 815 condemnavit
3062 760 3154 831 (c),
3186 765 3243 815 et
3275 761 3335 815 in
3367 761 3492 816 loco
3518 761 3646 831 ejus

1996 846 2283 902 ordinavit
2305 847 2709 920 Mennam,pro
2742 865 2855 920 quo
2886 848 3154 904 videlicet
3174 849 3446 905 Anthimo
3471 849 3647 906 Silve-

1995 936 2119 991 rius
2141 940 2198 991 et
2218 936 2468 1009 Vigilius
2491 937 2735 992 Romani
2760 937 3065 1009 pontifices
3088 938 3158 992 ab
3181 940 3444 1009 Augusta
3465 938 3646 995 Theo-

1994 1025 2136 1081 dora
2193 1026 2379 1081 multa
2436 1025 2828 1091 incommoda,
2864 1027 2961 1082 sed
3012 1031 3068 1080 et
3114 1026 3457 1081 discrimina
3505 1031 3644 1082 sunt

1993 1115 2255 1186 perpessi
2290 1131 2303 1170 :
2339 1116 2439 1170 sed
2473 1116 2543 1171 ad
2576 1114 3003 1171 restitutionem
3034 1116 3160 1187 ejus
3194 1114 3640 1171 nullatenusin-

1991 1202 2209 1259 clinati.

2063 1293 2166 1350 His
2199 1310 2334 1367 ergo
2364 1294 2433 1349 de
2466 1292 2734 1366 pluribus
2764 1295 2919 1350 sedis
2949 1293 3279 1367 apostolicae
3323 1293 3553 1367 magnis
3583 1298 3639 1350 et

1991 1382 2282 1455 praeclaris
2314 1383 2637 1440 rectoribus
2670 1383 2916 1455 carptim
2966 1384 3457 1451 commemoratis,
3493 1384 3633 1455 quid

1991 1472 2209 1527 mirum
2243 1471 2291 1526 si
2343 1489 2449 1527 nos
2498 1489 2601 1546 pro
2654 1472 2855 1528 Photio
2903 1473 3353 1541 contemnimur,
3388 1489 3521 1528 cum
3551 1473 3635 1527 vi-

1991 1559 2235 1617 deamus
2266 1560 2663 1633 apostolorum
2696 1561 3019 1634 principem
3062 1579 3165 1634 pro
3212 1562 3449 1617 veritate
3499 1578 3635 1617 con-

1990 1652 2082 1705 tra
2110 1649 2405 1705 Simonem
2440 1650 2678 1706 defensa
2709 1650 2885 1706 etiam
2918 1654 3166 1706 mortem
3199 1650 3436 1706 subire?
3457 1668 3638 1723 quan-

1990 1738 2325 1810 doquidem,
2372 1737 2508 1794 licet
2556 1755 2704 1808 sero,
2741 1738 2873 1795 licet
2921 1744 3053 1811 post
3102 1738 3320 1795 multos
3369 1741 3633 1807 sudores,

228 1825 322 1896 ΠΖ,
352 1824 566 1895 rorem]
590 1823 843 1896 Spiritus
874 1823 1201 1893 infundere,
1235 1830 1293 1881 et
1322 1829 1638 1899 augmento
1682 1824 1880 1898 gratiae
1910 1859 1957 1924 B
1992 1828 2461 1899 quandocunque
2510 1831 2706 1883 tamen
2756 1829 3014 1884 mundus
3060 1833 3218 1884 totus
3266 1846 3333 1884 ea
3382 1828 3639 1884 defendit

227 1913 565 1982 fecundare,
599 1917 773 1985 atque
797 1928 999 1969 eorum
1033 1918 1254 1986 quanta
1302 1918 1359 1971 et
1407 1913 1603 1987 qualia
1650 1914 1791 1981 .vult,
1825 1919 1882 1970 et

228 2002 527 2075 quomodo
557 2001 701 2079 vult,
733 2002 804 2057 ad
836 2001 1076 2058 uberem
1102 2006 1159 2058 et
1188 2002 1574 2076 multiplicem
1624 2003 1880 2058 fructum

228 2093 592 2165 perducere:
630 2090 907 2163 quoniam
948 2108 1074 2159 nos,
1109 2091 1216 2148 etsi
1266 2092 1389 2165 agri
1437 2092 1725 2147 Dominici
1757 2091 1878 2160 cul-

225 2186 388 2238 tores
418 2197 647 2247 sumus,
677 2183 935 2236 attamen
964 2197 1138 2253 neque
1168 2182 1264 2254 qui
1285 2182 1506 2256 plantat
1531 2189 1608 2237 est
1643 2180 1877 2255 aliquid,

226 2287 405 2345 neque
449 2271 549 2343 qui
591 2271 759 2341 rigat,
796 2268 887 2326 sed
933 2272 1031 2343 qui
1078 2272 1471 2327 incrementum
1515 2271 1629 2338 dat,
1662 2276 1804 2327 Deus
1837 2270 1886 2341 (Ι

226 2363 355 2418 Cor.
388 2360 496 2432 In).

301 2450 519 2506 Verum
549 2448 644 2505 his
670 2447 752 2504 ita
776 2465 837 2504 se
854 2448 1258 2505 incunctanter
1274 2449 1882 2518 habentibus,constat

227 2557 332 2595 eos
354 2539 455 2611 qui
476 2536 654 2594 semel
675 2555 708 2592 a
723 2537 880 2593 sedis
901 2537 1144 2611 apostoli
1154 2556 1229 2594 cae
1253 2538 1602 2611 praesulibus
1628 2537 1880 2612 perculsi

229 2633 393 2695 sunt,
424 2627 715 2682 sententia
744 2626 906 2682 illius
936 2627 1223 2699 hodieque
1257 2628 1687 2701 constringi,ita
1708 2633 1771 2683 ut
1792 2645 1882 2683 eo-

226 2734 361 2773 rum
395 2715 709 2772 nonnullos
731 2715 966 2791 quidem
990 2715 1216 2788 prolata
1237 2720 1438 2771 contra
1458 2734 1520 2771 se
1535 2717 1742 2786 judicii
1767 2716 1882 2771 tela

226 2807 565 2880 principum
596 2804 851 2878 tegmine
883 2806 1143 2861 munitos
1176 2822 1291 2861 non
1342 2806 1540 2861 statim
1585 2804 1878 2861 sauciave-

226 2892 370 2960 rint,
406 2892 756 2965 quandoque
802 2897 999 2948 tamen
1053 2892 1397 2948 medullitus
1427 2894 1876 2965 penetraverint,

226 2981 553 3037 nonnullus
570 2986 764 3037 autem
783 2981 958 3037 etiam
981 2986 1110 3054 post
1128 2988 1373 3038 mortem
1393 2988 1728 3055 susceptam
1746 2999 1881 3038 cun-

225 3071 341 3128 ctis
370 3069 752 3127 exsecrabiles
784 3071 1024 3126 omnino
1055 3070 1430 3128 reddiderint.
1456 3074 1753 3144 Quotquot
1782 3089 1881 3127 au-

225 3164 353 3216 tem
380 3159 442 3215 in
468 3159 597 3231 ipsa
617 3159 1027 3215 communione
1042 3162 1212 3216 sedes
1230 3161 1548 3233 apostolica
1564 3161 1880 3229 tenuit,aut

227 3250 377 3304 dum
408 3249 649 3304 viverint
668 3249 742 3303 ab
762 3249 1022 3305 Ecclesia
1041 3253 1181 3305 sunt
1202 3250 1514 3306 universali
1539 3251 1879 3322 recepti,aut
1906 3226 1951 3293 θ

224 3338 610 3412 postmodum
643 3338 715 3394 ab
747 3354 815 3394 ea
846 3355 1080 3395 summa
1101 3340 1432 3395 celebritate
1464 3339 1690 3395 retenti.
1726 3340 1880 3396 Prae-

226 3432 393 3484 terea
423 3427 555 3483 illos
581 3428 641 3483 in
695 3444 946 3501 quorum
996 3428 1369 3485 damnatione
1421 3446 1535 3483 non
1585 3429 1882 3497 consensit

227 3516 520 3590 singulari
551 3517 929 3590 praerogativa
961 3516 1386 3582 dissolvit.Quw
1416 3522 1480 3573 ut
1510 3518 1879 3575 manifestius

225 3606 544 3679 prudentia
574 3610 675 3663 tua
704 3609 1036 3680 cognoscat,
1070 3623 1138 3663 ex
1169 3606 1263 3662 his
1294 3624 1481 3679 pauca
1525 3624 1879 3663 commemo-

226 3713 359 3752 rare
387 3696 774 3752 studebimus.
810 3696 1004 3752 Primo
1048 3696 1285 3768 quidem
1337 3695 1588 3769 claviger
1616 3695 1742 3752 cmli
1776 3697 1879 3752 Pe-

225 3788 360 3839 trus
381 3789 441 3839 et
462 3785 686 3857 primus
706 3801 902 3841 sessor
928 3784 1084 3841 sedis
1114 3783 1207 3840 isti
1219 3785 1610 3853 us,Simonem
1643 3787 1878 3859 Magum

226 3888 347 3927 non
380 3871 516 3926 ferri
546 3872 647 3928 sed
686 3871 901 3945 linguae
951 3888 1229 3928 mucrone
1278 3873 1608 3945 prostravit.
1639 3874 1750 3929 Sed
1782 3872 1881 3930 ille

226 3958 567 4033 principum
598 3963 766 4015 utens
794 3960 1008 4016 virtute
1038 3978 1153 4016 non
1187 3960 1378 4016 solum
1409 3961 1468 4014 in
1492 3960 1756 4033 nequitia
1775 3979 1883 4018 sua

227 4048 578 4121 permansit,
612 4049 715 4105 sed
746 4054 803 4104 et
832 4049 984 4105 male
1017 4049 1294 4115 moriens,
1318 4049 1409 4105 sui
1442 4050 1706 4115 causa,in
1730 4052 1882 4122 ejus-

225 4137 365 4193 dem
387 4137 750 4194 damnatoris
775 4138 866 4194 sui
889 4143 1136 4194 mortem
1160 4138 1451 4211 principes
1472 4139 1878 4195 inﬂammavit.

226 4226 453 4282 Deinde
483 4244 617 4283 cum
639 4227 837 4293 Asiani
860 4244 1065 4283 omnes
1089 4228 1241 4283 inter
1260 4229 1884 4301 czeteros,evangelista

226 4315 457 4371 Joanne
478 4320 956 4388 auctore,quarta
973 4317 1200 4372 decima
1219 4315 1359 4373 luna
1381 4335 1514 4373 cum
1541 4318 1759 4373 Judmis
1780 4336 1885 4390 pu-

226 4408 423 4459 tarent
453 4404 676 4460 Pascha
706 4403 1119 4461 celebrandum
1150 4406 1246 4479 (a),
1277 4405 1382 4461 hos
1414 4407 1626 4479 praesul
1659 4408 1886 4464 meritis

225 4495 285 4546 et
314 4492 557 4547 nomine
582 4492 780 4548 Victor
809 4510 842 4548 a
871 4494 1283 4550 communione
1313 4494 1541 4568 collegii
1572 4496 1882 4568 separavit.

1990 1933 2118 1989 quae
2145 1917 2350 1972 Petrus
2401 1920 2604 1972 contra
2648 1917 2946 1972 Simonem
2980 1917 3311 1973 defendisse
3343 1917 3637 1991 dignosci-

1966 2008 2104 2085 ‘tur,
2138 2022 2206 2061 ea
2263 2005 2505 2061 damnat
2564 2022 2690 2077 qua:
2752 2004 2920 2061 illum
2980 2007 3295 2063 damnasse
3354 2006 3635 2062 describi-

1990 2098 2105 2150 tur.

2060 2182 2207 2248 Quid
2239 2186 2434 2239 autem
2465 2183 2679 2238 mirum
2709 2183 2757 2239 si
2791 2184 2959 2240 nobis
2980 2201 3082 2256 pro
3104 2183 3497 2240 ecclesiastica
3518 2200 3636 2239 cor-

1989 2274 2241 2329 rectione
2271 2272 2674 2329 laborantibus
2704 2290 2943 2328 manum
2971 2290 3085 2327 non
3119 2273 3291 2340 datis,
3324 2273 3427 2328 sed
3456 2276 3513 2328 et
3532 2273 3636 2328 du-
3692 2344 3695 2345 ν

1990 2361 2140 2417 ritiis
2172 2360 2563 2434 redarguitis?
2592 2377 2726 2416 cum
2765 2361 3068 2416 videamus
3098 2361 3389 2417 Victorem
3420 2378 3634 2433 papam

1991 2454 2047 2507 et
2076 2453 2413 2523 martyrem,
2447 2449 2549 2522 qui
2579 2449 2708 2505 ideo
2738 2467 2867 2505 vere
2896 2449 3077 2506 victor
3105 2454 3213 2516 est,
3247 2450 3386 2522 quia
3415 2455 3637 2522 martyr

1991 2556 2093 2612 pro
2123 2539 2518 2596 ecclesiastica
2546 2539 2877 2606 traditione,
2903 2555 3072 2611 poma
3103 2556 3136 2594 a
3159 2538 3340 2594 totius
3369 2537 3634 2593 Ecclesiae

1988 2629 2339 2703 praesulibus
2372 2628 2702 2701 pertinaciae
2726 2630 3103 2702 redar'gutum
3128 2645 3139 2683 :
3162 2628 3633 2701 quandoquidem

1988 2718 2246 2774 Ecclesia
2284 2723 2407 2773 tota
2456 2735 2611 2773 nunc
2646 2714 2797 2773 'cum
2846 2717 2946 2772 illo
2995 2718 3166 2789 sapit,
3200 2721 3255 2772 et
3299 2718 3452 2789 quod
3503 2716 3636 2771 fecit

1988 2807 2161 2863 laude
2195 2806 2470 2879 praedicat
2499 2806 2766 2879 dignum.
2796 2806 2855 2861 In
2889 2823 3004 2878 quo
3054 2806 3633 2860 animadvertendum

1989 2896 2130 2969 quia
2158 2895 2205 2951 si
2240 2900 2378 2951 tunc
2408 2892 2506 2950 ille
2540 2912 2641 2966 pro
2680 2895 2914 2965 justitia
2959 2898 3122 2949 tanta
3164 2894 3467 2949 severitate
3518 2910 3635 2948 non

1988 2990 2269 3049 uteretur,
2303 2984 2476 3039 sicuti
2506 2983 2770 3039 nonnulli
2804 2983 3190 3038 hortabantur
3219 2982 3495 3055 episcopi,
3530 2981 3635 3036 ha-

1987 3080 2193 3130 ctenus
2226 3073 2488 3130 fortassis
2518 3090 2678 3129 error
2704 3073 2829 3145 ipse
2850 3070 3478 3144 mansisset,preecipue
3501 3087 3634 3126 cum

1990 3163 2169 3218 etiam
2200 3180 2265 3219 eo
2294 3166 2455 3217 tanto
2487 3162 2605 3217 zelo
2638 3178 3145 3233 succenso,usque
3178 3161 3249 3215 ad
3279 3160 3635 3232 Ephesinam

1990 3253 2240 3325 priorem
2268 3252 2327 3306 in
2358 3251 2653 3324 aliquibus
2691 3252 3039 3323 perdurasse
3085 3250 3374 3322 synodum
3424 3247 3632 3321 legeri-

1989 3340 2296 3407 mus.Quid
2325 3345 2605 3412 prmterea
2635 3340 2854 3394 mirum
2885 3339 2931 3395 si
2965 3340 3133 3395 sedes
3164 3336 3483 3409 apostolica
3513 3337 3633 3393 die-

1988 3430 2100 3486 bus
2128 3429 2247 3486 tuis
2277 3428 2734 3501 parvipenditur,
2770 3445 2874 3483 nec
2907 3429 2977 3483 ab
3007 3426 3253 3499 imperio
3283 3432 3383 3481 tuo
3411 3426 3634 3498 tibique

1989 3517 2571 3593 subjectisauditur?
2594 3534 2727 3573 cum
2749 3516 3053 3572 videamus
3083 3519 3352 3572 sanetum
3383 3514 3630 3570 Felicem

1989 3609 2135 3663 adeo
2163 3608 2235 3663 ab
2266 3607 2720 3679 imperatoribus
2751 3604 3277 3678 praedecessoribus
3326 3604 3447 3661 tuis
3495 3620 3631 3661 con-

1988 3701 2301 3770 temptum,
2337 3700 2399 3752 ut
2427 3696 2498 3751 ab
2525 3712 2590 3751 eo
2621 3694 3176 3751 anathematizatum
3228 3693 3504 3749 Acacium
3554 3693 3637 3748 ita

1989 3803 2098 3843 sua
2125 3785 2479 3858 protectione
2510 3784 2901 3851 munirent,ut
2921 3788 2977 3839 et
2998 3784 3135 3839 sede
3155 3782 3640 3854 Constantinopo-

1989 3875 2172 3933 litana
2200 3875 2341 3930 dum
2374 3873 2513 3929 vixit
2542 3874 2963 3941 abuteretur,et
2995 3873 3055 3927 in
3088 3871 3331 3944 perfidia
3355 3888 3463 3927 sua
3485 3870 3640 3926 mala

1990 3968 2332 4021 moreretur.
2354 3964 2770 4019 Verumtamen
2795 3961 3042 4033 propitio
3065 3960 3478 4028 Christo,sedis
3499 3976 3639 4030 apo—

1990 4053 2206 4109 stolicae
2239 4051 2615 4124 pontificibus
2644 4051 2936 4105 indefesse
2965 4051 3347 4115 certantibus,
3382 4066 3417 4102 a
3446 4048 3640 4103 catho-

1990 4140 2269 4213 licisjugi
2315 4139 2652 4212 fatigatione
2701 4142 2942 4201 remota,
2976 4138 3212 4192 tandem
3260 4136 3640 4207 aliquandoa

1993 4247 2145 4303 saepe
2177 4229 2275 4284 fati
2305 4228 2460 4283 beati
2494 4226 2705 4283 Felicis
2736 4226 3109 4291 sententia,id
3142 4230 3232 4281 est
3260 4223 3519 4280 Ecclesia
3548 4225 3634 4294 [f.,

1993 4317 2281 4375 sententia
2311 4320 2399 4372 est
2429 4314 2703 4383 Ecclesia,
2728 4315 2932 4385 Hann]
2959 4319 3076 4368 tota
3107 4314 3480 4369 conversa.Et
3501 4312 3639 4384 quia

1993 4407 2306 4481 prmdictus
2331 4405 2575 4461 Aeacius
2606 4422 2721 4460 non
2754 4408 2842 4459 est
2870 4404 3137 4459 inventus
3165 4395 3638 4473 superstes,cdn-

1994 4500 2305 4569 sequenter
2334 4511 2545 4550 nomen
2580 4495 2707 4565 ejus
2738 4494 2797 4548 in
2827 4491 3083 4548 Ecclesia
3118 4491 3293 4546 taceri
3345 4491 3637 4545 sancitum

225 4584 298 4637 At
320 4581 406 4636 illi
430 4597 636 4637 omnes
656 4598 790 4637 cum
808 4582 1111 4639 nonnullis
1130 4583 1518 4641 Ecclesiarum
1537 4585 1885 4657 praesulibus
1916 4595 1962 4660 Ι)
1994 4590 2082 4643 est
2114 4585 2331 4659 (d).Sed
2361 4589 2419 4639 et
2448 4584 2854 4655 tu,imperator
2884 4581 3297 4647 orthodoxe,de
3330 4580 3456 4651 ipso
3483 4594 3639 4633 nunc

228 4689 346 4727 non
375 4671 569 4727 solum
601 4671 736 4727 huic
767 4689 979 4728 manus
1012 4672 1255 4728 minime
1285 4674 1885 4745 przebuerunt,verum

226 4760 407 4816 etiam
440 4760 775 4833 pertinaciae
806 4762 1250 4835 redarguerunt.
1285 4762 1442 4819 Felix
1473 4780 1706 4835 quoque
1738 4780 1891 4837 papa

228 4848 945 4923 Constantinopolitanum
965 4851 1233 4906 Acacium
1254 4868 1368 4906 non
1386 4850 1577 4907 solum
1597 4853 1884 4924 deposuit,

226 4954 438 4993 verum
471 4941 527 4994 et
558 4938 977 4995 insolubilibus
1009 4939 1398 4996 anathematis
1427 4940 1677 4997 vinculis
1719 4940 1888 4998 inno-

231 5026 393 5081 davit
416 5026 634 5098 (b).Sed
666 5028 809 5084 adeo
840 5031 929 5084 est
958 5032 1421 5102 contemptus,ut
1440 5029 1595 5086 idem
1621 5029 1885 5100 Aeacius,

232 5113 448 5170 mundi
480 5113 825 5171 dilectorum
871 5115 1123 5173 tuitione
1167 5120 1483 5190 protectus,
1518 5118 1694 5174 etiam
1743 5136 1888 5174 non-

232 5202 419 5259 nullis
452 5203 732 5260 Romanis
763 5204 1140 5278 pontificibus
1171 5206 1673 5274 decedentibus,et
1701 5208 1892 5263 officio

235 5292 586 5349 sacerdotali
612 5294 786 5366 juxta
814 5295 1233 5367 precedentem
1264 5296 1748 5353 consuetudinem
1769 5297 1896 5352 fun-

312 5418 393 5489 (α)
426 5418 715 5475 Eusebius
744 5418 846 5476 lib.
878 5437 915 5475 ν
944 5420 1116 5488 Hist.,
1151 5437 1200 5475 ο.
1232 5422 1322 5476 24.

309 5490 392 5562 (b)
422 5489 582 5564 Felix
611 5490 685 5564 lli
716 5489 776 5545 in
801 5491 979 5564 epist.
1013 5493 1065 5558 3,
1100 5496 1157 5546 et
1207 5492 1534 5559 Liberatus,
1586 5494 1655 5547 de
1718 5510 1897 5549 causa

237 5561 496 5635 Nestorii
528 5567 586 5618 et
613 5561 970 5635 Eutychetis,
1005 5579 1130 5635 cap.
1167 5563 1252 5619 i8.

308 5633 382 5708 (ο)
413 5633 713 5708 Agapetus
736 5633 804 5689 in
834 5650 925 5706 ep.
959 5635 993 5689 4
1022 5633 1160 5706 οἶδ,
1194 5639 1252 5693 et
1281 5635 1532 5694 Liberet.
1566 5653 1616 5694 ο.
1648 5636 1893 5695 21.Pon-

566 5761 832 5825 Peraea.
878 5760 1090 5832 CXIX.

1998 4692 2132 4731 cum
2167 4674 2302 4729 sede
2332 4672 2651 4744 apostolica
2680 4671 2968 4743 sapis,qui
3001 4670 3048 4725 si
3082 4669 3178 4725 illo
3210 4674 3469 4741 tempore
3502 4668 3642 4723 fuis-

1998 4780 2091 4819 ses
2124 4766 2407 4834 repertus,
2442 4778 2546 4833 pro
2597 4777 2663 4815 eo
2710 4764 2912 4815 contra
2961 4776 3088 4814 eam
3139 4763 3193 4814 et
3231 4757 3291 4812 in
3323 4758 3431 4813 hac
3462 4774 3641 4813 causa

1997 4852 2166 4908 ﬁeres
2199 4850 2464 4906 fortassis
2493 4865 2795 4905 accensus.

2068 4942 2153 4996 Ad
2200 4943 2548 5005 extremum,
2603 4936 2743 5009 quid
2801 4937 3019 4992 mirum
3068 4937 3118 4993 si
3169 4955 3273 5009 pro
3322 4936 3643 5007 dejectione

2000 5028 2187 5085 Photii
2222 5027 2388 5083 nobis
2418 5026 2936 5098 minaris,quando
2969 5030 3367 5083 antecessores
3387 5026 3472 5081 tui
3496 5026 3648 5098 prin-

2001 5119 2157 5192 cipes
2189 5134 2292 5190 pro
2322 5115 2597 5171 Anthimo
2619 5116 2745 5186 jam
2780 5116 2933 5171 dicto
2983 5118 3437 5188 praedecessores
3486 5130 3645 5169 meos

2001 5224 2189 5279 usque
2221 5206 2292 5261 ad
2325 5203 2750 5260 confessionem
2782 5205 3182 5276 persequendo
3233 5200 3647 5277 perduxerint?

2001 5297 2443 5362 Verumtamen,
2471 5292 2606 5348 licet
2634 5291 2963 5350 diutissime
3006 5293 3415 5360 laboraverint,
3444 5289 3645 5345 szevie—

2003 5421 2203 5478 tiﬁcal.
2240 5423 2295 5475 in
2325 5420 2651 5490 Silverioet
2682 5420 2898 5490 Vigitio.

2075 5494 2152 5564 (at)
2182 5492 2369 5547 Gelas.
2405 5491 2463 5544 in
2496 5489 2831 5561 epistola“
2871 5508 2883 5545 :
2921 5490 3323 5564 Absoluticncm
3361 5502 3519 5558 quam
3545 5503 3645 5564 _su-

1999 5560 2199 5638 perstas
2230 5580 2327 5618 nee
2345 5560 2611 5638 quaesivit
2639 5563 2859 5638 omnino
2885 5578 2983 5617 nco
3010 5561 3227 5627 meruit,
3260 5566 3505 5615 mortuus
3525 5560 3648 5632 jam

2002 5633 2113 5696 'non
2134 5642 2305 5708 potes:
2331 5633 2638 5711 impetrare.
2674 5633 2856 5691 Hann.

3252 5757 3330 5828 33
