4036 6132
509 337 663 400 1035
1871 336 2152 400 NICOLA

2259 335 2464 399 'APJE'
2498 337 2546 400 Ι.
3703 341 3833 407 {Oli

507 470 643 539 rint,
677 474 734 527 et
763 474 850 528 tot
878 471 1035 528 diras
1068 472 1345 528 adversus
1375 486 1473 528 eos
1506 469 1848 527 afﬂictiones
1893 487 2151 528 commo-
2179 471 2236 540 Α
2264 470 2405 527 riter
2431 470 2699 538 irretivit,
2733 471 3081 542 contemnis,
3113 474 3171 530 et
3199 471 3361 546 quasi
3391 470 3574 530 minus
3600 470 3836 529 Christia-

502 561 710 630 verint,
734 562 1080 616 sententiam
1115 565 1310 617 tamen
1341 577 1542 617 eorum
1573 564 1800 616 mutare
1829 559 1915 616 vel
1945 560 2148 618 Anthi-
2260 577 2372 616 nus
2402 564 2616 617 temere
2647 561 3042 635 parvipendis.

504 665 670 705 mum
701 667 966 706 revocare
1007 651 1079 705 ad
1129 650 1444 723 pristinum
1495 654 1715 706 statum
1769 649 1928 706 nullo
1978 650 2149 706 modo
2329 651 2492 715 Quod
2523 654 2810 722 quantum
2842 651 2920 707 sit
2949 668 2984 707 a
3007 650 3101 724 pio
3134 648 3425 707 intellectu
3456 649 3834 716 removendum,

503 741 822 810 potuerunt
854 757 866 795 :
902 738 1002 812 qui
1044 739 1180 796 licet
1228 741 1414 808 tarde,
1447 741 1802 812 quandoque
1850 743 2046 794 tamen
2095 744 2152 794 et
2259 741 2370 794 eta
2390 737 2652 795 ﬁdelium
2676 741 2950 796 cordibus
2972 739 3646 808 exsecrandum,eximius
3667 740 3838 812 prasul

503 826 699 899 ipsum
726 828 1164 897 Anthimum,et
1194 845 1403 885 sensus
1435 830 1561 900 ejus
1593 846 1726 884 cum
1760 829 1897 884 sede
1928 832 2152 901 aposto-
2260 832 2470 884 nostra:
2492 828 2647 885 sedis
2671 829 2932 885 moribus
2953 834 3012 885 et
3028 829 3263 886 nomine
3278 828 3592 900 Gregorius
3611 829 3836 897 ostendit,

503 915 614 971 lica
645 917 935 989 sapientes
968 917 1236 974 detestati
1269 921 1488 985 sunt,et
1510 918 1781 973 Mennam
1802 917 1991 972 virum
2016 935 2150 972 san-
2260 933 2396 972 cum
2449 917 2520 973 de
2568 917 2675 974 hoc
2720 917 3017 987 scriberet,
3065 919 3265 975 dicens
3313 917 3429 989 (tib.
3462 935 3534 985 ix,
3564 918 3702 989 epist.
3731 916 3802 988 li9)
3829 935 3839 972 :

506 1008 688 1071 ctum,
720 1006 792 1061 ab
822 1005 950 1078 ipsa
981 1013 1334 1078 promotum,
1370 1024 1483 1064 non
1515 1007 1667 1062 sicut
1695 1010 1976 1062 vestrates
2007 1005 2152 1062 falso
2262 1005 2322 1063 Si
2353 1011 2494 1062 sunt
2541 1007 2641 1079 qui
2688 1007 3013 1064 certissime
3058 1007 3199 1064 talia
3247 1007 3503 1063 sentiunt
3546 1005 3627 1062 vel
3666 1009 3838 1073 tenent,

508 1096 947 1163 autumant,sed
971 1113 1106 1152 cum
1127 1113 1196 1152 ea
1225 1097 1381 1152 hunc
1414 1096 1589 1168 digne
1619 1096 1963 1168 recipientes
1992 1112 2155 1151 vene-
2262 1095 2404 1167 quia
2427 1093 2740 1151 Christiani
2765 1114 2881 1152 non
2907 1101 3064 1164 sunt,
3095 1095 3342 1152 dubium
3372 1111 3482 1151 non
3507 1099 3589 1150 est
3613 1111 3719 1161 eos,
3744 1111 3840 1166 qua

511 1187 708 1239 ranter
738 1184 986 1257 amplexi
1019 1186 1326 1252 sunt.Quis
1355 1203 1488 1241 vero
1521 1189 1660 1240 tunc
1684 1184 1888 1240 videns
1919 1185 2153 1240 Petrum
2263 1189 2319 1239 et
2348 1199 2454 1256 ego
2485 1188 2543 1240 et
2571 1201 2775 1241 omnes
2805 1185 3072 1242 catholici
3103 1183 3382 1258 episcopi,
3414 1188 3578 1256 atque
3619 1184 3839 1239 universa

510 1271 599 1329 vel
628 1289 998 1330 successores
1029 1276 1177 1347 ejus,
1201 1275 1495 1330 Simonem
1523 1275 1907 1347 praefatosque
1937 1290 2155 1346 praeva-
2263 1271 2518 1330 Ecclesia
2538 1273 3269 1347 anathematizamus,quia
3298 1272 3519 1330 veritati
3543 1276 3722 1328 contra
3739 1289 3837 1328 sen-

512 1361 788 1418 ricatores
817 1367 937 1418 tam
979 1363 1204 1419 fortiter
1252 1363 1563 1433 debellare,
1597 1379 1713 1418 non
1747 1367 1972 1434 poterat
1998 1361 2156 1417 indi-
2263 1361 2438 1428 tiunt,
2467 1366 2668 1419 contra
2715 1361 3057 1435 loquuntur.
3104 1362 3171 1418 Et
3217 1377 3467 1418 rursus:
3501 1361 3628 1434 lpsi,
3673 1360 3835 1433 inquit,

511 1452 700 1524 gnari,
733 1457 791 1508 et
829 1469 928 1508 eos
976 1457 1258 1524 tanquam
1306 1453 1638 1509 insensaios
1684 1451 1872 1507 efferri
1921 1451 2156 1524 penitus
2266 1449 2375 1506 sibi
2408 1453 2586 1507 testes
2612 1451 2916 1524 sunt,quia
2945 1449 3261 1507 Christiani
3294 1467 3407 1506 non
3438 1447 3839 1522 sunt,quialiga-

514 1541 806 1608 arbitrari,
840 1543 1161 1614 prmsertim
1196 1559 1330 1597 cum
1364 1559 1467 1614 pro
1499 1541 1716 1597 eisdem
1740 1541 1978 1614 perfidis
1999 1545 2156 1597 totus
2266 1543 2463 1595 menta
2493 1543 2705 1596 sanctae
2737 1539 3004 1596 Ecclesia
3033 1539 3353 1596 vanissime
3401 1538 3672 1595 aestimant
3710 1553 3840 1593 cona-

513 1635 720 1703 praater
749 1630 1137 1702 paucissimos
1167 1631 1444 1686 adversus
1475 1630 1606 1686 illos
1637 1647 1769 1685 cum
1793 1629 2157 1702 principibus
2263 1627 2424 1684 tibus
2455 1627 2694 1697 solvere,
2728 1645 2794 1684 ac
2821 1645 2924 1702 per
2952 1629 3060 1686 hoc
3091 1645 3196 1686 nec
3226 1626 3637 1685 absolutionem
3679 1630 3839 1682 sancta

513 1720 638 1776 suis
671 1719 1016 1792 pugnaverit
1045 1720 1248 1776 orbis?
1269 1721 1379 1776 Sed
1413 1720 1551 1792 quia
1577 1720 1790 1776 veritas
1822 1719 1935 1792 tegi
1966 1718 2157 1774 fundi-
2264 1715 2554 1785 Ecclesiae,
2587 1734 2766 1791 quam
2799 1721 3038 1790 praestat
3068 1715 3364 1786 ﬁdelibus,
3395 1732 3581 1772 veram
3609 1716 3839 1789 putant,si

510 1811 608 1862 tus
636 1807 918 1908 humanis
951 1825 1065 1863 non
1097 1813 1286 1880 potest
1317 1809 1713 1874 conatibus,et
1741 1807 1983 1880 praefati,
2015 1807 2155 1879 quin
2189 1845 2236 1908 Β
2264 1803 2714 1908 ligaturasuejus
2757 1805 2948 1863 valere
2997 1824 3114 1862 non
3161 1807 3471 1908 aestimant:
3504 1804 3695 1904 contra
3717 1819 3839 1908 ‘quos

513 1901 570 1952 et
600 1895 696 1950 alii
731 1897 915 1952 sancti
961 1897 1296 1969 summique
1345 1898 1648 1970 pontifices
1698 1914 1800 1970 spe
1849 1897 1999 1962 freti,
2033 1914 2159 1968 quae
2190 1892 2236 1908 "
2269 1894 2490 1951 diutius
2521 1895 2945 1968 disputandum
2974 1913 3089 1952 non
3122 1900 3230 1965 est,
3265 1895 3406 1968 quia
3434 1892 3838 1966 despiciendiper

517 2001 632 2040 non
685 1986 990 2041 confundit
1041 1988 1212 2058 (Rom.
1245 1987 1319 2058 v),
1354 1991 1440 2042 tot
1486 1986 1716 2042 labores
1766 1985 2157 2058 arripuerunt,
2268 1983 2467 2039 omnia
2495 1988 2552 2040 et
2579 1984 3114 2041 anathematizandi
3143 1988 3307 2053 sunt,
3330 1988 3396 2039 ut
3424 1983 3572 2039 unde
3597 1981 3832 2038 veritatem

514 2075 728 2131 idcirco
759 2074 843 2130 sol
868 2075 1112 2146 justitiae
1145 2076 1339 2132 radios
1371 2092 1510 2131 suos
1540 2076 1786 2131 fortasse
1837 2073 2075 2131 mittens
2105 2076 2162 2128 et
2269 2071 2466 2129 fallere
2496 2091 2558 2130 se
2589 2073 2854 2142 credunt,
2889 2074 3025 2131 inde
3053 2073 3115 2130 in
3162 2073 3420 2148 peccatis
3466 2071 3581 2129 suis
3618 2070 3836 2127 veraciter

514 2163 790 2221 nebulam
821 2163 1127 2236 dissipavit
1156 2165 1453 2231 erroris,et
1481 2163 1739 2220 veritatis
1770 2162 2054 2238 paulatim
2077 2161 2160 2217 lu-
2266 2153 2540 2234 Iigentur.

514 2270 649 2310 men
682 2251 934 2310 ostendit
966 2269 978 2308 :
1013 2252 1212 2326 sicque
1245 2253 1484 2308 demum
1517 2258 1804 2324 quantum
1836 2251 1916 2307 illi
1961 2251 2158 2308 defen-
2339 2250 2450 2306 Sed
2481 2251 2530 2307 si
2561 2252 2706 2309 forte
2734 2251 2881 2308 dicis
2911 2269 3030 2324 npn
3059 2251 3338 2309 debuisse
3374 2267 3478 2308 nos
3521 2254 3630 2306 tam
3671 2247 3835 2306 concito

515 2360 676 2398 sores
706 2341 972 2398 Ecclesiae
1005 2346 1157 2398 recte
1187 2342 1570 2414 sapuerint,et
1591 2342 1688 2397 isti
1714 2341 1980 2413 nequiter
2000 2341 2159 2396 ober-
2267 2339 2470 2396 audita
2497 2339 2652 2396 dicta
2680 2341 3054 2412 credere,nec
3084 2345 3206 2397 tam
3235 2341 3310 2397 ad
3344 2339 3715 2414 proferendam
3740 2353 3834 2393 sen-

515 2430 788 2498 raverint,
820 2432 1055 2486 tandem
1085 2431 1380 2486 evidenter
1409 2430 1681 2486 innotuit.
1713 2430 1798 2486 Ita
1842 2445 2074 2503 quoque
2103 2433 2160 2485 et
2266 2428 2508 2485 tentiam
2558 2446 2686 2486 esse
2732 2429 3034 2504 proclives,
3088 2431 3341 2499 noveris,
3374 2447 3406 2486 o
3435 2429 3731 2502 imperator,
3759 2425 3834 2481 hoc

518 2537 644 2588 nos,
679 2524 746 2574 ut
769 2519 962 2574 verbis
995 2519 1209 2591 egregii
1239 2518 1554 2590 loquamur
1571 2519 1828 2592 Apostoli
1855 2536 1868 2575 :
1892 2519 2157 2574 [labentes
2267 2517 2690 2575 rationabiliter
2744 2536 2917 2592 posse
2972 2519 3107 2587 dici,
3141 2519 3190 2576 si
3240 2519 3417 2592 culpa
3457 2535 3582 2574 cum
3625 2515 3833 2580 clamore,

511 2608 760 2664 eumdem
786 2609 1044 2679 spirit-um
1088 2607 1217 2677 ﬁdei
1263 2624 1420 2680 quem
1464 2616 1515 2664 et
1560 2616 1739 2679 patres
1791 2609 1986 2676 nostri,
2017 2609 2158 2662 sicut
2266 2607 2762 2678 quemadmodum
2781 2609 3164 2665 Sodomorum
3182 2613 3240 2664 et
3260 2607 3832 2668 Gomorrhaaorum,nou

512 2699 777 2769 scriptum
811 2705 889 2752 est
919 2714 938 2752 :
972 2695 1188 2753 Credidi
1233 2705 1451 2768 propter
1495 2697 1637 2770 quod
1680 2698 1887 2753 locutus
1933 2714 2055 2753 sum
2085 2697 2163 2769 (II
2265 2700 2419 2750 esset
2450 2713 2463 2751 :
2498 2695 2546 2752 si
2581 2713 2707 2769 quae
2739 2697 2811 2752 de
2841 2697 3116 2770 Gregorio
3146 2701 3319 2770 gesta
3357 2695 3613 2769 superius
3654 2692 3832 2748 intima-

515 2786 634 2843 Cor.
668 2803 756 2854 IV;
789 2786 937 2840 Psal.
972 2787 1158 2856 cxxv),
1191 2789 1247 2840 et
1286 2801 1392 2840 nos
1443 2785 1820 2856 credidimus,
1854 2790 2158 2859 propterea
2261 2782 2608 2850 vimus,tam
2641 2785 2699 2841 in
2731 2785 3038 2858 propatulo
3059 2803 3175 2842 non
3197 2783 3650 2842 exstitissent:si
3671 2781 3832 2853 scripta

511 2876 667 2948 quod
684 2873 1082 2946 etloquimur;
1103 2878 1159 2930 et
1179 2874 1840 2946 confidimus,quoniam
1863 2875 2157 2948 quiAbra—
2261 2878 2474 2940 vestra,
2507 2891 2634 2945 quae
2665 2875 2820 2947 apud
2851 2874 3425 2948 Constanttnopolim
3471 2877 3653 2930 contra
3678 2885 3831 2927 consa-

510 2963 648 3020 ham
681 2967 883 3020 contra
913 2980 1078 3035 spem
1112 2963 1271 3018 dedit
1300 2962 1510 3031 filium,
1529 2968 1733 3035 potens
1751 2970 1838 3020 est
1859 2963 2027 3020 nobis
2052 2981 2155 3036 pro
2262 2962 2554 3018 cerdotem
2586 2967 2853 3020 nostrum
2887 2963 3302 3036 Ignatiym,vel
3324 2963 3474 3020 circa
3494 2957 3830 3026 Photium,imo

511 3053 767 3110 Ecclesia
793 3071 901 3110 sua
920 3052 1325 3109 laborantibus
1347 3057 1402 3107 et
1427 3052 1785 3108 incrementa
1801 3052 2154 3126 spiritalium
2260 3067 2393 3107 vero
2426 3067 2528 3123 per
2558 3051 2850 3122 Photium,
2870 3057 3034 3124 gesta
3059 3057 3199 3108 sunt
3226 3052 3538 3119 evidenter,
3568 3049 3832 3106 nullatenus

510 3143 748 3216 frugum
779 3143 1013 3211 donare,
1047 3144 1104 3197 et
1133 3141 1474 3197 earumdem
1505 3143 1741 3215 frugum
1774 3142 2010 3199 uberem
2034 3142 2153 3198 fru-
2203 3213 2218 3216 Α
2263 3139 2655 3196 indicassent:
2677 3140 2763 3198 vel
2783 3140 3072 3214 silegatos
3093 3146 3332 3198 nostros
3351 3145 3408 3198 et
3427 3139 3677 3214 epistolas
3692 3136 3830 3209 pietas

512 3213 670 3288 ctum
704 3231 1116 3304 multiplicare.
1608 3213 1629 3215 _
2189 3213 2231 3280 C
2269 3231 2371 3284 tua
2399 3228 2649 3302 benigne
2678 3213 3054 3302 suscepisset,
3084 3229 3174 3286 vel
3205 3229 3256 3284 si
3290 3213 3582 3304 susceptas
3624 3242 3743 3282 ausu
3773 3227 3831 3277 te-

2269 3316 2517 3374 merario
2549 3334 2719 3374 nemo
2750 3317 2980 3374 fallacia
3007 3318 3468 3390 depravasset,et
3493 3316 3584 3372 illa
3600 3315 3662 3372 ab
3680 3324 3829 3369 earum

2265 3405 2528 3462 veritatis
2570 3410 2768 3463 tenore
2816 3406 3153 3463 nullatenus
3201 3406 3531 3463 amovisset.
3561 3407 3624 3460 At
3649 3402 3727 3458 ubi
3747 3398 3832 3472 pia-

2268 3493 2468 3556 culum
2498 3513 2614 3552 non
2646 3494 2838 3552 solum
2869 3512 3004 3551 cum
3034 3512 3193 3564 voce,
3225 3497 3333 3552 sed
3379 3501 3435 3551 et
3477 3510 3600 3550 cum
3641 3489 3832 3546 clamore

2267 3583 2649 3640 commissum
2681 3590 2790 3652 est,
2825 3589 2882 3641 et
2923 3585 3165 3658 sanguis
3214 3583 3467 3641 insontis
3511 3580 3698 3645 fratris,
3721 3575 3831 3632 sicut

2266 3672 2572 3741 hactenus,
2608 3672 2898 3730 clamabat
2927 3674 3000 3729 ad
3030 3673 3215 3729 Deum
3246 3674 3323 3729 de
3354 3668 3829 3738 terra,etvestratas,

2256 3762 2427 3834 juxta
2457 3763 2612 3834 quod
2635 3779 2737 3835 per
2760 3761 3102 3835 prophetam
3125 3761 3196 3818 de
3217 3762 3482 3835 reprobis
3507 3750 3830 3832 exprobrantis

2265 3851 2469 3906 effectu
2503 3852 2754 3923 [affectu]
2786 3851 3186 3924 perhibentur,
3213 3860 3498 3923 peceatum
3539 3863 3678 3905 suum
3715 3839 3831 3916 qua“

2262 3939 2492 3996 Sodoma
2535 3939 2996 4012 praedicaverunt,
3044 3956 3144 3996 nec
3187 3940 3577 3998 absconderant
3613 3937 3719 4006 (lsa.
3745 3930 3827 3996 ul);

2263 4033 2573 4101 postquam
2605 4029 2823 4102 scripta
2852 4045 3085 4101 quoque
3113 4033 3328 4098 vestra,
3365 4030 3421 4084 id
3465 4033 3548 4084 est
3591 4025 3825 4098 peccatum

2262 4118 2350 4189 [[2,
2381 4117 2578 4191 ipsum
2600 4122 2923 4190 peccatum,
2951 4119 3156 4190 [lnam]
3179 4105 3827 4181 consummatum,liquido

2213 4207 2760 4274 --demonstrarunt,
2793 4212 3106 4280 postquam
3166 4206 3346 4263 etiam
3407 4207 3608 4262 missos
3655 4201 3827 4255 nostros

2261 4301 2555 4353 aversatos
2577 4313 2611 4351 a
2627 4295 2916 4368 colloquio
2939 4295 3286 4364 fidelium,et
3301 4295 3490 4368 jussis
3513 4287 3700 4354 nostris
3715 4297 3828 4341 aver-

575 4389 693 4445 Hac
721 4387 902 4460 igitur
930 4386 1065 4443 fidei
1096 4403 1212 4442 sua:
1245 4403 1347 4458 spe
1381 4388 1699 4456 certificati,
1737 4387 1816 4444 fili
1868 4388 2149 4446 charissi-
2261 4402 2377 4452 sos,
2407 4389 2462 4441 et
2491 4383 2769 4458 epistolas
2798 4389 3029 4440 nostras
3077 4384 3401 4442 occultatas
3448 4389 3608 4456 atque
3648 4375 3828 4433 falsatas

504 4494 618 4545 me,
652 4495 758 4533 nos
789 4475 1025 4549 quidem
1057 4476 1127 4530 de
1153 4474 1524 4546 percipienda
1567 4477 1834 4532 mercede
1881 4475 2149 4532 laborum
2261 4475 2632 4546 agnovimus;
2669 4473 2806 4546 quid
2841 4472 3140 4547 potuimus
3171 4473 3496 4530 consultius
3531 4467 3609 4525 vel
3651 4460 3824 4520 caulius

503 4567 700 4638 (etiam
732 4566 780 4621 si
815 4581 916 4620 vos
956 4564 1123 4620 nobis
1172 4580 1474 4636 nunquam
1525 4564 1884 4633 obedieritis,
1917 4566 2148 4621 etiamsi
2183 4583 2226 4648 Ι)
2259 4579 2448 4636 agere,
2482 4579 2680 4634 quam,
2712 4579 2782 4618 ne
2815 4567 2878 4618 ut
2910 4562 3097 4635 magis
3128 4579 3194 4617 ac
3220 4562 3410 4636 magis
3456 4558 3630 4617 scelus
3659 4558 3710 4608 ut
3732 4563 3827 4648 can:

503 4635 788 4729 quantum
822 4654 1063 4727 potestis
1093 4635 1420 4723 apostolicae
1453 4653 1608 4709 sedis
1640 4654 1810 4708 reniti
1835 4655 2146 4711 contende-
2183 4635 2222 4648 υ
2256 4635 2352 4708 cer
2373 4655 2652 4723 serperet,
2687 4651 2744 4705 id
2793 4651 3058 4707 funditus
3106 4635 3589 4724 exstirparemus;
3617 4648 3681 4709 et,
3707 4655 3761 4695 ne
3783 4635 3827 4688 ut

501 4745 650 4817 ritis)
682 4743 1017 4799 nullatenus
1040 4741 1401 4797 dubitamus.
1423 4741 1501 4796 De
1527 4747 1584 4798 te
1614 4744 1831 4808 tamen,
1862 4746 2144 4815 tanquam
2257 4741 2341 4812 [[2,
2377 4744 2442 4795 ut
2473 4756 2565 4811 ne,
2591 4739 2689 4811 id.]
2723 4739 2952 4795 desides
2983 4743 3040 4795 et
3071 4739 3433 4812 negligentes
3473 4735 3823 4817 judicaremul‘,

499 4835 571 4888 de
635 4811 1016 4888 dilectissimo
1082 4830 1222 4900 ﬁlio,
1272 4830 1645 4886 vehementer
1701 4811 2144 4902 ingemiscimus
2253 4811 2358 4902 pro
2390 4829 2561 4884 domo
2591 4829 2689 4884 Dei
2723 4828 2966 4884 celerem
3001 4811 3404 4901 fervidumque
3424 4826 3600 4883 zelum
3626 4811 3826 4876 ostende-

497 4927 555 4978 et
585 4923 909 4986 tristamur,
942 4919 1218 4993 quoniam
1261 4937 1375 4975 non
1427 4920 1689 4990 priorum
1739 4920 2006 4993 vestigia,
2041 4921 2142 4977 sed
2252 4917 2494 4974 remus?
2528 4918 2737 4973 Praeter
2766 4917 2888 4973 haec
2918 4917 3284 4990 autem,quia
3315 4916 3459 4973 falso
3480 4905 3722 4982 divulgati
3743 4902 3823 4958 fue-

497 5027 807 5083 pra:orum
838 5009 1166 5082 principum
1200 5007 1466 5079 exempla
1511 5013 1766 5064 sectatus
1813 5009 2141 5080 apostolicae
2251 5023 2455 5062 ramus
2487 5022 2592 5062 nos
2623 5005 2710 5063 vel
2734 5005 2942 5078 Ignatii
2973 5005 3322 5078 depositioni
3353 5008 3436 5061 vel
3461 4999 3631 5059 Photii
3652 5002 3824 5068 ριόωο·

495 5104 552 5156 et
583 5097 780 5170 primae
815 5098 872 5152 in
905 5102 1027 5152 toto
1073 5097 1209 5152 orbe
1256 5102 1539 5152 terrarum
1588 5097 1744 5152 sedis
1768 5097 1977 5163 edicta,
2013 5114 2141 5169 per-
2249 5095 2397 5152 tioni
2455 5094 2843 5166 consensisse,
2874 5094 3090 5151 idcirco
3136 5094 3316 5151 veloci
3365 5088 3820 5170 studendumreS-ie

491 5169 793 5243 versorum
827 5187 1136 5242 hominum
1169 5186 1547 5242 suasionibus
1578 5185 1825 5252 illectus,
1849 5190 2025 5258 atque
2051 5186 2144 5242 de-
2249 5184 2728 5250 satisfactione,et
2756 5183 2971 5239 Christi
3001 5183 3320 5240 Ecclesiam
3353 5183 3422 5238 de
3444 5181 3546 5236 hoc
3567 5169 3820 5232 certiﬁcm

495 5281 654 5332 creta
684 5274 1007 5347 postponis,
1040 5278 1096 5328 et
1126 5273 1518 5329 anathematis
1558 5273 1972 5346 obligamenta,
2005 5274 2140 5347 qui-
2241 5274 2375 5345 jure
2405 5273 2804 5346 praevidimus.
3530 5266 3536 5272 ’
3702 5347 3718 5352 _
3768 5339 3778 5352 ο

494 5367 604 5421 bus
636 5367 1036 5437 persecutores
1067 5361 1276 5433 Ignatii
1316 5362 1703 5417 comministri
1752 5362 1956 5431 nostri,
1993 5363 2141 5419 Pho-
2320 5361 3062 5434 Verum,quemadmodum
3094 5362 3296 5418 audita
3323 5358 3558 5417 crimina
3578 5367 3676 5437 non
3697 5338 3818 5437 facila

492 5429 655 5509 tium.
672 5451 959 5516 videlicet,
994 5429 1256 5522 qui'post
1285 5450 1707 5522 depositionem
1748 5429 2143 5508 nimis'multa
2249 5452 2426 5517 credi,
2456 5451 2556 5508 sed
2580 5429 2835 5524 _cognita
2883 5451 3008 5508 sine
3059 5451 3328 5508 tarditate
3373 5443 3558 5522 puniri
3606 5429 3816 5524 debeat“,

495 5542 565 5598 de
589 5541 911 5598 ministerio
943 5555 1107 5596 sacro
1137 5539 1473 5611 contingere
1496 5541 1668 5610 juxta
1717 5541 2138 5613 praecedentem
2251 5547 2490 5598 sanctus
2512 5541 2640 5612 jam
2673 5522 3012 5596 nominatus
3033 5557 3185 5613 papa
3205 5538 3506 5613 Gregorius
3529 5535 3581 5588 et
3599 5522 3819 5597 magis;ter

495 5629 979 5693 consuetudinem
1021 5645 1203 5686 ausus
1233 5631 1340 5700 est,
1375 5631 1430 5685 et
1461 5628 1715 5686 fautores
1753 5631 1881 5704 ejus
1913 5629 2139 5706 regula-
2251 5630 2544 5704 egregius,
2605 5628 2901 5703 sapienter
2956 5629 3158 5687 edocet
3214 5629 3410 5688 dicens
3465 5624 3658 5696 (Ειτροεο
3687 5614 3816 5682 ίπμυ

582 3366 747 3423 Unde
797 3365 991 3434 dicito,
1045 3381 1404 3437 quaesumus,
1439 3383 1471 3422 o
1502 3366 1818 3437 imperator
1874 3365 2155 3438 piissime,

513 3456 684 3528 cujus
706 3453 1054 3528 prolixitatis
1087 3454 1591 3523 inobedientia,vel
1622 3455 1791 3524 cujus
1825 3454 2156 3510 multitudi-

515 3545 607 3602 nis
637 3543 968 3612 insolentia,
993 3547 1094 3598 aut
1123 3544 1292 3615 cujus
1321 3544 1630 3614 potestatis
1660 3543 2018 3612 excellentia,
2052 3562 2159 3601 nos

514 3635 588 3690 ab
615 3633 722 3688 hac
749 3633 861 3688 ﬁde
889 3631 975 3687 vel
1007 3648 1110 3704 spe
1139 3633 1349 3687 debeat
1371 3637 1472 3687 aut
1491 3632 1678 3688 valeat
1698 3631 1903 3688 saltem
1929 3649 2160 3704 parum-

512 3739 616 3794 per
645 3719 938 3775 avertere?
970 3720 1294 3774 Przesertim
1327 3737 1460 3774 cum
1492 3720 1868 3776 beatissimus
1901 3723 2026 3792 jam
2058 3723 2156 3778 de-

511 3809 778 3881 signatus
828 3807 1111 3863 exclamet
1152 3807 1466 3879 Apostolus
1500 3826 1512 3864 :
1543 3810 1655 3876 Est,
1699 3809 1993 3881 inquiens,
2024 3810 2155 3882 ﬁdes

507 3896 904 3972 sperandarum
931 3897 1235 3952 substantia
1265 3913 1468 3963 rerum,
1501 3907 1889 3967 argumentum
1918 3916 2024 3956 uon
2055 3917 2152 3973 ap-

504 3989 818 4061 parentium
852 3987 1031 4058 (Hebr.
1063 3985 1174 4057 x1);
1209 3990 1266 4041 et
1307 4003 1511 4042 rursus
1545 4004 1557 4043 :
1591 3987 1740 4058 Spes,
1774 3987 1874 4056 ait,
1908 4004 2033 4060 quae
2077 3991 2154 4045 vi-

505 4077 664 4132 detur
689 4091 800 4130 non
829 4082 907 4130 est
935 4091 1088 4145 spes;
1110 4092 1238 4130 nam
1268 4075 1406 4147 quod
1434 4076 1576 4131 videt
1605 4078 1748 4150 quis,
1780 4076 1913 4150 quid
1941 4081 2154 4149 sperat?

502 4167 554 4222 si
582 4173 762 4220 autem
793 4164 931 4236 quod
955 4181 1066 4219 non
1092 4165 1334 4220 videmus
1360 4182 1660 4236 speramus,
1689 4182 1789 4238 per
1823 4169 2151 4238 patientiam

503 4262 873 4327 exspectamus
902 4255 1076 4323 (Rom.
1109 4253 1253 4324 vni).
