4058 6174
238 343 420 420 los-1

1474 339 1878 416 EPISTOLIE
1923 340 2020 404 ET
2062 340 2446 404 DECRETA.

3506 347 3663 410 1038

248 477 482 550 patuit.)
515 490 529 531 :
564 475 870 532 Peccatum
903 490 1037 531 cum
1067 491 1224 542 voce,
1255 473 1430 548 culpa
1458 478 1548 532 est
1569 474 1906 542 in—actione;
1937 474 1990 542 Α
2021 473 2143 530 dita
2173 473 2328 531 mala
2378 475 2539 531 tarde
2588 476 2968 549 credidimus,
2999 480 3080 536 ita
3108 483 3194 536 tot
3220 481 3662 553 probationibus

255 569 566 639 peccatum
597 581 732 620 vero
764 563 940 620 etiam
983 580 1115 620 cum
1148 562 1422 631 clamore,
1455 568 1544 619 est
1574 563 1745 636 culpa
1772 580 1905 618 cum

253 653 546 712 libertate.
582 653 694 710 Sed
727 653 866 726 quid
901 652 1012 709 hoc
1040 651 1303 725 exemplo
1351 652 1465 708 nisi
1495 669 1602 708 nos
1629 654 1905 708 admone-

254 760 394 800 mur
415 760 489 799 ne
509 743 583 799 ad
606 742 1014 815 proferendam
1047 741 1396 798 sententiam
1430 758 1693 814 unquam
1715 738 1909 812 praeci-

239 833 407 906 pites
439 847 568 889 esse
600 830 939 896 debeamus,
973 847 1044 886 ne
1073 835 1288 886 temere
1320 829 1658 886 indiscussa
1679 829 1905 901 judice-

254 938 413 987 mus,
430 937 502 977 ne
522 919 797 993 quaelibet
818 919 972 975 mala
1002 919 1201 974 audita
1231 937 1337 975 nos
1369 923 1658 981 moveant.
1684 935 1756 974 ne
1777 935 1907 990 pas-

252 1009 372 1067 sim
395 1009 552 1065 dicta
572 1008 699 1065 sine
724 1007 1068 1080 probatione
1100 1009 1429 1071 credamus,
1463 1008 1617 1080 quod
1651 1007 1906 1081 profecto

250 1103 589 1172 perpetrare
618 1097 1109 1170 pertimescimus,
1143 1097 1190 1152 si
1225 1096 1478 1152 auctoris
1512 1095 1694 1151 nostri
1718 1093 1903 1150 subti-

250 1186 372 1244 lius
404 1188 560 1243 facta
586 1186 1074 1259 pensamus.lpse
1105 1185 1320 1258 quippe
1352 1190 1417 1241 ut
1446 1201 1552 1240 nos
1583 1202 1617 1239 a
1647 1182 1906 1256 praecipi-

249 1279 378 1333 tata
407 1275 710 1332 sententias
737 1273 1062 1347 prolatione
1093 1277 1505 1346 compesceret,
1533 1289 1668 1329 cum
1707 1271 1906 1328 omnia

234 1364 416 1439 nuda
434 1367 491 1421 et
511 1368 712 1436 aperta
731 1363 850 1418 sint
871 1361 1056 1418 oculis
1077 1363 1225 1434 ejus,
1247 1361 1402 1418 mala
1419 1365 1618 1418 tamen
1638 1360 1902 1417 Sodoma

247 1452 446 1510 noluit
474 1452 676 1509 audita
690 1451 981 1522 judicare,
1007 1450 1110 1523 qui
1141 1450 1221 1506 ait
1247 1467 1260 1505 :
1286 1450 1617 1507 Descendam
1637 1458 1690 1507 et
1713 1449 1902 1506 videbo

245 1550 442 1597 utrum
472 1541 765 1597 clamorem
788 1541 888 1612 qui
913 1541 1061 1596 venit
1089 1539 1159 1595 ad
1187 1556 1294 1606 me,
1311 1553 1469 1612 opere
1495 1539 1899 1612 compteverint,

224 1648 324 1696 _an
374 1646 485 1686 non
527 1637 606 1686 est
654 1631 749 1696 ita,
799 1637 861 1685 ut
906 1630 1080 1685 sciam
1125 1628 1278 1696 (Gen.
1310 1629 1488 1700 xvxu).
1521 1627 1901 1700 Omnipotens

246 1718 454 1791 itaque
475 1719 785 1783 Dominus,
809 1722 866 1773 et
886 1718 1083 1773 omnia
1107 1717 1318 1785 sciens,
1344 1735 1450 1773 cur
1471 1722 1603 1773 ante
1623 1732 1901 1788 provoca-

244 1807 474 1865 tionem
496 1808 666 1880 quasi
689 1806 953 1874 dimittit,
977 1806 1091 1861 nisi
1118 1811 1180 1861 ut
1199 1805 1501 1879 gravitatis
1525 1805 1692 1862 nobis
1717 1821 1903 1861 exem—

222 1958 228 1962 ,
245 1896 418 1970 plum
431 1900 816 1970 proponat,ne
829 1894 985 1951 mala
1006 1894 1311 1952 hominum
1325 1899 1459 1951 ante
1471 1911 1898 1968 praesumamus

245 1986 488 2042 credere
519 2002 696 2058 quam
729 1983 1018 2058 probare?

317 2075 468 2131 Ecce
489 2091 594 2147 per
613 2073 851 2147 angelos
872 2073 943 2129 ad
966 2074 1368 2146 cognoscenda
1398 2072 1556 2129 mala
1575 2072 1900 2139 descendit,

244 2179 502 2236 moxque
531 2163 891 2218 facinorosos
921 2161 1196 2234 percutit,
1221 2166 1396 2234 atque
1417 2159 1513 2215 ille
1535 2159 1785 2232 patiens,
1803 2159 1901 2215 ille

245 2251 440 2323 mitis,
474 2250 572 2308 ille
601 2252 673 2308 de
703 2267 818 2323 quo
845 2250 1132 2322 scriptum
1163 2254 1288 2306 est:
1329 2251 1402 2305 Tu
1433 2250 1896 2315 autem,Domine,

243 2357 376 2396 cum
402 2341 806 2412 tranquillitate
822 2337 1044 2411 judicas
1075 2337 1371 2409 (Sap.xn);
1404 2336 1502 2392 ille
1532 2338 1603 2392 de
1633 2353 1748 2408 quo
1771 2353 1898 2391 rur-

246 2445 386 2484 sum
435 2428 722 2501 scriptum
772 2431 861 2482 est
895 2443 908 2481 ε
942 2428 1206 2482 Dominus
1253 2427 1470 2498 patiens
1522 2434 1600 2482 est
1658 2424 1901 2480 redditor

247 2518 550 2590 (Eccli.v),
583 2517 642 2572 in
702 2519 867 2572 tanto
925 2515 1169 2572 crimine
1226 2514 1517 2570 involutos
1575 2514 1899 2581 inveniens,

245 2607 421 2680 quasi
454 2606 793 2680 patientiam
828 2604 1291 2678 praetermisit,et
1307 2604 1461 2660 diem
1485 2604 1725 2675 extremi
1743 2602 1899 2674 judi-

242 2695 320 2753 cii
343 2699 681 2768 exspectare
712 2695 782 2750 ad
811 2693 1130 2749 vindictam
1160 2691 1370 2758 noluit,
1393 2697 1490 2748 sed
1518 2709 1616 2748 eos
1645 2691 1779 2764 igne
1797 2694 1898 2763 ju-

241 2784 386 2841 dicii
417 2788 552 2841 ante
573 2783 784 2855 judicii
820 2783 974 2839 diem
1001 2781 1312 2855 praevenit:
1347 2786 1403 2837 et
1433 2798 1564 2837 ecce
1595 2781 1816 2836 malum
1840 2785 1899 2836 et

217 2873 419 2946 quasi
454 2889 588 2929 cum
619 2870 967 2928 difficultate
998 2871 1264 2937 credidit,
1296 2886 1430 2925 cum
1459 2868 1700 2934 audivit,
1731 2872 1788 2924 et
1816 2872 1898 2924 ta-

241 2979 383 3018 men
433 2961 558 3018 sine
607 2961 882 3016 tarditate
931 2958 1240 3032 percussit,
1273 2975 1408 3014 cum
1449 2975 1652 3014 verum
1683 2973 1897 3029 cogno-

237 3051 464 3108 scendo
497 3049 751 3123 reperit;
781 3053 845 3104 ut
875 3048 1044 3104 nobis
1073 3047 1341 3104 videlicet
1370 3048 1534 3103 daret
1565 3045 1895 3118 exemplum

239 3141 402 3213 quod
436 3141 660 3211 majora
689 3138 938 3194 crimina
965 3143 1022 3193 et
1052 3137 1215 3193 tarde
1261 3137 1549 3192 credenda
1591 3139 1731 3191 sunt
1759 3152 1894 3190 cum

2017 564 2270 636 cognita,
2305 563 2478 620 citius
2507 565 2712 636 punire
2740 568 3068 625 necessario
3096 570 3534 642 precuravimus
3560 589 3573 637 ;
3607 574 3664 626 et

2017 651 2126 708 hoc
2151 651 2257 708 rite
2281 669 2294 708 :
2319 670 2455 708 nam
2479 654 2551 708 ad
2583 657 3047 727 cognoscendam
3071 663 3126 712 et
3155 659 3662 715 condemnandam

2017 739 2378 813 impietatem
2401 742 2645 798 Nestorii
2668 747 2870 799 sancta
2890 744 3181 818 Ephesina
3203 748 3461 820 synodus
3479 747 3662 803 solam

2017 829 2324 900 epistolam
2355 831 2504 902 ejus,
2539 848 2716 903 quam
2739 832 2810 888 ad
2842 833 3078 889 beatum
3101 835 3381 906 Cyrillum
3414 836 3661 908 scripse-

2017 923 2127 988 rat,
2160 919 2465 974 recitatam
2516 920 2785 976 sufﬁcere
2833 922 3098 978 credidit.
3133 923 3347 989 Quinta
3387 930 3664 996 praeterea

2016 1007 2276 1075 synodus
2309 1007 2483 1063 etiam
2506 1009 2630 1080 jam
2666 1014 2927 1066 mortuos
2949 1011 3255 1085 Origenem
3278 1017 3453 1085 atque
3476 1014 3661 1070 Theo-

2017 1095 2225 1151 dorum
2257 1113 2362 1169 per
2389 1113 2589 1153 eorum
2621 1099 2957 1155 damnanda
2987 1100 3204 1174 scripta
3231 1118 3345 1156 non
3383 1106 3535 1158 recte
3565 1119 3658 1157 sa-

2014 1184 2215 1256 puisse
2245 1192 2524 1257 repertos,
2557 1187 2926 1244 anathemate
2956 1189 3222 1262 percutit.
3248 1191 3497 1246 Sanctus
3515 1209 3658 1263 quo-

2015 1289 2127 1345 que
2166 1290 2318 1346 papa
2365 1274 2631 1332 Gelasius
2681 1277 2752 1332 de
2800 1278 3174 1334 damnatione
3213 1279 3406 1335 Acacii
3452 1286 3656 1335 vestrae

2014 1362 2310 1434 quondam
2359 1363 2522 1419 urbis
2569 1364 2824 1437 episcopi
2860 1367 2930 1421 ad
2965 1367 3265 1424 Dardanos
3313 1369 3537 1436 scribit,
3569 1369 3655 1423 di-

2013 1466 2152 1507 cens
2181 1453 2356 1524 (epist.
2387 1454 2474 1516 11)
2508 1469 2521 1508 :
2558 1452 2680 1522 Hic,
2710 1454 2759 1510 si
2808 1455 3156 1512 examinatio
3205 1457 3503 1528 quaeritur,
3528 1459 3655 1529 jam

2004 1538 2228 1610 judicio
2279 1556 2394 1595 non
2442 1546 2566 1596 erat
2596 1558 2763 1614 Opus,
2797 1547 3107 1616 postquam
3140 1544 3347 1602 litteris
3378 1547 3500 1602 suis
3531 1537 3657 1619 ipse

2012 1629 2318 1685 confessus
2341 1634 2450 1685 est.
2473 1629 2685 1686 Christi
2709 1636 2984 1702 praeterea
3005 1633 3302 1690 confessor
3331 1652 3482 1707 papa
3509 1636 3657 1691 Mar-

2010 1716 2172 1772 tinus
2203 1716 2412 1790 Cyrum
2451 1717 2930 1789 Alexandrinum,
2964 1722 3254 1794 Sergium,
3288 1724 3569 1796 Pyrrhum
3601 1729 3658 1780 et

2014 1804 2258 1861 Paulum
2306 1806 2999 1880 Constantinopolitanos,
3033 1811 3175 1866 solis
3217 1828 3419 1868 eorum
3461 1813 3518 1868 in
3550 1830 3658 1869 sua

2011 1909 2177 1949 sacra
2197 1895 2416 1966 synodo
2439 1893 2673 1966 scriptis
2704 1897 3026 1966 recensitis,
3049 1900 3416 1956 damnationi
3433 1906 3658 1958 contra-

2011 1981 2160 2038 didit
2187 1988 2352 2048 (conc.
2384 1986 2685 2046 Laleran.).
2729 1986 2855 2041 Haec
2905 2003 3040 2060 ergo
3067 1993 3124 2043 et
3155 1993 3239 2044 tot
3267 1991 3656 2061 praedecesso-

2010 2088 2141 2127 rum
2175 2089 2435 2129 meorum
2485 2073 2750 2147 exempla
2801 2080 3112 2147 sequentes
3166 2077 3507 2134 solemniter
3547 2097 3654 2136 nos

2009 2159 2283 2217 Photium
2296 2167 2354 2217 et
2366 2161 2676 2235 complices
2689 2164 2815 2233 ejus
2829 2164 3140 2220 damnasse
3154 2167 3528 2223 manifestum
3543 2174 3652 2240 est,

2009 2251 2332 2320 praesertim
2383 2267 2516 2305 cum
2567 2268 2635 2307 cx
2679 2252 2844 2308 vobis
2900 2253 3262 2310 audierimus
3309 2256 3368 2309 in
3418 2256 3652 2328 scriptis

2009 2336 2323 2408 Ignatium,
2343 2337 2445 2410 qui
2467 2337 2673 2394 merito
2697 2338 2952 2395 christus
2972 2339 3204 2395 Domini
3227 2341 3508 2398 dicendus
3539 2348 3648 2411 est,

1989 2442 2042 2480 -a
2071 2426 2354 2496 subjectis
2385 2431 2440 2482 et
2488 2426 2866 2482 inferioribus
2927 2427 3050 2483 suis
3109 2430 3409 2486 sententiae
3459 2432 3652 2504 gladio

2007 2515 2542 2570 transverberatum
2574 2515 2777 2583 fuisse,
2808 2533 2875 2572 ac
2901 2517 3318 2574 detrimentum
3351 2519 3652 2592 dignitatis

2007 2603 2252 2675 propria:
2285 2603 2616 2676 pertulisse,
2645 2606 2799 2677 quod
2846 2610 2978 2678 apte
3025 2608 3352 2663 secundum
3384 2609 3561 2664 David
3593 2610 3652 2664 in

2009 2691 2200 2760 Saule,
2217 2709 2391 2763 quem
2406 2692 2547 2748 dicit
2567 2693 2854 2748 christum
2873 2693 2994 2762 Dei,
3011 2712 3086 2749 nu
3097 2699 3474 2767 ncupatur(a)
3494 2699 3651 2769 abje-

2007 2783 2134 2836 ctus
2153 2785 2348 2836 tamen
2361 2781 2652 2836 aDomino
2657 2782 2784 2852 jam
2798 2781 3648 2854 dignoscebaturexhorruisse,

2005 2869 2229 2942 Regum
2260 2869 2454 2940 prodit
2484 2868 2746 2937 historia,
2763 2870 2861 2941 qui
2883 2871 3024 2926 dum
3056 2887 3123 2926 ex
3152 2888 3249 2927 ore
3280 2874 3445 2944 pueri
3474 2876 3648 2930 Ama-

2003 2956 2207 3024 lecitze,
2239 2957 2417 3013 etiam
2476 2957 2836 3014 mendaciter
2890 2958 3159 3028 dicentis,
3193 2961 3456 3017 audisset
3491 2964 3647 3032 quod

2004 3046 2280 3101 occiderit
2309 3046 2566 3114 Saulem,
2604 3064 2719 3102 non
2769 3047 2882 3103 alia
2927 3047 3274 3105 certitudine
3324 3051 3644 3123 requisivit,

2004 3135 2104 3190 sed
2140 3134 2406 3207 protinus
2436 3136 2593 3191 hunc
2631 3137 2938 3208 percussit,
2973 3138 3174 3194 dicens
3206 3156 3218 3194 :
3251 3139 3490 3210 Sanguis
3521 3149 3650 3197 tuus

238 3210 587 3297 audiuntur,
621 3232 678 3283 et
706 3227 879 3282 citius
923 3226 1219 3298 punienda
1249 3242 1382 3280 cum
1409 3225 1689 3281 veraciter
1717 3241 1895 3297 agno-
1928 3210 1971 3278 C
2006 3241 2170 3296 super
2205 3232 2367 3297 caput
2414 3233 2588 3292 tuum,
2621 3243 2676 3282 os
2725 3229 2874 3282 enim
2931 3235 3086 3283 tuum
3142 3229 3378 3284 locutum
3431 3239 3508 3286 est
3552 3228 3648 3286 ad-

239 3323 458 3376 scuntu
467 3335 512 3373 r.

315 3407 436 3464 Nos
467 3407 646 3480 igitur
687 3405 982 3478 quomodo
1014 3405 1085 3460 ad
1116 3403 1479 3478 puniendum
1511 3403 1712 3458 audita
1741 3401 1897 3457 mala

235 3494 530 3573 proclives
551 3499 654 3552 aut
673 3494 1000 3568 praecipites
1021 3494 1262 3562 fuimus,
1284 3493 1538 3566 quando,
1555 3492 1706 3548 sicut
1723 3491 1894 3564 longe

235 3583 517 3659 superius
548 3583 827 3654 diximus,
861 3586 1179 3654 antequam
1210 3581 1383 3654 legati
1414 3581 1609 3650 vestri,
1640 3582 1787 3636 Arsa
1805 3580 1895 3635 vir

233 3673 509 3730 videlicet
539 3671 788 3728 illustris
832 3670 1172 3744 spatharius
1203 3687 1270 3726 ac
1301 3670 1487 3725 caeteri
1521 3670 1766 3726 Romam
1797 3686 1891 3724 ve-

232 3763 491 3828 nissent,
524 3778 652 3836 quae
700 3760 856 3834 apud
905 3759 1468 3831 Constantinopolim
1502 3764 1703 3831 postea
1730 3762 1895 3831 gesta

229 3853 494 3909 fuissent
531 3850 816 3908 veraciter
866 3849 1234 3923 agnovimus,
1268 3865 1374 3904 nos
1397 3849 1524 3919 jam
1557 3848 1757 3904 audita
1787 3865 1892 3904 nec

231 3947 436 3998 tamen
471 3941 694 3996 credita
722 3938 958 4013 penitus
989 3937 1395 3994 habebamus?
1419 3937 1736 4009 Postquam
1760 3954 1890 3993 vero

234 4031 419 4086 iidem
451 4029 619 4085 missi
648 4027 826 4085 vestri
856 4028 928 4084 ad
957 4028 1152 4084 sedem
1196 4024 1577 4098 apostolicam
1611 4042 1890 4098 pervene-

233 4123 404 4187 runt,
438 4135 565 4191 quae
597 4117 803 4173 auditu
834 4116 958 4175 solo
989 4115 1265 4188 primitus
1295 4113 1710 4180 didiceramus,
1730 4119 1890 4186 pate-

236 4208 370 4266 ﬁeri
420 4223 615 4264 coram
664 4205 856 4272 nobis,
887 4209 944 4261 et
971 4209 1093 4262 tota
1139 4202 1395 4260 Ecclesia
1440 4220 1567 4276 quae
1598 4204 1752 4276 apud
1785 4221 1891 4260 nos

237 4301 353 4364 est,
381 4294 686 4352 manifeste
717 4299 1052 4367 ceperunt:
1081 4310 1186 4349 nec
1216 4297 1412 4348 tamen
1435 4308 1540 4347 nos
1561 4291 1795 4348 interim
1818 4293 1890 4348 ad

237 4386 334 4443 sui
366 4384 807 4440 damnationem
838 4399 956 4456 quo
985 4383 1158 4439 modo
1189 4385 1611 4454 pertraxerunt.

316 4475 637 4545 Postquam
671 4488 800 4528 vero
831 4471 998 4526 missi
1031 4469 1234 4540 nostri,
1265 4486 1413 4542 quos
1446 4468 1637 4524 isthuc
1667 4469 1740 4524 ad
1771 4468 1892 4524 hac

235 4580 348 4637 per
379 4562 644 4618 ordinem
676 4578 741 4617 ac
786 4559 1081 4616 subtiliter
1126 4557 1532 4631 investiganda
1561 4562 1618 4614 et
1647 4557 1894 4630 pleniter
1925 4581 1972 4644 ι)

2003 3330 2191 3369 versus
2249 3323 2323 3382 te,
2366 3314 2550 3371 dicens
2590 3333 2609 3372 :
2655 3318 2767 3385 Ego
2822 3317 3069 3389 interfeci
3113 3319 3378 3374 christum
3431 3321 3652 3376 Domini

2006 3404 2080 3475 (11
2110 3405 2239 3472 Reg.
2275 3407 2335 3467 ι).

2073 3491 2490 3548 Verumtamen
2514 3492 2655 3565 quid
2679 3509 2826 3565 opus
2859 3497 2948 3550 est
2977 3492 3114 3550 hinc
3145 3493 3331 3550 multa
3351 3497 3644 3568 prosequi,

2002 3597 2136 3638 cum
2167 3580 2455 3654 hodieque
2486 3598 2665 3654 penes
2696 3581 3010 3638 Ecclesiam
3052 3584 3648 3657 ConstantinOpolita-

2001 3687 2137 3726 nam
2159 3669 2430 3742 impietas
2448 3671 2576 3743 ipsa
2589 3671 2800 3743 vigeat,
2831 3671 3226 3744 praevaricatio
3252 3679 3472 3746 regnet,
3492 3675 3644 3730 schi-

2001 3763 2192 3815 smata
2208 3758 2374 3815 multi
2382 3759 2708 3833 plicentur?
2730 3761 2906 3816 Porro
2933 3761 2982 3816 si
3009 3762 3359 3818 sententiam
3383 3767 3643 3819 nostram

1999 3848 2489 3918 exhorrescitis,et
2509 3849 2660 3904 hanc
2682 3848 2934 3922 alicujus
2955 3850 3309 3907 valetudinis
3331 3869 3458 3908 esse
3483 3857 3647 3924 puta-

1997 3938 2095 4005 tis,
2125 3954 2195 3993 ne
2224 3937 2387 3994 illam
2422 3937 2747 3994 formidetis
2776 3942 3026 4010 tantum,
3053 3940 3193 4011 quia
3221 3940 3280 3996 in
3312 3942 3648 4013 praevarica-

1998 4030 2153 4081 tores
2181 4030 2239 4081 et
2267 4027 2736 4082 contaminantes
2775 4027 3000 4098 prolata
3035 4033 3142 4094 cst,
3176 4033 3462 4101 quantum
3509 4031 3648 4101 quia

1998 4118 2278 4186 perpetuo
2331 4114 2678 4187 constringit
2733 4114 3152 4182 inobedicntes,
3189 4120 3246 4171 et
3275 4117 3387 4172 nisi
3438 4119 3643 4190 resipi-

1999 4207 2228 4258 scentes
2259 4219 2562 4274 nunquam
2594 4203 2832 4259 omnino
2864 4203 3130 4259 resolvit:
3157 4207 3536 4277 Quapropter,
3562 4206 3646 4262 illi

2000 4289 2346 4347 cbarissime
2375 4296 2432 4346 et
2460 4290 2962 4347 Christianissime
2992 4292 3281 4364 princeps,
3307 4310 3479 4364 quem
3512 4311 3646 4350 cum

2000 4380 2276 4436 omnibus
2307 4380 2553 4452 imperio
2587 4383 2687 4435 tuo
2720 4380 3000 4452 subjectis
3032 4380 3406 4453 alloquimur,
3431 4384 3651 4440 auferte

2001 4467 2224 4525 malum
2255 4469 2326 4524 de
2356 4467 2548 4524 medio
2580 4472 2862 4536 vestrum,
2896 4469 3079 4526 tollite
3111 4469 3654 4539 adulterum,tollite

2001 4562 2316 4630 tyrannum
2338 4562 2396 4613 et
2415 4574 2780 4630 pervasorem
2805 4558 3071 4614 Ecclesia:
3099 4577 3112 4627 ;
3145 4558 3369 4614 reddite
3401 4559 3567 4615 fratri
3599 4564 3655 4615 et

237 4651 614 4718 invenienda,
649 4667 752 4706 seu
784 4653 989 4705 vestra;
1037 4647 1254 4704 notitia:
1286 4647 1567 4702 veraciter
1597 4647 1897 4702 referenda
2005 4646 2347 4718 coepiscopo
2379 4650 2578 4701 nostro
2613 4645 2834 4718 Ignatio
2867 4645 3186 4702 Ecclesiam
3230 4647 3341 4703 sibi
3375 4647 3661 4704 divinitus

234 4741 769 4808 destinaveramus,
803 4755 922 4794 una
971 4753 1104 4793 cum
1156 4737 1344 4792 Leone
1374 4753 1409 4791 a
1439 4735 1676 4791 secretis
1714 4735 1903 4807 impe-

235 4829 374 4887 riali
424 4829 616 4902 legato
663 4827 915 4901 regressi
967 4830 1126 4894 sunt,
1155 4829 1213 4882 et
1244 4830 1364 4880 tam
1396 4823 1705 4896 epistolam
1737 4829 1901 4880 tuam

235 4936 425 4992 quam
452 4922 658 4974 caetera
678 4916 894 4988 scripta
917 4916 987 4971 de
1009 4915 1101 4971 his
1132 4931 1261 4987 quae
1293 4912 1792 4985 Constantinopoli
1811 4931 1905 4986 ge-

237 5014 338 5065 sta
358 5011 522 5074 sunt,
547 5007 619 5062 ab
642 5005 742 5062 illo
772 5004 1142 5077 suscepimus
1173 5008 1229 5057 et
1259 5001 1569 5074 diligenter
1598 5001 1904 5074 investiga-

236 5095 704 5160 vimus,eosdem
719 5094 935 5149 missos
947 5096 1178 5148 nostros
1193 5107 1310 5146 una
1321 5108 1453 5146 cum
1468 5094 1672 5146 sancta
1682 5090 1903 5164 synodo

240 5184 598 5260 regulariter
624 5182 1108 5249 examinavimus,
1142 5184 1350 5236 cuncta
1388 5197 1515 5251 quae
1546 5184 1709 5252 gesta
1741 5183 1897 5247 sunt,

241 5273 626 5333 euucleanter
654 5272 990 5338 didicimus,
1007 5285 1181 5326 omne
1203 5284 1432 5341 quoque
1462 5268 1776 5324 dubietatis
1798 5286 1902 5323 nu-

240 5364 438 5422 bilum
470 5380 540 5419 ex
569 5363 740 5418 corde
773 5359 1128 5434 pepulimus,
1146 5375 1212 5414 ac
1232 5375 1334 5430 per
1359 5357 1488 5424 hoc,
1509 5358 1749 5413 docente
1782 5374 1900 5412 ma-

240 5453 501 5528 gnisona
521 5450 740 5508 Christi
761 5451 923 5518 tuba,
939 5449 1177 5522 praefato
1201 5446 1422 5503 scilicet
1442 5462 1593 5518 papa
1623 5445 1897 5518 Gregorio

236 5545 366 5615 (tib.
391 5560 469 5609 vn,
491 5544 650 5616 epist.
679 5542 787 5611 14),
813 5538 966 5612 quod
992 5555 1172 5612 supra
1192 5534 1594 5605 meminimus,
1620 5535 1772 5592 sicut
1792 5551 1894 5592 au-

279 5710 283 5711 ν
313 5633 392 5709 (a)
430 5631 619 5690 Locus
649 5629 959 5688 obscurus.

2012 4735 2400 4803 creditam,de
2413 4752 2530 4806 qua
2551 4752 2650 4790 vos
2681 4734 2850 4789 illum
2877 4740 3011 4790 ante
3042 4752 3275 4791 omnem
3298 4737 3658 4794 audientiam

2012 4824 2353 4879 canonicam
2414 4822 2768 4895 expulistis:
2824 4824 3046 4879 reddite
3104 4826 3259 4896 quod
3319 4825 3562 4896 tulistis,
3604 4833 3684 4896 et,

2011 4913 2320 4970 emendate
2341 4930 2442 4985 pro
2466 4912 2580 4968 Deo
2603 4913 2757 4984 quod
2784 4918 2987 4967 contra
3005 4913 3188 4968 Deum
3221 4914 3458 4987 egistis;
3485 4916 3657 4972 relin-

2013 5001 2173 5073 quite
2205 5000 2449 5069 malum,
2485 4999 2889 5055 convertimini
2922 5002 2992 5056 ad
3022 5018 3128 5057 nos
3154 5006 3210 5057 et
3235 5003 3606 5077 corrigemini
3641 5021 3654 5060 :

2012 5095 2069 5146 et
2098 5089 2328 5145 liberati
2359 5107 2392 5144 a
2421 5089 2594 5155 malo,
2628 5106 2662 5144 a
2691 5089 2860 5144 nobis
2912 5089 3250 5148 nullatenus
3295 5092 3654 5159 dividemini,

2011 5179 2291 5252 quoniam
2317 5195 2423 5234 nos
2453 5195 2567 5232 non
2599 5177 2658 5232 in
2692 5177 2963 5233 Photium
2996 5179 3124 5235 ideo
3155 5181 3504 5237 sententiam
3527 5181 3659 5236 tuli-

2009 5285 2142 5325 mus
2173 5267 2311 5340 quia
2342 5267 2516 5323 homo
2548 5272 2657 5334 est,
2692 5267 2832 5338 quia
2862 5267 3106 5324 Photius
3134 5270 3369 5337 dicitur,
3391 5270 3488 5325 sed
3521 5268 3660 5339 quia

2006 5363 2094 5414 est
2115 5373 2364 5429 persona
2386 5356 2832 5428 praevaricatrix,
2851 5360 2909 5412 et
2925 5357 3062 5429 quia
3081 5357 3324 5414 viventis
3355 5355 3656 5424 antistitis,

2007 5451 2062 5502 et
2091 5462 2158 5501 ea
2188 5445 2350 5501 nulla
2396 5463 2464 5501 ex
2514 5451 2675 5518 parte
2728 5445 2989 5520 legitime
3047 5446 3321 5513 carentis,
3356 5445 3662 5518 usurpavit

2005 5533 2348 5593 Ecclesiam.
2385 5534 2586 5611 Itaque
2618 5534 2991 5594 malefactum
3024 5535 3176 5613 quod
3210 5533 3267 5592 in
3294 5549 3361 5592 ea
3392 5537 3481 5592 est
3512 5539 3568 5592 et
3595 5533 3656 5598 in
