4036 6132
448 300 604 375 1039

1803 290 2117 361 NIGOLAI
2158 296 2393 360 PAPIE
2435 297 2484 360 Ι.

3636 298 3768 367 toto

444 432 770 489 fautoribus
798 433 927 504 ejus
958 432 1204 505 punitur
1231 432 1581 506 irrogatione
1601 432 1932 488 sententiaa:
1958 448 2085 504 quae
2116 432 2171 498 Α
2270 431 2528 503 Denique
2572 429 2793 503 opinati
2850 447 3080 496 sumus,
3112 434 3168 488 et
3213 431 3393 491 adhuc
3435 433 3763 494 nihilominus

445 522 861 595 praevaricatio,
893 523 1046 595 quod
1080 522 1435 578 maleficium
1468 522 1517 577 si
1548 522 1800 589 recedat,
1817 523 1943 593 jam
1970 538 2087 577 non

446 610 555 667 erit
576 609 676 667 illa
696 628 961 684 persona,
986 611 1046 665 in
1069 628 1245 683 quam
1271 611 1561 667 sententia
1582 610 1807 683 prolata
1835 616 1941 667 est.
1979 611 2090 666 Re-

450 699 710 756 manebit
731 700 886 755 enim
910 700 1104 769 homo,
1130 704 1186 755 et
1210 700 1468 764 Photius,
1493 717 1668 772 quem
1693 716 1807 755 non
1831 701 2093 771 damnat,

449 787 801 860 inquantum
849 788 1023 845 homo
1071 793 1162 845 est
1186 794 1243 845 et
1269 789 1530 845 hominis
1558 805 1768 845 nomen
1803 793 2094 854 censetur,

453 877 556 934 sed
600 864 951 949 inquantum
999 878 1408 949 praevaricator
1435 880 1493 932 et
1523 877 1863 933 malefactor
1893 880 2001 932 est.
2037 876 2096 931 Si

453 982 589 1038 ergo
617 966 846 1022 desinat
872 983 1000 1023 esse
1035 967 1457 1039 praevaricator,
1484 966 1775 1022 sententia
1806 971 2005 1021 nostra
2038 965 2099 1019 in

454 1072 520 1112 eo
541 1055 733 1112 locum
756 1056 988 1127 penitus
1010 1073 1126 1111 non
1149 1056 1413 1112 habebit:
1439 1055 1584 1111 alter
1602 1054 1757 1110 enim
1783 1055 1893 1109 erit
1923 1070 2101 1125 quam

455 1144 573 1212 ille,
597 1145 691 1201 cui
713 1144 877 1201 illata
901 1145 1190 1201 sententia
1220 1150 1325 1210 est,
1355 1146 1497 1200 dum
1528 1144 1768 1217 incipiet
1794 1160 1921 1199 esse
1948 1144 2103 1215 quod

460 1251 577 1290 non
599 1233 730 1302 fuit,
752 1233 842 1290 vel
864 1251 978 1289 non
1002 1251 1128 1290 esse
1149 1234 1208 1289 in
1228 1251 1402 1305 quem
1426 1233 1655 1306 prolata
1674 1231 1963 1288 sententia
1983 1236 2101 1288 est:

462 1339 599 1379 nam
624 1322 884 1394 quandiu
906 1323 964 1377 in
988 1322 1097 1378 hoc
1128 1328 1345 1389 manet,
1371 1323 1463 1377 cui
1486 1321 1651 1377 illata
1681 1320 1968 1376 sententia
1997 1324 2105 1389 est,

458 1428 591 1467 vere
621 1410 954 1467 insolubilis
986 1415 1075 1467 est
1106 1410 1204 1466 illa
1237 1409 1541 1465 sententia.
1576 1411 1645 1464 Et
1676 1409 2111 1472 quantumlibet

466 1484 631 1556 ﬂoret
676 1499 793 1566 ille,
836 1499 928 1556 cui
977 1499 1232 1573 irrogata
1280 1505 1368 1555 est
1396 1501 1696 1571 [erogata],
1731 1492 2112 1570 quantislibet

466 1589 668 1646 afﬂuat
698 1588 1382 1657 honoribus,tantislibet
1413 1589 1578 1644 miris
1610 1588 1887 1644 laudibus
1917 1588 2113 1643 eil‘era-

466 1681 582 1744 tur,
616 1677 717 1733 illa
766 1677 1055 1733 sententia
1112 1681 1389 1750 perpetuo
1451 1677 1867 1749 confringatur.
1902 1677 1970 1731 Et
1998 1675 2113 1753 nisi

2199 519 2529 592 opinamur,
2553 521 2709 592 quod
2730 520 2915 593 pietas
2943 524 3139 577 vestra
3165 522 3389 579 tandem
3413 522 3769 596 aliquandore-

2200 608 2442 682 sipiscat
2458 612 2514 665 et
2542 610 2614 664 de
2638 608 2905 665 Ecclesia:
2929 610 3556 683 Constantinopolitana
3590 618 3771 671 restau-

2201 698 2385 754 rando
2407 702 2564 754 statu
2594 698 2761 755 nobis
2790 698 3053 755 salubria
3078 700 3447 757 suadentibus
3472 702 3775 774 acquiescat.

2204 787 2416 859 Sicque
2437 787 2675 843 demum
2698 787 2896 843 omnia
2916 787 3154 860 scripta,
3170 805 3292 861 qua
3314 787 3456 845 male
3475 788 3581 845 sint
3597 792 3777 864 compi-

2204 876 2344 943 lata,
2378 893 2492 932 non
2549 876 2740 932 solum
2800 877 3110 933 adversum
3164 895 3268 934 nos
3299 882 3353 933 et
3381 878 3519 934 hanc
3567 883 3781 937 sanctam

2206 963 2550 1032 Ecclesiam,
2569 981 2773 1021 verum
2805 966 2981 1021 etiam
3014 969 3216 1021 contra
3246 966 3471 1022 fratrem
3495 970 3723 1023 nostrum
3741 972 3785 1024 et

2210 1052 2682 1109 comministrum
2710 1054 3022 1127 Ignatium,
3057 1070 3251 1110 coram
3298 1054 3554 1111 universa
3599 1055 3783 1127 imperii

2213 1143 2304 1199 sui
2339 1142 2714 1199 multitudine
2762 1143 2881 1216 igni
2930 1143 3215 1199 tradenda
3262 1143 3535 1199 decernat.
3564 1143 3784 1216 Alioquin

2206 1232 2334 1303 jam
2366 1232 2594 1287 cunctis
2616 1231 2883 1288 Ecclesiae
2904 1231 3196 1299 fidelibus,
3213 1248 3339 1304 quae
3361 1232 3498 1288 foret
3515 1232 3787 1306 apostolica

2216 1321 2375 1376 sedis
2405 1319 2743 1389 auctoritas,
2774 1320 2863 1376 vel
2904 1337 3029 1393 qua:
3078 1319 3510 1377 fabricatoribus
3556 1321 3787 1377 mendacii

2218 1426 2321 1465 seu
2344 1409 2743 1466 inventoribus
2760 1426 3166 1481 perversorum
3180 1411 3509 1482 dogmatum
3521 1408 3790 1466 immineret

2219 1498 2385 1568 ultio,
2418 1499 2671 1571 profecto
2703 1502 3042 1570 putesceret.

2292 1587 2662 1661 Impossibile
2683 1590 2773 1643 est
2787 1588 2966 1655 enim,
2990 1604 3331 1661 quanquam
3358 1575 3573 1645 nostras
3592 1604 3682 1644 nos
3698 1604 3792 1662 spe-

2222 1676 2398 1732 ciales
2426 1676 2673 1747 injurias
2702 1694 2906 1733 curare
2937 1677 3446 1750 ﬂoccipendamus,
3470 1680 3531 1732 ut
3555 1683 3790 1733 tantorum

468 1765 796 1838 resipiscat,
829 1766 875 1821 si
909 1783 1023 1822 non
1057 1767 1249 1833 modo,
1283 1771 1435 1823 certe
1463 1766 1551 1822 vel
1580 1770 1712 1838 post
1740 1782 1979 1837 paucos,
2013 1769 2115 1821 aut
2150 1803 2195 1867 B
2225 1782 2291 1821 ac
2320 1765 2527 1821 talium
2585 1769 2922 1821 sanctorum
2982 1767 3220 1821 Patrum
3268 1769 3326 1822 et
3366 1769 3790 1839 propugnatorum

471 1853 645 1909 etiam
680 1858 812 1926 post
841 1854 1055 1911 multos
1082 1872 1287 1919 annos,
1313 1861 1416 1911 aut
1447 1860 1600 1912 certe
1632 1853 2120 1927 quandoque,etsi

475 1959 590 1998 non
612 1942 732 1998 vita
752 1961 859 1999 sua
880 1945 1100 1999 carebit
1119 1944 1377 2000 Ecclesia
1406 1961 1583 2017 quam
1607 1944 1909 2016 tyrannice
1933 1942 2120 2015 possi-

474 2031 589 2099 det,
614 2032 832 2087 carebit
854 2035 1048 2088 tamen
1072 2038 1202 2105 post
1225 2038 1472 2089 mortem
1504 2032 1964 2088 Christianitatis
1987 2049 2124 2104 pro-

476 2120 567 2176 cul
600 2121 776 2178 dubio
809 2122 1063 2192 nomine,
1084 2123 1255 2195 cujus
1285 2123 1703 2195 professionem
1734 2121 2124 2177 inverecunde

478 2210 802 2267 conculcat.

548 2300 581 2355 J
588 2316 680 2355 am
710 2317 842 2356 vero
879 2300 927 2355 si
968 2302 1258 2357 sententia
1289 2305 1487 2357 nostra
1518 2318 1579 2357 se
1610 2318 1675 2357 ac
1703 2302 1958 2356 fautores
1988 2316 2127 2356 suos

471 2388 702 2459 judicat
748 2388 1054 2462 obligatos,
1087 2394 1145 2444 et
1174 2390 1329 2443 idem
1361 2407 1494 2444 cum
1527 2389 1610 2444 eis
1642 2406 1812 2461 posse
1854 2387 2074 2444 absolvi
2109 2404 2123 2442 :

478 2476 589 2532 hoc
619 2476 775 2532 enim
823 2478 1155 2550 significare
1183 2478 1482 2543 videmini,
1516 2495 1649 2534 cum
1681 2478 1931 2549 epistola
1958 2476 2129 2533 nobis

481 2565 701 2620 directa
749 2582 854 2621 nos
886 2570 1113 2621 mutare
1142 2565 1523 2633 voluntatem,
1557 2567 1870 2623 consilium
1903 2583 1969 2621 ac
1998 2583 2130 2621 sen-

482 2654 729 2709 tentiam
752 2654 966 2727 smpius
996 2654 1413 2725 exhortamini;
1443 2656 1645 2728 utique
1678 2673 1793 2711 non
1826 2653 2134 2728 praetendit

476 2742 847 2814 injustitiam,
879 2747 936 2799 et
962 2760 1089 2799 esse
1121 2743 1370 2816 alicujus
1410 2745 1689 2800 momenti
1721 2744 1976 2816 profecto
2008 2760 2129 2800 non

489 2831 741 2899 dubitat,
775 2849 901 2905 quae
930 2835 1057 2888 tum
1091 2832 1279 2904 potuit
1307 2832 1586 2905 obligare,
1619 2837 1677 2888 et
1707 2849 1741 2888 a
1770 2850 1887 2905 qua
1916 2849 1977 2888 se
2000 2848 2135 2887 cum

488 2920 821 2977 fautoribus
843 2922 970 2977 suis
988 2922 1175 2994 possit
1204 2920 1446 2991 absolvi,
1470 2922 1610 2994 quia
1631 2939 1747 2976 non
1770 2926 1968 2995 posset
1989 2920 2134 2977 obli-

484 3026 629 3083 gare
660 3010 774 3066 nisi
798 3011 982 3082 justa.
1017 3011 1161 3066 Cum
1186 3015 1380 3067 autem
1405 3011 1573 3081 justa
1602 3010 1698 3080 sit,
1724 3011 1957 3066 nonnisi
1981 3011 2139 3066 dam-

485 3103 625 3155 nato
657 3116 850 3155 errore
872 3100 1034 3171 juste
1059 3099 1390 3155 resolvitur.

556 3189 701 3262 Ergo
743 3170 995 3244 fateatur
1040 3205 1296 3244 errorem
1348 3188 1587 3243 Pbotius
1637 3205 1774 3244 cum
1808 3187 2134 3244 fautoribus
2168 3170 2211 3237 (ἶ

488 3277 634 3344 suis,
651 3277 945 3349 deponant
967 3277 1499 3349 praevaricationem
1524 3294 1727 3333 omnes
1760 3293 1905 3349 quos
1927 3276 2138 3349 ligatos

487 3370 645 3423 tenet
657 3367 821 3437 justa
849 3367 1172 3422 sententia:
1199 3367 1299 3422 sed
1332 3371 1395 3420 tu
1426 3365 1610 3421 multo
1644 3366 1854 3439 magis,
1888 3364 1972 3420 illi
2003 3365 2138 3420 cha-

519 3454 742 3523 issime,
758 3455 857 3527 qui
883 3458 1109 3511 tantum
1126 3454 1363 3526 justitia
1384 3458 1440 3509 et
1462 3455 1674 3527 pietate
1695 3459 1937 3510 cunctos
1961 3454 2139 3509 debes

487 3561 783 3617 superare,
809 3548 1098 3616 quatenus
1123 3544 1411 3599 dissoluta
1431 3543 1904 3615 praevaricatione
1927 3542 2137 3598 dissol-

484 3637 655 3688 vatur
701 3633 952 3704 quisque
999 3638 1424 3704 consequenter
1461 3640 1517 3687 et
1548 3632 1849 3688 sententiae
1898 3631 2136 3704 prolatm

485 3738 764 3789 censura;
781 3722 918 3792 quia
938 3726 993 3775 et
1011 3721 1239 3776 Natban
1264 3721 1549 3793 propheta
1572 3721 1762 3793 palam
1789 3720 2136 3793 publiceque

488 3810 548 3864 in
583 3808 728 3863 facie
778 3809 932 3880 regis
981 3810 1159 3864 David
1199 3812 1254 3864 et
1297 3808 1681 3864 commissum
1742 3808 2138 3880 pronuntiavit

480 3914 764 3971 errorem,
797 3903 855 3954 et
885 3898 1021 3970 quia
1052 3898 1159 3954 hoc
1190 3898 1314 3970 ipse
1346 3898 1721 3966 commiserit,
1749 3898 1986 3954 omnino
2018 3915 2133 3953 non

474 3976 687 4057 tacuit,
708 3989 808 4043 sed
840 3987 1203 4043 confessione
1234 3992 1559 4043 correctum
1586 3992 2012 4061 consequenter
2032 3987 2133 4042 ab-

486 4077 676 4134 solvit.
712 4077 994 4133 Praeterea
1038 4093 1152 4132 non
1200 4076 1587 4133 omittendum
1620 4094 1747 4132 esse
1778 4076 2135 4132 credidimus

487 4184 594 4223 nos
625 4182 1082 4223 commemorare
1114 4166 1402 4238 praeterito
1430 4183 1582 4221 anno
1622 4183 1725 4238 per
1753 4165 2132 4221 indictiouem

486 4256 753 4312 videlicet
799 4255 1033 4312 tertiam
1077 4255 1367 4311 decimam
1417 4254 1724 4327 epistolam
1755 4255 1867 4310 sub
1897 4255 2134 4310 nomine

484 4350 675 4402 vestro
694 4346 1106 4417 conscriptam,
1122 4361 1224 4416 per
1237 4343 1575 4399 Michaelem
1598 4343 1932 4416 protospath
1943 4343 2131 4398 arium

488 4435 857 4507 suscepisse;
891 4451 1017 4506 quae
1046 4434 1227 4488 tantis
1259 4437 1383 4488 erat
1431 4432 1623 4488 verbis
1668 4431 2129 4498 contumeliosis,

2232 1855 2502 1911 Ecclesiae
2533 1854 2850 1929 [catholica
2880 1854 3192 1926 Ecclesia],
3230 1872 3296 1911 ac
3326 1855 3709 1912 destructorum
3733 1853 3797 1909 di-

2229 1961 2531 2000 versarum
2578 1943 2874 1999 haereseon
2925 1948 3100 2015 atque
3143 1944 3507 2000 defensorum
3537 1943 3797 2000 orthodoxa

2233 2031 2369 2087 fidei
2420 2031 2820 2103 blasphemiae
2877 2031 3284 2103 aequanimiter
3336 2032 3714 2096 sustineamus,
3736 2028 3800 2086 vel

2233 2121 2410 2177 etiam
2442 2124 2618 2176 tantae
2651 2121 2829 2188 sedis,
2863 2119 2984 2177 sive
3042 2124 3163 2176 tam
3223 2120 3546 2178 excellentis
3595 2118 3801 2176 Ecclesia

2235 2211 2531 2277 Romanae,
2555 2210 2648 2265 cui
2681 2210 2797 2267 Deo
2831 2209 3194 2267 deservimus
3228 2206 3804 2278 auctore,contumelias

2237 2299 2618 2372 perferamus.

2305 2388 2543 2454 Verum,
2559 2387 2828 2460 quamvis
2851 2392 2907 2443 et
2929 2388 3000 2444 de
3021 2387 3190 2445 nobis
3206 2387 3514 2445 humiliter
3533 2387 3805 2449 sentiamus,

2237 2494 2354 2533 non
2387 2480 2608 2544 tamen,
2639 2477 2996 2533 conscientia
3015 2477 3295 2546 dictante,
3318 2494 3450 2534 vera
3486 2494 3602 2534 esse
3621 2492 3724 2548 qua
3737 2488 3808 2528 vos

2239 2568 2310 2622 de
2340 2565 2508 2622 nobis
2539 2565 2878 2638 perhibetis,
2911 2582 3317 2623 asseveramus
3343 2583 3356 2637 ;
3390 2567 3486 2622 sed
3517 2570 3574 2622 ut
3593 2564 3808 2629 diximus,

2240 2673 2308 2712 ea
2336 2659 2771 2727 postponentes,
2803 2654 2906 2710 illa
2931 2655 3126 2727 potius
3178 2672 3308 2727 quae
3337 2657 3473 2712 Jesu
3502 2653 3686 2711 Christi
3710 2653 3812 2707 sunt

2242 2744 2683 2817 investigamus.
2708 2743 2830 2799 Etsi
2852 2742 3003 2800 male
3032 2749 3314 2818 congesta
3339 2746 3601 2801 adversus
3626 2742 3728 2814 ejus
3752 2739 3810 2794 fa-

2244 2832 2456 2898 mulos,
2480 2833 2757 2889 adversus
2774 2834 2901 2905 ejus
2919 2827 3809 2904 ordinationes,adversusejusdis-

2246 2921 2565 2995 positiones
2598 2923 2716 2994 [pro
2747 2921 3148 2995 dispositione,
3184 2921 3401 2998 Hann]
3431 2920 3661 2978 stabilita
3684 2913 3810 2991 privi-

2246 3011 2397 3083 legia
2418 3011 2809 3083 reperiuntur,
2835 3010 2996 3066 nulla
3012 3011 3301 3083 patientia
3322 3009 3650 3069 toleramus:
3670 3012 3715 3063 et
3730 3020 3811 3060 non

2248 3102 2442 3158 solum
2454 3102 2575 3158 hac
2596 3103 2895 3158 destruere
2914 3102 3053 3158 totis
3074 3102 3303 3160 viribus
3324 3102 3813 3169 anhelamus,verum

2248 3191 2425 3247 etiam
2457 3190 2876 3248 conﬂatoribus
2905 3195 3079 3247 tantae
3110 3192 3509 3265 perversitatis
3536 3191 3734 3263 dignam
3755 3182 3814 3238 vi-

2247 3279 2655 3337 cissitudinem
2687 3281 2927 3336 reddere
2957 3282 3292 3338 necessario
3324 3270 3813 3340 meditamur.Nimi~

2247 3386 2379 3423 rum
2411 3385 2484 3423 ne
2516 3368 2624 3424 bos
2656 3368 2788 3441 quis
2816 3368 3140 3442 impunitos
3171 3370 3433 3439 intuens,
3465 3372 3560 3425 aut
3598 3379 3725 3422 nunc
3744 3362 3816 3417 aut

2244 3456 2441 3513 futuro
2473 3461 2736 3529 tempore
2778 3457 3052 3529 deinceps
3081 3457 3221 3513 talia
3252 3460 3563 3531 praesumat
3590 3447 3813 3527 mastigia

2246 3546 2519 3602 falsitatis
2549 3562 2914 3618 componere,
2931 3545 3018 3602 vel
3036 3552 3375 3603 commenta
3393 3541 3814 3618 blasphemiarum

2246 3635 2585 3705 hujusmodi
2617 3635 2914 3708 ﬁgmentis
2946 3635 3364 3692 contradicere.
3381 3636 3718 3707 Quapropter,
3739 3626 3815 3680 im-

2244 3727 2476 3794 perator
2505 3723 2950 3789 sublimissime,
2974 3723 3285 3796 diligenter
3316 3727 3543 3797 propter
3572 3717 3813 3777 Dominum

2244 3812 2611 3884 inquirentes
2658 3816 2833 3885 atque
2889 3817 3240 3880 scrutantes,
3280 3814 3330 3869 si
3359 3818 3547 3869 vestra
3571 3811 3706 3864 illam
3731 3818 3811 3857 non

2242 3902 2425 3957 fuisse
2447 3901 2829 3973 praeceptione
2861 3907 2982 3956 tam
3013 3918 3310 3958 cmnosam
3341 3898 3654 3958 inveneritis
3672 3890 3814 3952 confe-

2243 3994 2419 4058 ctam,
2445 3989 2562 4045 imo
2592 3990 2862 4045 toxicatis
2891 3989 3134 4062 syllabis
3163 3990 3443 4047 infectam
3473 3985 3755 4062 epistolam,
3771 3981 3817 4033 αι

2242 4079 2474 4135 interim
2498 4079 2568 4134 de
2589 4082 2672 4133 tot
2692 4078 2988 4151 praestigia
3017 4080 3341 4135 texentium
3373 4095 3535 4152 poma
3560 4081 3814 4131 taceamus.

2242 4184 2421 4239 quam
2445 4166 2529 4222 illi
2553 4166 2715 4222 vobis
2737 4167 2858 4223 zelo
2879 4168 3138 4223 veritatis
3170 4168 3551 4242 flagrantibus
3574 4160 3816 4220 involvam.

2241 4261 2318 4325 (a)
2350 4256 2615 4311 convenit
2644 4256 2852 4311 saltem
2884 4256 3064 4328 hujus
3113 4257 3275 4313 socia
3322 4260 3569 4329 accepta,
3599 4256 3650 4308 et
3672 4245 3817 4322 palam

2241 4345 2466 4399 cunctis
2519 4343 2653 4417 igne
2703 4361 2987 4401 succensa
3020 4362 3123 4417 per
3149 4344 3489 4419 augustales
3517 4344 3709 4399 vestros
3730 4339 3817 4389 tam

2241 4433 2410 4488 nobis
2441 4450 2617 4505 quam
2641 4432 2917 4489 omnibus
2938 4433 3009 4488 ad
3032 4450 3286 4506 quorum
3310 4433 3570 4490 notitiam
3594 4421 3813 4502 pervenit.

487 4524 607 4580 imo
640 4522 1022 4597 blasphemiis
1053 4538 1341 4594 respersa,
1364 4526 1430 4577 ut
1460 4522 1710 4593 scriptor
1738 4522 1866 4592 ejus
1897 4521 2132 4577 nonnisi
2162 4543 2208 4608 Β
2241 4521 2564 4577 destinatos
2624 4520 2818 4593 apices
2867 4522 3220 4594 competenti
3273 4520 3654 4579 satisfactione
3678 4531 3706 4570 a
3727 4517 3817 4608 tu!!!

484 4614 544 4669 in
575 4618 812 4687 gutture
842 4611 1064 4668 colubri
1092 4612 1383 4667 calamum
1415 4610 1661 4667 tinxisse
1690 4613 1948 4682 putetur,
1972 4614 2029 4664 et
2049 4609 2132 4664 di-

484 4702 724 4757 ctatoris
743 4701 898 4756 labia
918 4718 1020 4772 pro
1042 4700 1399 4757 dictionibus
1420 4717 1639 4755 venena
1663 4699 1885 4755 fudisse
1903 4698 2132 4754 videan-

486 4795 620 4857 tur;
647 4791 809 4855 adeo,
848 4794 911 4844 ut
942 4789 991 4844 si
1023 4789 1355 4862 cujuspiam
1385 4788 1811 4861 simpliciorum
1834 4804 1931 4843 cor
1963 4803 2132 4860 pene-

484 4883 660 4949 trent,
679 4896 789 4933 non
821 4879 975 4934 enim
1012 4878 1132 4935 haec
1162 4895 1333 4934 aures
1365 4878 1744 4950 prudentium
1777 4875 2128 4948 suscipiunt,

486 4967 643 5023 hunc
664 4969 938 5024 continuo
958 4973 1184 5032 necent,
1210 4967 1490 5023 nimirum
1522 4972 1683 5022 tanto
1717 4964 2128 5030 miserabilius,

486 5062 703 5129 quanto
725 5075 883 5112 mors
904 5058 1115 5112 animae
1137 5058 1322 5129 magis
1356 5074 1532 5128 quam
1565 5056 1821 5128 corporis
1842 5071 1946 5126 per
1964 5054 2132 5111 illum

480 5147 837 5202 virulentum
863 5146 1139 5201 haustum
1173 5146 1521 5201 admittitur.
1556 5146 1636 5201 De
1666 5149 1835 5213 cuius
1865 5143 2133 5200 immani-

482 5240 600 5292 tate
626 5234 863 5307 piaculi,
894 5234 1026 5289 licet
1054 5234 1218 5289 vobis
1247 5235 1367 5305 jam
1402 5252 1509 5289 nos
1555 5235 1863 5307 scripsisse
1912 5234 2128 5291 recola-

483 5324 857 5393 mus,eadem
884 5328 1081 5377 tamen
1109 5323 1362 5377 scribere
1391 5327 1596 5379 vestrae
1630 5322 1929 5395 sapientia;
1949 5340 2127 5392 nunc,

484 5414 628 5469 mihi
660 5413 895 5486 quidem
930 5429 1045 5467 non
1065 5410 1497 5484 pigrum,vobis
1520 5417 1716 5467 autem
1737 5417 1795 5468 et
1816 5412 2019 5468 multis
2036 5429 2131 5469 ne-

482 5503 830 5559 cessarium.

554 5592 630 5668 (a)
662 5591 875 5651 Deesse
903 5591 998 5649 hic
1023 5589 1306 5669 quiddam
1334 5589 1583 5648 videtur.

2240 4627 2508 4684 perverso
2523 4628 2699 4666 sensu
2716 4615 2772 4665 et
2784 4615 2901 4666 tam
2919 4593 3176 4683 profanis
3191 4593 3818 4673 adinventionibus,quod

2240 4716 2469 4756 asensu
2497 4704 2687 4756 vestro
2719 4717 2835 4756 non
2868 4700 3085 4756 fuerint
3133 4700 3483 4757 commentis
3522 4694 3726 4756 tradita,
3745 4698 3819 4741 v08

2239 4789 2509 4844 exhibere
2528 4806 2769 4861 prorsus
2793 4788 3109 4845 immunes.
3126 4789 3157 4845 J
3164 4807 3259 4845 am
3276 4807 3410 4845 vero
3425 4789 3471 4844 si
3483 4784 3632 4843 vobis
3644 4782 3693 4836 in
3705 4771 3818 4833 mul-

2239 4877 2314 4932 tis
2334 4876 2514 4949 hujus
2542 4878 2748 4932 mundi
2786 4877 3281 4934 sollicitudinibus
3320 4873 3609 4950 occupatis
3630 4868 3820 4935 subrep-

2240 4969 2366 5021 tum
2378 4971 2485 5035 est,
2500 4965 2717 5021 uttalia
2741 4966 2992 5022 scribere
3014 4968 3393 5036 mandareti’s,
3408 4983 3481 5021 ne
3501 4963 3672 5037 pigeat
3682 4958 3818 5049 clem-

2241 5054 2459 5110 entiam
2480 5059 2732 5110 vestram
2746 5054 2853 5111 hoc
2875 5055 3049 5110 etiam
3069 5054 3264 5128 ipsum
3284 5052 3581 5111 humiliter
3592 5044 3817 5105 conﬁteri.

2239 5144 2535 5217 etlegibus
2548 5144 2755 5200 vestris
2769 5144 3184 5217 uthujusmodi
3219 5145 3439 5217 scripta
3462 5139 3666 5197 nullius
3685 5130 3818 5189 babe-

2240 5237 2413 5289 antur
2425 5234 2726 5302 momenti,
2742 5233 3048 5289 decernere
3065 5251 3078 5289 :
3095 5233 3178 5289 ita
3189 5237 3254 5290 ut
3263 5249 3444 5306 penes
3465 5244 3626 5304 quem
3647 5220 3820 5294 ιερθηι

2242 5322 2478 5389 fuerint,
2500 5322 2793 5394 impunito
2815 5338 2932 5378 non
2954 5322 3252 5391 evadente,
3278 5321 3467 5394 ipsius
3486 5317 3820 5391 quoquest‘lle

2238 5416 2571 5468 memoratae
2589 5428 2656 5467 ac
2674 5428 2905 5485 semper
2921 5413 3285 5468 exsecranda:
3304 5407 3558 5483 epistolae
3576 5401 3655 5460 vel
3674 5408 3820 5455 exem-

2237 5501 2414 5576 plaris
2427 5502 2555 5575 ejus
2570 5499 2761 5574 apices
2781 5501 3148 5559 tntemeratis
3164 5518 3267 5578 pro
3286 5496 3600 5558 reverentia
3639 5497 3824 5547 manen-
