4036 6132
402 261 557 324 1043

1770 209 2082 323 NICOLAI
2121 258 2352 322 pApA'i
2392 258 2442 322 ι.

3602 261 3734 325 1044

399 393 606 467 Ignatii
639 398 777 450 sunt
807 393 1089 466 dignitate
1139 395 1452 458 destructa,
1488 397 1543 448 et
1584 393 1654 449 de
1684 393 1777 448 his
1809 409 1936 465 quae
1968 394 2038 448 ad
2070 395 2124 460 Α
2155 391 2333 459 cium,
2369 393 2426 447 in
2460 409 2576 466 quo
2609 397 2741 448 ante
2773 392 3099 464 pavendum
3131 391 3334 448 Christi
3355 391 3449 448 Dei
3478 396 3739 452 nostritri-

399 484 658 542 officium
689 484 1076 556 patriarcbale
1105 483 1418 556 pertinent,
1447 499 1480 538 a
1509 499 1759 556 persona
1788 481 2046 555 qualibet

401 573 783 629 irreverenter
812 572 1030 629 evulsa.

475 661 608 717 Jam
639 677 772 716 vero
803 661 851 716 si
882 659 968 717 vel
1004 659 1252 733 peccatis
1290 659 1765 732 impedientibus,
1797 660 1885 716 vel
1918 677 2046 733 per-

405 751 590 806 versis
612 749 948 806 hominibus
962 748 1575 816 suadentibus,missis
1601 749 2048 804 imminentibus

407 839 645 904 nostris,
676 841 827 911 quod
862 839 1105 895 suadere
1135 839 1299 894 vobis
1330 839 1508 894 etiam
1531 838 1603 892 ad
1627 836 2050 911 imperiivestri

409 929 742 984 felicitatem
776 927 1041 992 nitimur,
1075 945 1190 984 non
1222 927 1618 999 ducitis,quod
1651 925 2052 1001 gementesdi-

410 1019 620 1083 cimus,
653 1017 1115 1089 adimplendum,
1152 1021 1210 1072 et
1237 1016 1638 1083 dilationibus,
1674 1016 1816 1088 prob
1849 1015 2048 1070 dolori

410 1107 602 1164 solum
635 1105 947 1163 decernitis
988 1107 1108 1162 fore
1157 1107 1552 1173 studendum;
1587 1106 1734 1161 seire
1782 1104 2053 1161 volumus

411 1195 808 1252 excellentiam
839 1200 1091 1250 vestram
1125 1195 1403 1267 quoniam
1455 1195 1524 1250 de
1563 1211 1812 1266 persona
1843 1194 2053 1266 lgnatii

412 1289 586 1356 atque
616 1283 826 1352 Pbotii,
859 1285 930 1340 de
962 1301 1212 1356 quorum
1246 1283 1441 1355 agitur
1470 1282 1879 1350 controversia,
1911 1281 2056 1338 nihil

414 1374 725 1430 discretius
753 1378 927 1446 atque
958 1373 1185 1438 mitius,
1220 1389 1443 1427 necnon
1492 1376 1549 1427 et
1575 1371 1870 1428 salubrius
1901 1372 2057 1428 arbi-

412 1467 640 1519 tramur
667 1480 846 1536 quam
867 1467 931 1518 ut
958 1466 1202 1534 uterque
1220 1461 1291 1516 ad
1307 1461 1549 1516 Romam
1565 1461 1636 1517 ad
1659 1461 2057 1518 renovandum

414 1569 676 1619 examen,
711 1553 863 1624 quod
893 1556 1088 1607 tamen
1123 1551 1446 1606 secundum
1477 1550 1903 1624 indulgentiam
1924 1567 2058 1622 pro-

415 1640 729 1708 mittimus,
762 1645 959 1694 tenore
990 1655 1056 1693 ac
1085 1637 1287 1694 ordine
1320 1655 1432 1710 quo
1464 1639 1592 1708 jam
1623 1639 1787 1694 vobis
1819 1656 1921 1711 per
1953 1639 2058 1694 Mi-

2156 481 2336 538 bunal
2370 499 2576 538 omnes
2605 481 3017 550 astabimus,et
3045 481 3364 538 districtam
3392 483 3644 540 reddituri
3657 503 3738 541 su-

2158 588 2291 627 mns
2322 587 2426 644 pro
2459 571 2687 628 meritis
2719 571 3025 640 rationem,
3052 587 3155 626 vos
3189 571 3534 641 adiuramus,
3554 575 3604 628 et
3627 574 3741 630 totis

2157 661 2490 733 praecordiis
2530 660 2930 726 obsecramus,
2959 664 3026 716 ut
3070 658 3286 716 eisdem
3338 659 3520 716 missis
3563 664 3744 720 nostris

2159 751 2314 822 apud
2345 763 2446 805 vos
2476 749 2683 822 positis
2712 748 2936 804 nullam
2968 748 3289 816 laesionem,
3311 748 3394 804 vel
3422 765 3545 804 cum
3573 752 3744 807 reverti

2158 838 2292 894 inde
2321 837 2628 904 voluerint,
2653 838 3021 894 obstaculum
3043 837 3327 906 inferatis,
3360 853 3534 910 neque
3569 838 3746 896 inferre

2163 925 2343 982 alium
2374 926 2702 998 quemlibet
2733 926 3084 999 permittatis
3107 927 3268 998 :quin
3299 927 3481 998 potius
3506 945 3537 982 a
3558 929 3747 984 cunctis

2162 1015 2576 1072 insidiatorum
2611 1015 3012 1072 molitionibus
3032 1031 3132 1071 eos
3153 1016 3464 1088 intrepidos
3483 1021 3749 1073 et'securos

2163 1105 2437 1162 reddatis.
2473 1107 2770 1170 Quatenus
2801 1103 2916 1159 illis
2946 1104 3018 1159 ad
3050 1121 3178 1170 nos,
3209 1105 3315 1160 etsi
3361 1109 3592 1160 vestram
3617 1105 3750 1161 vobis

2164 1193 2412 1251 salutem
2445 1194 2692 1249 suadere
2723 1197 2989 1265 possunt,
3023 1193 3355 1248 efﬁcacibus
3401 1193 3749 1259 redeuntibus,

2166 1283 2392 1340 cunctis
2409 1282 2683 1355 gentibus
2701 1286 2894 1355 pateat
2910 1285 3194 1354 quantum
3207 1282 3388 1338 Deum
3404 1286 3751 1338 coronatorem

2163 1376 2446 1441 vestrum,
2468 1387 2570 1444 pro
2602 1372 2773 1443 cujus
2805 1370 3070 1426 Ecclesia;
3095 1387 3235 1444 pace
3256 1375 3426 1443 atque
3451 1371 3754 1427 correctione

2167 1459 2457 1533 legatione
2485 1459 2776 1532 perfuncti
2807 1463 2964 1528 sunt,
2998 1459 3293 1516 bonoretis
3317 1464 3393 1516 :et
3411 1465 3665 1531 quantam
3692 1477 3755 1515 re-

2166 1549 2483 1605 verentiam
2517 1548 2847 1620 principum
2879 1547 3297 1620 apostolorum,
3330 1565 3364 1603 a
3391 1565 3621 1621 quorum
3647 1549 3753 1604 sede

2173 1638 2414 1712 profecti
2443 1643 2605 1706 sunt,
2640 1655 2756 1710 pra
2787 1636 2972 1692 oculis
3017 1637 3302 1693 habeatis.
3351 1637 3627 1710 Siquidem
3653 1654 3752 1704 nos,

415 1728 675 1784 chaelem
707 1727 1240 1800 protospatharium
1274 1726 1950 1800 signiﬁcavimus,vestro
1982 1728 2061 1783 fa-
2091 1764 2140 1829 Β
2171 1745 2203 1783 o
2233 1725 2722 1799 tranquillissime
2747 1726 3084 1798 imperator,
3109 1725 3241 1782 illos
3273 1743 3385 1782 non
3416 1727 3484 1782 ad
3513 1727 3752 1800 synodum

413 1835 548 1873 vore
578 1818 787 1885 veniat,
819 1817 900 1872 ita
931 1821 996 1872 ut
1029 1817 1310 1890 lgnatius,
1346 1816 1447 1889 qui
1479 1817 1639 1872 omni
1681 1822 1771 1873 est
1803 1817 2059 1873 humano

414 1907 729 1962 destitutus
761 1905 995 1974 auxilio,
1031 1906 1526 1978 quemadmodum
1556 1906 1752 1962 venire
1769 1907 1955 1962 valeat
1969 1924 2060 1963 ve-

415 1999 534 2051 stro
567 2013 669 2068 pro
701 1995 913 2052 Christi
935 2011 1131 2050 amore
1153 1994 1362 2050 collato
1385 1994 1496 2050 sibi
1519 1995 2059 2067 fulciatjuvamine.

414 2085 545 2141 Jam
578 2103 708 2140 vero
743 2085 789 2140 si
810 2085 1065 2156 epistolae
1084 2101 1186 2156 per
1206 2086 1477 2139 eumdem
1502 2083 1756 2156 legatum
1778 2093 2059 2152 vestrum,

416 2193 450 2230 a
480 2193 593 2248 quo
623 2174 786 2230 vobis
817 2175 989 2230 modo
1017 2173 1210 2229 delata
1230 2190 1344 2228 non
1377 2176 1484 2240 est,
1505 2177 1765 2229 tenorem
1797 2174 1885 2229 vel
1907 2174 2063 2230 ordi-

415 2280 550 2318 nem
583 2279 699 2334 quo
732 2261 986 2316 diximus
1017 2259 1470 2332 praenominatas
1500 2275 1778 2331 personas
1819 2261 2064 2316 Romam

425 2354 544 2408 fore
574 2357 850 2406 venturas
880 2349 1026 2405 scire
1077 2348 1311 2421 cupitis,
1345 2366 1379 2403 a
1432 2349 1818 2420 presentibus
1867 2349 2065 2406 missis

424 2441 639 2496 nostris
670 2439 965 2510 exigite,et
996 2437 1152 2492 hunc
1184 2454 1354 2492 nosse
1381 2436 1547 2508 plene
1576 2437 2066 2510 valebitis.Siqui-

423 2532 556 2586 dem
585 2529 703 2584 illis
726 2527 1078 2600 exemplaria
1097 2526 1478 2598 epistolarum
1503 2543 1650 2598 quas
1671 2526 2067 2599 magnitudini

420 2624 644 2685 vestra,
677 2634 900 2674 necnon
944 2615 1146 2671 Photio
1178 2632 1280 2687 per
1329 2614 1732 2671 Rhadoaldum
1765 2620 1822 2670 et
1851 2615 2066 2672 Zacha-

421 2709 567 2764 riam
601 2713 740 2763 tunc
771 2706 1072 2778 episcopos
1123 2704 1463 2770 direximus,
1515 2705 1731 2776 scripta
1762 2722 1864 2778 pro
1889 2704 2066 2761 colla-

418 2799 576 2854 tione
607 2815 741 2852 cum
793 2793 1143 2852 authenticis
1189 2794 1455 2849 facienda
1509 2793 1896 2849 tradidimus:
1931 2811 2065 2849 cum

419 2887 635 2960 quibus
665 2885 840 2942 etiam
875 2881 1230 2955 exemplaria
1247 2880 1807 2954 epistolarum,quas
1826 2883 1988 2938 vobis
2012 2887 2069 2938 et

420 2976 623 3034 Photio
655 2992 756 3047 per
786 2975 1036 3028 Leonem
1070 2989 1104 3027 a
1147 2970 1386 3027 secretis
1432 2969 1726 3038 misimus,
1759 2976 1815 3027 et
1863 2971 2064 3043 hujus,

422 3081 599 3138 quam
632 3081 734 3136 per
763 3059 1102 3117 Michaelem
1147 3059 1683 3132 protospatharium
1744 3077 1850 3116 nos
1882 3061 2066 3116 desti-

2170 1814 2578 1871 celebrandam
2607 1814 3050 1880 destinavimus,
3079 1831 3194 1870 non
3225 1816 3297 1871 ad
3328 1813 3454 1872 lites
3481 1820 3533 1871 et
3557 1821 3754 1871 conten-

2169 1905 2359 1960 tiones
2413 1904 2752 1960 excitandas
2792 1904 3135 1960 direximus.
3192 1904 3422 1960 Scimus
3466 1904 3608 1960 enim
3633 1903 3752 1976 quod

2172 1994 2411 2050 docente
2441 1993 2736 2066 Apostolo,
2766 2010 2983 2048 servum
3012 1994 3234 2049 Domini
3277 2011 3383 2050 non
3428 2002 3644 2066 oporteat
3666 1994 3754 2048 liti-

2170 2100 2302 2154 gare
2334 2085 2407 2152 (II
2433 2085 2565 2138 Tim.
2602 2086 2665 2151 ιι)
2692 2101 2705 2150 ;
2741 2083 2842 2138 sed
2874 2082 2983 2138 hoc
3012 2087 3202 2138 totum
3237 2088 3328 2139 est
3357 2100 3455 2156 pro
3499 2099 3602 2155 quo
3621 2081 3754 2137 misi-

2173 2189 2326 2240 mus,
2359 2170 2626 2227 videlicet
2658 2175 2740 2234 ut,
2776 2176 3004 2227 servata
3025 2171 3352 2244 apostolicae
3384 2172 3531 2228 sedis
3559 2171 3757 2228 auctori-

2173 2261 2312 2317 tatis
2342 2259 2683 2327 reverentia,
2708 2260 3192 2316 restaurationem
3227 2261 3478 2318 Ecclesia
3495 2260 3758 2317 Constanti-

2175 2349 2514 2422 nopolitana
2555 2353 2745 2405 status
2789 2349 3050 2421 recipiat,
3084 2355 3140 2404 et
3187 2367 3302 2422 pax
3355 2355 3412 2406 et
3461 2349 3758 2407 unanimitas

2175 2438 2397 2495 sanctis
2426 2437 2699 2494 Ecclesiis
2729 2442 2787 2494 et
2815 2438 3059 2510 imperio
3079 2443 3272 2495 vestro
3314 2441 3592 2504 reddatur,
3621 2444 3758 2508 atque

2177 2526 2494 2600 perpetuis.
2526 2526 2641 2582 Deo
2681 2527 2951 2600 propitia,
3001 2528 3370 2599 temporibus
3415 2527 3756 2592 custodiatur;

2176 2632 2400 2672 necnon
2432 2619 2490 2672 et
2527 2631 2742 2672 nomen
2795 2620 3055 2670 vestrum
3110 2616 3358 2674 diutinis
3403 2634 3466 2673 ac
3518 2614 3758 2690 prosperis

2175 2709 2398 2760 crescat
2426 2703 2890 2760 successibus.Et
2910 2706 3408 2777 quemadmodum
3432 2706 3636 2779 piorum
3653 2719 3758 2776 pre-

2175 2794 2507 2850 cedentium
2538 2795 2935 2866 Augustorum
2951 2793 3117 2850 miris
3130 2795 3228 2851 hic
3263 2801 3391 2869 post
3411 2797 3575 2852 funus
3593 2808 3757 2866 praeco-

2176 2882 2292 2939 niis
2316 2881 2637 2948 attollatur,
2670 2887 2728 2938 et
2756 2881 2816 2936 in
2848 2882 3007 2938 caelis
3038 2884 3240 2939 aeterni
3273 2885 3432 2957 regni
3457 2879 3757 2940 beatitudine

2175 2973 2525 3045 perfruatur.
2557 2971 2831 3043 Alioquin
2863 2972 3186 3028 secundum
3217 2973 3757 3047 Apostolum,verbum

2177 3063 2272 3117 Dei
2297 3077 2409 3116 non
2437 3068 2516 3117 est
2562 3061 2855 3129 alligatum
2886 3061 2956 3128 (II
3003 3062 3136 3117 Tim.
3180 3063 3286 3133 n);
3320 3063 3417 3135 qui
3461 3077 3643 3118 rursus
3667 3059 3755 3114 ait:

422 3123 593 3212 dasse
625 3123 1018 3225 praediximus,
1045 3123 1243 3205 secum
1266 3123 1651 3204 nihilominus
1682 3149 2062 3206 deferendum
2095 3123 2137 3189 Ο
2178 3151 2336 3207 Vivus
2364 3151 2510 3206 enim
2541 3157 2618 3205 est
2640 3123 2744 3206 Dei
2789 3123 2966 3205 δεήηο
3012 3158 3064 3206 et
3098 3123 3408 3222 efﬁcaxer
3430 3148 3760 3224 pmetrabilior

422 3242 801 3300 contulimus.

491 3333 667 3388 Juxta
696 3345 832 3400 ergo
864 3332 1123 3384 tenorem
1157 3331 1213 3382 et
1235 3326 1496 3382 ordinem
1521 3343 1636 3398 quo
1651 3327 1919 3399 praefatas
1940 3344 2065 3400 per-

421 3440 596 3478 sonas
626 3419 696 3475 ad
731 3417 1060 3474 iterandum
1077 3416 1372 3487 judicium
1422 3416 1536 3472 huc
1584 3415 1781 3472 venire
1807 3417 2063 3472 decrevi-

421 3529 574 3577 mus,
603 3509 781 3564 latius
809 3523 985 3578 sagax
1029 3504 1319 3560 industria
1359 3509 1550 3560 vestra
1587 3505 1852 3576 reperiet,
1888 3523 2062 3577 quem

419 3618 526 3656 nos
554 3599 611 3653 in
643 3598 750 3652 hac
783 3595 1084 3650 fastidium
1117 3591 1465 3665 prolixitatis
1495 3593 2063 3666 declinantes,repli-

418 3705 549 3743 care
579 3684 922 3755 refugimus.
957 3682 1056 3736 His
1087 3682 1286 3752 igitur,
1320 3680 1642 3752 inspirante
1689 3681 1826 3749 Deo,
1859 3682 1940 3738 ita
1967 3701 2061 3740 ve-

417 3782 550 3832 strae
583 3770 912 3828 serenitatis
945 3769 1188 3824 auribus
1243 3768 1550 3834 intimatis,
1582 3769 1727 3824 sciat
1757 3787 1790 3824 a
1822 3771 2064 3829 Domino

416 3861 756 3919 redimitum
790 3857 1099 3930 imperium
1131 3861 1387 3912 vestrum
1414 3857 1626 3914 missos
1651 3858 1762 3914 sibi
1794 3877 2063 3932 aproesu-

418 3953 538 4008 latu
571 3953 790 4014 nostro,
825 3947 942 4002 Deo
972 3950 1206 4001 auctore
1237 3945 1878 4014 destinatos,Donatum
1901 3951 2063 4007 vide-

417 4041 552 4098 licet
581 4035 1130 4094 reverendissimum
1162 4039 1219 4090 et
1249 4035 1684 4091 anctissimum
1731 4043 1941 4094 sancta:
1966 4040 2066 4096 Ec-

419 4129 606 4186 clesia:
633 4126 916 4184 Ostiensis
947 4125 1312 4195 episcopum,
1351 4128 1410 4178 et
1454 4123 1759 4197 religiosos
1798 4145 1863 4183 ac
1895 4145 2062 4185 vene-

421 4218 634 4275 rabiles
665 4219 876 4270 sanctae
899 4214 1172 4268 Romanae
1199 4211 1464 4267 Ecclesiae
1489 4213 1738 4270 Leonem
1760 4215 1912 4271 tituli
1936 4235 2065 4273 san-

418 4308 495 4364 cti
527 4304 740 4362 Christi
771 4301 1044 4374 martyris
1098 4300 1412 4368 Laurentii,
1445 4301 1544 4374 qui
1594 4302 1923 4374 appellatur
1952 4305 2066 4362 Da-

421 4395 592 4464 masi,
627 4393 1049 4466 presbyterum,
1083 4393 1260 4461 atque
1281 4390 1572 4445 Marinum
1605 4391 1934 4462 apostolicae
1967 4412 2063 4452 no-

2171 3241 2324 3296 omni
2349 3239 2532 3308 gladio
2563 3240 2872 3310 ancipiti,et
2879 3240 3194 3310 pertingens
3205 3257 3377 3313 usque
3402 3241 3470 3296 ad
3495 3240 3759 3295 divisionem

2171 3330 2380 3386 animae
2406 3344 2471 3383 ac
2499 3329 2760 3400 spiritus;
2781 3344 3103 3400 compagum
3119 3345 3332 3402 quoque
3346 3347 3409 3386 ac
3431 3329 3758 3388 medullarum,

2171 3426 2223 3474 et
2251 3418 2510 3473 discretor
2529 3419 2923 3486 cogitationum
2951 3425 3003 3473 et
3031 3420 3397 3474 intentionum
3433 3419 3593 3475 cordis
3610 3416 3755 3486 (Hebr.

2171 3511 2392 3578 1v);quo
2410 3506 2498 3561 usi
2517 3523 2622 3561 nec
2635 3505 3165 3572 inobedientes,nsc
3177 3502 3758 3564 adversantesEcclesie

2171 3595 2293 3661 Dei,
2327 3611 2431 3650 nec
2465 3594 2798 3650 molestiam
2832 3595 3148 3652 inferentes
3192 3597 3431 3653 famulis
3470 3599 3586 3668 ejus
3603 3592 3756 3649 dimit-

2173 3690 2294 3741 tere
2324 3700 2560 3756 quoquo
2595 3684 2767 3739 modo
2801 3683 3124 3756 poterimus
3155 3684 3499 3758 impunitos.
3519 3686 3616 3755 Qui
3640 3680 3760 3736 habet

2171 3789 2330 3830 aures
2362 3772 2625 3828 audiendi
2652 3772 2849 3827 audiat
2880 3773 3088 3841 (Matth.
3139 3777 3240 3842 x1).
3281 3776 3413 3840 Quae
3459 3791 3556 3830 nos
3583 3769 3754 3834 omnis,

2170 3863 2307 3918 licet
2339 3859 2832 3932 strictim,idcirco
2864 3860 3118 3917 dicimus
3149 3866 3206 3918 et
3236 3863 3776 3936 satsgimus,necnonv

2172 3957 2228 4008 et
2257 3951 2567 4023 diligenter
2595 3949 3062 4022 exsequimur,ut
3086 3949 3343 4022 plurima
3363 3960 3757 4009 commemorare

2172 4038 2706 4114 praetermittamus.
2743 4038 2952 4106 Primo,
2974 4044 3040 4093 ut
3067 4043 3149 4109 zne
3182 4057 3294 4097 nos
3324 4042 3394 4097 de
3422 4039 3607 4096 talenti
3633 4050 3757 4092 acce-

2173 4131 2390 4203 ptione,
2425 4145 2602 4201 quam
2634 4126 2693 4182 in
2726 4126 3158 4200 privilegiorum
3191 4130 3517 4202 quantitate
3543 4123 3756 4200 percepi-

2173 4236 2307 4274 mus
2337 4217 2682 4282 districtam,
2715 4217 2764 4272 si
2796 4216 2946 4289 pigri
2977 4217 3550 4290 reperiamur,coram
3571 4227 3757 4272 summo

2164 4307 2367 4379 judice
2395 4322 2695 4378 cogamur,
2726 4305 2966 4362 reddere
2997 4307 3304 4363 rationem.
3332 4307 3600 4372 Secundo,
3631 4320 3689 4358 ne
3713 4303 3756 4356 in

2173 4392 2481 4467 irregulari
2513 4393 2834 4464 dejectione
2884 4394 3114 4467 Ignatii,
3159 4395 3580 4453 consacerdotis
3613 4389 3755 4448 nostri

422 4490 552 4540 strse
578 4481 734 4538 sedis
763 4481 1244 4549 diaconem,quos
1276 4477 1526 4549 benigne
1547 4477 1854 4536 clementia
1875 4487 2065 4539 vestra
2092 4489 2139 4553 Ι)
2169 4489 2226 4540 et
2258 4482 2477 4548 fratris,
2509 4481 2599 4537 vel
2629 4482 2690 4536 in
2735 4483 3098 4553 promotione
3146 4484 3338 4541 Photii
3382 4500 3597 4557 quoquo
3621 4479 3756 4536 modo

421 4571 772 4643 suscipiens,
809 4572 1009 4639 utpote
1041 4566 1382 4622 Christianae
1416 4564 1716 4638 religionis
1739 4567 1970 4638 cultrix,
2005 4572 2064 4628 in

421 4661 698 4716 omnibue
729 4657 819 4730 pie
849 4660 1076 4721 tractet,
1109 4659 1166 4710 et
1193 4655 1444 4710 intactos
1465 4655 1725 4726 quandiu
1755 4674 1856 4714 vos
1885 4677 2064 4732 penes

422 4750 872 4813 remorantur,et
893 4745 1198 4800 indemnes
1229 4760 1472 4816 prorsus
1504 4760 1739 4800 manere
1760 4746 2059 4806 decernat:

424 4836 565 4907 quin
599 4839 654 4890 et
679 4834 900 4890 aditum
932 4832 1229 4902 simulque
1255 4831 1450 4887 locum
1471 4849 1597 4903 quae
1629 4831 1893 4904 injuncta
1923 4843 2064 4896 sunt

422 4921 725 4988 sibi,vobis
755 4921 994 4977 licenter
1021 4919 1342 4992 exponendi
1367 4935 1692 4992 congruum
1715 4921 1799 4978 eis
1820 4941 1886 4980 ac
1907 4927 2068 4982 sufﬁ-

421 5012 670 5068 cientem
701 5009 986 5082 impartiri
1020 5008 1312 5081 dignetur.
1346 5007 1557 5080 Sicque
1577 5009 1816 5066 demum
1849 5012 1908 5067 in
1939 5015 2064 5086 qui-

420 5101 533 5158 bus
566 5100 720 5154 Deus
748 5097 1039 5163 annuerit,
1063 5102 1120 5151 et
1149 5095 1306 5151 cordi
1331 5101 1520 5152 vestro
1551 5097 2062 5170 impetraverit,or-

420 5189 660 5254 dinatis,
695 5186 905 5241 illesos
935 5185 1007 5240 ad
1041 5201 1146 5240 nos
1172 5184 1438 5255 protinus
1463 5202 1562 5241 eos
1583 5190 1639 5241 et
1665 5187 1886 5260 absque
1917 5206 2065 5261 qua-

420 5278 564 5333 libet
595 5275 946 5348 impediente
978 5272 1248 5328 molestia
1276 5273 1463 5329 redire
1493 5275 1666 5330 sinat.

490 5366 599 5420 Sed
634 5362 912 5435 quoniam
946 5361 1002 5416 in
1051 5360 1151 5416 Dei
1203 5360 1624 5432 omnipotentis
1655 5364 1888 5420 servitio
1918 5366 2057 5422 diri-

416 5459 658 5522 guntur,
693 5470 794 5523 per
826 5450 1012 5523 ipsius
1035 5447 1291 5505 terribile
1348 5465 1583 5518 nomen,
1616 5455 1769 5523 quod
1803 5454 2057 5512 Trinitas

416 5544 504 5594 est
534 5539 940 5612 inseparabilis
965 5564 980 5608 ς
1011 5543 1066 5596 et
1096 5554 1200 5610 per
1227 5537 1582 5594 horrendum
1613 5540 1875 5598 divinum
1899 5544 2060 5613 judi-

2176 4569 2544 4629 consensisse
2573 4573 2868 4641 putemur.
2917 4571 3132 4638 Tertio,
3166 4589 3238 4628 ne
3265 4571 3621 4630 sacerdotalis
3647 4567 3756 4624 ordo

2174 4666 2294 4716 tam
2324 4657 2712 4733 ignominioso
2743 4657 3002 4726 vilescat,
3036 4665 3102 4715 ut
3149 4661 3380 4718 Domini
3427 4658 3592 4717 nostri
3621 4661 3669 4714 et
3686 4671 3758 4712 sa-

2173 4764 2338 4806 crum
2351 4763 2564 4819 corpus
2574 4747 2701 4818 ejus
2711 4751 3230 4823 tractantes,atque
3253 4751 3447 4807 Sancti
3467 4753 3756 4806 sanctorum

2172 4839 2300 4909 ejus
2329 4835 2617 4892 velamina
2645 4840 3100 4907 penetrantes,et
3116 4839 3402 4912 praecipue
3431 4849 3698 4895 summum
3711 4831 3756 4886 in

2173 4924 2407 4981 dioecesi
2438 4941 2546 4980 sua
2575 4922 2767 4980 locum
2790 4924 3128 4994 retinentes,
3160 4931 3279 4983 tam
3312 4927 3476 4984 facile
3504 4928 3567 4982 de
3593 4926 3756 4980 cetero

2175 5012 2640 5086 impellantur,et
2667 5030 2702 5069 a
2717 5012 3056 5086 vulgaribus
3078 5017 3410 5090 quibusque
3431 5033 3494 5073 ac
3518 5007 3755 5070 inferiori-

2172 5103 2284 5158 bus
2309 5100 2686 5168 suis,necnon
2716 5106 2775 5157 et
2804 5100 2970 5159 laicis
3000 5109 3462 5176 prosternantur,
3492 5108 3545 5160 et
3577 5102 3756 5168 absqus

2173 5191 2288 5248 ullo
2317 5189 2581 5246 examine
2612 5193 2714 5246 aut
2727 5192 3102 5263 comprobato
3115 5194 3357 5250 crimine
3371 5193 3544 5268 gradu
3565 5183 3755 5262 proprio

2170 5283 2228 5333 et
2257 5277 2510 5334 Ecclesia
2540 5295 2648 5334 sua
2677 5278 3524 5356 priventur.Quarto,quoniam
3553 5273 3755 5334 manife-

2169 5371 2326 5423 stum
2359 5369 2448 5422 est
2478 5365 2747 5438 qualiter,
2785 5369 2921 5424 sede
2951 5371 3268 5442 apostolica
3295 5371 3355 5426 in
3395 5365 3631 5441 Gregorii
3673 5362 3752 5431 Sy-

2168 5455 2440 5512 racusani
2471 5460 2529 5510 et
2557 5455 2850 5512 sociorum
2867 5459 2997 5530 ejus
3024 5459 3397 5517 damnatione
3417 5475 3525 5514 non
3551 5465 3752 5510 consen-

2167 5544 2364 5612 tiente,
2397 5543 2508 5616 ipsi
2541 5543 2715 5600 modo
2747 5561 2921 5616 quem
2954 5547 3324 5620 pradiximus
3352 5547 3424 5605 ad
3470 5544 3580 5602 hec
3622 5533 3751 5594 exci-
