4036 6132
205 335 367 403 10δῦ
1417 338 1825 404 ΕΡῙΒΤΟΙΔΞ

2009 340 2397 406 DECRETA.
3452 341 3610 408 1046

200 475 385 530 tande
406 472 762 530 surrexerint
788 490 801 529 :
826 476 881 530 et
902 489 1058 531 nunc
1081 472 1194 530 nisi
1221 491 1328 530 nos
1349 474 1470 530 haec
1493 475 1854 548 corrigamus
1885 476 1938 542 Α
1967 475 2102 530 bilis
2125 477 2303 532 frater
2323 482 2380 533 et
2401 476 2778 551 coepiscopus
2800 482 2997 536 noster
3013 476 3273 553 Ignatius
3287 477 3611 536 Constanti-
3684 403 3704 558 ί

200 565 292 622 vel
326 564 946 637 puniamus,veremur
975 581 1046 620 ne
1077 564 1244 622 nobis
1292 566 1602 638 deputetur
1639 565 1699 620 in
1731 565 1852 621 cul-
1966 565 2362 638 nopolitanam
2388 567 3237 640 regeretEcclesiam,asanctae
3255 569 3612 626 communio-
3668 559 3686 640 /

197 671 358 730 pam.
383 653 673 711 Nimirum
706 653 807 726 qui
837 670 1204 712 successores
1235 671 1444 711 sumus
1475 672 1677 712 eorum
1711 672 1853 728 quo-
1963 654 2057 711 nis
2087 655 2528 729 participatione
2550 662 2754 713 contra
2784 657 3017 731 regulas
3044 657 3427 715 avertentium
3450 661 3613 730 parte
3660 641 3670 698 ί

198 762 336 802 rum
365 743 480 817 ipsi
508 742 869 816 benignitate
900 742 1092 813 abusi,
1117 743 1254 800 licet
1283 744 1453 801 nobis
1484 743 1852 813 inconsultis,

198 835 275 890 ad
306 834 422 889 ista
451 831 708 906 prolapsi
731 836 890 889 sunt.
917 832 1148 900 Quinto,
1172 850 1245 890 ne
1266 834 1464 908 ipsum
1485 850 1718 907 quoque
1747 835 1856 890 im-

197 923 431 996 perium
461 926 742 992 vestrum,
766 921 855 978 vel
905 939 1313 980 successorum
1361 928 1686 980 vestrorum
1733 928 1853 980 tam

197 1013 406 1069 leviter
436 1012 716 1067 adversus
756 1011 1044 1068 Ecclesiae
1081 1012 1181 1068 Dei
1211 1012 1298 1068 vel
1339 1013 1617 1085 praesules
1651 1030 1854 1070 eorum

198 1118 470 1176 perverse
502 1099 899 1174 suggestionis
931 1101 1169 1156 ﬂatibus
1200 1105 1696 1158 commoveantur.

273 1190 438 1248 Unde
487 1190 765 1263 pietatem
794 1193 1049 1247 vestram
1107 1191 1504 1260 obsecramus,
1555 1195 1612 1247 et
1659 1208 1855 1248 coram

197 1281 317 1338 Deo
341 1284 399 1336 et
415 1279 638 1336 sanctis
661 1278 884 1352 angelis
906 1279 1033 1350 ejus
1051 1267 1468 1352 contestamur,
1484 1284 1548 1336 ut
1569 1281 1856 1338 obediatis

197 1369 394 1437 nobis,
421 1372 480 1426 et
509 1385 616 1425 nos
645 1368 706 1424 in
737 1367 846 1423 hac
876 1367 994 1424 vita
1023 1368 1220 1440 potius
1243 1369 1445 1425 audire
1477 1369 1691 1425 curetis
1722 1369 1856 1426 hor-

194 1462 394 1515 tantes
426 1462 599 1529 atque
625 1461 918 1530 rogantes,
945 1473 1122 1530 quam
1145 1457 1383 1514 beatum
1408 1459 1641 1516 Petrum
1664 1459 1860 1516 coales-

193 1548 274 1604 tis
305 1546 472 1620 regni
493 1545 847 1618 clavigerum
869 1545 928 1601 in
952 1546 1148 1602 futuro
1171 1546 1439 1603 sentiatis
1461 1553 1860 1618 accusantem,

195 1641 375 1709 atque
405 1636 805 1691 damnantem.
841 1635 988 1691 Nam
1030 1635 1080 1690 si
1114 1636 1284 1692 nobis
1332 1654 1448 1692 non
1499 1637 1857 1707 obedieritis,

192 1727 322 1799 ipse
355 1722 774 1790 contemnitur,
806 1725 977 1796 cujus
1005 1724 1159 1780 vices
1191 1729 1495 1798 gestamus
1527 1730 1583 1782 et
1620 1726 1866 1786 auctori-

195 1821 316 1875 tate
347 1815 697 1913 clamamus:
724 1812 969 1916 Dorro‘si
989 1813 1157 1914 illum
1189 1815 1584 1916 contemnitis,
1605 1816 1716 1888 ipsi
1731 1818 1856 1887 jam
1888 1852 1934 1916 Β

195 1905 564 1964 considerate
594 1902 694 1974 qui
728 1903 799 1958 de
837 1901 1002 1958 vobis
1034 1901 1162 1971 erit,
1185 1902 1272 1959 vel
1305 1921 1482 1976 quam
1515 1903 1576 1960 in
1610 1905 1854 1961 terribili

188 1994 419 2070 judicio
448 1993 550 2049 Dei
583 1991 868 2047 rationem
901 1989 1135 2061 dabitis,
1153 1993 1253 2064 qui
1295 1993 1353 2047 in
1392 1997 1556 2049 tanta
1585 1994 1856 2050 sublimi-

196 2090 318 2143 tate
345 2082 545 2157 positi,
564 2097 668 2154 per
688 2079 1018 2153 exemplum
1039 2085 1300 2138 vestrum
1323 2083 1551 2138 cunctis
1574 2084 1857 2154 subjectis

194 2173 408 2231 vestris
431 2169 626 2228 ultimi
649 2169 838 2225 exitus
859 2167 1247 2242 pracipitium
1274 2170 1718 2227 demonstretis:
1741 2188 1856 2226 non

195 2263 392 2321 solum
423 2264 621 2317 autem
652 2258 710 2314 in
745 2257 1018 2331 praesenti
1049 2263 1335 2330 tempore,
1363 2275 1566 2315 verum
1591 2260 1766 2315 etiam
1797 2259 1856 2314 in

194 2352 416 2418 futuro,
451 2345 910 2421 imperatoribus
952 2345 1223 2402 videlicet
1270 2351 1326 2402 et
1376 2347 1602 2404 cunctis
1649 2344 1856 2404 mundi

195 2439 584 2515 principibus,
621 2451 846 2494 necnon
879 2438 935 2492 et
976 2435 1256 2491 omnibus
1291 2437 1532 2492 omnino
1563 2434 1854 2494 fidelibus.

262 2527 668 2586 Exhorrescite
700 2524 880 2599 igitur
904 2528 991 2580 tot
1024 2523 1341 2581 hominum
1375 2526 1637 2599 exemplo
1667 2531 1858 2584 vestro

193 2621 475 2694 pietatem
499 2617 825 2684 destruere;
859 2614 1170 2671 formidato
1194 2617 1494 2670 tantarum
1525 2616 1856 2672 animarum

195 2706 428 2783 operari
461 2703 820 2778 periculum;
855 2703 1251 2775 pertimescite
1281 2703 1573 2774 ﬁdelibus,
1600 2705 1671 2760 ad
1705 2705 1858 2761 salu-

196 2803 317 2856 tem
341 2797 490 2852 forte
507 2793 906 2858 tendentibus,
922 2795 1148 2848 tantam
1171 2792 1486 2864 perniciem
1508 2811 1853 2866 praeparare,

199 2891 256 2944 et
304 2901 410 2959 pro
471 2883 564 2939 his
624 2881 900 2938 omnibus
931 2898 1126 2937 coram
1161 2880 1422 2936 districto
1472 2881 1674 2952 judice
1731 2882 1857 2939 sine

202 2973 568 3050 quibuslibet
590 2970 981 3027 excusationis
1003 2970 1350 3043 ambagibus
1373 2971 1442 3026 de
1463 2969 1737 3028 omnibus
1761 2989 1858 3027 ra-

200 3065 424 3122 tionem
457 3059 854 3118 omnimodam
905 3059 1372 3125 dare.Quoniam
1413 3063 1554 3131 quot
1592 3059 1855 3133 exemplo

200 3159 396 3210 vestro
430 3151 502 3206 ad
537 3149 673 3204 talia
711 3148 929 3205 fuerint
973 3146 1248 3216 devoluti,
1274 3148 1344 3203 de
1391 3152 1475 3204 tot
1523 3149 1853 3206 animarum

203 3240 514 3315 dispendio
540 3237 702 3294 eritis
739 3253 981 3309 prorsus
1003 3236 1264 3305 obnoxii;
1299 3241 1356 3292 et
1386 3242 1472 3294 tot
1518 3239 1720 3311 procul
1752 3241 1857 3295 du-
1885 3221 1928 3288 C

201 3332 324 3395 bio,
347 3329 504 3402 quod
538 3343 654 3383 non
697 3330 991 3398 optamus,
1025 3343 1226 3398 poenas
1275 3326 1628 3399 luetis,quot
1674 3329 1856 3385 noxiae

203 3418 456 3476 actionis
474 3419 676 3472 vestrae
697 3415 888 3471 forma
909 3414 968 3469 in
1002 3414 1405 3470 inobedientiw
1427 3415 1605 3472 chaos
1632 3417 1860 3472 demer-

204 3508 368 3584 gitis.
394 3508 529 3573 Quae
579 3503 796 3571 omnia,
828 3503 1040 3576 pietate
1071 3507 1266 3559 vestra
1315 3505 1482 3560 nobis
1531 3505 1860 3574 obediente,

205 3600 432 3655 avertat
460 3593 766 3660 Dominus,
796 3609 934 3647 nam
966 3592 1083 3648 ista
1125 3609 1234 3648 nos
1282 3609 1386 3665 pro
1436 3593 1626 3649 salute
1674 3599 1868 3652 vestra

206 3683 627 3761 prosequimur
655 3687 712 3737 et
757 3680 1068 3752 exigimus.
1104 3681 1206 3752 (Ex
1234 3698 1318 3752 ep.
1361 3681 1563 3738 Gelasii
1595 3699 1761 3756 papa?
1791 3685 1869 3740 ad

1964 743 2144 800 fuisse
2175 745 2556 818 dignosceris,
2589 751 2647 801 et
2679 763 2746 802 ex
2790 746 3054 802 saeculari
3106 747 3614 804 administratione

1964 837 2139 905 atque
2162 833 2388 902 militia,
2413 839 2468 890 et
2493 851 2561 890 ex
2584 835 2705 891 foro
2738 835 2933 892 subito
2962 840 3365 904 tonsuratus,a
3396 836 3615 910 Grego-

1963 922 2050 978 rio
2073 923 2436 996 Syracusano
2458 925 2681 980 dudum
2714 926 2986 998 episcopo
3020 943 3052 981 a
3084 927 3304 998 synodo
3337 927 3613 982 damnato

1965 1012 2114 1068 etab
2139 1013 2458 1086 apostolica
2480 1015 2614 1070 sede
2645 1015 2906 1070 convicto
2938 1015 3248 1087 episcopus
3268 1014 3525 1070 ordinari
3560 1019 3616 1069 et

1965 1102 2294 1174 nuncupari
2326 1119 2558 1174 passus,
2581 1102 2753 1159 etiam
2785 1104 3010 1159 vivente
3030 1121 3096 1159 ac
3119 1103 3428 1176 superstite
3451 1104 3616 1176 Igna-

1965 1189 2045 1246 tio
2077 1191 2408 1264 patriarcha
2438 1192 2633 1246 sedem
2662 1191 2850 1264 ipsius
2896 1192 3191 1260 invasisti;
3225 1196 3280 1247 et
3310 1208 3610 1264 sponsam,

1966 1295 2144 1351 quam
2165 1279 2438 1336 aChristo
2455 1297 2668 1352 sponso
2687 1280 3124 1337 immaculatam
3145 1281 3608 1348 custodiendam,

1965 1367 2144 1424 veluti
2177 1369 2400 1424 amicus
2431 1369 2631 1441 sponsi
2676 1374 3031 1443 perceperat,
3067 1388 3183 1426 non
3230 1387 3331 1443 per
3369 1370 3610 1438 ostium,

1969 1459 2125 1530 quod
2157 1457 2424 1514 Christus
2451 1461 2561 1524 est,
2593 1459 2693 1514 sed
2742 1459 2980 1514 aliunde
3009 1476 3076 1514 ex
3108 1461 3347 1515 adverso
3378 1459 3438 1514 in
3468 1457 3614 1514 ovile

1969 1546 2342 1603 Dominicum
2373 1563 2534 1604 more
2576 1547 2742 1620 furis,
2763 1547 2850 1604 vel
2880 1548 3124 1604 latronis
3168 1549 3521 1620 irrumpens,
3547 1563 3612 1602 ac

1967 1635 2278 1704 violentus,
2311 1653 2488 1708 rapax
2519 1641 2576 1693 et
2606 1637 2888 1693 scelestus
2918 1637 3146 1693 adulter
3175 1637 3616 1710 subripuisti.Et

1972 1730 2196 1797 praeter,
2219 1726 2336 1781 imo
2364 1727 2644 1782 adversus
2666 1727 3015 1799 apostolicos
3038 1744 3310 1798 canones,
3330 1725 3616 1782 saeculari-

1972 1815 2082 1869 bus
2104 1814 2488 1887 potestatibus
2514 1832 2677 1883 usus,
2703 1815 3006 1870 ecclesiam
3035 1831 3138 1888 per
3161 1833 3259 1872 eos
3284 1814 3612 1871 obtinuisti.

1964 1904 2182 1960 Deinde
2199 1920 2333 1958 cum
2350 1903 2643 1960 damnatis
2663 1908 2718 1959 et
2735 1904 3269 1973 anathematizatis;
3291 1908 3462 1976 atque
3481 1921 3614 1960 cum

1964 1991 2077 2061 his,
2112 1993 2211 2064 qui
2261 2010 2333 2048 ne
2376 1991 2730 2048 sacerdotale
2761 1993 3019 2048 officium
3066 1997 3200 2049 ante
3252 1993 3615 2049 audientiam

1965 2083 2402 2152 praesumerent,
2426 2083 2483 2134 et
2513 2097 2546 2134 a
2576 2080 2878 2135 decessore
2908 2097 3036 2136 meo
3085 2086 3300 2136 sanctae
3348 2082 3614 2136 recorda-

1966 2168 2144 2226 tionis
2175 2168 2481 2224 Benedicto
2513 2186 2665 2242 papa
2703 2171 2933 2224 fuerant
2970 2169 3230 2242 obligati,
3257 2169 3518 2242 quotidie
3548 2186 3614 2225 ac

1965 2257 2362 2316 indifferenter
2391 2258 2854 2324 communicans,
2870 2263 2926 2314 et
2952 2276 3299 2315 conversans
3325 2263 3523 2314 contra
3553 2258 3615 2313 ﬁ-

1967 2348 2100 2403 dem
2133 2347 2504 2420 promissam,
2521 2352 2838 2420 contraque
2863 2351 3025 2403 tuam
3049 2346 3615 2419 professionem,qua

1967 2437 2259 2509 pollicitus
2289 2454 2372 2503 es,
2402 2442 2459 2492 te
2489 2437 2770 2492 adversus
2808 2439 2933 2508 jam
2983 2437 3168 2492 fatum
3218 2437 3611 2509 patriarcham

1967 2525 2196 2581 nullum
2229 2525 2536 2582 sinistrum
2559 2526 2871 2582 consilium
2893 2543 3018 2581 esse
3043 2527 3354 2594 facturum,
3379 2543 3616 2600 congre-

1966 2615 2117 2688 gasti
2141 2614 2475 2684 concilium,
2491 2618 2548 2671 et
2563 2632 2695 2671 cum
2718 2615 3100 2686 sequentibus
3121 2615 3237 2670 tuis
3256 2616 3537 2688 depositis
3558 2619 3616 2671 et

1966 2703 2260 2759 damnatis
2283 2708 2340 2758 et
2368 2703 2980 2770 excommunicatis,et
2999 2703 3525 2773 anathematizatis,
3561 2709 3617 2761 et

1965 2791 2096 2849 aliis
2128 2792 2254 2848 sine
2285 2791 2578 2862 Ecclesiis,
2599 2796 2774 2864 atque
2813 2809 2947 2846 cum
2976 2792 3089 2860 his,
3125 2810 3158 2847 a
3187 2792 3403 2864 quibus
3431 2793 3519 2849 vel
3550 2797 3616 2848 tu

1963 2880 2362 2954 irregulariter
2391 2897 2457 2935 ac
2498 2879 2696 2936 illicite
2743 2884 3050 2952 provectus
3099 2881 3314 2948 fueras,
3345 2881 3434 2937 vel
3467 2899 3615 2953 quos

1963 2968 2089 3042 ipse
2109 2975 2328 3025 temere
2351 2986 2416 3025 ac
2438 2968 2693 3025 indebite
2722 2985 3092 3040 promoveras
3115 2973 3319 3025 contra
3341 2971 3614 3026 eumdem

1965 3059 2202 3115 fratrem
2225 3063 2281 3114 et
2303 3058 2776 3114 comministrum
2800 3063 3064 3114 nostrum
3089 3058 3510 3130 depositionem
3536 3060 3617 3115 fa-

1965 3151 2177 3214 cere,et
2202 3147 2514 3203 anathema
2529 3147 2718 3202 dicere
2740 3164 2921 3202 ausus
2943 3164 3024 3203 es.
3045 3147 3264 3202 Deinde
3285 3148 3615 3220 apostolicae

1967 3237 2123 3293 sedis
2157 3237 2390 3304 missos,
2411 3253 2557 3308 quos
2592 3253 2696 3308 pro
2729 3252 2906 3291 causa
2935 3253 3235 3292 sacrarum
3264 3236 3613 3309 imaginum,

1966 3331 2025 3383 et
2056 3343 2159 3399 pro
2208 3325 2580 3399 inquirenda,
2605 3328 2663 3379 et
2694 3324 2863 3380 nobis
2905 3324 3294 3380 renuntianda
3337 3328 3464 3398 jam
3513 3326 3616 3382 fati

1968 3413 2310 3487 patriarchae
2355 3413 2693 3484 dejectione,
2728 3416 2784 3467 et
2823 3412 2895 3468 ob
2928 3412 3339 3470 inveniendum
3375 3415 3616 3472 modum

1973 3501 2357 3577 promotionis
2395 3505 2506 3556 tuae
2548 3502 3046 3558 destinaveramus
3079 3520 3090 3557 :
3126 3503 3342 3574 quibus
3371 3503 3618 3577 potuisti

1977 3590 2338 3664 argumentis
2359 3607 2392 3645 a
2413 3589 2628 3645 nostris
2659 3591 2951 3646 mandatis
2986 3597 3261 3660 avertere,
3286 3609 3446 3649 more
3475 3594 3621 3648 Aca-

1979 3679 2051 3734 cii
2083 3679 2378 3753 quondam
2417 3678 3045 3751 Constantinopolitani
3084 3681 3336 3738 hmretici
3376 3681 3622 3756 patriar-

207 3778 402 3833 Anast.
444 3770 603 3843 imp.)
637 3769 800 3826 Unde
845 3786 917 3825 ne
966 3769 1240 3826 irascaris
1273 3770 1322 3826 si
1354 3774 1412 3826 te
1461 3775 1694 3828 tantum
1743 3773 1875 3830 dili-

207 3864 410 3940 gimus
443 3864 510 3915 ut
549 3857 868 3931 temporale
898 3874 1142 3932 regnum
1187 3859 1344 3932 quod
1375 3865 1683 3917 assecutus
1705 3878 1787 3929 es,
1811 3867 1871 3919 te

204 3953 461 4010 velimus
491 3948 708 4005 habere
739 3963 1027 4020 perenne;
1063 3952 1119 4004 et
1146 3948 1246 4020 qui
1288 3949 1544 4021 imperas
1585 3967 1741 4006 nunc
1773 3951 1877 4012 ho-

210 4041 496 4105 minibus,
522 4053 730 4111 regnes
773 4053 906 4092 cum
939 4035 1200 4105 Christo;
1235 4040 1291 4092 et
1328 4037 1429 4108 qui
1473 4054 1600 4094 cras
1633 4040 1876 4095 moritu-

211 4148 315 4188 rus
346 4145 434 4194 es,
468 4127 650 4183 vitam
695 4124 985 4206 percipias
1031 4129 1089 4180 et
1135 4124 1383 4195 gloriam
1434 4130 1706 4182 mternam
1740 4128 1878 4197 [cod.

216 4219 412 4284 Vatia,
457 4214 922 4288 sempiternam].
948 4213 1095 4269 Data
1146 4213 1348 4270 Idibus
1395 4215 1761 4289 Novembris,
1795 4217 1880 4272 in-

217 4304 473 4364 dictione
501 4320 596 4359 xv.

1980 3767 2121 3836 ch33,
2173 3765 2620 3839 praesumpsisti,
2654 3771 2712 3822 et
2749 3768 2822 3822 ad
2861 3769 3314 3840 processionem,
3346 3786 3473 3842 quae
3518 3767 3629 3825 tibi

1983 3873 2117 3912 cum
2144 3855 2517 3928 comparibus
2548 3856 2665 3911 tuis
2697 3856 3025 3912 habebatur
3048 3857 3258 3914 :sicuti
3279 3875 3481 3915 eorum
3503 3875 3634 3932 pro-

1985 3945 2237 4002 fessione
2268 3945 2622 4016 patefactum
2649 3949 2756 4014 est,
2781 3949 2838 4001 et
2866 3950 3069 4002 sancto
3093 3947 3312 4019 Spiritu
3344 3947 3633 4003 revelante

1983 4034 2323 4090 venerandae
2357 4034 2597 4106 synodo,
2623 4051 2749 4105 quae
2792 4051 2825 4089 a
2862 4035 3031 4090 nobis
3080 4035 3319 4091 collecta
3370 4039 3479 4103 est,
3513 4035 3638 4092 cla-

1988 4125 2123 4194 ruit,
2153 4125 2225 4179 ad
2265 4123 2675 4178 damnatorum
2706 4127 2762 4178 ct
2790 4123 3322 4191 schismaticorum,
3356 4128 3637 4196 tuamque

1988 4213 2391 4269 confusionem
2408 4214 2740 4283 contempta
2754 4210 3199 4284 legatione,quze
3219 4212 3305 4267 vel
3326 4213 3635 4285 gentilium

1989 4317 2149 4358 more
2196 4300 2409 4356 servari
2462 4299 2681 4368 debuit,
2711 4301 3080 4372 pertransisti
3124 4302 3242 4372 [pro
3281 4300 3634 4373 pertraxisti.

1988 4390 2221 4462 Hann],
2246 4393 2302 4445 et
2326 4390 2384 4444 in
2417 4387 2751 4444 illusionem
2775 4389 2924 4444 beati
2951 4390 3100 4444 Petri
3121 4389 3386 4461 aspstoli,
3411 4391 3581 4461 cujus
3602 4407 3636 4446 a

1989 4479 2124 4536 sede
2154 4477 2396 4552 profecti
2426 4477 2682 4546 fuerunt,
2721 4494 2836 4533 non
2869 4477 3058 4534 solum
3088 4477 3417 4534 inefﬁcaces
3446 4478 3636 4535 redire

1902 4577 1950 4643 D
1985 4567 2191 4633 fecisti,
2221 4567 2320 4621 sed
2363 4565 2540 4620 etiam
2580 4565 3021 4638 impugnatores
3052 4565 3338 4633 omnium,
3363 4583 3490 4638 quae
3522 4564 3636 4622 sibi

1986 4660 2218 4715 fuerant
2249 4655 2553 4727 imperata,
2597 4654 2955 4709 monstrasti.
2979 4655 3278 4710 Postremo
3308 4655 3635 4728 episcopos,

1987 4747 2087 4819 qui
2118 4744 2222 4801 tibi
2267 4749 2546 4816 tanquam
2579 4742 2861 4808 adultero,
2883 4747 2940 4798 et
2968 4744 3262 4816 pervasori
3301 4744 3638 4800 communi-

1989 4853 2119 4891 care
2142 4833 2479 4901 noluerunt,
2495 4831 2698 4887 exsilio
2727 4832 3016 4905 relegasti,
3036 4836 3092 4888 et
3123 4832 3267 4906 ipsis
3290 4833 3640 4905 jubentibus

1990 4927 2192 4979 contra
2212 4938 2463 4977 canones
2491 4921 2572 4975 tui
2607 4919 2841 4976 sceleris
2863 4920 3173 4993 complices
3203 4921 3262 4977 in
3285 4939 3487 4979 eorum
3511 4923 3645 4979 sub-

1991 5029 2194 5085 rogare
2227 5010 2370 5066 locis
2400 5027 2516 5065 non
2550 5009 2818 5065 timuisti.
2843 5010 2914 5064 Et
2943 5027 3130 5082 usque
3159 5009 3218 5066 in
3251 5029 3507 5084 praesens
3538 5013 3642 5067 Ec-

296 5106 591 5162 NICOLAUS
633 5103 944 5176 episcopus
992 5119 1194 5160 servus
1250 5119 1549 5158 servorum
1609 5102 1729 5172 Dei,
1763 5102 1884 5159 viro
1994 5099 2228 5156 clesiam
2248 5098 2349 5155 Dei
2367 5097 2610 5155 diversis
2633 5099 3141 5170 persecutionibus
3164 5099 3510 5174 impugnare
3531 5117 3645 5155 non
3687 5110 3693 5176 ξ

227 5194 464 5251 Prw-no.
666 5165 686 5176 -
831 5165 852 5176 ⁸
1555 5202 1602 5213 “
1715 5165 1726 5172 ’
1996 5189 2236 5244 desinis.
2259 5189 2344 5243 Ita
2361 5191 2426 5242 ut
2447 5165 2685 5242 fratrem
2704 5191 2759 5242 et
2772 5189 3179 5260 coepiscopum
3199 5165 3464 5246 nostrum
3485 5189 3648 5260 Igna—

300 5281 830 5341 Innumerabilium
855 5279 1127 5354 reperiris
1150 5279 1690 5352 praevaricationum
1713 5281 1888 5335 obno-
1994 5279 2143 5334 tium
2177 5276 2616 5333 sanctissimum
2650 5277 3043 5348 patriarcham
3080 5277 3360 5333 inauditis
3387 5276 3570 5347 pmnis
3592 5278 3649 5331 et

225 5370 457 5436 xius,et
476 5369 943 5426 venerandorum
972 5384 1285 5434 canonum,
1310 5371 1482 5441 atque
1509 5373 1887 5440 paternarum
2000 5365 2375 5422 horribilibus
2405 5365 2714 5420 tormentis
2746 5365 2974 5422 afficere
3006 5383 3121 5422 non
3155 5365 3408 5438 quiescis
3432 5381 3444 5419 :
3469 5363 3569 5418 sed
3592 5366 3650 5420 et

228 5457 680 5522 difﬁnitionum,
715 5455 977 5529 quinimo
1009 5459 1067 5511 et
1107 5455 1435 5511 divinorum
1477 5456 1886 5511 mandatorum
2000 5473 2202 5513 omnes
2234 5457 2518 5526 quotquot
2546 5471 2650 5525 pro
2677 5454 2936 5523 veritate,
2961 5460 3017 5511 et
3047 5456 3156 5510 fide
3188 5452 3490 5508 commode
3519 5468 3647 5522 per-

229 5545 632 5602 contumeliiis
665 5541 1071 5617 multipliciter
1091 5561 1157 5600 ac
1180 5543 1550 5617 impudenter
1569 5545 1756 5600 elatus
1780 5563 1792 5600 :
1819 5545 1916 5617 siq
2001 5546 2207 5601 sistere
2239 5542 2646 5616 deprehendis,
2666 5544 2880 5615 quibus
2905 5543 3179 5616 praevales
3200 5541 3390 5597 modis
3411 5542 3650 5613 perdere

233 5595 630 5602 --.η---ηψπ
666 5595 1060 5617 -_-_--_,__----_
1094 5595 1152 5600 _-
1180 5595 1539 5617 ___-,_._--_--_
1574 5595 1754 5600 --ψη
1780 5595 1792 5600 -
1820 5595 1868 5598 __
2002 5595 2204 5601 ων---
2685 5595 2742 5615 ,π

229 5635 474 5710 quidem
503 5638 562 5692 et
591 5651 660 5692 ex
688 5633 1230 5702 schismaticorum;
1273 5634 1374 5690 sed
1404 5639 1461 5690 et
1490 5651 1623 5691 cum
1653 5595 1912 5691 venera-r’
1999 5632 2477 5708 impraetermisse
2509 5631 2752 5689 moliris.

959 4417 1143 4474 XCIX.
1324 4497 1326 4500 ν

852 4523 926 4562 ΑΒ
966 4523 1246 4563 ΡΗΟΤῙυΜ.

866 4605 1051 4676 (Anno
1085 4605 1234 4677 866.)

221 4710 266 4764 Ε
343 4705 534 4762 robrat
567 4704 759 4760 Photio
786 4703 965 4758 multa
1000 4704 1258 4768 crimina,
1325 4717 1418 4758 που
1466 4704 1527 4756 in
1569 4706 1878 4774 occupanda

265 4723 501 4827 Ἕηαῑίὶ
527 4775 649 4827 sede
677 4775 980 4827 commisit:
1021 4775 1213 4827 m'obat
1241 4717 1403 4827 ithm
1450 4782 1502 4827 et
1550 4773 1800 4827 divinum
1829 4784 1878 4827 et

318 4778 501 4849 gnatiz'
527 4775 980 4849 sedccommisit;
1015 4775 1213 4845 probat
1241 4773 1403 4849 illum
1450 4782 1502 4828 et
1550 4773 1800 4849 dipirium
1829 4784 1880 4830 et

295 4845 605 4928 Ifugnanum
633 4848 730 4928 jus
777 4845 1039 4928 violasse;
1087 4846 1310 4928 nuntiat
1359 4845 1537 4928 ipsum
1585 4845 1882 4928 depositum

293 4921 489 4992 fuisse,
517 4921 568 4974 et
598 4917 649 4972 si
675 4923 968 4992 non_pa_r_et
997 4918 1300 4983 sententiw,
1333 4918 1582 4992 minatur
1629 4917 1720 4971 illi
1755 4933 1881 4988 per-

288 4987 515 5064 petuam
545 5004 716 5059 usque
744 4987 825 5042 ad,
845 4987 1054 5042 obitum
1080 4989 1715 5044 excommunicationem.
