4058 6174
440 232 596 298 1047

1808 225 2117 292 NIGOLAI
2158 224 2386 289 ΡΑΡΑΞ
2423 225 2472 288 Ῑ.

3633 226 3758 292 1018

513 365 903 435 Quamobrem
934 364 991 420 in
1023 363 1117 422 his
1141 367 1197 421 et
1223 363 1628 436 hujuscemodi
1658 366 1712 418 te
1738 377 2084 435 cognoscen-
2117 361 2169 427 Α
2198 358 2433 431 quidem
2464 376 2495 413 a
2523 374 2654 414 vero
2687 356 3050 413 discedimus
3084 374 3097 413 :
3130 373 3267 413 nam
3308 355 3425 430 ipse
3467 375 3570 416 non
3608 360 3760 417 solum

440 462 530 513 tes
573 462 775 511 contra
814 455 1195 527 evangelicae,
1228 452 1671 525 apostsiulicas,ct
1701 451 2085 524 propheticus,

443 549 618 617 atque
658 543 968 600 cuuonicas
1015 543 1413 598 institutiones
1464 543 1664 597 efferre
1715 540 2002 605 dolemus,
2036 544 2092 594 et

445 633 647 689 nimiis
680 631 1019 687 maeroribus
1043 631 1252 699 affecti,
1277 630 1604 686 necessario
1627 635 1681 685 te
1706 628 2092 703 praesentibus

447 722 712 795 apicibus
743 721 1147 787 admonemus,
1182 720 1486 775 hortamur
1515 725 1572 775 et
1613 719 2009 785 obsecramus,
2031 721 2095 771 ut

447 812 509 867 in
530 816 694 867 tanta
708 810 891 883 gloria
913 828 1026 865 non
1049 809 1379 882 decipiaris,
1394 814 1449 864 et
1467 814 1680 864 aeterna
1700 809 1853 864 bona
1875 824 1978 880 pro
2000 806 2095 861 his

449 901 719 956 brevibus
751 916 865 953 non
898 898 1153 954 amittas.
1182 898 1365 953 Pensa
1386 915 1562 969 quam
1596 914 1780 970 pauca
1800 901 1940 952 sunt
1970 912 2093 950 om-

452 989 568 1055 nia,
593 1005 718 1059 qua:
752 987 845 1042 hic
887 986 1169 1042 mulctent
1193 985 1517 1060 [mulcent],
1544 984 1867 1058 quamlibet
1909 984 2097 1040 multa

449 1095 577 1133 esse
618 1077 943 1132 videantur.
980 1076 1297 1147 Perpende,
1327 1093 1542 1147 quaeso,
1568 1092 1744 1147 quam
1793 1073 2098 1146 multiplex

448 1167 545 1235 sit,
565 1171 621 1222 et
641 1184 817 1239 quam
842 1164 1061 1238 prolixa
1089 1182 1257 1237 poena
1281 1163 1578 1237 gehennae,
1594 1169 1648 1218 et
1669 1164 1818 1218 hanc
1844 1163 2098 1218 incidere

447 1256 813 1328 pertimesco,
842 1254 992 1309 hanc
1040 1254 1143 1309 tibi
1177 1253 1476 1324 acquirere
1520 1252 1863 1307 medullitus
1894 1251 2098 1307 exhor-

449 1361 630 1401 resce.
671 1344 839 1411 Nam,
884 1343 1209 1397 secundum
1269 1339 1667 1413 Evangelium,
1703 1339 1843 1408 Quid
1883 1340 2101 1412 prodest

450 1434 665 1489 homini
690 1434 739 1487 si
768 1433 1011 1487 lueretur
1050 1438 1219 1486 totum
1260 1429 1547 1498 mundum,
1578 1432 1784 1487 anima?
1812 1445 1935 1485 vero
1981 1444 2102 1486 sua?

450 1523 831 1578 detrimentum
858 1522 1143 1592 patiatur?
1172 1523 1366 1588 (Marc.
1390 1520 1530 1592 vni.)
1556 1519 1786 1574 Scimus
1822 1517 2101 1591 quoniam

452 1610 741 1682 sapientia
797 1608 1104 1680 praeditus,
1158 1612 1214 1663 et
1270 1607 1513 1663 scientia
1565 1608 1785 1663 ditatus
1843 1608 2099 1663 haberis.

454 1701 564 1756 Sed
597 1698 733 1753 audi
766 1697 903 1770 quid
938 1697 1218 1769 propheta
1249 1697 1320 1752 de
1355 1696 1707 1769 quibusdam
1742 1696 2102 1769 sapientibus

455 1789 610 1843 dicat
642 1804 654 1841 :
689 1788 988 1858 Sapientes,
1022 1786 1232 1858 inquit,
1254 1793 1400 1853 sunt,
1434 1794 1495 1841 ut
1521 1789 1731 1858 faczant
1772 1786 1942 1853 mala,
1975 1784 2104 1840 bene

455 1885 638 1933 autem
692 1879 871 1948 facere
927 1877 1178 1931 nesciunt
1218 1877 1344 1944 (Jer.
1381 1878 1478 1943 ιν).
1505 1875 1678 1931 Porro
1736 1874 1806 1931 de
1861 1875 2106 1930 scicntia

457 1965 725 2039 egregius
745 1963 1057 2036 Apostolus
1101 1963 1180 2019 ait
1205 1981 1216 2018 :
1245 1966 1487 2020 Scientia
1513 1966 1688 2035 inﬂat,
1714 1965 1952 2021 charitas
1982 1979 2105 2019 vero

455 2056 695 2126 sedi/teat
722 2056 768 2125 (I
797 2056 915 2110 Cor.
944 2055 1086 2124 vm),
1111 2054 1259 2126 Ergo
1290 2059 1577 2125 quantum
1608 2071 1723 2109 non
1754 2053 1956 2125 prosit,
1986 2053 2104 2107 imo

457 2148 743 2216 quantum
776 2143 948 2201 obsit.
976 2160 1089 2197 non
1121 2141 1193 2197 ad
1241 2141 1393 2197 bona
1422 2142 1522 2197 sed
1554 2142 1624 2197 ad
1659 2140 1813 2197 mala
1840 2141 2106 2197 facienda

455 2233 814 2288 habentibus
853 2230 1202 2303 sapientiam
1248 2230 1646 2285 animadverte
1679 2247 1693 2285 :
1728 2234 1784 2285 et
1831 2230 1947 2284 noli
1981 2229 2103 2302 glo-

458 2322 595 2377 riari
628 2320 677 2376 si
708 2320 888 2375 habes
932 2318 1237 2373 scientiam
1289 2319 1415 2374 sine
1462 2317 1762 2387 charitate,
1805 2318 2104 2391 quoniam,

457 2414 605 2465 teste
634 2407 926 2480 Apostolo,
971 2406 1071 2462 illa
1117 2407 1299 2474 inﬂat,
1333 2406 1445 2461 ista
1477 2406 1743 2474 aedificat,
1777 2409 1822 2475 (I
1855 2410 1973 2465 Cor.
2007 2407 2104 2480 ιν).

456 2498 527 2552 Et
558 2501 710 2552 certe
742 2495 1065 2550 absurdum
1108 2512 1173 2549 ac-
1229 2494 1502 2549 indeeens
1550 2499 1656 2562 est,
1687 2500 1750 2550 ut
1798 2511 1948 2561 eam,
1981 2513 2106 2568 qua:

455 2585 642 2655 inﬂat,
663 2585 936 2639 virtutem
980 2583 1218 2649 habeas,
1246 2582 1346 2639 illa
1379 2601 1510 2639 vero
1551 2602 1677 2656 quae
1714 2583 1980 2652 aedificat,
2015 2601 2108 2639 ca-

457 2692 607 2730 reas.
635 2676 819 2740 Quam
854 2675 1048 2728 autem
1094 2670 1352 2728 habuisti
1388 2670 2004 2744 charitatem,quando
2026 2673 2109 2727 vi-

456 2764 635 2819 debas
669 2763 904 2817 fratrem
936 2764 992 2816 et
1021 2759 1492 2815 comministrum
1524 2765 1790 2816 nostrum
1816 2760 2109 2833 Ignatium

461 2852 533 2907 ab
564 2851 808 2907 ecclesia
838 2867 945 2907 sua
974 2849 1131 2922 pelli,
1161 2848 1384 2921 impoti,
1411 2854 1467 2903 et
1496 2849 1774 2904 adversus
1805 2867 1941 2906 eum
1974 2866 2109 2905 con-

456 2940 785 3013 jurationes
810 2945 866 2995 et
900 2938 1356 3011 conspirationes
1388 2937 1737 3011 praeparari?
1768 2938 1837 2992 Et
1867 2956 1981 2994 non
2014 2957 2111 2994 so-

462 3029 587 3085 lum
622 3029 863 3084 minime
885 3027 1075 3093 illum,
1100 3044 1233 3082 cum
1258 3043 1479 3098 posses,
1505 3030 1705 3098 utpote
1731 3027 1801 3082 ad
1831 3027 2109 3084 saeculum

460 3119 652 3175 clarus
692 3123 744 3173 et
788 3115 1151 3172 honorabilis
1182 3116 1703 3188 adjuvisti,verum
1752 3116 1927 3172 etiam
1974 3134 2108 3173 cum

460 3208 720 3264 factiosis
753 3206 1192 3271 concurristi,et
1221 3222 1354 3260 cum
1396 3204 1873 3261 machinantibus
1902 3206 2109 3262 adver-

464 3315 564 3353 sus
586 3314 740 3363 eum,
766 3301 823 3351 et
843 3296 1032 3350 varias
1054 3293 1437 3365 malignitatis
1463 3295 1995 3366 argumentationes
2018 3312 2109 3351 ex-

461 3386 780 3442 citantibus
812 3383 1178 3440 concertasti.
1202 3383 1350 3446 Quin
1382 3382 1576 3454 potius
1606 3382 1815 3438 horum
1842 3383 2105 3439 omnium

461 3474 955 3546 peccatum,quod
978 3476 1215 3543 generat
1244 3474 1511 3538 mortem,
1538 3469 1595 3525 in
1621 3476 1675 3526 te
1708 3471 1936 3544 proprie
1970 3490 2105 3527 con-

460 3567 822 3617 summatum
853 3565 961 3628 est,
983 3560 1261 3614 nimirum
1286 3560 1385 3630 qui
1408 3564 1751 3614 cunctarum
1775 3561 2107 3633 prmvarica-

456 3650 686 3704 tionum
716 3649 775 3703 in
805 3648 969 3703 illum
1000 3647 1449 3703 commissarum
1481 3653 1544 3702 tu
1577 3654 1780 3703 auctor
1800 3649 1988 3705 factus
2019 3667 2102 3705 es.

455 3736 602 3792 Nam
635 3740 690 3791 et
720 3736 771 3791 si
810 3740 865 3791 te
894 3735 1250 3791 homicidam
1305 3735 1576 3801 dicimus,
1604 3753 1718 3790 non
1765 3736 2102 3794 mentimur.

454 3825 677 3881 Joanne
708 3823 969 3896 apostolo
1011 3822 1315 3888 clamante,
1343 3823 1444 3895 qui
1475 3822 1555 3878 ait
1588 3841 1600 3879 :
1636 3824 1823 3880 Omnis
1869 3827 1966 3897 qui
1993 3827 2106 3883 odit

452 3916 683 3986 fratrem
721 3930 901 3983 suum,
935 3912 1207 3968 homicida
1237 3921 1315 3968 est
1346 3912 1393 3983 (Ι
1415 3914 1571 3968 Joan.
1609 3915 1672 3986 ιι)
1710 3930 1722 3968 :
1757 3912 1803 3968 si
1837 3931 1971 3987 ergo
2003 3916 2105 3987 qui

453 4002 577 4058 odit
615 4003 852 4057 fratrem
909 4001 1205 4057 homicida
1261 4004 1368 4071 est,
1394 4006 1613 4073 quanto
1670 4002 1868 4074 potius
1898 4003 1969 4071 is,
2004 4004 2104 4076 qui

452 4096 679 4164 patrem
714 4108 829 4146 non
862 4089 1054 4145 solum
1086 4089 1230 4156 odit,
1256 4090 1357 4145 sed
1390 4095 1445 4145 et
1490 4095 1777 4161 quantum
1809 4092 1868 4146 in
1901 4109 1962 4148 se
1993 4098 2102 4165 est,

454 4180 713 4235 mactat?
732 4180 972 4251 insuper
991 4179 1166 4234 etiam
1191 4177 1260 4246 si,
1286 4183 1351 4233 ut
1380 4178 1591 4247 Achab,
1618 4197 1745 4251 quas
1776 4178 1936 4236 illius
1966 4187 2106 4238 sunt

455 4268 625 4340 rapit,
642 4273 698 4323 et
722 4268 998 4340 possidet,
1027 4266 1319 4322 homicida
1344 4267 1627 4322 dicendus
1651 4272 1759 4334 est,
1784 4274 1840 4325 et
1870 4288 1983 4325 non
2014 4288 2105 4327 so-

454 4357 471 4412 l
519 4374 577 4412 In
610 4356 1037 4429 qualiscunque
1067 4354 1380 4421 homicida,
1403 4372 1603 4411 verum
1631 4356 1809 4412 etiam
1833 4363 1887 4413 et
1925 4360 2104 4430 parri-

444 4375 619 4607 βόε]
652 4445 817 4500 Pater
853 4444 1010 4499 enim
1044 4449 1182 4499 tuus
1230 4448 1355 4499 erat
1403 4444 1687 4516 Ignatius,
1713 4450 1770 4501 et
1824 4450 1889 4501 tu
1945 4446 2103 4503 filius

455 4535 604 4605 ejus,
632 4534 731 4605 qui
764 4538 995 4588 tantum
1028 4551 1062 4588 a
1090 4538 1145 4586 te
1177 4549 1291 4603 prm
1336 4532 1586 4587 naturali
1636 4538 1799 4605 patre
1829 4534 2104 4591 debuerat

490 4462 504 4500 1

2200 466 2375 518 super
2407 448 2751 518 magistrum
2788 452 2955 501 tuum
3001 450 3202 502 contra
3246 446 3588 520 Evangelium
3616 450 3765 505 factus

2200 554 2496 605 es,vcrum
2520 538 2695 593 etiam
2723 536 3075 592 ordinationi
3107 536 3209 591 Dei
3247 537 3504 592 resistens
3541 538 3767 596 adversus

2201 642 2337 682 eum
2368 627 2572 681 dentes
2599 626 2706 693 tui,
2741 642 2907 681 arma.
2934 629 2992 680 et
3017 624 3261 698 sagittae,
3282 629 3335 680 et
3362 625 3547 698 lingua
3570 628 3657 681 tua
3680 644 3771 683 ma-

2202 712 2395 770 chaera
2422 719 2593 769 acuta
2634 715 2836 770 effecta
2878 718 2985 769 est.
3011 714 3478 785 Quandoquidem
3507 731 3627 783 non,
3654 716 3773 772 sicut

2204 808 2445 859 sanctus
2477 803 2678 872 David,
2706 803 2935 857 mittere
2962 820 3202 857 manum
3226 803 3282 857 in
3304 802 3565 858 christum
3588 802 3772 859 Domini

2204 891 2553 959 formidasti,
2582 892 2683 948 sed
2729 892 2882 946 sicut
2931 891 3223 964 principes
3271 891 3546 947 latronum
3575 909 3673 947 non
3696 893 3771 949 ha-

2205 981 2408 1037 bentes
2439 982 2590 1036 bona
2649 998 2842 1054 regem
2884 998 3060 1036 suum
3118 981 3484 1048 trucidantes,
3532 981 3774 1053 insurgere

2207 1075 2408 1126 contra
2440 1075 2720 1126 rectorem
2752 1074 2923 1125 tuum
2952 1070 3203 1125 versutis
3234 1069 3457 1124 insidiis
3487 1087 3776 1143 magnopere

2208 1159 2722 1232 procurasti.Quos
2755 1159 2911 1214 idem
2943 1163 3180 1214 sanctus
3209 1158 3557 1224 David,sicut
3582 1164 3630 1213 et
3651 1158 3775 1214 illum

2208 1248 2308 1320 qui
2333 1266 2395 1304 se
2420 1247 2704 1303 christum
2724 1247 2955 1302 Domini
2976 1247 3230 1316 (Saulem
3251 1246 3507 1303 videlicet
3524 1247 3777 1320 peremisse

2209 1338 2596 1403 nuntiaverat,
2614 1342 2895 1409 tanquam
2918 1335 3186 1392 homines
3208 1336 3434 1407 impios,
3449 1340 3503 1391 et
3520 1336 3777 1408 principem

2211 1443 2383 1483 suum
2418 1426 2798 1492 trucidantes,
2823 1426 3051 1481 tradere
3081 1424 3256 1481 morti
3284 1424 3630 1480 laudabiliter
3646 1424 3780 1496 jussit

2209 1512 2282 1585 (II
2314 1516 2437 1587 Reg.
2462 1515 2520 1587 1).
2545 1518 2891 1587 Quanquam
2932 1515 3108 1570 etiam
3139 1514 3189 1570 si
3220 1512 3367 1569 nihil
3415 1512 3471 1568 in
3516 1513 3599 1569 his
3636 1530 3778 1585 repre-

2210 1602 2512 1659 hensionis
2543 1604 2906 1671 admitteres,
2934 1620 3069 1658 cum
3119 1603 3308 1675 pridie
3353 1601 3531 1658 laicus
3573 1601 3720 1658 fueris
3739 1607 3777 1658 et

2135 1735 2181 1798 B
2212 1692 2424 1748 saeculo
2455 1692 2818 1758 militaveris,
2842 1709 3213 1765 nequaquam
3244 1695 3366 1747 tam
3396 1696 3610 1765 repente
3627 1692 3780 1746 debue-

2214 1799 2307 1837 ras
2332 1782 2403 1837 ad
2431 1781 2648 1837 summi
2670 1780 2979 1837 sacerdotii
3005 1780 3307 1854 pervenire
3329 1780 3633 1854 fastigium:
3650 1797 3780 1853 quan-

2213 1870 2524 1942 doquidem
2557 1888 2660 1926 nec
2701 1869 3123 1926 monachorum
3157 1874 3388 1942 poteras
3416 1870 3595 1926 subito
3628 1885 3779 1925 secun.

2214 1960 2351 2014 dum
2372 1958 2764 2031 probabilium
2783 1960 3019 2015 Patrum
3040 1958 3782 2031 traditionem,perfectionem

2214 2048 2512 2120 consequi,
2560 2047 2808 2112 Gelasio,
2855 2047 3131 2120 Gregorio
3188 2050 3246 2104 et
3304 2046 3540 2103 Adriano
3591 2047 3781 2120 magnis,

2215 2142 2272 2191 et
2302 2152 2431 2192 vere
2464 2136 2683 2193 sanctis
2713 2137 2870 2193 sedis
2892 2137 3165 2192 Romanas
3190 2135 3533 2209 praesulibus
3551 2136 3601 2190 id
3622 2136 3781 2207 ipsum,

2215 2225 2367 2298 quod
2403 2223 2778 2281 serenissimo
2821 2228 3303 2299 Augusto,atque
3330 2225 3435 2281 tibi
3464 2226 3580 2297 jam
3614 2223 3785 2296 scripsi-

2216 2331 2370 2379 mus,
2396 2313 2798 2386 multipliciter
2816 2313 3241 2370 inhibentibus.
3267 2315 3415 2370 Sane
3436 2314 3481 2369 si
3506 2314 3684 2369 horum
3700 2316 3786 2366 tan-

2217 2419 2393 2475 quam
2425 2402 2781 2475 ignotorum,
2809 2402 3135 2459 sanctitatis
3167 2402 3423 2475 insignia
3451 2420 3555 2459 non
3579 2417 3785 2474 agnosce-

2218 2492 2323 2546 bas
2338 2489 2496 2560 (licet
2515 2492 2685 2563 cujus
2708 2492 2863 2559 fidei,
2893 2493 3064 2564 cujus
3084 2491 3267 2548 studii
3293 2493 3519 2559 fuerint,
3533 2504 3621 2564 per
3636 2507 3784 2547 eorum

2218 2597 2391 2636 nosse
2408 2580 2625 2652 scripta
2642 2580 2955 2650 sufficeret)
2973 2581 3182 2637 saltem
3201 2579 3512 2649 leestini,
3525 2584 3675 2653 atque
3692 2579 3786 2634 Leo-

2219 2669 2330 2737 nis,
2355 2669 2736 2741 ejusdemque
2767 2669 2923 2724 scdis
2962 2668 3309 2742 pontificum
3341 2669 3684 2725 reverentiam
3705 2682 3785 2738 pra

2221 2756 2404 2813 oculis
2433 2757 2742 2814 habuisses
2767 2776 2778 2812 :
2805 2775 3056 2830 quorum
3088 2759 3393 2814 sententias
3412 2762 3527 2813 tota
3546 2773 3635 2830 per
3664 2771 3785 2811 mun-

2219 2847 2359 2901 dum
2379 2847 2590 2902 ditiusa
2614 2845 2931 2902 inclinatur
2950 2846 3212 2903 Ecclesia
3234 2864 3249 2902 :
3274 2862 3621 2921 quorumque
3637 2842 3788 2899 doctri-

2220 2953 2355 2990 nam
2379 2936 2554 3007 (sicut
2585 2936 2643 2990 in
2668 2935 3085 2993 sacratissimis
3103 2936 3282 2992 tertia
3310 2940 3367 2992 et
3396 2940 3588 3009 quarta
3611 2930 3787 3006 synodis

2218 3023 2412 3080 videre
2443 3028 2553 3094 est)
2584 3024 2915 3081 Christiana
2966 3029 3280 3082 veneratur
3327 3024 3574 3099 apprime
3622 3020 3784 3092 religio.

2140 3094 2182 3160 (ἶ
2220 3113 2492 3177 Quinimo
2522 3118 2579 3169 et
2609 3130 2859 3186 quorum
2898 3115 3182 3170 virtutum
3223 3094 3425 3181 decus,
3448 3118 3501 3169 et
3522 3109 3785 3183 eloquentia

2221 3202 2490 3269 nitorem,
2516 3220 2740 3258 necnon
2772 3207 2829 3258 et
2860 3220 3091 3258 morum
3123 3204 3474 3276 probitatem
3503 3218 3561 3257 ac
3588 3199 3786 3255 exhorta~

2218 3292 2445 3346 tionum
2477 3292 2826 3347 suavitatem
2857 3309 2972 3347 non
3002 3288 3196 3348 solum
3225 3291 3429 3348 ﬁdeles
3458 3306 3621 3363 reges,
3641 3300 3784 3343 verum

2219 3380 2397 3435 etiam
2436 3379 2703 3437 infideles
2747 3398 2814 3437 ac
2867 3382 3121 3453 tyranni,
3156 3380 3504 3453 barbarique
3544 3374 3785 3451 principes,

2219 3468 2558 3535 reverentia,
2571 3469 2657 3525 vel
2680 3487 2887 3542 pavore
2910 3487 3025 3526 non
3046 3470 3280 3525 modico
3304 3465 3654 3526 mansuefacti
3671 3461 3785 3517 vehe-

2219 3563 2445 3614 menter
2479 3557 2788 3630 amplexati
2819 3563 2959 3615 sunt
3003 3563 3063 3614 et
3101 3558 3328 3614 sectati.
3353 3558 3507 3625 Quod
3536 3556 3580 3611 si
3606 3564 3786 3623 magnos

2217 3652 2566 3719 sanctosque
2601 3647 2782 3703 fuisse
2813 3664 2927 3703 non
2962 3642 3139 3721 negas
3167 3648 3333 3719 (quia
3362 3664 3462 3702 nec
3489 3644 3625 3700 vales
3650 3659 3661 3695 :
3687 3637 3785 3693 alio-

2217 3736 2359 3808 quin
2384 3736 2669 3808 pugnabit
2691 3753 2795 3808 pro
2818 3736 2901 3792 eis
2923 3736 3081 3792 orbis
3105 3741 3274 3792 terra:
3295 3740 3495 3792 contra
3513 3728 3784 3791 insensatos)

2215 3828 2442 3896 oportet
2468 3828 2531 3879 ut
2556 3824 2615 3879 in
2638 3825 2865 3880 cunctis
2896 3824 3165 3881 Ecclesia:
3197 3823 3580 3898 dogmatibus,
3597 3822 3645 3874 et
3662 3810 3785 3871 disci-

2215 3912 2393 3984 plinis
2413 3928 2511 3967 eos
2533 3910 2777 3968 solerter
2797 3913 3083 3980 attendas,
3108 3916 3165 3967 et
3192 3916 3534 3969 veneranter
3560 3902 3785 3964 admittas.

2214 4002 2357 4057 Nam
2395 4000 2445 4057 si
2475 3998 2534 4056 in
2565 4001 2787 4057 caeteris
2818 4006 3027 4057 nostra:
3050 4000 3355 4074 religionis
3388 3997 3616 4073 negotiis
3640 4003 3785 4048 eorum

2216 4090 2638 4146 assertionibus
2669 4089 2934 4156 cesseris,
2958 4094 3015 4145 et
3045 4091 3104 4145 in
3140 4090 3233 4145 his
3265 4106 3389 4156 eos,
3414 4086 3472 4145 in
3506 4079 3688 4159 quibus
3709 4082 3787 4133 tua

2215 4177 2566 4252 promotioni
2607 4179 3034 4245 contradicunt,
3068 4178 3502 4251 contempleris,
3536 4170 3729 4247 apparet
3751 4170 3786 4219 te

2215 4268 2410 4324 minus
2442 4267 2618 4324 saluti
2659 4268 2980 4336 communi,
3006 4284 3178 4340 quam
3223 4268 3372 4323 sorti
3409 4266 3624 4339 privata
3649 4258 3786 4313 inten-

2213 4358 2368 4423 dere,
2398 4373 2464 4412 ac
2485 4373 2587 4427 per
2616 4356 2744 4423 hoc,
2771 4373 2886 4412 non
2914 4372 3042 4428 quae
3062 4356 3201 4411 Jesu
3232 4354 3472 4421 Christi,
3491 4351 3581 4408 sed
3601 4363 3703 4421 qua
3718 4348 3786 4396 tua

512 4447 619 4502 da?
652 4445 817 4500 Pater
853 4444 1010 4499 enim
1044 4449 1182 4499 tuus
1230 4448 1355 4499 erat
1403 4444 1687 4516 Ignatius,
1713 4450 1770 4501 et
1824 4450 1889 4501 tu
1945 4446 2103 4503 filius
2137 4461 2181 4524 D
2214 4450 2372 4515 sunt,
2407 4461 2682 4518 quaerere.
2709 4447 2822 4499 Aut
2870 4444 2981 4499 illa:
3026 4444 3192 4500 bona:
3253 4446 3488 4501 arbores
3518 4431 3786 4524 faculan

455 4535 604 4605 ejus,
632 4534 731 4605 qui
764 4538 995 4588 tantum
1028 4551 1062 4588 a
1090 4538 1145 4586 te
1177 4549 1291 4603 prm
1336 4532 1586 4587 naturali
1636 4538 1799 4605 patre
1829 4534 2108 4591 debuerat

440 4621 1036 4694 {veneraquuantum
1060 4620 1322 4693 spiritus,
1353 4638 1467 4693 quo
1488 4620 1728 4678 relativa
1758 4622 1879 4679 haec
1909 4624 2101 4680 nomi-

438 4714 533 4785 ’_.na
562 4714 766 4765 mutuo
799 4710 1131 4781 possidetis,
1153 4709 1547 4781 praeferendus
1579 4713 1666 4765 est
1696 4712 1876 4765 carni.

527 4795 701 4851 Porro
732 4798 779 4852 si
817 4802 874 4852 te
922 4798 1177 4871 viperam
1232 4796 1618 4869 appellamus,
1653 4816 1769 4854 non
1821 4799 2100 4867 fallimur,

457 4883 813 4955 siquitudcm
837 4890 921 4953 tu,
948 4886 1180 4943 nonnisi
1216 4891 1452 4959 parente
1482 4892 1804 4961 perempto,
1828 4890 2104 4960 proﬁcere

456 4970 775 5028 credidisti.
808 4974 938 5029 Jam
990 4994 1122 5031 vero
1173 4975 1221 5030 si
1280 4981 1334 5030 te
1390 4981 1509 5030 tam
1544 4976 1668 5047 [leg.
1702 4976 1883 5032 Cham
1918 4994 1931 5032 :
1965 4978 2105 5050 quod

453 5070 505 5117 et
543 5064 822 5133 sequentia
867 5064 991 5133 plus
1020 5066 1193 5119 nimio
1223 5066 1559 5135 conﬁrment]
1591 5064 1842 5122 similem
1894 5068 2103 5122 asseri-

454 5167 610 5216 mus,
644 5166 749 5205 nec
780 5150 861 5205 sic
892 5166 1156 5206 erramus
1185 5169 1196 5209 :
1224 5152 1348 5223 ipse
1378 5153 1595 5225 quippe
1618 5153 1759 5209 adeo
1790 5154 1848 5209 in
1880 5155 2106 5211 irrisio-

453 5257 586 5296 nem
623 5244 678 5295 et
709 5238 1125 5295 contumeliam
1158 5239 1339 5310 patris
1370 5242 1709 5313 prorupisti,
1734 5247 1799 5298 ut
1818 5243 1888 5299 de
1915 5244 2106 5301 cathe-

454 5328 558 5383 dra
590 5327 933 5384 sacerdotali
983 5344 1117 5382 eum
1152 5326 1482 5398 projicercs,
1514 5334 1569 5384 et
1618 5331 1689 5385 ad
1738 5329 2102 5389 illudendum

454 5417 673 5481 mimis,
703 5422 759 5472 et
790 5417 1037 5474 scenicis
1066 5416 1453 5471 inverecunde
1482 5419 1778 5488 proderes.
1812 5423 2100 5492 Extremo,

456 5503 504 5556 si
534 5509 590 5559 te
621 5508 836 5564 Judccis
883 5521 1316 5578 comparamus,
1352 5505 1595 5561 fortasse
1642 5525 1757 5563 non
1808 5511 2101 5566 modicum

2218 4536 2401 4591 bonos
2453 4535 2676 4589 fructus
2725 4534 3003 4600 fecerunt,
3037 4537 3140 4589 aut
3195 4533 3363 4588 malae
3394 4529 3561 4603 (qued
3587 4522 3727 4585 absit)
3746 4520 3786 4571 εί

2215 4623 2440 4679 fructus
2471 4638 2671 4679 eorum
2703 4621 2841 4677 mali
2871 4639 2883 4677 :
2912 4627 2969 4678 et
2998 4623 3047 4679 si
3081 4622 3321 4694 quidem
3360 4620 3494 4676 boni
3533 4608 3786 4672 fueruntet

2213 4709 2439 4765 fructus
2461 4725 2661 4765 eorum
2687 4709 2846 4771 boni,
2863 4709 3120 4783 Oportuit
3141 4725 3240 4767 eos
3263 4715 3540 4781 tanquam
3560 4704 3709 4758 bonos
3724 4704 3784 4748 36-

2213 4798 2351 4870 qui:
2385 4799 2503 4854 Non
2531 4799 2680 4853 enim
2722 4805 2895 4869 potest
2923 4797 3255 4871 (Evangelio
3288 4793 3551 4864 testante)
3587 4789 3700 4879 bona
3720 4796 3784 4879 «ξτ-

2214 4888 2310 4944 bor
2336 4888 2507 4943 malos
2535 4890 2748 4958 fructus
2775 4889 2954 4958 facere
2978 4889 3189 4958 (Matth.
3219 4884 3345 4959 vn).
3367 4886 3534 4941 Porro
3562 4879 3606 4935 si
3630 4876 3688 4931 de
3709 4876 3785 4925 eis-

2213 4977 2346 5032 dem
2378 4992 2494 5030 non
2526 4992 2660 5031 cum
2705 4979 2827 5031 tota
2873 4976 3090 5033 Christi
3136 4974 3394 5032 Ecclesia
3421 4970 3588 5044 sapis,
3608 4969 3784 5020 necesse

2211 5069 2301 5121 est
2330 5062 2583 5136 qualiter
2600 5063 2685 5120 vel
2717 5063 2849 5135 ipsi,
2875 5064 2963 5121 vel
2987 5066 3212 5121 fructus
3228 5079 3430 5120 eorum
3452 5057 3578 5116 mali
3606 5047 3781 5112 fuerint,

2212 5153 2484 5226 plurimis
2503 5152 2781 5209 adhibitis
2799 5169 2868 5209 ex
2888 5155 3046 5209 omni
3065 5153 3317 5210 Ecclesia
3336 5149 3573 5207 testibus
3586 5148 3781 5232 comptio-

2212 5242 2315 5297 bes
2339 5244 2396 5296 et
2421 5241 2679 5297 affirmes
2703 5258 2716 5297 :
2741 5243 3015 5313 quoniam
3041 5242 3147 5298 tibi
3170 5240 3277 5298 soli
3299 5256 3474 5312 super
3491 5237 3591 5292 hoc
3607 5229 3780 5300 negotio

2212 5329 2505 5387 contraria
2536 5329 2803 5385 suadenti
2836 5347 2948 5385 non
2976 5330 3251 5386 creditur.

2281 5418 2312 5475 J
2319 5435 2413 5474 am
2444 5435 2576 5473 vero
2630 5417 2680 5473 si
2736 5418 2970 5487 dixeris,
2996 5419 3157 5476 Bona
3186 5423 3242 5475 et
3269 5421 3434 5492 grata
3485 5412 3626 5474 sunt,
3653 5404 3779 5492 aui“?

2212 5507 2491 5574 salubria,
2537 5524 2665 5579 quas
2705 5482 3185 5580 praedicaverunt,
3233 5482 3316 5565 vel
3366 5482 3776 5563 statuerunt.“d
