4058 6174
183 288 354 366 1053

1561 300 1877 366 NIGOLAI
1914 278 2150 364 pnus
2193 299 2241 362 1.

3443 303 3601 368 1054

183 455 309 496 non
370 435 630 511 repellat.
666 437 969 511 Siquidem
1018 454 1173 495 nunc
1232 455 1334 512 pro
1383 437 1676 506 omnibus,
1712 453 1838 510 quae
1867 436 1925 504 Α
1954 438 2009 490 et
2039 435 2191 508 apud
2226 435 2457 492 aurium
2491 439 2827 492 nostrarum
2859 435 3096 493 auditur
3137 435 3426 495 odorifera
3475 455 3602 496 cre-

182 526 450 600 sparsim
484 543 586 600 per
615 526 794 600 hujus
817 526 1076 601 epistolae
1097 531 1320 584 textum
1343 533 1399 586 te
1425 532 1627 585 contra
1648 526 1845 583 omnia

175 617 362 689 jus‘sa
382 617 582 672 divina
603 620 968 690 perpetrasse
991 617 1706 683 commemoravimus,Dei
1728 633 1848 672 om-

183 705 513 778 nipotentis
533 709 589 760 et
608 705 912 762 beatorum
937 706 1328 778 apostolorum
1351 706 1682 779 principum
1697 705 1846 762 Petri

185 811 255 850 ac
289 793 478 863 Pauli,
511 811 579 850 ac
610 794 876 850 omnium
911 794 1086 850 simul
1118 800 1662 868 sanctorum,atque
1684 811 1849 852 vene-

186 884 516 939 randorum
538 900 637 939 sex
650 882 1068 939 universalium
1091 884 1468 940 conciliorum
1483 884 1844 952 auctoritate,

188 989 422 1028 necnon
455 976 512 1028 et
533 970 786 1044 Spiritus
808 973 995 1028 sancti
1015 989 1118 1046 per
1137 990 1242 1029 nos
1273 974 1497 1046 judicio
1522 977 1728 1030 cuncto
1753 991 1847 1030 sa-

187 1060 474 1117 cerdotali
499 1060 810 1128 honore,ac
825 1062 1058 1117 nomine
1070 1063 1248 1134 (quod
1263 1066 1560 1136 gementes
1573 1061 1848 1132 dicimus)

187 1149 509 1214 alienus,et
529 1149 688 1205 omni
712 1149 1020 1208 clericatus
1041 1168 1110 1207 ex
1130 1151 1318 1209 ofﬁcio
1340 1169 1581 1224 prorsus
1604 1156 1812 1207 exutus
1833 1168 1846 1209 :

187 1240 273 1295 ita
295 1243 362 1294 ut
389 1240 437 1294 si
463 1242 594 1311 post
614 1239 882 1294 notitiam
910 1239 1087 1311 hujus
1109 1240 1632 1313 sanetionis.quam
1656 1241 1852 1298 divina

187 1326 582 1400 inspiratione
605 1327 1007 1400 depromptam
1041 1345 1170 1385 esse
1200 1329 1669 1396 credimus,dum
1700 1346 1850 1384 una-

189 1415 472 1473 nimitate
490 1419 547 1470 et
563 1416 872 1471 concordia
887 1421 1102 1472 sancta:
1124 1417 1331 1490 synodi
1353 1417 1430 1473 sit
1451 1417 1650 1490 procul
1672 1418 1850 1474 dubio

188 1504 591 1579 promulgata,
624 1505 862 1561 tentasti
897 1505 954 1560 in
988 1505 1625 1579 Constantinopolitano
1644 1507 1852 1563 throno

190 1593 531 1668 praesidere,
556 1610 621 1649 ac
648 1610 799 1666 saepe
822 1595 939 1650 fato
956 1595 1269 1651 venerabili
1289 1596 1630 1668 coepiscopo
1655 1601 1852 1653 nostro

192 1682 450 1757 Ignatio,
487 1682 805 1754 quominus
835 1682 1140 1740 ecclesiam
1171 1684 1282 1740 sibi
1315 1685 1692 1742 commissam
1726 1685 1854 1741 sine

1954 525 2254 582 brescente
2277 526 2432 580 fama
2456 523 2828 581 laudabiliter
2848 524 3525 598 frequentare,ccepimus
3547 531 3603 584 et

1954 631 2060 671 nos
2091 615 2295 671 exinde
2326 614 2647 670 immensas
2676 613 2864 670 eidem
2889 615 3154 670 omnium
3185 616 3470 672 donarum
3491 615 3601 672 lar-

1955 703 2126 777 gitori
2154 703 2398 759 Domino
2432 703 2652 776 gratias
2683 719 2852 776 agere
2885 707 2980 758 :et
3010 708 3075 759 ut
3123 704 3244 759 hzec
3289 705 3348 760 in
3395 709 3451 761 te
3481 721 3603 762 cre-

1957 808 2113 848 scere
2162 793 2393 859 faceret,
2422 791 2650 847 enixius
2710 791 3044 864 implorare,
3079 793 3180 863 qui
3229 809 3332 864 pro
3378 810 3604 866 magnae

1956 879 2188 954 pietatis
2219 895 2430 946 suas,ac
2454 878 2770 934 ineﬁ‘abllis
2792 877 3201 934 misericordiae
3228 878 3606 935 multitudine

1956 974 2118 1026 tanto
2135 968 2358 1041 apicem
2381 967 2730 1024 excellentiae
2756 972 2866 1023 tuae
2891 972 3023 1039 post
3045 966 3360 1023 sublimius
3381 967 3604 1037 extulit,

1958 1063 2176 1132 quanto
2209 1074 2312 1130 per
2341 1063 2396 1113 te
2428 1074 2738 1130 oppressos
2766 1056 2930 1129 erigi,
2951 1061 3007 1111 et
3038 1056 3434 1128 opprimentes
3457 1073 3609 1113 com-

1958 1149 2154 1221 primi,
2188 1154 2244 1203 et
2289 1147 2605 1203 exultantes
2663 1145 2982 1202 Ecclesiam
3041 1162 3208 1201 suam
3258 1145 3519 1214 exaltari,
3553 1151 3610 1201 et

1959 1237 2341 1294 humiliantes
2371 1237 2521 1293 hanc
2550 1236 2734 1292 voluit
2763 1235 3299 1291 humiliari.Posuit
3318 1235 3532 1309 quippe
3555 1240 3609 1292 te

1961 1327 2020 1384 in
2052 1326 2308 1382 Ecclesia
2337 1343 2446 1382 sua
2475 1326 2629 1382 sicut
2658 1325 2992 1391 cedrum,ut
3024 1323 3134 1380 sub
3157 1325 3366 1380 umbra
3396 1329 3499 1380 tua
3529 1343 3612 1381 re-

1961 1417 2263 1490 frigerium
2297 1414 2561 1481 cruciati,
2592 1419 2648 1470 et
2680 1413 3094 1488 protectionem
3127 1413 3425 1469 inveniant
3451 1415 3612 1470 deso-

1961 1505 2084 1572 lati,
2120 1522 2186 1561 ac
2235 1505 2480 1560 diversis
2527 1503 2968 1577 fatigationibus
3018 1501 3278 1558 lacerati.
3313 1503 3448 1560 Post
3490 1503 3612 1559 hac

1963 1600 2158 1651 autem
2191 1593 2523 1650 audivimus
2555 1592 2614 1648 in
2648 1589 3292 1664 Constantinopolitana
3320 1591 3464 1648 urbe
3485 1592 3612 1649 dis-

1964 1683 2287 1748 sensiones,
2338 1681 2763 1749 contentiones,
2815 1681 3122 1747 clamores,
3155 1680 3611 1751 conjurationes,

193 1773 405 1845 quavis
435 1771 842 1844 inquietudine
877 1788 1076 1845 regere
1105 1777 1303 1845 posset
1325 1773 1621 1846 impedisti
1647 1792 1659 1830 :
1683 1774 1772 1830 vel
1803 1774 1852 1830 si
1883 1807 1934 1874 B
1966 1771 2447 1845 conspirationes,
2475 1771 2778 1837 factiones,
2814 1769 3236 1838 animositates,
3263 1769 3612 1839 simultates,
3641 1770 3644 1772 ⁷

194 1863 266 1917 de
289 1859 622 1916 ministerio
635 1876 797 1916 sacro
819 1859 1064 1917 ulterius
1078 1877 1259 1918 ausus
1273 1860 1433 1918 fuisti
1456 1862 1676 1934 aliquid
1696 1880 1855 1919 more

194 1946 520 2007 sacerdotis
541 1949 897 2022 contingere,
909 1949 1082 2020 juxta
1103 1951 1527 2022 praecedentem
1551 1957 1857 2008 consuetu-

193 2039 395 2095 dinem
427 2038 601 2110 (quod
635 2041 838 2092 contra
867 2054 1119 2094 canones
1150 2039 1256 2111 est)
1291 2039 1451 2096 nullo
1484 2041 1656 2096 modo
1687 2040 1858 2097 liceat

192 2127 300 2182 tibi
329 2126 766 2182 communionis
796 2143 980 2198 spem,
1016 2130 1117 2181 aut
1155 2127 1348 2184 locum
1380 2128 1594 2185 habere
1624 2129 1854 2186 satisfa-

193 2214 538 2281 ctionis,sed
560 2214 954 2271 anathematis
974 2214 1223 2272 vinculis
1243 2216 1560 2272 innodatus
1583 2235 1698 2273 una
1721 2235 1855 2274 cum

196 2303 805 2360 communicatoribus
835 2304 982 2376 tuis,
1017 2310 1191 2377 atque
1214 2305 1541 2362 fautoribus
1573 2312 1854 2379 perpetuo

196 2393 300 2450 Dei
315 2392 564 2464 judicio,
581 2409 647 2448 ac
665 2393 957 2449 sententia
978 2411 1080 2466 per
1109 2393 1568 2451 mediocritatem
1592 2401 1855 2453 nostram

197 2487 479 2548 existens,
496 2498 728 2537 sacrum
760 2499 972 2554 corpus
1003 2487 1058 2539 et
1087 2483 1435 2557 sanguinem
1467 2485 1694 2540 Domini
1716 2485 1856 2542 Jesu

198 2571 416 2628 Christi
451 2570 682 2627 nonnisi
712 2570 899 2627 vicino
931 2571 1139 2629 mortis
1162 2572 1418 2645 periculo
1450 2579 1854 2646 percepturus.

199 2663 502 2728 Quatenus
532 2659 652 2714 haec
680 2660 1089 2732 unusquisque
1121 2661 1321 2718 dicens
1347 2678 1359 2718 ε
1385 2679 1759 2737 nequaquam
1787 2665 1859 2720 de

199 2753 411 2805 caetero
442 2748 754 2804 temeraria
782 2750 1237 2822 praesumptione
1266 2768 1334 2808 ex
1372 2751 1537 2809 laicis
1575 2752 1769 2810 subito
1797 2754 1856 2810 in

199 2837 516 2895 dominicis
574 2838 784 2894 castris
829 2837 1126 2911 insperato
1172 2841 1605 2912 quodammodo
1637 2842 1856 2915 impetu

199 2928 458 2998 irrepere
489 2927 720 2992 audeat,
735 2931 794 2982 et
825 2926 1188 3000 principatus
1219 2945 1415 2986 amore
1438 2934 1571 2986 ante
1591 2931 1708 2986 dux
1729 2949 1858 2988 esse

197 3015 363 3082 velit,
399 3031 577 3087 quam
628 3014 834 3072 tironis
883 3021 1252 3072 consummet
1296 3017 1576 3086 ofﬁcium,
1611 3025 1668 3075 et
1723 3025 1857 3078 ante

199 3109 389 3162 tentet
417 3105 645 3168 docere,
678 3121 857 3176 quam
888 3105 1130 3173 discere,
1165 3105 1318 3162 sicut
1362 3106 1422 3162 in
1468 3109 1669 3165 eadem
1709 3113 1855 3165 Con-

1965 1866 2021 1920 et
2050 1866 2254 1917 caetera
2302 1860 2692 1926 incommoda,
2727 1875 2830 1914 seu
2886 1857 3249 1926 discrimina,
3281 1857 3364 1913 ita
3402 1864 3466 1914 ut
3487 1860 3614 1930 jam

1964 1951 2271 2007 imminere
2299 1950 2606 2005 credamus
2636 1947 2736 2002 illa
2781 1952 3067 2019 tempora,
3091 1963 3218 2019 quae
3251 1947 3322 2003 ab
3354 1947 3616 2019 apostolo

1967 2038 2301 2096 novissimis
2329 2038 2536 2094 diebus
2566 2036 2857 2092 instatura
2887 2035 3006 2091 fore
3049 2035 3324 2108 praedicta
3371 2040 3529 2105 sunt,
3559 2041 3617 2093 et

1966 2146 2174 2203 urgere
2222 2132 2570 2200 putarentur
2612 2125 2812 2182 omnia
2858 2123 3048 2197 signa,
3081 2142 3208 2196 qua:
3261 2125 3618 2197 Redemptor

1967 2224 2164 2275 noster
2195 2219 2369 2272 ﬁnem
2394 2215 2597 2271 mundi
2633 2218 2994 2288 praeventum
3025 2230 3152 2269 esse
3194 2213 3611 2285 pronuntiavit.

1967 2309 2113 2376 Quid
2147 2311 2338 2363 autem
2373 2305 2646 2377 nequius,
2673 2305 2788 2359 imo
2821 2301 3230 2376 periculosius,
3265 2319 3443 2374 quam
3483 2306 3615 2359 ante

1958 2393 2670 2470 justam,canonicamque
2693 2389 3051 2447 audientiam
3074 2389 3200 2446 sola
3220 2389 3483 2446 saeculari
3513 2407 3614 2462 po-

1965 2486 2150 2542 tentia
2179 2481 2489 2557 praesulem
2519 2499 2552 2537 a
2582 2499 2689 2536 sua
2719 2481 2856 2537 sede
2886 2479 3344 2552 propelli,atque
3373 2478 3619 2536 ecclesia

1966 2575 2079 2632 sibi
2113 2573 2391 2630 divinitus
2413 2569 3164 2640 commissa,consensuque
3185 2585 3251 2624 ac
3273 2567 3616 2641 subcriptio-

1967 2681 2038 2720 ne
2071 2661 2515 2737 provincialium
2539 2659 2927 2725 sacerdotum,
2943 2662 2999 2713 et
3015 2657 3615 2729 compatriarcharum

1967 2751 2380 2809 communione
2430 2750 2698 2805 roborata
2743 2746 2995 2818 privari?
3027 2749 3084 2800 et
3130 2761 3266 2800 eum
3315 2745 3415 2818 qui
3465 2747 3616 2801 inter

1966 2843 2150 2898 Deum
2182 2845 2238 2896 et
2267 2838 2562 2894 hominem
2585 2835 2970 2907 interpres,ab
2998 2833 3412 2889 intercessione
3438 2850 3616 2905 popu-

1965 2927 2355 2996 lorum,nulla
2384 2929 2707 2982 monstrata
2735 2941 2903 2990 noxa,
2937 2922 3060 2978 solo
3091 2939 3193 2994 pro
3212 2921 3380 2976 libitu
3408 2920 3612 2977 unius-

1965 3022 2251 3092 cujusque
2281 3015 2602 3072 removeri?
2631 3013 2798 3080 Quid,
2835 3009 3493 3084 inquam,nequius,aut
3514 3027 3613 3082 pe-

1966 3108 2299 3173 riculosius,
2333 3121 2508 3177 quam
2543 3106 2606 3158 ut
2636 3099 2908 3174 discipuli
2944 3117 3124 3156 manu
3172 3099 3232 3154 in
3264 3098 3613 3172 magistrum

200 3191 728 3266 stantinopalitana
757 3193 1011 3250 Ecclesia
1061 3212 1210 3267 sape
1261 3202 1686 3269 praesumptum
1729 3204 1857 3256 esse
1886 3176 1930 3243 ί]
1968 3196 2273 3270 injiciant?
2294 3176 2396 3250 ﬁlii
2419 3194 2649 3265 viperas
2672 3191 2971 3247 imitantes
2994 3193 3291 3262 parentem
3318 3188 3612 3260 propriam

201 3281 622 3354 comperimus.
645 3282 713 3337 Et
732 3299 938 3337 rursus
971 3299 1041 3338 ne
1071 3284 1425 3356 contemptis
1446 3285 1671 3342 clericis
1694 3290 1856 3359 (quo-

200 3388 338 3427 rum
374 3373 573 3442 utpote
598 3369 657 3424 in
689 3374 810 3425 tam
841 3387 1056 3444 magna
1085 3372 1227 3428 urbe
1257 3373 1492 3446 copiosa
1541 3375 1856 3433 multitudo

199 3461 315 3528 est)
347 3457 600 3531 quisque
630 3459 701 3514 ab
732 3459 878 3531 ipsis
911 3463 999 3531 (ut
1027 3460 1109 3515 ita
1151 3461 1492 3530 dixerimus)
1523 3464 1854 3532 cunabulis,

199 3548 682 3620 impraetermisso
713 3547 908 3605 labore
941 3549 1001 3604 in
1025 3549 1281 3606 Ecclesia
1296 3551 1511 3607 Christi
1534 3553 1850 3624 dcsudant;

199 3643 256 3695 et
273 3635 669 3693 indesinentia
688 3638 933 3695 Domino
953 3640 1226 3696 exhibent
1243 3641 1851 3717 servitutisobsequia,

197 3728 251 3784 is
311 3725 413 3798 qui
469 3726 684 3782 deforis
740 3732 848 3795 est,
882 3728 1122 3785 alterius
1171 3729 1337 3786 ovilis
1376 3730 1588 3787 Christi
1621 3738 1856 3806 repente

196 3814 601 3889 principatum
628 3815 890 3888 arripiat,
905 3822 964 3873 et
993 3817 1214 3874 nitatur
1244 3836 1390 3891 quos
1418 3837 1546 3876 esse
1579 3839 1718 3877 suos
1738 3839 1853 3879 non

194 3903 589 3976 recognoscit,
619 3903 965 3977 discerpere,
999 3911 1056 3961 et
1086 3923 1224 3980 grex
1255 3907 1593 3964 Dominicus
1615 3910 1856 3982 incipiat

195 4006 337 4049 eum
369 3995 572 4063 utpote
601 3995 1032 4059 extraneum,et
1057 3994 1440 4068 improvisum
1463 3996 1700 4052 omnino
1723 4014 1854 4054 con-

195 4082 814 4152 temnere,pra3sertim
837 4099 970 4138 cum
996 4083 1310 4156 perspiciat
1332 4083 1477 4138 nihil
1501 4084 1610 4140 sibi
1635 4085 1856 4158 stipen-

198 4169 298 4224 dia
318 4169 636 4242 profecisse
661 4171 1088 4239 meritorum,et
1109 4172 1368 4228 alienum
1393 4189 1635 4229 suorum
1657 4179 1858 4230 cernat

197 4273 550 4314 consumere
570 4257 796 4315 fructus
811 4258 1099 4315 laborum.
1116 4260 1261 4316 Data
1278 4259 1478 4317 Idibus
1490 4261 1853 4332 Novembris,

198 4345 525 4403 indictione
552 4363 647 4404 xv.

1018 4464 1060 4520 C

693 4568 768 4608 AD
807 4569 1043 4609 BABDAM
1081 4569 1378 4610 CESAREM.

847 4643 1032 4716 (Anno
1068 4644 1221 4711 866.)

197 4737 357 4796 Dolet
380 4753 441 4821 se
466 4737 750 4823 depulsum
774 4742 948 4823 fuisse
1067 4757 1178 4814 spe,
1200 4757 1376 4823 quam
1422 4741 1486 4823 9b
1521 4742 1696 4823 inulta
1739 4761 1858 4823 Quae

270 4827 308 4866 a
333 4811 614 4886 principio
643 4811 706 4866 de
732 4811 850 4884 ejus
877 4814 1078 4885 pietate
1092 4811 1376 4879 audierat,
1412 4815 1473 4868 in
1521 4815 1637 4886 ipso
1685 4811 1856 4872 co'lto-

271 4890 493 4956 caverat
503 4902 524 4948 ;
544 4883 794 4938 hortatur
812 4883 937 4940 eum
955 4892 1016 4939 ut
1035 4886 1397 4956 resipiscat,et
1411 4883 1635 4940 causam
1652 4887 1860 4955 Ignatii

273 4952 424 5025 apud
454 4954 834 5024 imperatorem
862 4963 1008 5025 agat,
1041 4952 1280 5028 ipsisque
1310 4956 1502 5026 legatis
1529 4956 1668 5012 sedis
1681 4952 1855 5030 apos-

273 5024 460 5082 talia?
485 5025 690 5095 faveat.

273 5025 460 5082 tolicz
487 5025 690 5082 faveat.

723 5123 909 5195 [Apud
941 5123 1150 5191 Mansi,
1183 5123 1346 5196 ibid.]

273 5233 566 5292 Nxcoums
624 5237 954 5310 episcopus,
1011 5255 1212 5296 servus
1263 5254 1560 5295 servorum
1626 5238 1742 5307 Dei,
1795 5241 1855 5296 in

201 5322 436 5380 Christo
469 5323 766 5398 diligendo
792 5327 912 5384 ﬁlio
944 5329 1155 5384 BARDE
1184 5326 1400 5400 inclyto
1431 5327 1662 5383 Caesari.

273 5412 595 5485 Postquam
618 5414 719 5470 Dei
751 5417 1168 5488 omnipotentis
1197 5417 1255 5471 in
1287 5421 1343 5471 te
1373 5420 1672 5488 coeperunt
1701 5417 1854 5476 dona

196 5500 366 5558 miris
396 5503 772 5561 successibus
799 5506 1444 5577 abundare,eorumque
1463 5505 1750 5561 donorum
1767 5507 1853 5563 in-

195 5590 393 5665 signia
411 5589 587 5665 longe
609 5591 841 5666 lateque
860 5594 1280 5668 gtoriosissims
1293 5609 1850 5665 coruscare,necnon

1967 3290 2276 3359 (quantum
2300 3284 2360 3338 in
2374 3283 2519 3354 ipsis
2536 3280 2644 3351 est)
2659 3278 3049 3334 interﬁciant?
3061 3278 3230 3350 eique
3247 3275 3612 3342 maledicere,

1966 3393 2000 3432 a
2030 3393 2144 3449 quo
2165 3371 2455 3429 benedicti
2478 3370 2654 3425 sunt?
2675 3385 2808 3424 eum
2842 3367 3142 3440 projicere,
3177 3384 3212 3422 a
3242 3383 3358 3439 quo
3389 3366 3459 3424 ad
3493 3365 3612 3422 sin-

1964 3465 2235 3539 gulorum
2249 3461 2539 3534 graduum
2563 3457 2842 3513 honorem
2867 3455 3105 3529 profecti
3131 3455 3464 3521 sunt?Quid
3477 3472 3610 3510 vero

1965 3549 2512 3627 praesumptuosius,
2546 3562 2724 3619 quam
2755 3547 2804 3601 si
2839 3545 3045 3618 pulsus
3093 3545 3348 3618 aliquem
3378 3543 3611 3617 pellere,

1965 3646 2066 3699 aut
2088 3645 2344 3697 remotus
2358 3638 2780 3702 removere,aut
2800 3633 3018 3707 ligatus
3041 3633 3218 3706 ligare
3242 3631 3613 3696 tentet?Quid

1965 3735 2242 3805 prseterea
2297 3723 2825 3791 inconvenientius,
2859 3724 2944 3778 vel
2995 3722 3408 3790 inordinatius,
3439 3726 3615 3793 atque

1964 3818 2266 3877 confusius
2288 3817 2380 3890 agi
2407 3818 2612 3888 potest,
2629 3829 2807 3885 quam
2837 3815 3003 3868 tanta
3032 3811 3451 3867 numerositate
3469 3812 3614 3866 Con-

1965 3905 2620 3979 stantinopolitanorum
2649 3901 3016 3969 clericorum,
3050 3904 3330 3972 tanquam
3363 3903 3482 3955 tota
3527 3898 3614 3955 vel

1965 3998 2098 4053 ﬁdei
2129 3995 2436 4052 violatione
2469 3989 2804 4064 polluta,vel
2833 3989 3077 4045 inscitiae
3101 3987 3439 4061 insipientia
3458 4004 3617 4043 ener-

1962 4091 2114 4152 vata,
2138 4083 2228 4140 vel
2259 4080 2504 4137 diversis
2535 4077 2882 4134 criminibus
2912 4078 3108 4143 irreta,
3131 4080 3327 4149 spreta
3357 4075 3610 4147 penitus,

1965 4193 2030 4232 ac
2061 4173 2389 4246 reprobata,
2421 4168 2636 4224 laicum
2667 4183 2844 4238 super
2872 4165 3023 4221 hanc
3055 4165 3296 4238 erigere,
3330 4168 3387 4219 et
3424 4168 3612 4219 extra-

1965 4281 2142 4321 neum
2174 4277 2350 4334 super
2379 4274 2508 4314 eam
2541 4257 2837 4320 inducere,
2867 4258 2924 4310 et
2952 4253 3011 4308 in
3051 4270 3120 4309 ea
3167 4256 3369 4309 contra
3415 4269 3612 4309 sacros

1964 4368 2239 4416 canones,
2271 4350 2389 4405 imo
2419 4364 2552 4403 vero
2582 4346 2861 4402 adversus
2893 4341 3222 4417 apostolum
3254 4342 3612 4416 neopbytum

1966 4440 2273 4502 ordinare?
2303 4439 2435 4495 Jam
2481 4453 2614 4493 vero
2665 4435 2714 4492 si
2768 4433 3128 4507 ncophytum
3182 4431 3414 4488 nonnisi
3445 4431 3613 4488 novi-

1889 4542 1936 4608 D
1965 4538 2055 4589 ter
2095 4531 2155 4586 in
2210 4529 2323 4585 ﬁde
2371 4526 2703 4598 plantatum
2747 4521 2942 4578 dicitis
2973 4538 2988 4577 :
3019 4520 3467 4608 respondemus,
3495 4536 3612 4575 non

1967 4623 2077 4678 hoc
2141 4618 2287 4674 illud
2355 4615 2524 4672 nobis
2590 4628 2804 4668 nomen
2870 4610 3202 4684 signiﬁcare
3253 4625 3267 4664 :
3319 4607 3656 4680 siquidem”

1967 4711 2027 4766 in
2073 4708 2173 4764 illo
2221 4703 2476 4770 nomine,
2503 4700 2658 4774 quod
2707 4704 2796 4756 est
2843 4699 3189 4772 neophytus,
3221 4697 3366 4752 nihil
3399 4699 3468 4754 de
3497 4697 3611 4754 ﬁde

1966 4802 2156 4856 sonat.

2038 4887 2149 4945 Sed
2183 4883 2376 4941 dicitis
2410 4897 2423 4936 :
2455 4885 2543 4936 Ita
2572 4879 2681 4934 hoc
2713 4878 2897 4935 sancti
2952 4878 3153 4934 Patres
3197 4875 3384 4932 nostri
3431 4874 3611 4931 inter-

1966 4979 2292 5051 pretantur,
2321 4968 2590 5026 videlicet
2635 4971 2702 5023 ut
2753 4967 3082 5040 neophytus
3126 4965 3352 5022 noviter
3392 4963 3452 5020 in
3497 4965 3610 5020 ﬁde

1966 5065 2263 5139 plantatus
2289 5055 2688 5129 intelligatur?
2713 5057 2787 5111 At
2829 5071 2936 5112 nos
2984 5054 3429 5128 respondemus,
3453 5054 3607 5125 quod

1967 5159 2276 5228 postquam
2298 5148 2359 5203 in
2381 5144 2800 5218 compositione
2820 5145 3078 5201 nominis
3100 5143 3281 5216 hujus
3301 5141 3383 5198 nil
3405 5143 3477 5197 de
3498 5142 3610 5196 ﬁde

1965 5227 2172 5301 sonare
2204 5239 2332 5303 scit,
2348 5252 2463 5291 non
2493 5233 2681 5291 solum
2708 5233 2767 5288 in
2798 5233 2930 5302 ﬁde,
2949 5251 3150 5289 verum
3192 5233 3365 5288 etiam
3397 5230 3456 5285 in
3489 5227 3607 5284 cle-

1965 5331 2126 5389 ricali
2149 5327 2362 5385 militia
2391 5324 2614 5381 noviter
2644 5323 2896 5379 insertus
2919 5323 3245 5396 neophytus
3281 5318 3469 5374 valeat
3499 5334 3604 5389 ap-

1962 5413 2691 5496 pellari,quemadmodum
2716 5417 2773 5469 et
2794 5418 3032 5468 sanctus
3054 5405 3608 5484 papaGregorius,et

1959 5495 2278 5584 Anglorum
2304 5501 2494 5579 gentis
2526 5501 2826 5575 apostolus
2856 5502 3202 5558 intercessor
3228 5495 3604 5584 vesterapud

1963 5582 2167 5673 Deum,
2181 5597 2282 5670 qui
2303 5598 2362 5653 et
2379 5591 2498 5650 vim
2529 5589 2785 5649 nominis
2803 5589 2972 5649 istius
3000 5582 3410 5660 perspicaciter
3428 5582 3606 5644 intel-
