4036 6132
452 236 610 300 1965

1812 222 2127 290 NICOLAI
2170 224 2413 288 ΡΑΡιΕ·
2441 224 2492 289 Ι.

3646 228 3773 296 1056

449 369 610 437 lexit,
643 374 698 425 et
729 372 922 440 patres
954 366 1086 422 illos
1119 367 1332 432 forsan,
1368 381 1514 436 quos
1554 362 1766 428 dicitis,
1802 361 2097 416 subtiliter
2127 363 2177 426 Α
2210 366 2322 415 tem
2348 362 2600 417 extensis
2623 359 3005 434 benignitatis
3023 360 3274 418 brachiis
3298 360 3586 419 clementer
3602 366 3757 437 ample

452 459 838 530 investiguvit,
875 458 1026 512 inter
1080 461 1284 510 caitera
1343 453 1565 514 scribit,
1625 453 1822 505 (licens
1879 468 1890 504 :
1941 451 2098 503 Sicut

454 553 649 604 autem
672 551 810 602 tunc
841 545 1165 616 neophytus
1188 544 1509 608 dicebatur,
1535 541 1634 613 qui
1667 539 1834 595 initio
1868 540 1928 594 in
1961 556 2095 594 san-

454 642 555 692 ctas
588 637 722 691 fidei
769 638 892 690 erat
936 632 1369 688 conversatione
1419 631 1755 703 plantatus:
1792 629 1874 684 sic
1927 627 2098 682 modo

456 725 782 798 neophytus
809 723 1114 778 habendus
1145 725 1251 787 est,
1289 720 1386 792 qui
1423 725 1656 791 repente
1711 719 1766 773 in
1802 715 2099 789 religionis

454 815 656 870 habitu
690 812 984 885 plantatus
1010 811 1078 866 ad
1111 810 1453 865 ambiendos
1483 809 1731 863 honores
1778 822 1975 861 saeros
2022 805 2097 859 ir-

453 903 717 974 repserit.
760 901 906 964 Quid
939 917 1147 954 rursus
1195 897 1578 970 perniciosius
1625 900 1731 959 est,
1767 911 1942 967 quam
1977 893 2098 948 cui-

454 1008 630 1064 quam
662 1008 728 1046 cx
759 989 1150 1046 schismaticis
1173 987 1327 1042 intra
1352 990 1515 1057 septa
1544 983 1844 1040 Dominica
1883 982 2098 1054 princi-

453 1086 655 1153 patum
686 1080 962 1143 tribuere,
983 1084 1038 1132 et
1061 1095 1160 1148 per
1190 1077 1498 1131 damnatos
1530 1073 1977 1136 sanetiﬁcare,et
2001 1089 2100 1143 per

452 1168 747 1242 depositos
795 1168 865 1222 ad
917 1165 1304 1221 sacerdotium
1357 1164 1694 1228 sublimare,
1744 1166 1800 1216 et
1856 1161 2100 1215 viventis

451 1257 644 1312 locum
677 1255 997 1326 subripere,
1031 1258 1088 1308 et
1136 1252 1300 1307 alteri
1353 1252 1567 1306 Christi
1621 1267 1899 1322 sponsam
1946 1265 2100 1304 com-

452 1346 696 1402 missam
729 1349 1031 1406 temerare,
1067 1347 1122 1395 et
1155 1342 1213 1396 in
1247 1340 1602 1412 apostasiam
1636 1338 1852 1394 multos
1878 1338 2100 1392 demer-

452 1451 608 1507 gere,
639 1439 695 1488 et
724 1432 781 1487 in
819 1431 1218 1485 inﬁdelitatem
1241 1427 1623 1500 impellere,et
1653 1445 1686 1483 a
1716 1427 2094 1498 professione,

449 1523 539 1579 vel
573 1521 1000 1592 subscriptione
1033 1536 1139 1574 sua
1173 1535 1286 1573 non
1320 1535 1536 1589 paucos
1569 1514 2101 1582 avertere,eteee1e-

453 1613 601 1669 siam
639 1627 739 1682 per
771 1613 995 1664 exteras
1027 1611 1337 1678 potestates
1369 1606 1648 1677 accipere,
1673 1623 1739 1660 ac
1772 1622 1872 1676 per
1902 1605 2010 1659 hoc
2041 1604 2099 1658 in

2207 455 2413 504 ctetur.
2450 452 2514 504 Et
2547 469 2662 506 non
2697 456 2920 506 tantum
2955 451 3289 523 indignatus
3336 457 3418 506 est
3447 470 3538 523 pro
3566 453 3773 520 laesione,

2205 557 2382 612 quam
2412 541 2676 597 Ecclesiae
2710 541 2868 596 illius
2900 545 3172 612 operatus
3203 557 3283 610 es,
3318 546 3581 612 quantum
3608 541 3778 598 laetabi-

2207 634 2322 695 tur,
2355 629 2403 685 si
2436 647 2609 702 quem
2641 629 2842 685 laesisti
2873 630 3153 685 adversus
3207 629 3528 694 Ecelesiam,
3557 631 3780 700 adjuvare

2207 719 2596 774 contenderis.
2621 719 2883 790 Porrigat
2911 717 3091 791 igitur
3121 717 3302 790 pietas
3329 722 3424 772 tua
3443 717 3782 776 Constantino-

2207 807 2475 878 politanae
2506 807 2773 863 Ecclesiae
2806 823 3068 873 manum,
3105 823 3208 862 nec
3242 805 3488 878 patiatur
3514 805 3647 862 hanc
3688 824 3782 863 am-

2208 895 2364 968 plius
2399 896 2644 965 suojam
2668 896 3005 950 destitutam
3031 900 3248 950 rectore
3270 895 3570 949 subsistere
3591 912 3603 949 :
3624 901 3782 950 etme:-

2209 991 2430 1039 rentem
2451 1002 2515 1041 ac
2540 984 2833 1056 lugentem
2856 985 3142 1039 incedere.
3157 983 3448 1038 Virtutum
3469 982 3782 1048 charismata,

2209 1091 2335 1144 quae
2354 1073 2455 1127 tibi
2473 1073 2756 1128 Dominus
2772 1078 2966 1130 noster
2985 1071 3158 1127 Jesus
3172 1071 3436 1126 Christus
3453 1071 3685 1136 contulit,
3699 1089 3781 1128 non

2208 1167 2409 1218 contra
2439 1179 2520 1227 se,
2554 1163 2652 1218 sed
2684 1179 2786 1233 pro
2818 1177 2899 1227 se,
2932 1178 3152 1233 proque
3205 1169 3404 1216 saneta
3447 1159 3674 1216 Ecclesia
3707 1179 3785 1216 sua

2209 1255 2532 1323 praeparata
2551 1267 2783 1321 semper
2805 1249 3061 1304 inveniat
3085 1267 3098 1304 :
3131 1255 3301 1321 teque
3321 1251 3391 1304 de
3412 1249 3678 1304 beneﬁciis
3696 1251 3785 1305 suis

2208 1357 2338 1396 esse
2367 1339 2740 1394 melioratum
2772 1339 3108 1411 gaudeat,et
3137 1337 3354 1411 gratias
3376 1355 3536 1412 agere
3554 1338 3784 1394 continuis

2208 1428 2388 1497 horis,
2423 1433 2598 1500 atque
2627 1429 2941 1483 momentis
2972 1428 3240 1499 reperiat.

2283 1519 2529 1591 Legatos
2564 1522 2837 1588 praeterea
2862 1517 3176 1588 (Donatum
3206 1515 3470 1571 videlicet
3493 1515 3784 1571 reverendiso

2210 1608 2451 1673 simum,
2477 1611 2532 1662 et
2561 1606 3006 1664 sanctissimum
3040 1610 3256 1661 sanctis
3279 1603 3538 1660 Ecclesiae
3561 1603 3788 1660 Ostiensis

453 1699 598 1756 ovile
625 1697 1016 1760 Dominicum,
1050 1713 1163 1750 non
1193 1713 1294 1767 per
1325 1696 1561 1761 ostium,
1597 1695 1696 1749 sed
1729 1711 1797 1749 ex
1836 1695 2100 1763 adverso,
2135 1731 2179 1795 Β
2212 1696 2573 1768 epise0pum,
2599 1701 2654 1750 et
2685 1694 3008 1767 religiosos,
3033 1711 3099 1750 ac
3128 1693 3482 1749 venerabiles
3512 1698 3694 1748 sanctae
3710 1693 3788 1747 Ro-

454 1805 519 1844 ac
549 1786 785 1842 aliunde
814 1785 1221 1851 conscendere,
1251 1789 1307 1839 et
1335 1783 1393 1838 in
1425 1783 1484 1838 id
1528 1799 1686 1838 more
1736 1782 1881 1838 furis
1930 1787 2104 1853 atque

454 1876 718 1939 latronis,
753 1891 853 1930 seu
888 1873 1010 1946 lupi
1044 1873 1270 1945 rapacis
1300 1874 1572 1944 irrepere,
1605 1878 1658 1928 et
1693 1873 1948 1944 primum
1982 1871 2105 1942 qui-

453 1967 586 2020 dem
618 1967 910 2035 pastorem
945 1963 1396 2029 necare,deinde
1426 1979 1558 2017 vero
1589 1961 1783 2017 ovium
1816 1961 1961 2016 alias
1983 1960 2106 2032 qui-

453 2055 586 2110 dem
619 2051 929 2117 trucidare,
954 2051 1097 2108 alias
1140 2056 1332 2107 autem
1385 2051 1738 2122 dispergere,
1786 2054 2100 2116 conterere,

453 2143 696 2209 nudare,
731 2140 1006 2206 lacerare,
1041 2157 1105 2196 ac
1137 2140 1380 2196 diversis
1410 2141 1599 2194 modis
1631 2145 1688 2194 et
1722 2137 2104 2194 machinatio-

454 2232 632 2286 nibus
663 2230 1038 2302 disperdere?
1069 2229 1216 2294 Quid
1249 2234 1563 2300 postremo,
1595 2244 1955 2299 quazsumus,
1978 2227 2108 2283 hor-

455 2319 747 2386 ribilibus,
769 2323 827 2374 et
851 2317 1286 2382 exsecrabilius,
1318 2335 1494 2389 quam
1527 2316 1957 2382 Dominica,seu
1977 2333 2106 2372 san-

456 2412 684 2463 ctorum
717 2408 977 2476 Patrum,
999 2423 1221 2460 necnon
1255 2409 1311 2460 et
1341 2405 1670 2476 apostolicae
1703 2405 1857 2460 sedis
1888 2405 2106 2475 scripta

456 2513 560 2568 pro
593 2496 890 2568 religione,
927 2512 1030 2566 pro
1061 2493 1390 2566 disciplina,
1412 2511 1514 2566 pro
1550 2494 1901 2548 correctione
1925 2494 2106 2548 missa

453 2585 694 2650 violare,
718 2587 774 2638 et
813 2584 1081 2656 quaedam
1117 2583 1354 2654 quidem
1388 2599 1586 2638 eorum
1615 2582 1885 2637 fidelibus
1913 2582 2104 2638 occul-

455 2677 598 2740 tare,
633 2673 903 2744 quaedam
935 2690 1066 2728 vero
1098 2672 1464 2739 defraudare,
1496 2677 1553 2727 et
1591 2673 2006 2739 subtractione,
2041 2689 2105 2726 ac

455 2762 1164 2827 commutatione,neenon
1197 2766 1253 2816 et
1283 2762 1580 2817 additione
1611 2763 1875 2834 quaedam
1901 2762 2107 2818 callide

454 2851 810 2924 depravare?
835 2851 1046 2906 Missos
1079 2868 1311 2923 quoque
1342 2849 1491 2906 beati
1526 2851 1678 2906 Petri
1711 2850 2104 2923 apostolorum

455 2939 738 3013 principis
767 2940 944 2995 variis
977 2940 1339 3012 argumentis
1371 2957 1404 2994 a
1432 2939 1540 2995 sibi
1573 2939 1906 2995 commissis
1946 2955 2106 2994 aver-

455 3035 597 3100 tere,
611 3035 670 3085 et
697 3029 766 3084 ad
802 3028 1246 3102 princessionem
1279 3027 1893 3101 [at.,processionem],
1925 3046 2051 3100 quae
2074 3045 2108 3084 a

2212 1803 2399 1840 mana:
2431 1785 2698 1839 Ecclesia:
2718 1785 2968 1839 Leonem
3002 1783 3156 1839 tituli
3192 1783 3377 1838 sancti
3410 1783 3654 1855 martyris
3671 1782 3788 1837 Chri-

2214 1875 2287 1930 sti
2322 1874 2638 1942 Laurentii,
2661 1873 2760 1945 qui
2793 1872 3124 1945 appellatur
3156 1872 3413 1939 Damasi,
3436 1872 3786 1943 presbyterum,

2213 1970 2387 2036 atque
2419 1963 2708 2017 Marinum
2741 1961 3068 2034 apostolicae
3101 1967 3314 2017 nostra
3346 1960 3497 2017 sedis
3535 1961 3789 2028 diaeonem)

2215 2069 2362 2126 quos
2383 2051 2946 2122 Constantinopolim
2964 2051 3023 2105 in
3048 2049 3284 2106 nomine
3307 2050 3526 2105 Domini
3547 2049 3790 2104 destinavi-

2215 2141 2457 2209 mus,ita
2477 2139 2831 2206 libenter,ita
2860 2140 3110 2212 benigne
3142 2139 3442 2212 suscipite,
3459 2143 3615 2212 atque
3633 2143 3788 2193 tracta-

2215 2236 2289 2298 te,
2325 2229 2824 2302 quemadmodum
2856 2229 3161 2284 orthodoxi
3195 2229 3487 2301 principes
3515 2228 3649 2283 beati
3682 2226 3788 2282 Petri

2214 2319 2463 2392 apostoli
2524 2318 2738 2374 missos
2795 2317 3113 2390 suscipere,
3147 2333 3374 2373 necnon
3420 2320 3645 2372 tractare
3676 2313 3788 2370 soliti

2215 2409 2394 2464 fuisse
2427 2407 2626 2463 multis
2659 2407 2928 2479 apicibus
2960 2407 3314 2462 referuntur.
3348 2406 3489 2463 Nam
3515 2410 3566 2460 et
3591 2404 3790 2475 impieta-

2213 2503 2331 2553 tem
2363 2513 2725 2569 paganorum
2771 2495 3185 2552 transcendere
3225 2495 3671 2568 comprobantur,
3699 2489 3791 2564 qui-

2215 2605 2445 2660 cunque
2476 2587 2698 2658 legatos
2729 2585 3110 2641 ecclesiarum
3143 2585 3506 2657 quibuslibet
3532 2583 3794 2656 putaverint

2215 2675 2586 2732 contumeliis
2619 2675 3012 2748 impetendos.
3047 2675 3211 2746 Apud
3247 2673 3407 2746 ipsos
3426 2673 3570 2729 enim
3598 2677 3645 2726 et
3660 2671 3793 2726 sinon

2216 2765 2464 2821 habetur
2510 2765 2722 2836 legatio
2772 2764 3040 2819 fortassis
3088 2769 3354 2836 accepta,
3385 2778 3616 2835 persona
3649 2766 3792 2814 tamen

2213 2855 2390 2927 legati
2421 2871 2652 2926 semper
2672 2853 2975 2924 judicatur
3025 2852 3335 2923 immunis,
3368 2850 3658 2924 praesertim
3698 2862 3793 2901 cum

2215 2943 2429 3016 legatio
2451 2944 2822 3016 praefatorum
2843 2941 2990 2996 nihil
3008 2941 3122 2997 nisi
3145 2959 3274 3014 quas
3301 2941 3459 3013 pacis
3481 2939 3794 3006 sunt,satagat

2217 3038 2273 3089 et
2301 3038 2533 3088 tantum
2569 3049 2697 3104 quas
2713 3030 2950 3102 justitia
2979 3030 3191 3102 diligit,
3222 3030 3355 3102 ipsa
3382 3028 3674 3086 verecunde
3697 3040 3794 3078 sua-

455 3099 1396 3182 schismaticis,exe:mmunicatis
1415 3099 1779 3172 etdamnatis
1804 3099 2103 3190 agebatur,
2135 3099 2178 3165 C
2217 3126 2354 3180 dere
2386 3099 2734 3178 conten-dat.“
2752 3120 2983 3176 Scilicet
3009 3099 3300 3175 utablato
3331 3118 3548 3176 mmcho
3591 3113 3794 3172 Ecclesia

456 3207 812 3281 pertrahere,
848 3206 1095 3278 illosque
1127 3211 1461 3277 contempta
1509 3205 1818 3279 legatione,
1851 3224 1978 3278 qua:
2016 3205 2106 3261 vel

454 3296 763 3369 gentilium
798 3312 956 3351 more
983 3294 1219 3350 tractari
1241 3295 1768 3362 debuit,nonnullis
1790 3294 2109 3350 incommo-

454 3386 546 3442 dis
579 3385 910 3451 subdere,et
931 3385 1003 3439 ad
1029 3390 1353 3440 extremum
1387 3383 1445 3438 in
1478 3383 1809 3440 illusionem
1841 3385 2106 3440 beatissi-

457 3474 537 3530 mi
571 3475 745 3540 Petri,
781 3492 814 3529 a
843 3475 1012 3545 cujus
1044 3474 1181 3528 sede
1217 3474 1458 3545 profecti
1491 3474 1740 3541 fuerant,
1766 3491 1881 3528 non
1915 3473 2106 3528 solum

452 3563 782 3619 inefﬁcaces
814 3562 1001 3617 redire
1033 3562 1449 3629 facere,verum
1472 3563 1646 3617 etiam
1669 3562 2106 3634 impugnatores

455 3652 746 3716 omnium,
781 3668 907 3722 quae
940 3651 1217 3705 mandata
1247 3650 1496 3715 fuerant,
1521 3650 1958 3706 demonstrare?
1974 3651 2105 3714 Quae

456 3745 515 3796 et
544 3739 634 3794 his
668 3738 906 3803 similia,
934 3755 1156 3793 necnon
1191 3744 1246 3794 et
1278 3738 1372 3793 his
1404 3737 1664 3809 pluriora
1695 3739 1752 3792 in
1785 3738 2110 3794 Constanti-

457 3827 795 3900 nopolitana
824 3827 1078 3895 urbe,ve|
1111 3827 1168 3880 in
1203 3826 1607 3898 adjacentibus
1638 3827 1750 3883 sibi
1772 3828 2107 3884 civitatibus

455 3916 671 3990 patrari
703 3916 1029 3982 audientes,
1053 3916 1339 3971 immenso
1371 3934 1582 3972 sumus
1614 3933 1858 3972 mcerore
1879 3915 2104 3988 repleti,

456 4011 513 4062 et
542 4006 831 4061 anxietate
862 4005 1047 4060 nimia
1078 4004 1424 4076 perturbati.
1460 4006 1569 4061 Sed
1603 4006 1741 4077 quia
1761 4005 1972 4061 horum
1989 4024 2108 4062 om-

458 4096 623 4152 nium
657 4099 859 4151 auctor
887 4099 949 4150 tu
1002 4095 1248 4151 existere
1292 4095 1449 4150 fama
1497 4094 1831 4168 divulgante
1873 4094 2104 4162 diceris,

455 4183 807 4240 intolerabili
837 4184 1098 4239 cruciatu
1132 4184 1346 4239 mentis
1377 4183 1686 4250 afﬁcimnr,
1718 4189 1774 4238 et
1808 4184 2108 4240 doloribus

456 4271 716 4342 undique
735 4275 1210 4344 eoaugustamur.
1232 4270 1393 4325 Unde
1412 4270 1676 4327 videlicet
1701 4287 1835 4326 cum
1855 4271 2109 4329 Jeremia

456 4360 517 4416 in
547 4377 746 4415 vocem
779 4376 1178 4432 prorumpere,
1197 4376 1263 4415 ae
1293 4359 1433 4414 libet
1462 4359 1918 4416 lamentabiliter
1973 4379 2109 4417 mce-

2217 3209 2890 3282 Constantinopolitanaa,
2907 3207 3140 3281 proprio
3172 3209 3455 3264 reddatur
3481 3205 3712 3279 episcopo
3729 3218 3740 3255 :
3757 3204 3796 3254 et

2217 3302 2266 3357 si
2299 3301 2439 3374 quid
2464 3300 2599 3354 huic
2623 3298 2889 3354 restituto
2904 3299 3030 3369 jam
3055 3297 3327 3354 fortassis
3349 3295 3795 3368 objicitur,servato

2217 3389 2418 3446 ordine
2449 3389 2805 3453 audiatur,et
2824 3385 3154 3457 judicetur;
3188 3385 3459 3440 videlicet
3487 3388 3547 3438 ut
3571 3379 3797 3436 inferiora

2217 3478 2422 3552 potiori
2475 3476 2784 3548 iudicetur,
2817 3480 2874 3530 et
2929 3491 3045 3530 non
3103 3474 3402 3529 minorum
3436 3471 3598 3545 (quod
3646 3471 3797 3524 contra

2218 3583 2389 3623 omne
2420 3567 2508 3620 fas
2537 3566 2644 3635 est)
2664 3563 2965 3619 sententia:
2997 3562 3367 3634 subjiciatur.
3393 3563 3567 3626 Quam
3585 3563 3798 3630 presteres

2218 3655 2617 3713 fortitudinem
2650 3652 2986 3720 ostendetis,
3021 3651 3071 3708 si
3104 3656 3266 3708 totus
3299 3647 3689 3724 indignationis
3705 3657 3797 3697 ves-

2215 3751 2316 3800 trae
2348 3745 2579 3816 pondus
2603 3759 2780 3814 super
2798 3739 3059 3810 duas,vel
3088 3745 3206 3796 tres
3232 3757 3512 3812 personas
3535 3731 3795 3793 inﬂectitis;

2215 3839 2272 3890 et
2303 3834 2477 3906 pedes
2522 3830 3046 3904 evangelizantium
3091 3845 3319 3902 pacem,
3351 3820 3797 3901 evangelizantium

2217 3924 2369 3978 bona
2400 3921 2589 3993 solum
2621 3920 2930 3975 calcandos
2959 3919 3046 3974 vel
3079 3919 3465 3974 conterendos
3486 3906 3800 3972 existimatis?

2215 4013 2323 4068 Sed
2357 4011 2542 4066 videte
2577 4010 2738 4080 (quia
2769 4010 2897 4080 ejus
2927 4007 3135 4080 capitis
3165 4009 3347 4080 pedes
3378 4007 3670 4066 calcantur,
3687 3994 3800 4072 quod

2217 4101 2377 4167 olim,
2412 4105 2476 4155 ut
2506 4099 2647 4172 quid
2678 4097 2788 4154 sibi
2823 4096 3148 4170 persecutio
3175 4097 3564 4168 ingerebatur,
3583 4108 3671 4166 pro
3697 4084 3801 4159 ipsis

2217 4207 2247 4246 e
2279 4189 2420 4246 coelo
2451 4187 2827 4255 clamavit)ne
2850 4187 3094 4244 verbum
3127 4185 3590 4259 alligetis,neque
3615 4175 3804 4235 occulte-

2215 4279 2291 4334 tis
2308 4277 2657 4350 legationem
2677 4281 2939 4331 nostram
2963 4292 2976 4330 :
3003 4274 3535 4348 quoniam,dieente
3552 4263 3800 4343 Apostolot

2216 4369 2320 4424 Nec
2353 4368 2573 4422 verbum
2600 4366 2698 4420 Dei
2727 4373 2806 4420 est
2834 4365 3149 4436 alligatum,
3178 4380 3279 4419 nec
3309 4366 3508 4420 veritas
3551 4359 3651 4414 ulto
3685 4358 3802 4426 pado

458 4449 628 4505 stitia;
661 4466 896 4522 operam
946 4449 1106 4514 dare,
1139 4447 1524 4520 flebiliterque
1573 4448 1895 4504 exclamare
1929 4467 1940 4505 :
1978 4451 2107 4518 Quis
2138 4471 2184 4535 D
2210 4459 2410 4530 poterit
2454 4455 2718 4511 occultari
2745 4455 2792 4522 (Ι
2826 4455 2958 4508 Tim.
2987 4453 3076 4526 Ii),-
3108 4469 3236 4525 qua:
3282 4453 3461 4509 etiam
3507 4448 3635 4506 dicit
3658 4437 3804 4535 iNihil

457 4539 608 4595 dabit
636 4540 806 4610 capiti
830 4553 944 4594 meo
975 4546 1311 4610 aquam,aut
1341 4538 1514 4593 oculis
1545 4539 1679 4592 meis
1707 4539 1909 4609 fontem
1933 4540 2109 4611 tacry-

457 4645 675 4682 marum
709 4628 836 4698 (Jer.
863 4631 962 4696 ix),
996 4632 1061 4683 ut
1091 4626 1387 4699 plangam,
1418 4631 1474 4681 et
1502 4626 1736 4698 lugeam
1776 4631 1999 4682 tantam
2052 4632 2110 4683 et

459 4716 634 4771 talem
659 4716 993 4787 perniciem,
1027 4721 1258 4771 tantum
1291 4720 1347 4770 et
1375 4714 1489 4770 tale
1520 4715 1935 4786 dispendium?
1968 4718 2108 4772 Fru-

459 4809 612 4860 trata
641 4809 728 4860 est
758 4805 915 4860 enim
948 4822 1082 4878 spes
1113 4809 1312 4860 nostra
1345 4821 1358 4858 :
1393 4803 1744 4859 confidentia
1780 4808 1978 4860 nostra
2008 4806 2108 4860 de-

461 4893 615 4966 cepit
645 4894 828 4950 nos.0
859 4895 1142 4950 damnum
1168 4893 1681 4965 ineomparabile,o
1710 4892 1947 4948 exitium
1974 4912 2112 4950 non-

461 4982 575 5038 nisi
609 4999 709 5054 per
735 4987 810 5044 te,
835 4983 1076 5040 Domine
1107 4983 1268 5050 Jesu,
1303 4999 1536 5054 quoquo
1587 4982 1759 5037 modo
1807 4983 2109 5038 destruen-

461 5071 634 5128 dum!
670 5070 851 5126 Versa
873 5075 1011 5127 sunt
1040 5073 1193 5128 dona
1223 5072 1346 5138 Dei,
1384 5088 1508 5143 quae
1542 5070 1683 5127 olim
1729 5072 1960 5127 fuerant
2004 5073 2110 5128 tibi

369 5156 372 5159 ’
461 5161 696 5227 collata,
731 5160 788 5214 in
821 5165 1180 5215 armaturam
1214 5162 1490 5215 adversus
1517 5159 1836 5215 Ecelesiam
1877 5162 2022 5231 ejus,
2057 5166 2114 5216 et

465 5268 592 5322 quae
616 5249 710 5304 ille
729 5267 832 5322 pro
851 5247 1038 5304 salute
1060 5249 1449 5320 plurimorum
1483 5248 1772 5314 tribuit,in
1797 5250 2111 5321 perniciem

464 5339 788 5394 evidentem
817 5343 956 5394 sunt
986 5341 1346 5393 commutata
1386 5337 1730 5394 multorum.
1765 5339 1875 5394 Sed
1926 5334 2111 5396 rever.-

468 5432 608 5493 tere,
643 5428 722 5482 ﬁli
757 5427 858 5499 mi,
892 5431 1193 5489 revertere,
1227 5426 1490 5498 piissime
1543 5427 1753 5493 Caesar,
1787 5435 2110 5486 revertere:

470 5514 607 5586 quia
629 5518 910 5575 Dominus
942 5521 1137 5576 noster
1157 5515 1488 5574 misericors
1520 5520 1701 5582 est,et
1730 5521 1785 5572 te
1827 5523 2115 5574 reverten-

2216 4553 2462 4618 Opertum
2485 4543 2624 4616 quod
2670 4559 2780 4598 non
2830 4543 3114 4610 reveletur,
3148 4549 3200 4597 et
3248 4541 3536 4604 occultum,
3565 4532 3686 4610 quod
3723 4542 3801 4618 ηρη

2215 4615 2425 4690 sciatur
2450 4615 2602 4701 (Luc.
2634 4635 2757 4701 xu).
2787 4631 2851 4687 Si
2880 4634 3074 4687 autem
3123 4630 3412 4687 talentum
3463 4628 3731 4697 acceptum
3761 4615 3804 4670 in

2219 4728 2372 4779 terra
2401 4721 2757 4778 abscondere
2787 4725 3054 4777 extrema:
3085 4718 3479 4778 damnationis
3508 4721 3606 4783 est,
3636 4705 3806 4784 quanta

2219 4829 2390 4885 pains
2411 4809 2785 4866 muletandus
2815 4810 3029 4882 est,qui
3051 4810 3294 4866 alterius
3316 4808 3592 4864 talentum
3611 4793 3804 4885 volentis

2219 4883 2327 4955 hoc
2358 4900 2430 4954 ad
2463 4899 2692 4959 lucrum
2732 4898 2964 4954 Domini
3017 4898 3111 4953 sui
3160 4896 3569 4970 multiplicare,
3599 4885 3742 4950 ωιιίι,
3764 4883 3806 4936 σί

2220 4989 2543 5056 abscondit,
2574 4987 2664 5043 vel
2697 4988 2874 5042 etiam
2907 4987 3177 5043 fraudare
3226 5003 3343 5041 non
3373 4977 3649 5058 pavescit‘?
3675 4975 3804 5031 Porro

2221 5079 2291 5134 de
2321 5077 2523 5133 talenti
2556 5076 2888 5148 acceptione
2919 5075 3140 5131 nullam
3172 5073 3391 5148 poteris
3421 5071 3641 5129 omnino
3677 5075 3804 5118 excu-

2221 5167 2505 5223 satiouem
2521 5164 3182 5237 praetendereAecepisti
3199 5163 3414 5236 quippe
3427 5178 3533 5217 non
3552 5153 3803 5237 minimum

2220 5256 2423 5311 talenti
2456 5236 2699 5325 donum,
2725 5253 2901 5308 etiam
2929 5258 2986 5308 et
3018 5236 3332 5324 antequam
3364 5253 3436 5307 ad
3465 5250 3724 5306 Cmsareas
3747 5236 3806 5325 in:

2223 5345 2375 5400 fulas
2408 5320 2759 5416 pervenires,
2785 5320 3202 5398 familiaritatis
3232 5340 3449 5398 scilicet
3478 5337 3654 5392 locum
3689 5320 3804 5397 ιριιά

2222 5437 2578 5508 Augustum,
2609 5437 2666 5488 et
2693 5431 3042 5503 impetrandi
3076 5432 3229 5504 quod
3261 5429 3513 5494 volebas,
3528 5420 3806 5508 facillimam

2225 5507 2493 5596 gratiam.
2509 5521 2569 5578 Si
2591 5537 2726 5594 ergo
2747 5519 2894 5576 nihil
2916 5521 2968 5577 ei
2990 5538 3094 5595 pro
3115 5518 3366 5578 ecclesiae
3389 5512 3608 5589 proprio
3635 5507 3810 5564 rector!
