4036 6132
206 278 368 343 1081
1428 266 1834 337 ΕΡΙΒἸὈΙιιΕ
1876 272 1882 332 Ι

2020 268 2408 333 DEGRETA.

205 409 485 468 desolatas
516 407 884 467 detrimentis
912 407 1146 466 locutus
1173 425 1256 477 es,
1287 406 1433 464 nihil
1465 423 1568 480 pro
1604 405 1720 473 his,
1754 405 1854 478 qui
1888 408 1942 475 Α
2745 403 2843 460 Gl.

209 516 318 571 pro
348 499 525 554 fratre
552 502 611 554 et
639 515 743 571 pro
773 498 1113 570 coepiscopo
1136 501 1334 553 nostro
1368 495 1591 569 lgnatio
1616 493 1861 566 patriar-

210 588 327 645 cha
355 587 584 659 abjecti,
616 586 702 644 vel
727 586 998 653 exsiliati,
1032 590 1135 642 aut
1163 583 1427 657 oppressi
1458 581 1714 654 sunt,pie
1736 598 1865 637 sua-

213 678 355 733 dere
384 675 622 744 curasti,
657 694 760 750 pro
788 675 989 731 talenti
1021 675 1343 731 retentione
1373 672 1626 746 profecto
1650 670 1868 743 positu-

214 783 322 822 rus
353 780 416 821 es
445 764 755 821 rationem.
792 764 1022 820 Habens
1060 763 1242 836 igitur
1286 760 1722 834 magniﬁcentia
1764 764 1867 815 tua

214 854 521 911 obtinendi
552 871 729 927 penes
757 855 1087 926 Augustum
1111 851 1398 909 talentum
1428 867 1647 934 ea,.quae
1669 853 1868 922 postu-

216 943 346 999 lant
374 942 833 1010 damnationem,
865 958 968 1014 pro
1016 944 1242 997 retento
1292 939 1510 995 talento
1554 938 1775 1005 timeat,
1818 936 1868 993 si

214 1032 402 1106 (forte,
421 1030 558 1099 nisi,
584 1031 791 1103 Hann]
813 1046 947 1085 cum
969 1029 1119 1086 valet
1129 1029 1283 1102 apud
1302 1045 1436 1084 eum
1457 1044 1561 1101 pro
1575 1027 1868 1082 reddendo

219 1120 401 1195 priori
418 1120 688 1181 Ecclesiae:
710 1118 1363 1191 Constantinopolitanae
1383 1116 1648 1190 praesule,
1661 1115 1750 1172 vel
1764 1132 1869 1188 pro

220 1208 537 1285 perdendis
566 1209 744 1265 nimis
774 1208 1071 1282 oppressis
1097 1204 1874 1263 instanterintervenitPraa-

221 1298 394 1372 cipue
422 1315 561 1356 cum
592 1298 846 1354 donante
876 1296 1074 1353 divina
1102 1294 1290 1369 gratia
1337 1293 1628 1350 sublimas
1682 1298 1875 1349 vestra
2050 1292 2337 1351 NICOLAUS
2368 1294 2696 1367 episcopus,
2731 1308 2932 1353 servus
2964 1315 3261 1361 servorum
3311 1299 3432 1369 Dei,
3466 1317 3625 1358 reve-

223 1406 342 1445 non
372 1387 571 1444 solum
602 1386 953 1460 impetrandi
985 1386 1141 1459 quod
1186 1384 1313 1440 vult
1354 1384 1509 1457 apud
1541 1384 1872 1455 Augustum
1982 1382 2333 1439 rendissimo
2372 1401 2439 1440 ac
2489 1384 2861 1442 sanctissimo
2909 1386 3072 1442 fratri
3120 1393 3177 1443 et
3222 1389 3627 1449 comministro

225 1494 447 1534 munus
479 1479 746 1543 assecuta
776 1476 1081 1543 sit,verum
1114 1475 1289 1531 etiam
1314 1490 1417 1547 per
1445 1472 1764 1528 Caesaream
1787 1488 1875 1526 ex-
1984 1476 2183 1527 nostro
2214 1472 2445 1528 IGNATIO
2476 1474 2809 1546 patriarcha
2838 1475 3498 1551 Constantinopolitano.

225 1566 580 1634 cellentiam,
615 1582 792 1638 quam
825 1565 1035 1638 adepta
1064 1568 1175 1634 est,
1202 1563 1328 1636 ipse
1357 1561 1545 1618 valeat
1565 1561 1877 1617 concedere
2056 1561 2181 1616 Dici
2214 1578 2326 1617 non
2360 1566 2571 1634 potest,
2605 1563 2781 1619 frater
2807 1564 3176 1638 charissime,
3207 1568 3447 1639 quantis
3491 1586 3630 1625 moe-

3461 269 3620 333 tces

1969 527 2042 566 AD
2092 526 2369 566 lGNATIUM
2423 527 2829 569 PATRIARCHAM
2877 528 3614 571 CONSTANTINOPOLYTAVUM.

2615 627 2800 701 (Anno
2830 628 2975 700 866).

1976 740 2271 796 Certiorem
2308 744 2587 821 [gnatimn
2632 738 2770 815 facit
2813 743 2880 800 de
2898 746 3178 821 _om_nibus
3226 762 3351 821 quae
3378 749 3470 821 in
3504 749 3620 821 ejus

2045 828 2214 868 causa
2250 831 2285 868 a
2330 815 2509 870 reditu
2558 815 2862 883 legatorum
2890 816 3175 874 Zachariw
3219 815 3270 873 et
3321 815 3623 875 Rhadoaldi

2047 891 2164 961 acta
2187 886 2433 961 fuerunt,
2467 893 2518 942 et
2557 887 2793 961 qualiter
2818 887 3044 943 Photius
3076 890 3249 961 fuerit
3293 891 3352 945 in
3388 891 3620 948 concilio

2047 903 2164 939 acta
2187 903 2433 955 (uerunt,
2467 903 2518 942 et
2556 903 2793 1011 qualiter
2818 903 3044 943 Bantius
3076 903 3249 961 fuerit
3293 906 3352 945 in
3388 903 3619 948 concilio

2046 953 2315 1039 depositus
2344 964 2395 1011 et
2425 965 2556 1012 anat
2588 960 2925 1040 ematizatus
2946 975 3072 1040 cum
3098 962 3213 1016 suis
3235 963 3619 1019 sectatoribus:

2048 1032 2164 1098 ipse
2188 1043 2313 1083 vero
2338 1045 2455 1083 una
2481 1045 2605 1085 cum
2629 1032 2743 1085 suis
2771 1032 3077 1086 restitutus.

2493 1145 2678 1216 [Apud
2714 1143 2924 1215 Mansi,
2955 1146 3113 1214 ibid.]

225 1656 387 1730 quod
420 1659 609 1728 rogat,
627 1658 685 1711 et
712 1653 912 1727 largiri
944 1653 1098 1726 quod
1124 1652 1238 1709 sibi
1260 1653 1330 1708 ad
1363 1651 1592 1707 lucrum
1616 1649 1880 1723 proﬁciat
1985 1650 2239 1715 roribus,
2269 1651 2358 1706 vel
2388 1651 2626 1724 quantis
2657 1653 3045 1710 anxietatibus
3067 1656 3139 1711 ob
3170 1655 3630 1715 immensitatem

226 1744 677 1816 sempiternum.
710 1744 964 1799 Tantum
996 1742 1212 1816 quippe
1242 1742 1313 1798 ab
1354 1756 1705 1812 unoquoque
1744 1755 1878 1794 nos-
1909 1784 1957 1848 B
1985 1740 2455 1807 tribulationum,
2489 1744 2546 1796 et
2574 1742 3049 1813 persecutionum
3099 1744 3156 1800 in
3188 1762 3290 1801 vos
3332 1745 3630 1803 illatarum

225 1838 390 1888 trum
410 1837 697 1889 venturus
707 1832 891 1904 judex
910 1830 1119 1904 exiget,
1143 1833 1430 1903 quantum
1461 1828 1640 1885 dedit.
1663 1827 1879 1891 Quam-

227 1919 604 1977 obremvalde
616 1917 1567 1988 nobis,charissime,metuendum
1581 1920 1751 1984 est,et
1761 1932 1882 1971 om-

228 2009 408 2065 nibus
422 2009 614 2065 modis
628 2008 1086 2075 formidandum,
1113 2006 1269 2080 quod
1287 2006 1585 2078 Sapientia
1604 2004 1877 2060 terribili-

222 2104 315 2155 ter
326 2099 532 2155 mundi
546 2098 837 2172 principes
852 2097 1433 2164 admonenszDiscite,
1448 2096 1659 2168 inquit,
1665 2095 1880 2167 judices

223 2189 429 2259 ﬁnium
458 2196 643 2253 terrae,
662 2189 902 2259 praebete
921 2203 1081 2243 aures
1110 2204 1219 2255 vos,
1245 2188 1349 2259 qui
1369 2187 1654 2242 continetsz
1684 2185 1881 2239 multi-

224 2276 468 2347 tudines,
498 2284 551 2332 et
574 2275 803 2348 placetis
832 2277 984 2332 vobis
1012 2278 1074 2331 in
1102 2276 1276 2332 turbis
1305 2274 1881 2346 nationum:guoniam

226 2364 354 2422 data
384 2373 466 2422 est
482 2372 721 2437 potestas
749 2383 783 2421 a
811 2366 1040 2421 Domino
1068 2366 1240 2429 vobis,
1272 2373 1324 2420 et
1350 2366 1520 2420 virtus
1551 2364 1618 2418 ab
1662 2363 1878 2418 Altissi-

222 2470 338 2521 mo,
389 2456 488 2526 qui
534 2455 897 2524 interrogabit
956 2470 1120 2526 opera
1171 2461 1364 2519 vestra,
1416 2459 1467 2509 et
1527 2453 1880 2523 cogitationes

223 2543 852 2616 scrutabitur:quoniam
879 2559 1003 2598 cum
1032 2545 1217 2599 essetis
1240 2543 1490 2597 ministri
1516 2542 1672 2612 regni
1704 2540 1877 2607 illius,

224 2648 337 2688 non
366 2640 508 2688 recte
518 2631 845 2705 judicastis,
876 2648 1051 2704 neque
1080 2630 1388 2687 custodistis
1421 2631 1591 2700 legem
1621 2630 1878 2701 justitiw,

222 2736 406 2793 neque
431 2720 728 2776 secundum
756 2721 1087 2776 voluntatem
1115 2721 1215 2775 Dei
1242 2718 1878 2786 ambulastis:horrcnde,

227 2818 283 2866 et
310 2811 420 2865 cito
450 2810 735 2882 apparebit
762 2810 1217 2882 vobis,quoniam,
1222 2808 1499 2879 judicium
1524 2807 1884 2862 durissimum

230 2899 343 2966 his,
377 2899 477 2970 qui
494 2906 755 2970 pressant,
786 2897 901 2971 ﬁet.
930 2898 1142 2968 Exiguo
1171 2898 1319 2952 enim
1338 2894 1648 2952 conceditur
1664 2896 1884 2950 miseri-

226 2988 423 3044 cordia
453 3005 473 3044 :
499 2995 737 3060 potentes
787 2993 971 3042 autem
1008 2993 1255 3057 potenter
1295 2992 1563 3041 lamenta
1604 2985 1887 3056 patientur

230 3077 387 3150 (Sep.
420 3076 520 3147 vx).
553 3077 706 3141 Quas
735 3092 904 3131 voces
935 3074 1136 3131 sedulo
1184 3078 1446 3130 tractans
1477 3078 1533 3130 et
1571 3076 1765 3129 mente
1795 3091 1883 3129 re-

1988 1828 2336 1898 afflciamur,
2373 1829 2726 1901 quantisque
2757 1847 2863 1886 nos
2893 1830 3277 1901 laboribus,et
3306 1835 3635 1893 certamini-

1989 1919 2101 1974 bus
2132 1919 2386 1975 lraterna
2406 1917 2714 1974 dilectione
2741 1919 3053 1991 provocati,
3077 1921 3300 1994 jugiter
3328 1940 3395 1980 ac
3422 1923 3637 1981 indesi-

1988 2013 2194 2063 nenter
2222 2007 2680 2063 immisceamur.
2714 2007 3005 2064 Nimirum
3036 2009 3138 2082 qui
3185 2015 3242 2066 et
3267 2028 3509 2069 causam
3539 2031 3634 2075 ve-

1989 2101 2172 2152 stram
2202 2102 2563 2169 reputamus,
2595 2100 2653 2152 et
2683 2113 2859 2152 onera
2888 2098 3070 2154 totius
3098 2098 3363 2155 Ecclesiae
3403 2102 3635 2174 bajula-

1989 2202 2142 2240 mus.
2177 2186 2404 2241 Etenim
2439 2185 2804 2241 considerato
2851 2187 3176 2243 ministerio
3225 2194 3443 2259 nostro,
3478 2191 3634 2263 quod

1989 2274 2101 2328 divi
2112 2274 2271 2330 nitus
2284 2291 2385 2346 per
2397 2274 2633 2330 beatum
2646 2275 2877 2330 Petrum
2892 2274 3220 2346 apostolum
3235 2278 3305 2331 ad
3326 2296 3431 2335 nos
3450 2296 3635 2352 usque

1989 2364 2313 2419 derivatum
2344 2363 2859 2436 suscepimus,non
2890 2369 2980 2420 est
2997 2382 3099 2436 pro
3123 2366 3403 2422 fratribus
3421 2368 3637 2427 nostris

1990 2451 2201 2507 silendi
2232 2452 2720 2524 facultas,quibus
2752 2454 2940 2525 major
2960 2458 3017 2509 et
3045 2453 3231 2510 honor
3254 2460 3310 2512 et
3330 2473 3480 2513 onus
3500 2474 3639 2513 cun-

1989 2541 2100 2597 ctis
2131 2541 2470 2596 Christiana;
2500 2541 2826 2613 pietatis,et
2854 2541 3233 2601 ecclesiarum
3266 2546 3638 2604 correctionis

1989 2630 2183 2686 inesse
2215 2631 2423 2686 debere
2464 2630 2796 2686 sollicitudo
2847 2632 3231 2704 dignoscitur.
3266 2635 3640 2692 Sustinemus

1993 2718 2211 2791 quippe
2234 2721 2579 2772 cunctorum
2612 2717 2711 2789 qui
2740 2722 3089 2789 premuntur
3115 2720 3475 2792 gravamina,
3497 2723 3639 2794 quin

1992 2807 2188 2880 potius
2221 2805 2474 2862 s‘ustinet
2503 2804 2562 2860 in
2595 2805 2762 2860 nobis
2792 2805 2914 2861 haec
2953 2813 3193 2864 sanctus
3241 2809 3450 2865 Petrus
3496 2827 3642 2882 apo-

1995 2894 2201 2961 stolus,
2222 2895 2322 2969 qui
2352 2895 2412 2949 in
2444 2894 2722 2950 omnibus
2750 2896 2839 2965 (ut
2868 2895 3240 2969 confidimus)
3271 2897 3642 2954 administra-

1992 2983 2168 3039 tionis
2201 3001 2319 3039 sute
2351 2982 2599 3057 protegit
2649 3000 2715 3039 ac
2760 2987 2961 3039 tuetur
3006 2984 3285 3041 haeredes.
3323 2985 3457 3050 Quae
3505 3004 3640 3047 vero

1997 3073 2068 3129 de
2087 3072 2252 3129 vobis
2282 3072 2438 3128 sedis
2465 3072 2793 3145 apostolicae
2824 3072 3230 3130 auctoritatem
3257 3075 3559 3147 habentes,
3575 3093 3641 3132 ac

227 3166 472 3223 volvens
504 3166 690 3239 pietas
715 3168 819 3221 tua
846 3168 1111 3238 paveat,o
1137 3164 1354 3219 Caesar:
1374 3162 1655 3235 quoniam
1682 3179 1887 3218 secun-
1919 3149 1962 3217 C
1998 3162 2301 3236 privilegia
2329 3160 2516 3233 ipsius
2546 3161 2906 3218 vindicantes
2937 3162 3319 3233 decrevimus,
3343 3164 3641 3222 dilectioni

228 3257 379 3313 dum
410 3254 776 3328 Apostolum,
808 3253 1150 3310 Horrendum
1177 3261 1256 3309 est
1292 3252 1532 3308 incidere
1580 3253 1641 3307 in
1688 3268 1887 3306 manus

228 3348 335 3403 Dei
359 3346 593 3401 viventis
624 3344 803 3418 (Hebr.
818 3347 908 3413 v);
942 3348 998 3399 et
1027 3342 1242 3399 idcirco
1275 3341 1588 3397 consilium
1622 3345 1888 3396 nostrum

229 3433 397 3501 audi,
429 3437 489 3489 et
517 3450 643 3505 quae
675 3439 879 3489 contra
911 3431 1153 3487 fratrem
1185 3435 1241 3487 et
1270 3430 1746 3486 comministrum
1779 3446 1889 3484 no~

228 3527 426 3578 etrum
459 3522 770 3593 Ignatium,
814 3519 904 3576 vel
954 3520 1237 3576 adversus
1265 3519 1576 3591 complices
1617 3520 1765 3589 eius,
1796 3517 1887 3573 vel

233 3610 768 3666 communicatores
799 3609 989 3682 egisse
1020 3612 1075 3664 te
1107 3607 1509 3677 recolis,celeri
1530 3608 1700 3662 stude
1723 3606 1891 3662 satis-

237 3699 493 3755 factione
523 3698 832 3770 corrigere,
863 3701 921 3752 et
951 3715 1078 3770 quae
1129 3714 1231 3769 per
1276 3701 1333 3752 te
1382 3698 1681 3752 destructa
1727 3698 1885 3763 sunt,

230 3787 597 3843 indifferenti
629 3804 770 3842 cura
798 3786 1046 3858 pristino
1077 3786 1256 3841 statui
1290 3786 1559 3841 reddere:
1594 3802 1721 3857 quae
1748 3801 1889 3839 cun-

236 3880 355 3942 cta,
387 3874 634 3931 Domino
665 3874 1004 3942 auxiliante,
1038 3874 1203 3930 facile
1232 3873 1407 3947 (sicut
1436 3874 1752 3941 credimus)
1782 3873 1887 3929 ad-

238 3964 538 4037 implebis,
570 3965 619 4021 si
650 3963 1050 4036 tranquillitas
1079 3969 1183 4020 tua
1210 3963 1270 4018 in
1302 3963 1671 4034 susceptione
1700 3967 1757 4017 et
1785 3979 1888 4017 au-

237 4054 461 4110 ditione
492 4054 808 4109 missorum
841 4053 1027 4110 sancti
1058 4052 1208 4109 Petri
1240 4052 1502 4108 debitum
1533 4051 1773 4107 honoris
1804 4051 1889 4106 of-

238 4142 443 4199 ﬁcium
474 4142 821 4199 exhibuerit.
853 4144 1019 4199 Testis
1066 4150 1248 4197 autem
1287 4143 1432 4197 mihi
1456 4148 1535 4197 est
1568 4142 1730 4208 Deus,
1758 4156 1888 4211 quo-

238 4232 398 4289 modo
424 4248 519 4288 vos
548 4233 769 4303 cupiam
798 4234 857 4287 in
884 4231 1185 4288 visceribus
1207 4230 1412 4287 Christi
1440 4230 1706 4302 (Philipp.
1741 4232 1803 4298 ι),
1835 4231 1892 4285 et

238 4321 350 4377 hoc
380 4320 578 4393 ipsum
610 4320 825 4376 idcirco
858 4336 1209 4393 magnopere
1238 4318 1548 4391 postulem,
1581 4324 1647 4374 ut
1692 4323 1749 4375 et
1778 4318 1888 4373 mi-

238 4408 553 4465 nisterium
586 4424 783 4464 meum
815 4407 1192 4480 adimpleam,
1226 4412 1283 4464 et
1312 4406 1579 4464 Ecclesiae
1612 4411 1893 4476 status,et

1994 3256 2199 3307 vestra:
2232 3250 2325 3306 his
2353 3249 2698 3305 intimamus
2728 3250 3030 3306 aﬂ'atibus:
3058 3252 3336 3324 quoniam
3361 3255 3512 3326 apud
3535 3270 3642 3310 nos

1995 3341 2105 3395 hoc
2137 3355 2368 3412 semper
2399 3338 2614 3407 fuistis,
2645 3339 2802 3411 quod
2832 3357 2900 3395 ex
2931 3340 3349 3413 omnipotentis
3380 3343 3480 3398 Dei
3512 3359 3642 3401 mu-

1998 3446 2134 3484 nere
2166 3427 2470 3501 accepistis
2500 3444 2629 3483 esse
2661 3444 2673 3483 :
2704 3446 2820 3484 non
2848 3430 3002 3502 quod
3034 3446 3102 3503 ex
3131 3429 3426 3486 voluntate
3454 3432 3642 3487 homi-

1996 3535 2139 3573 num
2187 3517 2478 3590 putamini
2528 3534 2643 3573 non
2690 3534 2839 3573 esse.
2874 3517 3074 3591 Igitur,
3108 3523 3420 3592 postquam
3468 3520 3642 3596 legati

1998 3608 2181 3664 nostri
2213 3605 2613 3677 (Rhadodldus
2645 3606 2867 3662 scilicet
2889 3612 2945 3662 et
2961 3607 3268 3663 Zacharias
3285 3610 3509 3665 dudum
3531 3610 3646 3682 epi-

1998 3696 2182 3769 SCOpi)
2209 3713 2356 3769 quos
2369 3695 2933 3767 Constantinopolim
2947 3697 3414 3768 proinquirenda
3430 3699 3647 3757 solum-

1999 3787 2173 3842 modo
2185 3802 2362 3840 causa
2382 3785 2720 3842 remotionis
2740 3788 2940 3840 vestra;
2964 3787 3144 3841 asede
3165 3786 3647 3861 Constantinopo-

1995 3874 2198 3941 litana,
2216 3874 2369 3930 inter
2396 3873 2651 3945 illa,quaa
2673 3875 2846 3945 jussu
2879 3879 3079 3931 nostro
3110 3892 3213 3948 pro
3244 3876 3648 3951 sacrisimagi-

1999 3964 2174 4019 nibus
2223 3968 2390 4019 erant
2419 3960 2664 4037 agenda,
2700 3963 3073 4030 miseramus,
3108 3965 3320 4021 reversi
3372 3971 3513 4021 sunt
3544 3984 3557 4022 :
3590 3970 3648 4023 et

1997 4055 2119 4108 tam
2150 4069 2352 4107 eorum
2402 4051 2703 4122 relatione,
2736 4068 2913 4124 quam
2958 4051 3196 4124 scriptis
3244 4070 3345 4126 per
3394 4055 3645 4114 Leonem

1998 4140 2361 4213 imperialem
2394 4159 2428 4196 a
2458 4141 2698 4196 secretis
2729 4140 2897 4195 nobis
2927 4140 3645 4216 delatis,comperto,quod

1997 4230 2111 4303 ipsi
2143 4230 2321 4286 etiam
2372 4228 2719 4285 sententiam
2761 4232 2963 4284 contra
3010 4245 3112 4284 vos
3161 4230 3448 4301 dederint,
3480 4236 3648 4289 tanta

2001 4337 2209 4376 sumus
2240 4317 2540 4385 mmstitia,
2570 4321 2851 4389 tantoque
2898 4317 3161 4374 cruciatu
3194 4319 3409 4375 mentis
3440 4320 3643 4395 attriti,

2002 4414 2220 4482 quanto
2253 4407 2546 4464 contraria
2573 4411 2878 4479 gesserunt
2909 4406 3206 4475 omnibus,
3232 4426 3358 4481 quae
3381 4409 3492 4464 sibi
3522 4410 3643 4466 fue-

238 4499 381 4555 ordo
424 4498 788 4565 reformatur,
841 4501 899 4553 et
942 4496 1127 4571 gloria
1175 4495 1618 4568 magnificentia
1668 4501 1890 4563 vestrae,
1922 4519 1968 4582 Β
2000 4501 2134 4552 rant
2160 4496 2443 4568 imperata
2476 4512 2489 4549 ε
2526 4497 2859 4567 quantoque
2886 4511 2988 4567 per
3016 4511 3115 4550 eos
3149 4495 3275 4551 visa
3303 4500 3442 4551 sunt
3466 4498 3645 4553 stabi-

239 4591 556 4660 prsestante
586 4587 855 4652 Domino,
891 4586 961 4641 de
992 4584 1355 4657 corruptibili
1386 4585 1658 4641 felicitate
1697 4586 1768 4639 ad
1802 4585 1891 4639 in-

238 4681 606 4749 corruptam,
635 4694 670 4731 a
698 4674 929 4731 mortali
958 4674 1079 4730 vita
1108 4675 1179 4730 ad
1210 4672 1695 4736 immortalem,et
1714 4690 1747 4728 a
1769 4672 1889 4727 cul-

240 4765 403 4821 mine
450 4769 679 4821 terreno
711 4765 783 4821 ad
815 4764 1046 4821 caeleste
1077 4762 1400 4835 fastigium,
1433 4767 1489 4817 et
1527 4779 1560 4817 a
1586 4760 1893 4834 temporali

242 4858 421 4926 atque
452 4854 568 4909 cito
598 4853 875 4910 defluenti
905 4854 1166 4909 claritate
1191 4853 1261 4907 ad
1293 4868 1607 4924 perennem
1647 4856 1704 4907 et
1734 4867 1892 4907 sem-

242 4960 347 5016 per
376 4946 715 4999 manentem
746 4942 1164 4999 beatitudinem
1195 4940 1567 5013 perducatur,
1600 4943 1658 4996 et
1699 4939 1896 4995 divina

240 5032 467 5088 visione
491 5048 628 5087 cum
660 5030 880 5087 sanctis
910 5031 1184 5086 omnibus
1214 5035 1271 5086 et
1298 5029 1497 5087 electis
1519 5028 1743 5102 angelis
1771 5046 1897 5101 per-

242 5122 494 5177 fruatur.
525 5121 673 5178 Data
704 5120 904 5177 Idibus
935 5119 1294 5188 Novembris,
1321 5118 1640 5177 indictione
1670 5119 1896 5176 decima

240 5210 471 5286 quinta.

2002 4585 2114 4655 liri,
2149 4602 2276 4657 quae
2309 4584 2692 4640 credebamus
2723 4583 2954 4655 penitus
2994 4583 3278 4640 exinaniri
3312 4602 3325 4640 :
3360 4591 3644 4658 quantum

2001 4676 2178 4731 etiam
2210 4674 2554 4744 subreptum
2571 4676 2859 4742 est,atque
2872 4689 3218 4744 persuasum
3238 4674 3648 4743 omnibus,nos

2002 4764 2061 4819 in
2094 4764 2311 4818 talibus
2344 4761 2685 4834 praestitisse
2715 4778 3089 4817 consensum.
3114 4764 3475 4836 Quapropter
3503 4765 3645 4821 dum

2003 4854 2157 4925 apud
2189 4868 2295 4907 nos
2327 4850 2700 4924 imperatoris
2729 4849 2946 4905 missus
2977 4851 3055 4924 (id
3088 4855 3177 4907 est
3226 4853 3362 4921 Leo)
3391 4855 3644 4927 adesset,

2004 4945 2316 4997 convocata
2348 4944 2487 5006 tota,
2521 4956 2647 5012 qua
2680 4939 2834 5010 apud
2866 4956 2971 4995 nos
3003 4939 3258 4997 Ecclesia
3284 4945 3645 5015 est,professi

2005 5047 2214 5086 sumus
2243 5046 2439 5084 coram
2472 5029 2619 5100 ipso,
2654 5027 2810 5082 sicut
2837 5031 2894 5083 et
2942 5029 3303 5101 profitemur,
3336 5050 3441 5105 pro
3489 5034 3645 5104 deje-

2002 5120 2194 5175 ctione
2222 5122 2415 5174 vestra
2443 5121 2502 5173 et
2526 5116 2967 5173 confirmatione
2997 5118 3184 5175 Photii
3215 5138 3517 5193 nunquam
3536 5122 3644 5177 mi-

2003 5208 2170 5277 sisse,
2206 5223 2511 5280 nunquam
2544 5206 2833 5263 missuros
2877 5223 3044 5277 esse;
3079 5214 3133 5264 et
3176 5209 3237 5265 in
3285 5209 3646 5282 depositione

2000 5296 2311 5366 vestra,vel
2331 5296 2696 5370 promotione
2719 5294 2908 5350 Photii
2926 5313 3230 5371 nunquam
3252 5298 3641 5367 consensisse,

2002 5402 2307 5459 nunquam
2339 5400 2727 5440 consensuros
2758 5400 2905 5439 esse.
2938 5384 3010 5443 Et
3039 5385 3159 5441 haec
3208 5386 3423 5458 sapius
3464 5386 3641 5457 dicta,

2002 5479 2059 5531 et
2089 5473 2282 5546 palam
2313 5471 2682 5540 annuntiata,
2722 5475 2898 5544 atque
2945 5471 3006 5527 in
3057 5472 3413 5546 apostolatus
3458 5475 3646 5534 nostri

2001 5562 2265 5642 epistolis
2293 5561 2491 5622 taliter
2515 5560 2756 5635 inserta,
2788 5565 2910 5623 tam
2943 5560 3429 5625 excellentissimo
3458 5564 3646 5647 impe-
