4036 6132
277 325 440 385 1065
1511 324 1871 386 ΕΡΙΒΤΟῙΑᾸ

2100 322 2298 386 D'EGR
2307 324 2484 386 ETA.
3507 332 3694 393 4066

281 456 558 512 nolumus
579 473 680 512 vos
701 473 734 512 a
755 455 1037 513 charitate
1065 457 1288 514 Christi
1316 457 1680 528 quibuslibet
1694 457 1946 514 subverti
1976 458 2030 526 Α
2065 458 2350 525 νθιὶη1,θκ
2382 456 2628 530 epistola
2658 457 2836 513 Gallae
2863 457 3343 531 Placidiw,quam
3375 461 3700 520 Theodosio

282 545 590 599 versutiis:
617 545 891 599 nolumus
913 547 1275 616 quorumvis
1297 547 1546 618 vipereis
1563 547 1949 602 adversusEc-
2063 550 2324 619 Augusto
2357 547 2610 618 scripsit,
2635 547 2875 617 potestis
2907 565 3255 619 agnoscere:
3281 567 3456 621 quam
3490 552 3702 609 idcirco

284 632 634 688 clesiamDei
658 634 1006 688 commoveri
1033 634 1197 690 suasi
1218 635 1556 705 onibus,qui
1580 635 1769 706 magis
1789 635 1947 690 volu-
2063 636 2243 691 solam
2279 653 2829 704 commemoramus,
2856 638 3129 708 quoniam
3163 638 3531 710 epistolarem
3552 658 3708 697 exce-

287 738 422 776 mus
443 725 498 776 et
518 725 809 793 optamus,
834 725 892 776 et
913 723 1074 793 pium
1102 723 1410 795 fastigium
1434 727 1693 778 vestrum
1717 722 1941 779 enixius
2053 724 2186 780 dere
2219 723 2569 780 locutionem
2601 724 2874 780 vitamus.
2909 726 3003 780 Ait
3034 743 3170 798 ergo
3199 745 3211 782 :
3252 727 3378 782 Non
3411 730 3704 785 modicum

277 809 696 882 imploramus,
719 815 785 864 ut
801 827 903 866 vos
926 810 983 866 in
1011 811 1522 884 integritate'ﬁdei,
1547 812 1682 867 etin
1706 817 1941 868 tramite
2051 813 2475 868 detrimentum
2508 817 2597 868 est
2626 831 2693 868 ex
2724 813 2816 868 his
2863 831 2988 885 quae
3040 819 3202 885 gesta
3251 822 3409 883 sunt,
3445 823 3507 872 ut
3537 819 3704 887 fides,

268 898 638 954 rectitudinis
696 899 908 971 populo
969 901 1092 966 Dei,
1145 901 1244 972 qui
1305 905 1394 955 est
1451 899 1731 966 Ecclesia,
1767 917 1925 956 more
2050 917 2175 972 quae
2209 900 2388 956 tantis
2434 901 2802 973 temporibus
2838 901 3185 973 regulariter
3215 907 3506 961 custodita
3532 912 3638 974 est,
3674 925 3708 962 a

267 991 486 1042 sancta:
533 987 690 1042 illius
737 988 946 1044 Esther
991 989 1203 1061 reginae
1249 994 1702 1061 perseverantes,
1736 989 1927 1044 virum
2049 989 2449 1045 sacratissimo
2482 995 2647 1062 patre
2685 995 2882 1046 nostro
2917 990 3439 1064 Constantino,qui
3475 994 3703 1066 primus

271 1081 783 1148 quoquevestrum
805 1077 954 1132 circa
972 1078 1071 1132 Dei
1092 1078 1925 1148 timorem,amoremquesuc-
2044 1077 2101 1131 in
2137 1078 2381 1150 imperio
2408 1078 2551 1155 ,[Ιεῃ.
2587 1078 2883 1149 splenduit
2935 1079 3302 1137 Christianus
3353 1099 3558 1154 nuper,
3600 1093 3698 1140 etc.

272 1164 538 1221 cendatis
562 1182 575 1220 :
600 1170 657 1221 et
687 1182 824 1238 erga
855 1170 1065 1220 sanctae
1101 1165 1370 1222 Ecclesiae
1403 1165 1934 1238 Constantinopoli-
2043 1167 2251 1239 ΗΑΒι).]
2278 1167 2597 1238 splenduit,
2618 1167 3027 1224 Christianitas
3051 1186 3237 1241 nuper
3257 1171 3490 1226 turbata
3511 1171 3697 1228 sit.Ad

247 1259 424 1309 tame
458 1254 977 1326 recuperationem,
1010 1255 1329 1327 prudenter
1363 1254 1932 1326 inﬂammetiszqua-
2040 1255 2346 1310 arbitrium
2369 1256 2545 1310 unius
2568 1255 2824 1311 hominis
2843 1257 3113 1328 es,quiin
3141 1258 3361 1330 synodo
3385 1259 3693 1331 Ephesium

272 1349 449 1398 tenus
471 1361 504 1398 a
525 1342 712 1397 Photii
736 1343 964 1410 mmchi,
991 1344 1284 1416 neophyti,
1310 1361 1376 1399 ac
1399 1344 1707 1410 invaseris,
1735 1361 1800 1399 ac
1827 1361 1930 1417 per
2039 1343 2290 1399 civitatis
2335 1345 2534 1399 odium
2567 1349 2622 1400 et
2665 1345 3068 1401 contentiones
3118 1346 3311 1418 potius
3361 1348 3694 1405 exercuisse

271 1431 384 1486 hoc
406 1432 691 1497 damnati,
717 1437 774 1486 et
795 1432 1929 1499 anathematizati,communionesemu-
2040 1437 2328 1500 narratur,
2357 1433 2611 1488 militum
2645 1434 2969 1504 praesentia,
2995 1439 3051 1490 et
3074 1440 3233 1490 metu
3257 1440 3536 1508 appetens
3551 1437 3692 1493 Con-

272 1521 464 1584 niens,
493 1519 778 1592 quidquid
805 1521 861 1574 in
889 1521 1123 1576 fratrem
1147 1527 1202 1576 et
1224 1522 1633 1594 coepiscopum
1659 1527 1926 1577 nostrum
2037 1521 2564 1592 stantinopolitana}
2589 1521 2840 1578 civitatis
2859 1523 3198 1595 episcopum
3226 1525 3597 1581 Flavianum:
3624 1543 3690 1581 eo

267 1608 567 1680 Ignatium
588 1608 864 1664 molestiis
886 1608 1104 1676 intulit,
1125 1615 1182 1665 et
1203 1611 1312 1665 sibi
1338 1610 1715 1665 commissam
1734 1627 1926 1683 regere
2038 1610 2189 1681 quod
2215 1609 2476 1666 libellum
2503 1611 2572 1665 ad
2597 1611 2975 1683 apostolicam
3006 1613 3200 1667 sedem
3229 1613 3510 1682 emiserit,
3539 1619 3595 1670 et
3619 1616 3690 1670 ad

269 1698 617 1770 permittens
640 1697 954 1754 Ecclesiam
976 1698 1226 1771 corrigat
1253 1716 1266 1752 ε
1292 1698 1586 1770 salutique
1609 1705 1927 1770 sure,atque
2035 1715 2238 1753 omnes
2259 1699 2564 1771 episcopos
2587 1699 2796 1755 harum
2824 1700 3081 1772 partium
3102 1719 3205 1773 per
3217 1719 3334 1769 eos,
3361 1703 3461 1774 qui
3485 1703 3689 1759 directi

267 1786 503 1859 imperii
562 1786 653 1842 sui
715 1787 1000 1853 consulat,
1044 1791 1099 1841 et
1147 1787 1462 1842 Dominum
1505 1787 1638 1853 sibi,
1685 1787 1926 1858 suisque
1956 1827 2001 1891 Β
2035 1787 2334 1842 fuerantin
2351 1788 2646 1843 concilioa
2675 1789 3162 1846 reverendissimo
3179 1791 3450 1863 episcopo
3469 1793 3684 1860 Roma,

265 1875 546 1931 omnibus
599 1875 920 1948 propitium
976 1874 1166 1930 faciat.
1201 1877 1361 1941 Quod
1413 1894 1514 1931 vos
1545 1892 1678 1931 cum
1712 1876 1926 1932 virtute
1956 1874 2001 1891 "
2035 1876 2130 1948 qui
2157 1877 2480 1932 secundum
2513 1877 2896 1933 diffinitiones
2915 1878 3130 1934 Nicaeni
3163 1879 3392 1935 concilii
3425 1881 3691 1937 consueti

266 1966 491 2020 summi
527 1965 698 2037 regis,
727 1965 783 2019 in
809 1966 980 2035 cujus
1004 1982 1182 2019 manu
1216 1965 1390 2019 corda
1423 1982 1623 2036 regum
1657 1966 1922 2032 sunt,ob-
2034 1969 2173 2020 sunt
2203 1964 2505 2033 interesse,
2533 1966 2769 2021 domine
2795 1967 3192 2023 sacratissime
3226 1968 3306 2023 fili
3338 1971 3688 2027 venerabilis

266 2053 855 2126 tinereposseprocul
873 2053 1048 2108 dubio
1066 2053 1464 2108 credimuszet
1485 2054 1922 2108 excusationem
2034 2053 2366 2125 imperator.
2383 2054 2499 2109 Hac
2523 2054 2720 2126 itaque
2742 2055 2947 2126 gratia,
2975 2059 3075 2111 tua
3101 2059 3686 2116 mansuetudotantis

268 2143 339 2196 de
364 2141 838 2214 impossibilitate
860 2141 1082 2197 nullam
1114 2142 1402 2213 habere(si
1433 2141 1708 2196 voluntas
1738 2142 1922 2197 aﬂ‘ue-
2033 2141 2223 2196 turbis
2245 2141 2852 2209 resistens,veritatem
2876 2143 3316 2200 immaculatum
3342 2146 3686 2203 ﬁdeicatho-

264 2230 368 2299 rit)
402 2231 758 2286 omnimodis
790 2231 1166 2286 arbitramur.
1199 2231 1482 2302 Siquidem
1508 2247 1608 2302 per
1635 2232 1924 2285 mulierem
2031 2229 2152 2285 licze
2184 2230 2482 2303 religionis
2515 2231 2724 2286 salvari
2759 2231 3073 2304 praecipiat,
3111 2236 3174 2287 ut
3198 2235 3526 2289 secundum
3562 2237 3682 2291 for-

269 2318 505 2390 ﬁdelem,
541 2320 862 2375 secundum
889 2319 1252 2391 Apostolum,
1273 2323 1443 2375 etiam
1463 2319 1699 2390 inﬁdelis
1714 2320 1921 2374 virsal-
2033 2335 2188 2374 mam
2221 2324 2277 2376 et
2305 2319 2715 2376 diffinitionem
2747 2320 3077 2392 apostolica:
3105 2321 3279 2390 sedis,
3301 2339 3478 2394 quam
3503 2324 3678 2380 etiam

269 2410 494 2463 vahitur
533 2409 583 2471 (I
623 2411 750 2464 Cor.
800 2413 921 2476 vn).
972 2409 1212 2473 Quando
1246 2409 1485 2464 Photius
1518 2408 1644 2481 [leg.
1680 2409 1920 2474 Quando
2032 2425 2138 2463 nos
2161 2413 2442 2478 tanquam
2466 2409 2892 2481 praecellentem
2924 2409 3194 2465 similiter
3221 2427 3588 2482 veneramur,
3620 2413 3679 2468 in

268 2498 489 2568 potius,
508 2505 606 2553 etc.
631 2497 1049 2569 dignoscitur‘P]
1075 2514 1176 2568 per
1206 2496 1607 2553 fidelissimam
1645 2497 1919 2552 feminam
2032 2501 2185 2552 statu
2211 2498 2520 2553 sacerdotii
2544 2497 2658 2565 ille,
2687 2503 3020 2568 remanente
3039 2517 3142 2571 per
3160 2501 3360 2555 omnia
3390 2501 3682 2570 Flaviano,

267 2586 359 2642 vir
382 2586 636 2657 potuerit
659 2585 890 2652 salvari,
916 2585 1036 2658 qui,
1062 2586 1175 2641 Deo
1198 2587 1440 2659 gratias,
1466 2603 1580 2641 non
1605 2586 1794 2642 solum
1827 2586 1920 2640 in-
2032 2587 2101 2641 ad
2126 2585 2353 2641 concilii
2378 2591 2435 2641 et
2457 2587 2786 2658 apostolicze
2817 2587 2973 2642 sedis
2997 2588 3289 2659 judicium
3326 2588 3686 2646 transmitta-

267 2675 468 2730 ﬁdelis
489 2692 601 2730 non
627 2679 736 2743 est,
762 2675 935 2739 absit,
959 2692 1161 2730 verum
1182 2675 1356 2730 etiam
1383 2675 1922 2730 Christianissimus
2031 2678 2163 2744 tur;
2199 2675 2258 2730 in
2289 2691 2406 2746 qua
2434 2676 2664 2746 primus
2691 2676 2808 2743 ille,
2827 2676 2926 2748 qui
2957 2677 3220 2732 caelestes
3249 2678 3439 2734 claves
3469 2679 3685 2752 dignus

265 2768 323 2819 et
357 2762 840 2835 religiosissimus
869 2780 997 2818 esse
1028 2764 1410 2837 dignoscitur.
2032 2764 2144 2818 fuit
2173 2763 2453 2835 accipere,
2486 2765 2878 2835 principatum
2925 2764 3299 2837 episcopatus
3349 2768 3638 2823 ordinavit
3668 2785 3683 2823 :

341 2851 625 2923 Deponite
647 2869 783 2925 ergo
811 2856 1082 2908 cunctam
1117 2852 1460 2907 muliebrem
1495 2852 1920 2921 infirmitatem,
2035 2853 2270 2923 quando
2291 2853 2512 2908 scilicet
2533 2853 2698 2907 decet
2720 2870 2824 2908 nos
2848 2853 2986 2908 huic
3009 2854 3276 2908 maxima;
3297 2854 3538 2923 civitati,
3559 2873 3686 2928 qua:

267 2945 328 2996 et
363 2958 499 3013 ergo
532 2957 689 3008 eum,
731 2959 820 3008 ea,
848 2959 977 3013 quis
1010 2941 1104 3013 pia
1134 2946 1292 3007 sunt,
1328 2959 1452 3013 quae
1485 2947 1697 2996 sanctae
1729 2941 1922 2997 Eccle-
2034 2940 2274 2996 domina
2303 2939 2566 2995 omnium
2599 2946 2706 3008 est,
2726 2946 2888 2996 tuam
2913 2941 2970 2995 in
2992 2941 3269 2997 omnibus
3300 2943 3683 3000 reverentiam

265 3029 370 3086 siae
404 3034 763 3102 congruunt,
793 3030 1108 3102 impetrare
1157 3031 1404 3102 satagite
1434 3048 1446 3085 :
1487 3047 1592 3085 nec
1619 3029 1923 3097 deﬁciatis,
2035 3046 2396 3085 conservare.
2432 3029 2780 3102 Diligentius
2826 3034 3021 3086 autem
3053 3031 3232 3086 etiam
3263 3031 3322 3086 in
3353 3032 3462 3087 hoc
3495 3034 3685 3104 provi-

266 3135 460 3190 neque
489 3119 752 3187 tardetis,
790 3124 855 3174 ut
887 3119 1100 3174 nostris
1131 3119 1366 3174 obediat
1395 3119 1925 3190 precibus,nostras
2037 3119 2187 3184 dete,
2223 3135 2293 3174 ne
2321 3119 2473 3191 quod
2509 3118 2719 3191 priscis
2764 3119 3126 3190 temporibus
3158 3125 3361 3176 nostra
3389 3121 3684 3193 generatio

266 3207 545 3263 exaudiat
563 3212 849 3279 tanquam
873 3207 1155 3280 spiritalis
1180 3208 1364 3280 patris
1387 3208 1476 3263 sui
1503 3193 1999 3279 pelitionchn-‘C
2039 3208 2378 3274 custodivit,
2404 3209 2513 3263 sub
2547 3207 2718 3263 nobis
2741 3207 3013 3263 imminui
3039 3208 3322 3277 videatur,
3347 3214 3406 3265 et
3425 3225 3528 3283 per
3547 3227 3684 3284 prae-

266 3296 680 3352 desinentibus
697 3297 1924 3370 apudeumsuggestionibus,atquesuppli-
2031 3314 2168 3352 sens
2200 3296 2529 3369 exemplum
2576 3296 2792 3351 similia
2831 3301 3107 3369 gerantur
3137 3297 3480 3369 [schismata
3507 3314 3681 3370 gene-

265 3384 604 3440 cationibus
632 3403 829 3458 agere;
863 3403 1086 3441 necnon
1115 3390 1171 3440 et
1202 3385 1370 3457 quasi
1403 3384 1551 3439 virili
1587 3386 1923 3442 fortitudine
2031 3388 2252 3457 rentur]
2285 3387 2344 3440 in
2389 3386 2712 3458 episcopos,
2748 3403 2813 3440 ac
2864 3391 3098 3442 sanctas
3149 3385 3443 3444 ecclesias.
3478 3387 3681 3445 Videte

265 3473 699 3529 circumcinctae
729 3473 789 3528 in
807 3475 1135 3529 constantia
1154 3474 1434 3529 continua
1455 3474 1924 3540 decertare.Quo-
2030 3474 2228 3547 igitur,
2263 3474 2611 3530 charissima
2662 3474 2801 3542 ﬁlia,
2837 3474 3088 3547 qualiter
3145 3475 3266 3530 haec
3325 3475 3426 3532 Dei
3469 3475 3682 3533 cultrix

268 3562 434 3617 niam
460 3566 546 3628 (ut
567 3562 952 3633 praetulimus)
975 3580 1088 3618 non
1112 3580 1212 3618 vos
1244 3563 1528 3617 Dominus
1560 3563 1777 3617 frustra
1808 3563 1921 3618 im-
2031 3565 2314 3636 Augusta,
2340 3568 2404 3618 ut
2425 3563 2677 3636 priscam
2710 3563 2885 3619 fidem
2917 3567 3125 3631 servet,
3159 3569 3417 3638 satagat:
3437 3569 3496 3621 et
3525 3566 3681 3639 quod

265 3650 418 3722 perii
445 3651 713 3723 conjugis
735 3650 910 3706 vestri
933 3651 1070 3705 fecit
1088 3668 1216 3706 esse
1239 3655 1662 3714 consortem,et
1685 3651 1796 3706 nisi
1822 3668 1923 3723 pro
2033 3651 2714 3723 Constantinopolitanus
2759 3651 3070 3724 episcopus
3115 3651 3483 3708 saecularium
3518 3659 3679 3710 metu

267 3737 490 3810 populo
513 3737 1422 3810 ejuslegitimelaboraveritis,in
1442 3739 1705 3794 districto
1728 3740 1923 3795 divino
2032 3741 2206 3795 fuerit
2239 3741 2554 3812 appetitus,
2590 3740 2781 3796 doleat
2817 3756 2830 3794 :
2866 3740 3117 3813 qualiter
3146 3757 3280 3797 eum
3312 3741 3577 3798 libellum
3611 3743 3684 3798 ad

257 3827 496 3898 judicio
525 3826 851 3883 districtam
886 3827 1087 3898 procul
1139 3828 1318 3883 dubio
1367 3828 1582 3884 dabitis
1615 3829 1920 3884 rationem.
2033 3831 2228 3885 sedem
2261 3827 2639 3902 apostolicam
2673 3827 2905 3884 misisse
2937 3835 3391 3900 commemoret;
3431 3831 3686 3903 qualiter

266 3914 680 3988 Aggredimini
719 3933 878 3988 ergo,
913 3921 969 3970 et
997 3915 1311 3971 induimini
1344 3916 1700 3985 fortitudine,
1735 3922 1790 3973 et
1821 3935 1922 3989 pro
2032 3919 2230 3974 sedem
2257 3918 2658 3990 apostolicam,
2681 3922 2962 3990 tanquam
2998 3919 3422 3990 precellcntem
3455 3937 3690 3978 venere-

267 4009 454 4069 statu,
489 4020 554 4058 ac
587 4004 790 4059 ordine
836 4003 1101 4059 Ecclesiae
1133 4005 1234 4059 Dei
1267 4009 1323 4059 et
1361 4005 1647 4060 erectione
1679 4005 1922 4061 afﬂicto-
2033 4011 2129 4063 tur
2162 4024 2174 4062 :
2210 4007 2464 4079 qualiter
2512 4007 2837 4062 secundum
2889 4007 3136 4063 formam
3175 4012 3234 4063 et
3267 4008 3682 4066 diffinitionem

267 4097 507 4157 rum,et
533 4109 947 4164 oppressorum
979 4098 1274 4149 certamen
1305 4093 1925 4161 assumite,imitantes
2032 4097 2160 4167 ejus
2203 4096 2509 4151 Flavianus
2557 4095 2826 4150 submitti
2874 4097 2945 4150 ad
2983 4096 3275 4166 judicium
3307 4097 3465 4152 sedis
3495 4097 3687 4169 ipsius

266 4180 541 4237 videlicet
603 4182 874 4253 superius
933 4186 1316 4237 memoratam
1371 4182 1597 4237 beatam
1658 4183 1921 4256 reginam
2033 4185 2552 4257 (quemadmodum
2581 4187 2638 4238 et
2667 4199 2774 4237 nos
2806 4183 2876 4237 de
2911 4183 3132 4255 lgnatio
3163 4188 3221 4239 et
3248 4183 3452 4239 Photio
3482 4187 3686 4241 statui-

243 4270 506 4337 Esther,
531 4287 658 4342 quae
680 4288 781 4342 pro
815 4271 1031 4343 populo
1063 4271 1163 4327 Dei
1186 4272 1363 4327 etiam
1390 4271 1448 4325 in
1484 4276 1732 4327 mortem
1766 4273 1924 4328 dedit
2032 4277 2188 4341 mus)
2219 4272 2516 4328 hortetur:
2551 4271 2800 4343 qualiter
2833 4270 2888 4325 in
2923 4271 3058 4326 sede
3089 4271 3352 4328 Romana
3379 4271 3545 4327 illum
3571 4273 3684 4345 pri-

267 4361 539 4416 animam
563 4376 754 4427 suam,
776 4363 832 4414 et
854 4376 1162 4432 quousque
1191 4360 1346 4414 hunc
1377 4358 1643 4415 liberavit
1663 4362 1838 4432 [forte,
1861 4360 1925 4415 li-
2032 4379 2196 4418 mum
2220 4361 2319 4433 qui
2342 4359 2604 4416 cmlestes
2635 4359 2824 4416 claves
2855 4359 3069 4432 dignus
3093 4360 3203 4416 fuit
3232 4360 3680 4433 accipere,prin-

267 4449 562 4507 beravita
593 4449 782 4504 ruina.
815 4450 1043 4521 Hann],
1073 4450 1274 4505 anima
1331 4449 1504 4505 ferias
1562 4450 1756 4506 nullas
1815 4468 1922 4506 suo
2031 4451 2290 4524 cipatum
2343 4449 2716 4522 episcopatus
2776 4449 3077 4505 ordinasse
3133 4447 3352 4504 recolat
3383 4466 3396 4505 :
3427 4449 3681 4521 qualiter

266 4537 584 4596 certamini
617 4537 821 4593 tribuit
853 4554 866 4593 :
899 4537 994 4593 cui
1026 4537 1425 4594 Mardochzeus
1468 4537 1565 4592 ille
1610 4537 1923 4596 laudabilis
1953 4559 2000 4625 Β
2033 4541 2206 4597 etiam
2232 4538 2541 4611 diligenter
2560 4537 2984 4610 providendum
3006 4554 3136 4593 esse
3161 4542 3416 4605 censeat,
3432 4553 3504 4593 ne
3521 4540 3676 4610 quod

267 4631 526 4701 patruus
557 4626 1220 4698 ejus(quemadmodum
1253 4644 1361 4682 nos
1392 4644 1549 4682 nunc
1578 4627 1925 4695 vobis)inter
2034 4628 2244 4702 priscis
2277 4627 2642 4699 temporibus
2674 4625 3030 4683 custoditum
3063 4627 3273 4695 fuerat,
3297 4626 3571 4682 imminui
3603 4627 3684 4682 vi-

269 4722 487 4772 cetera
533 4715 616 4770 ita
664 4720 1034 4788 suggesserat
1068 4733 1080 4771 :
1116 4720 1194 4772 Ne
1231 4725 1405 4787 putes,
1458 4716 1752 4788 inquiens,
1787 4717 1929 4790 quod
2023 4719 2261 4780 .deatur,
2291 4721 2348 4772 et
2376 4733 2479 4788 per
2508 4733 2762 4788 praesens
2791 4714 3120 4787 exemplum
3155 4713 3375 4770 similia
3406 4720 3686 4786 gerantur

268 4809 526 4861 animum
565 4812 718 4859 tuam
763 4813 975 4860 tantum
1023 4805 1235 4872 liberes,
1277 4807 1406 4877 quia
1434 4808 1490 4860 in
1518 4806 1675 4860 domo
1702 4808 1847 4874 regis
1875 4824 1929 4862 es
2039 4805 2098 4861 in
2121 4806 2443 4878 episcOpos,
2472 4822 2538 4860 ac
2561 4809 2796 4860 sanctas
2819 4803 3122 4860 Ecclesias.
3145 4803 3278 4868 Quae
3301 4808 3530 4873 cuncta,
3569 4805 3688 4862 ﬁlia

271 4911 399 4967 prae
428 4896 638 4948 cunctis
666 4893 908 4951 Iudaeis:
933 4896 998 4949 Si
1023 4897 1170 4949 enim
1202 4912 1348 4949 nunc
1375 4896 1621 4958 silueris,
1636 4911 1732 4966 per
1761 4896 1933 4950 aliam
2041 4895 2411 4963 charissima,
2436 4894 2744 4965 diligenter
2763 4892 3148 4960 attendentes,
3175 4897 3230 4947 et
3253 4910 3356 4964 per
3375 4893 3556 4965 hujus
3582 4895 3689 4966 pia:

252 4985 623 5045 .occasionem
656 4984 1039 5038 liberabuntur
1066 4983 1274 5047 Judazi,
1304 4992 1354 5038 et
1382 4992 1440 5038 tu
1471 4992 1520 5038 et
1550 4983 1740 5039 domus
1760 4986 1936 5055 patris
2041 4987 2312 5056 Augustae
2361 4982 2606 5054 vestigia
2655 4981 3008 5054 gradientes,
3040 4981 3380 5053 hujusmodi
3428 5000 3692 5040 reveren-

275 5073 366 5127 tui
389 5073 666 5143 peribitis.
700 5073 765 5126 Et
795 5073 917 5143 quis
943 5074 1113 5137 novit,
1144 5080 1332 5127 utrum
1375 5073 1576 5128 idcirco
1605 5073 1676 5127 ad
1705 5090 1935 5142 regnum
2044 5070 2795 5144 tiam,hujusmodicultum
2813 5069 2964 5124 circa
2977 5071 3172 5126 sedem
3187 5072 3339 5128 beati
3354 5072 3696 5143 Petri,etex-

275 5161 519 5225 veneris,
569 5168 629 5214 ut
684 5162 744 5215 in
799 5168 1032 5232 tempore
1087 5162 1188 5216 tali
1241 5162 1566 5232 parareris?
1621 5163 1786 5224 (Esth.
1836 5161 1936 5233 ιν.)
1988 5170 1995 5177 ’
2047 5161 2264 5230 hibete,
2289 5166 2345 5216 et
2366 5158 3201 5217 exhiberiaChristianissimo
3226 5164 3472 5234 conjuge
3501 5165 3694 5217 vestro

279 5252 584 5315 Quantum
607 5253 802 5303 autem
827 5248 934 5320 piae
958 5248 1379 5320 imperatrices,
1406 5266 1656 5320 quarum
1679 5267 1780 5305 vos
1812 5249 1936 5304 imi-
2049 5255 2286 5306 strenue
2319 5249 2579 5305 suadete.
2605 5247 2904 5310 Quatenus
2937 5248 3443 5321 imperium,quod
3469 5254 3693 5319 tempo-

257 5338 524 5394 tatrices
553 5354 680 5393 esse
711 5338 1004 5405 volumus,
1028 5339 1148 5393 sedi
1174 5339 1326 5394 beati
1351 5338 1632 5411 principis
1656 5338 1940 5410 apostolo-
2050 5338 2248 5393 raliter
2278 5341 2558 5393 assecutaa
2591 5335 2752 5403 estis,
2787 5351 2920 5391 cum
2967 5336 3083 5394 illis
3114 5339 3216 5394 Dei
3248 5336 3700 5406 cultricibus,.et

280 5444 419 5482 rum
455 5426 603 5481 Petri
636 5427 852 5481 devotae
884 5426 1100 5482 fuerint
1134 5444 1147 5481 :
1181 5432 1237 5483 et
1267 5427 1418 5482 hanc
1453 5444 1564 5498 prae
1593 5426 1822 5481 cunctis
1854 5443 1940 5482 se-
2054 5427 2332 5483 honorem
2359 5426 2541 5482 sancti
2567 5426 2718 5481 Petri
2742 5427 2864 5482 sedi
2886 5426 3294 5482 exhibentibus
3324 5425 3704 5497 imperatrici-

278 5515 462 5570 dibus
487 5514 1770 5589 honoraverint,qualiterquesublimissimos
1786 5515 1941 5587 prin-
2053 5517 2186 5582 bus,
2218 5515 2554 5589 percipiatis
2586 5519 2887 5583 aeternum,
2922 5519 2979 5571 et
3006 5513 3254 5587 gloriam
3286 5513 3702 5588 incorruptibi-

279 5605 333 5664 ci
343 5621 445 5680 pes
470 5605 622 5664 circa
645 5604 1023 5662 reverentiam
1040 5605 1284 5662 Romani
1302 5603 1943 5681 pontiﬁcisinﬂamma-
2052 5606 2166 5666 lem
2193 5605 2395 5665 eodem
2419 5603 2817 5669 intercedente
2837 5602 3229 5680 apostolorum
3252 5601 3708 5675 eximio,cuivos

605 5729 878 5794 PATROL.
927 5731 1124 5794 CXIX.
3310 5733 3388 5820 34
