4098 6186
475 288 631 349 106⁸1

1829 281 2144 346 NICOLAI
2193 282 2419 343 PAP/E
2462 284 2509 344 Ι.

3671 287 3802 349 1068

474 420 535 476 in
566 418 795 491 legatis,
831 421 887 472 et
918 417 976 472 in
1008 416 1297 489 legatione
1352 414 1539 488 ipsius
1589 415 1969 471 reverentiam
2017 431 2121 486 per
2147 416 2201 481 Α
2231 415 2303 470 ad
2354 415 2552 471 sedem
2602 413 2980 487 apostolicam
3033 418 3427 488 pervenerunt,
3458 419 3803 476 accusationes

476 507 867 565 obedientiam
897 505 1233 577 impendere
1263 504 1657 568 cohortamur,
1691 504 1750 559 in
1783 504 1995 560 cmlesti
2022 521 2119 575 pa-

474 597 615 653 latio
644 594 1149 666 incorruptibilem
1175 598 1230 649 et
1259 593 1802 649 immarcessibilem
1835 593 2121 666 largiente

477 702 612 758 rege
642 700 844 757 regum
877 682 1117 738 Domino
1151 682 1776 755 consequamini.Data
1799 683 1998 738 Idibus
2013 682 2121 736 No-

476 774 756 840 vembris,
791 772 1107 828 indictione
1139 790 1228 827 xv.

739 950 812 989 AD
852 950 1081 988 CLERUM
1121 949 1425 988 CONSTANTI
1435 951 1504 987 ΝΟ
1513 950 1579 988 ΡΟ
1588 950 1835 989 LITANUM
1845 975 1856 987 .

1120 1004 1306 1077 (Anno
1337 1005 1485 1077 866,)

480 1080 761 1134 Percenset
789 1077 973 1131 omnia
994 1075 1166 1147 quaen
1183 1075 1271 1131 die
1292 1092 1394 1147 quo
1427 1075 1950 1147 Constantinopolim
1965 1075 2124 1129 missi

550 1156 678 1205 sunt
730 1147 1073 1203 Rhadoaldus
1110 1155 1161 1201 et
1189 1149 1518 1213 Zacharias,
1549 1150 1772 1218 fuerunt
1820 1154 1959 1200 acta.
1995 1147 2122 1200 Item

548 1228 930 1276 commemorat
983 1220 1209 1273 concilii
1265 1221 1494 1273 Romaai
1550 1219 1782 1285 decreta,
1827 1219 2124 1288 repetitque

550 1292 735 1347 omnia
769 1306 894 1362 qua:
923 1292 979 1344 in
1012 1291 1288 1362 superiori
1323 1291 1549 1362 epistola
1579 1290 1721 1344 dicta
1751 1296 1879 1343 sunt
1903 1288 1967 1342 de
1993 1304 2121 1362 pro:

546 1360 792 1418 motione
831 1362 1032 1425 Photii,
1084 1370 1135 1415 et
1181 1361 1249 1415 de
1307 1360 1558 1430 Gregorio
1606 1365 1974 1432 Syracusano,
2027 1360 2125 1430 qui

548 1435 804 1489 Photium
858 1434 1209 1499 consecravit,
1263 1440 1315 1487 et
1361 1432 1424 1486 de
1472 1433 1697 1503 epistola
1755 1433 2120 1503 imperatoris,

549 1522 715 1576 quam
745 1504 993 1559 comburi
1013 1503 1188 1576 jubet.

992 1574 1181 1645 [Apud
1214 1574 1422 1640 Mansi,
1456 1574 1613 1640 ibid]

548 1665 834 1719 NICOLAUS
863 1663 1195 1734 episcopus,
1232 1679 1434 1717 servus
1465 1679 1764 1718 servorum
1814 1660 1937 1726 Dei,
1967 1678 2124 1716 reve-

477 1752 847 1810 rendissimis
877 1756 934 1805 et
963 1750 1352 1807 sanctissimis
1383 1751 1773 1806 confratribus
1804 1750 2020 1805 nostris
2041 1766 2126 1803 ar-

478 1839 864 1912 chiepiscopis
896 1839 1378 1911 metropolitanis,
1397 1846 1453 1895 et
1483 1840 1772 1912 episcOpis
1802 1838 2127 1895 Constanti-

477 1929 825 2002 nopolitanae
851 1929 975 1985 sedi
999 1930 1465 2000 subjacentibus,
1487 1934 1659 2001 atque
1676 1929 1944 1984 universo
1963 1944 2126 1983 vene-

478 2018 645 2075 rabili
676 2018 828 2074 clero
859 2017 1643 2089 Constantinopolitanorum
1676 2018 1966 2073 Ecclesiae.

550 2108 632 2163 Ea
661 2124 788 2179 quae
820 2124 1008 2179 nuper
1037 2107 1189 2179 apud
1222 2106 1785 2179 Constantinopolim
1803 2110 1967 2179 gesta
1989 2108 2128 2161 sunt

478 2196 878 2268 hactenusque
900 2196 1583 2269 geruntur,sanctitatem
1605 2200 1859 2251 vestram
1881 2212 1995 2250 non
2011 2211 2128 2249 cre-

477 2285 676 2340 dimus
706 2285 1012 2357 ignorare;
1048 2285 1151 2339 sed
1186 2284 1439 2356 qualiter
1467 2284 1588 2340 zelo
1619 2283 1787 2340 zelati
1820 2300 1922 2356 pro
1954 2284 2126 2338 domo

478 2372 733 2440 Domini,
768 2390 895 2443 qua:
929 2376 1019 2427 est
1047 2372 1307 2428 Ecclesia
1335 2373 1435 2428 Dei
1467 2373 1599 2440 vivi,
1636 2372 1908 2428 columna
1939 2376 1995 2427 et
2024 2373 2126 2426 fir-

478 2464 842 2517 mamentum
853 2460 1136 2525 veritatis,
1154 2478 1313 2516 more
1331 2461 1704 2517 decessorum
1723 2478 1985 2516 meorum
2011 2460 2126 2516 sol-

476 2547 841 2604 licitudinem
874 2547 1137 2603 omnium
1165 2548 1552 2605 Ecclesiarum
1590 2550 1685 2605 Dei
1715 2549 2127 2605 circumferen-

474 2640 701 2705 tes,nos
720 2635 894 2691 dehis
907 2636 1198 2709 egerimus
1216 2636 1302 2691 vel
1321 2636 1807 2709 diSposuerimus,
1824 2636 1989 2693 vobis
2012 2655 2126 2692 non

476 2728 597 2781 tam
620 2725 869 2781 breviter
892 2743 1071 2797 quam
1090 2726 1753 2782 veraciterintimamus.
1774 2726 1956 2799 Igitur
1978 2730 2128 2798 post-

478 2830 657 2885 quam
689 2814 1021 2870 audivimus
1053 2815 1205 2884 quod
1241 2815 1482 2887 quidam
1515 2820 1775 2872 vestrum
1799 2815 2027 2870 invidiae
2052 2815 2129 2870 fa-

477 2903 649 2958 cibus
681 2904 931 2971 accensi,
966 2909 1021 2958 et
1056 2904 1339 2979 superbia
1392 2904 1544 2960 fastu
1593 2909 1932 2977 arroganter
1969 2904 2126 2971 elati,

483 3008 647 3048 more
691 2992 1029 3048 Judarorum
1087 2999 1292 3049 contra
1350 2998 1642 3066 pastorem
1682 2998 1737 3049 et
1779 2993 2128 3065 magistrum

481 3097 681 3151 suum,
714 3082 951 3137 fratrem
1007 3081 1274 3137 videlicet
1329 3081 1798 3137 comministrum
1859 3086 2124 3136 nostrum

480 3169 793 3242 Ignatium,
819 3170 1081 3226 Ecclesia:
1116 3172 1359 3241 praelatae
1396 3170 1837 3226 sanctissimum
1875 3170 2125 3243 patriar-

481 3258 673 3327 cham,
697 3258 1147 3315 insurrexerint:
1175 3260 1413 3331 quidam
1437 3278 1568 3315 vero
1593 3260 1778 3315 instar
1795 3260 2125 3331 viperarum

480 3364 549 3403 ac
580 3347 1002 3420 parricidarum
1035 3353 1335 3421 parentem
1368 3350 1689 3421 proprium,
1717 3349 1989 3405 eumdem
2022 3348 2127 3404 scio

481 3435 616 3493 licet
646 3437 1051 3493 beatissimum
1085 3438 1294 3505 virum,
1331 3436 1530 3492 ferinis
1562 3437 1835 3492 dentibus
1864 3436 2126 3509 impetie-

479 3524 618 3590 rint,
644 3529 703 3580 et
723 3526 795 3580 ab
819 3524 1074 3581 Ecclesia
1096 3524 1243 3596 ipsa,
1269 3524 1362 3579 cui
1376 3526 1510 3596 jure
1534 3524 1900 3597 praesidebat,
1921 3530 2121 3598 tyran-

480 3613 635 3669 nidis
690 3630 809 3668 suae
867 3631 1049 3669 cornu
1108 3614 1341 3685 penitus
1401 3615 1773 3679 removerint,
1823 3614 2124 3669 acerrimis

476 3701 775 3757 doloribus
791 3700 1109 3773 angustiati
1123 3705 1299 3772 atque
1319 3701 1667 3758 mmroribus
1680 3702 2123 3757 vehementibus

475 3789 740 3856 cruciati,
755 3790 1039 3861 coepimus
1056 3790 1305 3862 qualiter
1323 3806 1460 3861 erga
1478 3807 1611 3844 eum
1624 3791 1843 3846 viscera
1858 3790 2121 3863 benigni-

473 3877 635 3942 tatis,
673 3881 870 3949 utpote
919 3878 1075 3933 circa
1121 3878 1380 3943 fratrem,
1416 3878 1877 3947 ostenderemus,
1920 3879 2124 3934 sedula

471 3964 847 4021 meditatione
877 3969 1145 4022 tractare.
1175 3965 1469 4038 Scriptum
1502 3967 1721 4039 quippe
1753 3970 1841 4023 est
1863 3985 1875 4023 :
1899 3969 2011 4038 Qui
2040 3971 2121 4024 vi-

468 4053 610 4109 derit
636 4056 870 4125 fratrem
900 4056 1271 4110 necessitatem
1300 4055 1517 4122 habere,
1550 4064 1601 4111 et
1629 4057 1887 4112 clauserit
1918 4059 2122 4113 viscera

467 4158 572 4198 sua
626 4142 694 4199 ab
749 4160 829 4209 eo,
891 4143 1152 4215 quomodo
1207 4145 1447 4199 charitas
1503 4147 1600 4199 Dei
1652 4153 1839 4200 manet
1894 4148 1955 4201 in
2011 4163 2068 4201 eo
2094 4146 2121 4200 ‘?

470 4230 697 4303 (lJoan.
733 4233 837 4303 tu.)
867 4232 1118 4287 Maxime
1176 4249 1309 4287 cum
1371 4231 1628 4288 schisma
1691 4234 1747 4288 in
1785 4234 1913 4306 jam
1965 4234 2121 4290 dicta

471 4320 635 4387 urbe,
669 4324 728 4376 et
757 4319 815 4376 in
862 4321 1271 4392 adjacentibus
1330 4320 1441 4377 sibi
1500 4322 1854 4390 civitatibus,
1884 4326 2119 4395 pr0pter

471 4410 786 4481 quemdam
836 4409 1132 4476 Photium,
1166 4426 1235 4465 ex
1284 4410 1406 4465 foro
1437 4414 1494 4465 et
1524 4410 1789 4466 saeculari
1824 4410 2034 4467 militia
2062 4416 2118 4467 et

2230 504 2516 575 quasdam
2541 504 2599 559 in
2633 504 2867 576 scriptis
2898 505 3178 560 adversus
3200 506 3323 576 jam
3356 505 3527 560 fatum
3556 523 3806 564 consacer~

2230 594 2424 648 dotem
2455 597 2722 649 nostrum
2753 593 3139 666 Ignatium,et
3170 594 3227 648 in
3247 593 3432 649 verbis
3460 595 3807 652 excusationes

2229 699 2333 754 pro
2351 682 2555 738 Photio
2577 683 2919 750 deferentes,
2944 687 3001 738 et
3021 687 3084 737 ut
3105 701 3139 738 a
3160 683 3292 739 sede
3313 683 3609 755 apostolica
3634 684 3809 741 missos

2230 773 2528 837 daremus,
2562 771 2661 843 qui
2697 771 2975 827 scandala
3024 771 3127 826 illa
3169 772 3434 827 sedarent
3461 776 3512 826 et
3541 772 3811 827 schismata

2231 860 2604 932 dissiparent,
2653 878 3005 933 magnopere
3058 860 3436 933 postulantes.
3480 861 3679 924 Quibus
3729 861 3812 917 rite

2230 948 3014 1022 susceptis,etlegationibus
3036 948 3310 1021 injunctze
3340 949 3447 1004 sibi
3476 967 3569 1004 seu
3598 949 3811 1021 epistolae

2231 1038 2432 1093 delata:
2454 1038 2774 1111 imperialis
2805 1039 3064 1110 inspecto
3090 1045 3311 1105 tenore,
3336 1039 3650 1093 mmstitiam
3670 1055 3810 1110 quam

2231 1127 2394 1199 prius
2412 1144 2612 1182 rumor
2628 1126 2790 1183 solus
2809 1126 2867 1181 in
2885 1144 2973 1183 cor
2987 1129 3055 1182 de
3074 1132 3271 1183 nostro
3296 1132 3600 1199 pepererat,
3613 1144 3811 1181 casuum

2231 1215 2525 1271 evidenter
2553 1220 2924 1272 ostensorum
2947 1216 3157 1272 certior
3176 1217 3478 1272 confestim
3498 1216 3679 1271 relatio
3698 1216 3814 1270 mulo

2230 1303 2531 1376 tiplicavit.
2559 1309 2634 1372 ((ι)
2656 1305 3021 1377 Quapropter
3042 1304 3200 1377 quia,
3220 1306 3374 1361 sicut
3393 1305 3655 1359 divinitus
3678 1305 3815 1376 inspi-

2231 1399 2360 1449 rata
2379 1394 2666 1466 sapientia
2687 1399 2879 1450 vestra
2903 1396 3430 1461 novit,cunctarum
3452 1392 3647 1447 Christi
3658 1393 3813 1448 ovium

2232 1500 2373 1538 cura
2403 1482 2880 1555 constringimur,
2910 1501 3043 1539 cum
3076 1484 3230 1539 vices
3262 1483 3419 1537 illius
3450 1499 3546 1555 per
3572 1483 3815 1537 abundan-

2234 1572 2376 1626 tiam
2408 1571 2660 1627 cmlestis
2690 1572 2886 1644 gratiae
2919 1588 3212 1645 geramus,
3240 1573 3335 1627 cui
3362 1570 3813 1645 specialiteraDeo

2234 1660 2447 1715 dicitur
2480 1676 2493 1716 :
2526 1661 2694 1716 Pasce
2749 1677 2869 1716 oves
2924 1676 3072 1716 meas
3124 1662 3300 1733 (Joan.
3331 1660 3483 1731 xxr);
3520 1662 3574 1716 et
3611 1678 3811 1715 rursus:

2155 1785 2203 1849 B
2236 1750 2295 1804 Et
2318 1757 2375 1803 tu
2394 1749 2693 1819 aliquando
2726 1765 3013 1805 conversus
3043 1751 3308 1821 conﬁrma
3344 1753 3540 1821 fratres
3568 1757 3673 1803 tuos
3698 1750 3812 1819 (Luc.

2232 1839 2525 1909 xxu),non
2558 1838 2862 1910 potuimus
2892 1837 3271 1895 dissimulare
3303 1842 3405 1893 aut
3433 1836 3695 1911 negligere
3713 1854 3816 1909 quo-

2234 1927 2433 1983 minus
2461 1927 2833 1983 visitaremus
2867 1945 3000 1984 oves
3033 1928 3330 1999 dispersas
3359 1931 3416 1982 et
3446 1924 3816 1999 dissipatas,vel

2236 2017 2555 2087 quominus
2584 2017 3070 2072 confirmaremus
3097 2015 3157 2071 in
3184 2016 3299 2072 fide
3332 2020 3389 2071 et
3418 2015 3661 2071 moribus
3687 2012 3817 2069 bonis

2237 2105 2443 2160 fratres
2474 2108 2707 2163 nostros
2734 2109 2791 2160 et
2817 2105 3131 2177 proximos.

2307 2195 2376 2248 Et
2411 2194 2550 2267 quia
2578 2193 2731 2249 inter
2761 2199 2967 2250 caetera
2996 2212 3123 2267 qua:
3154 2196 3224 2251 de
3258 2195 3569 2251 schismate
3588 2195 3700 2266 jam
3720 2192 3816 2247 fate

2235 2281 2888 2355 Constantinopolitanae
2921 2282 3287 2351 Ecclesiae,hi
3320 2284 3419 2356 qui
3454 2283 3609 2339 missi
3638 2283 3819 2338 fuerant

2236 2372 2626 2435 testabantur,
2655 2371 2907 2428 maxime
2935 2373 3201 2428 eamdem
3235 2372 3546 2429 Ecclesiam
3577 2372 3640 2427 ab
3669 2372 3818 2426 Iceno-

2237 2461 2486 2530 machis,
2548 2461 2858 2516 recidivam
2915 2460 3411 2534 contemptionem
3470 2459 3815 2521 excitantibus,

2237 2550 2578 2605 asserebant
2621 2550 2834 2618 vexari,
2870 2550 3287 2622 Christumque
3339 2566 3441 2622 per
3477 2549 3688 2621 singula
3711 2564 3818 2601 con-

2236 2638 2528 2694 venticula
2558 2638 2951 2711 blasphemari
2987 2656 3000 2694 :
3036 2638 3250 2694 idcirco
3282 2640 3431 2694 duos
3460 2638 3727 2711 episcopos
3742 2634 3818 2706 qui

2237 2726 2970 2799 nobiscumerant,quique
2986 2728 3056 2782 ad
3080 2727 3190 2783 hoc
3211 2732 3444 2784 tantum
3468 2725 3819 2799 perliciendum

2237 2832 2385 2887 opus
2435 2816 2624 2872 idonei
2679 2817 2848 2872 nobis
2895 2833 3023 2873 esse
3074 2816 3444 2883 videbantur,
3479 2812 3819 2872 Rhadoaldum

2238 2904 2460 2961 scilicet
2489 2911 2546 2961 et
2571 2905 2929 2973 Zachariam,
2963 2923 3081 2961 una
3111 2922 3246 2961 cum
3281 2905 3535 2962 Ecclesia
3564 2921 3673 2976 qua
3701 2901 3816 2974 apud

2238 3010 2345 3048 nos
2376 2997 2481 3062 est,
2515 2994 2665 3049 datis
2718 2993 2927 3049 litteris
2976 2998 3097 3049 tam
3128 2995 3202 3049 ad
3233 2997 3566 3067 Augustum
3595 3008 3745 3064 quam
3767 2988 3820 3043 ad

2240 3082 2512 3137 Photium
2544 3082 2797 3155 scriptis,
2813 3082 3407 3155 Constantinopolim,
3422 3083 3569 3138 idem
3597 3079 3819 3136 nimirum

2157 3149 2199 3216 (ἶ
2238 3171 2532 3244 piaculum
2581 3176 2967 3240 exsecrantes,
3000 3190 3031 3227 e
3064 3172 3241 3227 latere
3295 3177 3494 3229 nostro
3538 3168 3818 3232 direximus,

2235 3260 2383 3315 nihil
2412 3261 2497 3316 eis
2527 3260 2759 3332 penitus
2808 3260 3184 3333 injungentes
3234 3261 3351 3317 nisi
3385 3266 3448 3315 ut
3476 3260 3818 3315 tantummodo

2235 3366 2443 3406 causas
2487 3349 2694 3422 Ignatii
2736 3348 3102 3420 patriarchae,
3132 3350 3231 3423 qui
3264 3354 3468 3406 antea
3512 3350 3578 3404 de
3621 3344 3820 3403 Ecclesia

2235 3436 2443 3509 pulsus
2465 3454 2643 3508 quam
2667 3437 2739 3491 ab
2762 3435 2958 3507 aliquo
2981 3440 3293 3492 accusatus
3316 3432 3817 3502 exstiterat,diligen-

2235 3530 2321 3581 ter
2352 3525 2786 3597 investigarent,
2819 3529 2875 3580 et
2904 3525 3027 3579 sedi
3059 3524 3395 3597 apostolicae
3425 3523 3604 3597 plenis
3633 3526 3683 3577 et
3696 3534 3817 3574 vera-

2233 3614 2401 3670 cibus
2433 3615 2711 3670 referrent
2739 3613 2992 3678 indiciis,
3009 3615 3261 3685 quemad
3273 3615 3514 3670 modum
3535 3613 3634 3668 Job
3654 3607 3818 3664 beatis-

2234 3704 2423 3759 simus
2453 3703 2702 3758 edocens
2738 3720 2749 3759 :
2783 3705 3045 3768 Causam,
3080 3703 3299 3775 inquit,
3348 3720 3512 3775 quam
3550 3698 3821 3757 nesciebam.

2231 3791 2650 3861 diligentissime
2699 3791 3092 3862 inuestigabam
3121 3792 3243 3866 (Job
3276 3794 3433 3858 xxxx)
3472 3806 3484 3843 :
3518 3786 3687 3843 Photii
3722 3796 3821 3836 vero

2232 3880 2732 3935 consecrationem
2766 3896 2879 3935 non
2913 3878 3104 3933 solum
3139 3878 3387 3934 minime
3409 3877 3635 3933 interim
3665 3868 3825 3927 admit-

2232 3969 2469 4024 tendam
2500 3984 2629 4023 esse
2659 3968 3038 4038 credidimus,
3057 3984 3260 4023 verum
3294 3967 3471 4023 etiam
3506 3964 3639 4037 ipsis
3663 3956 3827 4031 legatis

2230 4057 2469 4122 nostris,
2503 4075 2574 4112 ne
2605 4074 2737 4112 cum
2770 4056 2868 4113 illo
2918 4056 3031 4112 nisi
3081 4074 3209 4128 qua:
3243 4073 3384 4111 cum
3414 4055 3558 4110 laico
3587 4065 3745 4121 usque
3768 4043 3822 4098 ad

2230 4147 2497 4202 notitiam
2530 4151 2789 4202 nostram
2814 4145 3342 4211 communicarent,
3360 4140 3635 4216 frequenti
3655 4155 3710 4193 ac
3734 4150 3824 4190 om-

2229 4235 2743 4307 nimodajussione
2757 4236 3165 4307 prmcepimus.
3183 4234 3472 4297 Quoniam
3492 4232 3630 4288 sicut
3651 4220 3823 4296 magni-

2226 4323 2442 4396 loquus
2475 4328 2581 4378 Leo
2608 4341 2758 4397 papa
2788 4323 3049 4379 scribens
3099 4323 3170 4377 ad
3216 4327 3493 4377 sanctum
3538 4315 3820 4375 Flavianum

2226 4412 2367 4467 dicit
2390 4412 2712 4467 antistitem
2738 4415 2911 4483 (epist.
2941 4412 3024 4483 10)
3052 4429 3065 4466 :
3091 4412 3208 4467 Nos
3237 4412 3341 4482 qui
3376 4409 3721 4466 sacerdotum
3742 4400 3822 4455 Do-

469 4496 675 4553 habitu
698 4502 871 4570 atque
892 4515 925 4553 a
947 4496 1221 4570 palatinis
1251 4498 1476 4554 uadibus
1507 4499 1807 4567 eductum,
1832 4517 1898 4556 ac
1922 4501 2114 4556 subito
2145 4520 2192 4583 D
2226 4500 2369 4556 mini
2389 4506 2622 4556 matura
2651 4500 2923 4557 volumus
2952 4517 3080 4556 esse
3103 4499 3357 4572 judicia,
3379 4497 3524 4554 nihil
3558 4502 3819 4583 possumus

468 4589 863 4653 tonsuratum,
886 4586 1023 4642 etin
1049 4587 1252 4642 eadem
1283 4586 1530 4642 ecclesia
1559 4593 1763 4644 contra
1793 4606 1991 4645 sacros
2021 4607 2113 4645 ca-

470 4691 654 4731 nones
666 4680 1143 4747 promotum,non
1160 4675 1457 4730 modicum
1472 4676 1813 4733 audiremus
1825 4679 2114 4735 obortum.

468 4763 609 4820 Aliis
638 4765 906 4821 videlicet
936 4765 1123 4821 Photii
1172 4765 1599 4837 promotionem
1649 4767 2114 4837 defendentibus,

469 4850 601 4906 aliis
633 4857 828 4909 autem
861 4854 1329 4925 hanc,tanquam
1360 4853 1685 4910 inconvicto
1718 4859 1774 4910 et
1804 4858 2116 4928 superstite

470 4940 693 5013 Ignatio
722 4942 953 5011 factam,
990 4942 1193 4998 merito
1225 4942 1672 4998 detestantibus.

538 5030 649 5086 Sed
672 5031 813 5086 dum
840 5031 995 5103 quod
1019 5030 1154 5086 hinc
1177 5049 1210 5086 a
1232 5030 1399 5086 nobis
1425 5031 1549 5086 fieri
1582 5032 1837 5100 deberet,
1860 5034 1947 5089 vel
1970 5052 2112 5107 qua-

464 5118 596 5175 liter
623 5119 770 5175 tanti
803 5119 1059 5175 rumoris
1098 5120 1507 5176 certitudinem
1559 5138 1732 5177 nosse
1781 5140 2107 5194 possemus,

462 5207 826 5265 incessanter
844 5213 902 5263 et
922 5208 1090 5262 anxie
1122 5208 1532 5280 cogitaremus,
1558 5225 1688 5265 ecce
1720 5216 1955 5283 repente
1975 5230 2111 5268 cum

463 5297 711 5371 epistola
741 5297 901 5370 regia
931 5296 1173 5369 quidam
1212 5297 1642 5367 episcoporum,
1673 5317 1925 5370 quorum
1959 5319 2112 5359 unus

464 5391 587 5442 erat
612 5386 1044 5459 Gangrensium
1094 5385 1601 5456 metropolitanus,
1635 5403 1769 5443 cum
1796 5391 1960 5457 Arsa,
1990 5390 2110 5447 viro

462 5473 715 5548 glorioso
734 5474 1053 5548 spathario,
1072 5473 1450 5547 Augustalem
1473 5476 1722 5531 ferentes
1736 5477 2109 5554 legationem,

535 5561 612 5634 (a)
643 5560 745 5618 Hie
771 5562 980 5642 ingens
1009 5561 1222 5623 lacinia
1248 5578 1315 5621 ex
1345 5578 1434 5637 ep.
1474 5563 1496 5618 1
1534 5562 1774 5625 Nicolai.

2225 4588 2540 4662 incognitis
2568 4589 2741 4645 rebus
2774 4589 2831 4643 in
2863 4591 3215 4661 cujusquam
3249 4588 3438 4661 partis
3470 4578 3820 4659 prazjudicium

2228 4678 2501 4744 diffinire,
2525 4678 2871 4750 priusquam
2905 4678 3177 4733 universa
3202 4694 3331 4749 quas
3363 4680 3527 4750 gesta
3553 4675 3675 4728 sunt
3701 4680 3823 4750 veraf

2228 4767 2371 4822 citer
2391 4749 2984 4822 audiamusiTantum
3010 4766 3094 4822 eis
3107 4767 3179 4822 de
3190 4749 3614 4821 venerabilibus
3633 4749 3819 4814 Domini

2226 4855 2411 4911 nostri
2440 4856 2579 4911 Jesu
2612 4855 2846 4925 Christi,
2879 4856 3266 4927 ejusdemque
3298 4850 3595 4926 genitricis
3636 4855 3821 4914 semper

2220 4942 2466 5015 virginis
2498 4943 2713 5011 Marias,
2745 4960 2811 4999 ac
2864 4948 3203 4999 sanctorum
3258 4942 3449 5013 ipsius
3494 4932 3819 5008 imaginibus,

2222 5032 2508 5105 quidquid
2524 5032 2767 5103 quaestio
2790 5033 3041 5100 afferret,
3056 5034 3215 5104 juste
3233 5048 3297 5086 ac
3319 5030 3413 5103 pie
3436 5021 3820 5083 diflinirelicei-

2219 5121 2364 5177 tiam
2392 5121 2620 5187 dantes,
2645 5138 2773 5192 quae
2796 5125 3007 5177 cuncta
3035 5121 3117 5176 ita
3145 5137 3273 5176 esse
3300 5123 3369 5174 ut
3398 5118 3640 5173 dicimus
3655 5111 3817 5165 littere

2222 5215 2454 5277 nostra),
2504 5227 2651 5282 quas
2708 5211 2984 5282 Augusta:
3040 5206 3480 5266 mansuetudini
3536 5214 3735 5259 necnon
3772 5196 3816 5246 ei

2222 5298 2422 5354 Photio
2444 5316 2547 5371 per
2565 5299 2802 5355 eosdem
2837 5298 3048 5355 missos
3081 5304 3310 5355 nostros
3340 5295 3816 5352 destinaveramus,

2220 5388 2270 5444 si
2306 5388 2386 5443 ita
2417 5391 2556 5444 sunt
2587 5388 2741 5460 apud
2775 5405 2873 5443 vos
2914 5387 3410 5460 quemadmodum
3442 5402 3477 5439 a
3506 5378 3662 5437 nobis
3690 5376 3816 5429 fuere

2219 5478 2601 5546 transmissus,
2629 5481 2894 5552 patenter
2922 5471 3643 5553 poteruntindicare.Nam
3665 5465 3709 5522 si
3735 5472 3816 5517 ηοξ
