4098 6186
308 272 469 338 1085

1524 267 1934 333 EPISTOLIE
1973 267 2075 330 ET
2117 265 2502 330 DECRETA.

3555 271 3712 336 1086

304 422 627 479 moremus,
647 404 750 479 qui
782 404 862 461 ait
892 423 905 462 :
940 404 1103 462 Sicut
1131 408 1325 461 autem
1356 405 1498 459 tunc
1524 403 1850 476 neophytus
1872 403 1954 458 di-
1983 404 2031 469 Α
2068 418 2299 474 mopere
2314 388 2609 458 convenit:
2629 405 2919 475 quatenus
2942 402 3521 478 diligenterinquirat
3538 414 3713 480 atque

302 498 566 562 cebatur,
602 496 703 568 qui
739 495 904 550 initio
936 494 995 549 in
1038 500 1252 550 sanctze
1302 493 1431 547 ﬁdei
1484 497 1607 546 erat
1647 509 1950 547 conversa—

299 587 464 643 tione
492 584 912 659 plantatus,sie
943 585 1118 639 modo
1151 583 1476 655 neophytus
1506 581 1812 637 habendus
1841 586 1951 648 est,

302 675 407 747 qui
440 678 675 747 repente
707 673 766 728 in
798 672 1098 745 religionis
1142 672 1343 727 habitu
1396 670 1698 743 plantatus
1744 673 1800 725 et
1830 687 1953 725 am-

300 764 551 819 biendos
578 763 829 819 honores
861 778 1058 818 sacros
1089 759 1405 833 irrepserit.

381 852 662 908 Praeterea
711 869 827 907 non
876 851 1265 906 omittendum
1309 866 1437 905 esse
1492 849 1806 916 credimus,
1849 865 1956 904 nos

304 956 769 1005 commemorare
799 939 1091 1012 praeterito
1123 956 1277 994 anno
1310 956 1411 1010 per
1456 937 1836 993 indietionem
1866 937 1958 991 vi--

305 1028 521 1085 delicet
566 1028 798 1084 tertiam
848 1028 1159 1093 decimam,
1204 1027 1510 1100 epistolam
1558 1028 1668 1083 sub
1720 1026 1958 1081 nomine

303 1117 593 1191 principis
623 1117 1034 1189 conscriptam,
1071 1133 1173 1188 per
1202 1115 1544 1172 Michaelem
1593 1114 1958 1188 imperialem

304 1205 846 1280 protospatharium
876 1206 1228 1278 suscepisse,
1262 1222 1388 1277 quae
1421 1206 1602 1261 tantis
1617 1202 1740 1260 cret
1766 1203 1959 1259 verbis

305 1294 772 1361 contumeliosis,
808 1295 925 1351 imo
956 1293 1340 1366 blasphemiis
1383 1311 1668 1365 respersa,
1698 1298 1766 1349 ut
1815 1293 1958 1349 scri-

305 1389 442 1456 ptor
483 1385 609 1456 ejus
659 1400 775 1439 non
831 1383 944 1438 nisi
995 1382 1056 1438 in
1107 1386 1343 1455 gutture
1393 1382 1615 1438 colubri
1663 1382 1958 1437 calamum

301 1472 554 1528 tinxisse
584 1475 839 1544 putetur,
875 1476 931 1527 et
954 1471 1256 1527 dictatoris
1284 1471 1438 1526 labia
1467 1488 1570 1545 pro
1603 1470 1959 1526 dictionibus

301 1576 530 1615 venena
559 1558 780 1615 fudisse
810 1558 1287 1624 vidcantur,adeo
1310 1563 1373 1613 ut
1393 1559 1442 1613 si
1465 1559 1793 1630 cujuspiam
1819 1558 1958 1614 sim-

303 1647 553 1720 plicium
583 1665 681 1703 cor
705 1652 1009 1720 penetrent
1030 1649 1167 1711 (non
1199 1648 1356 1702 enim
1377 1647 1499 1703 haec
1521 1665 1692 1703 aures
1715 1649 1963 1720 pruden-

303 1739 457 1793 tium
489 1736 843 1809 suscipiunt)
872 1742 929 1792 et
960 1736 1068 1792 hos
1098 1737 1375 1792 continuo
1399 1741 1644 1804 necent;
1678 1737 1958 1792 nimirum
1992 1776 2038 1839 Β

303 1829 473 1883 tanto
532 1824 945 1893 miserabilius,
996 1831 1216 1898 quanto
1273 1843 1432 1881 mors
1480 1826 1688 1881 anima:
1748 1826 1956 1897 magis,

308 1932 489 1988 quam
503 1914 761 1987 corporis
775 1932 876 1986 per
888 1914 1055 1969 illum
1081 1913 1436 1970 virulentum
1450 1914 1729 1971 haustum
1756 1914 1962 1969 admit-

306 2003 562 2060 titur.De
592 2004 763 2075 cujus
794 2003 1160 2059 immanitate
1190 2002 1557 2075 piaeulilicet
1578 2006 1841 2077 Augusto
1859 2020 1961 2075 per

296 2094 427 2166 jam
458 2093 645 2148 fatum
694 2091 951 2165 legatum
972 2094 1100 2164 jam
1132 2109 1239 2149 nos
1278 2092 1585 2165 scripsisse
1612 2092 1957 2159 recolamus,

306 2183 512 2239 eadem
525 2187 722 2237 tamen
750 2198 903 2236 nunc
925 2182 1179 2238 scribere
1192 2186 1393 2238 vestrae
1409 2182 1750 2237 beatitudini
1768 2186 1961 2238 ratum

303 2271 604 2327 duximus.
639 2270 896 2343 Denique
931 2270 1150 2343 Opinati
1181 2288 1410 2338 sumus,
1442 2275 1499 2326 et
1529 2270 1719 2326 adhuc
1749 2270 1959 2326 nihilo-

306 2360 505 2415 minus
520 2359 1015 2432 Opinamur,quod
1038 2360 1225 2431 pietas
1238 2361 1367 2431 ejus
1389 2361 1625 2415 tandem
1648 2359 1961 2430 aliquando

307 2448 638 2521 resipiscat,
669 2454 727 2504 et
777 2450 847 2504 de
891 2448 1161 2504 Ecclesiae
1192 2449 1842 2522 Constantinopolitanae
1872 2465 1961 2504 re-

306 2538 630 2593 staurando
680 2542 839 2593 statu
884 2538 1053 2594 nobis
1084 2538 1347 2594 salubria
1384 2538 1733 2595 sudentibus
1761 2538 1961 2610 acqui-

305 2630 466 2683 escat
497 2644 510 2682 :
545 2626 746 2699 sicque
776 2627 1015 2683 demum
1038 2627 1236 2683 omnia
1255 2627 1629 2700 scripta,quae
1652 2626 1804 2682 male
1825 2630 1966 2682 sunt

307 2715 768 2788 compilata,non
800 2715 991 2772 solum
1018 2717 1297 2773 adversus
1322 2733 1429 2771 nos
1451 2721 1507 2771 et
1526 2716 1677 2771 hanc
1697 2719 1962 2771 sanctam

307 2805 651 2870 Ecclesiam,
669 2822 871 2861 verum
900 2805 1077 2861 etiam
1110 2809 1312 2862 contra
1337 2807 1576 2861 fratrem
1609 2809 1875 2860 nostrum
1907 2809 1965 2861 et

310 2894 788 2951 comministrum
820 2894 1136 2968 Ignatium,
1171 2912 1366 2951 coram
1418 2894 1689 2950 universa
1732 2893 1965 2965 imperii

308 2982 403 3038 sui
436 2982 815 3039 multitudine
864 2983 985 3056 igni
1034 2984 1321 3039 tradenda
1349 2984 1640 3039 decernat.
1692 2981 1964 3055 Alioquin

305 3072 429 3143 jam
462 3072 690 3127 cunctis
721 3071 989 3129 Ecclesia:
1014 3072 1285 3128 ﬁdelibus
1303 3090 1427 3144 quas
1454 3073 1601 3127 foret
1632 3071 1962 3144 apostolicae

2063 495 2332 545 scrutans
2383 492 2432 545 si
2484 509 2590 546 sua
2618 490 2777 545 illam
2811 510 2926 546 non
2967 494 3148 549 fuisse
3180 495 3561 566 pateceptione
3592 502 3708 551 tam

2063 596 2356 635 ccenosam
2388 579 2669 635 invenerit
2689 582 3156 649 confectam,imo
3178 583 3448 640 toxicatis
3471 585 3713 656 syllabis

2062 667 2336 723 infectam
2395 668 2725 741 epistolam,
2761 674 2824 725 ut
2879 670 3111 727 interim
3170 672 3241 727 de
3298 676 3384 727 tot
3424 674 3717 747 prtestigia

2065 758 2386 812 texentium
2418 775 2588 829 poena
2616 763 3068 833 taceamus,qua:
3103 760 3236 816 illos
3267 779 3327 817 se
3357 762 3477 818 zelo
3506 765 3713 820 verita-

2064 846 2142 900 tis
2174 846 2486 918 ﬂagrantes
2504 846 2788 903 involvere
2809 849 3075 904 convenit
3098 868 3111 918 ;
3137 850 3342 905 saltem
3367 850 3545 924 hujus
3561 853 3717 910 socia

2067 939 2302 1006 accepta
2333 940 2389 990 et
2417 935 2611 1008 palam
2663 938 2888 994 cunctis
2921 938 3051 1009 igne
3083 956 3367 995 succensa
3397 958 3498 1013 per
3526 944 3717 1015 Augu-

2069 1022 2243 1078 stales
2274 1040 2413 1079 suos
2444 1029 2563 1079 tam
2595 1026 2764 1081 nobis
2806 1044 2980 1098 quam
3015 1028 3308 1096 omnibus,
3341 1031 3411 1084 ad
3464 1048 3715 1103 quorum

2068 1111 2335 1167 notitiam
2387 1114 2666 1183 pervenit,
2724 1115 3046 1171 destinatos
3104 1116 3297 1189 apices
3364 1122 3713 1191 competenti

2068 1200 2462 1256 satisfactione
2493 1219 2523 1256 a
2556 1205 2675 1256 tam
2707 1220 2973 1275 perverso
3005 1210 3272 1275 sensu,et
3300 1211 3420 1262 tam
3455 1208 3716 1280 profanis

2070 1288 2767 1363 adinventionibus,quod
2798 1310 2831 1347 a
2861 1310 3037 1348 sensu
3069 1311 3176 1350 suo
3207 1313 3321 1350 non
3356 1296 3528 1352 fuerit
3557 1315 3713 1354 com-

2069 1378 2283 1434 mentis
2311 1378 2615 1447 tradita,se
2646 1380 2911 1436 exhibeat
2940 1399 3180 1453 prorsus
3209 1383 3554 1441 immunem.
3583 1387 3715 1443 Jam

2067 1483 2200 1522 vero
2233 1468 2281 1522 si
2315 1468 2427 1522 sibi
2479 1468 2535 1523 in
2586 1470 2787 1525 multis
2836 1470 3176 1541 hujusmodi
3221 1472 3716 1533 sollicitudinibus

2069 1562 2348 1628 occupato
2379 1558 2723 1630 subreptum
2756 1559 3091 1625 est,uttalia
3113 1561 3364 1629 scribere
3391 1565 3713 1634 mandaret,

2070 1660 2141 1699 ne
2172 1644 2366 1717 pigeat
2391 1645 2758 1702 clementiam
2793 1649 2919 1719 ejus
2942 1648 3115 1704 etiam
3140 1649 3246 1704 hoc
3268 1651 3460 1722 ipsum
3485 1653 3719 1709 humili-

2071 1735 2157 1788 ter
2185 1734 2468 1801 conﬁteri,
2503 1740 2559 1790 et
2588 1734 2820 1809 legibus
2861 1737 3005 1803 suis,
3037 1742 3102 1792 ut
3132 1738 3468 1809 hujusmodi
3503 1744 3719 1815 scripta

2071 1821 2291 1877 nullius
2312 1822 2638 1878 habeantur
2660 1825 3276 1894 momenti,decernere
3307 1845 3318 1884 :
3346 1829 3427 1885 ita
3461 1834 3521 1885 ut
3542 1848 3719 1902 penes

2070 1925 2243 1980 quem
2301 1915 2531 1984 reperta
2597 1914 2832 1981 fuerint,
2893 1914 3186 1987 impunito
3245 1934 3359 1972 non
3421 1920 3719 1988 evadenle,

2069 1996 2257 2069 ipsius
2301 2017 2533 2071 quoque
2579 2018 2728 2074 sape
2777 2007 3127 2072 memoratae,
3186 2021 3252 2060 ac
3299 2023 3531 2078 semper
3559 2025 3719 2065 exse-

2069 2089 2297 2142 cranda:
2323 2089 2579 2161 epistolae
2605 2091 2691 2147 vel
2721 2092 3069 2164 exemplaris
3100 2094 3227 2165 ejus
3260 2094 3722 2167 apices,inteme-

2071 2176 2213 2231 ratis
2246 2195 2349 2249 pro
2382 2181 2704 2235 reverentia
2735 2181 3108 2236 manentibus
3134 2183 3317 2238 sacris
3339 2184 3716 2254 dictionibus,

2072 2264 2342 2321 flammeo
2374 2267 2662 2323 dedantur
2689 2268 2807 2341 igni
2839 2270 3197 2325 voranda.Et
3227 2275 3292 2326 ut
3323 2271 3571 2328 sinistrae
3604 2273 3723 2346 epi-

2070 2354 2266 2409 nionis
2296 2358 2638 2429 nmvo,quod
2664 2374 2731 2413 ex
2755 2358 3112 2430 blasphemis
3134 2361 3718 2432 scriptisincurreret,

2072 2459 2267 2500 carere
2297 2445 2567 2514 valeat,e:
2596 2447 2859 2520 ingratus
2891 2447 3047 2502 ﬁlius
3078 2447 3232 2503 circa
3261 2454 3505 2505 matrem
3529 2467 3721 2518 suam,

2073 2547 2141 2585 ex
2170 2549 2285 2603 qua
2316 2533 2642 2604 imperandi
2690 2533 2983 2606 fastigium
3016 2533 3142 2605 ipse
3180 2542 3236 2590 et
3266 2539 3458 2607 patres
3489 2538 3578 2593 sui
3629 2556 3723 2593 or-

2074 2619 2209 2675 dine
2230 2621 2456 2676 coalitus
2470 2621 3323 2694 dispositiopercepit,nullaten
3334 2642 3404 2679 us
3426 2632 3720 2698 appareat.

2072 2710 2171 2763 Sin
2204 2714 2420 2776 autem,
2456 2710 2676 2777 scitote,
2711 2712 2989 2782 quoniam
3022 2716 3333 2784 postquam
3366 2714 3424 2768 in
3457 2714 3566 2771 hac
3587 2733 3721 2772 eum

2074 2798 2393 2869 pertinacia
2423 2798 2730 2870 persistere
2761 2798 2875 2854 ﬁne
2905 2805 3076 2855 tenus
3104 2800 3249 2857 velle
3279 2804 3672 2874 comperimus
3708 2822 3721 2860 :

2075 2886 2328 2958 primum
2362 2887 2599 2958 quidem
2632 2888 2998 2959 congregatis
3028 2894 3371 2946 cunctarum
3396 2892 3723 2948 occidenta-

2074 2975 2218 3031 lium
2232 2975 2537 3049 regionum
2553 2978 2797 3031 venerab
2808 2979 2843 3030 il
2854 2977 2984 3032 ibus
2998 2979 3398 3035 sacerdotibus
3412 2980 3724 3039 dictatores

2074 3071 2133 3121 et
2161 3064 2566 3138 dispositores,
2601 3070 2777 3137 atque
2825 3071 3208 3138 praeceptores
3255 3072 3430 3123 tantae
3461 3068 3723 3141 fallaciae,

307 3159 467 3215 sedis
496 3160 834 3228 auctoritas,
867 3161 957 3217 vel
1007 3178 1132 3234 qua
1171 3160 1621 3217 fabricatoribus
1654 3160 1963 3228 mendacii,
1996 3141 2039 3208 Ο
2077 3171 2176 3209 seu
2213 3154 2628 3210 crudelissima:
2684 3155 3076 3227 derogationis
3103 3160 3458 3226 sanctarum,
3500 3158 3586 3213 vel
3622 3176 3725 3231 pa-

306 3265 409 3304 seu
435 3249 838 3305 inventoribus
851 3266 1256 3322 perversorum
1270 3251 1611 3322 dogmatum
1633 3248 1967 3305 immineret

303 3336 472 3405 ultio,
480 3338 735 3410 profecto
758 3338 1478 3411 patesceret.lmpossibile
1490 3343 1578 3394 est
1593 3338 1748 3394 enim
1764 3338 1966 3411 (quan-

304 3442 484 3498 quam
503 3431 733 3483 nostras
752 3444 860 3483 nos
872 3426 1156 3499 speciales
1172 3427 1419 3500 injurias
1433 3444 1635 3483 curare
1657 3428 1815 3482 ﬂocci
1824 3444 1963 3499 pen-

305 3514 544 3588 damus)
559 3519 929 3571 uttantorum
960 3532 1026 3571 ac
1062 3515 1267 3571 talium
1280 3519 1617 3572 sanctorum
1640 3516 1877 3570 Patrum
1909 3520 1965 3571 et

306 3607 813 3677 propugnatorum
847 3604 1141 3661 catholicae
1154 3603 1515 3671 Ecclesiaa,ac
1530 3604 1962 3659 destructorum

305 3692 674 3749 diversarum
693 3693 990 3749 haereseon
1022 3697 1196 3765 atque
1227 3694 1597 3749 defensorum
1632 3681 1962 3749 orthodoxé

304 3780 445 3838 ﬁdei
460 3780 857 3853 blasphemiae
870 3781 1273 3854 aequanimiter
1284 3784 1609 3838 sustineam
1617 3782 1776 3838 usvel
1788 3782 1963 3838 etiam

307 3873 491 3927 tanta:
499 3868 801 3939 sedis,sive
811 3875 931 3926 tam
945 3870 1278 3928 excellentis
1292 3869 1557 3927 Ecclesiae
1570 3872 1712 3926 Rom
1721 3872 1964 3940 ante,cui

303 3959 427 4015 Deo
440 3958 802 4015 deservimus
815 3964 1068 4028 auctore,
1102 3964 1274 4016 contu
1284 3959 1487 4016 melias
1506 3961 1888 4031 perferamus.

376 4047 620 4116 Verum,
654 4048 921 4119 quamvis
967 4054 1025 4104 et
1073 4050 1146 4105 de
1195 4047 1363 4104 nobis
1410 4048 1712 4104 humiliter
1743 4047 1964 4104 sentia-

306 4154 472 4204 mus,
508 4153 624 4191 non
670 4140 887 4204 tamen,
921 4137 1278 4194 conscientia
1324 4137 1601 4204 dictante,
1654 4153 1790 4192 vera
1836 4153 1964 4192 esse

304 4243 440 4297 qua:
471 4225 543 4280 de
574 4224 745 4281 nobis
792 4225 1108 4297 perhibuit,
1139 4243 1544 4282 asseveramus
1577 4242 1589 4280 :
1626 4226 1725 4281 sed
1756 4226 1846 4288 (ut
1876 4225 1961 4279 di-

303 4314 526 4387 ximus)
559 4331 626 4371 ea
657 4314 1203 4387 postponentes,illa
1234 4315 1427 4387 potius
1453 4316 1730 4387 quaeJesu
1750 4314 1964 4370 Christi

305 4408 469 4473 sunt,
492 4404 934 4477 investigamus,
957 4408 1014 4458 et
1043 4402 1092 4459 si
1124 4421 1241 4476 qua
1268 4403 1419 4459 male
1451 4408 1728 4476 congesta
1756 4404 1963 4459 adver-

305 4510 415 4549 sus
442 4494 570 4564 ejus
602 4491 1162 4561 famulos,adversus
1183 4494 1310 4564 ejus
1342 4494 1963 4560 ordinationes,adver-
1994 4512 2040 4575 D

304 4599 413 4638 sus
426 4583 555 4653 ejus
569 4580 980 4654 dispositiones
993 4581 1253 4638 stabilita
1276 4581 1578 4654 privilegia
1590 4582 1963 4654 reperiuntur

304 4670 473 4726 nulla
519 4670 800 4742 patientia
826 4670 1167 4739 toleramus,
1200 4675 1257 4726 et
1304 4687 1420 4725 non
1470 4669 1657 4725 solum
1710 4670 1831 4724 haec
1861 4671 1958 4726 de-

301 4765 536 4815 struere
560 4760 695 4815 totis
724 4760 945 4816 viribus
963 4758 1539 4824 anhelamus,vcrum
1559 4760 1733 4813 etiam
1748 4760 1961 4814 conﬁa-

299 4848 536 4912 toribus
577 4852 749 4903 tanta;
791 4845 1189 4921 perversitatis
1220 4848 1460 4921 dignam
1491 4846 1959 4902 vicissitudinem

301 4936 549 4993 reddere
582 4938 903 4993 necessario
936 4937 1607 4994 meditamur.Nimirum
1635 4954 1704 4992 ne
1722 4937 1828 4993 hos
1859 4938 1957 5010 qui

305 5025 633 5097 impunitos
660 5024 917 5094 intuens,
951 5032 1054 5082 aut
1101 5044 1277 5098 nunc,
1311 5030 1413 5082 aut
1461 5025 1657 5080 futuro
1700 5030 1971 5098 tempore

304 5114 584 5185 deinceps
614 5113 755 5169 talia
785 5119 1102 5187 prazsumat
1118 5116 1409 5188 praestigia
1434 5113 1705 5170 falsitatis
1727 5130 1961 5186 compo-

306 5220 466 5269 nere,
499 5202 585 5259 vel
635 5209 967 5260 commenta
1012 5204 1511 5276 blasphemiarum
1552 5203 1962 5275 hujuscemodi

307 5291 605 5366 ﬁgmentis
636 5292 998 5350 contrahere.

381 5383 744 5454 Quapropter
785 5382 975 5437 eidem
1025 5381 1360 5455 imperatori
1407 5380 1831 5436 sublimissimo
1862 5397 1965 5452 per

305 5468 618 5540 epistolam
648 5471 1000 5542 praesulatus
1028 5470 1213 5526 nostri
1236 5469 1593 5526 cohortando
1621 5470 1961 5536 direximus,

305 5557 369 5613 in
398 5574 520 5630 qua
548 5558 722 5614 etiam
751 5576 854 5616 vos
884 5560 956 5616 ad
988 5564 1187 5616 votum
1218 5564 1484 5615 nostrum
1515 5558 1779 5615 laborare
1805 5575 1964 5614 sum-

2072 3248 2373 3300 ternarum
2404 3244 2785 3299 traditionum
2820 3245 2891 3299 ab
2914 3244 3072 3299 omni
3096 3244 3425 3301 Christiana
3446 3262 3725 3320 compage

2073 3337 2346 3400 remotos,
2373 3332 2693 3404 apostolica
2722 3333 2848 3388 freti
2881 3332 3250 3399 auctoritate,
3282 3334 3447 3389 duris
3481 3336 3725 3392 anathe-

2074 3423 2250 3478 matis
2298 3421 2546 3477 vinculis
2594 3421 3011 3477 innodabimus
3045 3438 3057 3476 :
3091 3439 3311 3477 necnon
3365 3427 3421 3479 et
3463 3424 3721 3491 Patrum,

2073 3530 2139 3568 ac
2199 3512 2690 3583 praedecessorum
2750 3527 3014 3566 meorum
3067 3511 3249 3566 secuti
3308 3510 3573 3584 vestigia,
3623 3513 3724 3583 qui

2072 3600 2225 3657 soliti
2250 3604 2390 3655 sunt
2409 3600 2586 3654 etiam
2612 3617 3060 3656 numerosorum
3075 3599 3322 3655 concilia
3354 3599 3619 3672 nequiter
3638 3618 3726 3656 ce-

2072 3689 2297 3746 lebrata
2326 3706 2558 3744 cassare
2589 3688 3005 3761 pontiﬁcum,si
3026 3706 3142 3760 qua
3173 3689 3332 3744 socia
3357 3694 3496 3745 sunt
3525 3690 3724 3746 crebro

2073 3778 2240 3833 dicta:
2270 3777 2359 3833 vel
2391 3777 2743 3850 exemplaria
2763 3777 3029 3834 fortassis
3051 3777 3335 3850 epistolae:
3368 3778 3508 3850 quin
3532 3778 3725 3851 potius

2074 3886 2187 3923 non
2214 3867 2405 3923 solum
2440 3867 2581 3934 haec,
2614 3868 2715 3922 sed
2748 3872 2804 3922 et
2842 3867 3041 3923 omnia
3071 3867 3311 3939 scripta,
3353 3885 3477 3939 qua:
3505 3867 3591 3923 vel
3626 3869 3725 3924 ad-

2071 3974 2276 4012 versus
2308 3959 2543 4011 fratrem
2577 3961 2633 4011 et
2686 3957 3093 4029 coepiscopum
3134 3961 3400 4011 nostrum
3432 3956 3724 4028 Ignatium

2071 4045 2273 4117 inique
2304 4044 2676 4113 conl'ecta,vel
2710 4045 2988 4099 adversus
3019 4060 3133 4099 non
3168 4060 3407 4097 causam
3438 4043 3598 4098 illius
3630 4061 3724 4100 ca-

2073 4133 2279 4190 nonice
2304 4136 2743 4205 prosequentes,
2771 4133 2988 4186 furiose
3037 4132 3379 4202 depromota
3423 4136 3581 4200 sunt,
3632 4150 3726 4204 pe~

2072 4222 2238 4279 renni
2270 4221 2633 4277 damnationi
2667 4220 3103 4275 mandabimus.
3237 4224 3253 4230 ”

2144 4312 2364 4367 Deinde
2393 4327 2526 4365 vero
2575 4310 3027 4365 decernentibus
3076 4309 3405 4377 nobiscum,
3447 4311 3505 4363 et
3547 4309 3723 4365 simul

2072 4399 2580 4456 considerantibus
2633 4398 2853 4454 eisdem
2908 4397 3298 4454 sanctissimis
3351 4397 3629 4453 fratribus
3669 4404 3726 4453 et

2072 4489 2432 4561 coepiscopis
2463 4487 2895 4560 nostris,ipsam
2910 4486 3217 4559 epistolam
3234 4486 3293 4541 in
3317 4485 3513 4558 stipite
3530 4485 3725 4543 viden-

2071 4578 2229 4633 tibus
2260 4578 2485 4633 cunctis
2517 4594 2890 4650 suspensam,
2923 4581 3086 4632 vasto
3130 4575 3437 4648 supposito
3471 4576 3615 4641 foco,
3651 4578 3719 4632 ad

2068 4667 2313 4740 vituperi
2325 4684 2422 4722 um
2447 4666 2650 4739 imperi
2660 4666 2768 4721 alis
2782 4664 2966 4738 apicis
2978 4682 3173 4720 coram
3191 4663 3466 4720 omnibus
3480 4664 3726 4720 nationi-

2070 4757 2200 4823 bus,
2229 4774 2355 4828 qua':
2386 4772 2563 4828 penes
2593 4754 2935 4810 memoriam
2969 4754 3152 4809 sancti
3186 4754 3335 4809 Petri
3370 4753 3726 4828 multiplices

2071 4845 2467 4910 inveniuntur,
2499 4849 2769 4900 extrema:
2802 4843 3109 4916 perditioni
3142 4842 3495 4899 donabimus
3530 4862 3543 4899 :
3579 4862 3727 4917 qua-

2070 4939 2240 4990 tenus
2272 4935 2363 4989 his
2415 4933 2521 4988 rite
2557 4932 2796 5006 paratis,
2829 4933 3017 4989 discat
3070 4932 3204 5004 pius
3254 4934 3409 5005 quod
3462 4937 3637 4997 amet,
3670 4938 3727 4988 et

2070 5022 2323 5080 crudelis
2351 5023 2501 5094 quod
2536 5022 2759 5076 timeat.
2784 5021 2925 5076 Nam
2962 5024 3047 5075 tot
3074 5026 3133 5076 et
3162 5021 3300 5077 talia
3331 5020 3723 5094 blasphemia—

2073 5129 2202 5168 rum
2236 5110 2737 5181 commenta,quin
2764 5109 2959 5181 potius
2977 5110 3270 5166 veracium
3290 5110 3613 5166 litterarum
3633 5108 3727 5162 de-

2070 5200 2702 5274 pravationes,audisse
2731 5202 2789 5253 et
2816 5199 3429 5267 tacuisse,connivisse
3461 5202 3567 5253 est.

2141 5290 2549 5358 Quamobrem,
2620 5288 2980 5344 venerabiles
3048 5290 3275 5355 fratres,
3342 5286 3509 5340 valde
3578 5284 3723 5340 mihi

2072 5379 2244 5453 (sicut
2267 5377 2379 5451 ipsi
2417 5377 2909 5448 comprehendere
2960 5378 3249 5450 poteritis)
3276 5374 3599 5429 cavendum
3634 5379 3724 5430 est

2019 5538 2026 5548 _
2073 5469 2217 5535 ne,si
2251 5485 2357 5523 nos
2389 5465 2816 5540 prmstigiorum
2868 5465 3161 5538 ﬁgmentis
3211 5463 3407 5517 minus
3457 5461 3724 5518 celeriter

2070 5556 2516 5624 obviaverimus,
2543 5560 2824 5628 tanquam
2857 5572 2991 5610 vera
3021 5550 3314 5623 recognita
3340 5551 3429 5606 vel
3463 5568 3723 5626 compro-
