4058 6174
231 349 408 428 ,1089

1433 363 1435 365 ‘
1503 341 1906 408 EPISTOLE
1950 343 2050 404 ΗΓ
2093 341 2481 406 DEGRETA.

3505 351 3663 414 1090

247 485 310 539 in
345 482 527 538 altam
569 481 784 538 mentis
825 497 1016 536 arcem
1047 479 1438 546 conscendite,
1471 482 1528 534 et
1570 479 1627 533 in
1669 494 1903 551 gregem
1925 485 1987 561 ιΑ
2020 476 2206 532 ονιοεὶω
2238 478 2589 548 compati,et
2610 480 2738 549 ejus
2763 478 3476 560 pcrtm-bationemmtque
3499 489 3666 543 detri-

247 571 627 648 Dominicum
671 571 852 625 feram
898 570 1216 642 pessimam
1247 569 1466 624 irruere
1513 568 1842 640 cupientem
1875 559 1942 621 ad
2018 570 2282 621 mentum
2317 566 2731 622 molestissime
2764 571 2945 625 ferre:
2970 570 3050 626 ita
3096 576 3160 627 ut
3200 574 3360 628 fratri
3381 556 3448 631 et
3473 556 3665 650 coepi-

249 661 427 734 longe
459 658 959 731 contemplamini.
986 660 1151 726 Quasi
1182 661 1313 714 tuba
1350 659 1586 713 excitate
1616 673 1793 712 vocem
1820 672 1908 711 ve-

247 759 447 816 stram,
469 757 520 804 et
547 749 878 803 annuntiate
903 749 1112 823 populo.
1132 749 1230 803 Dei
1257 749 1456 803 scelera
1487 763 1674 802 eorum
1707 764 1724 800 :
1753 761 1914 817 super

248 848 493 895 montem
521 839 817 905 excelsum,
849 836 905 892 id
950 841 1038 892 est
1077 835 1450 892 altitudinem
1480 836 1790 900 virtulum,
1821 850 1916 889 as-

249 928 483 985 cendite.
517 928 628 997 Qui
673 927 1064 996 evangelimtis
1095 925 1247 994 Sion,
1276 933 1413 980 state
1462 927 1522 979 in
1568 923 1912 996 fortitudine,

246 1018 609 1091 potestatibus
639 1017 804 1086 hujus
833 1017 1028 1072 saeculi
1055 1032 1124 1070 ea:
1155 1015 1378 1070 adverso
1409 1013 1699 1080 ascendite,
1724 1021 1775 1067 et
1800 1028 1921 1066 mu-

251 1123 383 1161 rum
407 1121 509 1177 pro
557 1103 712 1159 domo
760 1104 858 1158 Dei
904 1105 1267 1175 opponite,ac
1316 1101 1643 1174 quibuslibet
1683 1105 1919 1172 potesta-

253 1197 404 1264 tibus
461 1194 651 1265 inique
708 1193 995 1262 agentibus
1053 1194 1321 1248 contraite
1362 1192 1486 1263 (Isa.
1540 1194 1684 1258 L11)!
1721 1189 1922 1261 sicque

255 1286 379 1349 ﬁet,
406 1287 472 1338 ut
504 1299 608 1337 nec
641 1282 792 1336 sicut
823 1298 996 1337 canes
1033 1281 1179 1336 muti
1213 1282 1283 1335 de
1326 1279 1726 1336 taciturnitate
1756 1286 1920 1350 argui

252 1372 524 1438 valeatis,
559 1387 665 1426 nec
695 1371 766 1426 de
796 1370 998 1426 talenti
1035 1369 1428 1425 occultatione
1458 1368 1779 1423 districtam
1815 1367 1923 1421 Do-

255 1463 422 1517 mino
451 1461 737 1516 rationem
780 1459 1025 1514 reddere
1066 1457 1522 1530 compellamini,
1557 1472 1775 1528 vosque
1805 1455 1926 1527 epi-

256 1567 473 1623 scopos
531 1555 588 1604 et
633 1549 1077 1604 consacerdotes
1131 1551 1385 1612 nostros,
1432 1546 1549 1600 imo
1610 1545 1926 1600 Ecclesiam

255 1639 477 1697 Christi
509 1637 624 1692 illis
658 1638 714 1692 in
744 1637 1010 1709 partibus
1033 1636 1419 1691 constitutam
1450 1635 1522 1689 ab
1551 1633 1772 1706 ingenti
1807 1649 1930 1705 pcr-

256 1728 436 1797 nicie,
461 1743 528 1783 ac
561 1726 733 1780 noxia
762 1724 894 1780 labe
926 1725 1052 1797 ipso
1082 1726 1319 1796 juvante
1351 1722 1733 1778 laudabiliter
1763 1738 1931 1777 erua-

257 1819 360 1883 tis,
391 1814 854 1886 mirabiliterque
884 1812 1121 1885 regatis.

337 1906 555 1961 Verum
583 1920 690 1958 nos
713 1904 784 1958 de
815 1902 962 1973 ipsis
986 1902 1107 1957 haec
1134 1901 1296 1956 vobis
1327 1900 1640 1973 scripsisse
1662 1897 1919 1954 sufﬁciat

269 1996 389 2050 Pax
416 1999 609 2049 autem
633 1991 755 2054 Dei,
775 2006 900 2062 quae
917 1997 1209 2062 exsuperat
1227 2006 1435 2044 omnem
1459 2006 1676 2044 sensum
1696 1987 1927 2058 (Philip-

269 2088 372 2151 IV),
408 2080 858 2153 praeordiorum
911 2083 1268 2134 vestrorum.
1291 2078 1498 2132 intima
1544 2081 1842 2149 penetret:
1877 2082 1934 2166 et"

263 2189 450 2245 quam
476 2172 547 2226 de
571 2169 762 2225 salute
782 2169 1048 2224 omnium
1067 2172 1326 2222 vestrum
1352 2167 1583 2221 solliciti
1614 2165 1934 2229 simus,vo-

262 2263 303 2316 b
318 2262 369 2315 is
393 2259 548 2314 Deus
566 2256 939 2328 omnipotens
965 2255 1280 2311 clementer
1299 2256 1547 2326 aperiat;
1569 2259 1624 2309 et
1641 2254 1936 2326 quomodo

270 2366 378 2405 vos
406 2345 715 2419 cupiamus
747 2345 804 2399 in
839 2343 1163 2400 visceribus
1207 2343 1446 2408 Christi,
1469 2347 1526 2397 et
1557 2343 1616 2397 in
1668 2342 1934 2397 Ecclesia;

270 2437 499 2512 gremio
519 2435 838 2502 continere,
856 2451 982 2506 quae
1002 2433 1217 2488 diffusa
1239 2433 1298 2487 in
1319 2437 1442 2488 toto
1462 2433 1600 2488 orbe
1623 2437 1934 2497 terrarum,

276 2527 450 2600 quasi
483 2524 659 2592 unius
704 2523 920 2578 Christi
971 2521 1269 2577 thalamus
1302 2525 1412 2588 est,
1438 2526 1614 2592 atque
1646 2521 1702 2574 in
1735 2524 1940 2574 sancta

278 2614 699 2672 communione
727 2630 845 2667 una
862 2611 1165 2666 vobiscum
1199 2611 1616 2680 persistere,ut
1645 2626 1827 2664 unum
1849 2625 1938 2662 sa-

263 2706 506 2778 piamus
528 2705 818 2771 omnes,et
837 2718 951 2755 non
970 2701 1089 2755 sint
1108 2702 1164 2755 in
1186 2700 1353 2755 nobis
1369 2699 1935 2779 schismataUCorJ),

275 2791 738 2849 illuminationis
771 2807 888 2845 suae
919 2789 1108 2862 gratia
1140 2788 1393 2844 revelare
1414 2788 1734 2859 dignetur:
1765 2787 1845 2841 ita
1876 2793 1942 2841 ut

273 2883 349 2938 de
373 2880 745 2951 corruptione
776 2877 1036 2934 ﬁdelium
1070 2878 1523 2949 congaudentes,
1549 2881 1605 2931 et
1630 2880 1909 2948 congratu

274 2972 624 3035 lantes,uno
647 2967 864 3034 animo,
880 2972 936 3022 et
959 2984 1073 3022 uno
1105 2983 1202 3022 ore
1229 2965 1624 3038 gloriﬁcemus
1644 2969 1699 3020 et
1723 2963 1910 3019 collau

273 3060 488 3115 demus
518 3057 703 3112 Deum
738 3056 962 3111 Patrem
993 3055 1286 3119 videlicet,
1314 3058 1372 3108 et
1406 3053 1638 3121 Filium,
1663 3059 1720 3108 et
1762 3052 1915 3125 Spiri

267 3154 401 3204 tum
432 3149 702 3202 sanctum
727 3161 826 3217 per
845 3143 1076 3199 inﬁnita
1097 3142 1308 3198 saecula
1327 3141 1916 3198 saeculorum.Amen.

1951 1857 2000 1924 B

2019 671 2194 726 scopo
2227 660 2425 710 nostro
2459 656 2680 727 Ignatio
2712 658 2976 728 ejusdem
3005 659 3271 716 Ecclesiae
3302 665 3664 736 patriarclim,
3745 673 3748 678 ’

2021 744 2266 814 ejusque
2292 744 2632 814 dejectionis
2661 745 2971 801 condoleas
2996 752 3052 803 ct
3073 753 3474 821 congemiscas
3498 771 3510 809 :
3541 754 3673 810 licet

2023 832 2199 902 (sicut
2230 833 2550 904 oportebat)
2583 833 2761 890 libere
2809 853 2956 906 pene
3007 838 3233 893 nullum
3285 841 3335 896 ei
3385 843 3670 900 auxilium

2025 924 2280 992 praestes.
2307 921 2448 976 Nam
2483 923 2871 993 perfectorum
2905 927 3162 982 virorum
3195 935 3303 995 est,
3334 949 3446 986 non
3481 932 3672 988 solum

2019 1009 2315 1080 justitiam
2373 1014 2430 1065 et
2475 1011 2777 1067 veritatem
2839 1031 2964 1085 quae
3009 1015 3277 1072 Christus
3336 1024 3443 1088 est,
3478 1038 3674 1078 coram

2030 1098 2257 1152 cunctis
2289 1099 2492 1154 mundi
2538 1101 2903 1173 principibus
2945 1105 3441 1173 conﬁteri,vcrum
3475 1110 3674 1178 etiam,

2031 1186 2080 1240 si
2105 1203 2342 1242 necesse
2370 1187 2465 1255 sit,
2490 1205 2676 1259 usque
2707 1191 2777 1245 ad
2811 1196 3056 1248 mortem
3089 1198 3210 1250 tota
3237 1197 3449 1253 virtute
3481 1199 3677 1254 defen-

2033 1275 2188 1332 dere.
2213 1275 2353 1341 Quis
2385 1276 2538 1332 enim
2562 1278 2835 1346 ﬁliorum,
2859 1281 2970 1335 nisi
2994 1282 3279 1354 ingratus,
3304 1285 3414 1342 nisi
3437 1287 3679 1360 impius,

2034 1382 2151 1419 non
2182 1365 2394 1435 doleat,
2417 1382 2531 1420 non
2567 1385 2754 1438 usque
2785 1371 2854 1423 ad
2890 1376 3134 1426 mortem
3169 1380 3396 1446 satagat
3425 1393 3528 1448 pro
3561 1377 3678 1449 spi-

2037 1453 2190 1507 ritali
2224 1457 2385 1524 patre
2416 1471 2522 1509 suo
2553 1458 2670 1510 tam
2703 1457 2918 1514 furiose
2959 1460 3272 1530 dejecto,et
3302 1480 3333 1518 a
3365 1465 3684 1522 commissa

2037 1542 2144 1596 sibi
2171 1541 2454 1598 divinitus
2470 1561 2610 1598 cura
2627 1546 2900 1616 pastorali
2923 1552 3041 1601 tam
3066 1553 3279 1605 temere
3297 1559 3680 1624 sequestrate,

2037 1635 2094 1685 et
2123 1630 2183 1684 in
2211 1630 2402 1686 locum
2426 1633 2553 1703 ejus
2577 1634 2841 1689 adultero
2860 1637 3210 1710 subrogato?
3231 1640 3392 1706 Quis,
3416 1642 3681 1714 inquam,

2038 1718 2317 1786 ﬁliorum,
2343 1721 2458 1776 nisi
2482 1721 2769 1794 ingratus,
2797 1723 2908 1778 nisi
2938 1724 3176 1796 impius,
3198 1745 3312 1783 non
3335 1729 3546 1800 doleat,
3570 1749 3686 1792 non

2042 1825 2228 1880 usque
2249 1810 2320 1863 ad
2348 1815 2591 1865 mortem
2615 1817 2844 1882 satagat
2873 1831 2979 1885 pro
3002 1820 3205 1872 sancta
3228 1818 3483 1876 Ecclesia
3505 1826 3688 1877 matre

2042 1914 2168 1963 sua,
2199 1915 2376 1969 quam
2409 1899 2588 1953 tantis
2620 1900 2829 1955 viderit
2859 1903 3117 1972 quotidie
3150 1908 3690 1976 perturbationibus

2041 1986 2271 2058 agitari,
2299 1990 2354 2042 et
2381 1991 2501 2041 tam
2535 1987 2934 2060 irregulariter
2971 2009 3077 2046 suo
3120 2000 3340 2052 rectore
3370 1998 3603 2069 privari,
3636 2004 3694 2055 et

2043 2075 2294 2129 invasori
2320 2091 2385 2129 ac
2418 2075 2706 2147 neophyto
2739 2095 2840 2148 pro
2874 2078 3041 2135 libitu
3067 2083 3536 2158 uniuscujusque
3562 2104 3694 2143 con-

2041 2163 2232 2217 tradi‘?
2261 2168 2437 2218 Curre
2467 2163 2665 2236 igitur,
2690 2165 3088 2235 dilectissime,
3113 2177 3168 2226 et
3200 2171 3246 2226 si
3281 2178 3368 2227 est
3400 2177 3690 2246 perfectus

2041 2251 2100 2306 in
2133 2257 2186 2307 te
2218 2252 2449 2308 Domini
2497 2254 2692 2323 timor,
2727 2255 2872 2310 nulli
2922 2260 3191 2328 potestati
3244 2263 3544 2319 veritatem
3595 2266 3692 2324 ab-

2043 2341 2278 2406 sconde,
2332 2342 2777 2414 Rcdemptorem
2827 2345 3070 2402 audiens
3122 2349 3410 2407 dicentem
3453 2369 3466 2407 :
3515 2355 3693 2416 Nolite

2045 2433 2236 2485 timere
2253 2447 2341 2486 eos
2364 2433 2461 2502 qui
2480 2447 2674 2503 corpus
2696 2433 2966 2502 occidunt,
2987 2439 3234 2493 animam
3249 2454 3429 2496 autem
3448 2459 3559 2498 non
3574 2459 3694 2515 pos-

2044 2527 2170 2574 sunt
2200 2519 2437 2574 occidere
2469 2537 2486 2574 :
2515 2520 2608 2574 sed
2633 2524 2823 2592 potius
2874 2539 2998 2578 eum
3045 2528 3244 2594 timete,
3268 2530 3383 2599 qui,
3401 2540 3695 2604 postquam

2045 2608 2328 2674 occiderit,
2391 2608 2548 2664 habet
2605 2618 2916 2680 potestatem
2977 2617 3191 2671 mittere
3265 2620 3324 2672 in
3396 2622 3698 2690 gehennam

2045 2694 2230 2748 Matth.
2254 2696 2332 2765 x).
2353 2695 2526 2750 Porro
2558 2696 2607 2750 si
2651 2702 2813 2752 tanta
2860 2699 3099 2757 libertas
3131 2703 3186 2757 in
3222 2707 3275 2759 te
3307 2707 3548 2777 spiritus
3580 2727 3695 2770 non

2048 2792 2154 2848 est,
2171 2799 2276 2837 nec
2303 2787 2358 2837 te
2381 2788 2611 2839 tantum
2635 2802 2800 2840 amor
2825 2787 3037 2844 Christi
3062 2794 3382 2862 succendit,
3402 2801 3464 2850 ut
3490 2798 3696 2854 mundi

2049 2870 2456 2942 potestatibus,
2490 2872 2641 2943 quod
2684 2890 2855 2944 prave
2897 2875 3174 2946 fecerunt,
3209 2897 3324 2935 non
3356 2884 3695 2956 corrigenti-

2049 2961 2160 3015 bus
2191 2959 2368 3015 libere
2400 2961 2765 3016 contradicas
2800 2979 2812 3017 :
2847 2964 3052 3020 saltem
3105 2984 3139 3022 a
3183 2969 3400 3037 fratris,
3425 2977 3482 3026 et
3511 2975 3698 3045 coepi-

2050 3049 2207 3120 scopi
2235 3048 2418 3104 nostri
2447 3049 2746 3119 Ignatii,et
2776 3056 3342 3112 communicatorum
3371 3061 3498 3130 ejus
3521 3061 3697 3133 (quod

2049 3142 2246 3193 tamen
2279 3139 2602 3194 secundum
2623 3139 3047 3213 indulgentiam
3071 3145 3344 3219 dicimus)
3367 3152 3422 3203 te
3441 3165 3699 3222 quacun-

345 3234 626 3306 Quisquis
649 3237 842 3288 autem
867 3233 1016 3288 hanc
1037 3231 1347 3304 epistolam
1377 3235 1639 3286 nostram
1659 3230 1911 3286 Constan
1964 3219 2014 3290 ,C
2049 3243 2162 3298 que
2207 3226 2440 3282 laesione
2495 3244 2692 3284 coerce
2729 3246 2740 3283 :
2774 3235 2831 3284 et
2859 3249 2893 3285 a
2925 3235 3338 3292 communione
3387 3219 3695 3309 invasoris,

273 3323 523 3396 tinopoli
544 3323 844 3395 legerit,et
861 3338 1063 3377 eorum
1088 3320 1312 3376 notioni
1333 3320 1482 3391 [ϐοά.
1503 3321 1693 3386 Vatia,
1711 3319 1921 3374 notitio

278 3415 481 3480 nibus,
501 3411 868 3484 qui],quibus
889 3410 1132 3465 missam
1151 3408 1850 3480 intellexerit,quidquam
1874 3425 1942 3463 ex

276 3503 393 3570 his,
411 3518 541 3574 quae
571 3501 630 3556 in
658 3517 725 3556 ea
755 3504 895 3555 sunt
921 3497 1315 3563 occultaverit,
1340 3498 1389 3552 si
1412 3497 1609 3552 locum
1633 3501 1822 3568 potest
1844 3497 1937 3550 in-

271 3591 473 3648 venire
491 3589 902 3655 sufficientem,
919 3588 1230 3643 anathema
1253 3585 1633 3657 sit.Quisquis
1653 3586 1826 3640 etiam
1853 3585 1938 3639 in-

274 3683 629 3753 terpretatus
652 3694 779 3732 eam
805 3677 1061 3743 fuerit,et
1079 3692 1146 3729 ex
1167 3692 1234 3729 ea
1257 3674 1578 3746 quidquam
1604 3673 1934 3741 mutaverit,

272 3768 362 3825 vel
383 3765 866 3832 subtraxerit,aut
887 3762 1357 3835 superaddiderit
1379 3766 1584 3834 praeter
1605 3761 1937 3834 illud,quod

271 3858 498 3914 idioma
547 3859 754 3910 Graecae
813 3852 1087 3908 dictionis
1143 3851 1341 3923 exigit,
1385 3851 1471 3906 vel
1532 3850 1939 3924 interpretanti

273 3946 589 4003 scientiam
621 3942 981 4015 intelligendi
1012 3959 1127 3997 non
1159 3941 1388 4008 tribuit,
1424 3941 1737 3996 anathema
1767 3940 1864 3996 sit.

1053 4047 1163 4102 CV.

474 4141 547 4210 (a)
570 4156 642 4194 an
672 4155 992 4194 SENATORES
1024 4153 1749 4194 consummorommnos.

927 4227 1114 4298 (Anno
1149 4227 1300 4293 86G.)

282 4322 349 4378 Ut
373 4321 599 4392 faveant
629 4331 814 4374 causz
843 4317 1151 4442 lgna-tz'li),hett
1165 4315 1472 4398 abstineant
1503 4331 1536 4369 a
1564 4316 1942 4371 communione

1097 4403 1126 4441 ο
1155 4404 1218 4442 ιι.

802 4476 986 4549 [Apud
1023 4475 1232 4541 Mansi,
1268 4474 1429 4545 ibid.]

2052 3315 2421 3388 necpbyti,ac
2438 3315 2686 3371 adulteri
2709 3318 2893 3373 Photii
2909 3322 3147 3377 omnino
3165 3327 3486 3397 suspende;
3506 3327 3700 3389 sciens

2051 3406 2189 3475 quia
2219 3422 2326 3460 nos
2347 3405 2683 3476 apostolica,
2709 3409 3011 3476 canonica,
3035 3427 3257 3468 necnon
3280 3420 3336 3470 et
3367 3416 3698 3472 rationabili

2050 3510 2298 3549 censura
2335 3495 2497 3565 juste
2549 3494 2727 3562 hunc,
2751 3502 2806 3551 et
2839 3501 3134 3570 synodica,
3167 3506 3341 3574 atque
3372 3507 3697 3568 secundum

2050 3582 2485 3655 privilegiorum
2505 3583 2830 3655 apostolicae
2849 3588 3007 3644 sedis
3028 3592 3436 3648 auctoritatem
3451 3596 3586 3665 jure
3607 3596 3702 3653 de-

2050 3671 2449 3744 posuimus,et
2481 3690 2584 3744 pro
2616 3677 2698 3728 tot
2727 3676 3301 3746 praevaricationibus
3333 3686 3388 3736 et
3417 3699 3700 3754 praesum-

2051 3760 2351 3832 ptionibus
2375 3761 2500 3816 suis
2522 3778 2639 3816 una
2661 3779 2794 3817 cum
2819 3764 3140 3821 multarum
3165 3769 3597 3840 provinciarum
3617 3789 3704 3828 oc-

2052 3849 2428 3904 cidentalium
2451 3850 2752 3922 regionum
2773 3852 3295 3922 antistitibus,eum
3316 3866 3707 3917 consonanter

2049 3937 2697 3994 anathematizavimus.
2718 3939 2964 3996 Proinde
2987 3944 3304 4015 provideat,
3321 3952 3377 4003 et
3407 3954 3708 4020 precaveat

2050 4026 2363 4098 prudentia
2395 4031 2514 4092 tua,
2539 4027 2905 4098 charissime,
2930 4048 3001 4085 ne
3028 4035 3423 4091 communicet
3455 4039 3705 4108 peccatis

2051 4116 2278 4182 alienis,
2294 4132 2360 4171 ac
2381 4133 2484 4188 per
2513 4116 2620 4170 hoc
2641 4116 2882 4173 alterius
2916 4120 3215 4176 irretiatur
3237 4124 3482 4179 nexibus
3506 4125 3704 4181 vincu-

2051 4204 2244 4260 lorum
2265 4221 2278 4258 :
2302 4205 2441 4275 quin
2459 4203 2652 4274 potius
2676 4203 2723 4259 si
2747 4211 2937 4276 potest
2953 4208 3217 4264 Ecclesia)
3236 4211 3335 4265 Dei
3354 4212 3706 4269 subveniens

2051 4310 2156 4365 pro
2190 4291 2521 4365 repellendo
2552 4292 2774 4348 mmcho
2819 4298 2875 4348 et
2912 4298 3235 4354 revocando
3275 4299 3535 4371 legitimo
3566 4301 3707 4360 dare

2052 4399 2311 4454 operam,
2337 4383 2483 4437 bene
2506 4398 2518 4435 :
2546 4381 2635 4436 sin
2659 4386 2854 4438 autem
2878 4384 2964 4438 vel
2989 4385 3220 4442 salvans
3245 4387 3425 4444 salvet
3445 4389 3706 4444 animam

2054 4488 2246 4542 suam,
2286 4473 2344 4526 et
2392 4471 2714 4526 secundum
2769 4471 2914 4528 illud
2966 4474 3372 4546 propheticum
3408 4495 3420 4532 :
3458 4479 3613 4534 Exite
3642 4478 3708 4534 de

355 4567 650 4624 NICOLAUS
671 4564 1213 4638 episcopus,servus
1235 4579 1534 4618 servorum
1554 4561 1942 4635 Dei,singulis
1973 4585 2028 4656 Ι)
2057 4561 2232 4617 medio
2281 4577 2487 4625 eorum,
2537 4568 2588 4615 et
2627 4561 2902 4632 pollutum
2954 4564 3124 4618 nolite
3171 4572 3392 4634 tangere
3423 4567 3548 4637 (lsa.
3584 4572 3703 4634 LII).

281 4656 649 4730 quibusdam
663 4649 1627 4723 senatoribusConstantinOpoleos
1643 4652 1948 4723 aparibus.

358 4743 651 4802 Fidelium
697 4741 998 4809 relatione,
1033 4741 1134 4814 qui
1176 4741 1247 4796 ad
1291 4745 1625 4795 sanctorum
1659 4742 1950 4813 apostolo-

281 4850 417 4888 rum
447 4831 658 4887 limina
677 4829 958 4886 orationis
980 4829 1168 4903 gratia
1190 4829 1450 4895 veniunt,
1469 4828 1811 4899 agnovimus
1833 4829 1951 4901 glo-

281 4923 436 4978 riam
467 4926 631 4977 tuam
653 4920 713 4976 in
740 4919 838 4976 Dei
861 4936 991 4975 esse
1024 4919 1232 4974 timore
1261 4917 1477 4989 pariter
1498 4921 1553 4971 et
1573 4933 1770 4973 amore
1797 4935 1952 4973 sem-

283 5028 393 5084 per
422 5011 732 5076 intentam,
758 5013 816 5064 et
841 5007 899 5063 in
928 5008 1057 5078 ejus
1098 5006 1384 5063 famulatu
1418 5021 1674 5070 summa,
1703 5007 1952 5078 jugique

286 5099 598 5154 devotione
611 5097 1315 5169 sollicitam.Quaproptcr
1333 5095 1444 5150 Deo
1461 5095 1677 5167 gratias
1697 5096 1950 5168 agimus:

287 5192 346 5244 et
367 5193 435 5242 ut
456 5187 610 5243 bono
643 5181 836 5243 studio
861 5186 1017 5257 quod
1041 5184 1288 5258 coepisti,
1313 5183 1802 5255 perseverantiam
1833 5186 1948 5251 det,

289 5281 471 5348 atque
493 5275 552 5331 in
578 5276 774 5333 futuro
796 5274 1034 5346 dignam
1057 5273 1523 5330 vicissitudinem
1556 5273 1799 5344 tribuat,
1823 5276 1951 5346 ejus

289 5363 761 5422 misericordiam
784 5363 1129 5436 suppliciter
1147 5379 1458 5418 exoramus
1475 5379 1486 5415 :
1503 5362 1791 5434 praecipue
1815 5381 1951 5435 quo-

291 5455 457 5511 niam
501 5451 713 5510 diceris
764 5451 1013 5509 miseriae
1046 5449 1823 5524 Constantinopolitanorum
1856 5455 1954 5509 Ec-

2064 4651 2310 4723 Legatos
2333 4653 2627 4720 praeterea,
2653 4666 2800 4720 quos
2823 4649 3387 4725 Constantinopolim
3411 4655 3704 4726 misimus,

2061 4754 2164 4809 pro
2197 4739 2324 4808 ejus
2356 4752 2572 4802 amore,
2598 4752 2630 4789 a
2662 4737 2831 4808 cujus
2875 4739 3010 4793 sede
3041 4740 3278 4811 profecti
3313 4747 3471 4811 sunt,
3499 4743 3560 4798 in
3593 4760 3708 4816 quo

2062 4844 2123 4882 sc
2145 4825 2370 4881 occasio
2399 4825 2727 4896 praebuerit,
2755 4825 3003 4899 benigne
3028 4829 3306 4901 subsequi
3330 4832 3585 4888 cbaritas
3610 4840 3713 4890 tua

2061 4915 2411 4971 contendat:
2441 4911 2708 4967 videlicet
2745 4919 2808 4968 ut
2857 4916 3105 4987 propitio
3127 4918 3354 4976 Christo
3394 4926 3450 4977 et
3497 4922 3708 4995 legatio

2061 5021 2263 5060 corum
2288 5003 2490 5057 efﬁcax
2516 5001 2820 5069 habeatur,
2837 5009 2892 5058 et
2914 5004 3025 5076 ipsi
3049 5007 3172 5062 sine
3196 5008 3427 5067 laesione
3449 5011 3711 5082 qualibet

2063 5095 2134 5149 ad
2169 5109 2273 5147 nos
2306 5095 2687 5146 revertantur.

2133 5183 2287 5237 Deus
2318 5179 2689 5252 omnipotens
2720 5184 2776 5235 et
2805 5181 3293 5255 pietatcm,atque
3319 5189 3705 5256 dilectionem,

2063 5289 2240 5345 quam
2263 5276 2318 5326 te
2341 5271 2496 5326 circa
2513 5273 2723 5325 sancta:
2743 5271 3008 5328 Ecclesiae
3028 5280 3246 5332 statum
3268 5279 3417 5332 fama
3437 5278 3555 5348 frcq
3567 5295 3709 5336 uens

2062 5361 2276 5417 habere
2307 5363 2577 5426 testatur,
2608 5358 2666 5412 in
2714 5363 3044 5430 praecordiis
3077 5365 3192 5420 tuis
3223 5383 3325 5436 per
3355 5364 3627 5436 amplius,
3654 5371 3711 5425 et

2060 5451 2378 5526 perfectius
2408 5451 2620 5520 augeat
2645 5464 2656 5502 :
2682 5452 2739 5502 et
2759 5453 2978 5524 te,quae
3006 5453 3278 5519 diximus,
3302 5451 3546 5510 sollicite
3577 5471 3710 5529 pro-

365 5632 702 5709 (a-).Citatu.r
730 5632 791 5694 in
821 5629 1067 5694 concilio
1096 5648 1220 5702 vm,
1257 5631 1356 5690 sed
1391 5630 1584 5689 Graece
1619 5649 1732 5690 non
1762 5637 1930 5690 exsta‘

2047 5633 2287 5709 |scripta
2314 5632 2392 5690 ibi
2426 5629 2638 5690 dicitur
2670 5642 2785 5709 πρὸς
2816 5641 2928 5698 τούς
2959 5639 3328 5706 συγκλητικούς·
3360 5633 3551 5713 ΗΑΒΙ).
