4098 6186
487 280 632 339 1091

1845 266 2157 331 NICOLAI
2200 268 2427 331 PAP/E
2467 270 2515 331 Ι.

3679 277 3807 338 1092

482 415 822 482 sequentem
845 408 939 464 hic
961 407 1061 462 diu
1093 405 1393 479 praesentis
1416 402 1711 461 fclicitatis.
1736 419 1975 458 munere
1997 419 2125 474 pcr-
2151 403 2209 471 Α
2238 420 2438 475 persas
2468 407 2523 460 et
2554 404 2888 479 dissipatas,
2920 404 3007 461 vel
3047 404 3358 477 quominus
3394 405 3808 463 confirmaremus

480 501 593 555 frui
626 498 815 563 faciat,
838 502 895 552 et
925 498 1134 552 futurae
1180 492 1557 548 beatitudinis
1590 492 1826 564 praemia
1857 491 1980 547 sine
2013 491 2129 546 fine

480 589 776 645 concedat.

1234 672 1369 727 CVI.

882 783 954 819 AD
996 778 1316 819 UNIVERSOS
1354 776 1690 817 CATIIOLICOS
1699 801 1710 813 .

1116 854 1299 920 (Anno
1335 850 1482 922 866.)

473 947 599 1000 Acta
625 946 698 1017 (ιι)
720 946 926 1012 Igrmtii
953 951 1002 998 et
1035 943 1220 1017 Potitii
1245 940 1594 1017 demonstrat,
1628 947 1677 1017 et
1700 938 1952 1017 ordinem
1982 944 2119 990 tem-

839 1032 1036 1087 parum
1064 1013 1417 1085 epistularum
1438 1012 1748 1081 prescribz't.

980 1102 1168 1174 [Apud
1202 1099 1410 1165 Mansi,
1448 1098 1605 1168 ibid.]

540 1215 824 1269 NICOLAUS
846 1210 1156 1282 episcopus
1173 1211 1383 1263 sancta:
1404 1203 1697 1260 catholicae
1716 1207 1770 1258 et
1787 1203 2117 1274 apostolica:

470 1304 741 1357 Romanas
790 1298 1075 1365 Ecclesiae,
1110 1296 1385 1352 omnibus
1416 1311 1558 1348 \‘CI‘IB
1610 1291 1909 1364 religionis
1942 1292 2113 1345 mini-

465 1392 623 1456 stris,
648 1408 713 1445 ac
745 1388 1029 1444 universis
1071 1384 1405 1440 orthodoxis
1437 1381 1571 1436 fidei
1611 1380 1954 1446 cultoribus,
1979 1397 2112 1434 san-

464 1480 746 1535 ctissimis
787 1476 1055 1531 videlicet
1085 1480 1143 1528 et
1187 1470 1691 1528 reverendissimis
1742 1468 2110 1541 patriarchis,

463 1567 953 1640 metropolitis,‘,et
985 1563 1226 1634 reliquis
1258 1560 1567 1632 episcopis,
1592 1564 1764 1630 atque
1787 1559 2014 1613 cunctis
2047 1559 2110 1611 ti-

460 1657 690 1712 delibus
724 1654 1074 1711 catholicam
1123 1652 1406 1705 duntaxat
1446 1665 1580 1703 cum
1612 1649 1745 1703 sede
1777 1646 1926 1702 beati
1961 1647 2110 1701 Petri

2237 492 2296 547 in
2322 494 2433 549 fide
2456 499 2511 549 et
2533 493 2701 550 bonis
2719 494 2986 551 moribus
3007 495 3213 550 fratres
3235 499 3454 550 nostros
3472 501 3523 549 et
3545 496 3806 568 proximos.

2236 584 2304 638 Et
2330 585 2467 656 quia
2505 585 2657 639 inter
2702 589 3078 657 caztera,quae
3118 585 3187 639 de
3218 583 3517 641 schismate
3538 586 3648 655 jam
3690 586 3808 641 facto

2235 672 2890 746 Constantinopolitanae
2927 672 3214 741 Ecclesiae,
3238 672 3296 727 hi
3327 674 3421 744 qui
3448 673 3597 728 missi
3626 674 3809 728 fuerant

2232 762 2619 829 testabantur,
2649 763 2903 818 maxime
2933 762 3195 818 eamdem
3228 760 3531 817 Ecclesiam
3559 762 3624 816 ab
3651 762 3809 817 Iceno-

2233 853 2458 909 machis
2477 852 2786 908 redivivam
2808 852 3237 907 contentionem
3257 851 3619 907 excitantibus
3636 868 3808 907 asserc-

2232 943 2371 997 bant
2402 941 2614 1008 vexari,
2638 941 3051 1013 Christumque
3083 958 3185 1013 per
3214 940 3440 1014 singula
3468 940 3807 995 conventicula

2227 1031 2624 1103 blasphemari
2643 1048 2655 1085 :
2671 1031 2818 1085 duos
2832 1030 3235 1102 episcoporum
3251 1029 3348 1101 qui
3364 1029 3645 1085 nobiscum
3659 1034 3805 1095 erant,

2229 1120 2447 1192 quique
2468 1121 2536 1175 ad
2562 1120 2670 1175 hoc
2690 1123 2918 1174 tantum
2954 1118 3282 1173 faciendum
3307 1136 3451 1190 opus
3476 1118 3646 1172 idonei
3675 1117 3805 1173 nobis

2226 1226 2352 1267 esse
2382 1209 2731 1263 videbantur
2758 1207 3144 1280 (Rodoaldum
3186 1206 3404 1262 scilicet
3427 1211 3481 1261 et
3505 1205 3803 1275 Zachariam)

2227 1312 2345 1354 una
2373 1315 2507 1353 cum
2538 1296 2813 1362 Ecclesia,
2837 1312 2964 1368 qua:
2996 1296 3149 1367 apud
3193 1313 3298 1350 nos
3337 1300 3444 1363 est,
3476 1295 3616 1350 datis
3642 1294 3804 1349 litteris

2224 1385 2813 1459 Constantinopolim,
2837 1388 3069 1441 tantum
3103 1385 3381 1440 nimirum
3411 1383 3679 1456 piaculum
3705 1400 3802 1437 exe-

2225 1482 2475 1543 crantes,
2500 1494 2530 1532 e
2560 1475 2739 1531 latere
2770 1479 2969 1530 nostro
2997 1474 3357 1530 direximus:
3383 1474 3523 1529 nihil
3548 1473 3622 1529 eis
3657 1473 3807 1541 injun-

2222 1568 2445 1638 gcntes,
2485 1566 2597 1620 nisi
2660 1569 2726 1620 ut
2780 1564 3187 1619 tantummodo
3246 1580 3455 1618 causas
3510 1562 3709 1635 Ignatii,
3729 1562 3802 1634 qui

2222 1659 2354 1710 ante
2386 1655 2455 1708 de
2486 1652 2740 1708 Ecclesia
2771 1650 2999 1724 pulsus,
3025 1669 3200 1724 quam
3234 1652 3309 1706 ab
3338 1651 3525 1723 aliquo
3554 1656 3803 1705 accusatus

460 1741 1169 1838 Pietatcmfefﬂaniibusi
1201 1755 1522 1837 δθηίιπξίίυθ
1571 1735 1893 1838 dﬁctl‘inan}
1914 1735 2112 1838 "DObi-
2143 1773 2193 1838 B
2223 1744 2540 1809 exstiterat,
2567 1741 3315 1814 diligenterinvestigarent
3339 1756 3351 1794 :
3376 1746 3431 1795 et
3451 1740 3565 1795 sedi
3586 1738 3803 1811 apostoli-

458 1851 623 1889 scum
669 1831 1136 1896 defendentibus,
1161 1846 1263 1901 per
1302 1828 1497 1883 Asiam
1531 1826 1750 1882 scilicet
1779 1830 1835 1880 et
1867 1824 2106 1897 Libyam

459 1922 811 1978 constitutis.

528 2014 661 2077 Quae
710 2010 864 2082 apud
905 2005 1610 2078 Constantinopolitanam
1670 2004 1876 2058 urbem
1931 2001 2104 2074 paulo

456 2106 588 2157 ante
619 2104 784 2173 gesta
815 2096 1047 2165 sint.,vel
1093 2097 1268 2153 etiam
1321 2111 1475 2149 nunc
1515 2097 1810 2165 gerantur,
1836 2092 2106 2146 sanctita-

451 2174 592 2257 tem,
614 2208 714 2244 seu
750 2188 1088 2260 religionem
1112 2190 1517 2249 vestram,non
1547 2182 1840 2237 credimus
1870 2180 2102 2253 ignora-

455 2297 543 2346 re;
569 2280 666 2333 sed
694 2276 945 2350 qualiter
964 2275 1084 2330 zelo
1108 2274 1271 2329 zelati
1308 2289 1409 2344 pro
1436 2273 1609 2326 domo
1634 2271 1729 2325 Dei
1755 2268 2100 2325 sollicitudi-

452 2384 586 2423 nem
634 2365 897 2422 omnium
945 2362 1336 2418 Ecclesiarum
1385 2360 1708 2416 secundum
1757 2357 2100 2431 Apostolum

452 2455 925 2509 circumferentes
955 2454 1030 2520 (II
1051 2454 1175 2507 Cor.
1197 2450 1302 2520 x1),
1334 2467 1440 2503 nos
1484 2450 1554 2503 de
1593 2448 1687 2502 his
1727 2447 2098 2519 disposuera-

453 2561 605 2609 mus,
631 2542 880 2597 breviter
899 2540 1167 2595 charitati
1192 2543 1392 2593 vestra:
1417 2537 1508 2592 his
1530 2535 1712 2591 nostri
1737 2534 2098 2607 apostolatus

450 2632 658 2687 litteris
714 2630 1077 2697 intimamus.
1123 2629 1191 2682 Et
1250 2644 1318 2682 ne
1377 2625 1546 2681 aliter
1600 2624 1836 2680 sincerae
1892 2629 2097 2680 vestra:

451 2720 631 2776 menti
665 2718 896 2775 suaderi
928 2721 1204 2781 tentetur,
1236 2714 1321 2770 vel
1355 2714 1523 2770 aliter
1554 2714 1706 2785 quod
1740 2712 1967 2785 egimus
1998 2730 2094 2767 vo-

448 2810 536 2865 bis
568 2812 936 2882 suggeratur,
968 2805 1153 2861 veraci
1188 2804 1465 2860 relatione
1496 2808 1552 2858 et
1583 2802 1968 2875 praesentibus
1992 2819 2094 2858 vos

446 2897 654 2954 litteris
686 2899 1017 2953 cdocemus.
1044 2895 1224 2967 Igitur
1253 2899 1563 2965 postquam
1590 2892 1828 2963 quidam
1863 2889 2093 2946 invidiae

445 2986 669 3042 facibus
690 2986 941 3052 accensi,
967 2990 1024 3039 et
1054 2982 1337 3055 superbiae
1375 2984 1525 3037 fastu
1566 2987 1904 3052 arroganter
1932 2978 2097 3048 elati,

444 3093 605 3131 more
633 3076 969 3133 Judazorum
1002 3076 1205 3128 contra
1234 3075 1523 3143 pastorem
1557 3068 1855 3141 proprium
1890 3068 2091 3123 insur-

443 3169 798 3230 rexerunt,et
817 3161 1210 3235 patriarcham
1234 3157 1907 3230 suum(commiuistrum
1928 3156 2084 3211 vide-
2117 3138 2160 3205 (Σ

444 3254 577 3308 licet
608 3258 874 3309 nostrum
907 3250 1199 3324 Ignatium
1232 3248 1618 3304 sanctissima:
1650 3247 1897 3318 praefatae
1927 3245 2089 3300 urbis

442 3342 785 3412 antistitem)
818 3341 888 3395 ab
911 3339 1155 3395 ecclesia
1185 3338 1332 3410 ipsa,
1358 3336 1448 3391 cui
1472 3338 1606 3407 jure
1638 3335 1983 3407 praesidebat
2009 3339 2090 3408 ty-

442 3431 679 3485 rannice
707 3431 1075 3502 projecerunt
1096 3445 1110 3482 :
1135 3444 1200 3482 ao
1225 3426 1494 3481 Photium
1519 3425 1830 3497 quemdam
1854 3442 1921 3479 ex
1944 3425 2085 3493 foro,

441 3536 507 3575 ac
539 3519 798 3574 saeculari
833 3518 1060 3583 militia,
1090 3521 1145 3571 et
1167 3516 1392 3581 habitu,
1414 3520 1584 3586 atque
1607 3532 1637 3568 a
1660 3513 1934 3585 palatinis
1958 3512 2090 3567 mdi-

441 3609 551 3663 bus
583 3609 859 3662 eductum
890 3624 955 3661 ac
1006 3606 1199 3660 subito
1248 3609 1616 3658 tonsuratum
1651 3603 1837 3657 eidem
1889 3607 2089 3657 contra

441 3713 639 3751 sacros
679 3712 930 3750 canones
970 3692 1236 3748 Ecclesiae
1285 3694 1684 3764 prwtecerunt.
1713 3693 1877 3747 Tunc
1916 3690 2090 3762 coepit

441 3783 787 3840 scandalum
819 3787 875 3838 et
905 3781 1161 3837 schisma
1194 3782 1250 3836 in
1276 3783 1401 3852 jam
1435 3781 1588 3835 dicta
1618 3780 1779 3845 urbe,
1808 3785 1864 3835 et
1893 3780 1951 3834 in
1986 3781 2087 3835 ad-

433 3872 772 3944 jacentibus
820 3870 931 3926 sibi
976 3870 1330 3934 civitatibus,
1357 3885 1470 3924 non
1501 3868 1793 3923 modicum
1822 3868 2036 3923 oboriri
2070 3886 2084 3923 :

440 3961 572 4016 aliis
590 3960 824 4033 quidem
838 3958 1025 4014 Photii
1045 3958 1464 4031 promotionem
1482 3957 2088 4028 defcndentibus,aliis

440 4055 636 4106 autem
657 4050 807 4105 hanc
820 4054 1101 4120 tanquam
1121 4048 1444 4103 inconvicto
1458 4052 1512 4103 et
1529 4048 1843 4119 superstite
1860 4049 2085 4120 lgnatio

439 4140 651 4195 factam
700 4138 906 4194 merito
956 4137 1405 4194 detestantibus.
1441 4138 1602 4193 Tunc
1651 4137 1794 4192 inito
1844 4136 2085 4192 consilio

440 4229 757 4301 imperator
786 4226 1053 4293 Michael,
1089 4225 1189 4298 qui
1219 4231 1275 4281 et
1313 4226 1437 4297 ipse
1467 4226 1666 4281 Bordze
1700 4226 1929 4297 patricii
1960 4244 2086 4282 ver-

439 4318 609 4374 sutiis
641 4334 855 4373 suasus
888 4314 1074 4371 Photii
1118 4316 1267 4387 parti
1310 4315 1556 4379 favebat,
1580 4315 1652 4370 ad
1693 4314 2083 4387 apostolatum

438 4411 704 4462 nostrum
737 4405 943 4478 legatis
992 4421 1125 4460 cum
1176 4403 1439 4476 epistolis
1486 4403 1814 4470 destinatis,
1840 4421 2082 4460 accusa-

2222 1850 2299 1888 ca:
2330 1832 2501 1905 plena
2531 1836 2587 1886 et
2614 1831 2803 1886 veraci
2835 1829 3113 1885 relatione
3162 1830 3460 1886 referrent.
3492 1828 3661 1883 Photii
3701 1845 3798 1883 vero

2214 1920 2712 1977 consecrationem
2762 1937 2875 1974 non
2917 1918 3108 1974 solum
3141 1917 3386 1975 minime
3442 1916 3796 1974 admittendam

2214 2028 2341 2066 esse
2363 2009 2961 2075 decrevimus,verum
3001 2008 3176 2063 etiam
3208 2007 3358 2080 ipsis
3390 2006 3585 2082 legatis
3611 2005 3796 2072 nostris,

2213 2117 2284 2155 ne
2307 2116 2440 2154 cum
2466 2098 2583 2165 illo,
2609 2097 2721 2153 nisi
2749 2097 2918 2169 quasi
2940 2113 3073 2152 cum
3096 2095 3266 2164 laico,
3295 2114 3477 2170 usque
3497 2097 3564 2152 ad
3585 2095 3797 2152 notitiam

2211 2194 2473 2244 nostram
2496 2186 2997 2243 communicarent
3011 2185 3800 2258 frequentiacomnimodajus-

2210 2278 2372 2333 sione
2396 2276 2799 2349 praecipimus:
2825 2274 3015 2331 solum
3039 2274 3261 2330 scilicet
3283 2276 3501 2331 eisdem
3524 2271 3798 2329 venerabili-

2210 2366 2321 2421 bus
2356 2365 2579 2421 Domini
2622 2364 2806 2420 nostri
2843 2364 2983 2420 Jesu
3017 2364 3256 2428 Christi,
3284 2366 3524 2436 ejusque
3552 2359 3796 2435 genitricis

2210 2472 2444 2526 somper
2462 2454 2705 2527 virginis
2728 2453 2942 2523 Mariae,
2967 2471 3033 2508 ac
3055 2458 3394 2509 sanctorum
3429 2452 3604 2525 ipsius
3632 2449 3794 2521 imagi-

2207 2545 2382 2599 nibus
2405 2542 2691 2616 quidquid
2706 2543 2948 2614 quaestio
2970 2543 3390 2613 atl‘erret,juste
3408 2559 3471 2597 ac
3490 2541 3574 2613 pie
3593 2537 3794 2594 difﬁnire

2203 2633 2499 2689 licentiam
2532 2632 2755 2687 dantes.
2788 2633 2861 2686 At
2883 2631 2965 2685 illi
2988 2635 3214 2697 euntes,
3242 2630 3454 2704 spretis
3485 2629 3694 2685 monitis
3711 2643 3791 2681 no-

2205 2722 2365 2787 stris,
2393 2721 2743 2792 contemptis
2790 2719 3053 2792 epistolis
3084 2719 3193 2775 sibi
3228 2737 3261 2774 a
3296 2720 3461 2775 nobis
3503 2733 3674 2773 coram
3700 2719 3791 2771 tota

2201 2810 2458 2866 Ecclesia
2501 2814 2701 2866 nostra
2748 2809 2923 2874 datis,
2948 2809 3065 2863 imo
3098 2808 3426 2881 postposito
3470 2809 3659 2863 timore
3698 2803 3789 2868 Dei,

2201 2899 2374 2955 sicuti
2400 2903 2599 2971 postea
2619 2896 2848 2963 claruit,
2864 2897 2923 2952 in
2942 2897 3302 2953 contrarium
3320 2899 3602 2953 verterunt
3616 2892 3787 2955 omnia,

2200 3006 2327 3061 quae
2362 2988 2472 3044 sibi
2503 2989 2734 3043 fuerant
2767 2986 3070 3059 imperata.
3107 2986 3366 3058 Denique
3395 2990 3450 3042 et
3478 3002 3598 3041 cum
3629 2982 3789 3038 Photio

2199 3077 2481 3142 adultero,
2498 3093 2563 3131 ac
2586 3074 2849 3131 Ecclesiae
2874 3075 3156 3141 invasere,
3183 3080 3361 3147 atque
3379 3068 3787 3146 necpbyto,quod

2201 3166 2312 3221 sibi
2346 3163 2752 3237 multipliciter
2775 3163 3134 3236 prohibitum
3165 3164 3376 3233 fuerat,
3400 3163 3456 3218 in
3480 3163 3789 3219 sacrosancta

2199 3253 2477 3327 mysteria
2501 3254 3098 3321 communicaverunt,
3124 3257 3179 3307 et
3208 3252 3499 3324 Ignatium
3528 3250 3692 3307 virum
3718 3262 3787 3301 se-

2162 3384 2175 3401 .
2199 3360 2354 3411 nem,
2371 3347 2428 3397 et
2449 3346 2739 3410 sanctum,
2756 3359 2820 3397 ac
2842 3358 2945 3413 per
2965 3341 3274 3396 duodecim
3301 3358 3483 3397 annos
3512 3339 3790 3394 innocenter

2199 3431 2514 3487 Ecclesium
2539 3431 2637 3486 Dei
2667 3434 3053 3503 regentem,et
3083 3430 3393 3485 nobiscum
3436 3435 3491 3484 et
3520 3427 3786 3485 vobiscum,

2200 3527 2371 3594 atque
2394 3538 2527 3576 cum
2554 3519 2867 3577 universali
2892 3524 2947 3575 et
2968 3519 3289 3575 orthodoxa
3309 3518 3555 3575 Ecclesia
3576 3528 3786 3572 commu-

2198 3611 2514 3676 nicantem,
2534 3610 2866 3665 Grmcorum
2899 3608 3132 3663 factioni
3167 3607 3658 3679 perniciosissima:
3683 3617 3787 3656 con-

2197 3700 2502 3755 cinnantes
2543 3699 2986 3767 damnaverunt,
3027 3702 3083 3753 et
3131 3695 3585 3753 sacerdotalibus
3628 3687 3787 3746 infulis

2195 3787 2583 3861 exspoliatum
2616 3788 2687 3842 ab
2716 3785 2981 3842 Ecclesiae
3012 3785 3298 3858 regimine
3344 3784 3529 3839 modis
3564 3778 3788 3837 omnibus

2196 3876 2561 3949 expulerunt.
2591 3879 2725 3942 Qua:
2757 3878 2968 3931 sanetae
2996 3878 3199 3930 vestrae
3232 3874 3293 3928 in
3325 3873 3547 3929 Christo
3577 3863 3788 3925 fraterni-

2195 3965 2322 4035 tati,
2338 3969 2394 4021 et
2414 3965 2519 4038 piae
2554 3962 2939 4037 generalitati,
2955 3963 3093 4035 quia
3117 3966 3323 4018 contra
3347 3966 3596 4017 nostram
3619 3954 3787 4012 fuerint

2194 4060 2357 4127 gesta
2379 4052 3187 4126 dispositionemjamdudum
3209 4049 3668 4123 significavimus.
3684 4044 3785 4099 Por-

2195 4161 2256 4198 ro
2288 4142 2509 4214 praefati
2542 4140 2709 4197 missi
2741 4140 2924 4196 nostri
2945 4140 3184 4195 tandem
3214 4139 3453 4208 reversi,
3477 4136 3553 4194 nil
3574 4132 3707 4191 aliud
3725 4146 3789 4184 re-

2195 4232 2555 4301 nuntiavere,
2581 4230 2693 4285 nisi
2717 4229 3048 4301 depositum
3071 4227 3364 4301 Ignatium
3397 4232 3453 4283 et
3482 4222 3718 4281 Photium
3743 4217 3786 4271 in

2194 4322 2331 4377 sede
2352 4317 2991 4390 Constantinopolitana
3023 4318 3347 4372 firmatum.
3374 4317 3504 4372 Post
3531 4315 3663 4369 duos
3685 4322 3786 4363 vero

2194 4410 2318 4466 dies
2347 4408 2575 4481 legatus
2608 4424 2641 4462 a
2672 4406 2841 4462 nobis
2879 4405 3220 4479 imperialis,
3244 4405 3482 4460 nomine
3522 4404 3639 4465 Leo,
3668 4414 3695 4452 a
3718 4410 3788 4451 se-

438 4496 625 4551 tiones
656 4495 940 4567 quasdam
986 4494 1263 4548 adversus
1322 4493 1613 4565 lgnatium
1666 4493 2083 4567 deferentibus,
2114 4502 2162 4568 D
2194 4498 2370 4554 cretis
2428 4495 2895 4569 susceptus,duo
2941 4494 3240 4551 volumina
3297 4484 3510 4550 Obtulit
3539 4508 3552 4547 :
3584 4500 3787 4562 quorum

437 4584 603 4656 petiit
624 4590 688 4638 ut
709 4602 743 4638 a
764 4584 899 4638 sede
920 4581 1238 4655 apostolica
1258 4582 1471 4637 missos
1489 4582 1782 4647 daremus,
1800 4582 1897 4653 qui
1921 4600 2084 4639 scan-

438 4671 571 4727 dala
590 4672 691 4727 illa
712 4672 1001 4737 sedarent,
1027 4675 1083 4725 et
1104 4669 1424 4725 schismata
1445 4670 1817 4743 dissiparent.
1839 4673 1963 4737 Quo
1986 4690 2084 4727 au-

437 4762 577 4827 dito,
612 4760 887 4832 quoniam
924 4760 1095 4831 (sicut
1125 4776 1158 4814 a
1197 4759 1312 4815 Deo
1368 4758 1651 4830 inspirata
1679 4765 1869 4815 vestra
1924 4762 2083 4816 novit

437 4847 766 4919 prudentia)
790 4851 1133 4901 cunctarum
1160 4846 1375 4901 Christi
1400 4847 1592 4902 ovium
1624 4864 1762 4903 cura
1793 4848 2079 4904 constrin-

436 4936 790 5008 gimur,cum
813 4936 967 4991 vices
990 4936 1174 5007 ipsius
1206 4935 1487 5008 gerimus,
1509 4937 1606 5007 qui
1630 4936 1962 5009 specialiter
1992 4936 2082 4993 di-

433 5024 652 5080 vinitus
668 5024 937 5079 ‘dicitur:
964 5025 1130 5079 Pasce
1175 5041 1295 5080 oves
1340 5042 1487 5081 meas
1515 5026 1690 5096 (Joan.
1718 5025 1851 5097 xxr).
1876 5026 1945 5081 Et
1972 5026 2079 5083 ite-

434 5130 566 5169 rum
592 5130 604 5167 :
637 5114 730 5179 Tu,
754 5112 964 5183 inquit,
980 5113 1279 5183 aliquando
1298 5130 1583 5169 conversus
1602 5116 1863 5185 conﬁrma
1882 5117 2081 5188 fratres

434 5213 554 5261 tuos
577 5204 731 5276 (Luc.
756 5203 892 5272 xxn)
920 5218 932 5256 :
958 5217 1072 5256 non
1097 5201 1399 5273 potuimus
1431 5202 1823 5276 dissimulare,
1848 5222 1962 5261 non
1984 5223 2081 5277 po-

436 5294 661 5349 tuimus
692 5290 1334 5364 negligere,quominus
1372 5291 1747 5350 visitarcmus
1776 5312 1927 5362 oves,
1962 5293 2080 5349 dis-

508 5402 604 5472 (a)
657 5402 783 5456 llaec
849 5395 1094 5470 epistola
1156 5394 1392 5472 insertis
1450 5396 1775 5455 litterarum
1834 5401 2079 5454 aliarum

435 5468 716 5543 exemplis
758 5468 1052 5543 disiuncta
1106 5473 1194 5543 est
1252 5468 1308 5523 in
1372 5473 1767 5543 tl‘C‘Sﬂpm‘ics;
1830 5488 2078 5543 quarum

430 5541 621 5611 prima
648 5543 767 5596 haec
797 5549 886 5597 est
922 5541 981 5595 in
1025 5541 1228 5596 ordine
1250 5546 1459 5611 nostro
1492 5542 1606 5595 CVI
1637 5543 1817 5608 edita;
1848 5542 2083 5597 secunda

435 5627 563 5741 qua:
611 5611 873 5694 Michaeli
904 5610 1263 5694 .imperatori
1306 5627 1620 5696 perperam
1648 5612 1929 5741 insoriplta
1970 5617 2080 5681 est,

487 5680 631 5741 LVII
659 5680 872 5741 lemtur
901 5698 961 5739 1n
992 5685 1194 5741 nostra
1228 5682 1480 5741 editione
1511 5687 1567 5741 et
1604 5687 1809 5741 meimt
1880 5701 1929 5741 ιε
1956 5702 2080 5741 ver-

487 5680 631 5742 LVII
659 5680 872 5758 legitur
901 5682 961 5739 in
992 5680 1194 5741 nostra
1228 5680 1480 5746 editione
1511 5687 1567 5744 et
1604 5683 1809 5761 incipit
1828 5680 1929 5744 bis
1956 5680 2082 5746 ver;

2195 4604 2377 4643 unum
2403 4584 2783 4659 depositionis
2806 4583 3015 4655 Ignatii
3036 4588 3202 4656 gesta
3221 4577 3786 4647 continebat,alterum

2193 4682 2390 4733 autem
2422 4676 2491 4731 de
2523 4673 2740 4731 sanctis
2771 4673 3024 4728 habebat
3057 4672 3418 4744 imaginibus
3449 4674 3588 4725 acta.
3615 4660 3789 4722 Detulit

2192 4772 2467 4839 prmterea
2499 4765 2649 4819 idem
2685 4763 2796 4818 Leo
2822 4760 3157 4833 imperiales
3186 4760 3409 4816 litteras
3440 4756 3784 4831 deprecantes.

2192 4860 2480 4926 quatenus
2512 4859 2569 4909 et
2598 4852 2657 4907 in
2690 4850 3049 4923 depositione
3081 4850 3307 4922 lgnatii,
3356 4856 3412 4905 et
3443 4849 3499 4904 in
3530 4844 3787 4903 confirma-

2190 4943 2347 4998 tione
2377 4941 2587 5007 Pbotii,
2617 4956 2967 4996 consensum
3002 4939 3393 5010 praeberemus
3423 4941 3478 4993 et
3505 4929 3786 4992 subscribe-

2190 5047 2408 5086 remus.
2441 5032 2512 5084 At
2545 5046 2650 5084 nos
2694 5028 2892 5083 divina
2948 5028 3189 5083 docente
3240 5026 3445 5101 gratia,
3478 5026 3610 5080 dum
3662 5017 3785 5074 idem

2190 5122 2423 5177 adesset
2468 5117 2717 5190 legatus,
2741 5120 3054 5173 convocata
3100 5120 3222 5173 tota
3251 5133 3378 5188 quae
3426 5113 3572 5187 apud
3602 5124 3695 5165 nos
3718 5104 3787 5159 est

2188 5208 2464 5274 Ecclesia,
2500 5189 2862 5261 decrevimus
2907 5209 2963 5261 et
2993 5206 3327 5273 statuimus,
3364 5208 3532 5276 atque
3580 5189 3784 5272 professi

2191 5315 2399 5354 sumus
2431 5312 2626 5352 coram
2660 5296 2807 5368 ipso,
2830 5299 2886 5351 et
2924 5312 3119 5350 coram
3162 5293 3415 5350 Ecclesia
3453 5291 3569 5358 Dei,
3590 5287 3720 5344 sicut
3744 5282 3787 5335 et

2189 5405 2281 5461 bis
2315 5422 2328 5459 :
2364 5406 2457 5460 Itis
2490 5406 2564 5459 ita
2591 5420 2647 5458 se
2676 5403 3027 5467 habentibus,-
3066 5404 3223 5457 tertia
3252 5399 3539 5455 invenitur
3573 5394 3670 5453 sub
3697 5390 3786 5467 Πης

2193 5457 2632 5531 EXXXVll-ad
2668 5474 2789 5528 haec
2836 5457 3049 5529 verba:
3088 5475 3208 5529 haec
3263 5472 3699 5544 quidem,_us_que
3730 5457 3785 5539 ad

2192 5546 2312 5619 illa,
2342 5550 2461 5619 [ore
2485 5545 2877 5619 ιπηῑινέ)ἰάίθη-αςιςι.Δ
2899 5544 3031 5619 Quae
3072 5549 3238 5619 sunt;
3260 5538 3488 5619 ultima-
3507 5538 3669 5619 ὺιύυξ
3693 5545 3787 5619 QP?

2191 5590 2396 5675 ὲῖὀῖεέῗ
2404 5590 2601 5675 ﬁcii?"
2596 5590 3605 5693 133;?attiguae-{litem
3620 5590 3787 5667 Bouia-

2190 5705 2408 5751 norum.
