4098 6186
480 222 636 288 1095

1845 217 2153 284 NICOLAI
2197 215 2427 282 ΡΑΡΑΞ
2467 216 2518 283 Ι.

3725 221 3880 282 ιωθ

476 353 772 427 Apostolo,
795 344 966 408 omne
996 350 1384 424 quodcunque
1407 350 1716 410 fecerimus
1743 351 1800 406 in
1822 350 1996 406 verbo
2019 349 2202 421 autAA
2235 350 2367 407 licet
2397 352 2624 407 concilii
2659 353 2771 422 sui,
2805 353 2964 408 sedis
2993 350 3322 425 apostolica:
3352 351 3559 408 visioni
3584 353 3887 416 subtraxe-

478 447 536 500 in
555 442 950 515 opere,omnia
969 441 1028 496 in
1053 441 1287 496 nomine
1302 439 1531 495 Domini
1548 440 1686 494 Jesu
1711 439 1974 495 facienda
1990 456 2128 510 prae-

478 533 725 604 cipiente
750 531 889 598 (Col.
917 531 1022 599 III),
1048 529 1196 584 ritus
1229 527 1663 583 ecclesiasticus
1694 527 1753 582 in
1784 525 2125 598 colligendis

478 619 742 677 conciliis
776 619 831 673 id
859 619 1208 684 observet,et
1235 616 1294 671 in
1325 617 1434 672 hoc
1465 615 1968 680 duntaxat,abdito
1991 633 2123 686 per-

479 710 743 766 mittente
775 707 968 762 divino
991 705 1416 778 judicio,fuerit
1439 705 1804 777 praetermiss
1838 721 1894 759 m
1924 720 1936 758 :
1962 720 2126 760 cons-

479 805 563 854 tat
589 795 786 870 procul
820 796 1018 861 dubio,
1055 812 1168 850 non
1201 810 1299 850 eos
1330 794 1388 849 in
1421 794 1657 849 nomine
1705 792 1936 848 Domini
1987 809 2124 848 con-

477 890 744 960 gregatos
775 884 1087 949 exstitisse,
1122 901 1188 938 ac
1216 901 1316 955 per
1344 883 1451 938 hoc
1483 900 1617 938 eum
1653 882 1892 937 minime
1938 881 1997 935 in
2032 881 2119 937 sui

477 976 669 1032 medio
691 971 1096 1044 habuisse,qui
1120 971 1232 1028 tale
1253 972 1567 1028 concilium
1586 973 1701 1026 imo
1724 969 2123 1043 conventicula

475 1081 584 1119 sua
613 1065 683 1119 de
705 1061 1092 1134 sanguinibus
1115 1065 1317 1117 contra
1341 1061 1705 1132 psalmistam
1737 1075 2120 1130 congregave-

475 1155 610 1208 runt
630 1150 807 1220 (Psal.
833 1151 1047 1221 xm),et
1067 1150 1360 1221 quoddam
1389 1147 1604 1204 animal
1627 1146 1860 1212 imitati,
1886 1146 2121 1202 nonnisi

473 1240 774 1296 exstinctis
796 1239 1046 1311 propriis
1061 1237 1196 1294 filiis
1215 1254 1384 1309 posse
1408 1235 1726 1292 subsistere
1748 1239 2116 1306 putaverunt.

543 1331 673 1385 Jam
705 1345 859 1392 vero,
895 1326 941 1382 si
973 1326 1129 1382 idem
1159 1325 1474 1381 concilium
1507 1324 1580 1378 ab
1619 1323 1938 1394 apostolica
1985 1323 2120 1380 sede

473 1419 656 1474 fuisse
690 1415 1069 1489 praetenditur
1098 1415 1510 1486 approbatum,
1530 1411 2028 1483 quemadmodum
2061 1411 2119 1466 id

470 1512 703 1563 versuta
727 1505 899 1560 fuerit
924 1503 1288 1558 cavillatione
1323 1503 1392 1556 ab
1416 1500 1734 1571 apostolica
1755 1501 1892 1556 sede
1923 1517 2119 1571 perce-

471 1600 657 1668 ptum,
695 1592 1039 1650 fraternitati
1070 1596 1271 1646 vestrm
1305 1590 1932 1646 breviterintimamus.
1957 1589 2122 1643 Deni-

470 1701 584 1755 que
641 1684 818 1737 frater
863 1684 918 1736 et
968 1680 1346 1752 coepiscopus
1398 1684 1597 1734 noster
1648 1679 2016 1744 IIincmarus,
2049 1678 2118 1732 de

470 1770 809 1826 memoratis
855 1768 1100 1836 clericis,
1129 1768 1338 1823 Wlado
1395 1767 1615 1822 scilicet
1662 1771 1717 1821 et
1759 1765 1998 1838 collegis
2030 1766 2115 1837 ip-

469 1860 615 1924 sius,
646 1858 799 1930 quod
833 1857 943 1913 sibi
974 1857 1161 1912 visum
1196 1861 1302 1921 est,
1335 1861 1742 1911 consummato
1782 1871 1916 1909 mox
1965 1871 2116 1925 pra-

468 1947 683 2005 cessori
717 1963 843 2002 meo
867 1947 1044 2001 beatae
1070 1945 1486 2001 recordationis
1529 1945 1702 1999 Leoni
1735 1942 1967 2015 praesuli
2000 1960 2114 1998 non

467 2037 645 2092 semel
677 2035 970 2107 supplices
1001 2035 1226 2090 litteras
1277 2034 1456 2100 misit,
1489 2038 1778 2105 quatenus
1803 2033 1954 2086 idem
1977 2048 2113 2086 con—

465 2126 665 2182 cilium
698 2125 1028 2196 approbans
1059 2124 1401 2178 auctoritate
1433 2122 1752 2193 apostolica
1795 2121 2109 2176 roboraret.

466 2214 627 2278 Quod
656 2212 751 2267 ille
786 2229 898 2268 non
933 2212 1123 2267 solum
1159 2212 1399 2266 minime
1430 2211 1656 2274 annuit,
1690 2226 1891 2264 verum
1932 2208 2110 2262 etiam

466 2319 636 2374 agere
667 2301 912 2357 sollicite
941 2301 1148 2365 tenuit,
1185 2299 1384 2355 dicens
1435 2299 1648 2353 idcirco
1695 2315 1755 2354 se
1805 2297 2112 2368 petitiones

465 2391 593 2461 ejus
625 2406 724 2460 pro
753 2388 1156 2443 confirmanda
1188 2387 1431 2458 synodo,
1466 2386 1522 2440 in
1557 2402 1674 2457 qua
1695 2384 1941 2456 depositi
1974 2401 2114 2455 prie-

467 2477 567 2532 fati
598 2477 704 2530 viri
736 2476 983 2542 fuerant,
1018 2475 1415 2545 suspendisse,
1449 2490 1515 2529 eo
1546 2474 1698 2544 quod
1732 2490 1832 2544 per
1884 2472 2111 2544 aliquos

464 2585 533 2622 ex
561 2566 654 2621 his
687 2563 995 2637 episcopis,
1029 2563 1126 2636 qui
1157 2565 1376 2636 synodo
1412 2564 1767 2626 resederant,
1790 2566 1854 2616 ut
1885 2562 2112 2616 dubita-

464 2655 542 2710 tio
575 2655 721 2710 foret
752 2653 1035 2710 radicitus
1067 2652 1286 2717 evulsa,
1320 2656 1540 2708 statuta
1589 2651 1854 2722 ejusdem
1904 2651 2109 2723 synodi

463 2743 757 2800 destinare
789 2742 1089 2798 debuisset
1122 2759 1134 2796 :
1169 2741 1454 2813 praecipue
1485 2757 1617 2795 cum
1669 2739 1884 2794 ibidem
1936 2738 2109 2810 legati

461 2832 619 2888 sedis
667 2830 997 2903 apostolica:
1043 2834 1357 2902 praesentes
1398 2847 1512 2884 non
1545 2829 1776 2884 fuerint.
1808 2831 2109 2883 Postremo

461 2938 526 2978 eo
558 2921 712 2992 quod
746 2919 989 2991 hi,quos
1019 2919 1115 2974 ille
1145 2919 1488 2974 auctoritate
1528 2918 1732 2990 synodi
1780 2917 2113 2972 affirmabat

460 3010 779 3082 depositas,
818 3026 919 3082 per
949 3008 1212 3080 preprias
1242 3007 1466 3062 litteras
1497 3008 1692 3062 sedem
1727 3004 2107 3078 apostolicam

2235 440 2525 501 rat,etiam
2557 459 2726 496 suam
2761 442 3070 498 audientiae
3093 444 3163 497 ab
3195 459 3260 497 eo
3291 443 3606 513 designatae
3636 458 3887 513 prasen-

2235 528 2378 584 tiam
2410 530 3038 602 subducens,probavit
3067 530 3138 585 de
3168 547 3231 586 se
3251 529 3353 584 illa
3371 529 3682 601 quae-dicta
3705 536 3882 591 sunt:

2233 616 2497 673 videlicet
2527 619 2682 689 quod
2714 618 2828 674 tale
2858 619 3174 674 concilium
3207 617 3686 690 statuerit,quale
3716 635 3887 689 supe—

2234 705 2358 760 rius
2389 705 2636 761 strictim
2665 710 3057 762 monstratum
3079 711 3186 762 est.
3204 711 3429 762 Interea
3450 723 3516 762 eo
3537 707 3652 763 voti
3678 707 3885 762 effectu

2233 794 2529 860 frustrato,
2563 795 2894 866 apostolicae
2925 796 3084 852 sedis
3113 795 3371 867 pontifex
3393 797 3529 862 Leo,
3553 796 3652 868 qui
3686 795 3887 850 fratris

2233 881 2527 938 Hincmari
2561 884 2924 956 propositum
2952 889 3208 950 noverat,
3247 885 3317 939 ab
3352 884 3458 939 hac
3491 885 3622 940 luce
3651 884 3886 940 subtra-

2230 977 2360 1026 ctus
2388 976 2496 1026 est.
2530 971 2792 1044 Cumque
2823 976 3036 1027 sanctae
3069 972 3362 1027 memoriae
3394 972 3768 1039 Benedictus,
3801 973 3886 1027 vir

2230 1057 2602 1129 apostolicus,
2636 1060 2686 1115 ei
2720 1059 3102 1115 successisset
3131 1060 3190 1114 in
3232 1060 3433 1115 ordine
3483 1061 3883 1132 pontiﬁcatus,

2230 1164 2435 1202 rursus
2482 1147 2830 1203 reverendus
2876 1148 3226 1204 Hiucmarus
3271 1165 3435 1204 arma
3483 1155 3797 1221 praeparat,
3831 1155 3884 1206 et

2229 1235 2416 1290 eidem
2449 1252 2680 1290 summo
2712 1236 3264 1308 prmsuli,tanquam
3298 1255 3542 1293 suarum
3580 1238 3882 1310 inexperto

2226 1324 2889 1391 versutiarum,latenter
2914 1325 3167 1398 subripit
3191 1330 3245 1381 et
3267 1325 3324 1381 in
3347 1326 3476 1397 ipso
3499 1328 3885 1382 consecratio-

2229 1413 2321 1468 nis
2347 1414 2474 1484 ejus
2505 1413 2790 1486 principio
2822 1415 3049 1482 suadet,
3084 1419 3149 1469 ut
3179 1415 3492 1470 concilium
3537 1416 3780 1487 quidem
3809 1418 3881 1471 ad

2226 1504 2426 1556 votum
2459 1500 2636 1558 unius
2665 1502 2924 1558 hominis
2955 1509 3369 1576 congregatum
3423 1505 3689 1559 ﬁrmaret
3720 1521 3734 1557 :
3770 1522 3882 1559 non

2227 1594 2420 1648 tamen
2455 1591 2505 1645 ei
2541 1590 2656 1646 ullo
2688 1593 2859 1647 modo
2891 1593 3117 1664 subripi
3147 1597 3250 1648 aut
3280 1593 3515 1649 suaderi
3549 1595 3886 1666 potuit,uta

2219 1680 2394 1748 justze
2437 1679 2806 1735 diffinitionis
2866 1685 2921 1736 et
2968 1680 3401 1737 discretissimaa
3453 1682 3883 1738 moderationis

2227 1768 2460 1823 tramite
2482 1769 2566 1823 vel
2601 1769 3033 1840 aliquantulum
3065 1769 3382 1826 declinaret
3415 1775 3880 1842 :verumtamen,

2225 1856 2377 1910 sicut
2404 1857 2596 1912 videre
2629 1863 2738 1920 est,
2771 1862 2826 1913 et
2858 1858 2967 1929 ipsi
2995 1859 3122 1927 jam
3155 1859 3398 1914 forsitan
3430 1860 3783 1933 agnovistis,
3807 1859 3881 1914 ita

2224 1961 2327 2016 per
2357 1946 2650 2016 quoddam
2684 1947 2732 2001 ei
2768 1946 3136 2020 privilegium
3164 1964 3507 2004 concessum
3542 1948 3713 2005 illius
3756 1967 3880 2005 con-

2223 2032 2340 2087 cilii
2370 2035 2660 2090 roboravit
2691 2035 3049 2102 institutum,
3082 2041 3147 2090 ut
3170 2038 3539 2092 auctoritatis
3579 2056 3876 2094 summam

2222 2121 2346 2176 sedi
2377 2123 2702 2194 apostolicae
2736 2129 3076 2191 reservaret,
3104 2129 3160 2179 et
3189 2129 3254 2180 ut
3282 2127 3444 2181 vobis
3483 2127 3614 2196 jam
3649 2128 3880 2199 scripsi-

2222 2227 2375 2277 mus,
2409 2211 2491 2266 ita
2516 2211 2719 2267 tribuit
2748 2212 3028 2268 honorem
3060 2213 3246 2283 alteri,
3281 2220 3347 2269 ut
3393 2215 3506 2270 sibi
3559 2218 3725 2288 quod
3779 2217 3875 2271 tri-

2221 2298 2438 2354 buebat
2467 2317 2581 2354 non
2613 2301 2889 2357 demeret.
2912 2301 3076 2357 Unde
3105 2307 3300 2357 actum
3332 2309 3510 2369 est,ut
3537 2306 3699 2376 quod
3729 2305 3873 2361 male

2220 2385 2465 2458 petitum
2499 2388 2705 2454 fuerat,
2737 2388 2980 2460 Spiritu,
3015 2391 3259 2447 docente
3288 2391 3410 2457 Dei,
3443 2393 3590 2448 bene
3638 2394 3874 2464 sapiens

2218 2475 2431 2546 praesul
2463 2478 2820 2546 concederet,
2855 2483 2911 2533 et
2940 2478 3085 2533 nihil
3117 2481 3419 2550 proficeret
3459 2480 3733 2536 humana
3784 2500 3876 2537 su-

2221 2564 2467 2636 breptio,
2502 2566 2598 2621 ubi
2634 2572 2837 2637 pectus
2868 2568 3013 2622 tanti
3045 2568 3337 2639 pontificis
3369 2570 3565 2624 divina
3617 2571 3881 2642 replebat

2221 2652 2437 2708 inlusio
2465 2670 2609 2710 :nec
2641 2655 2871 2710 obesset
2901 2656 3210 2724 cuiusdam
3243 2656 3565 2722 suasio,ubi
3589 2658 3880 2712 antistitis

2220 2742 2407 2797 sancti
2436 2743 2693 2813 prudens
2723 2743 2973 2798 obviavit
2996 2748 3054 2798 et
3085 2744 3599 2815 providentissime
3617 2747 3882 2801 modera-

2219 2830 2299 2885 tio
2334 2848 2346 2885 :
2383 2831 2524 2885 dum
2582 2832 2642 2885 in
2698 2832 2826 2904 ipso
2877 2832 3176 2905 privilegio
3207 2839 3466 2888 tenerem
3499 2836 3876 2906 praemiserit,

2220 2920 2373 2990 quod
2409 2920 2492 2975 sic
2522 2921 2817 2976 decretum
2845 2926 2933 2976 est
2965 2922 3034 2976 ab
3068 2939 3134 2977 eo
3190 2924 3481 2986 manenda
3529 2923 3880 2980 inconvulsa

2220 3024 2345 3080 quae
2378 3009 2801 3080 petebantur,si
2835 3010 2916 3065 ita
2942 3015 3140 3065 essent
3171 3027 3274 3082 per
3294 3012 3507 3077 omnia,
3529 3029 3659 3083 quae
3684 3014 3758 3067 de
3782 3013 3878 3066 illa

459 3097 899 3170 appellaverint,
932 3102 988 3152 et
1037 3096 1247 3152 vellent
1294 3113 1403 3151 sua
1450 3113 1510 3152 se
1557 3094 1875 3167 apostolica
1915 3093 2106 3150 audiri
2137 3085 2179 3152 C
2221 3097 2439 3169 synodo
2471 3097 2581 3152 sibi
2615 3117 2647 3153 a
2679 3099 2852 3154 fratre
2885 3105 3080 3155 nostro
3103 3100 3415 3156 Hincmaro
3449 3102 3874 3156 referebantur.

465 3186 792 3259 praesentia,
826 3191 881 3241 et
909 3190 1067 3251 tunc,
1103 3185 1150 3240 si
1182 3183 1502 3256 culpabiles
1538 3183 1958 3245 invenirentur.
1993 3200 2107 3240 non

464 3276 787 3331 abnuerent
816 3274 1157 3330 canonicam
1191 3273 1479 3328 sustinere
1505 3289 1833 3328 censuram.
1869 3273 1979 3328 Sed
2011 3288 2108 3326 ve-

460 3364 739 3420 nerabilis
769 3362 1341 3430 Hinemarus,sciens
1374 3361 1579 3433 utique
1601 3361 1914 3417 concilium
1938 3360 2104 3425 illud,

458 3458 524 3508 ut
551 3470 731 3525 supra
751 3457 1056 3509 ostensum
1078 3451 1746 3522 est,reprehensionibus
1770 3467 1883 3506 non
1905 3449 2107 3521 paucis

456 3545 955 3614 respersum,acta
985 3539 1219 3612 quidem
1244 3539 1403 3594 illius
1434 3557 1536 3611 per
1565 3539 1857 3594 neminem
1890 3539 2107 3610 episco-

458 3648 687 3701 porum,
722 3630 822 3700 qui
852 3630 944 3684 his
995 3630 1402 3694 interfuerunt,
1441 3628 1787 3684 destinavit:
1818 3633 1879 3682 ut
1909 3633 2104 3684 tamen

455 3720 848 3782 firmarentur,
863 3719 1050 3776 denuo
1078 3717 1348 3788 precibus
1372 3733 1541 3788 agere
1573 3734 1686 3772 non
1709 3716 1976 3772 cessavit.
1995 3716 2104 3771 Sed

454 3806 812 3876 dejectorum
843 3805 1049 3859 iterato
1069 3803 1323 3859 clamore
1352 3805 1716 3860 crebescente
1737 3803 2102 3871 clericorum,

456 3910 560 3949 nec
593 3894 676 3950 sic
706 3893 860 3965 quod
899 3893 1205 3965 petebatur
1233 3892 1548 3948 laudabilis
1591 3892 1802 3964 praesul
1834 3892 2102 3948 indulsit.

456 3983 730 4054 Praecepit
761 3988 955 4038 autem
990 3999 1092 4054 per
1121 3980 1367 4037 alteram
1397 3999 1516 4037 suae
1539 3981 1856 4038 sanctionis
1887 3981 2105 4053 episto-

453 4071 592 4140 lam,
630 4077 692 4127 ut
712 4072 866 4126 idem
899 4072 1077 4127 frater
1109 4072 1461 4150 Hincmarus
1509 4071 1580 4126 ad
1631 4070 1941 4125 concilium
1969 4087 2103 4126 cum

456 4161 572 4216 illis
594 4161 1028 4229 occurreret,ad
1057 4161 1211 4232 quod
1234 4177 1407 4216 suum
1442 4159 1564 4231 ipse
1586 4158 2103 4231 legatum,Petrum

454 4249 720 4306 videlicet
749 4249 1091 4321 episcopum
1123 4249 1522 4320 Spoletanum,
1543 4265 1573 4304 e
1603 4247 1781 4304 latere
1813 4265 1920 4303 suo
1952 4247 2105 4303 dire-

452 4342 634 4405 xerat,
670 4337 740 4393 ad
775 4338 1172 4393 renovandum
1205 4337 1469 4393 videlicet
1490 4335 1782 4407 judicium
1813 4337 1933 4391 vice
1973 4353 2100 4405 sua,

452 4433 508 4482 et
555 4427 920 4499 congregatis
969 4443 1197 4491 rursus,
1225 4425 1515 4496 episcopis
1573 4426 1645 4479 ad
1705 4425 2098 4497 depositorum
2135 4453 2180 4518 Β

453 4513 918 4584 reclamantium,
942 4514 1255 4570 auxiliante
1289 4513 1554 4579 Domino,
1599 4514 2004 4569 trutinandum
2037 4530 2103 4569 ac

455 4603 801 4676 sopiendum
836 4606 1153 4676 negotium.
1189 4603 1273 4658 Ita
1303 4607 1367 4657 ut
1397 4603 1446 4658 si
1479 4603 1698 4658 eisdem
1726 4602 1966 4673 dejectis
1987 4602 2098 4657 cle-

455 4691 592 4747 ricis
623 4692 980 4763 contigisset,
1016 4696 1080 4746 ut
1109 4691 1167 4745 in
1201 4691 1326 4762 ipsa
1357 4691 1697 4746 debuissent
1742 4690 2101 4763 depositione

455 4780 785 4851 persistere,
809 4784 866 4835 et
894 4780 1126 4836 obedire
1159 4780 1839 4851 renuissent,sedemque
1871 4785 2101 4852 aposto-

456 4868 628 4924 licam
659 4868 869 4924 iterum
902 4869 1276 4940 expetissent,
1310 4885 1381 4923 ne
1413 4868 1567 4924 sedis
1613 4869 1940 4940 apostolicae
1989 4870 2102 4926 dis-

456 4955 776 5014 solveretur
805 4957 1194 5031 privilegium,
1230 4956 1345 5013 illis
1377 4959 1448 5012 ad
1495 4973 1622 5013 eam
1669 4957 1937 5012 veniendi
1986 4975 2100 5013 non

459 5051 769 5118 negaretur
795 5046 1048 5101 licentia.
1084 5048 1228 5102 Cum
1263 5046 1477 5118 quibus
1510 5046 1782 5118 praicepit
1827 5051 1892 5102 ut
1932 5047 2111 5102 frater

458 5136 828 5200 Hincmarus,
849 5135 933 5190 vel
967 5135 1185 5192 missus
1216 5137 1344 5208 ejus
1372 5135 1630 5192 veniret:
1665 5139 1954 5206 quatenus
1973 5153 2106 5191 cum

457 5225 738 5281 fratribus
794 5224 920 5280 suis
971 5223 1258 5295 episc0pis
1312 5241 1545 5296 aequum
1598 5225 1669 5279 de
1699 5223 1792 5280 his
1815 5223 2105 5295 judicium

458 5314 719 5370 conferre
749 5313 1097 5385 potuissent,
1131 5317 1189 5368 et
1236 5317 1481 5384 utraque
1530 5317 1694 5385 parte
1732 5313 2107 5369 conveniente

459 5419 668 5460 causas
692 5419 893 5458 eorum
916 5403 1118 5458 eadem
1143 5403 1310 5458 sedes
1331 5405 1533 5458 sancta
1556 5403 1833 5458 canonice
1868 5403 2107 5459 definis-

451 5495 567 5552 set.
590 5490 805 5550 Verum
835 5490 953 5564 ille,
987 5490 1086 5565 qui
1128 5488 1290 5564 prius
1320 5490 1648 5565 episcopus,
1672 5489 1926 5564 legatum
1955 5492 2108 5550 vide-

2218 3185 2572 3258 Interposuit
2589 3187 2744 3243 enim
2763 3188 3074 3260 ancipitem
3099 3189 3156 3244 in
3180 3206 3247 3244 eo
3266 3190 3618 3244 sententiam
3639 3191 3872 3246 dicens:

2219 3274 2277 3330 Si
2309 3275 2388 3329 ita
2419 3279 2506 3330 est
2538 3281 2851 3348 nostroque
2883 3281 2946 3331 ut
2973 3277 3210 3348 scriptis
3243 3277 3581 3350 prasulatui
3635 3278 3872 3334 intima-

2217 3363 2314 3428 sti,
2338 3367 2394 3418 et
2421 3368 2719 3436 gestorum
2752 3364 2899 3421 serie
2935 3366 3369 3435 demonstrasti,
3405 3372 3561 3423 ratas
3610 3368 3871 3432 easdem,

2218 3451 2358 3523 quin
2391 3449 3122 3524 difﬁnitiones,apostolica
3151 3454 3596 3525 promulgamus
3619 3455 3745 3509 lore
3777 3470 3874 3508 au-

2216 3540 2497 3594 czoritate.
2517 3540 2675 3594 Licet
2699 3541 2823 3612 ipse
2841 3541 3018 3612 hujus
3037 3542 3256 3598 tenoris
3279 3542 3792 3597 circumstantiam
3808 3542 3873 3596 de

2216 3628 2409 3685 collati
2438 3629 2721 3702 privilegii
2754 3633 2912 3685 textu
2955 3631 3272 3702 excipiens,
3303 3635 3362 3686 et
3401 3636 3610 3686 nostra:
3662 3630 3875 3686 visioni

2215 3717 2578 3782 subduxerit,
2612 3722 2667 3772 et
2696 3717 2943 3772 aliorum
2976 3717 3197 3773 notioni
3230 3719 3603 3773 subtraxerit.
3619 3717 3873 3774 Interse-

2216 3823 2349 3861 rens
2379 3805 2619 3878 insuper
2649 3821 2774 3877 quae
2807 3807 2961 3862 idem
2994 3823 3266 3862 summus
3297 3807 3555 3878 pontifex
3586 3812 3693 3862 aut
3723 3824 3869 3863 nun-

2215 3911 2414 3966 quam,
2439 3898 2541 3949 aut
2569 3893 2734 3950 aliter
2764 3899 3052 3950 sanxerat.
3085 3895 3212 3967 Ipse
3243 3911 3497 3967 namque
3524 3895 3599 3951 de
3651 3913 3872 3953 memo-

2216 3984 2358 4039 ratis
2389 3982 2843 4039 dil‘finitionibus
2875 3983 3055 4039 dixit:
3084 3984 3261 4041 Ratas
3279 3985 3515 4040 easdem
3549 3985 3873 4056 apostolica

2215 4070 2660 4144 promulgamus
2683 4073 2800 4128 fore
2823 4073 3612 4145 auctoritatem,semperque
3634 4091 3872 4135 manere

2213 4161 2550 4226 statuimus,
2584 4165 2642 4216 et
2670 4161 2957 4232 sequenti,
2991 4179 3117 4233 quae
3151 4162 3274 4234 ipse
3305 4162 3543 4233 quidem
3575 4162 3754 4219 aliter
3773 4180 3872 4234 po-

2213 4249 2353 4317 suit,
2372 4251 2546 4305 frater
2574 4265 2704 4305 vere
2734 4249 3086 4306 Hincmarus
3120 4251 3388 4322 quaedam
3419 4251 3672 4317 addens,
3706 4252 3873 4323 plura

2213 4339 2589 4404 subtrahens,
2623 4338 2713 4394 vel
2747 4342 3139 4405 commutans,
3175 4339 3345 4395 aliter
3377 4347 3731 4411 prosecutus
3761 4345 3868 4397 est.

2214 4429 2323 4484 Sed
2358 4427 2549 4483 adhuc
2578 4431 2635 4483 et
2663 4427 2722 4482 in
2757 4427 2869 4483 alio
2901 4428 3050 4483 mira
3078 4427 3274 4484 fratris
3312 4428 3615 4486 Hincmari
3665 4445 3872 4485 rursus

2214 4516 2435 4572 accedit
2465 4515 2774 4583 astutia,et
2803 4515 2912 4572 soli
2946 4517 3181 4589 proprio
3202 4521 3332 4572 voto
3365 4516 3564 4574 favens
3589 4534 3654 4574 se
3675 4518 3872 4575 immi-

2211 4611 2332 4662 scet
2353 4604 2679 4676 prudentia.
2697 4605 2956 4676 Denique
2987 4621 3122 4660 cum
3152 4604 3484 4677 apostolicae
3513 4611 3573 4661 et
3607 4623 3872 4664 reveren-

2211 4695 2295 4750 dae
2331 4693 2622 4750 memoriae
2671 4695 2940 4750 decessor
2987 4700 3185 4750 noster
3226 4712 3378 4766 papa
3424 4695 3781 4752 Benedictus
3821 4695 3872 4752 ei

2211 4782 2608 4854 privilegium,
2639 4783 2708 4838 de
2741 4800 2855 4854 quo
2887 4800 3044 4838 nunc
3074 4783 3353 4848 diximus,
3385 4784 3762 4851 contulisset,
3797 4786 3873 4841 ita

2211 4889 2336 4944 quae
2371 4871 2428 4926 in
2459 4888 2525 4926 eo
2559 4872 2932 4927 continentur
2962 4871 3236 4938 ﬁrmavit,
3257 4878 3324 4926 ut
3352 4889 3711 4944 suspensam
3736 4891 3872 4929 sen-

2210 4960 2452 5016 tentiam
2478 4960 2572 5016 his
2585 4962 2944 5032 jungeret,et
2962 4964 3027 5016 ut
3048 4978 3148 5032 per
3170 4961 3370 5016 omnia
3390 4961 3512 5018 sedi
3535 4963 3872 5033 apostolica

2219 5067 2326 5105 sua
2355 5048 2674 5121 privilegia,
2709 5049 2861 5105 sicut
2879 5050 3006 5120 jam
3039 5050 3142 5105 fati
3173 5055 3473 5117 sumus,et
3503 5051 3873 5107 auctoritatis

2216 5136 2461 5209 propriae
2475 5138 2614 5208 jura
2635 5139 2831 5210 (quem
2851 5139 2907 5192 in
2930 5137 3040 5194 hoc
3060 5144 3118 5194 et
3148 5156 3254 5194 nos
3275 5154 3509 5210 quoque
3542 5139 3732 5196 secuti
3776 5157 3873 5195 su-

2217 5227 2372 5293 mus)
2403 5225 2765 5282 inviolabilia
2794 5232 3118 5284 reservaret
3148 5243 3161 5282 :
3196 5227 3577 5299 interponens
3597 5234 3873 5301 prstare;

2216 5315 2402 5371 nodos
2424 5315 2817 5372 anathematis
2834 5315 2892 5370 in
2922 5315 3263 5387 eos,quibus
3289 5317 3728 5388 prohibendum
3749 5333 3875 5375 cen-

2215 5404 2441 5472 suit,ne
2472 5404 2719 5476 quilibet
2752 5409 2957 5461 contra
2985 5406 3189 5462 eadem
3215 5405 3498 5462 canonica
3526 5407 3871 5473 constituta,

2214 5498 2270 5552 et
2299 5494 2529 5552 decreta
2558 5492 2900 5567 pontificum
2933 5493 3330 5554 Romanorum
3369 5495 3749 5573 pertinaciter
3777 5494 3877 5560 oh-
