4098 6186
259 252 439 328 ’4097

1501 263 1904 330 ΕΡΙΒΊὈΕΕ
1947 264 2049 329 E'P
2093 265 2452 328 DECRETA
2470 312 2484 327 .

3519 272 3693 334 ’1098

250 385 534 457 ‘viasset:
569 400 626 456 id
659 383 768 468 est,
803 417 874 456 ne
905 401 1038 474 quis
1083 400 1169 457 vel
1218 404 1422 458 contra
1460 401 1580 470 illa,
1617 418 1743 474 quae
1771 400 1931 457 fratri
1962 402 2015 469 Α
2047 399 2477 468 tos;ubinulla,
2494 399 2880 458 sicuteisdem
2899 399 3108 458 litteris
3123 401 3688 475 vestrisreperimus,

274 489 592 546 Hincmaro
613 495 1000 556 concesserat,
1032 490 1119 545 vel
1153 508 1280 562 quae
1311 491 1435 548 sedi
1469 491 1712 563 propria;
1747 507 1928 546 reser-

270 584 458 657 varat,
493 596 665 650 agere
703 579 1099 635 tentavissset.
1135 580 1246 636 Sed
1275 580 1391 648 ille,
1424 598 1551 653 quas
1586 581 1795 636 borum
1824 598 1929 637 suo

273 667 467 745 libgitui
501 667 690 723 favere
721 669 1042 740 conspexit,
1063 669 1327 724 omnium
1360 670 1577 726 notitiae
1609 669 1882 742 patefecit
1913 686 1925 725 :

272 774 404 828 quae
455 760 651 812 autem
701 757 857 813 sedis
907 762 1047 812 sunt
1091 759 1419 830 apostolicaa
1469 764 1759 814 reservata
1783 757 1926 830 juri,

273 851 622 902 cunctorum
657 845 879 901 notioni
911 847 1208 902 subduxit.
1245 849 1563 903 Testantur
1592 847 1700 903 hoc
1729 865 1928 903 exem-

272 935 462 1008 plaria
493 935 757 1006 ejusdem
791 934 1241 1008 privilegii,quae
1274 937 1346 990 ab
1375 952 1440 992 eo
1473 940 1611 993 sunt
1631 937 1701 992 ad
1727 937 1922 993 sedem

270 1023 655 1096 apostolicam
689 1024 915 1079 diverso
943 1028 1203 1096 tempore
1235 1023 1436 1080 missa.
1467 1027 1761 1090 Quantum
1793 1043 1925 1081 vero

269 1113 408 1168 talis
439 1112 790 1184 scriptorum
813 1113 1147 1184 depravatio
1169 1129 1232 1168 ac
1258 1113 1547 1169 niutilatio
1573 1119 1795 1181 noceat,
1814 1115 1922 1187 ipsi

259 1203 391 1273 jam
435 1201 709 1274 potuistis
752 1202 1068 1267 advertere,
1101 1202 1200 1274 qui
1253 1201 1309 1258 in
1361 1203 1604 1258 concilio
1661 1203 1922 1259 videntes

267 1293 538 1364 quaedam
572 1290 758 1363 ipsius
792 1290 1113 1356 constituti,
1144 1291 1314 1346 sicuti
1346 1295 1536 1347 vestro
1559 1291 1744 1346 relatu
1777 1291 1923 1348 didi-

266 1379 482 1448 cimus,
517 1380 784 1451 quzedam
821 1396 954 1435 vero
1002 1397 1118 1435 non
1167 1379 1452 1448 videntes,
1481 1385 1734 1452 coeptum
1768 1380 1922 1437 circa

266 1485 582 1541 oppressos
615 1469 775 1541 piurr.
807 1467 1067 1524 laborem
1093 1467 1353 1524 deterriti
1378 1468 1574 1524 minus
1596 1470 1916 1540 perfectum

265 1557 600 1613 deseruisse
648 1574 804 1612 nunc
851 1558 1362 1631 dignosceremini,
1399 1557 1511 1612 nisi
1562 1559 1778 1614 nestris
1822 1559 1917 1614 in-

253 1646 470 1701 structi
505 1646 762 1715 monitis,
787 1651 845 1702 et
875 1647 1093 1703 nostris
1126 1647 1342 1702 ibidem
1374 1647 1678 1704 confortati
1705 1648 1915 1704 litteris

253 1734 693 1790 inveniremini.
717 1735 954 1791 Miserat
983 1736 1140 1790 enim
1174 1753 1324 1808 saepe
1347 1742 1706 1792 memoratus
1730 1737 1911 1794 antis-

247 1827 364 1891 tes,
380 1823 625 1896 egregiae
656 1823 1077 1880 recordationis
1099 1825 1390 1880 decessori
1415 1842 1543 1880 meo
1565 1842 1669 1898 per
1689 1827 1907 1899 scripta

244 1929 379 1978 sua,
399 1913 553 1984 quod
569 1913 742 1968 iidem
758 1911 952 1968 clerici
967 1913 1038 1967 ad
1061 1913 1284 1970 vicinos
1306 1913 1612 1986 episcopos
1631 1932 1904 1986 provoca-

241 2003 455 2068 verint,
481 2007 685 2058 contra
710 2019 772 2057 se
803 2001 1069 2058 libellum
1102 2002 1580 2074 proclamationis
1612 2004 1898 2072 dederint,

237 2091 476 2162 judices
508 2091 620 2146 sibi
653 2091 763 2164 ipsi
814 2089 1116 2164 elegerint,
1153 2095 1208 2146 et
1238 2096 1464 2158 caetera,
1499 2110 1626 2164 quae
1658 2092 1899 2166 longum

241 2184 335 2234 est
369 2195 700 2248 numerare,
737 2179 1184 2253 signiﬁcans.At
1211 2179 1310 2236 ille
1341 2181 1625 2237 divinitus
1653 2181 1900 2253 inspira-

244 2271 365 2335 tus,
392 2267 443 2323 ei
479 2269 843 2325 rescribens:
880 2269 960 2336 Si,
993 2269 1206 2342 inquit,
1239 2269 1321 2326 ita
1349 2275 1458 2339 est,
1491 2275 1804 2342 nostroque
1835 2275 1900 2326 ut

243 2355 482 2428 scriptis
504 2355 843 2428 praesulatui
875 2358 1182 2427 intimasti,
1213 2363 1270 2413 et
1299 2364 1597 2432 gestorum
1630 2359 1776 2415 serie
1807 2360 1900 2415 de-

243 2446 592 2501 monstrasti
626 2447 802 2518 (quod
826 2448 1003 2502 frater
1033 2448 1341 2504 Hicmarus
1373 2448 1443 2504 de
1475 2453 1630 2504 textu
1665 2449 1896 2521 penitus

239 2533 466 2604 erasit),
493 2539 647 2590 ratas
670 2537 903 2591 easdem
935 2537 1312 2605 (subauditur
1340 2536 1738 2608 difﬁnitiones)
1763 2554 1897 2609 apo-

240 2622 454 2679 stolica
484 2623 1082 2696 promulgamus,non
1105 2625 1162 2680 in
1188 2625 1485 2692 omnibus,
1511 2631 1576 2680 ut
1596 2625 1719 2698 ipse
1737 2627 1896 2681 addi-

239 2712 352 2777 dit,
379 2712 500 2768 fore
523 2713 885 2781 auctoritate,
915 2731 1260 2786 semperque
1291 2731 1525 2770 manere
1555 2714 1890 2773 statuimus.

235 2800 460 2856 Deinde
479 2802 860 2873 subjunctum
885 2807 991 2871 est,
1008 2804 1164 2875 quod
1183 2804 1306 2876 ipse
1326 2804 1494 2875 longe
1517 2803 1686 2858 aliter
1707 2809 1894 2859 muta«

229 2889 321 2945 vit
350 2891 636 2962 scribens,
671 2896 734 2946 ut
759 2891 893 2946 inde
925 2892 1171 2964 qumstio
1199 2892 1379 2948 nullis
1413 2892 1729 2964 aliquando
1751 2897 1892 2948 tem-

233 2979 483 3052 poribus
514 2981 758 3035 oriatur.
791 2981 954 3036 Nunc
1005 2985 1198 3036 autem
1249 2998 1382 3036 cum
1428 2982 1510 3037 ita
1538 2999 1652 3036 non
1688 2981 1888 3049 fuisse,

232 3073 358 3123 tam
384 3086 418 3122 a
441 3069 631 3135 nobis,
660 3086 838 3141 quam
864 3088 897 3125 a
928 3074 1128 3126 sancto
1159 3070 1404 3126 concilio
1435 3075 1624 3127 vestro
1656 3071 1888 3126 exstite-

2041 489 2383 562 disceptatio
2415 490 2678 562 provenit
2712 507 2724 545 :
2761 490 2944 555 nulla,
2979 490 3130 546 sicut
3176 495 3444 562 putatum
3479 493 3685 562 fuerat,

2039 579 2287 635 varietas
2347 579 2464 635 alia
2517 585 2691 651 atque
2747 579 2862 634 alia
2921 580 3360 636 defendentium
3427 581 3685 638 accidit:

2039 667 2240 724 nullus
2267 672 2588 733 accusator,
2614 667 2813 724 nullus
2845 669 3264 724 condemnator
3281 673 3544 741 repertus
3563 674 3682 725 est:

2039 756 2140 810 sed
2173 761 2518 812 cunctorum
2551 771 2668 812 una
2715 758 3036 829 eademque
3077 758 3384 826 sententia,
3419 763 3594 829 atque
3623 757 3682 812 in

2036 845 2403 902 restitutione
2452 845 2714 918 ipsorum
2767 846 3038 902 difﬁnitio
3079 845 3306 913 claruit,
3343 846 3563 901 eisdem
3590 847 3684 902 in-

2037 934 2226 989 noxiis
2257 951 2290 990 a
2320 940 2664 991 cunctorum
2723 935 3107 992 unanimitate
3168 933 3358 990 modis
3405 936 3682 991 omnibus

2036 1023 2390 1094 approbatis.
2416 1025 2762 1095 Quanquam
2788 1041 2888 1079 vos
2920 1041 3026 1080 nos
3057 1022 3291 1095 egeritis
3323 1022 3679 1089 solemniter,

2035 1111 2278 1166 minime
2318 1113 2641 1168 secundum
2691 1114 2846 1184 quod
2898 1130 3004 1168 nos
3059 1113 3525 1176 decreveramus,
3557 1112 3682 1166 sedi

2033 1200 2360 1271 apostolicae
2393 1200 2565 1272 plena
2616 1201 2892 1257 relatione
2943 1201 3239 1256 actionum
3289 1199 3499 1255 seriem
3531 1217 3681 1256 rese-

2031 1294 2227 1344 rantes
2253 1306 2264 1343 :
2300 1290 2442 1345 adeo
2475 1293 2539 1344 ut
2568 1292 2990 1362 propemodum
3022 1289 3209 1362 ipsius
3241 1289 3416 1345 vestri
3447 1288 3677 1344 concilii

2029 1378 2210 1450 gestis
2229 1377 2563 1450 incognitis,
2580 1380 2649 1435 ad
2669 1380 3076 1435 difﬁniendum
3094 1380 3234 1452 quid
3255 1381 3324 1435 de
3337 1396 3488 1451 saepe
3501 1378 3678 1434 dicto-

2028 1484 2158 1522 rum
2178 1467 2523 1524 clericorum
2544 1472 2698 1524 statu
2732 1486 2875 1541 pene
2907 1469 3356 1540 retraheremur,
3375 1468 3488 1524 nisi
3511 1468 3675 1524 labor

2028 1556 2522 1626 praedecessorum
2537 1559 3051 1629 nostrorum,apud
3071 1576 3178 1613 nos
3196 1558 3255 1612 in
3276 1575 3468 1613 rerum
3487 1560 3674 1629 gesta-

2024 1661 2156 1700 rum
2210 1645 2518 1718 scripturis
2567 1647 2855 1714 inventus,
2890 1664 2996 1702 nos
3027 1649 3097 1703 ad
3131 1664 3192 1703 se
3222 1647 3458 1702 tandem
3499 1647 3671 1718 perﬁ-

2023 1732 2295 1790 ciendum
2328 1734 2577 1806 pleniter
2606 1735 2941 1792 animasset.
2978 1736 3268 1792 Debuistis
3298 1736 3477 1803 enim,
3497 1735 3669 1806 quid-

2020 1823 2161 1894 quid
2186 1824 2255 1879 de
2277 1824 2532 1880 Ebbonis
2563 1825 2904 1896 dejectione,
2928 1825 3298 1893 relevatione,
3324 1825 3538 1880 horum
3561 1824 3672 1880 cle-

2015 1911 2267 1968 ricorum
2299 1913 2683 1984 promotione,
2700 1918 2756 1968 et
2777 1911 2962 1984 ipsius
2983 1913 3238 1968 Ebbonis
3257 1914 3464 1969 iterata
3486 1912 3672 1985 repul-

2013 2000 2196 2068 sione,
2261 2002 2333 2056 ad
2391 2000 2688 2072 aliamque
2769 2001 3073 2056 ecclesiam
3147 2002 3517 2072 migratione,
3578 2001 3668 2057 vel

2014 2089 2404 2161 undecunque
2453 2089 2534 2144 ibi
2584 2090 2889 2162 quippiam
2948 2090 3292 2146 ventilatum
3347 2095 3454 2159 est,
3487 2091 3664 2147 nobis

2013 2178 2231 2250 scripto
2263 2179 2643 2244 unanimiter,
2674 2178 2938 2250 pleniter,
2967 2195 3030 2233 ac
3063 2176 3312 2233 ﬁdeliter
3343 2178 3614 2234 intimare
3645 2196 3658 2235 :

2009 2283 2124 2322 non
2149 2266 2339 2322 solum
2364 2272 2558 2323 autem
2583 2267 2752 2323 nobis
2776 2267 3068 2334 intimare,
3087 2283 3292 2322 verum
3323 2265 3496 2322 etiam
3530 2285 3656 2324 mo-

2008 2356 2308 2412 numentis
2332 2356 2614 2412 insertum
2635 2357 2708 2411 ad
2731 2356 3045 2428 pleniorem
3065 2371 3242 2428 penes
3260 2373 3365 2411 nos
3384 2355 3652 2412 notitiam

2004 2448 2059 2500 et
2081 2445 2491 2501 certitudinem
2519 2462 2829 2501 reservare.
2857 2445 2967 2501 Sed
3000 2445 3138 2517 quia
3165 2444 3272 2500 hoc
3295 2443 3652 2517 negligentia

2004 2534 2467 2604 praetermissum
2484 2538 2591 2603 est,
2611 2534 2818 2590 saltem
2844 2552 2996 2589 nunc
3022 2534 3180 2588 omni
3203 2533 3504 2607 diligentia
3523 2551 3651 2606 pro-

2003 2628 2222 2692 curate,
2260 2628 2324 2678 ut
2363 2641 2724 2695 quazcunque
2757 2641 2934 2695 super
2965 2623 3072 2678 hac
3104 2640 3163 2678 re
3195 2624 3432 2695 scripta,
3464 2627 3584 2678 tam
3618 2641 3651 2678 a

2003 2713 2172 2768 nobis
2193 2713 2354 2784 prius
2372 2717 2428 2768 et
2444 2730 2617 2779 nunc,
2642 2729 2818 2783 quam
2837 2730 2870 2766 a
2886 2711 3048 2767 vobis
3079 2712 3235 2767 edita
3256 2711 3645 2783 reperiuntur,

2001 2805 2057 2856 et
2079 2801 2219 2872 quid
2252 2801 2388 2857 hinc
2422 2800 2802 2872 coepiscopus
2833 2800 3204 2867 l-Iincmarus,
3237 2804 3293 2856 et
3324 2800 3407 2854 illi
3439 2801 3647 2871 dejecti

2000 2889 2192 2944 clerici
2212 2890 2335 2945 sedi
2353 2888 2682 2961 apostolicae
2702 2889 3104 2962 suggesserint
3124 2892 3300 2960 atque
3322 2888 3642 2957 retulerint,

1998 2977 2539 3034 involumenunum
2559 2979 2760 3034 ordine
2782 2996 2897 3050 quo
2921 2978 3103 3033 missa
3123 2982 3261 3034 sunt
3283 2978 3642 3051 redigantur,

1997 3072 2054 3122 et
2081 3068 2408 3140 apostolicae
2441 3068 2585 3135 sedi,
2622 3071 2684 3121 ut
2715 3072 3048 3139 competens
3080 3071 3189 3135 est,
3236 3067 3401 3123 vobis
3441 3084 3643 3122 eorum

231 3155 312 3211 rit
342 3158 810 3229 comprobatum,
846 3159 999 3229 quod
1033 3141 1642 3231 suggesseratomerito
1663 3161 1722 3215 in
1757 3161 1885 3214 irri-
1918 3144 1961 3213 C
1997 3155 2428 3228 exemplaribus
2461 3157 3038 3223 reservatis,summo
3063 3157 3256 3212 studio
3289 3157 3638 3230 dirigantur.

229 3250 363 3302 tum
385 3247 627 3302 ductum
651 3252 760 3315 est,
777 3248 933 3318 quod
965 3252 1167 3303 contra
1197 3249 1450 3319 dejectos
1473 3266 1585 3304 non
1612 3249 1890 3322 simplici-

226 3339 324 3391 ter
370 3336 801 3408 impetraverat.
836 3337 946 3392 Sed
1008 3337 1078 3392 ad
1137 3338 1501 3410 propositum
1556 3340 1888 3394 redeamus.

233 3424 429 3497 Igitur
458 3425 697 3481 tandem
742 3426 1058 3498 aliquando
1088 3426 1313 3483 clericis
1345 3444 1496 3499 saape
1527 3429 1886 3496 memoratis,

230 3513 337 3585 qui
386 3527 620 3586 semper
649 3515 720 3568 ad
754 3515 1130 3586 apostolicam
1182 3517 1379 3571 sedem
1429 3515 1888 3588 appellaverunt,

231 3601 413 3657 etiam
429 3603 599 3658 nobis
620 3603 826 3658 litteris
851 3603 974 3659 suis
999 3621 1101 3676 pro
1119 3604 1437 3676 dejectione
1459 3622 1566 3660 sua
1590 3605 1892 3677 querimo-

232 3691 398 3746 niam
432 3693 876 3763 exponentibus,
909 3709 1025 3748 non
1058 3693 1169 3748 fuit
1193 3693 1759 3761 dissimulandi,non
1779 3695 1891 3750 fuit

233 3779 412 3834 nobis
443 3781 673 3836 tacendi
719 3780 981 3848 libertas,
1014 3782 1227 3853 quibus
1258 3784 1446 3854 major
1475 3784 1702 3840 cunctis
1733 3784 1890 3839 Chri-

234 3869 443 3924 stianae
477 3868 775 3942 religionis
827 3870 986 3927 zelus
1017 3871 1326 3926 incumbit.
1359 3874 1439 3927 Ac
1469 3873 1598 3928 ideo
1629 3875 1886 3945 primum

232 3956 480 4029 quidem
517 3958 678 4013 fratri
709 3963 765 4014 et
795 3959 1136 4032 coepiscopo
1167 3963 1366 4016 nostro
1396 3961 1710 4017 Hincmaro
1732 3963 1890 4018 misi-

231 4061 392 4113 mus,
429 4045 514 4101 uti
563 4052 1052 4104 commemoratos
1091 4049 1263 4118 viros,
1301 4050 1597 4105 Wll'adum
1645 4051 1885 4118 scilicet,

227 4134 608 4208 collegasque
638 4136 848 4208 ipsius,
881 4137 1154 4194 clementi
1195 4139 1392 4194 animo
1433 4139 1692 4195 studeret
1721 4142 1792 4196 ad
1825 4157 1886 4198 se

229 4240 524 4292 revocare,
550 4225 930 4298 depositaque
947 4227 1105 4282 omni
1129 4227 1393 4284 funditus
1416 4229 1886 4297 animositate,de

226 4313 606 4369 restitutione
628 4315 890 4386 ipsorum
911 4333 1109 4372 secum
1134 4317 1383 4373 fraterne
1405 4322 1886 4390 tractaret,atque

227 4401 690 4458 misericorditer
731 4421 1142 4461 consummare
1189 4408 1581 4474 contenderet,
1623 4407 1884 4479 alioquin

1999 3246 2159 3309 Quod
2204 3263 2336 3300 cum
2389 3245 2697 3317 diligenter
2745 3249 2940 3300 actum
2990 3246 3184 3314 fuerit,
3217 3250 3356 3301 tunc
3387 3247 3642 3318 profecto

1998 3335 2166 3407 plene
2187 3336 2332 3390 scire
2355 3352 2671 3406 possumus
2703 3339 2912 3390 cuncta
2939 3352 3038 3390 vos
3057 3335 3116 3390 in
3140 3335 3381 3391 concilio
3407 3341 3642 3391 strenue

1997 3424 2292 3496 peregisse
2324 3441 2337 3479 :
2371 3428 2427 3480 et
2457 3425 2609 3496 quod
2644 3423 2925 3479 bactenus
2955 3423 3244 3480 omissum
3275 3429 3383 3491 est,
3416 3424 3526 3479 hoc
3555 3441 3643 3479 0r-

1999 3513 2134 3568 dine
2165 3513 2394 3569 Christo
2416 3515 2662 3586 juvante
2713 3513 3170 3585 recuperabitur.
3205 3514 3266 3570 In
3300 3531 3414 3586 quo
3444 3518 3641 3569 tamen

1999 3603 2221 3673 agendo
2252 3601 2639 3658 venerabilem
2670 3602 2973 3658 Wlfadum
3023 3621 3138 3675 prae
3183 3603 3405 3658 caeteris
3451 3603 3640 3658 abun-

1998 3691 2322 3747 dantiorem
2380 3692 2648 3748 convenit
2704 3709 2905 3747 curam
2954 3693 3228 3765 arripere.
3262 3691 3480 3748 Deinde
3509 3707 3642 3747 vero

1996 3780 2267 3836 volumus
2289 3798 2389 3836 vos
2409 3797 2537 3837 esse
2567 3780 2866 3849 sollicitos,
2893 3785 2956 3837 ut
2975 3781 3024 3838 si
3047 3782 3117 3838 de
3143 3785 3346 3838 cetero
3369 3781 3481 3837 tale
3500 3781 3641 3853 quid

1997 3871 2141 3926 forte
2175 3869 2483 3942 contigerit
2513 3871 2762 3935 evenire,
2796 3888 2900 3942 pro
2932 3888 3046 3942 quo
3079 3875 3425 3927 conventum
3459 3870 3517 3924 in
3549 3887 3642 3925 re-

1996 3959 2271 4032 gionibus
2302 3960 2509 4014 vestris
2543 3959 2667 4013 fieri
2699 3959 3066 4015 sacerdotum
3094 3959 3642 4031 prazcipiamus,hoc

1995 4047 2149 4103 inter
2197 4052 2406 4103 caetera
2454 4047 2597 4103 nulli
2641 4047 2875 4118 penitus
2908 4047 3183 4102 oblivioni
3214 4047 3457 4102 tradatis
3491 4063 3503 4100 ε
3539 4048 3640 4102 sed

1994 4142 2128 4208 post
2155 4137 2354 4192 omnia
2383 4137 2438 4190 id
2473 4153 2642 4208 agere
2675 4136 2967 4207 majorum
3014 4153 3173 4192 more
3211 4134 3640 4191 studiosissime

1995 4225 2300 4298 satagatis.
2333 4225 2565 4281 Arridet
2595 4228 2791 4282 autem
2834 4225 2972 4280 huic
3006 4224 3409 4280 unanimitatis
3438 4229 3638 4279 vestrae

1995 4314 2298 4372 sententias
2311 4319 2487 4386 atque
2501 4314 2836 4370 difﬁnitioni
2851 4314 3024 4370 etiam
3043 4313 3235 4369 fratris
3247 4318 3303 4368 et
3315 4312 3640 4385 coepiscopi

1994 4405 2177 4462 nostri
2209 4404 2502 4460 Hincmari
2538 4403 2852 4476 professio:
2876 4403 3013 4475 quia
3037 4420 3151 4459 non
3185 4401 3374 4458 solum
3405 4401 3637 4457 eosdem

226 4491 297 4544 ad
336 4490 657 4546 concilium
687 4493 1011 4559 vobiscum,
1045 4495 1262 4566 quibus
1293 4499 1348 4550 et
1381 4514 1485 4551 nos
1518 4513 1751 4568 quoque
1781 4515 1884 4569 pro
1917 4517 1962 4580 D
1994 4496 2222 4560 fratres,
2256 4498 2313 4549 et
2347 4498 2519 4549 antea
2548 4509 2608 4548 se
2641 4493 2886 4548 minime
2917 4493 2988 4548 ab
3021 4490 3210 4548 ofﬁcio
3239 4491 3637 4563 suspendisse,

226 4577 339 4635 hoc
372 4579 502 4652 ipso
551 4582 921 4654 scripsimus,
955 4583 1131 4638 simul
1191 4590 1558 4652 occurreret;
1592 4590 1884 4657 quatenus

225 4685 439 4724 omnes
464 4671 520 4724 in
545 4688 728 4726 unum
753 4672 1397 4741 convenientes,causas
1415 4676 1752 4731 eorumdem
1767 4674 1885 4730 cle-

223 4758 488 4813 ricorum
548 4761 979 4828 examinaretis,
1011 4766 1069 4817 et
1126 4779 1241 4818 non
1302 4763 1499 4834 aliqua
1557 4769 1886 4835 emergente

223 4847 674 4919 disceptatione,
701 4849 817 4905 Deo
842 4868 956 4922 prae
987 4851 1172 4907 oculis
1199 4852 1417 4921 habito,
1439 4853 1771 4908 difﬁniretis
1796 4870 1807 4906 :
1836 4853 1884 4908 si

220 4952 360 4999 vero
393 4935 670 5008 quaslibet
718 4939 871 4994 inter
917 4945 1112 5010 partes
1160 4941 1504 5013 disceptatio
1536 4943 1882 5013 proveniret,

221 5025 290 5079 ad
321 5026 525 5080 sedem
545 5027 924 5098 apostolicam
952 5035 1216 5085 nostrum
1244 5037 1604 5102 susceptura?
1635 5032 1883 5103 speciale

215 5112 511 5182 judicium
547 5132 805 5187 personae
836 5118 990 5174 vices
1035 5123 1302 5175 tenentes
1351 5120 1660 5192 utriusque
1685 5121 1882 5178 lateris

216 5204 622 5260 convenirent.
675 5207 798 5272 Quo
853 5207 954 5262 Dei
1013 5208 1213 5280 gratiae
1262 5209 1566 5279 juvamine
1628 5215 1881 5284 peracto,

218 5293 603 5364 suscepimus
635 5313 794 5351 nunc
825 5296 1048 5353 litteras
1087 5298 1509 5370 amplectenda:
1557 5298 1885 5355 dilectionis

219 5380 498 5435 omnium
521 5389 800 5453 vestrum,
826 5385 1307 5443 manifestissime
1331 5387 1760 5460 signiﬁcantes,
1772 5405 1890 5443 cre-

225 5467 334 5522 bro
358 5477 736 5553 ‘memoratos
781 5475 1022 5532 clericos
1043 5493 1077 5532 a
1098 5477 1278 5533 totius
1309 5494 1566 5534 consona
1592 5494 1727 5534 voce
1755 5495 1889 5534 con-

229 5557 354 5614 cilii
377 5559 590 5635 dignos
608 5555 900 5636 graduum
921 5582 1166 5624 suorum
1200 5567 1523 5641 receptione
1553 5567 1890 5644 pronuntia-

563 5689 826 5757 PATROL.
872 5693 1081 5756 CXIX.

1992 4586 2079 4641 vel
2101 4584 2422 4657 judicasse,
2450 4582 2896 4654 autagradibus
2928 4581 3187 4653 ejecisse,
3209 4580 3328 4635 sive
3359 4580 3419 4635 in
3452 4579 3641 4651 repul-

1995 4675 2157 4730 sione
2189 4674 2450 4745 ipsorum
2485 4670 2936 4743 subscripsisse;
2959 4688 3159 4727 verum
3191 4669 3366 4725 etiam
3397 4673 3453 4725 et
3485 4687 3641 4724 nunc

1995 4764 2068 4819 ad
2101 4764 2411 4835 synodum,
2448 4760 2602 4816 sicut
2631 4777 2736 4816 nos
2770 4759 3176 4832 pracepimus,
3209 4759 3566 4826 convenisse,
3588 4763 3644 4813 et

1996 4853 2087 4907 bis
2120 4869 2246 4922 quae
2278 4852 2348 4906 de
2381 4849 2745 4905 restitutione
2805 4849 3041 4906 illorum
3101 4849 3290 4904 CHEtC’I‘l
3349 4848 3642 4904 antistites

1995 4957 2346 4996 consenseru
2359 4943 2438 5008 nt,
2464 4937 2832 5010 paratissime
2855 4939 3218 5008 annuisse,et
3240 4939 3642 5008 obtemperare

1993 5046 2230 5084 curasse
2254 5033 2522 5092 testatur,
2548 5028 2719 5097 cujus
2735 5028 2908 5082 etiam
2929 5045 3141 5083 nomen
3161 5027 3216 5082 in
3238 5027 3484 5099 epistola
3507 5044 3642 5097 syn-

1992 5119 2159 5174 odica
2190 5117 2367 5187 (sicut
2396 5120 2597 5171 nostra
2628 5115 2830 5172 relatio
2862 5116 3126 5184 indicat),
3149 5135 3263 5172 una
3294 5134 3428 5171 cum
3463 5114 3644 5169 nomi-

1994 5208 2170 5262 nibus
2200 5205 2430 5273 vestris,
2467 5205 2566 5277 qui
2595 5204 2770 5260 simul
2816 5206 3157 5261 convenisse
3204 5201 3639 5277 dignoscimini,

1993 5297 2212 5370 puriter
2242 5295 2566 5367 ascriptum
2599 5294 2902 5350 inventum
2924 5301 3031 5352 est.
3056 5295 3200 5351 Illud
3232 5299 3424 5349 tamen
3457 5290 3642 5346 ridere

1997 5386 2352 5457 libuit,quod
2373 5385 2527 5439 idem
2546 5385 2790 5441 antistes
2809 5386 3010 5440 crebro
3028 5387 3378 5439 memoratos
3402 5379 3641 5434 clericos

1997 5475 2070 5532 ab
2101 5475 2290 5531 ofﬁcio
2321 5491 2382 5530 se
2414 5472 2657 5529 minime
2688 5474 3086 5548 suspendisse,
3116 5470 3200 5527 vel
3216 5469 3646 5542 judicasse,aut

1999 5585 2034 5624 a
2053 5565 2333 5643 gradibus
2356 5562 2598 5640 ejecisse
2614 5563 2829 5622 fatetur
2852 5581 2864 5619 :
2889 5560 3212 5638 praesertim
3232 5575 3368 5616 cum
3390 5558 3511 5617 haec
3528 5575 3644 5618 non

3248 5688 3326 5752 35
