4058 6174
470 272 625 334 1099

1835 269 2146 332 NICOLAI
2191 268 2420 329 ΡΑΡιΕ
2464 269 2510 329 Ι.

3732 276 3886 335 1100

455 407 695 462 veritate
727 405 872 462 fulta
894 406 1097 463 multis
1118 424 1246 464 esse
1274 408 1555 479 probatur
1576 406 1835 472 indiciis,
1859 423 1984 478 quae
2009 422 2104 459 su-
2137 402 2189 468 Α
2221 402 2355 457 bere
2386 401 2623 458 clericos
2655 403 2726 458 ab
2753 403 3062 458 ordinibus
3095 404 3220 460 suis
3252 404 3535 461 canonice
3568 405 3755 461 fuisse
3787 409 3881 462 de-

463 495 659 567 perius
702 497 1046 552 summatim
1094 496 1418 568 tetigimus,
1450 501 1508 553 et
1540 514 1694 553 nunc
1727 514 1794 552 ea
1823 495 1910 552 vel
1945 496 2115 568 plura

467 600 924 641 commemorare
980 585 1174 640 studio
1224 585 1526 641 brevitatis
1578 586 1932 642 omittimus.
1968 586 2114 640 Nam

467 673 582 728 nisi
603 672 698 728 ille
719 690 838 739 eos,
854 673 1030 728 etiam
1049 678 1180 728 ante
1202 691 1436 729 omnem
1455 674 1902 741 audientiam,et
1923 674 2113 729 adhuc

471 778 606 817 cum
638 763 709 816 ad
741 779 803 817 se
832 778 947 816 non
984 767 1350 829 accusantes,
1385 763 1485 818 sed
1521 763 1982 819 miscricordiam
2012 779 2112 834 po-

471 849 756 906 stulantes
777 851 1148 917 accesserint,
1174 853 1245 907 ab
1277 852 1468 908 officio
1501 852 1838 925 suspendit:
1865 853 2004 924 quid
2027 854 2116 906 est

471 939 626 1008 quod
651 938 708 991 in
731 938 877 995 actis
909 939 1136 994 concilii
1165 940 1279 1007 sui,
1305 942 1458 1013 quod
1489 941 1614 1014 ipse
1644 942 1715 998 ad
1749 942 1944 997 sedem
1977 957 2114 1012 apo-

471 1024 739 1081 stolicam
763 1027 944 1093 misit,
971 1029 1042 1082 ab
1065 1044 1130 1082 eo
1159 1029 1432 1100 suspensi
1456 1030 1527 1084 ab
1561 1029 1750 1084 officio
1784 1029 1964 1084 fuisse
1993 1045 2112 1082 me-

471 1114 815 1170 morantur?
827 1116 1043 1187 quibus
1055 1133 1189 1171 cum
1213 1121 1411 1172 tacens
1431 1117 1716 1190 nihilipse
1732 1117 2112 1189 responderit,

469 1203 606 1274 quid
633 1203 814 1272 aliud,
841 1205 951 1259 nisi
974 1223 1107 1261 vera
1129 1223 1226 1260 eos
1249 1211 1607 1277 prosecutos,
1636 1205 1868 1261 silentio
1893 1223 1997 1262 suo
2020 1205 2117 1260 tri-

468 1292 596 1348 buit
625 1297 893 1366 patenter
921 1295 1216 1368 intelligi?
1248 1297 1316 1350 Et
1344 1312 1374 1350 c
1405 1295 1631 1352 diverso
1665 1295 1745 1350 illi
1794 1313 1971 1367 super
1999 1311 2112 1367 quo

469 1382 734 1454 querelas
771 1401 908 1439 suas
947 1385 1148 1440 crebro
1183 1385 1335 1440 dicto
1367 1389 1580 1440 sancta:
1614 1385 1908 1440 memoriae
1938 1385 2112 1439 Leoni

469 1489 629 1544 papaa
658 1472 1012 1528 mittebant?
1042 1471 1127 1528 vel
1162 1490 1356 1545 quem,
1379 1474 1491 1529 nisi
1525 1491 1681 1542 eum,
1703 1491 1877 1529 suum
1905 1473 2116 1545 impul-

469 1577 662 1616 sorem
693 1579 726 1616 a
755 1561 1035 1632 gradibus
1075 1562 1346 1634 propriis,
1377 1566 1433 1618 et
1463 1563 1741 1618 infestum
1775 1562 1908 1631 sibi,
1940 1579 2113 1635 quem

470 1649 885 1705 circaseveluti
902 1653 1124 1721 patrem
1150 1651 1470 1724 benignum
1495 1652 1783 1707 debebant
1803 1668 2113 1724 cognosce-

470 1755 549 1805 re,
566 1739 853 1810 frequenti
878 1737 1153 1794 relatione
1177 1741 1546 1812 pandebant?
1564 1745 1863 1796 Postremo
1883 1740 1993 1795 nisi
2019 1739 2115 1795 ille
2150 1775 2196 1838 B

469 1827 527 1879 in
551 1827 872 1897 dejectione
897 1828 1156 1899 ipsorum
1182 1829 1674 1901 subscripsit,imo
1698 1830 1807 1884 nisi
1834 1829 2012 1884 totius
2026 1830 2118 1884 de-

468 1915 775 1988 positionis
797 1935 999 1973 eorum
1023 1918 1230 1974 seriem
1256 1919 1379 1991 ipse
1402 1919 1658 1991 scripsit,
1686 1919 1826 1991 quid
1850 1923 1938 1974 est
1959 1919 2114 1990 quod

466 2006 518 2061 ei
551 2006 608 2060 in
652 2007 900 2062 subinde
955 2013 1274 2064 memorato
1337 2007 1658 2080 privilegio,
1693 2009 1846 2081 quod
1900 2007 2012 2063 sibi
2044 2008 2115 2063 ab

465 2094 785 2166 apostolica
808 2097 944 2152 sede
967 2097 1226 2152 roborari
1249 2097 1433 2169 petiit,
1461 2098 1640 2152 beata:
1690 2097 1985 2152 memoria:
2016 2097 2114 2152 de-

465 2200 662 2239 cessor
682 2201 849 2241 meus
871 2186 940 2240 ad
965 2202 1097 2241 eum
1119 2185 1386 2258 loquens,
1411 2189 1565 2257 quod
1592 2186 1714 2258 ipse
1739 2185 2118 2241 difﬁnitiones

464 2271 595 2327 illas
619 2273 676 2326 in
700 2275 920 2344 synodo
943 2291 1076 2330 cum
1100 2275 1323 2330 casteris
1345 2275 1635 2348 episcopis
1659 2275 1921 2341 collecta,
1948 2276 2119 2346 juxta

467 2361 807 2416 relationem
831 2363 1031 2434 utique
1055 2381 1222 2418 suam
1243 2364 1494 2436 propriis
1517 2365 1716 2436 digitis
1742 2363 2116 2430 roboraverit,

469 2451 856 2505 manifestat?
887 2452 1047 2514 Quod
1079 2451 1128 2506 si
1161 2451 1322 2517 dicit,
1343 2469 1647 2523 nunquam
1679 2470 1740 2508 se
1772 2453 1831 2506 in
1867 2453 1964 2507 illa
1990 2470 2120 2524 syn-

470 2539 580 2593 odo
611 2539 1051 2611 subscripsisse,
1085 2556 1220 2612 ergo
1282 2557 1384 2595 nec
1445 2541 1716 2596 decessor
1765 2545 1961 2596 noster
2010 2540 2118 2596 ali-

468 2643 645 2699 quam
677 2626 728 2682 ei
761 2628 1046 2700 synodum
1082 2627 1380 2700 privilegio
1412 2646 1517 2684 suo
1563 2629 1865 2684 ﬁrmavit?
1901 2629 2119 2701 quippe

477 2733 610 2772 cum
644 2716 768 2788 ipse
796 2733 946 2788 eam,
979 2734 1154 2790 quam
1187 2718 1528 2773 auctoritate
1559 2717 1874 2790 apostolica
1905 2717 2123 2774 stabili-

476 2806 576 2871 vit,
609 2806 860 2878 propriis
912 2806 1110 2879 digitis
1162 2806 1348 2878 ipsius
1410 2807 1742 2862 roboratam
1793 2807 2121 2879 specialiter

475 2894 658 2950 fuisse
690 2899 1124 2951 commemoret.
1160 2895 1344 2967 Igitur
1387 2896 1593 2950 fratres
1624 2894 1978 2963 charissimi,
2013 2912 2118 2951 nos

472 2985 529 3038 in
554 2985 922 3055 praefatorum
956 2983 1299 3040 clericorum
1332 2985 1701 3040 restitutione
1734 2985 1971 3056 gradus,
1999 3001 2119 3039 om-

472 3074 647 3129 nibus
664 3073 945 3128 hactenus
967 3073 1328 3146 argumentis
1352 3073 1458 3128 rite
1477 3073 1753 3140 collectis,
1773 3078 1828 3129 et
1849 3073 2113 3128 omnium

2214 490 2400 560 jcctos
2427 509 2438 558 ;
2471 489 2552 545 ita
2583 496 2646 546 ut
2677 491 2962 564 quidquid
2992 492 3167 548 habet
3197 492 3662 561 calumniarum,
3698 513 3881 567 prose-

2223 579 2439 649 quendi
2459 583 2516 634 et
2532 581 2884 652 exsequendi
2913 581 3026 636 sibi
3061 582 3137 637 sit
3165 581 3402 638 omnino
3437 583 3879 649 facultas.Quod

2223 666 2271 722 si
2294 668 2475 722 totius
2505 667 2683 739 hujus
2707 669 2843 724 anni
2866 670 3114 725 circuitu
3138 671 3389 743 dilapso,
3404 677 3611 728 contra
3643 689 3749 729 eos
3769 675 3884 730 nul-

2224 754 2340 811 lam
2355 757 2584 827 justam
2608 759 2761 829 apud
2796 760 2994 814 sedem
3027 760 3409 832 apostolicam
3443 762 3882 832 querimoniam

2223 847 2634 917 composuerit,
2671 863 2777 903 nec
2819 847 2950 904 illos
2999 854 3272 921 appetere
3304 851 3376 905 de
3408 867 3777 924 quocunque
3803 853 3881 910 vel

2223 935 2629 1007 cujuscunque
2689 941 2872 1003 reatu,
2933 937 3022 993 vel
3067 955 3330 1006 excessu,
3367 957 3468 995 seu
3501 941 3880 999 damnatione

2223 1022 2548 1092 studuerit;
2587 1024 2728 1096 ipsis
2762 1025 2999 1096 quidem
3031 1027 3306 1099 deinceps
3338 1028 3397 1082 in
3421 1029 3743 1086 ordinibus
3766 1049 3885 1104 per-

2225 1112 2622 1180 manentibus,
2656 1130 2764 1169 nos
2810 1115 3064 1186 profecto
3109 1115 3254 1170 nulli
3315 1119 3543 1189 corpori
3609 1119 3880 1177 dabimus

2223 1217 2480 1272 operam,
2517 1219 2622 1257 nec
2653 1201 2772 1258 ullo
2805 1207 2974 1274 pacto
3006 1222 3039 1259 a
3071 1221 3309 1260 summa
3339 1207 3719 1263 cessabimus
3752 1209 3882 1265 dili-

2222 1290 2437 1361 gentia,
2473 1291 2654 1346 donec
2683 1295 2785 1347 aut
2814 1291 2938 1364 ipse
2971 1311 3126 1348 nunc
3170 1293 3300 1349 illos
3342 1296 3505 1366 juste
3542 1300 3880 1370 comprobet

2222 1379 2543 1447 restitutos,
2569 1381 2844 1451 autjuste
2869 1397 2971 1452 per
2991 1399 3050 1437 se
3073 1384 3372 1454 quondam
3401 1388 3680 1441 ostendat
3702 1406 3881 1445 remo-

2221 1471 2332 1521 tos.
2356 1467 2626 1539 Alioquin
2650 1485 2756 1524 nos
2779 1470 3206 1542 subsequenter
3234 1472 3508 1529 exhibere
3543 1476 3754 1547 procul
3784 1479 3880 1533 du-

2223 1556 2317 1611 bio
2341 1557 2624 1624 convenit,
2647 1575 2759 1612 non
2785 1558 2976 1614 solum
3001 1577 3150 1631 saepe
3171 1560 3316 1616 fatos
3334 1561 3580 1618 clericos
3605 1568 3883 1636 przejudi-

2223 1644 2446 1700 cialiter
2461 1646 2683 1717 absque
2705 1663 2923 1702 canone
2946 1648 3018 1702 ab
3035 1648 3226 1704 ofﬁcio
3248 1657 3878 1722 sequestratos,verum

2225 1734 2399 1789 etiam
2432 1735 2822 1792 ordinatorem
2871 1753 3072 1792 eorum
3122 1737 3623 1814 inconvenienter,
3659 1761 3729 1799 ac
3760 1747 3879 1801 sine

2226 1823 2641 1895 consequentia
2672 1823 3088 1896 ecclesiastica,
3122 1828 3405 1900 regimine
3438 1833 3750 1903 prmsulari
3774 1836 3880 1906 pri-

2224 1917 2442 1967 vatum.
2475 1913 2636 1975 Quod
2678 1913 2846 1983 plane
2897 1921 3106 1987 praater
3136 1933 3270 1971 cum
3302 1917 3527 1990 nullus,
3566 1926 3632 1976 ut
3667 1939 3876 1991 remur,

2227 2001 2463 2056 omnino
2485 2001 2731 2068 dubitat,
2750 2001 2948 2058 nullus
2969 2004 3226 2076 profecto
3248 2023 3361 2060 non
3387 2008 3880 2082 praedicat,quan-

2225 2089 2537 2162 doquidem
2573 2094 2627 2145 et
2656 2090 2825 2146 nobis
2873 2091 2956 2146 ita
3003 2091 3200 2158 claret,
3235 2099 3525 2166 quantum
3570 2103 3874 2157 autumare

2226 2195 2562 2250 possumus,
2597 2179 3094 2250 quemadmodum
3135 2181 3226 2238 his
3258 2184 3358 2254 qui
3391 2183 3450 2239 in
3485 2185 3588 2240 illo
3621 2192 3875 2261 tempore

2226 2272 2435 2338 praesto
2470 2268 2650 2323 fuisse
2681 2275 3101 2324 memorantur.

2298 2355 2445 2410 Illud
2479 2360 2694 2423 tamen,
2721 2357 3074 2426 charissimi,
3103 2364 3578 2431 praetereundum
3603 2365 3761 2423 inter
3785 2386 3878 2424 ce-

2227 2449 2351 2498 tera
2373 2445 2491 2500 fore
2513 2462 2627 2499 non
2651 2445 2946 2512 duximus,
2973 2450 3129 2519 quod
3157 2456 3444 2520 quantum
3468 2453 3780 2511 relationis
3803 2476 3879 2513 ve-

2228 2538 2362 2589 stra:
2393 2534 2569 2589 series
2601 2534 2813 2602 innuit,
2840 2537 3038 2592 minus
3071 2544 3238 2594 caute
3265 2557 3442 2611 quam
3476 2546 3791 2602 sanximus
3807 2565 3882 2603 re-

2228 2623 2456 2695 gularia
2499 2623 2800 2678 constituti
2844 2627 3026 2680 nostri
3061 2629 3314 2683 exsecuti
3352 2630 3483 2686 sitis
3518 2633 3739 2690 edicta.
3774 2637 3880 2692 Nos

2230 2712 2593 2783 quippe,etsi
2619 2711 3038 2784 appellantium
3073 2717 3270 2772 sedem
3302 2720 3695 2789 apostolicam
3729 2724 3880 2780 cleri-

2229 2817 2450 2868 corum,
2471 2804 2528 2856 et
2556 2801 2626 2855 ad
2652 2801 2944 2872 judicium
2976 2804 3103 2873 ejus
3135 2807 3586 2877 provocantium
3620 2827 3875 2880 causam,

2228 2894 2464 2962 propter
2492 2891 2879 2945 amovendum
2903 2908 2936 2944 a
2956 2892 3119 2947 vobis
3140 2893 3473 2964 prolixioris
3495 2896 3769 2956 laborem
3790 2901 3878 2957 iti-

2229 2979 2405 3046 neris,
2430 2978 2548 3032 illic
2569 2979 2780 3046 audiri,
2805 2979 2887 3034 vel
2909 2981 3085 3036 etiam
3117 2983 3357 3038 difﬁniri
3389 2987 3871 3046 statuimusznon

2227 3071 2422 3124 tamen
2438 3085 2793 3140 quemquam
2808 3085 3008 3125 eorum
3026 3073 3508 3146 promovendum,
3524 3078 3616 3132 vel
3636 3080 3714 3134 ad
3738 3081 3872 3135 emi-

468 3167 730 3218 vestrum
761 3161 994 3217 hortatu
1026 3162 1316 3234 generatis
1338 3162 1616 3218 incitante
1637 3179 2114 3230 consensus,om-
2147 3142 2189 3208 (ἶ
2228 3157 2550 3213 nentiorem
2625 3158 2890 3213 ordinem
2975 3161 3412 3231 provehendum
3489 3165 3867 3236 indUISimUS.

469 3250 768 3306 nimodam
782 3249 1208 3306 conniventiam
1225 3251 1476 3323 praebere
1490 3251 1749 3323 potuisse
1765 3251 2113 3325 cognoscite.

470 3340 582 3396 Sed
604 3339 880 3411 quoniam
906 3357 1018 3395 non
1043 3341 1365 3395 secundum
1391 3341 1690 3396 decretum
1716 3345 1981 3396 nostrum
2015 3358 2115 3396 eo-

470 3446 600 3484 rum
619 3429 968 3485 examinatio
993 3447 1153 3485 mera
1173 3434 1230 3485 et
1254 3431 1507 3502 perfecta
1527 3430 1814 3486 discussio
1828 3429 2111 3502 provenit,

470 3534 575 3572 nec
600 3518 884 3589 promotio
916 3518 1001 3572 vel
1035 3519 1282 3588 abjectio
1313 3518 1575 3590 ipsorum
1608 3519 1666 3573 in
1699 3519 1961 3591 synodali
1984 3536 2115 3574 con-

466 3609 640 3660 ventu
676 3605 870 3677 qualis
902 3606 1092 3674 fuerit,
1120 3606 1342 3677 liquido
1367 3613 1590 3678 reperta
1610 3613 1718 3675 est,
1745 3624 1849 3663 nec
1881 3612 2114 3680 aposto-

469 3691 590 3746 lica
623 3694 745 3747 sedi
780 3693 1092 3748 sufﬁcienti
1129 3695 1312 3749 relatu
1343 3699 1699 3750 monstrata:
1736 3694 1947 3750 idcirco
1979 3712 2114 3767 pau-

469 3779 657 3834 lulum
681 3799 714 3836 a
733 3782 1197 3836 consummanda
1211 3782 1570 3838 restitutione
1589 3783 1848 3854 ipsorum
1875 3783 2109 3839 interim

469 3867 913 3925 deliberativum
945 3887 1297 3927 consensum
1329 3876 1593 3926 nostrum
1626 3889 1886 3930 coercere
1913 3891 2111 3930 neces-

468 3957 689 4014 sarium
721 3959 1016 4014 duximus.
1050 3959 1266 4015 Verum
1299 3959 1436 4032 quia
1467 3960 1525 4015 in
1571 3962 1932 4018 decernendo
1963 3968 2019 4018 et
2049 3963 2106 4019 in

457 4047 780 4119 judicando
838 4051 991 4121 quod
1051 4049 1327 4105 canonice
1383 4049 1766 4106 deliberatum
1813 4056 1921 4119 est,
1952 4069 2018 4107 ac
2049 4054 2107 4108 in

465 4137 842 4193 restituendis
873 4155 1023 4210 saepe
1053 4138 1226 4194 dictis
1254 4138 1498 4206 clericis,
1524 4144 1698 4212 atque
1729 4139 1786 4194 in
1811 4141 2104 4210 omnibus,

463 4225 581 4281 Deo
612 4228 898 4299 praeduce,
932 4227 1084 4283 sicut
1115 4229 1309 4283 decuit
1337 4232 1393 4283 et
1422 4230 1562 4284 ordo
1592 4230 1873 4301 poposcit,
1909 4236 2109 4287 nostra

461 4316 758 4386 praecessit
798 4317 1149 4384 auctoritas;
1185 4318 1534 4373 conveniens
1559 4335 1625 4373 ac
1657 4318 1966 4374 honestum
1997 4326 2104 4388 est,

463 4405 710 4475 utjuxta
730 4405 1182 4478 postulationem
1210 4411 1484 4473 vestram,
1519 4411 1728 4464 nostra:
1759 4409 2105 4465 firmationis

2227 3247 2724 3320 quemadmodum
2755 3263 2909 3302 nunc
2933 3248 3149 3305 factum
3181 3267 3308 3306 esse
3331 3257 3528 3308 vestro
3565 3256 3763 3313 favore
3785 3276 3871 3330 per

2225 3336 2643 3408 scriptavestra
2664 3336 2997 3392 didicimus.
3015 3337 3299 3394 Miramur
3322 3340 3570 3414 insuper
3586 3349 3645 3399 et
3667 3348 3868 3418 quaeri-

2224 3442 2652 3496 mus,quaenam
2673 3424 2771 3479 illa
2788 3425 2862 3480 sit
2879 3442 3112 3482 summa
3124 3428 3202 3483 rei
3215 3445 3412 3500 ,quam
3427 3448 3532 3486 vos
3551 3439 3768 3490 nostra:
3783 3454 3866 3491 au-

2223 3512 2474 3569 ctoritati
2534 3530 2860 3569 reservasse
2915 3516 3294 3586 praetenditis,
3327 3523 3384 3573 et
3417 3519 3572 3576 hanc
3620 3523 3865 3580 invenire

2224 3620 2338 3658 non
2371 3619 2708 3674 possumus.
2733 3603 2916 3666 Quam
2949 3603 3104 3659 enim
3137 3607 3305 3662 nobis
3355 3626 3662 3667 summam
3698 3631 3867 3670 reser-

2219 3691 2399 3747 vastis
2433 3691 2667 3763 negotii,
2696 3692 2869 3762 cujus
2894 3693 3036 3748 adeo
3069 3693 3243 3750 tinem
3272 3697 3596 3768 perducere
3618 3708 3864 3758 matura-

2222 3780 2349 3848 stis,
2375 3784 2438 3835 ut
2460 3779 2626 3835 nobis
2658 3779 3029 3848 inconsultis,
3053 3783 3228 3839 etiam
3253 3787 3612 3857 pastoralem
3645 3793 3862 3847 restitu-

2220 3870 2294 3925 tis
2316 3870 2575 3924 conferre
2598 3868 3052 3926 sollicitudinem
3084 3874 3426 3944 pateremini
3442 3877 3469 3931 ‘P
3491 3883 3548 3932 et
3574 3882 3676 3951 qui
3693 3882 3763 3936 ad
3776 3898 3860 3936 eos

2219 3957 2464 4031 pristino
2521 3959 2729 4030 gradui
2784 3959 3185 4017 reformandos
3240 3967 3457 4020 nostra:
3501 3971 3859 4026 auctoritatis

2218 4047 2483 4120 eguistis,
2507 4048 2576 4102 ad
2606 4049 3066 4120 promovendum
3100 4067 3453 4123 responsum
3485 4063 3756 4114 nostrum
3779 4076 3859 4114 ne-

2219 4154 2513 4209 quaquam
2539 4136 2861 4208 praestolari
2879 4137 3473 4203 duxistis?Quantum
3497 4150 3699 4201 autem
3716 4147 3857 4201 ﬁlius

2217 4230 2414 4282 noster
2444 4225 2684 4282 Carolus
2714 4225 3004 4298 gloriosus
3035 4245 3130 4284 rex
3163 4229 3219 4284 id
3252 4247 3285 4284 a
3316 4232 3490 4288 nobis
3523 4235 3744 4308 exegit;
3767 4236 3855 4291 sed

2217 4333 2324 4371 nos
2366 4319 2619 4371 vestram
2671 4315 3014 4371 charitatem
3059 4322 3116 4372 et
3156 4318 3688 4390 honorificentiam,
3722 4341 3854 4397 quos

2207 4405 2333 4475 jam
2385 4404 2688 4460 convenire
2737 4405 3130 4476 jusseramus,
3177 4409 3382 4464 merito
3431 4421 3850 4476 conservantes,

461 4495 715 4564 perfecta
731 4496 1128 4567 subsequatur
1147 4495 1471 4568 integritas,
1492 4513 1557 4551 eo
1581 4497 1861 4552 duntaxat
1883 4499 2105 4566 ordine,
2142 4511 2184 4575 Ι)
2215 4492 2374 4548 nullo
2398 4498 2585 4565 pacto,
2612 4494 2955 4566 priusquam
2990 4513 3183 4551 rerum
3214 4497 3385 4553 nobis
3417 4499 3612 4556 exitus
3646 4519 3746 4574 per
3763 4519 3850 4556 vos

460 4585 527 4635 ut
555 4583 917 4656 frequentius
973 4585 1227 4640 intimati
1282 4584 1495 4652 clerici,
1531 4585 1632 4656 qui
1673 4586 2106 4643 evidentissime

459 4668 856 4743 irregulariter
885 4674 958 4730 ab
988 4673 1178 4729 officio
1210 4675 1500 4746 graduum
1540 4692 1782 4730 suorum
1831 4677 2102 4748 suspensi

460 4756 639 4813 fuisse
672 4768 1016 4830 noscuntur,
1040 4766 1095 4818 et
1116 4763 1251 4818 hinc
1274 4763 1472 4819 sedem
1505 4763 1884 4834 apostolicam
1909 4766 2101 4838 saepis-

460 4843 605 4900 sime
638 4865 978 4918 provocasse
1023 4852 1322 4907 nonnullis
1366 4852 1596 4907 indiciis
1627 4855 2098 4924 comprobantur,

459 4937 590 4986 ante
623 4936 817 4992 omnia
865 4941 1125 5010 pristinis
1170 4941 1449 5014 gradibus
1481 4946 1536 4997 ct
1566 4942 1772 4998 officiis
1805 4944 2099 5000 reformati

457 5021 798 5090 consistant,
824 5025 903 5080 ita
935 5034 998 5082 ut
1024 5030 1314 5100 prioribus
1337 5029 1543 5084 redditi
1567 5031 1846 5103 gradibus
1869 5037 1925 5087 et
1945 5033 2098 5087 ordi-

456 5110 650 5176 nibus,
677 5117 731 5166 et
754 5115 1183 5183 quodammodo
1206 5118 1332 5174 suis
1353 5119 1626 5174 omnibus
1646 5120 1920 5186 revestiti,
1945 5121 2094 5177 vires

451 5200 733 5256 adversus
763 5200 1106 5272 impetentes
1130 5225 1190 5260 sc
1214 5205 1469 5276 integras
1492 5208 1764 5264 habeant.
1791 5209 1913 5264 Non
1937 5210 2092 5266 enim

449 5285 694 5342 inermis
725 5304 859 5343 cum
892 5296 1114 5345 armato
1148 5292 1253 5348 rite
1283 5295 1617 5350 conllictum
1671 5297 1816 5352 inire
1861 5298 2090 5369 poterit.

447 5376 670 5439 Quibus
703 5377 970 5433 videlicet
1000 5379 1281 5451 gradibus
1311 5399 1374 5436 ac
1407 5385 1614 5439 officiis
1635 5385 1965 5442 fruentibus
1986 5387 2091 5453 eis,

447 5465 609 5520 fratri
640 5470 696 5520 et
728 5467 1071 5541 coepiscopo
1118 5473 1314 5522 nostro
1361 5470 1664 5527 Ilincmaro
1713 5473 1945 5530 licentia
1993 5476 2090 5543 sit,

447 5550 601 5611 intra
614 5555 792 5612 totius
813 5557 991 5631 hujus
1013 5557 1349 5634 capedinem
1371 5559 1532 5632 anni,
1552 5578 1700 5635 saepe
1723 5563 1909 5623 dictos
1932 5564 2092 5624 exhi-

2217 4583 2554 4654 patefieriet,
2584 4599 2934 4638 consensum
2963 4584 3021 4638 in
3048 4584 3155 4640 hoc
3189 4587 3536 4657 praebituros
3565 4607 3789 4663 semper
3806 4590 3848 4644 ci

2212 4670 2651 4742 rescripsimus;
2677 4673 2851 4743 quod,
2870 4673 3095 4741 fratres,
3112 4673 3318 4730 saltem
3334 4677 3405 4732 ad
3423 4678 3604 4735 vicem
3624 4681 3847 4736 minime

2211 4759 2626 4826 custodientes,
2667 4759 2839 4814 laudo
2886 4778 3007 4829 vos,
3053 4763 3152 4818 sed
3212 4764 3268 4818 in
3325 4764 3434 4820 hoc
3497 4785 3613 4823 non
3666 4768 3842 4824 laudo.

2211 4849 2385 4904 Porro
2408 4849 2456 4904 si
2480 4849 2770 4921 quiSpiam
2806 4851 3001 4906 sedem
3035 4853 3438 4924 apostolicam,
3467 4873 3572 4927 per
3593 4858 3841 4929 Sergium

2210 4942 2424 4995 sancta:
2449 4939 2738 4994 memoria:
2763 4942 3309 5012 papam,Ebbonem
3335 4946 3636 5014 quondam
3669 4943 3840 5000 archi-

2208 5028 2546 5099 episcopum
2571 5027 2876 5100 indignum
2896 5029 3572 5090 clericalicommunione
3597 5035 3838 5089 sanxisse

2204 5117 2485 5188 perhibet,
2521 5117 2742 5172 noverit
2775 5119 3050 5189 quoniam
3086 5120 3259 5190 talem
3309 5122 3481 5178 sedes
3534 5123 3835 5195 apostolica

2205 5205 2407 5262 debuit
2423 5205 2740 5272 Ebbonem,
2761 5206 2942 5262 donec
2962 5209 3222 5281 synodali
3243 5213 3373 5282 ejus
3391 5213 3658 5267 examine
3678 5226 3833 5267 causa

2202 5295 2614 5361 discuteretur,
2639 5295 2869 5363 habere,
2902 5297 3134 5369 qualem
3170 5301 3241 5355 ab
3269 5299 3400 5356 aliis
3432 5301 3698 5357 habitum
3730 5316 3826 5355 non

2201 5383 2525 5456 ignorabat.
2553 5383 2853 5439 Statutum
2890 5387 3105 5460 quippe
3128 5388 3186 5444 in
3211 5407 3423 5462 magna
3446 5396 3503 5446 et
3525 5389 3830 5448 veneranda

2202 5473 2434 5528 Nicama
2464 5473 2683 5543 synodo
2715 5472 2953 5546 legerat,
2985 5481 3049 5531 ut
3080 5478 3151 5533 de
3185 5478 3276 5534 his
3309 5480 3410 5551 qui
3436 5480 3830 5536 communione

2202 5562 2524 5640 privantur,
2548 5579 2650 5622 seu
2673 5579 2740 5622 ex
2767 5562 2939 5639 clero,
2963 5583 3064 5625 seu
3097 5585 3166 5627 ex
3193 5568 3341 5626 laico
3370 5570 3591 5639 ordine,
3623 5568 3831 5642 episco-
