4098 6186
231 321 394 384 1109

1457 320 1858 384 EPISTOIuE
1902 321 2002 383 ET
2045 323 2431 388 DECRETA'.

3493 328 3650 393 mo

224 455 377 512 teris
411 452 690 511 fratribus
719 456 776 510 et
805 452 1165 528 coepiscopis
1203 453 1322 510 tuis
1359 451 1420 510 in
1461 453 1739 528 synodica
1767 454 1888 527 epi-
1917 456 1974 523 Α
2004 473 2110 513 nec
2140 461 2427 530 promotio
2451 459 2538 518 vel
2570 459 2816 534 abjectio
2848 460 3112 535 ipsorum
3147 461 3205 518 in
3238 463 3500 536 synodali
3523 481 3656 522 con-

225 546 405 612 stola,
430 563 610 617 quam
639 543 712 599 ad
740 544 937 600 sedem
963 543 1341 616 apostolicam
1365 545 1756 600 communiter
1784 544 1889 599 mi-

225 636 418 701 sistis,
449 634 748 690 Ebbonem
799 632 985 689 solam
1027 635 1203 706 [[ονιθ,
1257 634 1468 702 solum,
1507 635 1710 708 Hnno]
1738 634 1886 689 iram

225 725 519 798 principis
552 723 609 778 in
653 739 761 778 sua
792 721 1184 794 qualicunque
1217 723 1372 778 dicta
1401 709 1774 778 damnati’bne
1805 722 1890 777 in-

226 813 492 872 currisse
539 811 886 885 profitearis.
912 811 1127 867 Verum
1174 812 1222 867 si
1266 813 1347 867 ita
1395 829 1588 868 sacros
1637 829 1890 867 canones

225 901 592 970 intellexisti,
627 917 761 956 cum
795 900 927 956 illos
973 901 1276 970 judicasti,
1301 900 1507 956 saltem
1555 901 1662 956 hoc
1693 901 1888 972 ipsum

227 993 480 1057 diceres,
497 996 552 1045 et
573 991 730 1062 quod
754 989 891 1044 hinc
913 1007 1019 1045 nos
1041 989 1500 1061 censuissemus,
1525 996 1591 1045 ut
1616 995 1748 1061 pote
1773 1007 1892 1044 ma~

227 1081 382 1153 joris
415 1080 803 1147 auctoritatis,
829 1078 1100 1150 amplecti
1131 1080 1532 1134 contenderes.
1566 1081 1673 1134 Per
1711 1079 1888 1135 talem

231 1169 394 1226 enim
419 1169 1064 1239 confessionem,quam
1081 1169 1242 1224 Ebbo
1259 1169 1464 1224 fecisse
1485 1168 1885 1240 praztenditur,

227 1276 407 1314 nemo
438 1257 728 1315 canonica
768 1257 1132 1313 damnationi
1176 1257 1506 1328 subjicitur.
1537 1259 1700 1322 Quod
1741 1259 1788 1314 si
1825 1263 1886 1312 tu

229 1354 414 1416 taces,
449 1365 555 1403 nos
585 1347 755 1403 silere
788 1365 902 1403 non
934 1364 1271 1418 possumus,
1292 1351 1348 1402 et
1379 1348 1532 1418 quod
1565 1363 1769 1402 omnes
1798 1347 1889 1401 in-

221 1439 465 1510 justum
517 1437 792 1503 fatentur,
825 1437 950 1508 ipse
987 1437 1241 1507 justum,
1266 1435 1647 1509 quantislibet
1703 1435 1888 1491 utaris

228 1528 624 1601 argumentis,
642 1527 887 1598 probare
921 1544 1035 1581 non
1068 1527 1306 1598 poteris.
1340 1525 1502 1590 Quod
1535 1525 1583 1581 si
1617 1526 1889 1581 formida-

233 1621 366 1673 tum
401 1622 511 1683 est,
539 1633 610 1672 ne
640 1617 861 1687 injusta
905 1616 1203 1672 damnatio
1249 1633 1449 1670 eorum
1483 1616 1541 1670 in
1573 1616 1886 1670 discrimen

227 1707 587 1763 redundaret
610 1705 886 1773 auctoris,
909 1709 966 1760 et
988 1706 1118 1760 ideo
1145 1706 1299 1776 quod
1325 1706 1538 1776 injuste
1571 1705 1743 1760 fuerit
1762 1723 1889 1776 pro-

1996 552 2171 602 ventu
2197 550 2387 620 qualis
2405 551 2579 606 fuerit
2600 551 2823 623 liquido
2855 557 3084 625 reperta
3111 557 3220 620 est,
3247 570 3352 609 nec
3382 555 3653 626 apostoli-

1996 653 2074 690 cae
2107 639 2230 692 sedi
2263 639 2578 694 sufficienti
2607 639 2791 695 relatu
2823 646 3167 709 monstrata,
3191 641 3406 697 idcirco
3442 643 3650 714 paulu-

1995 724 2119 781 lum
2153 744 2186 782 a
2215 729 2682 785 consummanda
2719 730 3086 785 restitutione
3117 730 3381 802 ipsorum
3411 731 3648 787 interim

1999 814 2441 872 deliberativum
2473 835 2826 874 consensum
2857 823 3124 875 nostrum
3158 836 3417 876 coercere
3448 838 3647 877 neces-

1998 905 2219 960 sarium
2252 907 2547 962 duximus.
2570 907 2785 963 Verum
2819 909 2957 980 quia
2995 908 3052 963 in
3094 909 3474 974 decernendo,
3499 915 3555 965 et
3587 911 3644 965 in

1989 993 2312 1064 judicando
2330 998 2483 1067 quod
2504 998 2779 1052 canonice
2795 997 3181 1052 deliberatum
3199 1002 3306 1066 est,
3323 1015 3387 1052 ac
3410 997 3468 1053 in
3487 999 3649 1054 resti-

1997 1083 2231 1138 tuendis
2263 1102 2413 1158 szepe
2445 1085 2618 1141 dictis
2649 1085 2894 1152 clericis,
2920 1091 3094 1158 atquc
3120 1087 3179 1141 in
3209 1087 3506 1155 omnibus,
3529 1087 3645 1142 Deo

1999 1173 2284 1243 praaduce,
2301 1175 2452 1230 sicut
2476 1174 2688 1242 decuit,
2725 1181 2779 1232 et
2819 1177 2959 1231 ordo
2983 1175 3266 1248 poposcit,
3286 1179 3485 1230 nostra
3506 1193 3646 1248 prae-

1998 1262 2173 1315 cessit
2202 1263 2517 1318 auctoritas
2552 1281 2564 1317 :
2599 1265 2949 1320 conveniens
2989 1281 3054 1319 ac
3099 1264 3410 1319 honestum
3442 1269 3549 1329 est,
3584 1268 3648 1319 ut

1989 1350 2159 1420 juxta
2208 1351 2661 1421 postulationem
2705 1357 2978 1422 vestram,
3035 1357 3245 1408 nostra:
3295 1353 3646 1408 fir'nationis

1997 1439 2250 1512 perfecta
2266 1441 2662 1512 subsequatur
2687 1442 3020 1515 integritas:
3037 1459 3102 1497 eo
3120 1443 3403 1497 duntaxat
3419 1443 3646 1508 ordine,

2000 1533 2062 1582 ut
2100 1529 2463 1600 frequentius
2513 1531 2766 1586 intimati
2798 1531 3012 1599 clerici,
3059 1531 3159 1603 qui
3206 1531 3644 1588 evidentissime

1995 1617 2395 1690 irregulariter
2423 1620 2495 1674 ab
2545 1620 2734 1675 officio
2775 1621 3065 1692 graduum
3098 1638 3341 1676 suorum
3373 1622 3644 1693 suspensi

1996 1707 2178 1762 fuisse
2205 1713 2547 1776 noscuntur,
2572 1713 2627 1764 et
2658 1709 2792 1764 hinc
2815 1710 3014 1764 sedem
3046 1709 3424 1781 apostolicam
3449 1710 3644 1782 saepis-

224 1796 351 1852 lata
380 1800 660 1866 taceatur,
694 1812 807 1850 non
839 1811 1166 1867 congruum
1205 1794 1386 1848 initur
1415 1793 1748 1850 consilium.
1786 1795 1887 1850 Fa-
1916 1828 1964 1893 Β
1996 1795 2142 1851 sime
2173 1813 2516 1868 provocasse
2547 1797 2847 1853 nonnullis
2887 1798 3118 1854 indiciis
3149 1799 3640 1871 comprobantur;

227 1885 406 1940 cilius
438 1883 653 1956 quippe
671 1882 900 1938 veniam
932 1883 1066 1954 quis
1089 1882 1344 1948 veritate,
1368 1899 1545 1954 quam
1577 1882 1886 1953 exquisitis

229 1978 290 2030 et
321 1975 520 2030 minus
553 1973 706 2045 aptis
759 1971 1270 2028 adinventionibus
1327 1972 1619 2043 impetrat.
1646 1971 1886 2026 Praeser-

233 2065 342 2118 tim
391 2079 525 2118 cum
563 2061 776 2117 veritas
823 2061 1049 2128 liberet,
1091 2059 1464 2115 mendacium
1494 2077 1626 2116 vero
1659 2061 1881 2132 perdat,

233 2152 488 2208 maxime
510 2168 642 2207 cum
664 2168 780 2206 non
807 2149 882 2205 sit
907 2149 1257 2216 timendum,
1281 2149 1380 2204 ubi
1413 2149 1591 2204 timor
1611 2166 1725 2204 non
1755 2154 1844 2204 est
1867 2167 1880 2204 :

233 2259 342 2298 nec
375 2240 679 2315 agnoveris
709 2257 816 2296 nos
855 2239 1033 2295 talem
1083 2238 1238 2294 circa
1268 2243 1323 2294 te
1353 2243 1582 2310 gestare
1631 2238 1886 2293 dilectio-

233 2332 329 2387 nis
362 2332 657 2395 aﬂ‘ectum,
682 2333 747 2384 ut
795 2329 934 2400 quid
976 2333 1031 2383 te
1077 2327 1326 2384 velimus
1381 2329 1675 2384 incurrere
1705 2329 1884 2383 detri-

233 2421 440 2486 menti,
466 2437 598 2475 cum
632 2417 828 2491 potius
856 2418 941 2472 tui
975 2434 1205 2489 semper
1234 2417 1384 2473 avidi
1423 2417 1709 2472 fuerimus
1741 2434 1884 2490 aug-

231 2509 600 2566 menti.Nam
623 2511 679 2562 et
699 2507 956 2562 Ebbonis
977 2523 1175 2573 causa,
1195 2511 1251 2561 et
1268 2507 1514 2562 istorum
1537 2506 1883 2562 clericorum

228 2599 555 2672 negotium,
581 2615 709 2668 quae
742 2597 930 2668 prima
958 2595 1336 2662 transierunt,
1363 2601 1427 2650 ut
1456 2596 1560 2651 tibi
1595 2595 1883 2651 cautelam

227 2707 346 2744 non
371 2687 690 2743 discrimen
713 2686 995 2750 tribuant,
1016 2683 1382 2740 anhelamus.
1413 2684 1645 2757 Regiam
1668 2685 1884 2757 quippe

223 2779 383 2833 viam
407 2781 696 2840 tenentes,
713 2775 797 2829 sic
827 2773 944 2830 illis
975 2774 1252 2846 prodesse
1275 2773 1657 2841 decrevimus,
1678 2778 1742 2828 ut
1769 2779 1882 2829 tua

227 2865 526 2923 sanctitati
580 2865 784 2919 obesse
837 2863 996 2918 nullo
1049 2864 1222 2917 modo
1268 2864 1602 2918 videremur
1635 2879 1648 2916 :
1681 2863 1883 2934 sicque

224 2973 468 3013 rursum
502 2953 875 3009 securitatem
911 2951 1013 3008 tibi
1055 2968 1231 3023 super
1280 2951 1387 3007 hoc
1437 2952 1785 3024 praebemus,
1820 2956 1884 3007 ut

227 3044 459 3102 clericis
479 3043 680 3099 crebro
699 3042 871 3097 dictis
891 3041 1042 3096 hanc
1065 3040 1399 3097 nullatenus
1420 3041 1773 3097 adimamus.
1797 3042 1882 3096 Ad

227 3135 514 3190 ultimum
546 3149 700 3199 vero,
733 3130 996 3203 epistola,
1021 3147 1147 3202 quae
1180 3130 1348 3185 nobis
1368 3147 1402 3185 a
1429 3134 1484 3185 te
1516 3147 1671 3185 nunc
1701 3129 1885 3186 missa

1993 1890 2126 1940 ante
2157 1885 2356 1940 omnia
2388 1885 2653 1956 pristinis
2693 1887 2972 1960 gradibus
3004 1893 3059 1943 et
3089 1888 3299 1942 officiis
3348 1887 3644 1943 reformati

1994 1975 2357 2030 consistant:
2383 1975 2463 2030 ita
2493 1979 2556 2030 ut
2587 1975 2881 2047 prioribus
2912 1976 3120 2030 redditi
3153 1976 3434 2048 gradibus
3465 1981 3521 2032 et
3551 1993 3644 2031 or-

1994 2062 2250 2130 dinibus,
2275 2068 2332 2118 et
2362 2065 2615 2134 quodam
2649 2065 2821 2119 modo
2866 2064 2991 2119 suis
3040 2066 3315 2119 omnibus
3364 2064 3642 2132 revestiti,

1992 2153 2143 2207 vires
2167 2154 2447 2208 adversus
2474 2153 2821 2225 impetentes
2845 2171 2906 2209 se
2937 2155 3194 2224 integras
3227 2153 3500 2208 habeant.
3519 2153 3644 2208 Non

1993 2241 2149 2295 enim
2180 2241 2424 2297 inermis
2456 2259 2590 2298 cum
2624 2246 2847 2298 armato
2876 2241 2981 2297 rite
3003 2242 3340 2297 conﬂictum
3363 2241 3511 2297 inire
3543 2259 3647 2314 po-

1994 2333 2128 2385 test.
2154 2331 2376 2396 Quibus
2397 2330 2664 2387 videlicet
2694 2332 2974 2403 gradibus
2998 2348 3062 2385 ac
3086 2331 3292 2386 ofﬁciis
3316 2331 3646 2387 fruentibus

1992 2419 2076 2474 eis
2110 2419 2455 2474 fraternitati
2501 2424 2610 2474 tuae
2659 2420 2897 2475 licentia
2928 2419 3024 2485 sit,
3057 2419 3210 2473 intra
3256 2422 3436 2474 totius
3465 2419 3644 2489 hujus

1992 2508 2333 2580 capedinem
2356 2508 2494 2563 anni
2518 2525 2668 2580 sepe
2693 2509 2877 2565 dictos
2904 2509 3174 2564 exhibere
3195 2508 3434 2563 clericos
3455 2509 3526 2563 ab
3551 2525 3642 2563 or-

1993 2597 2231 2652 dinibus
2249 2597 2373 2652 suis
2387 2598 2661 2653 canonice
2681 2598 2861 2654 fuisse
2874 2599 3128 2668 dejeetos
3144 2615 3156 2652 :
3174 2597 3256 2651 ita
3272 2600 3336 2651 ut
3352 2596 3641 2668 quidquid

1992 2684 2174 2741 habes
2195 2686 2473 2741 adversus
2495 2703 2592 2741 eos
2613 2686 3040 2740 calumniarum
3059 2685 3449 2755 prosequendi
3470 2689 3526 2739 et
3545 2702 3642 2740 ex-

1992 2774 2276 2846 sequendi
2303 2775 2406 2829 tibi
2433 2775 2510 2830 sit
2531 2775 2770 2829 omnino
2794 2773 3058 2829 facultas.
3080 2774 3240 2839 Quod
3265 2773 3313 2828 si
3336 2772 3514 2827 totius
3535 2773 3642 2827 hu-

1983 2865 2086 2935 jus
2118 2863 2254 2917 anni
2282 2863 2528 2918 circuitu
2551 2862 2798 2933 dilapso,
2822 2867 3025 2918 contra
3045 2879 3144 2916 eos
3166 2860 3389 2916 nullam
3414 2863 3640 2932 justam

1992 2953 2146 3024 apud
2180 2952 2377 3006 sedem
2409 2951 2788 3023 apostolicam
2820 2950 3263 3022 quaerimoniam
3305 2966 3644 3022 composue-

1993 3040 2095 3104 ris,
2115 3057 2218 3095 nec
2247 3039 2377 3094 illos
2408 3045 2677 3112 appetere
2709 3040 2780 3095 de
2821 3055 3173 3111 quocunque
3204 3038 3289 3094 vel
3325 3040 3642 3109 cujuscun-

1995 3146 2108 3201 que
2126 3133 2288 3184 reatu
2305 3128 2389 3183 vel
2408 3145 2646 3184 excessu
2665 3145 2767 3183 seu
2787 3129 3160 3183 damnatione
3179 3127 3648 3199 studueris,ipsis

229 3224 471 3292 dicitur,
497 3226 697 3277 utrum
739 3225 842 3275 tua
870 3219 1062 3285 fuerit,
1097 3218 1507 3274 convenienter
1535 3217 1880 3292 ambigitur;
1914 3193 1956 3260 (δ
1995 3218 2233 3289 quidem
2252 3216 2524 3289 deinceps
2547 3216 2671 3272 suis
2689 3215 2995 3272 ordinibus
3016 3216 3648 3288 permanentibus,non

229 3329 370 3368 cum
405 3328 510 3366 nec
540 3310 798 3383 legatum
829 3314 1019 3377 tuum,
1045 3307 1144 3381 qui
1175 3309 1325 3363 hanc
1352 3325 1385 3363 a
1417 3311 1471 3362 te
1500 3308 1668 3363 nobis
1699 3313 1886 3364 trans-

229 3400 482 3456 missam
513 3399 778 3466 ediceret,
805 3397 1102 3464 direxeris,
1136 3414 1242 3453 nec
1271 3414 1399 3452 eam
1433 3396 1628 3469 sigillo
1660 3401 1758 3452 tuo
1790 3413 1884 3451 se-

229 3489 499 3544 cundum
521 3504 742 3543 morem
765 3486 999 3558 signare
1021 3486 1337 3541 studueris.
1363 3485 1524 3540 Unde
1550 3485 1882 3540 mirandum

228 3582 340 3644 est,
367 3593 503 3633 cum
535 3576 595 3631 in
626 3577 1008 3646 dejectionem
1040 3576 1303 3647 ipsorum
1334 3574 1674 3630 clericorum
1707 3575 1883 3631 etiam

227 3667 506 3723 volumen
564 3683 676 3720 non
727 3666 896 3720 breve
937 3663 1357 3737 composueris,
1395 3664 1775 3736 quamobrem
1824 3665 1883 3719 in

228 3755 666 3811 restitutionem
679 3753 883 3810 saltem
903 3771 1080 3808 unam
1099 3752 1407 3825 eplstolam
1423 3752 1748 3824 simplicem
1768 3771 1882 3809 non

228 3844 508 3900 edideris.
545 3845 606 3898 In
651 3860 767 3915 quo
815 3847 1076 3914 apparet,
1112 3847 1400 3913 quantum
1430 3841 1510 3896 ibi
1541 3841 1882 3908 alacritatis,

229 3936 523 4006 quantum
556 3932 650 3987 hic
678 3932 913 3986 desidia:
945 3931 1205 3986 studium
1239 3930 1429 3985 fuerit.
1460 3930 1733 3996 Quamvis
1764 3931 1884 3986 hec

227 4040 302 4078 ne
324 4039 435 4077 nos
458 4019 755 4076 arbitreris
778 4021 847 4075 ad
871 4019 1187 4074 discrimen
1210 4018 1510 4091 quodlibet
1535 4023 1645 4073 tuae
1667 4019 1885 4074 sancti-

225 4111 368 4168 tatis
406 4109 495 4165 vel
527 4108 829 4181 dignitatis
857 4125 1257 4182 exaggerasse,
1292 4124 1424 4163 cum
1477 4107 1720 4163 meliora
1757 4125 1886 4163 esse

225 4199 474 4256 vulnera
497 4197 999 4271 diligentis,quam
1023 4196 1392 4252 fraudulenta
1408 4196 1521 4252 odii
1547 4195 1748 4252 oscula
1769 4214 1885 4251 non

229 4289 465 4345 nescias
503 4305 514 4342 :
549 4288 650 4342 sed
681 4304 752 4342 ne
781 4287 922 4342 adeo
961 4287 1021 4340 in
1053 4285 1489 4358 privilegiorum
1519 4289 1754 4341 tuorum
1787 4287 1884 4340 de-

229 4377 562 4434 fensionem
590 4375 676 4431 vel
721 4374 1029 4430 elationem
1061 4375 1505 4430 immoderatius
1535 4373 1797 4446 erigaris,
1823 4378 1888 4428 ut

230 4464 564 4539 apostolicae
598 4463 754 4519 sedis
775 4465 915 4535 jura
939 4465 1351 4535 quoquomodo
1380 4466 1597 4518 temere
1628 4463 1888 4534 tetigisse

1993 3307 2250 3378 profecto
2272 3305 2419 3361 nulli
2450 3306 2668 3377 torpori
2693 3306 2968 3361 dabimus
2990 3322 3247 3376 operam,
3264 3322 3370 3360 nec
3396 3304 3515 3360 ullo
3548 3321 3649 3376 pa-

1994 3400 2084 3450 cto
2115 3413 2149 3451 a
2179 3412 2417 3450 summa
2454 3395 2818 3450 cessabimus
2867 3394 3194 3467 diligentia,
3220 3394 3404 3450 donec
3452 3398 3554 3448 aut
3582 3398 3644 3448 tu

1985 3484 2148 3555 juste
2171 3501 2325 3539 nunc
2353 3483 2484 3540 illos
2505 3484 2848 3555 comprobes
2884 3485 3205 3549 restitutos,
3229 3487 3330 3538 aut
3349 3484 3510 3553 juste
3541 3499 3646 3553 per

1993 3578 2049 3628 te
2072 3574 2369 3645 quondam
2392 3573 2668 3629 ostendas
2690 3576 2963 3629 remotos.
2995 3571 3267 3644 Alioquin
3300 3589 3407 3626 nos
3439 3571 3641 3626 subse-

1993 3667 2237 3732 quenter
2257 3661 2526 3716 exhibere
2556 3659 2757 3732 procul
2787 3661 2963 3716 dubio
2995 3662 3279 3728 convenit,
3301 3677 3415 3715 non
3445 3659 3638 3714 solum

1993 3767 2146 3822 szepe
2163 3751 2312 3805 fatos
2329 3749 2570 3805 clericos
2594 3749 3066 3822 praajudicialiter
3084 3751 3308 3820 absque
3325 3765 3548 3804 canone
3568 3749 3640 3804 ab

1993 3839 2184 3893 officio
2202 3843 2820 3910 sequestratos,verum
2839 3840 3012 3895 etiam
3027 3839 3422 3895 ordinatorem
3440 3855 3642 3893 eorum

1993 3927 2466 3982 inconvenienter
2503 3945 2569 3982 ac
2614 3927 2739 3982 sine
2784 3929 3204 3999 consequentia
3252 3927 3646 3983 ecclesiastica

1993 4015 2277 4086 regimine
2309 4014 2608 4087 praesulari
2639 4015 2958 4086 privatum:
2981 4017 3135 4087 quod
3160 4015 3330 4086 plane
3350 4019 3558 4086 prmter
3588 4019 3645 4068 te

1994 4102 2214 4170 nullus,
2241 4108 2304 4157 ut
2347 4120 2563 4168 remur,
2592 4103 2829 4158 omnino
2871 4103 3123 4171 dubitat,
3148 4102 3348 4158 nullus
3387 4103 3642 4173 profecto

1995 4209 2110 4248 non
2144 4192 2438 4264 praedicat,
2473 4192 2952 4262 quandoquidem
2992 4196 3048 4246 et
3091 4192 3260 4247 nobis
3315 4192 3395 4246 ita
3442 4190 3642 4257 claret,

1996 4285 2283 4353 quantum
2317 4285 2623 4335 autumare
2663 4297 3002 4352 possumus,
3026 4279 3520 4352 quemadmodum
3550 4278 3642 4333 his

1995 4370 2094 4442 qui
2128 4369 2226 4424 illo
2260 4369 2315 4423 in
2347 4373 2606 4439 tempore
2635 4373 2844 4440 praesto
2876 4369 3056 4424 fuisse
3086 4372 3506 4424 memorantur.
3538 4369 3644 4423 Po-

1995 4465 2214 4516 stremo
2241 4458 2389 4514 scire
2415 4463 2470 4513 te
2490 4457 2783 4525 volumus,
2800 4459 3014 4514 nostris
3037 4458 3277 4513 auribus
3304 4457 3642 4512 intimatum

226 4553 486 4609 videaris
509 4552 669 4621 (dist.
692 4556 762 4607 8:
803 4554 946 4607 Mala
973 4551 1341 4618 consuetudo).
1367 4553 1513 4606 Nam
1567 4551 1722 4606 mala
1748 4569 1888 4606 con-
1921 4560 1966 4625 D
1997 4565 2147 4618 esse,
2177 4548 2600 4603 fraternitatem
2633 4552 2794 4602 tuam
2829 4565 2944 4603 non
2976 4548 3152 4603 certis
3183 4546 3566 4619 temporibus,
3590 4549 3648 4600 et

229 4643 514 4708 suetudo,
536 4659 662 4713 qua:
690 4658 805 4696 non
839 4641 1058 4708 minus,
1083 4657 1259 4712 quam
1292 4641 1618 4712 perniciosa
1648 4658 1888 4713 corrup-

227 4732 348 4788 tela
377 4731 618 4786 vitanda
647 4735 754 4797 est,
789 4730 902 4785 nisi
953 4729 1128 4784 citius
1175 4729 1456 4784 radicitus
1497 4729 1792 4797 evellatur,
1827 4731 1887 4784 in

229 4819 672 4894 privilegiorum
695 4821 799 4890 jus
829 4819 901 4874 ab
947 4818 1234 4890 improbis
1272 4817 1634 4873 assumitur:
1659 4823 1715 4874 et
1743 4818 1889 4874 inci-

228 4909 406 4982 piunt
437 4907 940 4980 praevaricationes
970 4911 1028 4962 et
1057 4906 1227 4962 variae
1259 4907 1767 4979 priesumptiones,
1791 4924 1889 4963 ce-

226 4997 469 5054 lerrime
516 5013 632 5051 non
682 5013 1030 5068 compressae
1088 5013 1191 5066 pro
1241 4995 1472 5068 legibus
1519 4996 1801 5062 venerari,
1835 5000 1892 5051 et

228 5085 675 5160 privilegiorum
719 5103 878 5140 more
927 5089 1206 5156 perpetuo
1238 5083 1535 5139 celebrari.
1571 5085 1754 5156 Igitur
1785 5102 1891 5141 nos

227 5175 291 5230 in
327 5175 706 5247 prafatorum
730 5173 1074 5229 clericorum
1106 5172 1472 5228 restitutione
1504 5174 1740 5245 gradus,
1766 5190 1890 5229 om-

230 5265 415 5319 nibus
438 5262 726 5318 hactenus
749 5262 1109 5334 argumentis
1135 5262 1242 5317 rite
1262 5261 1539 5329 collectis,
1556 5267 1612 5316 et
1628 5263 1892 5318 omnium

227 5357 498 5408 vestrum
522 5351 757 5407 hortatu
781 5350 1068 5423 generalis
1094 5351 1373 5405 incitante
1397 5367 1740 5421 consensus,
1764 5369 1893 5405 om-

234 5442 543 5497 nimodam
566 5440 997 5496 conniventiam
1026 5439 1280 5511 praebere
1308 5440 1566 5510 potuisse
1591 5457 1892 5511 cognosce.

232 5531 348 5587 Sed
375 5529 656 5602 quoniam
691 5546 807 5584 non
839 5529 1164 5585 secundum
1187 5529 1484 5584 decretum
1508 5533 1773 5584 nostrum
1795 5545 1896 5582 eo-

234 5635 369 5675 rum
389 5617 748 5675 examinatio
771 5635 934 5675 mera
953 5622 1010 5673 et
1035 5617 1286 5690 perfecta
1307 5616 1595 5673 discussio
1615 5617 1896 5690 provenit,

1991 4639 2162 4710 juxta
2184 4653 2406 4692 morem
2429 4635 2558 4691 aliis
2581 4637 3007 4708 metropolitani
3017 4654 3044 4692 s
3066 4635 3426 4691 antistitibus
3447 4635 3648 4690 deﬁni-

1995 4727 2092 4794 tis,
2118 4726 2290 4798 pallio
2317 4743 2351 4781 a
2375 4727 2510 4781 sede
2536 4726 2852 4797 apostolica
2873 4742 3145 4781 concesso
3168 4725 3272 4780 uti.
3296 4725 3456 4790 Quod
3478 4723 3645 4780 valde

1996 4815 2285 4888 displicet,
2301 4814 2350 4870 si
2380 4815 2434 4869 id
2468 4832 2502 4869 a
2531 4815 2838 4871 sanctitate
2868 4819 2969 4870 tua
2999 4815 3171 4870 fuerit
3195 4812 3342 4870 elate
3368 4813 3644 4870 commis~

1998 4921 2153 4970 sum,
2168 4909 2234 4958 ut
2254 4903 2606 4960 humilitatis
2627 4903 2806 4959 oblita
2826 4904 3051 4960 caeteris
3077 4904 3352 4960 fratribus
3373 4903 3497 4960 suis
3520 4908 3644 4960 stu-

2000 4994 2131 5050 deat
2151 4992 2330 5048 videri
2358 4992 2695 5048 sublimior:
2717 4993 2985 5065 quamvis
3015 4993 3124 5049 hoc
3156 5011 3271 5049 non
3302 4995 3376 5050 ad
3407 4993 3644 5049 inanem

1998 5082 2244 5156 gloriam
2277 5082 2560 5136 utendum
2593 5083 2688 5149 sit,
2723 5084 2822 5138 sed
2864 5084 2936 5138 ad
2978 5087 3248 5138 ornatum
3298 5088 3642 5139 cunctarum

1999 5171 2279 5226 virtutum
2305 5171 2677 5242 gestandum.
2695 5171 2855 5236 Quod
2878 5172 3024 5228 bene
3045 5177 3303 5245 tempore
3325 5189 3439 5244 quo
3458 5171 3646 5241 ipsius

2002 5260 2162 5332 pallii
2187 5277 2359 5314 usum
2384 5277 2416 5314 a
2438 5260 2574 5314 sede
2607 5261 2924 5331 apostolica
2954 5261 3508 5334 percepisti,scripto
3541 5273 3647 5328 pa-

2003 5349 2152 5422 gina:
2182 5365 2342 5403 more
2391 5348 2561 5404 solito
2593 5349 2697 5404 tibi
2730 5355 3030 5406 ostensum
3083 5356 3254 5422 atque
3312 5349 3647 5419 perceptum

2004 5439 2307 5507 cst.Cujus
2340 5455 2484 5493 usus
2516 5439 2565 5493 si
2597 5439 2942 5495 fraternitati
2966 5445 3076 5495 tuae
3108 5457 3141 5494 a
3171 5438 3304 5494 sede
3336 5433 3654 5507 apostolica

2005 5527 2162 5582 omni
2197 5532 2457 5597 tempore
2489 5544 2804 5585 concessus
2833 5535 2940 5596 est,
2962 5529 3094 5585 licet
3125 5528 3200 5582 sit
3231 5529 3439 5598 praeter
3459 5523 3652 5580 Eccle-

2007 5615 2105 5672 sia:
2127 5617 2612 5673 consuetudinem
2637 5625 2966 5690 perceptus,
2990 5635 3054 5673 ac
3079 5633 3180 5688 per
3207 5615 3315 5671 hoc
3341 5615 3653 5670 rationabi-
