4098 6186
428 266 575 333 ΗΜ

1676 310 1679 315 ι
1783 270 2097 334 NICOLAI
2143 271 2372 333 PAPE
2414 271 2462 334 Ῑ.

3686 272 3849 333 Hi!

422 402 559 461 liter
580 402 940 459 emittendus
964 399 1122 476 (nam
1150 400 1515 476 privilegium
1548 404 1825 471 meretur,
1849 407 1916 459 ut
1945 418 2075 461 san-
2101 404 2157 472 Α
2182 403 2306 460 lieae
2338 402 2647 471 institutis,
2674 404 2761 462 vel
2803 404 2876 461 ab
2920 402 3252 462 obedientia
3300 419 3481 478 quam
3528 402 3846 478 exigimus,

427 498 557 549 ctus
580 508 731 565 papa
751 492 1090 565 Simplicius
1122 492 1766 565 scribit,amittere,qui
1797 508 2076 550 concessa

428 582 541 639 sibi
558 582 824 637 abutitur
844 582 1167 653 potestate),
1183 585 1378 637 tamen
1398 581 1488 638 his
1507 583 1722 638 nostris
1738 584 2075 639 admonitus

428 676 825 742 competenter
846 670 1144 738 affatibus,
1172 671 1339 727 stude
1362 671 1441 727 ita
1470 673 1733 728 modeste
1762 673 1870 728 hoc
1898 672 2078 741 uti,ut

429 776 533 815 nec
572 758 744 815 elatio
780 760 991 815 mentis
1023 760 1277 827 invadat,
1305 777 1409 816 nec
1442 763 1730 833 jactantia
1758 761 1943 828 inﬂet,
1971 780 2077 819 nec

427 860 577 904 vana
606 848 787 920 gloria
816 847 1101 916 vulneret,
1126 866 1231 904 nec
1253 851 1473 905 nodum
1507 851 1755 923 propriae
1776 851 2077 923 dignitatis

428 938 684 1003 excedat,
709 953 811 991 nec
842 937 1248 1009 temperantia,
1272 940 1397 994 sine
1437 956 1553 1005 qua
1583 945 1798 995 caetera;
1833 941 2077 996 virtutes

428 1025 775 1097 imperfectae
811 1026 1450 1092 consistunt,oblivioni
1484 1029 1768 1084 tradatur.
1793 1029 2077 1102 Optamus

425 1114 847 1169 fraternitatem
873 1121 1123 1171 vestram
1156 1133 1310 1171 nunc
1342 1122 1399 1172 et
1430 1134 1662 1189 semper
1692 1119 1837 1175 bene
1864 1119 2073 1175 valere.

429 1203 573 1259 Data
599 1221 699 1260 VIII
734 1204 871 1259 ldus
900 1204 1256 1273 Decembris,
1286 1205 1602 1262 indictione
1627 1224 1718 1262 xv.

1189 1312 1319 1368 CIX.

937 1419 1010 1456 AD
1049 1419 1193 1457 CARO
1201 1420 1269 1457 LU
1277 1420 1319 1457 M
1359 1420 1550 1458 REGEM
1559 1446 1570 1458 .

1072 1492 1259 1563 (Anno
1288 1494 1438 1564 866.)

428 1580 731 1651 Respondet
752 1579 822 1635 ad
839 1582 1143 1657 superiores
1160 1582 1276 1657 ejus
1299 1582 1505 1657 litteras
1524 1583 1589 1640 de
1611 1586 1774 1653 gestis
1796 1586 1853 1640 in
1872 1586 2077 1657 synodo

1054 1655 1452 1709 Suessionensi.

945 1741 1128 1813 [Apud
1162 1741 1370 1810 Mansi,
1404 1744 1565 1818 ibid.]

499 1828 789 1884 NICOLAUS
819 1830 1149 1903 episcopus,
1178 1848 1380 1888 servus
1403 1850 1701 1890 servorum
1724 1835 1847 1907 Dei,
1869 1834 2078 1893 dilecte

428 1917 548 1973 filio
577 1917 808 1973 Canem
839 1918 1094 1991 glorioso
1126 1921 1266 1994 regi.

498 2006 643 2062 Cum
664 2006 841 2062 talem
866 2024 926 2063 se
948 2008 1133 2080 gloria
1159 2014 1345 2067 vertra
1366 2013 1519 2068 circa
1544 2031 1649 2069 nos
1671 2031 1904 2087 semper
1922 2012 2078 2070 exhi-

426 2095 656 2161 beat,et
693 2096 1094 2169 frequentibus
1124 2099 1211 2155 vel
1260 2100 1472 2157 litteris
1503 2102 1590 2158 vel
1630 2102 1835 2176 legatis
1876 2105 2075 2161 missis

425 2201 563 2258 erga
579 2186 945 2258 pontiﬁcium
964 2192 1230 2244 nostrum
1248 2190 1462 2245 devotas
1482 2190 1833 2249 visitationis
1851 2193 2073 2249 cultum

425 2272 749 2345 impendat,
778 2279 835 2330 et
863 2276 1112 2331 decretis
1161 2280 1376 2334 nostris
1422 2280 1766 2336 obedientiae
1798 2281 2078 2338 sublimia

427 2361 577 2417 colla
606 2363 857 2434 gratanti
890 2362 1163 2420 facilitate
1193 2367 1535 2423 submittat:
1573 2370 1807 2425 nonnisi
1839 2372 2074 2427 beatum

429 2449 664 2505 Petrum
698 2451 1025 2522 apostolum
1066 2453 1401 2510 dilectorem
1434 2473 1628 2525 suum,
1662 2459 1831 2531 cujus
1880 2459 2075 2515 locum

429 2536 653 2593 meritis
693 2540 907 2611 oppido
944 2540 1343 2613 discrepantes
1380 2544 1874 2618 observamusﬁin
1906 2547 2075 2605 nobis

426 2627 714 2684 honorare
742 2645 803 2684 se
829 2629 999 2685 debet
1032 2648 1135 2702 pro
1155 2635 1309 2688 certo
1330 2650 1679 2707 cognoscere
1707 2654 1719 2692 :
1748 2636 1864 2693 imo
1888 2638 2073 2694 Deum

425 2715 485 2771 in
519 2733 626 2772 suo
658 2718 919 2789 apostolo
939 2720 1333 2793 venerari,qui
1358 2726 1414 2777 et
1442 2725 1663 2781 sanctis
1693 2726 1817 2783 suis
1848 2731 2073 2784 tantam

423 2804 671 2879 gloriam
705 2806 995 2873 tribuit,et
1026 2826 1133 2864 nos
1163 2810 1574 2869 sollicitudinis
1597 2830 1798 2871 eorum
1818 2817 2074 2874 haeredes

424 2910 489 2949 ac
512 2911 883 2949 successores
905 2913 1033 2951 esse
1059 2898 1505 2956 constituit.Sed
1527 2906 1584 2957 et
1613 2920 1719 2959 nos
1751 2905 2072 2976 gratiarum

425 2981 682 3037 actiones
710 2983 1031 3055 condignas
1077 2992 1360 3059 prompta:
1391 2990 1677 3046 devotioni
1700 2996 1899 3048 vestra}
1929 2995 2073 3050 refe-

424 3077 637 3139 rentes,
657 3071 843 3127 multo
867 3075 1055 3145 magis
1081 3077 1206 3146 ejus
1232 3077 1683 3150 omnipotentiae,
1701 3099 1802 3153 per
1822 3100 1998 3154 quem
2019 3088 2076 3139 et

2107 1779 2156 1845 B

2186 493 2551 549 avertissent.
2580 494 2704 550 Non
2724 494 2879 550 enim
2903 510 3011 550 nos
3032 493 3486 550 inobedientiam
3511 492 3849 566 praedicavi-

2186 597 2340 651 mus,
2362 583 2451 638 vel
2483 599 2555 638 ne
2585 583 3089 656 obtemperaretur
3123 584 3373 639 decretis
3411 582 3570 639 sedis
3609 587 3847 656 aposto-

2185 670 2306 726 lica}
2357 670 2732 729 deﬁnivimus
2766 688 2778 728 :
2813 689 2948 729 cum
2991 673 3188 745 potius
3227 672 3448 729 eisdem
3486 671 3847 728 testantibus

2186 760 2526 834 privilegiis,
2556 760 2714 817 salvo
2747 762 3032 818 Romamne
3065 760 3225 818 sedis
3265 761 3325 816 in
3365 761 3646 817 omnibus
3668 762 3845 832 jussu

2187 854 2364 921 atque
2388 849 2634 921 judicio,
2660 851 2971 923 synodum,
3006 866 3185 923 quam
3216 849 3312 906 ille
3343 866 3446 922 pro
3493 848 3843 905 clericorum

2187 938 2507 1009 dejectione
2547 943 3006 994 memoratorum
3037 938 3368 1011 collegerat,
3396 938 3693 994 stabiliter
3722 955 3847 995 esse

2187 1027 2541 1082 manendam
2582 1027 2987 1083 censuerimus
3024 1043 3036 1082 :
3069 1032 3129 1083 et
3156 1044 3225 1083 ea
3274 1026 3607 1083 conditione
3657 1028 3845 1100 ipsius

2186 1115 2471 1189 privilegii
2495 1120 2755 1172 tenorem
2777 1114 2829 1172 ei
2860 1116 3309 1183 ﬁrmaverimus,
3327 1116 3376 1172 si
3406 1132 3720 1188 nunquam
3752 1115 3845 1173 ille

2187 1221 2221 1261 a
2247 1205 2404 1261 sedis
2436 1205 2766 1278 apostolicae
2797 1205 3284 1278 praeceptionibus
3333 1204 3531 1278 aliquo
3579 1211 3845 1278 tempore

2185 1293 2596 1365 discrepasset.
2623 1295 2861 1351 Frustra
2881 1310 3017 1368 ergo
3036 1293 3337 1367 privilegia
3358 1310 3395 1349 a
3412 1295 3551 1350 sede
3572 1294 3689 1351 sibi
3718 1312 3848 1368 apo-

2186 1382 2393 1438 stolica
2416 1399 2712 1451 concessa,
2737 1400 2809 1439 ne
2829 1384 3163 1440 sanctiones
3181 1382 3410 1456 explere
3430 1387 3671 1440 nostras
3694 1400 3849 1441 acco-

2186 1470 2418 1540 leraret,
2436 1476 2729 1529 asseverat
2748 1471 3100 1545 impedisse:
3126 1489 3263 1529 cum
3283 1477 3515 1529 constet
3534 1473 3763 1546 potius,
3783 1478 3849 1529 ut

2185 1560 2451 1633 ipsorum
2472 1565 2663 1617 textus
2685 1561 3103 1635 insinuat,quo
3126 1561 3316 1635 magis
3340 1563 3414 1618 ad
3446 1562 3845 1619 obedidum

2186 1649 2357 1705 nobis
2387 1649 2757 1719 acceleraret,
2783 1667 2852 1707 ea
2880 1650 3041 1706 hunc
3069 1649 3479 1723 multipliciter
3503 1652 3847 1709 admonuis-

2186 1754 2249 1794 se
2276 1755 2289 1794 :
2324 1743 2501 1811 atque
2529 1738 2579 1793 si
2608 1743 2899 1811 rata,qum
2932 1738 3045 1795 sibi
3076 1738 3287 1795 collata
3314 1739 3573 1807 fuerant,
3596 1740 3757 1798 circa
3782 1754 3845 1798 se

2187 1826 2401 1884 sentire
2429 1826 2728 1896 voluisset,
2763 1829 2835 1884 ad
2868 1828 3392 1901 obtemperandum
3420 1827 3723 1887 institutis
3751 1846 3848 1886 no-

2187 1916 2326 1972 stris
2358 1933 2419 1972 se
2450 1916 2550 1972 illa
2579 1916 2811 1989 plenius
2851 1934 2918 1973 ac
2956 1916 3354 1974 abundantius
3384 1917 3691 1975 incitasse.
3719 1919 3847 1976 Glo-

2185 2004 2528 2061 riosissimze
2550 2010 2825 2079 praeterea
2855 2005 3124 2062 charitati
3149 2008 3351 2062 vestra:
3373 2008 3566 2063 denuo
3592 2025 3707 2081 pro
3733 2008 3849 2065 Bal-

2185 2093 2367 2150 duino
2395 2095 2618 2167 gratias
2645 2095 2900 2168 agimus,
2924 2096 3116 2151 denuo
3157 2096 3311 2152 circa
3345 2112 3480 2153 eum
3513 2096 3847 2154 inhibitum

2186 2187 2417 2239 tantum
2451 2183 2729 2239 inclinem
2751 2188 2953 2239 vestrae
2983 2184 3307 2241 devotionis
3335 2186 3615 2242 affectum
3640 2185 3846 2243 lauda-

2186 2273 2542 2340 mus,denuo
2565 2272 2719 2345 quod
2751 2274 2934 2341 deest,
2968 2272 3179 2329 oblatis
3207 2291 3312 2346 pro
3343 2286 3409 2330 eo
3454 2274 3844 2346 petitionibus

2185 2361 2424 2426 nostris,
2457 2361 2715 2434 suppleri
2745 2379 2848 2434 per
2874 2362 3114 2435 pietatis
3138 2366 3340 2419 vestrm
3371 2364 3843 2421 muniﬁcentiam

2186 2450 2588 2523 deprecamur.
2619 2451 2857 2506 Justum
2884 2450 3040 2507 enim
3063 2453 3172 2519 est,
3198 2455 3263 2506 ut
3294 2451 3719 2525 bonum,quod
3745 2470 3845 2526 pro

2184 2538 2505 2594 divinitatis
2529 2545 2794 2611 respectu
2815 2539 2986 2595 nobis
3006 2539 3535 2596 intervenientibus
3555 2542 3844 2614 capietis,

2185 2632 2251 2683 ut
2270 2628 2610 2684 obedientiai
2634 2644 2699 2683 ac
2713 2628 3068 2701 dapsilitatis
3087 2633 3495 2702 vestrae,atque
3516 2629 3747 2687 ciemen
3757 2631 3845 2686 tias

2185 2732 2408 2772 merces
2427 2717 2680 2789 perfecta
2703 2717 2779 2772 sit
2793 2734 3205 2773 consummare
3229 2717 3505 2774 benevole
3529 2718 3842 2793 satagatis.

2185 2805 2266 2861 De
2287 2810 2512 2873 caetero,
2527 2805 2893 2874 charissime,
2908 2806 3045 2879 vigil
3070 2811 3214 2874 esto,
3229 2812 3285 2862 et
3306 2808 3551 2864 solerter
3573 2808 3843 2865 intentus

2183 2894 2341 2950 circa
2369 2898 2633 2950 sanctam
2667 2896 2990 2951 Romanam
3023 2895 3359 2966 Ecclesiam,
3383 2902 3440 2953 et
3466 2912 3612 2969 erga
3642 2900 3841 2954 sedem

2184 2982 2588 3055 apostolicam,
2612 2984 3112 3055 quemadmodum
3147 2984 3247 3040 Dei
3279 2984 3535 3041 cultores
3566 2992 3845 3058 parentes

2182 3078 2409 3128 vestros
2429 3072 2721 3128 exstitisse
2750 3072 3031 3129 nonnulla
3051 3073 3266 3146 scripta
3289 3078 3349 3130 et
3375 3074 3723 3146 probabiles
3743 3074 3846 3130 viri

429 3168 532 3232 pro
546 3163 715 3234 cujus
734 3162 968 3219 nomine
987 3164 1125 3219 talia
1149 3171 1446 3237 gerantur,
1466 3168 1669 3226 laudes
1692 3150 1926 3228 assidue
1947 3190 2075 3245 per-
2107 3150 2148 3216 (ἶ
2188 3164 2507 3216 “suum”
2533 3161 2811 3233 quoniam
2844 3162 2957 3218 illa?
2982 3162 3216 3235 Ρθηίῐυε
3245 3162 3442 3230 “sui:
3463 3162 3845 3220 dilectomm‘

424 3251 646 3307 solvere
670 3269 783 3307 non
808 3269 1127 3309 cessamus.
1146 3256 1227 3311 De
1247 3258 1561 3325 caetero,ﬁli
1582 3259 2082 3335 charissime,gra—

427 3342 513 3394 tes
538 3339 644 3411 pia:
670 3340 1016 3414 benignitati
1039 3348 1240 3399 vestra:
1264 3346 1662 3421 rependimus,
1679 3350 1956 3420 quoniam
1991 3357 2078 3407 to~

421 3432 550 3483 tum
574 3428 931 3486 desiderium
957 3448 1131 3487 suum
1149 3431 1428 3506 colligens
1450 3436 1509 3490 in
1537 3437 1896 3508 dejectorum
1918 3440 2081 3497 cleri-

421 3533 624 3572 corum
667 3521 1067 3592 recuperando
1118 3525 1297 3590 statu,
1329 3525 1556 3580 studuit
1603 3526 1795 3583 delere
1842 3545 2075 3598 noxam,

419 3622 598 3674 quam
624 3605 684 3661 in
706 3607 1069 3679 depositione
1096 3609 1359 3682 ipsorum
1384 3620 1747 3671 consensum
1766 3618 2078 3689 praebendo

420 3696 809 3749 contraxerat.
832 3696 901 3749 Et
926 3697 1223 3753 credimus
1253 3701 1408 3771 quod
1450 3707 1684 3773 superet
1714 3721 1939 3762 merces
1960 3706 2079 3763 ala-

419 3779 850 3852 critatis,quam
870 3800 1027 3839 nunc
1045 3784 1337 3842 habuistis
1359 3788 1417 3843 in
1439 3790 1786 3862 receptione,
1801 3793 2079 3852 delictum

420 3869 573 3940 quod
590 3870 1016 3928 commiseratis
1034 3873 1092 3927 in
1107 3891 1307 3931 eorum
1325 3877 1549 3933 dudum
1565 3880 1899 3952 repulsione
1915 3901 1928 3939 :
1944 3902 2059 3958 quo

420 3958 577 4013 niam
601 3958 755 4015 istud
782 3960 879 4015 Dei
905 3978 1122 4031 amore,
1142 3963 1284 4021 illud
1308 3965 1568 4024 hominis
1586 3951 2084 4047 subreptione-pa:

420 4051 639 4103 tratum
658 4050 1190 4109 est.Verumtamen
1213 4054 1603 4125 hortamur,et
1625 4058 1779 4115 sicut
1799 4061 2077 4121 dilectum

422 4135 608 4193 filium
643 4139 1268 4208 admonemus,cavere
1288 4161 1390 4201 vos
1422 4161 1493 4202 ne
1524 4147 1744 4205 talibus
1768 4150 1840 4207 de
1873 4156 2079 4211 caetero

422 4226 850 4283 conniventiam
874 4228 1043 4285 facile
1077 4231 1349 4288 tribuatis
1374 4251 1387 4289 :
1414 4236 1696 4306 quoniam
1723 4240 1876 4311 quod
1904 4241 2079 4298 hodie

421 4314 829 4384 committitur,
872 4322 1073 4373 utrum
1124 4320 1195 4374 ad
1255 4322 1725 4381 emendationem
1775 4330 2078 4398 pervenire

423 4404 776 4475 quandoque
799 4404 986 4461 valeat
1008 4406 1331 4479 ignoratur.
1351 4409 1495 4465 Illud
1520 4417 1797 4482 praeterea
1816 4431 2077 4474 comme-

2188 3253 2665 3321 quevestrorum,
2681 3266 2861 3322 penes
2883 3249 3283 3322 apostolorum
3295 3250 3704 3308 confessiones
3726 3252 3843 3308 nul-

2186 3336 2241 3394 lo
2262 3339 2436 3393 modo
2460 3341 2735 3410 poterunt
2755 3337 3035 3395 oblivisci.
3052 3339 3133 3394 De
3151 3338 3440 3395 restitutis
3457 3356 3596 3396 vero
3620 3339 3847 3397 clericis

2188 3427 2328 3498 quid
2372 3426 2821 3495 drcreverimus,
2850 3426 3099 3499 epistola
3140 3431 3341 3483 nostra
3382 3428 3551 3483 fratri
3578 3432 3640 3485 et
3664 3428 3847 3501 coepi-

2189 3533 2364 3589 scopo
2386 3522 2585 3572 nostro
2611 3517 2924 3572 Hincmaro
2951 3516 3135 3572 missa
3162 3516 3406 3571 recitata
3432 3516 3740 3589 sapientiae
3761 3533 3844 3572 ve—

2188 3608 2320 3660 strae
2336 3604 2579 3661 auribus
2595 3605 2805 3677 poterit
2828 3604 3120 3660 intimare.
3135 3604 3419 3677 Optamus
3436 3604 3842 3661 excellentiam

2188 3698 2436 3749 vestram
2461 3693 2520 3748 in
2533 3693 2764 3749 Christo
2780 3709 2937 3749 nunc
2948 3696 3015 3749 et
3026 3710 3260 3766 semper
3283 3692 3430 3749 bene
3443 3692 3665 3762 vatem,
3679 3694 3845 3750 dilec-

2186 3782 2415 3839 tissime
2437 3782 2540 3838 ﬁli.
2564 3782 2710 3838 Data
2728 3798 2830 3838 vm
2854 3783 2991 3838 ldus
3020 3782 3381 3849 Decembris,
3402 3782 3735 3841 indictione
3752 3801 3838 3839 xv.

2245 3944 2319 4017 (α)
2340 3959 2412 3998 an
2442 3960 2736 3999 WLFADUM
2766 3959 3065 4017 CLERICUM‘
3087 3958 3548 4017 @ElmNSEMﬂ-ZT
3575 3959 3794 4000 socxos.

2828 4014 3012 4086 (Anno
3041 4013 3195 4082 866.)

2190 4103 2509 4161 Gratulatur
2531 4102 2595 4157 de
2616 4102 2859 4173 ipsorum
2885 4102 3241 4173 restitutione,
3258 4117 3422 4172 quam
3450 4108 3635 4157 ratam
3664 4101 3839 4169 habet,

2255 4182 2540 4244 monetque
2576 4172 2645 4227 ne
2692 4174 2929 4245 injurias
2957 4172 3313 4245 ulciscantur,
3344 4179 3397 4227 et
3443 4181 3507 4227 ut
3550 4175 3842 4229 Hincmaro

2252 4246 2564 4317 praesertim
2592 4244 3288 4317 m'erentioinexhibeqnt.

2699 4315 2887 4387 (Apud
2919 4314 3126 4381 Mansi,
3160 4314 3323 4383 ibid.)

2255 4404 2544 4460 NICOLAUS
2584 4404 2917 4476 episcopus,
2940 4420 3144 4459 servus
3184 4420 3485 4460 servorum
3519 4404 3649 4471 Dei,
3682 4420 3843 4461 vene-

422 4508 650 4548 morare
669 4492 991 4565 libet,quod
1016 4494 1167 4550 inter
1181 4496 1296 4552 alia
1316 4497 1571 4570 epistolae
1586 4506 1793 4559 vestra:
1810 4504 1881 4559 de
1899 4506 2075 4563 fratre

2190 4493 2466 4549 rabilibus
2491 4490 2716 4548 clericis
2734 4490 3213 4564 Wlfadoscilieet
3237 4495 3294 4548 et
3322 4491 3551 4549 caeteris
3576 4493 3683 4564 qui
3709 4509 3838 4549 cum

422 4583 479 4635 et
497 4580 840 4653 coepiscopo
868 4587 1068 4639 nostro
1099 4584 1412 4642 Hincmaro
1439 4591 1631 4645 textus
1664 4593 1947 4662 enuntiat,
1983 4595 2070 4650 di-

423 4684 560 4724 cens
581 4669 868 4737 videlicet,
887 4673 1042 4743 quod
1067 4673 1307 4729 omnino
1336 4683 1761 4749 consequenter
1780 4697 1912 4737 cum
1945 4683 2075 4739 reli-

424 4756 558 4827 quis
602 4761 1115 4817 consacerdotibus
1148 4763 1386 4819 omnino
1434 4765 1661 4838 explere
1707 4770 2071 4844 acceleraret,

422 4843 532 4899 nisi
550 4846 718 4916 juxta
740 4848 1106 4921 privilegium
1130 4849 1454 4909 decessoris
1475 4856 1659 4911 nostri
1679 4857 1875 4913 domui
1901 4843 2075 4917 Bene-

425 4932 651 4997 dicti,et
673 4939 1264 5004 nostrum,summam
1284 4941 1450 4998 nobis
1471 4946 1878 5002 reservandam
1902 4951 2073 5021 empti

422 5022 494 5077 de
512 5023 885 5080 restitutione
907 5027 1180 5083 docerent
1202 5030 1702 5102 negotii.Quorum
1721 5034 1942 5092 scilicet
1965 5040 2075 5110 pri-

420 5111 767 5185 vilegiorum
789 5117 1049 5171 tenorem
1078 5117 1126 5171 si
1150 5135 1264 5173 non
1289 5120 1503 5175 suatim
1531 5122 1709 5177 frater
1732 5123 2076 5184 Hincmarus

421 5201 633 5273 partim
653 5200 979 5269 celasset,et
998 5206 1426 5279 quaedamque:
1447 5209 1563 5265 illic
1586 5210 1878 5269 habentur
1893 5214 2076 5273 inser-

420 5290 780 5361 ta,quadam
821 5294 1039 5348 astutia
1075 5295 1393 5366 cognitioni
1434 5303 1733 5356 communi
1778 5310 2067 5376 negasset,

423 5378 715 5432 neminem
751 5383 1028 5450 putamus
1055 5381 1352 5456 privilegia
1383 5390 1582 5442 nostra
1604 5404 1637 5443 a
1660 5389 1817 5444 sedis
1847 5397 2070 5463 apostoo

496 5485 570 5553 (a)
598 5486 675 5540 Ad
700 5487 974 5557 Wl/‘adum
1001 5497 1053 5544 et
1076 5491 1263 5545 socios.
1288 5489 1501 5546 Wlfadi
1526 5493 1780 5551 vicissim
1810 5502 1865 5552 et
1886 5501 2070 5556 socio-

426 5570 554 5608 rum
588 5556 646 5610 in
677 5556 871 5614 codice
906 5560 1277 5618 Laudunensi
1307 5566 1493 5619 exstat
1526 5566 1771 5637 epistola
1800 5570 1870 5624 ad
1903 5570 2069 5627 Nico-

2178 4599 2247 4637 eo
2271 4582 2496 4637 dudum
2523 4580 2792 4653 depositi,
2821 4598 2975 4637 nunc
2994 4598 3130 4637 vero
3152 4581 3383 4637 decreto
3411 4581 3577 4637 sedis
3606 4586 3841 4654 aposto-

2179 4666 2303 4723 lica
2323 4685 2390 4723 ac
2411 4666 2676 4740 synodali
2697 4667 3163 4741 promulgatione
3184 4667 3442 4724 restituti
3458 4668 3581 4726 Deo
3604 4675 3839 4727 auctore

2181 4756 2340 4813 eonsi
2350 4761 2533 4812 stunt.

2252 4844 2468 4900 Divina;
2499 4844 2892 4901 miserationis
2922 4843 3348 4917 plenitudinem
3370 4846 3675 4903 neminem
3694 4848 3838 4905 velle

2183 4933 2388 5006 perire,
2405 4950 2510 4990 nec
2535 4935 2608 4991 de
2633 4938 2860 4991 sacrato
2881 4950 3127 4990 numero
3146 4935 3342 5007 gregis
3366 4935 3457 4993 sui
3482 4952 3631 4993 casu
3655 4937 3838 5011 quoli-

2184 5022 2279 5078 bet
2302 5024 2586 5092 decidere,
2611 5022 2945 5095 nullus,qui
2976 5021 3210 5079 divitias
3234 5024 3513 5081 bonitatis
3540 5026 3679 5097 ejus
3708 5044 3837 5084 eon—

2183 5110 2420 5180 siderat,
2447 5129 2687 5184 prorsus
2729 5111 2978 5184 ignorat,
3006 5128 3141 5167 cum
3191 5112 3365 5168 etiam
3419 5116 3664 5186 proprio
3696 5115 3834 5172 Filio

2184 5216 2301 5255 non
2332 5200 2671 5273 perpecerit,
2696 5201 2797 5256 sed
2846 5216 2951 5272 pro
3003 5200 3173 5256 nobis
3204 5201 3479 5257 omnibus
3528 5202 3835 5260 tradiderit

2182 5287 2352 5344 illum
2382 5292 2553 5361 (Rom.
2580 5289 2698 5360 vui)
2729 5306 2741 5344 :
2771 5289 2941 5359 cujus
2970 5290 3115 5356 ovis,
3136 5305 3266 5361 qua:
3305 5290 3580 5361 perierat,
3602 5293 3833 5364 pietatis

2183 5376 2445 5433 humeris
2466 5382 2795 5449 reportatur
2815 5378 2885 5434 ad
2910 5388 3177 5451 gregem;
3198 5379 3489 5451 cujusque
3508 5378 3830 5437 clementia

2179 5483 2425 5551 laum,in
2440 5500 2554 5556 qua
2570 5483 2791 5555 gratias
2803 5488 2988 5556 agunt
2998 5483 3070 5539 de
3085 5500 3194 5539 sua
3205 5485 3833 5558 restitutione,petunt~

2179 5589 2294 5645 que
2314 5576 2379 5627 ut
2400 5572 2512 5629 sibi
2535 5570 3013 5645 altiores-gradus
3033 5572 3270 5645 provehi
3290 5572 3484 5630 liceat.
3515 5573 3637 5630 Jac.
3661 5574 3828 5630 Bias.
