4058 6174
258 314 416 393 im

1480 328 1885 393 EPISTULA?
1928 330 2031 393 ET
2074 331 2459 395 DECRETA.

3515 298 3671 407 112C

255 463 671 540 praecipientes
696 466 1006 537 quatenus,
1039 463 1089 520 si
1120 462 1203 519 ita
1229 479 1432 519 verum
1463 466 1552 520 est
1581 466 1645 518 ut
1674 462 1771 519 isti
1821 461 1910 518 di-
1943 467 1994 533 Α
2026 464 2330 521 sollicitius
2361 471 2416 522 et
2442 465 2652 524 melius
2682 468 3196 545 recorriganthsi
3225 488 3458 547 quoque
3481 476 3669 537 archi-

255 554 631 625 cunt,nullus
662 554 994 627 episcopus,
1024 553 1114 610 vel
1143 554 1327 612 abbas
1356 570 1459 609 seu
1490 552 1912 609 monachorum

256 646 625 719 reliquorum
657 648 978 700 conventus
995 643 1333 699 monasticis
1346 642 1514 698 illum
1528 642 1747 717 regulis
1768 643 1913 699 invi-

254 739 391 791 tum
425 734 731 806 subjacere
753 731 1083 805 compellat,
1114 748 1304 805 neque
1330 731 1448 788 ullo
1489 733 1661 788 modo
1709 732 1917 788 fratres

256 825 393 896 ejus
405 840 509 897 per
528 823 679 879 hanc
701 822 1064 878 occasionem
1085 820 1384 877 licentiam
1402 822 1656 879 habeant
1676 826 1919 894 paterna

258 930 368 970 seu
398 915 663 968 materna
692 910 859 966 illum
891 910 1224 966 haereditate
1273 911 1497 983 privare
1531 928 1544 965 :
1578 913 1680 968 sed
1732 928 1919 984 usque

260 1002 410 1058 dum
441 1001 639 1056 divina
668 998 1052 1072 inspiratione
1071 1004 1459 1072 compunctus
1473 999 1706 1073 propria
1720 1000 1921 1056 volun-

261 1095 384 1145 tate
417 1089 630 1162 regulac
662 1105 723 1145 se
755 1089 991 1155 subdat,
1023 1088 1194 1143 liceat
1235 1105 1370 1143 eum
1420 1105 1453 1144 a
1501 1089 1818 1144 mundanis
1865 1092 1922 1145 et

260 1178 577 1235 laicalibus
608 1183 901 1234 remotum
932 1177 1336 1234 vocationibus
1366 1177 1451 1233 vel
1486 1178 1733 1251 negotiis
1772 1172 1924 1234 inter

264 1268 576 1341 religiosos
605 1272 662 1322 et
686 1266 1113 1323 ecclesiasticos
1142 1268 1296 1323 viros
1326 1267 1384 1321 in
1414 1267 1695 1324 canonica
1715 1268 1922 1341 degere
1992 1282 1997 1289 ‘

261 1358 408 1413 vita.
434 1357 559 1412 Non
588 1356 745 1413 enim
777 1360 1077 1428 putamus,
1110 1356 1265 1428 quod
1296 1356 1469 1424 absit,
1501 1357 1812 1412 canonicos
1834 1372 1924 1412 re-

262 1445 510 1519 ligiosos
540 1461 574 1500 a
603 1448 940 1501 sanctorum
974 1444 1397 1500 monachorum
1426 1444 1557 1501 vitae
1587 1448 1644 1500 et
1684 1460 1922 1500 consor-

265 1537 351 1591 tio
380 1534 743 1605 conjunctos,
780 1532 920 1606 quia
953 1533 1713 1606 unusquisque,secundum
1737 1538 1922 1606 Apos-

266 1624 481 1690 tolum,
515 1622 809 1696 prepriam
843 1623 1169 1678 mercedem
1202 1622 1444 1695 accipiet
1486 1623 1807 1678 secundum
1840 1622 1922 1677 la-

266 1714 475 1768 borem
504 1728 700 1768 suum.

668 1866 671 1869 λ
977 1799 1216 1856 cxvm.

466 1907 537 1947 AD
576 1907 803 1946 ADONEI
840 1905 1334 1945 ARCHIEPISCOPUM
1371 1906 1746 1946 VIENNBNSEM.

920 1980 1110 2045 (Anno
1142 1979 1292 2050 867.)

273 2074 361 2127 De
388 2071 674 2126 sententiis
702 2076 862 2140 atque
893 2068 1196 2141 interdictis
1241 2068 1385 2125 sedis
1424 2070 1751 2141 apostolicae,
1788 2070 1933 2125 inter

1034 2140 1172 2195 alia.

893 2227 1130 2300 [Mansi,
1163 2227 1327 2301 ibid.]

348 2334 403 2391 l.
434 2334 510 2390 Ut
535 2332 953 2408 archiepiscopi
988 2334 1302 2391 canonicos
1333 2339 1654 2392 conventus
1698 2334 1755 2391 in
1798 2353 1930 2408 pro-

274 2424 487 2480 vinciis
517 2423 628 2479 sibi
660 2423 992 2479 commissis
1022 2440 1157 2479 cum
1181 2423 1390 2480 timore
1418 2425 1518 2480 Dei
1550 2426 1798 2492 faciant;
1832 2424 1931 2480 ubi

276 2529 484 2569 omnes
516 2529 646 2568 cum
676 2512 1108 2569 venerabilibus
1138 2513 1428 2585 episcopis
1452 2514 1765 2570 nobiliores
1796 2531 1935 2587 pro-

272 2602 480 2657 vinciae
504 2602 876 2671 conveniant;
901 2602 1099 2674 ibique
1119 2602 1518 2674 integritatem
1543 2604 1673 2659 ﬁdei
1693 2608 1750 2659 et
1769 2621 1937 2659 cano-

273 2690 543 2746 niearum
569 2689 903 2763 regularum
924 2691 1358 2746 observantiam
1394 2692 1657 2758 audiant,
1672 2695 1728 2747 et
1758 2692 1829 2746 ad
1857 2696 1937 2747 te-

276 2780 540 2834 nendum
566 2795 637 2834 ne
658 2779 921 2835 excusari
940 2779 1188 2851 possint,
1205 2780 1571 2836 subscribere
1593 2781 1932 2836 doceantur.

350 2868 421 2923 ΙΙ.
445 2867 519 2924 Ut
550 2868 979 2940 metropolitani
1011 2869 1268 2941 vigorem
1300 2868 1759 2925 ecclesiasticum
1785 2885 1937 2925 reve-

277 2956 510 3013 rentius
539 2960 788 3027 servent,
822 2960 879 3012 et
907 2955 1027 3013 sive
1055 2957 1115 3012 in
1142 2957 1409 3020 vita.sive
1439 2958 1501 3013 in
1532 2958 1799 3013 doctrina
1819 2958 1938 3014 sin-

278 3044 472 3119 gulari
505 3044 845 3101 auctoritate
877 3046 1239 3119 przecellant;
1273 3046 1580 3103 saeculares
1633 3046 1938 3105 discursus

279 3139 337 3189 et
368 3132 600 3205 negotia
627 3133 847 3203 vitent;
878 3134 998 3190 zelo
1030 3134 1265 3207 pietatis
1287 3134 1635 3192 inﬂammati
1657 3137 1936 3193 adversus

281 3222 679 3280 mundialium
701 3222 1010 3279 hominum
1036 3224 1323 3280 malitiam
1345 3226 1551 3281 fortius
1568 3229 1624 3281 et
1638 3225 1832 3282 verius
1854 3226 1940 3281 in-
1968 3207 2011 3274 α

280 3315 558 3385 surgant;
592 3312 887 3385 principes
919 3313 1081 3386 regni
1116 3314 1408 3370 adulando
1456 3332 1573 3372 non
1623 3314 1937 3389 decipiant,

280 3400 718 3474 provinciarum
750 3419 993 3458 suarum
1025 3419 1269 3459 munere
1289 3402 1485 3460 divino
1518 3404 1629 3461 sibi
1661 3406 1938 3462 commis-

281 3507 489 3546 sarum
520 3489 580 3545 in
612 3490 889 3547 omnibus
918 3508 1120 3548 curam
1146 3492 1421 3549 habeant.

361 3579 462 3635 III.
497 3578 571 3635 Ut
597 3579 955 3654 suﬂ'raganei
1003 3581 1383 3637 reverentiam
1443 3586 1500 3639 et
1553 3584 1943 3641 obedientiam

282 3668 642 3742 condignam
670 3670 1134 3744 metropolitanis
1155 3671 1282 3728 suis
1303 3671 1712 3741 exhibeant,ad
1734 3678 1944 3731 metro-

286 3756 616 3831 politanam
650 3759 848 3815 sedem
879 3759 1213 3816 obedientes
1245 3767 1583 3830 occurrant;
1616 3780 1825 3819 causas
1846 3780 1943 3820 ec-

283 3846 648 3904 clesiasticas
680 3864 814 3903 cum
866 3848 1318 3922 metropolitano
1370 3868 1477 3906 suo
1526 3852 1774 3908 fideliter
1814 3870 1943 3925 per-

283 3939 561 4003 tractant,
594 3941 650 3992 et
680 3938 752 3992 ab
783 3937 910 4010 ipso
943 3938 1191 3994 formam
1223 3938 1475 4010 qual;ter
1502 3938 1615 4012 ipsi
1662 3941 1721 3996 in
1761 3940 1942 3997 eccle-

284 4025 379 4081 sia
402 4042 513 4080 sua
536 4031 714 4099 agant
743 4026 1051 4099 accipiant.

314 4141 327 4150 ο
363 4112 536 4170 IV.Ut
564 4113 982 4189 archiepiscopi
1013 4121 1070 4172 et
1099 4116 1354 4190 episcopi
1380 4116 1576 4190 plebes
1606 4119 1693 4175 vel
1726 4119 1945 4192 baptis-

287 4202 478 4258 males
523 4203 801 4260 ecclesias
833 4204 889 4260 in
922 4206 1273 4262 dimcesibus
1323 4206 1447 4263 suis
1496 4224 1655 4262 more
1704 4208 1944 4280 antiquo

288 4293 679 4357 constituant,
702 4297 758 4347 et
787 4292 917 4348 laici
950 4310 985 4349 a
1014 4294 1231 4350 talibus
1262 4312 1460 4351 cavere
1491 4296 1836 4366 doceantur;
1872 4298 1944 4353 ad

288 4398 443 4454 quos
496 4380 858 4452 reliquarum
888 4381 1269 4439 ecclesiarum
1302 4383 1455 4439 tituli
1488 4367 1849 4458 pertineazit;
1883 4390 1950 4441 ut

286 4470 372 4526 ibi
406 4474 728 4525 conventus
760 4470 1041 4527 celebrior
1068 4472 1418 4544 populorum
1450 4474 1571 4543 fiat,
1600 4478 1655 4530 et
1684 4475 1951 4532 doctrina

288 4559 429 4615 ﬁdei
448 4576 516 4614 ac
532 4558 987 4617 Christianitatis
1010 4560 1069 4615 in
1094 4578 1276 4617 unum
1310 4568 1677 4637 congregatis
1707 4563 1950 4622 liberius

288 4647 663 4721 pradicetur.

361 4736 516 4794 V.Ut
545 4736 969 4812 archiepiscOpi
1001 4756 1134 4795 cum
1167 4740 1527 4814 coepiscopis
1551 4741 1674 4798 suis
1698 4743 1950 4800 auctori-

288 4831 411 4882 tate
442 4830 675 4899 patrum
706 4832 1045 4884 nostrornm
1075 4829 1286 4884 muniti
1318 4836 1653 4902 procurent,
1675 4836 1739 4887 ut
1770 4831 1951 4887 sacris

290 4915 441 4971 locis
490 4915 679 4989 digna:
728 4933 991 4989 personae
1039 4919 1441 4990 praeferantur,
1477 4924 1532 4975 et
1580 4920 1953 4981 saecularium

290 5003 637 5061 habitacula
663 5003 791 5061 loca
841 5011 954 5062 Deo
1004 5006 1197 5063 dicata
1243 5006 1331 5063 vel
1375 5012 1606 5063 sacrata
1637 5026 1751 5064 non
1786 5010 1950 5065 fiant“

295 5093 463 5150 Unde
488 5097 544 5150 et
561 5111 667 5150 nos
685 5094 813 5167 pios
832 5095 1127 5168 principes
1152 5095 1250 5152 ubi
1274 5100 1668 5168 opportunum
1698 5097 1808 5153 fuit
1829 5115 1951 5154 mo-

297 5182 630 5252 nuimus,et
659 5188 897 5256 propter
924 5184 1207 5241 honorem
1238 5184 1455 5239 Christi
1488 5185 1789 5242 charitatis
1810 5204 1951 5255 suae,

298 5272 459 5343 quod
490 5272 700 5328 diebus
731 5272 965 5329 ill’orum
984 5275 1363 5346 depravatum
1383 5278 1441 5329 et
1456 5273 1817 5330 destructum
1844 5280 1952 5345 est,

373 5414 450 5485 (a)
486 5414 704 5491 Quibus
723 5416 1037 5491 ggnitibus.
1070 5416 1428 5491 Fl‘odoardus
1460 5415 1681 5491 lib'_m,
1716 5433 1842 5491 cap.
1862 5420 1951 5475 23.

300 5484 606 5562 Hincmari
637 5486 705 5541 ad
741 5486 1000 5562 diversos
1047 5487 1351 5562 episcopos
1389 5484 1675 5562 epistolas
1715 5484 1955 5562 enume-

300 5558 847 5637 ranszﬂilmeratlo,
874 5558 1110 5637 -inquit‘,
1158 5558 1531 5637 Anibianefzsi,
1576 5575 1678 5637 pro
1725 5561 1959 5637 quodam

298 5630 587 5699 τηοηαάιο,
620 5631 717 5705 qau’
739 5630 1121 5707 presbyterum
1148 5639 1202 5689 et
1224 5632 1554 5690 monachum
1578 5630 1643 5689 in
1687 5630 1957 5694 ηἱοπαειε.

2023 554 2279 627 episcopi
2309 559 2367 611 et
2392 556 2649 630 episcopi
2681 557 3058 631 cupiditatem
3081 578 3251 619 suam
3274 564 3675 632 cohibeant,ut

2024 642 2206 699 laicos
2230 644 2607 715 postmodum
2628 646 2701 701 ab
2727 646 2930 703 illicita
2948 651 3405 722 praesumptione
3434 650 3675 709 liberius

2025 731 2312 805 castigare
2340 732 2599 803 valeant;
2634 752 2823 807 neque
2846 736 2999 792 sicut
3030 736 3319 796 hactenus
3348 741 3565 798 factum
3591 746 3680 797 est

2028 822 2101 876 ad
2125 821 2468 878 scandalum
2488 828 2545 879 et
2561 823 2791 880 ruinam
2815 824 3137 882 multorum
3158 826 3349 884 aliena
3378 836 3677 903 appetant,

2028 914 2085 964 et
2105 910 2247 966 locis
2273 911 2345 966 ad
2367 913 2471 982 jus
2492 930 2669 969 suum
2691 917 2748 969 et
2771 913 3175 987 episcopatum
3199 934 3312 972 non
3342 919 3681 989 pertinenti-

2029 1000 2139 1054 bus
2171 999 2457 1056 dominari
2490 1018 2604 1057 non
2634 1002 3030 1074 expostulent;
3064 1005 3165 1060 sed
3197 1006 3453 1067 contenti
3484 1010 3681 1071 termi-

2031 1088 2122 1144 nis
2154 1089 2279 1144 suis
2304 1106 2317 1145 :
2341 1089 2543 1161 sicque
2576 1092 2953 1163 potentialius
2982 1092 3263 1150 laicorum
3295 1096 3601 1153 avaritiam
3624 1102 3684 1155 et

2029 1176 2319 1233 cautelam
2351 1179 2666 1251 reprimere
2698 1185 2989 1252 poterunt.

2100 1266 2282 1322 VLDe
2310 1269 2827 1325 excommunicatis
2852 1270 3085 1343 publice
3113 1277 3349 1346 propter
3376 1275 3680 1347 publicum

2031 1354 2276 1423 crimen,
2308 1359 2373 1410 ut
2401 1372 2503 1428 per
2531 1356 2828 1429 publicam
2858 1358 3260 1431 pmnitentiam
3300 1363 3679 1436 recipiantur,

2031 1449 2091 1499 et
2120 1445 2445 1500 secundum
2479 1446 2719 1501 modum
2742 1446 2876 1503 facti
2899 1450 3179 1506 canonica
3196 1451 3539 1510 auctoritate
3560 1454 3682 1510 sin-

2031 1532 2189 1605 gulis
2219 1533 2563 1606 pmnitentia
2586 1535 2983 1609 prolongetur.

2103 1622 2228 1677 VII.
2262 1622 2335 1678 Ut
2366 1640 2480 1679 non
2511 1627 2730 1680 temere
2775 1625 3406 1687 excommunicationes
3438 1631 3583 1688 fiant
3612 1649 3685 1689 ne

2034 1710 2356 1766 auctoritas
2386 1710 2738 1783 episcopalis
2766 1712 3024 1783 vilescat,
3058 1733 3247 1788 neque
3288 1718 3685 1783 absolutiones

2034 1798 2382 1866 inordinate,
2410 1799 2522 1855 nisi
2551 1801 2874 1858 satisfactio
2913 1804 3314 1863 ordinabiliter
3341 1808 3559 1881 regulis
3590 1827 3691 1883 pa-

2038 1891 2195 1943 trum
2227 1889 2598 1945 consentiens
2626 1891 2931 1961 praecedat.

2108 1976 2378 2040 VIII.(25.
2411 1994 2467 2049 q.
2499 1981 2550 2033 2.
2585 1979 2647 2033 Si
2675 1981 2798 2050 quis
2828 1979 2905 2052 ἀ.)
2937 1981 2997 2037 Si
3028 1982 3165 2055 quis
3193 1984 3489 2058 dogmata,
3522 2005 3689 2049 man-

2039 2066 2196 2132 data,
2226 2064 2911 2136 interdicta,sanctiones,
2944 2069 3029 2126 vel
3060 2072 3293 2129 decreta
3339 2092 3444 2147 pro
3496 2077 3692 2134 catho-

2037 2154 2154 2211 lica
2180 2154 2425 2227 ﬁde,pro
2455 2155 2848 2214 ecclesiastica
2875 2159 3316 2235 disciplina,pro
3338 2166 3691 2221 correctione

2040 2242 2325 2315 ﬁdelium,
2357 2248 2413 2299 et
2442 2261 2545 2316 pro
2574 2247 2980 2304 emendatione
3006 2248 3445 2320 sceleratorum,
3476 2253 3564 2310 vel
3598 2254 3689 2317 in-

2040 2331 2381 2389 terdictione
2411 2333 2963 2404 imminentium,vel
2995 2338 3324 2395 futurorum
3347 2341 3639 2399 malorum
3659 2360 3694 2399 a

2040 2422 2201 2477 sedis
2222 2422 2551 2494 apostolicae
2571 2423 2816 2496 praesule
2834 2425 3149 2483 salubriter
3168 2430 3541 2503 promulgata
3564 2448 3697 2489 eon-

2041 2512 2374 2583 tempserit;
2434 2512 2751 2569 anathema
2779 2514 2873 2571 sit.
2904 2518 3035 2584 (Hoc
3062 2534 3187 2573 vero
3212 2527 3551 2590 pastremum
3600 2522 3694 2579 de-

2041 2609 2247 2655 cretum
2275 2600 2617 2673 desumptum
2642 2610 2720 2658 est
2747 2619 2819 2658 ea:
2843 2606 3083 2675 capitulo
3113 2609 3300 2678 quinto
3339 2610 3567 2665 concilii
3596 2610 3697 2666 Bo-

2040 2692 2198 2744 mani
2224 2690 2325 2745 sub
2354 2690 2539 2746 eodem
2561 2692 2823 2764 pontiﬁce
2849 2694 3079 2749 Nicolao
3108 2710 3255 2751 anno
3274 2696 3383 2752 863
3396 2697 3699 2769 celebrati.)

2781 2823 2967 2878 CXIX.

2170 2928 2239 2967 AD
2278 2929 2313 2967 Η
2340 2926 2627 2968 NCMARUM
2666 2929 3162 2971 ARCHIEPISCOPUM
3203 2933 3577 2975 RHEMENSBM.

2684 3012 2876 3080 (Anno
2907 3013 3057 3085 867.)

2046 3100 2372 3155 Ptrnitentia
2402 3100 2653 3172 injuncta
2690 3101 2780 3155 illi
2972 3104 3299 3229 rtnonachum
3322 3106 3699 3180 presbyterum

2733 3188 2822 3228 occ
2945 3191 3019 3228 a.

2733 3188 3019 3228 οεοιαεναι.

2564 3287 2752 3360 [Apud
2784 3288 2991 3358 Mansi,
3021 3290 3182 3362 ibid.]
3250 3342 3257 3353 ,

2118 3402 2388 3459 ΝιοοιΑυε
2417 3403 2746 3476 episcopus,
2791 3422 2994 3462 servus
3041 3424 3342 3465 servorum
3390 3408 3514 3479 Dei,
3549 3427 3700 3471 reve-

2048 3492 2386 3548 rentissimo
2406 3496 2462 3548 et
2482 3493 2858 3550 sanctissimo
2879 3496 3156 3553 confratri
3173 3501 3372 3554 nostro
3402 3498 3700 3561 Hmcmno

2050 3580 2507 3654 archiepiscopo.

2122 3670 2345 3734 Quibus
2374 3671 3132 3748 genitibus(a),quantisque
3158 3674 3433 3750 lacrymis
3447 3677 3700 3739 ﬁliorum

2053 3758 2395 3815 discrimina
2423 3763 2703 3833 paternus
2729 3763 2971 3819 allectus
3016 3765 3322 3822 condolere
3370 3765 3576 3837 soleat,
3607 3784 3705 3823 ve-

2055 3866 2186 3904 rum
2209 3848 2386 3905 etiam
2417 3855 2959 3923 oporteat,vestram
2990 3853 3133 3909 satis
3166 3854 3436 3913 novimus
3458 3855 3705 3930 experiri

2054 3936 2447 4008 prudentiam.
2483 3941 2847 4012 Quapropter
2875 3941 3189 3997 infulatum
3240 3945 3416 4001 vestri
3455 3945 3702 4015 ardoris,

2054 4026 2446 4082 ecclesiastico
2480 4025 2631 4082 lacte
2661 4028 2888 4094 nutriti,
2923 4035 2980 4085 et
3001 4029 3071 4085 ad
3104 4030 3325 4087 solidos
3351 4032 3707 4105 praedicatio-

2053 4114 2147 4169 nis
2186 4115 2480 4186 profectus
2525 4115 2811 4187 perducti,
2843 4116 3116 4173 volumus
3164 4135 3339 4175 nosse
3388 4120 3543 4191 quod
3593 4120 3705 4176 iste

2053 4202 2253 4258 Eriath
2276 4203 2347 4257 ad
2376 4202 2775 4275 apostolorum
2808 4204 3014 4260 limina
3046 4206 3706 4280 confugerit,indulgen-

2056 4290 2199 4346 tiam
2228 4290 2580 4363 postulando
2612 4309 2789 4365 super
2817 4311 2885 4349 ea
2916 4311 3091 4367 quam
3124 4295 3372 4351 incurrit
3401 4295 3703 4352 homicidii

2057 4374 2290 4436 nexam.
2325 4381 2568 4437 Ferebat
2604 4399 2667 4438 se
2713 4382 2917 4455 utique
2949 4385 3265 4456 quemdam
3298 4385 3703 4457 presbyterum

2057 4474 2235 4542 atque
2265 4470 2621 4527 monachum
2664 4471 2810 4526 nihil
2855 4488 2991 4528 eum
3042 4477 3229 4529 morte
3278 4474 3522 4547 dignum
3553 4472 3703 4535 occi-

1979 4582 2027 4647 D
2059 4559 2215 4615 disse
2249 4576 2262 4614 :
2297 4560 2451 4617 unde
2484 4565 2542 4616 et
2568 4560 2864 4617 humiliter
2891 4562 3236 4618 ostendebat
3262 4578 3324 4619 se
3354 4562 3707 4635 paenitentiae

2056 4648 2202 4705 velle
2231 4648 2380 4705 colla
2409 4649 2772 4705 submittere.
2806 4650 3054 4723 ldeoque
3102 4667 3210 4707 nos
3236 4652 3286 4708 ei
3319 4651 3705 4724 injunximus,

2064 4742 2126 4793 ut
2154 4738 2462 4794 duodecim
2491 4756 2779 4801 annorum
2811 4744 2969 4795 meta
3008 4741 3325 4796 terminum
3355 4741 3708 4813 paenitentiae

2062 4826 2173 4883 sibi
2208 4827 2481 4898 injunctaz
2514 4827 2855 4884 includeret.
2880 4831 3137 4895 Quorum
3170 4828 3359 4886 tribus
3390 4830 3708 4903 prioribus,

2063 4920 2198 4972 ante
2228 4917 2380 4973 fores
2412 4917 2664 4973 ecclesia)
2694 4917 2966 4990 lugendo,
3001 4918 3298 4992 singultus
3328 4920 3551 4978 edendo
3601 4920 3712 4975 mi-

2066 5004 2443 5061 sericordiam
2476 5023 2510 5062 a
2539 5006 2785 5062 Domino
2816 5007 3095 5080 consequi
3124 5008 3399 5066 festinare
3422 5015 3706 5083 procuret.

2063 5094 2279 5158 Quarto
2310 5095 2732 5167 deinde,atque
2762 5095 3170 5167 quintoyinter
3195 5099 3495 5155 auditores
3524 5097 3709 5154 omni-

2062 5188 2356 5255 potentem
2387 5199 2622 5240 exorare
2653 5185 2908 5253 studeat,
2944 5186 3166 5259 absque
3197 5187 3456 5259 corporis
3483 5190 3540 5241 et
3576 5201 3709 5240 san-

2063 5272 2260 5345 guinis
2289 5272 2522 5328 Domini
2556 5273 2943 5346 susceptione.
2979 5275 3251 5333 Residuis
3298 5279 3575 5348 praaterea
3620 5290 3710 5329 se-

2064 5420 2147 5491 rio
2174 5418 2351 5472 sancti
2382 5416 2627 5491 Richarii
2653 5417 2848 5491 occidit
2886 5435 2986 5491 pro
3029 5436 3133 5491 quo
3177 5417 3404 5491 domnus
3429 5433 3576 5489 papa
3614 5417 3711 5474 Ni-

2063 5490 2248 5567 cotaus
2280 5491 2487 5544 litteras
2515 5489 2694 5567 eidem
2716 5487 2911 5546 domno
2932 5487 3229 5547 Hidcmaro
3249 5487 3526 5548 direxerat
3538 5491 3715 5567 pleni-

2064 5562 2251 5619 tentia:
2278 5568 2517 5618 tenorem
2547 5563 2897 5621 continentes.
