4098 6186
309 316 465 379 1125

1523 317 1931 384 EPISTOLIE
1973 325 2074 387 ET
2119 325 2505 390 DECRETA.

3560 337 3717 399 H26

308 454 601 524 cujusque
626 447 883 507 ecclesiae
912 455 1162 524 possunt
1190 452 1335 521 fieri,
1361 453 1512 509 sicut
1531 454 1590 510 in
1624 459 1829 512 sancta
1850 457 1957 514 hac
1987 461 2034 526 Α
2067 467 2213 515 ctum
2241 477 2424 517 coram
2452 465 2582 518 Deo.
2615 464 3001 521 Paenitentiam
3034 467 3216 538 itaque
3244 485 3345 537 age
3369 470 3437 525 ab
3465 472 3566 526 hac
3614 489 3718 529 nc-

309 542 594 607 Romana,
625 538 718 595 cui
765 540 882 595 Deo
927 545 1162 597 auctore
1205 542 1598 599 ministerium
1641 545 1959 602 famulatus

308 630 493 687 nostri
526 629 1161 697 exhibemus,Ecclesia
1190 631 1529 688 solemniter
1549 634 1673 689 ﬁeri
1700 651 1960 708 compro-

306 719 503 776 batur.

1017 816 1246 873 CXXIV.

480 923 553 962 ΑΙ)
589 922 854 962 JOANNEM
891 922 1393 963 ARCHIEPISCOPUM
1420 925 1778 965 RAENNATEM.
1866 938 1869 947 λ

970 996 1134 1051 Anno
1165 997 1288 1051 867.

970 998 1134 1051 Anno
1165 998 1288 1051 867.

304 1097 390 1148 De
420 1093 537 1148 illis
566 1093 683 1164 qui,
714 998 981 1177 uxoribu;
1005 999 1414 1177 suis_digni.:sis,
1446 1095 1515 1151 ad
1545 1096 1687 1151 alias
1732 1098 1959 1168 nuptias

962 1172 1307 1221 transierint.

898 1253 1038 1324 [lvo,
1072 1270 1190 1322 vm,
1221 1255 1371 1326 221.]

376 1378 685 1445 NICOLAUS,
718 1377 1154 1450 archiepiscopo
1186 1378 1490 1435 Ravennae.

376 1468 456 1523 De
479 1467 766 1523 senatoris
788 1468 1059 1541 conjuge,
1093 1485 1273 1541 quam
1305 1468 1628 1525 adulteram
1663 1487 1793 1526 esse
1814 1470 1954 1526 dici-

299 1556 381 1612 tis
430 1560 489 1612 et
519 1560 756 1628 propter
785 1556 1056 1612 adulterii
1094 1561 1321 1613 reatum
1370 1558 1727 1630 disjunctam
1769 1577 1803 1615 a
1831 1560 1955 1615 viro

300 1662 411 1702 suo
428 1662 557 1701 esse
568 1645 981 1716 judicatam,et
1002 1645 1408 1702 monachicam
1427 1652 1646 1703 vestem
1662 1647 1952 1716 indutam,

302 1740 482 1807 atque
512 1734 783 1801 velatam,
817 1734 1115 1791 nescimus
1145 1739 1346 1791 utrum
1371 1737 1530 1808 juste
1553 1754 1625 1792 an
1657 1736 1826 1793 aliter
1846 1737 1955 1793 hoc

300 1823 381 1879 sit
410 1823 788 1879 terminatum
816 1824 1139 1896 judicium;
1173 1828 1232 1880 et
1271 1825 1321 1881 si
1368 1824 1634 1882 adultera
1663 1826 1957 1899 apparuit,
1988 1829 2035 1894 Β

301 1912 415 1968 hoc
432 1913 623 1986 magis
643 1930 678 1967 a
695 1912 819 1968 viro
842 1929 947 1968 suo
970 1913 1176 1969 debuit
1196 1930 1325 1970 esse
1348 1914 1699 1987 inquisitum
1725 1932 1738 1971 :
1759 1919 1816 1970 et
1845 1916 1894 1971 si
1925 1933 1961 1972 a

301 2000 425 2057 viro
468 2018 575 2057 suo
606 2000 955 2073 requisitum
987 2002 1114 2071 fuit,
1133 2001 1544 2075 indagatorum
1572 2002 1661 2059 vel
1685 2003 1957 2075 judicum

301 2090 618 2163 praesentia
646 2090 929 2146 debuerat
956 2091 1353 2147 examinatum
1385 2108 1532 2161 esse,
1565 2096 1740 2165 atque
1759 2092 1958 2149 termi-

302 2183 510 2234 natum
543 2195 557 2234 :
591 2183 648 2235 et
673 2183 808 2252 post
852 2179 1322 2237 terminationem
1374 2185 1431 2237 et
1479 2182 1959 2254 approbationem

302 2271 481 2340 atque
509 2268 1062 2338 manifestationem,
1094 2272 1234 2324 tunc
1263 2273 1364 2325 aut
1394 2268 1563 2342 legali
1597 2270 1820 2326 calculo
1860 2276 1962 2327 aut

300 2357 583 2413 canonico
606 2356 837 2428 judicio
868 2356 1057 2430 ipsius
1106 2374 1295 2414 causa:
1346 2358 1644 2414 sententiae
1694 2360 1956 2415 difﬂuiri.

305 2446 377 2500 Et
409 2445 458 2500 si
490 2463 593 2501 nec
624 2445 732 2502 hoc
765 2463 870 2502 nec
902 2445 1047 2501 illud
1082 2447 1299 2502 factum
1324 2453 1432 2516 est,
1458 2449 1591 2521 quis
1618 2466 1746 2504 eam
1779 2467 1961 2505 ausus

302 2540 396 2592 est
425 2534 699 2609 religiosa
731 2536 972 2592 induere
1002 2540 1158 2592 veste
1190 2540 1247 2592 et
1276 2554 1439 2593 sacro
1474 2538 1767 2610 cooperire
1806 2538 1958 2593 vela-

300 2624 508 2680 mine?
538 2625 759 2680 Tamen
782 2624 839 2679 id
867 2624 1148 2682 subtilius
1178 2626 1278 2682 Dei
1304 2643 1419 2698 prae
1446 2626 1632 2683 oculis
1680 2627 1961 2683 habentes

301 2713 597 2782 timorem,
614 2713 1008 2788 pracipimus,
1032 2718 1097 2769 ut
1127 2714 1435 2787 praesentia
1455 2715 1621 2771 missi
1641 2716 1730 2772 vel
1763 2715 1960 2771 vicarii

300 2802 505 2869 vestri,
541 2802 599 2856 in
626 2818 759 2858 vero
790 2802 1056 2858 examine
1078 2807 1359 2876 praesente
1388 2804 1510 2859 viro
1532 2821 1639 2860 suo
1671 2805 1963 2860 examina-

302 2892 390 2948 tio
422 2891 545 2946 ﬁat.
580 2892 647 2947 Et
677 2890 727 2946 si
758 2892 918 2963 iusta
947 2896 1003 2946 et
1030 2891 1393 2948 rationabilis
1422 2909 1627 2949 eorum
1658 2909 1837 2949 causa
1867 2910 1964 2965 ap-

304 2978 852 3052 paruerit,maneat.
885 2980 955 3034 Et
983 2978 1032 3035 si
1063 2977 1232 3035 aliter
1260 2979 1687 3053 apparuerit,ut
1710 2980 1963 3053 praetuli-

306 3085 468 3137 mus,
483 3068 810 3124 secundum
833 3068 933 3124 Dei
966 3068 1383 3141 omnipotentis
1403 3068 1761 3126 voluntatem
1785 3074 1960 3143 atque

308 3156 585 3212 timorem
617 3172 820 3213 eorum
853 3156 1168 3213 deﬁniatur
1193 3173 1389 3214 causa.

424 3387 497 3425 AI)
535 3386 892 3427 ADALW’INUM
921 3387 1415 3427 ARCHIEPISCOPUM
1443 3389 1858 3429 JUVANIENSEM.

674 3460 1112 3532 Fragmentum.
1145 3491 1216 3501 —
1245 3462 1432 3530 (Anno
1464 3459 1612 3533 867.)

312 3548 390 3603 De
419 3548 586 3604 vidua
615 3563 740 3620 quae
762 3557 883 3620 post
905 3557 1249 3621 assumptum
1274 3551 1785 3606 sanctimonialium
1816 3551 1968 3606 vela-

769 3636 893 3676 men
924 3621 995 3676 ad
1023 3623 1245 3693 nuptias
1270 3621 1513 3680 redierit.

832 3718 1022 3791 [Apud
1054 3719 1264 3787 Mansi,
1293 3718 1454 3793 ibid]

388 3834 674 3890 NICOLAUS
705 3833 1036 3906 episcopus,
1072 3850 1274 3892 servus
1314 3852 1615 3891 servorum
1662 3834 1778 3902 Dei,
1810 3851 1967 3891 reve-

312 3922 654 3978 rentissimo
674 3926 729 3978 et
750 3922 1125 3978 sanctissimo
1147 3924 1420 3979 confratri
1444 3928 1642 3979 nostro
1654 3926 1968 3979 ADALWINO

311 4014 532 4066 sanctis
551 4010 917 4066 Juvaviensis
940 4010 1213 4066 Ecclesiae
1244 4011 1699 4083 archiepiscopo.

386 4100 549 4166 Quod
581 4104 777 4156 autem
808 4099 1179 4172 interrogasti
1209 4101 1280 4155 de
1307 4099 1525 4155 femina
1546 4116 1672 4172 quas
1695 4104 1828 4173 post
1848 4100 1969 4156 obi-

309 4193 442 4244 tum
476 4188 673 4244 mariti
696 4188 790 4244 sui
821 4187 1084 4245 velamen
1114 4205 1345 4244 sacrum
1377 4205 1554 4260 super
1582 4194 1757 4261 caput
1791 4205 1968 4245 suum

312 4277 682 4349 imposuit,et
712 4277 879 4332 ﬁnxit
906 4294 967 4333 se
985 4277 1096 4332 sub
1112 4277 1317 4334 eodem
1345 4277 1633 4334 velamine
1653 4277 1971 4334 sanctimo-

312 4364 533 4422 nialem
562 4383 710 4434 esse,
745 4369 949 4439 postea
979 4367 1048 4421 ad
1082 4366 1321 4439 nuptias
1352 4366 1543 4433 rediit,
1575 4366 1794 4422 bonum
1825 4366 1970 4421 mihi

311 4452 549 4508 videtur
578 4454 719 4526 quia
746 4470 850 4526 per
880 4454 1215 4526 hypocrisin
1234 4454 1689 4511 ecclesiasticam
1708 4454 1970 4528 regulam

2069 550 2245 621 guitia
2276 557 2391 615 tua,
2421 558 2472 606 et
2502 567 2631 622 roga
2663 556 2858 620 Deum,
2880 560 2944 607 ut
2970 556 3111 626 forte
3138 558 3453 613 remittatur
3482 561 3584 615 tibi
3602 563 3720 618 haec

2065 639 2322 707 cogitatio
2351 638 2524 693 cerdis
2556 639 2656 694 tui.
2672 641 2734 694 In
2759 641 2890 712 felle
2918 643 3065 698 enim
3094 646 3562 715 amaritudinis,et
3581 650 3718 705 obli-

2064 728 2282 798 gatione
2325 722 2641 800 iniquitatis
2688 728 2842 785 video
2884 739 2932 786 te
2979 747 3090 787 esse
3119 734 3254 802 (Act.
3287 751 3409 802 VIII,
3442 737 3552 808 20).
3586 738 3720 793 Ideo

2065 814 2232 881 tales,
2264 814 2378 869 nisi
2420 815 2790 889 resipiscunt,
2825 817 3116 889 spirituali
3165 820 3359 893 gladio
3421 829 3722 896 percutere

2067 919 2395 960 censemus.
2410 904 2537 960 Non
2557 906 2716 960 enim
2747 906 2835 962 fas
2852 913 2941 962 est
2961 907 3205 980 Spiritui
3233 916 3435 967 sancto
3461 915 3718 982 mentiri,

2065 992 2219 1048 sicut
2263 993 2521 1049 Ananias
2569 998 2628 1050 et
2677 994 2925 1067 Saphira
2971 997 3203 1053 mentiti
3236 1004 3395 1068 sunt,
3431 1005 3488 1056 et
3518 1003 3718 1059 statim

2064 1081 2383 1154 perierunt.

2774 1173 3006 1230 CXXVI.

2624 1329 2633 1334 ’
2702 1279 2774 1317 AD
2812 1280 3077 1319 EUMDEM.

2418 1349 2858 1421 Fragmentum.
2893 1383 2961 1393 —
2987 1354 3172 1423 (Anno
3202 1356 3353 1427 867.)

2672 1438 2814 1512 [Ivo,
2845 1457 2926 1508 x1,
2962 1442 3108 1517 104.]

2132 1525 2336 1582 Clerici
2371 1526 2471 1599 qui
2503 1527 2563 1582 in
2598 1527 2993 1585 adolescentia
3023 1548 3056 1586 a
3085 1532 3449 1591 demonibus
3481 1552 3724 1609 cognos-

2062 1621 2277 1670 cuntur
2295 1615 2631 1685 obsessi,ad
2663 1618 3024 1690 superiorem
3058 1621 3207 1675 sacri
3251 1623 3552 1695 regiminis
3584 1641 3722 1698 gra-

2061 1704 2203 1759 dum
2235 1705 2508 1760 accedere
2541 1722 2655 1760 non
2684 1711 2954 1779 possunt.

2769 1813 3029 1870 CXXVII.

2708 1919 2782 1957 AD
2813 1920 3079 1959 EUMDEM.

2704 1992 2891 2060 (Anno
2921 1993 3071 2064 867.)

2069 2076 2218 2145 Quod
2268 2079 2548 2149 episcopus
2601 2079 2686 2134 vel
2734 2080 2964 2135 clericus
3020 2082 3177 2139 nullo
3227 2082 3384 2140 modo
3446 2088 3726 2144 venationi

2528 2164 2535 2167 ‘
2655 2149 2842 2207 debeat
2868 2152 3141 2209 insistere.

2692 2239 2832 2307 [Ivo,
2863 2258 2919 2308 v,
2954 2242 3106 2312 353.]

2139 2326 2426 2382 NICOLAUS
2456 2328 2771 2383 ADAmeo
2800 2328 3134 2386 Juvaviensi
3166 2332 3623 2406 archiepiscopo.

2139 2416 2537 2483 Quorumdam
2553 2415 2833 2472 relatione
2852 2417 3112 2473 ﬁdelium
3138 2420 3380 2475 auribus
3403 2423 3621 2478 nostris
3640 2422 3724 2478 in-

2068 2504 2341 2559 timatum
2375 2508 2462 2560 est
2484 2506 2639 2576 quod
2674 2507 2998 2563 Lanfrcdus
3023 2507 3461 2581 episcopus,qui
3484 2515 3541 2567 et
3560 2512 3725 2582 juve-

2070 2594 2162 2648 nis
2193 2610 2321 2649 esse
2355 2592 2589 2661 dicitur,
2622 2594 2914 2650 venationi
2946 2595 3023 2651 sit
3054 2597 3484 2661 deditus.Quod
3515 2598 3724 2656 vitium

2069 2681 2356 2753 plurimos
2369 2683 2545 2738 etiam
2567 2683 2637 2738 de
2661 2682 2911 2738 clericali
2934 2684 3195 2757 catalogo
3215 2702 3427 2758 genere
3441 2687 3727 2744 duntaxat

2069 2770 2390 2826 Germanos
2422 2775 2479 2826 et
2499 2770 2694 2827 Gallos
2722 2771 3103 2829 irreverentes
3126 2772 3213 2847 [f.,
3238 2777 3584 2847 reverentes]
3611 2776 3724 2832 im-

2070 2858 2267 2931 plicat.
2300 2858 2517 2914 Verum
2549 2860 2679 2926 iste,
2712 2860 2761 2915 si
2790 2860 2904 2917 ista
2934 2865 3023 2916 est
3051 2866 3117 2917 ut
3145 2861 3724 2932 audivimus,merito

2060 2946 2296 3019 juvenis
2317 2946 2655 3019 dicitur,qui
2669 2948 3031 3019 juvenilibus
3052 2949 3360 3006 desideriis
3377 2957 3722 3025 occupatus,

2068 3035 2233 3091 nulla
2261 3053 2469 3107 senum
2500 3037 2784 3109 gravitate
2813 3039 3258 3112 constringitur.

2140 3125 2290 3180 Item.
2324 3124 2368 3180 Ο
2399 3123 2675 3181 miseram
2705 3125 2885 3181 vitam
2908 3126 3218 3183 hominum
3254 3131 3311 3184 et
3342 3129 3596 3186 maxime
3627 3147 3725 3187 sa-

1991 3197 2033 3263 C
2070 3212 2402 3269 cerdotum!
2428 3212 2549 3285 qui,
2584 3215 2725 3270 dum
2751 3213 3054 3272 lucrandis
3082 3216 3357 3274 fidelibus
3387 3218 3605 3275 debent
3636 3219 3726 3274 in-

2078 3302 2303 3369 sistere,
2329 3302 2610 3357 venandis
2642 3303 2778 3359 feris
2818 3304 3187 3374 incumbunt,
3222 3310 3280 3361 et
3330 3324 3478 3380 quos
3524 3324 3729 3380 capere

2079 3394 2306 3461 Oportet
2335 3389 2623 3457 homines,
2657 3390 2899 3462 capiunt
2919 3408 3053 3448 aves
3082 3396 3140 3448 et
3171 3392 3419 3461 bestias;
3453 3394 3553 3466 qui
3584 3395 3729 3451 dum

2078 3478 2367 3533 mortibus
2399 3478 2638 3533 student
2665 3478 3267 3547 animantium,vitam
3300 3498 3542 3538 suarum
3565 3483 3731 3538 amit-

2076 3570 2211 3621 tunt
2242 3566 2603 3622 animarum!
2637 3567 2680 3623 Ο
2710 3562 3002 3625 infelicem
3052 3570 3234 3625 vitam
3281 3587 3458 3643 super
3495 3588 3730 3627 omnem

2075 3653 2296 3711 vitam?
2316 3655 2463 3711 Nam
2484 3656 2544 3711 in
2575 3673 2691 3728 quo
2715 3657 2903 3730 magis
2924 3658 3174 3731 quisque
3206 3659 3460 3715 carnalis
3489 3666 3735 3733 apparet

2077 3760 2257 3823 quam
2286 3743 2346 3799 in
2375 3743 2479 3800 tali
2507 3744 2664 3801 vita?
2684 3745 3039 3803 Venatorum
3072 3747 3230 3803 enim
3260 3748 3377 3804 vita
3416 3748 3500 3804 nil
3526 3755 3736 3821 praeter

2077 3850 2283 3889 carnes
2313 3833 2488 3907 capit,
2522 3834 2581 3889 in
2605 3852 2722 3907 qua
2758 3836 2902 3891 dum
2933 3836 3183 3909 quisque
3228 3837 3554 3910 permansit
3582 3856 3733 3894 nun-

2078 3938 2254 3994 quam
2269 3924 2550 3995 probatus
2563 3934 2666 3981 est.
2683 3925 2926 3993 Nam,ut
2946 3927 3151 3982 beatus
3169 3926 3313 3983 dixit
3323 3926 3733 4001 Hieronymus.

2072 4016 2404 4066 venatorem
2426 4029 2728 4084 nunquam
2745 4013 2997 4085 legimus
3011 4015 3406 4071 sanctum.Vaa
3424 4015 3732 4087 hujusmo-

2075 4099 2136 4153 di
2172 4098 2542 4170 praesulibus,
2575 4100 2676 4171 qui
2709 4101 2851 4155 dum
2885 4102 3101 4157 debent
3132 4103 3388 4170 Petrum,
3415 4103 3732 4170 Andream,

2075 4187 2359 4243 Jacobum
2382 4191 2438 4243 et
2456 4189 2990 4261 Joannem,quibus
3013 4207 3047 4245 a
3074 4190 3322 4245 Domino
3355 4190 3581 4246 dictum
3603 4196 3729 4247 est:

2076 4275 2282 4331 Venite
2331 4281 2463 4348 post
2508 4293 2622 4348 me,
2657 4276 2865 4332 faciam
2911 4294 3013 4333 vos
3067 4278 3387 4356 piscatores
3424 4278 3733 4334 hominum

2078 4366 2285 4434 (Matth.
2317 4383 2374 4422 1v
2392 4374 2443 4422 et
2472 4371 2646 4423 Marc.
2672 4366 2734 4438 1),
2772 4367 2843 4422 ad
2876 4366 3266 4424 imitationem
3299 4384 3467 4424 suam
3499 4367 3732 4442 eligere,

2081 4471 2332 4527 quorum
2364 4460 2422 4511 et
2447 4454 2721 4529 discipuli
2754 4462 2926 4511 sunt:
2963 4456 3149 4529 magis
3194 4456 3445 4513 Nemrod
3476 4460 3643 4526 (Gen.
3676 4460 3735 4528 χ)

313 4543 668 4599 conturbare
698 4542 900 4613 voluit,
929 4548 985 4599 et
1018 4560 1133 4599 non
1165 4542 1424 4617 legitime
1456 4542 1515 4598 in
1549 4547 1676 4598 voto
1708 4560 1813 4599 suo
1839 4560 1970 4616 per-
1998 4570 2046 4635 D
2080 4548 2138 4598 et
2194 4543 2502 4600 Ismaelem
2551 4544 2701 4615 (Gen.
2734 4545 2874 4616 xxx),
2926 4548 3101 4617 atque
3156 4544 3309 4601 Esau
3359 4546 3658 4635 (densxxv
3683 4554 3737 4602 et

313 4629 560 4698 mansit,
579 4633 638 4685 ut
658 4629 1061 4702 paenitentiam
1092 4635 1227 4704 agat
1247 4631 1317 4687 de
1346 4628 1621 4686 illusione
1635 4631 1973 4703 nefanda,et
1998 4628 2039 4635 “
2080 4633 2255 4705 xxvu)
2286 4633 2562 4705 reprobos
2594 4632 2920 4700 imitantur,
2951 4633 3051 4705 qui
3083 4633 3424 4704 hujusmodi
3458 4634 3733 4690 adiuven-

311 4723 642 4775 revertatur
665 4719 737 4775 ad
767 4718 826 4774 id
858 4720 1016 4791 quod
1052 4720 1385 4792 spopondit,
1401 4724 1459 4775 et
1488 4720 1547 4775 in
1574 4736 1739 4776 sacro
1768 4737 1972 4777 mona-

310 4807 493 4863 sterio
524 4807 998 4864 inchoavit.Nam
1030 4808 1078 4864 si
1102 4808 1574 4865 consenserimus
1600 4809 1756 4881 quod
1778 4809 1976 4865 omnia

309 4899 683 4951 sacramenta
701 4896 1100 4954 ecclesiastica
1127 4897 1382 4969 quisque
1411 4902 1587 4970 prout
1608 4896 1736 4954 vult
1765 4898 1969 4971 ﬁngat,

309 4990 370 5042 et
399 5001 517 5040 non
538 5002 673 5041 vere
697 4986 1091 5056 faciat,omuis
1107 4987 1248 5043 ordo
1268 4985 1698 5043 ecclesiasticus
1729 4992 1819 5042 est
1854 4991 1975 5042 tur-

310 5075 633 5142 batus,ncc
664 5075 964 5132 catholicae
996 5076 1131 5132 ﬁdei
1147 5077 1287 5147 jura
1316 5075 1780 5147 consistunt,nec
1804 5092 1975 5131 cano-

310 5180 420 5221 nes
452 5164 604 5220 sacri
635 5164 742 5221 rite
773 5165 1176 5221 observantur.
1196 5165 1343 5231 Quid
1375 5164 1531 5221 enim
1553 5164 1772 5237 profuit
1790 5165 1974 5221 Simo-

309 5253 373 5308 ni
394 5256 562 5326 Mago
591 5254 955 5327 baptismum
1000 5270 1233 5309 sacrum
1282 5255 1413 5311 ficte
1458 5254 1774 5327 suscipere,
1807 5258 1866 5310 et
1910 5253 1970 5308 in

310 5341 752 5399 Christianitate
780 5360 1235 5416 permansurum
1282 5359 1345 5399 se
1395 5343 1655 5410 ﬁnxisse,
1683 5359 1818 5398 cum
1868 5359 1972 5415 per

308 5430 890 5504 apostolum,traude
921 5433 1051 5505 ejus
1079 5432 1331 5499 decreta,
1366 5432 1520 5505 quod
1562 5432 1673 5488 sibi
1704 5432 1968 5488 futurum

308 5524 491 5588 esset,
523 5522 981 5595 pramuntiatum
1039 5521 1166 5577 est?
1194 5521 1291 5576 Ait
1340 5522 1497 5577 enim
1533 5538 1546 5578 :
1578 5522 1822 5577 Pecunia
1871 5530 1968 5578 tua

305 5618 491 5672 tecum
531 5613 607 5669 sit
647 5611 709 5669 in
748 5611 1057 5687 perditione
1085 5629 1105 5668 .-
1134 5626 1227 5668 cor
1253 5611 1402 5670 enim
1430 5618 1587 5668 tuum
1612 5626 1723 5668 non
1751 5618 1831 5667 est
1872 5626 1965 5669 re-

2082 4720 2341 4777 tionibus
2372 4721 2712 4779 incubuisse
2742 4721 3090 4777 referuntur.
3111 4721 3507 4778 Nihilominus
3536 4726 3734 4779 autem

2083 4810 2154 4865 de
2203 4809 2312 4864 hoc
2358 4809 2629 4882 episcopo
2690 4810 2938 4865 relatum
2991 4814 3080 4865 est
3137 4809 3488 4882 apostolatui
3535 4816 3735 4868 nostro

2082 4898 2238 4971 quod
2269 4915 2404 4953 cum
2436 4899 2690 4971 quadam
2742 4898 2862 4953 ﬁlia
2903 4916 3011 4955 sua
3058 4898 3508 4955 immoderatam
3538 4903 3735 4957 teneat

2082 4985 2563 5058 familiaritatem,
2586 4992 2644 5043 et
2673 4988 2745 5043 ob
2779 4987 2835 5042 id
2869 4986 3024 5043 mala
3050 4988 3207 5044 fama
3246 4988 3298 5045 ei
3329 4994 3458 5045 orta
3489 4989 3598 5045 sit:
3629 5006 3733 5062 pro

2082 5093 2200 5149 qua
2231 5093 2291 5131 re
2321 5093 2355 5132 a
2386 5076 2694 5131 sanctitate
2723 5080 2827 5132 tua
2855 5076 3196 5150 caeterisque
3226 5078 3586 5152 coepiscopis
3607 5078 3732 5134 suis

2082 5164 2472 5221 commonitus
2504 5181 2569 5219 ac
2595 5168 2896 5237 correptus
2925 5169 3032 5233 est,
3051 5166 3150 5221 sed
3185 5166 3523 5223 nullatenus
3541 5183 3736 5222 emen-

2081 5255 2275 5309 datus.
2291 5255 2424 5319 Quae
2442 5270 2533 5309 res
2564 5253 2622 5309 in
2655 5252 2765 5309 hoc
2788 5253 3039 5312 maxime
3070 5254 3362 5328 displicet,
3378 5262 3436 5312 et
3452 5254 3642 5328 magis
3664 5270 3732 5310 ac

2080 5341 2271 5415 magis
2321 5342 2391 5397 de
2422 5359 2484 5397 se
2513 5342 2858 5399 deteriorem
2889 5343 3082 5400 reddit
3112 5344 3467 5416 opinionem.
3503 5349 3569 5398 In
3616 5359 3734 5416 quo

2081 5430 2431 5487 beatitudini
2455 5434 2567 5485 tua:
2589 5434 2646 5486 et
2657 5431 3134 5505 coepiscoporum
3150 5447 3390 5486 suorum
3408 5431 3735 5489 rationibus
3788 5460 3799 5465 η

2080 5537 2196 5577 non
2229 5519 2426 5576 obedit
2456 5523 2513 5574 et
2542 5535 2645 5592 per
2670 5519 3126 5578 inobedientiam
3156 5518 3216 5574 in
3260 5518 3495 5591 culpam
3541 5524 3735 5593 proto-

2074 5610 2250 5688 plasti
2274 5608 2573 5669 relabitur.
2592 5610 2835 5688 Oportet
2850 5627 2986 5688 ergo
3007 5609 3431 5699 fraternitatem
3452 5614 3615 5671 tuam
3648 5629 3740 5694 sy-
