4098 6186
398 262 552 324 ΗΞἿ

1762 241 2080 306 NICOLAI
2122 239 2354 303 PAPIE
2395 239 2443 302 Ι.

3654 230 3825 291 ΜΞ

396 392 607 450 nodato
636 406 770 447 cum
788 386 1077 461 episcopis
1099 389 1157 442 et
1184 381 1568 455 suti’raganeis
1588 380 1706 436 tuis
1728 395 2042 435 convocare
2071 381 2126 446 Α
2156 378 2214 431 et
2244 376 2582 430 accusatore
2601 371 2756 443 quod
2779 370 3070 441 objecerat
3084 362 3814 440 eompmbante,clericum

396 481 731 547 concilium,
763 483 820 535 et
847 478 1004 533 hunc
1035 474 1392 531 salutaribus
1422 468 1671 543 eloquiis
1702 469 2043 542 episcopum
2154 464 2344 536 privat
2371 461 2606 537 proprio
2636 461 2844 535 gradu.

395 569 723 640 convenire,
739 572 911 640 atque
934 564 1018 620 illi
1050 560 1328 637 pastorali
1357 560 1700 617 auctoritate
1734 557 2046 630 praecipere

396 665 690 732 quatenus
719 659 776 713 et
804 656 876 711 ab
899 653 1163 711 omnium
1187 650 1509 707 bestiarum
1540 652 1599 704 et
1617 646 1921 703 volucrum
1950 661 2045 701 ve-

396 749 630 805 natione
659 746 893 819 penitus
921 743 1151 799 alienus
1180 742 1407 806 cxistat,
1442 743 1616 810 atque
1660 736 2047 792 immoderata

398 838 530 893 tiliae
562 852 683 891 sua:
708 832 1105 890 familiaritate
1127 830 1511 901 semetipsum
1535 826 1871 883 omnimodo
1893 840 2049 880 coer-

396 930 539 983 ceat.
556 924 716 992 Quod
740 923 789 979 si
817 938 1018 995 parere
1048 918 1559 992 contempserit,et
1588 921 1708 972 tam
1739 932 1842 987 pro
1872 931 2044 969 vena-

395 1016 574 1072 tionis
605 1012 993 1070 declinatione
1024 1027 1201 1082 quam
1232 1025 1333 1083 pro
1364 1007 1753 1062 immoderata
1774 1003 1903 1083 tiliae
1927 1019 2044 1058 sue

392 1104 629 1160 vitanda
648 1099 1114 1166 conversatione;
1135 1098 1299 1154 vobis
1329 1094 1783 1153 admonentibus
1812 1075 2047 1149 obedire

395 1192 707 1260 distulerit,
732 1208 767 1247 a
794 1193 983 1245 vestro
1017 1187 1259 1262 collegio
1281 1183 1823 1242 excommunicatus
1854 1182 2049 1237 absce-

394 1283 514 1338 dat.
547 1283 707 1350 Quod
742 1281 789 1336 si
823 1280 881 1334 in
914 1279 1023 1334 hoc
1053 1282 1368 1334 contumax
1394 1275 1585 1331 adhuc
1625 1272 1980 1346 apparuerit,
2013 1288 2047 1327 a

396 1371 725 1429 ministerio
758 1385 990 1424 cessare
1018 1365 1271 1423 debebit.

1081 1507 1370 1565 CXXVIII.

1035 1616 1107 1655 AD
1146 1614 1407 1654 EUMDBM.

1039 1699 1224 1767 (Anno
1260 1694 1407 1766 867.)

397 1801 652 1872 Episcopo
678 1796 1025 1872 infirmante,
1044 1795 1161 1849 nisi
1186 1793 1251 1848 de
1279 1793 1379 1872 hoc
1404 1791 1890 1872 pitemigraverit,
1910 1791 2050 1872 alter

465 1862 987 1997 Ζϐοἷὲξῖιὺεὶἱιυαιτιν,
1020 1882 1092 1921 ne
1139 1864 1414 1921 commissi
1459 1862 1653 1918 talenti
1694 1862 2049 1933 pulchritudo

642 1957 729 1996 ur.

466 2065 749 2122 NICOLAUS
775 2065 1091 2119 ADALWINO
1119 2058 1451 2117 Juvaviensi
1484 2057 1939 2130 archiepiscopo.

468 2154 775 2210 Pontiﬁces
802 2151 903 2225 qui
934 2150 1133 2223 aliqua
1178 2152 1537 2221 occupantur
1585 2147 1924 2202 infirmitate
1960 2145 2046 2201 vel

395 2242 761 2317 aegritudine,
795 2239 1107 2313 abjiciendi
1139 2256 1256 2294 non
1289 2241 1449 2303 sunt,
1486 2253 1591 2292 nec
1622 2235 1767 2291 alios
1816 2236 1877 2290 in
1923 2234 2047 2291 loco

395 2348 600 2387 eorum
631 2328 957 2386 consecrari
990 2332 1239 2399 oportet,
1283 2324 1395 2382 nisi
1425 2342 1493 2380 ex
1524 2324 1632 2381 hac
1662 2324 1881 2380 fuerint
1920 2322 2049 2379 luce

398 2419 704 2475 subtracti.
738 2417 901 2483 Quod
934 2417 981 2471 si
1015 2417 1087 2471 de
1118 2414 1443 2469 ministerio
1474 2413 1586 2469 sibi
1617 2429 1892 2469 concesso
1911 2429 2050 2467 con-

398 2511 746 2579 querantur,
769 2523 897 2578 quas
929 2503 1088 2560 licita
1113 2507 1253 2559 sunt
1282 2503 1615 2558 sacerdotes
1662 2501 1949 2575 expleant.
1984 2506 2048 2557 In

398 2595 491 2651 bis
514 2611 648 2651 vero
680 2612 807 2667 quas
850 2592 935 2650 eis
983 2609 1335 2666 praesumere
1380 2609 1495 2647 non
1542 2590 1692 2658 licet,
1723 2589 2048 2646 vicinorum

398 2701 585 2757 usque
615 2686 685 2740 ad
740 2682 1199 2757 recuperandam
1251 2680 1564 2737 sanitatem
1612 2679 2045 2753 episccporum,

398 2773 614 2831 auxilia
670 2773 1094 2847 subrogantur;
1124 2776 1182 2828 et
1226 2770 1333 2826 hoc
1378 2786 1512 2826 cum
1559 2768 1797 2825 cautelae
1855 2769 2049 2825 studio

398 2866 732 2935 peragatur,
757 2879 830 2919 ne
861 2879 964 2935 per
992 2860 1359 2918 necessitatis
1381 2859 1744 2915 occasionem
1773 2875 2051 2931 presum-

398 2951 615 3025 ptionis
642 2951 892 3023 pullulet
911 2948 1459 3022 ambitio.Episcopi
1480 2965 1613 3004 vero
1635 2947 1734 3020 qui
1765 2946 2052 3003 Dominici

2886 557 3089 613 CXXX.

2793 674 2866 712 AD
2897 672 3164 712 EUMDEM.

2794 756 2983 825 (Anno
3014 752 3167 822 867.)

2152 858 2216 912 Si
2244 858 2401 912 homo
2448 856 2655 928 aliquis
2697 854 2833 909 duas
2880 851 3199 928 spirituales
3243 855 3563 905 commatres
3612 847 3822 902 habere

2882 924 3079 979 valeat.

2782 1021 2919 1094 [Ivo,
2953 1039 2993 1089 ι,
3027 1020 3172 1088 437.)

2225 1132 2511 1187 NICOLAUS
2550 1135 2839 1186 SOLOMONI
2869 1126 3300 1185 Constantiensi
3331 1125 3627 1198 episcopo.

2226 1220 2570 1277 Sciscitatur
2591 1237 2625 1275 a
2644 1219 2812 1275 nobis
2833 1218 3116 1274 sanctitas
3126 1220 3317 1272 vestra
3331 1215 3381 1271 si
3398 1214 3616 1287 aliquis
3632 1214 3814 1269 homo

2155 1311 2303 1365 duas
2330 1308 2623 1382 spiritales
2643 1311 2995 1365 commatres
3025 1306 3240 1363 habere
3260 1303 3655 1372 valeat,unam
3680 1306 3817 1376 post

2155 1397 2421 1454 alteram.
2454 1397 2518 1452 In
2550 1413 2665 1469 quo
2721 1394 3056 1453 fraternitas
3098 1398 3201 1449 tua
3247 1391 3593 1448 meminisse
3638 1392 3815 1447 debet

2156 1486 2441 1559 scriptum
2490 1502 2621 1541 esse
2653 1502 2665 1542 :
2695 1488 2883 1541 Erunt
2927 1484 3035 1539 duo
3082 1484 3143 1538 in
3187 1478 3355 1538 carne
3388 1498 3505 1537 una
3533 1480 3690 1547 (Gen.
3722 1481 3810 1551 ιι).

2158 1578 2363 1647 Itaque
2392 1592 2527 1631 cum
2559 1578 2786 1631 constet
2812 1574 2951 1647 quia
2977 1572 3067 1627 vir
3094 1577 3152 1627 et
3180 1588 3327 1628 uxor
3372 1587 3493 1626 una
3539 1584 3677 1625 caro
3707 1585 3814 1641 per

2156 1664 2515 1720 connubium
2548 1662 2900 1730 efficiuntur,
2916 1665 3098 1718 restat
3127 1659 3407 1717 nimirum
3437 1659 3631 1715 virum
3654 1673 3809 1714 com-

2076 1753 2125 1818 B
2155 1757 2381 1827 patrem
2412 1753 2690 1810 constitui
2722 1751 2804 1807 illi
2838 1750 3068 1807 mulieri
3099 1749 3194 1806 cui
3222 1749 3282 1804 in
3315 1747 3697 1805 matrimonio
3727 1763 3815 1802 as-

2158 1846 2396 1915 sumpta
2425 1859 2571 1898 uxor
2598 1845 2921 1898 commater
2945 1856 3074 1895 esse
3110 1838 3417 1894 videbatur
3446 1855 3460 1894 :
3494 1840 3556 1893 et
3601 1837 3816 1892 idcirco

2157 1931 2294 1988 licet
2322 1930 2513 1987 virum
2546 1930 2631 1986 illi
2663 1931 2892 1987 femina:
2924 1947 3041 1986 non
3073 1944 3244 2002 posse
3282 1927 3456 2002 jungi
3504 1926 3567 1982 in
3609 1923 3821 1998 copula

2156 2037 2284 2093 quae
2315 2024 2639 2077 commater
2667 2024 2791 2076 erat
2820 2020 2971 2091 ejus,
2998 2034 3132 2074 cum
3165 2033 3283 2089 qua
3312 2016 3468 2071 idem
3492 2032 3617 2070 una
3634 2014 3823 2069 fuerat

2157 2127 2290 2166 caro
2321 2112 2583 2167 effectus.

2868 2206 3097 2262 CXXXI.

2796 2322 2868 2361 AD
2908 2321 3173 2361 EUMDEM.

2513 2405 2952 2478 Fragmentum.
2986 2435 3054 2444 --
3086 2403 3273 2475 (Anno
3302 2401 3450 2472 867.)

2271 2504 2345 2559 De
2370 2504 2691 2575 paznitentia
2716 2500 3132 2575 parricidarum
3161 2507 3212 2556 et
3241 2501 3702 2555 incestuosorum.

2777 2599 2919 2665 [Ivo,
2950 2616 3007 2666 x,
3040 2598 3185 2665 485.]

2228 2700 2516 2757 Nncouws
2555 2698 2850 2755 SOLOMONI
2878 2695 3305 2754 Constantiensi
3335 2694 3635 2767 episcopo.

2228 2788 2471 2845 Constat
2500 2786 2844 2861 parricidas,
2879 2784 3226 2849 fratricidas,
3259 2788 3317 2840 et
3344 2783 3720 2839 incestuosos
3749 2780 3817 2835 de

2159 2877 2374 2950 quibus
2418 2875 2678 2933 consulis
2710 2879 2910 2932 utrum
2962 2874 3193 2948 possint
3219 2871 3493 2946 conjugio
3526 2869 3813 2943 copulari,

2158 2965 2559 3040 pcnnitcntiam
2581 2981 2773 3037 agere,
2788 2968 2847 3021 et
2866 2963 2995 3021 ideo
3017 2980 3132 3019 non
3156 2979 3329 3035 posse
3348 2958 3570 3017 carnali
3592 2957 3817 3031 copula

396 3041 591 3113 ετθεξίε
623 3045 1010 3113 susceperunt
1039 3056 1253 3129 cummi
1275 3042 1449 3129 αίίίἷλθ
1471 3036 1949 3103 εθῙῙίοίίυάίοθῖην
1977 3036 2049 3092 ab
2091 3121 2123 3129 _
2152 3036 2346 3129 jungi.
2378 3058 2532 3120 Quos
2563 3036 2791 3126 oportet
2821 3053 2880 3108 in
2911 3052 3180 3111 castitate
3206 3050 3480 3107 omnibus
3520 3048 3656 3105 vita)
3701 3062 3817 3111 suis

398 3129 911 3186 administratione
950 3146 1151 3218 eorum
1201 3128 1520 3218 discedere
1547 3143 1661 3183 non
1708 3129 1952 3198 oportet,
1986 3128 2054 3180 ut
2081 3121 2125 3189 C
2152 3121 2522 3218 'penwnanere,
2555 3121 2771 3197 m'enus
2821 3145 2880 3197 et
2925 3138 3204 3213 corporis,
3246 3142 3472 3195 servam
3532 3138 3819 3192 duntaxat

398 3219 617 3292 accepti
647 3218 849 3275 talenti
882 3217 1255 3290 pulchritudo
1286 3233 1401 3273 non
1432 3215 1715 3283 deleatur,
1749 3215 1850 3271 sed
1872 3218 2052 3270 certa-

398 3308 556 3365 mine
582 3324 785 3367 eorum
817 3307 1133 3364 salubriter
1163 3309 1445 3379 augeatur
1474 3309 1533 3361 et
1560 3304 1906 3377 triplicetur.

537 3549 610 3588 AD
642 3548 986 3588 SALOMONEM
1014 3545 1339 3586 EPISCOPUM
1377 3543 1901 3584 CONSTANTIENSEM.

758 3631 1196 3702 Fragmentum.
1229 3658 1298 3666 —
1326 3630 1517 3694 (Anno
1542 3628 1695 3695 867.)

400 3726 550 3795 Quod
574 3742 732 3782 nemo
760 3724 1132 3806 damnandus
1152 3726 1224 3780 sit
1422 3731 1616 3806 sponte
1647 3728 1937 3794 con/essm,
1968 3724 2051 3779 vel

930 3803 1188 3853 canonice
1217 3803 1516 3851 convictus.

1018 3894 1159 3967 [Ivo,
1188 3911 1266 3961 vn,
1301 3894 1446 3966 122.]

467 4022 739 4078 NICOLAUS
777 4021 1059 4077 SALOMONI
1090 4018 1522 4075 Constantiensi
1553 4018 1843 4092 episcopo.

469 4111 779 4184 Presbyter
790 4110 880 4165 vel
901 4110 1183 4166 diaconus
1204 4126 1379 4182 quem
1397 4109 1612 4165 asseris
1632 4109 1882 4165 crimina
1899 4108 2051 4165 nolle

397 4200 629 4274 publice
664 4200 947 4266 confiteri,
990 4200 1091 4255 sed
1122 4198 1267 4255 velle
1299 4215 1433 4254 cum
1460 4204 1828 4254 sacramento
1857 4200 2051 4255 defen-

396 4291 532 4345 dere
553 4293 701 4357 se,et
729 4293 924 4344 tamen
948 4292 1152 4343 notum
1184 4291 1275 4343 est
1304 4287 1575 4360 episcopo
1603 4304 1733 4342 essc
1764 4286 1955 4343 scelus
1977 4289 2049 4343 ab

395 4379 525 4451 ipso
554 4381 1098 4451 perpetratum,non
1132 4380 1321 4449 potest
1350 4392 1453 4449 per
1483 4375 1741 4448 aliquam
1773 4376 2051 4449 poeniten-

393 4468 535 4557 tiam
559 4466 904 4557 sacerdotali
925 4465 1015 4557 vel
1044 4464 1549 4557 diaconali-ofﬁcio
1580 4465 1776 4537 potiri.
1797 4466 1909 4522 Sed
1939 4466 2051 4521 mi-
2081 4492 2127 4557 D

394 4555 724 4620 randum,si
741 4555 866 4627 ipse
880 4571 983 4611 con
994 4554 1184 4610 fessus
1198 4571 1311 4609 non
1331 4554 1826 4626 fuerit,quomodo
1844 4559 2049 4612 notum

394 4645 581 4716 possit
610 4661 739 4701 esse
769 4644 1039 4717 episccpo
1088 4642 1283 4700 scelus
1331 4644 1402 4699 ab
1453 4643 1579 4715 ipso
1628 4648 2049 4716 perpetratum,

395 4732 510 4787 nisi
540 4737 877 4789 accusatore
908 4734 1052 4789 forte
1086 4732 1294 4787 idoneo
1326 4749 1428 4805 per
1456 4737 1637 4788 testes
1668 4733 1908 4789 idoneos
1949 4751 2049 4807 ap-

392 4823 696 4894 probante.
715 4822 875 4878 Unde
897 4822 945 4878 si
978 4822 1348 4878 examinante
1371 4822 1645 4894 episcopo
1666 4839 1904 4878 causam
1928 4840 2052 4895 pre-

392 4911 609 4984 sbyteri
639 4911 727 4966 vel
761 4912 1012 4978 diaconi,
1032 4929 1143 4966 non
1180 4910 1353 4965 fuerit
1374 4927 1477 4982 per
1497 4910 1736 4966 testium
1770 4912 2052 4983 approba-

390 5000 610 5057 tionem
639 5000 735 5055 ille
770 5001 1072 5073 presbyter
1100 4999 1188 5056 vel
1220 4998 1501 5055 diaconus
1552 5000 1700 5055 forte
1730 5001 2047 5067 convictus,

393 5106 505 5147 non
540 5093 631 5145 est
662 5087 853 5144 scelus
887 5088 1158 5160 episcopo
1186 5087 1443 5161 legitime
1466 5088 2047 5159 manifestatum,nisi

392 5179 695 5253 presbyter
714 5176 802 5232 vel
824 5176 1104 5233 diaconus
1130 5195 1239 5233 sua
1262 5181 1467 5250 sponte
1490 5176 1682 5234 scelus
1703 5178 1896 5251 ipsum
1918 5196 2050 5235 con-

392 5270 644 5324 ﬁteatur.
672 5266 833 5333 Quod
868 5266 981 5321 nisi
1014 5266 1479 5334 fecerit,interim
1512 5283 1627 5322 non
1649 5267 1919 5324 videmus
1943 5286 2049 5325 suo

392 5358 604 5414 debere
650 5356 1057 5429 presbyterum
1084 5354 1173 5410 vel
1223 5355 1538 5411 diaconum
1580 5355 1775 5413 ofﬁcio
1810 5357 2045 5431 privari.

390 5444 526 5501 Sola
552 5462 688 5518 ergo
718 5449 1040 5517 spontanee
1069 5443 1380 5510 confessio,
1405 5448 1463 5500 et
1492 5434 1812 5503 canonicus
1842 5464 2048 5504 nume-

393 5549 496 5595 rus
523 5534 612 5592 vel
661 5534 915 5610 qualitas
958 5531 1219 5607 testium,
1245 5532 1692 5593 decernentibus
1736 5535 2044 5615 episcopis,

2158 3237 2395 3306 propter
2424 3231 2887 3287 misericordiam
2918 3228 3095 3285 etiam
3129 3228 3283 3284 circa
3312 3226 3420 3283 hos
3448 3226 3606 3282 beati
3657 3241 3814 3299 papa:

2160 3321 2370 3378 Leonis
2400 3318 2679 3377 vicesima
2708 3323 2919 3392 quarta
2947 3315 3334 3374 Decretalium
3360 3313 3585 3388 regula.

2860 3443 3110 3503 CLXXII.

2282 3563 2352 3601 Αι)
2392 3560 2794 3602 SOLANITANUM
2822 3543 2906 3598 vet
2938 3554 3319 3597 SOLEMONIUM‘
3345 3554 3696 3594 swscoruu.

2517 3644 2955 3716 Fragmentum.
2991 3670 3057 3681 -
3090 3640 3276 3712 (Anno
3305 3638 3459 3706 867.)

2790 3738 2932 3809 [Ivo,
2966 3754 3009 3806 ι,
3043 3738 3187 3807 136.]

2229 3848 2518 3903 Νιαοωυθ
2550 3848 2881 3903 SOLmomo
2912 3843 3203 3919 episccpo.

2230 3938 2412 3992 Nosse
2442 3935 2741 3992 desideras
2774 3938 2974 3990 utrum
3007 3932 3221 3989 mulier
3248 3948 3376 4007 quae
3398 3929 3504 3986 viri
3538 3929 3732 3986 ﬁlium
3754 3944 3817 3985 ex

2160 4025 2276 4082 alia
2305 4024 2429 4080 ﬁlia
2456 4024 2722 4098 genitum
2756 4024 2827 4080 de
2858 4039 3025 4079 sacro
3056 4023 3212 4078 fonte
3240 4020 3539 4086 levaverit,
3564 4024 3820 4092 postmo—

2160 4115 2301 4171 dum
2333 4113 2521 4187 possit
2545 4130 2679 4169 cum
2729 4113 2934 4169 eodem
2985 4111 3110 4167 viro
3153 4107 3456 4183 copulari?
3485 4108 3646 4172 Quos
3696 4108 3819 4163 ideo

2151 4203 2324 4278 jungi
2349 4219 2519 4276 posse
2549 4201 2940 4270 decernimus,
2974 4200 3113 4273 quia
3140 4199 3465 4256 secundum
3497 4214 3705 4253 sacros
3734 4213 3815 4251 ca-

2160 4310 2343 4349 nones
2376 4292 2490 4348 nisi
2542 4291 2854 4347 amborum
2902 4305 3193 4346 consensu
3238 4287 3462 4343 nullius
3515 4284 3817 4359 religionis

2160 4382 2397 4439 obtentu
2432 4380 2603 4437 debet
2632 4380 2846 4451 conjux
2874 4378 3171 4434 dimittere
3198 4377 3531 4450 conjugem.
3568 4375 3819 4431 Pertinet

2160 4475 2353 4528 autem
2388 4472 2459 4526 ad
2489 4470 2697 4543 ingens
2730 4468 2929 4524 uxoris
2960 4466 3225 4535 exitium,
3245 4483 3377 4539 quae
3404 4464 3638 4520 habens
3688 4462 3816 4518 odio

2158 4560 2348 4615 virum
2376 4558 2464 4615 vel
2505 4556 2909 4613 inﬁrmitatem
2941 4556 3069 4627 ejus
3100 4572 3215 4610 non
3234 4549 3815 4623 considerans,quasi

2159 4666 2338 4705 causa
2366 4646 2603 4721 pietatis
2635 4649 2910 4718 operatur
2934 4644 3294 4718 impietatem
3328 4658 3341 4696 :
3376 4641 3638 4697 maxime
3685 4654 3814 4695 cum

2159 4737 2460 4811 prmcipiat
2486 4734 2800 4809 Apostolus
2835 4750 2848 4789 :
2882 4734 3085 4800 Nolite,
3119 4732 3414 4804 inquiens,
3436 4730 3710 4802 fraudans
3741 4730 3818 4783 in-

2158 4827 2480 4893 vicmn,nise
2508 4842 2578 4881 ex
2599 4839 2863 4881 consensu
2891 4822 2962 4878 ad
2992 4830 3200 4894 tempus
3232 4828 3294 4877 ut
3321 4821 3519 4877 vacetis
3538 4819 3813 4875 orationi:

2157 4924 2209 4973 et
2238 4919 2436 4972 iterum
2455 4914 2801 4970 revertimini
2821 4914 2881 4967 in
2903 4912 3239 4984 idipsumme
3258 4917 3425 4966 tentet
3440 4925 3533 4965 vos
3558 4908 3812 4974 Satanas,

2151 5013 2373 5077 propter
2404 5003 2862 5060 incontinentiam
2891 5010 3125 5056 vestram
3154 5001 3202 5068 (Ι
3229 5000 3351 5055 Cor.
3400 5001 3520 5065 vn).
3575 4997 3728 5069 Ergo
3766 4993 3811 5048 si

2157 5111 2272 5151 non
2303 5110 2371 5149 ex
2401 5108 2689 5149 consensu
2720 5090 3033 5163 utriusque
3062 5088 3330 5162 conjugis
3360 5087 3471 5143 hoc
3511 5102 3645 5142 esse
3694 5085 3809 5140 fae-

2157 5188 2284 5239 tum
2318 5181 2618 5255 probatur,
2653 5196 2768 5235 non
2798 5179 3147 5234 fraudentur
3172 5177 3443 5244 invicem,
3477 5174 3583 5231 sed
3633 5189 3808 5230 rever-

2157 5276 2360 5328 tantur
2389 5271 2449 5326 in
2480 5270 2739 5344 idipsum
2765 5284 2778 5322 :
2804 5267 3128 5340 praesertim
3177 5283 3312 5322 cum
3362 5264 3521 5320 dicat
3562 5266 3805 5335 Aposto-

2157 5361 2255 5418 lus
2280 5378 2293 5417 :
2322 5360 2474 5416 Uxor
2493 5361 2585 5415 sui
2611 5358 2855 5430 corporis
2880 5363 3198 5429 potestatem
3224 5371 3336 5411 non
3365 5353 3547 5420 habet,
3576 5350 3669 5409 sai
3698 5350 3802 5413 vir;

2158 5450 2243 5507 sic
2262 5452 2351 5507 vir
2363 5457 2680 5522 potestatem
2707 5464 2817 5504 non
2858 5445 3017 5503 habet
3042 5445 3134 5502 sui
3174 5445 3441 5519 corporis,
3469 5441 3566 5500 sed
3606 5439 3800 5498 mulier

2157 5538 2358 5621 (ibid.).
