4058 6174
138 374 291 433 “99

823 502 1102 558 CXXXIII.

295 611 372 650 AD
413 608 732 650 RODULFUM
771 608 1246 650 ARGBN'PINENSEM
1287 609 1632 650 EPISCOPUM.

504 682 940 753 Fragmentum.
974 711 1042 720 —
1072 683 1258 749 (Anno
1287 682 1435 752 867.)

461 772 537 826 De
564 769 806 840 quodam.
835 769 1127 825 matricida
1163 772 1474 840 paenitenda.

655 859 845 930 [Apud
879 859 1088 923 Mansi,
1123 859 1283 930 ibid]

207 968 503 1021 Nicouws
533 964 866 1036 cpiscopus,
898 981 1099 1019 servus
1129 981 1427 1018 servorum
1478 965 1602 1029 Doi,
1638 981 1794 1019 reve-

139 1055 481 1110 rentissimo
513 1057 572 1108 et
598 1052 970 1108 sanctissimo
1002 1053 1271 1108 Roouu‘o
1291 1053 1561 1124 episcopo
1582 1057 1796 1108 sanctis

140 1141 588 1217 Argentinensis
620 1141 906 1198 Ecclesia.

210 1234 370 1289 Dum
399 1233 476 1288 de
520 1231 811 1287 universis
860 1231 1064 1287 mundi
1117 1231 1384 1302 partibus
1430 1231 1802 1287 credentium-

141 1322 383 1395 agmina
401 1319 684 1393 principis
709 1319 1107 1391 apostolorum
1135 1320 1442 1376 liminibus
1464 1325 1795 1393 properant,

140 1409 388 1482 quidam
411 1409 502 1463 vir
530 1407 772 1464 nomine
798 1407 1020 1463 Thotar
1047 1407 1223 1475 venit,
1250 1413 1452 1463 vestrae
1484 1409 1798 1464 beatitudi-

141 1499 236 1555 nis
265 1497 579 1570 epistolam
603 1511 1020 1569 gerens,quam
1042 1502 1242 1553 nostro
1259 1497 1506 1552 contulit
1527 1497 1800 1570 praesula-

143 1587 254 1653 tui,
287 1587 470 1657 cujus
496 1585 772 1657 paginam
802 1583 1163 1656 perlegcntes
1213 1586 1579 1642 matricidam
1629 1585 1797 1641 illum

144 1693 274 1732 esse
301 1674 832 1747 cognovimus.Quo
856 1673 1003 1728 facto
1027 1674 1228 1729 multis
1251 1675 1482 1730 ﬂetibus
1504 1675 1801 1748 lacrymis-

145 1782 261 1837 que
293 1761 553 1835 profusis
583 1761 748 1817 valde
793 1761 1113 1828 doluimus,
1143 1762 1360 1819 idcirco
1409 1764 1799 1836 praecipimus,

147 1859 206 1909 et
237 1853 480 1908 Patrum
514 1851 804 1906 almorum
831 1851 1096 1906 censuris
1129 1851 1536 1919 statuimus,ut
1555 1854 1664 1908 sub
1689 1871 1802 1926 pcn-

147 1940 408 1997 nitentiaa
430 1941 579 2012 jugo
610 1944 984 2012 permaneat;
1019 1939 1100 1995 ita
1129 1945 1194 1996 ut
1225 1957 1327 2013 per
1355 1959 1537 1996 unum
1580 1959 1802 1997 annum

151 2028 462 2086 ecclesiam
495 2045 610 2084 non
642 2028 1026 2101 ingrediatur,
1060 2029 1160 2085 sed
1208 2033 1343 2085 ante
1374 2030 1524 2086 fores
1554 2030 1804 2086 basilicae

151 2124 326 2176 stans
350 2133 620 2183 orans,ac
651 2117 974 2188 deprecans
1001 2117 1182 2173 Deum
1206 2119 1809 2191 perseveret,qualiter

149 2213 320 2265 tanto
349 2206 634 2279 eripiatur
662 2204 1222 2278 piaculo.Completo
1243 2222 1378 2263 vero
1399 2208 1537 2262 anni
1568 2207 1808 2276 circulo,

147 2295 489 2353 introeundi
538 2295 600 2350 in
649 2293 956 2350 ecclesiam
1004 2294 1299 2350 licentiam
1348 2295 1578 2363 habeat,
1612 2300 1808 2352 tamen

150 2386 309 2442 inter
339 2384 646 2440 audientes
677 2387 809 2451 stet,
843 2386 908 2438 et.
928 2385 1196 2439 nondum?
1223 2385 1810 2441 commnnicet.Com-

152 2474 332 2548 pictis
362 2477 559 2528 autem
589 2471 768 2527 trium
797 2488 1087 2528 annorum
1119 2473 1427 2529 curriculis
1460 2491 1635 2530 sacrae
1657 2491 1812 2530 com-

155 2561 466 2620 munionis
495 2560 580 2616 illi
597 2561 790 2633 gratia
809 2562 1524 2620 concedatur.0blationes
1543 2580 1675 2620 vero
1695 2581 1812 2620 non

153 2650 508 2720 eﬂerat,nisi
527 2655 842 2722 postquam
859 2650 1114 2706 aliorum.
1131 2657 1351 2724 septem
1376 2669 1664 2708 annorum
1689 2670 1814 2708 cur-

156 2738 802 2812 riculaexpleanturln
819 2738 1126 2794 his'autem
1146 2739 1422 2796 omnibus
1445 2741 1614 2796 annis
1637 2746 1814 2812 atque

153 2828 525 2902 temporibus
549 2832 783 2884 carnem
802 2845 917 2883 non
936 2829 1381 2896 manducet,nec
1398 2830 1596 2884 vinum
1616 2831 1814 2884 bibere

157 2920 506 2991 pmumat,
537 2917 794 2988 exceptis
823 2916 987 2971 festis
1017 2916 1226 2972 diebus
1256 2922 1430 2990 atque
1469 2918 1811 2982 Dominicis,

156 3012 218 3064 et
251 3018 286 3062 a
315 3005 541 3061 Pascha
581 3022 768 3076 usque
812 3005 882 3060 ad
937 3005 1343 3072 Pentecosten;
1379 3010 1435 3060 et
1464 3012 1816 3078 quocunque

155 3097 252 3151 ire
281 3094 533 3149 voluerit
562 3093 723 3148 nullo
753 3093 1019 3149 vehiculo
1051 3095 1394 3162 deducatur,
1429 3096 1528 3150 sed
1570 3096 1816 3168 pedibus

155 3183 775 3258 proﬁciscatur.Arma
806 3199 919 3238 non
953 3187 1150 3238 sumat
1180 3182 1292 3238 nisi
1315 3188 1517 3240 contra
1536 3201 1813 3256 paganos.

155 3274 403 3343 Jejunet
433 3277 626 3327 autem
659 3275 774 3327 tres
805 3272 930 3327 dies
955 3289 1056 3344 per
1085 3272 1512 3328 hebdomadam
1537 3291 1722 3345 usque
1744 3275 1814 3329 ad

158 3363 554 3433 vesperamA
568 3360 800 3432 prepria
817 3377 887 3416 ac
901 3359 1162 3433 legitima
1179 3361 1414 3432 quidem
1434 3364 1680 3436 conjuge
1703 3381 1817 3419 non

159 3453 494 3523 separetur,
529 3466 608 3504 ne:
632 3449 690 3503 in
731 3449 1131 3504 fornicationis
1181 3451 1515 3521 voraginem
1566 3457 1817 3518 corruat,

164 3540 332 3612 quod
365 3555 437 3593 ne
461 3539 561 3594 fiat
580 3537 932 3609 optamus.Si
957 3543 1153 3594 autem
1178 3544 1311 3594 ante
1333 3539 1509 3594 trium
1533 3557 1818 3595 annorum

162 3643 413 3684 cursum
447 3626 584 3681 ﬁnis
613 3630 739 3681 vitae
771 3626 930 3682 illius
959 3628 1531 3699 oppropinquaverit,
1565 3629 1823 3702 corporis

165 3717 407 3774 Domini
431 3716 616 3772 nostri
635 3717 774 3772 Jesu
799 3717 1011 3772 Christi
1036 3717 1326 3790 particeps
1346 3720 1476 3786 fiat;
1497 3719 1820 3786 sin'autem,

163 3811 235 3862 ut
265 3823 450 3878 supra
477 3805 1134 3874 statuimus,efficiatur.
1165 3807 1384 3862 Tamen
1417 3809 1464 3862 si
1501 3807 1659 3863 illius
1688 3824 1826 3864 con-

159 3895 566 3952 versationem
597 3899 652 3950 et
682 3895 902 3951 fontem
935 3894 1328 3967 Iacrymarum
1363 3897 1420 3952 in
1453 3897 1728 3952 omnibus
1749 3897 1829 3952 vi-

161 3985 376 4041 deritis
409 3983 634 4039 ﬂoridis
664 3983 999 4039 actionibus
1027 3989 1086 4039 et
1113 3983 1352 4056 optimis
1393 3985 1667 4056 operibus
1698 3987 1827 4058 pul-

161 4071 708 4138 luiare,humanius
738 4071 892 4127 circa
920 4087 1056 4128 eum
1078 4077 1270 4129 vestra
1291 4072 1623 4129 sollicitudo
1647 4074 1830 4146 pervi‘

163 4161 251 4236 gil
285 4164 590 4234 appareat,
623 4161 905 4234 mitisque
936 4162 1692 4218 omnibusdemonstretur.
1715 4163 1829 4235 Op-

157 4256 368 4307 tamus
403 4266 506 4305 vos
536 4248 596 4304 in
627 4249 858 4306 Christo
888 4249 1035 4306 bene
1063 4249 1272 4306 valere.

865 4363 1145 4420 CXXXIV.

381 4471 456 4510 AD
497 4469 834 4510 GUIFREDUM
873 4470 1240 4510 MORINENSEM
1281 4471 1623 4511 EPISCOPUM.

541 4544 978 4616 Fragmentum.
1011 4575 1079 4584 -—
1109 4545 1296 4613 (Anno
1328 4547 1476 4617 867.)

392 4623 399 4629 ”
485 4636 567 4687 De
594 4633 792 4688 clerico
820 4635 920 4705 qui
942 4647 1223 4704 paganum
1251 4633 1524 4689 occiderit.

696 4729 884 4804 [Apud
919 4729 1128 4799 Mansi,
1164 4730 1317 4798 ibid.]

248 4845 542 4900 NICOLAUS
573 4845 892 4912 Germano,
929 4845 1277 4901 Morinensis
1303 4845 1569 4902 Ecclesia:
1609 4849 1831 4920 episco-

165 4950 271 5006 po.

1356 371 1763 434 EPISTOLIE
1805 371 1906 433 ET
1951 371 2306 432 DEGRETA
2322 414 2335 428 .

1814 505 1868 572 Α
1898 504 1980 560 ita
2008 502 2322 558 ridiculum
2354 505 2444 558 est
2491 506 2547 557 et
2592 500 3010 556 inconveniens
3059 498 3333 557 clericum
3384 520 3549 560 arma

3395 369 3424 431 i
3440 367 3552 434 I30

1903 593 2209 650 sustollere
2239 596 2294 648 et
2325 593 2397 647 ad
2431 590 2584 647 bella
2613 589 2944 662 procedere,
2977 607 3111 645 cum
3146 591 3360 646 Paulus
3390 609 3552 662 egre-

1901 685 2034 756 gius
2067 681 2410 756 praedicator
2438 681 2593 736 dicat
2625 697 2637 734 ε
2672 679 2836 735 Nemo
2865 681 3115 734 militans
3161 682 3270 734 Deo
3309 682 3560 751 implicat

1901 789 1960 827 se
1981 773 2215 840 negotiis
2241 771 2606 827 saecularibus
2636 770 2710 836 (II
2742 771 2874 824 Tim.
2912 785 2970 833 ιι,
3005 768 3092 839 li);
3127 785 3193 822 ac
3225 768 3308 822 sic
3333 768 3556 839 liquido

1901 876 2070 915 versa
2097 860 2240 925 vice,
2275 875 2448 914 nemo
2480 857 2743 913 militans
2766 856 2984 911 mundo
3014 853 3277 928 implicat
3300 873 3362 911 se
3385 871 3557 928 nego-
3623 861 3632 864 “

1905 948 2003 1004 tiis
2035 947 2461 1020 spiritualibus.

2606 1061 2855 1116 CXXXV.

2039 1169 2111 1209 AD
2151 1169 2406 1210 macrum
2449 1167 2514 1206 ενι·
2550 1167 2778 1206 οιειιυλι
2819 1153 3092 1206 Νοκεκειε
3133 1165 3424 1204 scccssw.

2265 1243 2701 1312 Fragmentum.
2737 1272 2803 1280 -—
2835 1241 3020 1308 (Anno
3051 1241 3201 1308 867.)

1903 1331 2036 1386 Sine
2064 1339 2200 1387 nutu
2231 1330 2373 1386 sedis
2393 1330 2706 1401 apostolica?
2732 1328 2958 1384 ecclesia
2987 1344 3098 1385 non
3122 1329 3276 1385 debet
3317 1329 3554 1384 institui.

2293 1417 2577 1490 [Gratiam
2614 1417 2679 1472 D.
2715 1434 2798 1485 ιιι,
2831 1417 2888 1471 d.
2926 1419 2974 1483 1,
3009 1433 3058 1472 c.
3090 1417 3168 1488 8.]

1977 1533 2255 1600 Ecclesia,
2289 1533 2344 1589 id
2381 1538 2470 1589 est
2501 1532 2921 1588 catholicorum
2959 1531 3219 1589 collectio
3268 1532 3559 1606 quomodo

1907 1625 2033 1680 sine
2063 1622 2393 1696 apostolica:
2417 1623 2573 1678 sedis
2597 1621 2938 1676 instituatur
2958 1623 3370 1694 nutu,quando
3388 1623 3561 1692 juxta

1907 1729 2071 1768 sacra
2101 1713 2332 1766 decreta
2361 1728 2464 1766 nec
2504 1711 2633 1782 ipsa
2680 1709 2851 1767 debet
2902 1711 3124 1782 absque
3173 1710 3557 1782 prazccptione

1908 1818 2068 1874 papae
2100 1799 2345 1856 basilica
2374 1799 2596 1854 noviter
2625 1799 2908 1867 construi,
2943 1815 3070 1871 quae
3102 1799 3291 1871 ipsam
3323 1798 3565 1853 catholi-

1831 1875 2109 1946 Bcorum
2168 1889 2323 1944 intra
2370 1892 2554 1944 semet
2607 1887 2877 1959 amplecti
2926 1894 3216 1944 catervam
3269 1887 3566 1961 dignosci-

1915 1983 2032 2034 tur.

2599 2093 2886 2149 CXXXVI.

2299 2201 2373 2238 AD
2413 2199 2788 2238 RIVOLADRUM
2835 2197 3177 2238 EPISCOPUM.

2559 2272 2744 2343 (Anno
2776 2273 2925 2339 867.)

1917 2365 1988 2418 De
2012 2363 2342 2434 paenitentia
2369 2363 2644 2486 ἐφημοδὶτέὶὲ
2667 2360 2923 2486 Wimarto,
2955 2362 3052 2432 qui
3097 2368 3203 2416 tres
3251 2361 3395 2436 ﬁlios
3439 2376 3568 2416 suos

2647 2448 2856 2486 remera
2887 2474 2898 2486 .

2263 2521 2450 2593 [Apud
2481 2520 2689 2587 Mansi,
2725 2521 2883 2576 Cone.
2914 2523 3056 2576 tom.
3090 2520 3228 2588 XV.]

1991 2639 2277 2693 Niconws
2307 2638 2639 2710 episcopus,
2673 2653 2875 2692 servus
2909 2653 3209 2691 servorum
3251 2634 3374 2700 Dei,
3408 2651 3569 2691 reve-

1922 2726 2257 2782 rentissimo
2289 2731 2345 2781 et
2375 2725 2749 2781 sanctissimo
2782 2725 3110 2780 RIVOLADBO
3140 2723 3430 2795 episcopo.

1993 2815 2280 2870 Dominici
2313 2814 2507 2886 gregis
2537 2829 2738 2868 curam
2772 2812 2982 2868 cmlesti
3016 2813 3286 2884 dogmate
3333 2811 3566 2882 plenam

1924 2905 2004 2959 ita
2035 2902 2303 2959 convenit
2332 2901 2620 2974 episcOpis
2647 2901 3270 2972 observare,quatenus
3301 2916 3404 2971 pro
3435 2916 3566 2953 sus-

1923 2992 2071 3065 cepti
2103 2992 2268 3047 ovilis
2299 2990 2566 3063 neglectu
2601 2989 2832 3062 aliquod
2867 2987 3188 3061 periculum
3221 3006 3335 3044 non
3368 2987 3572 3042 incur-

1926 3086 2076 3136 rant.
2109 3081 2376 3152 Undique
2408 3080 2623 3135 etenim
2656 3079 2950 3134 venientes
2981 3078 3299 3133 admodum
3331 3074 3571 3156 plurimi

1927 3186 2170 3224 suorum
2205 3169 2527 3224 facinorum
2553 3167 3190 3240 proditores,quantum
3211 3164 3470 3220 dolorem
3491 3163 3576 3217 in-

1928 3259 2116 3314 ferant
2148 3257 2362 3330 pectori
2397 3262 2614 3326 nostro,
2647 3255 2780 3328 plus
2825 3255 3086 3327 singultu
3118 3251 3573 3318 reminiscimur,

1930 3365 2106 3420 quam
2126 3347 2349 3403 calamo
2368 3345 2540 3401 scribi
2559 3346 2920 3416 queat.Inter
2939 3361 3085 3416 quos
3104 3342 3374 3398 videlicet
3397 3341 3574 3396 istum

1928 3437 2260 3491 Wimarum
2291 3435 2363 3490 ad
2395 3434 2787 3506 apostolorum
2812 3433 3017 3487 limina
3039 3431 3347 3487 festinasse
3370 3445 3578 3502 cogno-

1931 3526 2156 3592 scite,et
2186 3523 2534 3596 pcnnitentiae
2567 3523 2805 3577 modum
2840 3540 2941 3594 pro
2963 3525 3290 3593 perpetrato
3313 3519 3494 3574 trium
3517 3518 3576 3571 fi-

1932 3613 2144 3668 liorum
2176 3629 2417 3668 suorum
2450 3610 2766 3666 homicidio
2798 3611 2909 3666 sibi
2943 3609 3285 3683 impositum
3309 3607 3582 3664 manifes-

1933 3703 2373 3767 tasse.Quorum
2407 3701 2671 3772 quaedam
2703 3699 3252 3772 temperavimus,eo
3280 3697 3434 3768 quod
3467 3695 3583 3752 suf-

1933 3791 2120 3863 fragia
2149 3788 2550 3863 apostolorum
2587 3788 2868 3860 principis
2899 3787 3208 3843 nutritoris
3240 3785 3426 3842 nostri
3456 3801 3586 3858 pos-

1934 3879 2123 3935 tulare
2155 3880 2357 3935 devote
2384 3877 2698 3934 festinavit.
2723 3877 2868 3932 Nam
2899 3877 3172 3932 eumdem
3206 3875 3274 3930 ad
3309 3873 3461 3930 beati
3493 3891 3584 3928 ar-

1937 3967 2202 4040 changeli
2235 3965 2538 4022 oraculum
2571 3965 2654 4021 ire
2683 3966 2970 4021 volentem
3002 3963 3285 4020 instantia
3305 3961 3589 4034 temporis

1938 4056 2250 4112 revocavit:
2268 4059 2443 4126 atque
2459 4053 2893 4110 constitutionis
2911 4053 3022 4107 sibi
3041 4051 3326 4123 impositae
3344 4050 3586 4104 modum

1939 4145 2334 4200 continentem
2354 4140 2662 4214 epistolam
2680 4145 2881 4196 vestrae
2900 4138 3197 4195 sanctitati
3215 4137 3587 4192 deferendam

1942 4231 2262 4305 apostolica
2283 4229 2615 4285 sollicitudo
2637 4227 3054 4284 transmisit.In
3076 4243 3145 4282 ea
3165 4225 3479 4298 igitur,hoc
3499 4228 3591 4279 est

1939 4322 1999 4376 in
2031 4320 2253 4387 ista,ita
2282 4323 2570 4376 statutum
2602 4321 2783 4388 est,ut
2813 4316 3040 4372 trienno
3074 4319 3206 4371 ante
3236 4315 3387 4369 fores
3407 4311 3588 4368 eccle-

1941 4411 2040 4466 siae
2073 4425 2176 4483 pro
2209 4407 2460 4481 peccatis
2493 4406 2618 4462 suis
2649 4410 2923 4461 oraturus
2969 4402 3268 4470 consistat,
3297 4400 3591 4458 etdeinde

1940 4498 2095 4556 inter
2119 4498 2415 4554 auditores
2447 4498 2787 4568 permaneat
2817 4492 3202 4567 quadriennio
3227 4508 3239 4546 :
3273 4495 3339 4546 ut
3369 4493 3592 4561 septem

1866 4607 1910 4671 ο
1943 4605 2233 4645 annorum
2265 4584 2559 4642 curricula
2590 4585 2810 4655 absque
2861 4580 3276 4639 communione
3307 4577 3592 4635 Dominici

1942 4675 2201 4747 corporis
2229 4679 2286 4731 et
2315 4672 2620 4746 sanguinis
2652 4671 2938 4738 ducat,ita
2967 4670 3204 4742 quidem
3237 4672 3300 4723 ut
3319 4666 3595 4723 omnibus

1941 4767 2151 4821 diebus
2180 4764 2308 4818 vitae
2361 4780 2480 4819 sua:
2531 4777 2741 4833 panem
2775 4777 2889 4816 non
2922 4759 3270 4825 manducet;
3305 4761 3360 4811 et
3388 4755 3450 4810 in
3481 4755 3594 4810 isto

1941 4853 2247 4926 septennio
2277 4853 2476 4907 vinum
2511 4866 2626 4905 non
2655 4848 3002 4914 sumat,nisi
3035 4847 3241 4903 diebus
3272 4844 3598 4900 Dominicis

1945 4948 2002 5000 et
2032 4942 2412 4999 festivitatum
2443 4957 2456 4996 :
2483 4939 2696 4995 abinde
2726 4935 3150 5010 quinquennio,
3171 4934 3361 4990 tribus
3393 4934 3601 4989 diebus

249 5021 544 5077 Clericum
574 5021 675 5094 qui
708 5039 1003 5096 paganum
1036 5023 1312 5079 occiderit
1344 5041 1456 5078 non
1509 5030 1736 5096 oportet
1765 5028 1837 5082 ad
1946 5049 2050 5104 per
2071 5032 2463 5103 septimanam
2488 5046 2520 5082 a
2543 5027 2676 5082 vino
2698 5026 3083 5091 abstineat,ut
3105 5025 3410 5080 duodecim
3435 5024 3605 5079 annis

171 5111 439 5185 gradum
481 5112 764 5183 majorem
816 5111 1072 5184 provehi,
1106 5113 1203 5183 qui
1237 5129 1431 5168 carere
1463 5113 1635 5169 debet
1665 5115 1840 5171 etiam

170 5198 810 5272 acquisito.Homicida
835 5200 989 5256 enim
1023 5201 1281 5257 est.Nam
1311 5219 1442 5256 cum
1469 5202 1702 5258 discreti
1727 5205 1846 5260 sint

173 5287 410 5344 milites
452 5288 650 5344 saeculi
683 5307 716 5345 a
748 5289 1036 5348 militibus
1088 5289 1376 5357 Ecclesiae,
1414 5309 1529 5347 non
1579 5294 1848 5349 convenit

176 5377 444 5432 militem
477 5377 747 5434 Ecclesiae
780 5378 990 5435 saeculo
1022 5377 1295 5443 militare,
1318 5397 1420 5451 per
1439 5381 1594 5451 quod
1618 5382 1688 5435 ad
1712 5383 1851 5438 etfu-

175 5467 419 5524 sionem
451 5467 762 5538 sanguinis
794 5484 1029 5524 necesse
1059 5466 1137 5522 sit
1163 5466 1758 5541 pervenire.Denique
1778 5472 1853 5525 si-

176 5558 291 5611 cut
319 5557 493 5626 turpe
526 5571 593 5611 ac
624 5556 1022 5628 perniciosum
1053 5559 1141 5612 est
1165 5554 1378 5610 laicum
1407 5556 1622 5612 missas
1643 5559 1851 5629 facere,

173 5648 564 5702 sacramenta
597 5646 858 5717 corporis
889 5649 946 5701 et
975 5643 1286 5718 sanguinis
1310 5643 1522 5702 Christi
1547 5648 1854 5719 conficere,

515 5769 782 5833 ΡΑτιιοῐ..
827 5771 1033 5834 CXIX.

1953 5119 2253 5192 quantitas
2285 5116 2634 5190 paenitentiae
2666 5115 3034 5190 extendatur.
3071 5115 3267 5170 Liceat
3297 5113 3492 5184 itaque
3522 5111 3603 5165 illi

1956 5226 2192 5265 uxorem
2228 5207 2521 5280 propriam
2556 5222 2669 5260 non
2703 5205 2989 5271 deserere,
3025 5220 3095 5260 ne
3128 5203 3272 5259 forte
3297 5203 3516 5257 incidat
3546 5200 3604 5251 in

1957 5296 2334 5356 adulterium.
2365 5299 2421 5349 et
2452 5310 2554 5365 pro
2583 5293 2886 5348 occasione
2918 5294 3095 5349 unius
3126 5292 3318 5348 delicti
3350 5286 3606 5360 praecipi-

1959 5391 2116 5442 tetur
2143 5383 2452 5457 fragilitate
2483 5381 2676 5438 carnis
2708 5382 2766 5436 in
2801 5384 2988 5455 pejus.
3009 5379 3420 5438 Concessimus
3451 5375 3609 5429 enim

1963 5474 2011 5530 ei
2046 5472 2366 5528 calceatum
2399 5471 2469 5526 ad
2502 5487 2605 5526 vos
2649 5471 2968 5543 pervenire,
2997 5488 3062 5526 ac
3107 5467 3315 5524 deinde
3362 5462 3611 5518 triennio

1965 5560 2383 5617 discalceatum
2417 5559 2501 5614 ire
2532 5559 2762 5628 debere,
2796 5565 2853 5616 et
2879 5555 3240 5615 vestimentis
3288 5552 3615 5608 secundum

1967 5648 2312 5724 qualitatem
2332 5647 2614 5722 temporis
2637 5653 2695 5706 et
2721 5647 2872 5705 aeris
2895 5643 3234 5716 temperiem
3253 5639 3624 5715 indui,atque

3223 5769 3301 5834 36
