4098 6186
1097 385 1322 443 CXLVI.

465 492 537 532 AD
574 490 878 532 EPISCOPOS
921 490 978 530 ΙΝ
1019 492 1204 531 REGNO
1245 493 1504 532 LOTHARII
1543 492 1944 534 CONSTITUTOS.

1024 575 1212 643 (Anno
1241 574 1389 647 867.)

389 677 474 727 De
503 671 826 728 Walclrada?
843 673 1434 729 excommunicatione
1456 673 1629 729 tertio
1639 674 1768 744 jam
1792 675 2025 731 scribit:

456 753 618 816 notat
650 744 881 816 illorum
910 744 1211 811 desidiam,
1240 753 1296 799 et
1326 745 1545 815 referri
1563 747 1640 801 ad
1666 763 1727 801 se
1734 747 1918 816 jubet,
1952 763 2030 802 an

459 814 766 889 [ollam-ius
810 830 941 870 cum
994 816 1357 887 Theulberga
1387 814 1776 886 Cenaei-satur,
1804 826 1860 873 et
1888 835 2029 889 quo-

386 886 555 941 modo
573 902 701 941 rant
732 894 961 942 tractet.

895 984 1080 1057 [Apud
1116 985 1326 1052 Mansi,
1363 985 1520 1051 ibid.]

457 1100 745 1155 NICOLAUS
774 1099 1311 1172 episcopus,servus
1341 1118 1640 1157 servorum
1663 1102 2031 1169 Dei,sanctis-

386 1187 556 1243 simis
582 1193 639 1243 et
663 1189 1146 1245 reverentissimis
1176 1190 1566 1246 confratribus
1596 1191 2028 1258 nostris,archi-

384 1276 675 1349 episcopis
706 1281 762 1333 et
789 1277 1078 1351 episcopis
1110 1278 1167 1333 in
1194 1295 1372 1351 regno
1416 1278 1672 1335 Lotharii
1722 1280 1876 1353 regis
1924 1282 2028 1337 Ec-

385 1363 626 1422 clesiam
658 1365 759 1422 Dei
788 1368 1273 1440 gubernantibus.

456 1455 806 1527 Optaremus
836 1457 1071 1512 tandem
1104 1456 1421 1528 aliquando
1467 1458 1654 1513 securi
1686 1460 1757 1515 de
1804 1477 2027 1517 correc-

384 1543 544 1599 tione
572 1544 827 1600 Lotharii
858 1545 1011 1617 regis
1041 1546 1327 1611 eti‘ecti,ad
1359 1546 1474 1602 alia
1500 1548 2028 1605 ecclesiasticarum

387 1630 842 1704 dispositionum
875 1633 1105 1705 negotia
1134 1634 1348 1706 stylum
1386 1637 1746 1707 protendere.
1781 1638 1891 1693 Sed
1925 1655 2029 1694 nec

386 1726 621 1792 peccata
648 1726 1056 1777 consummata
1084 1722 1432 1795 ipsius,qua2
1455 1729 1701 1781 mortem
1727 1731 2026 1799 generant,
2060 1760 2109 1825 B

386 1812 684 1880 utcunque
713 1809 1190 1881 permittunt,nec
1220 1814 1483 1868 studium
1514 1819 1797 1884 vestrum,
1816 1833 1931 1888 quo
1960 1817 2027 1871 fi-

390 1912 525 1951 nem
557 1900 787 1953 tantum
819 1898 1011 1955 scelus
1033 1900 1387 1973 accipiat,ita
1402 1903 1712 1976 vigilanter
1730 1921 1796 1961 ac
1813 1905 2032 1977 episco-

386 1983 597 2056 paliter
632 1986 909 2043 adversus
955 1987 1014 2043 id
1064 1989 1270 2045 saltem
1321 1991 1628 2048 nobiscum
1679 1994 2028 2049 decertando

386 2073 666 2129 fervorem
692 2075 935 2146 justitize
968 2076 1349 2134 demonstrat.
1384 2081 1745 2153 Quapropter
1786 2083 2029 2140 attonite

272 2210 279 2217 ,
385 2162 529 2218 satis
560 2179 659 2218 cor
678 2168 935 2219 vestrum
968 2183 1081 2221 non
1113 2167 1305 2223 solum
1338 2169 1750 2240 miramur,sed
1774 2177 1830 2228 et
1861 2173 2029 2229 delle-

383 2252 853 2316 mus.Quisenim
878 2271 992 2308 non
1016 2253 1211 2327 lugeat
1234 2261 1453 2312 tantam
1476 2258 1688 2331 linguae
1711 2260 2028 2318 desidiam?

381 2342 501 2393 tam
534 2340 813 2396 remissas
839 2342 1200 2415 negligentize
1232 2362 1443 2401 manus
1464 2348 1492 2401 ?
1513 2349 1749 2419 quando
1778 2349 1930 2405 inter
1945 2354 2030 2406 tot

380 2431 685 2497 pastorum
735 2430 1053 2495 custodias,
1085 2448 1189 2486 nec
1236 2432 1355 2505 lupi
1391 2436 1550 2507 gregi
1585 2453 1700 2492 non
1733 2440 2025 2510 parcentis

381 2513 606 2569 insidiae
654 2522 1071 2587 praecaventur,
1106 2536 1210 2575 nec
1241 2520 1424 2578 leonis
1468 2523 1662 2580 aditus
1710 2527 2025 2598 quaerentis

380 2618 556 2674 quem
575 2602 808 2659 devoret
823 2604 1309 2663 excluduntur.Et
1321 2614 1473 2666 certe
1486 2629 1619 2667 cum
1636 2630 2027 2687 unumquem-

379 2704 493 2761 que
525 2690 917 2749 Christianum
948 2694 1107 2751 zelus
1138 2696 1237 2752 Dei
1269 2700 1572 2756 comedere
1596 2702 2024 2770 debeat,multo

378 2778 569 2852 magis
597 2797 697 2836 vos
738 2782 941 2839 eodem
990 2784 1111 2839 zelo
1166 2786 1251 2840 uti
1300 2788 1576 2859 oportuit,
1611 2791 1710 2863 qui
1759 2793 2023 2863 ejusdem

378 2872 592 2924 sanctae
625 2869 1090 2942 domus,utinam
1117 2891 1231 2930 non
1262 2876 1335 2931 ad
1368 2879 1560 2950 majus
1591 2879 1916 2952 periculum
1937 2898 2025 2938 ve—

379 2961 588 3025 strum,
622 2958 1065 3017 eminentiorem
1097 2964 1343 3035 gradum
1376 2966 1517 3022 estis
1535 2971 1590 3023 et
1606 2969 1871 3026 ordinem
1893 2986 2026 3026 con-

378 3046 586 3101 secuti.
620 3047 732 3103 Sed
763 3048 856 3104 his
887 3050 1225 3121 praelibatis,
1257 3070 1388 3109 ecce
1436 3056 1605 3113 tertio
1655 3075 1811 3114 nunc
1858 3059 2025 3117 vobis

1755 251 2066 316 NICOLAI
2110 251 2336 315 PAPIE
2377 253 2427 316 Ι.

3635 247 3792 311 1140

2054 388 2111 456 Α
2142 388 2381 462 quidem
2412 388 2723 445 Lotharius
2754 386 2898 444 adeo
2928 385 3302 461 iniquitatem
3331 401 3501 444 suam
3554 386 3793 460 agnovit

2138 482 2204 534 ut
2232 478 2383 534 hanc
2413 478 2588 535 etiam
2618 482 2675 534 et
2705 477 3039 550 corrigeret.
3073 482 3208 550 Ipsa
3235 493 3370 533 vero
3398 493 3503 533 nec
3529 476 3790 550 agnovit,

2138 584 2242 623 nec
2274 568 2541 624 confessa
2568 572 2789 633 est,nec
2811 583 3101 623 venenum
3131 584 3249 622 sua:
3269 565 3484 622 mentis
3503 564 3790 621 deseruit.

2136 655 2554 712 Verumtamen
2586 657 2658 712 ab
2690 657 2897 713 itinere
2917 663 3100 728 empto
3116 656 3486 721 reducta,nec
3506 670 3796 726 percussa

2137 744 2454 813 doluit,nec
2486 746 2685 801 attrita
2715 745 2898 801 voluit
2927 745 3181 817 recipere
3213 742 3793 816 disciplinam.Quip-

2139 851 2209 906 pe
2239 851 2367 906 quae
2406 851 2511 891 nec
2560 851 2792 890 reversa
2830 838 2920 891 est
2966 835 3035 890 ad
3089 832 3507 906 percutientem
3562 848 3646 899 se,
3684 848 3794 887 nec

2137 921 2315 978 etiam
2338 923 2575 979 duriora
2602 923 2842 979 vulnera
2872 922 3073 979 sensit.
3110 922 3315 978 Merito
3346 938 3481 994 ergo
3525 937 3595 976 ea
3638 919 3795 975 inter

2138 1016 2402 1068 mortuos
2433 1017 2731 1085 reputate:
2766 1030 2893 1085 quae
2920 1011 3199 1067 nimirum
3232 1027 3421 1083 neque
3451 1009 3791 1083 [edit.ltom.

2137 1102 2307 1157 addit
2336 1105 2402 1157 ut
2429 1101 2557 1157 viva
2585 1117 2783 1157 vocem
2815 1100 3257 1174 praedicantium
3297 1099 3462 1155 audit
3508 1115 3703 1171 neque
3730 1098 3791 1153 in

2138 1190 2287 1258 suis,
2318 1196 2452 1263 etc.]
2483 1190 2542 1246 in
2575 1191 2701 1247 suis
2732 1189 3130 1262 penetralibus
3160 1187 3469 1254 occultata,
3501 1188 3622 1243 imo
3662 1188 3790 1258 jam

2138 1278 2336 1335 fcetida
2382 1280 2609 1351 jacens,
2642 1296 2745 1352 per
2786 1279 3211 1335 confessionem
3262 1278 3416 1333 foras
3462 1276 3790 1350 egreditur.
3845 1295 3861 1308 -

2136 1367 2314 1424 Vobis
2344 1370 2610 1440 ejusdem
2642 1368 2701 1423 in
2734 1369 2861 1440 jam
2910 1368 3093 1423 fatam
3141 1365 3430 1423 moecham
3483 1364 3791 1421 sententiae

2136 1456 2373 1529 prolata:
2404 1457 2701 1513 notionem
2718 1457 2996 1513 duximus
3016 1455 3230 1512 nostris
3260 1454 3469 1511 litteris
3488 1459 3789 1510 exaratam

2138 1548 2330 1603 denuo
2359 1547 2771 1603 destinandam
2805 1563 2819 1603 :
2854 1546 3235 1603 admonentes
3262 1544 3551 1610 videlicet,
3573 1547 3641 1599 ut
3670 1542 3788 1599 sal-

2136 1640 2255 1691 tem
2279 1653 2381 1692 vos
2411 1639 2468 1691 et
2488 1636 2786 1707 subjectos
2814 1640 3037 1691 vestros
3066 1635 3140 1690 ab
3169 1633 3444 1706 operibus
3474 1632 3605 1703 ejus
3631 1648 3791 1688 mor-

2138 1726 2259 1782 tuis
2298 1726 2703 1791 observaretis,
2739 1729 2797 1780 et
2842 1729 2908 1780 ut
2952 1729 3305 1797 praeceptum
3352 1727 3461 1790 est,
3493 1721 3787 1795 pollutum

2138 1815 2381 1870 minime
2411 1815 2729 1886 tangeretis
2759 1814 2889 1885 (Isa.
2912 1817 3034 1883 xu).
3054 1812 3331 1880 Quamvis
3359 1812 3597 1868 easdem
3629 1810 3787 1865 litte-

2137 1919 2254 1970 ras,
2288 1908 2353 1958 ut
2383 1902 2661 1958 relatione
2697 1901 3117 1958 nonnullorum
3167 1899 3521 1967 audivimus,
3558 1900 3678 1955 imo
3726 1904 3791 1954 ut

2137 1991 2283 2047 lucri
2312 1991 2534 2047 nullius
2565 1991 2772 2047 eﬂ'ectu
2806 1990 3120 2046 didicimus
3149 1989 3405 2062 recipere
3447 1988 3790 2045 fraternitas

2136 2085 2325 2137 vestra
2353 2080 2744 2147 renuerit,nec
2775 2080 2831 2135 in
2863 2079 2973 2135 hoc
3003 2097 3108 2151 pro
3138 2095 3256 2150 quo
3288 2078 3480 2133 missa:
3512 2082 3678 2143 sunt,
3701 2076 3787 2133 vel

2137 2186 2171 2224 a
2209 2168 2377 2225 nobis
2425 2168 2673 2225 excitata
2720 2168 2977 2241 vigilare,
3013 2168 3132 2223 sive
3174 2166 3499 2239 quamlibet
3545 2183 3788 2239 operam

2135 2259 2274 2314 dare
2303 2257 2607 2314 curaverit.
2641 2258 2773 2322 Quae
2807 2275 2898 2313 res
2930 2256 2979 2313 si
3011 2257 3250 2312 veritate
3280 2255 3522 2310 minime
3553 2254 3787 2311 fulcire-

2135 2348 2514 2419 tur,profecto
2546 2351 2831 2419 quantum
2864 2346 3307 2419 proficeret.aut
3322 2362 3434 2400 non
3453 2344 3783 2415 proficeret,

2134 2435 2433 2509 pontiﬁcio
2464 2440 2661 2492 nostro
2684 2434 2923 2491 solertia
2940 2434 3499 2505 vestrajamdudum
3525 2450 3786 2505 congruo

2134 2527 2265 2597 [pro
2292 2542 2567 2597 congrue,
2598 2523 2805 2598 HARD.]
2836 2523 3150 2579 retulisset.
3178 2524 3250 2578 At
3273 2538 3405 2578 vero
3432 2539 3569 2577 cum
3602 2522 3685 2577 nil
3718 2539 3786 2577 ex

2135 2615 2243 2670 hoc
2274 2612 2443 2670 nobis
2479 2612 2760 2681 retulerit,
2795 2616 3059 2685 patenter
3106 2612 3280 2667 datur
3326 2609 3601 2682 intelligi,
3638 2607 3783 2664 nihil

2132 2702 2270 2758 hinc
2293 2701 2564 2767 studii,ut
2593 2701 2896 2757 admonita
2916 2701 3259 2765 fuerat,eam
3291 2698 3529 2771 penitus
3548 2696 3785 2753 habuis-

2133 2808 2214 2847 se.
2241 2792 2302 2847 In
2337 2808 2450 2864 quo
2481 2789 2701 2864 liquido
2731 2793 2907 2862 patet,
2940 2787 3081 2861 quid
3112 2786 3360 2861 ageretis
3391 2786 3572 2842 nullis
3596 2786 3786 2842 horta-

2130 2880 2290 2936 tibus
2325 2880 2541 2936 nostris
2571 2879 2810 2952 pulsati,
2843 2879 2943 2949 qui
2974 2877 3202 2933 nullum
3255 2875 3315 2931 in
3364 2874 3786 2932 ecclesiasticis

2132 2967 2593 3025 correctionibus
2625 2968 2881 3023 laborem
2913 2967 3115 3039 geritis
3145 2964 3321 3022 etiam
3344 2982 3378 3019 a
3408 2964 3580 3020 nobis
3613 2964 3784 3019 toties

2133 3057 2378 3114 incitati.
2413 3058 2523 3113 Sed
2556 3050 2766 3112 saltem
2799 3073 2952 3112 nunc
2979 3055 3133 3127 quod
3164 3055 3449 3110 hactenus
3499 3052 3785 3109 omisistis

381 3135 658 3190 omnibus
685 3152 813 3192 esse
844 3137 1376 3209 Waldradamﬁlim
1409 3149 1617 3200 nostra:
1646 3147 2024 3221 Theutbergaa
2055 3126 2098 3192 (δ
2136 3146 2479 3219 incipite,ita
2508 3151 2574 3201 ut
2605 3126 3283 3218 unusquisquevestrum
3299 3141 3579 3198 veraciter
3594 3142 3785 3198 dicere

379 3222 592 3295 reginae
621 3223 1057 3296 iniquissimam
1078 3229 2028 3299 aemulam,consortioChristiano-

380 3327 511 3366 rum
542 3316 600 3366 et
629 3314 1040 3372 communione
1071 3317 1355 3388 privatam
1388 3322 1604 3378 nostris
1634 3324 1898 3396 epistolis
1935 3326 2024 3382 in-

379 3398 668 3455 dicamus.
698 3401 957 3474 Denique
988 3410 1298 3478 postquam
1332 3408 1702 3469 imminentia
1733 3415 1897 3471 missi
1922 3432 2025 3471 no-

378 3487 504 3554 stri,
539 3490 692 3545 sicut
720 3490 1072 3563 ipsionostis,
1104 3495 1413 3553 Lotharius
1445 3499 1758 3558 Waldrada
1792 3504 2026 3576 repulsa

2134 3252 2269 3291 cum
2300 3234 2608 3307 psalmista
2630 3233 2817 3289 valeat
2848 3251 2861 3290 :
2886 3238 3048 3291 Nunc
3077 3234 3225 3303 carpi
3260 3230 3444 3300 (Ρςαι.
3473 3234 3687 3298 Lxxvi).
3718 3231 3787 3286 Et

2135 3322 2449 3380 novissime
2480 3340 2613 3378 cum
2636 3321 2898 3395 apostolo
2928 3339 3173 3379 securus
3201 3324 3260 3377 et
3287 3319 3665 3376 laetabundus
3694 3319 3780 3374 fa-

2132 3413 2240 3468 teri
2265 3431 2277 3469 :
2311 3414 2530 3468 Bonum
2549 3422 2841 3469 certamen
2861 3412 3340 3479 certavi,cursum
3369 3409 3780 3475 consummavi,

2129 3503 2299 3572 ﬁdem
2328 3503 2577 3567 servari,
2593 3511 2649 3557 et
2674 3502 2745 3557 de
2772 3509 2981 3558 cetera
3009 3500 3262 3571 reposita
3284 3508 3368 3555 cst
3397 3499 3544 3555 mihi
3567 3510 3783 3555 corona

376 3576 755 3663 Theutberga:
808 3581 1020 3652 reginae
1071 3585 1305 3657 conjugi
1351 3603 1469 3642 suae
1518 3590 1854 3647 obedienter
1898 3610 2026 3650 sese
2122 3592 2371 3662 justita'ce
2400 3591 2475 3663 (II
2502 3591 2647 3647 Tim.
2682 3593 2782 3659 ιν).
2825 3591 3039 3645 Verum
3083 3590 3210 3661 jam
3259 3589 3507 3645 fortasse
3557 3586 3783 3643 malitia

378 3662 651 3728 restituit,
682 3670 740 3719 et
768 3668 1010 3737 praestiti
1044 3674 1394 3728 sacramenti
1415 3675 1809 3734 satisfactione
1830 3681 2026 3738 certis-

379 3748 531 3804 sima
559 3750 735 3806 finem
768 3752 972 3808 sceleri
1012 3756 1244 3813 dedisse
1292 3762 1498 3818 merito
1542 3765 1699 3820 credi
1751 3772 2021 3837 poterat:

378 3841 877 3935 statutum_est,ut
908 3844 1266 3935 tanto-fieret
1287 3848 1361 3902 ab
1390 3851 1592 3907 eodem
1606 3869 1739 3926 rege
1769 3856 2036 3935 Waldra.

378 3927 454 3982 da
484 3928 1006 4002 remotior,quanto
1036 3934 1262 4006 antiqui
1286 3936 1475 3994 hostis
1500 3940 1790 4000 calliditas
1805 3927 2025 4006 talibus

379 4033 493 4072 non
525 4017 727 4073 deesse
758 4019 1141 4079 convincitur.
1156 4024 1454 4083 Statutum
1485 4035 1575 4085 est
1603 4032 1872 4101 etiam,ut
1896 4037 2024 4110 ipsa

379 4105 591 4161 mulier
618 4105 677 4161 in
712 4106 875 4164 Italia
902 4106 1139 4167 interim
1170 4120 1695 4185 remorata,nostraa
1726 4105 2022 4193 prastola-

378 4198 539 4249 retur
567 4211 825 4251 censura:
857 4201 1116 4256 tenorem
1150 4219 1164 4257 :
1198 4206 1255 4258 et
1285 4203 1333 4259 si
1366 4204 1515 4261 hanc
1548 4206 1791 4266 Romam
1829 4214 2023 4270 venire

378 4282 774 4338 necessarium
806 4285 1173 4356 duceremus,
1208 4289 1614 4350 incunctanter
1644 4306 1971 4357 occurreret
2005 4320 2017 4358 :

379 4375 669 4441 quatenus
700 4388 895 4428 coram
928 4375 1097 4431 nobis
1129 4378 1479 4448 consistens,
1510 4387 1613 4438 aut
1644 4401 1705 4440 se
1743 4386 1792 4442 si
1824 4395 2023 4460 posset

2134 3680 2246 3736 sibi
2279 3680 2454 3736 finem
2486 3679 2832 3751 imponeret,
2864 3678 2977 3734 nisi
3009 3678 3252 3750 quidam
3281 3681 3545 3734 vestrum
3592 3676 3782 3749 magis

2134 3784 2261 3835 sua,
2297 3784 2475 3839 quam
2506 3786 2633 3840 quae
2665 3768 2805 3823 Jesu
2834 3766 3051 3823 Christi
3084 3770 3242 3833 sunt,
3272 3768 3620 3839 quererent.
3645 3764 3781 3829 Qui-

2132 3858 2268 3913 dam
2298 3856 2410 3913 sibi
2440 3856 2700 3929 peritura
2729 3873 2828 3912 seu
2880 3855 3129 3912 toxicata
3177 3854 3461 3912 beneficia
3508 3852 3782 3910 subtrahi

2133 3950 2422 4011 metuunt,
2455 3963 2560 4018 pro
2584 3945 2812 4016 justitia
2842 3946 3085 4017 quidam
3118 3943 3279 4016 loqui
3302 3942 3784 4009 renuunt,favere

2131 4039 2329 4090 autem
2363 4034 2607 4090 meachis
2637 4038 2757 4090 tota
2788 4033 2997 4089 virtute
3026 4033 3404 4099 contendunt,
3437 4048 3504 4087 ac
3537 4048 3643 4103 per
3673 4030 3783 4086 hoc

2131 4123 2362 4179 aeternis
2394 4122 2862 4193 beneficiisjusto
2884 4119 3780 4193 judicedecernenteprivantur.

2130 4212 2478 4284 Quanquam
2529 4210 2869 4267 meminisse
2918 4209 3306 4266 nihilominus
3352 4209 3630 4276 debeant,
3675 4224 3780 4264 nos

2131 4301 2366 4371 penitus
2397 4316 2513 4355 non
2540 4299 2739 4365 latere,
2774 4303 3062 4371 quantum
3102 4298 3215 4370 ipsi
3246 4299 3501 4354 favorem
3534 4296 3780 4353 mmchis

2130 4388 2552 4461 praestiterint:
2608 4387 2888 4443 nimirum
2940 4387 3040 4460 qui
3084 4386 3487 4458 surreptiones
3546 4403 3691 4443 suas
3720 4386 3776 4440 in

378 4457 673 4555 innoxiam
702 4460 1016 4555 exhiberet,
1052 4466 1153 4518 aut
1177 4467 1559 4525 commissum
1607 4457 1873 4531 confessa
1912 4477 2021 4532 mi-
2050 4490 2097 4555 ι)
2128 4457 2387 4549 profanis
2417 4477 2597 4549 gestis
2629 4494 2743 4532 non
2776 4457 3002 4532 dudum
3033 4457 3319 4548 reperisse
3348 4492 3466 4531 non
3480 4475 3777 4531 nesciunt.

377 4546 754 4635 sericordiam
785 4547 1145 4622 impetraret.
1180 4554 1252 4607 At
1282 4554 1383 4609 illa
1412 4556 1471 4611 in
1506 4558 1731 4616 italiam
1782 4564 2019 4635 quidem

376 4632 512 4689 licet
539 4640 738 4691 coacta
764 4637 940 4694 venit:
957 4639 1202 4696 Romam
1233 4659 1365 4699 vero
1398 4647 1612 4702 mentis
1629 4632 2020 4709 obstinatione

374 4720 494 4809 vita
522 4724 810 4794 proficisci
837 4726 1114 4798 despexit.
1139 4730 1259 4785 Imo
1288 4734 1570 4804 tanquam
1604 4735 2019 4809 irreprehensi-

375 4808 511 4866 bilis
542 4813 908 4869 conscientize
942 4821 1092 4873 retro
1124 4834 1401 4875 conversa
1428 4820 1487 4876 in
1518 4808 1874 4894 provinciam
1895 4845 2023 4900 pro-

376 4899 618 4969 perandi
649 4917 918 4972 gressum
942 4905 1382 4975 protendit.0uo
1399 4899 2021 4980 audito,intelleximus

373 5003 503 5042 eam
536 4988 820 5061 ﬂagitium
853 5009 1027 5047 suum
1059 4993 1221 5050 nulla
1249 4994 1395 5052 velle
1425 5001 1778 5058 correctione
1823 5006 2019 5060 termi-

375 5076 523 5142 nari,
551 5094 656 5132 nec
688 5080 988 5150 proprium
1020 5081 1233 5155 vulnus
1266 5083 1385 5140 ulla
1434 5086 1763 5146 desiderare
1813 5094 2016 5151 subse-

372 5170 589 5236 quente
621 5166 849 5223 medela
897 5169 1110 5225 curari.
1145 5173 1507 5246 Quapropter
1556 5181 1908 5236 sententiam
1958 5182 2016 5237 in

370 5269 500 5308 eam
530 5256 1172 5329 excommunicationis,
1194 5278 1379 5332 usque
1404 5264 1475 5317 ad
1509 5268 2020 5335 correctionem,et

374 5341 643 5397 idoneam
677 5349 936 5400 nostram
964 5350 1021 5401 et
1050 5348 1227 5404 totius
1256 5350 1510 5406 ecclesia:
1532 5355 2014 5427 satisfactionem,

372 5430 906 5499 protulimus.Nam
934 5437 1217 5507 quantum
1248 5438 1325 5493 sit
1354 5437 1483 5509 ipsa
1513 5444 1740 5499 cunctis
1760 5448 2017 5504 severius

373 5516 755 5588 punienda,in
787 5521 896 5579 hoc
927 5528 1149 5580 certum
1181 5530 1268 5581 est
1299 5527 1709 5600 demonstrari,
1735 5536 1889 5605 quod
1920 5553 2017 5593 rex

2131 4566 2355 4631 Quibus
2376 4566 2484 4622 etsi
2499 4566 2645 4622 forte
2666 4565 2990 4638 apostolica
3001 4565 3400 4621 moderatione
3419 4563 3775 4637 ignovimus,

2129 4654 2379 4724 qualiter
2407 4659 2601 4710 tamen
2634 4653 2727 4709 his
2754 4653 2972 4727 quibus
3007 4653 3373 4727 pepercimus
3404 4653 3583 4708 fuerit
3614 4653 3776 4727 igno-

2128 4746 2254 4797 tum
2280 4741 2610 4799 recolimus.
2630 4742 2891 4815 Denique
2912 4742 2996 4799 sic
3027 4742 3319 4815 praeterita
3347 4741 3778 4805 dimisimus,ut

2129 4831 2344 4886 futuris
2372 4848 2691 4905 congruam
2718 4831 3134 4887 adhiberemus
3162 4830 3477 4899 cautelam;
3509 4835 3570 4886 et
3599 4831 3687 4887 sic
3715 4845 3775 4885 se

2131 4923 2371 4975 nossent
2398 4919 2483 4974 illi
2517 4920 2811 4992 provisum
2835 4918 3128 4991 judicium
3157 4936 3454 4988 evasuros,
3482 4920 3534 4975 si
3570 4936 3635 4975 se
3665 4919 3772 4975 sci-

2130 5012 2259 5064 rent
2291 5008 2347 5062 in
2380 5008 2533 5063 idem
2569 5008 2854 5081 flagitium
2894 5009 3138 5064 favendo
3187 5025 3494 5080 nunquam
3539 5010 3773 5079 penitus

2127 5095 2487 5151 incursuros.
2522 5096 2688 5151 Nunc
2717 5113 2874 5167 ergo,
2909 5097 3190 5168 quoniam
3221 5096 3421 5152 minus
3450 5113 3583 5153 sese
3609 5103 3772 5152 caute

2128 5186 2199 5241 ab
2231 5200 2297 5240 eo
2331 5183 2691 5252 munierunt,
2715 5185 2774 5239 in
2795 5185 3088 5257 judicium
3107 5186 3261 5258 quod
3294 5184 3544 5241 dilatum
3573 5191 3665 5243 est
3685 5185 3768 5240 in-

2127 5273 2415 5339 ciderunt,
2444 5273 2713 5344 quamvis
2744 5278 2802 5328 et
2832 5272 2972 5339 illis,
3005 5278 3063 5329 et
3093 5273 3206 5341 his,
3241 5274 3341 5346 qui
3391 5274 3621 5330 mittere
3668 5289 3766 5346 pro

2129 5361 2496 5433 impetranda
2521 5361 2689 5416 venia
2720 5366 3219 5433 contempserunt,
3251 5361 3420 5418 valde
3468 5362 3760 5435 providen-

2125 5450 2267 5505 dum
2299 5455 2406 5519 est,
2442 5466 2513 5505 ne
2543 5468 2577 5505 a
2606 5450 3017 5505 communione
3056 5455 3275 5519 nostra,
3310 5468 3378 5507 ac
3408 5468 3512 5524 per
3558 5450 3663 5506 hoc
3691 5448 3756 5503 ab

2127 5540 2474 5597 universalis
2502 5539 2767 5595 Ecclesiae
2800 5556 3077 5613 compage
3108 5539 3509 5614 ruant,sicque
3532 5541 3753 5597 demum
