4098 6186
399 279 566 342 1145

1625 287 2030 350 EPISTOLE
2074 285 2173 348 ET
2217 287 2600 350 DECRETA.

3657 294 3816 358 1146

398 413 698 487 ‘frigescat,
731 415 849 472 imo
899 415 1061 473 nullo
1103 423 1270 491 pacto
1329 423 1619 493 tepescat;
1679 423 1778 476 sed
1837 421 2052 494 potius,
2081 421 2138 488 Α
2171 420 2677 493 scripserimus,in
2699 419 2942 495 epistola
2962 439 3139 496 quam
3158 421 3242 480 eis
3261 421 3815 501 misimus,potestis

406 508 695 576 quantum
725 504 878 562 vires
908 507 1138 564 coalitus
1169 508 1390 566 collata;
1422 511 1778 580 ministrant,
1814 513 2056 570 nullate-

393 589 520 647 ‘nus
551 593 600 646 ei
642 610 848 649 nocere
901 612 1250 669 quocunque
1297 598 1531 672 gemina
1563 601 1740 672 [fortc,
1775 603 2051 673 genuina,

406 681 617 754 Hane]
639 681 896 738 charitas
917 690 1108 741 vestra
1133 688 1430 758 permittat
1462 689 1715 761 ingenio,
1732 708 1822 755 ne,
1839 691 1887 746 si
1913 693 2053 747 forte

393 770 728 842 quidquam
752 771 1006 829 leesionis
1029 775 1320 841 inciderit,
1346 778 1455 849 ipsi
1481 796 1580 850 pro
1604 779 1702 834 illa
1724 780 1783 834 in
1809 781 2053 836 terribili

389 853 600 912 divino
638 859 864 932 judicio
896 863 1185 934 cogamini
1237 866 1478 922 reddere
1526 867 1846 936 rationem;
1881 872 2052 942 cujus

404 950 824 1019 nos,tanquam
841 949 977 1018 Deo,
994 951 1162 1006 sicuti
1183 954 1580 1024 praediximus,
1597 957 2048 1030 contemplante,

399 1034 564 1090 illam
598 1035 716 1092 vice
749 1038 1032 1111 principis
1063 1043 1484 1112 apostolorum,
1513 1047 1681 1116 cujus
1712 1047 2050 1118 praesidium

399 1125 625 1191 ascivit,
652 1125 989 1184 salvandam
1020 1129 1251 1186 tuitioni
1285 1134 1710 1190 commisimus.
1748 1137 1830 1191 Ad
1874 1143 2050 1192 extre-

401 1230 566 1268 mum
589 1231 740 1282 vero,
757 1220 812 1270 et
837 1219 1072 1288 quando
1103 1219 1219 1290 iam
1244 1220 1406 1276 nulla
1428 1223 1731 1291 securitas,
1757 1229 1811 1280 et
1841 1225 2052 1282 immu-

400 1300 604 1358 nitatis
621 1305 768 1375 ejus,
785 1306 940 1377 quod
957 1312 1258 1379 gementes
1279 1309 1553 1377 dicimus,
1573 1311 1814 1369 inveniri
1838 1316 2052 1386 poterit

399 1392 936 1468 remedium,atque
957 1396 1274 1454 imminens
1295 1399 1405 1455 sibi
1432 1401 1758 1459 certissimo
1779 1405 2051 1475 praavide-

398 1483 500 1537 tur
528 1479 823 1551 interitus,
849 1485 1084 1558 recipite
1115 1486 1276 1542 illam
1307 1489 1378 1543 ad
1409 1506 1530 1556 vos,
1556 1495 1612 1545 et
1641 1507 1950 1565 quousque
1981 1494 2050 1549 de

399 1584 467 1623 ea
499 1572 654 1641 quod
703 1572 990 1630 Dominus
1039 1575 1375 1632 revelaverit
1413 1578 1731 1647 ordinetur,
1765 1580 1824 1636 in
1871 1599 2048 1655 regno

395 1663 589 1714 vestro
623 1661 823 1732 fovete,
849 1679 914 1718 ac
954 1664 1005 1718 ei
1036 1664 1209 1720 solita
1259 1665 1488 1737 pietatis
1535 1673 1735 1723 vestrae
1767 1671 2049 1728 beneficia

399 1747 768 1853 ministrate:
793 1755 849 1807 et
878 1751 960 1806 ita
984 1754 1243 1821 demum,
1269 1754 1317 1810 si
1347 1755 1484 1827 quid
1517 1754 1600 1810 illi
1633 1758 1927 1830 objicitur,
1953 1779 2050 1816 au-
2081 1789 2127 1855 Β

369 1829 668 1893 Δοἱονὶιεειιεξ
710 1837 919 1896 'nostra
965 1843 1371 1914 praeveniente,
1405 1844 1594 1917 ipsius
1627 1829 1820 1902 aemuli
1852 1866 2049 1921 prose-

371 1925 675 1996 "quanlur.
702 1928 813 1985 Sed
845 1935 1039 1986 notate
1081 1932 1357 2004 quoniam
1388 1938 1527 1988 tunc
1576 1934 1697 1991 hac
1747 1937 1870 1992 fieri
1921 1953 2050 2011 per-

400 2013 713 2084 mittimus,
738 2033 873 2074 cum
923 2037 958 2074 a
1004 2021 1315 2092 prudentia
1345 2026 1553 2092 vestra,
1577 2023 1663 2079 vel
1714 2041 1916 2082 eorum
1951 2028 2049 2100 qui

397 2103 724 2160 nobiscum.
759 2107 1016 2180 sapiunt,
1041 2109 1204 2166 nulla
1233 2128 1367 2184 spes
1415 2111 1624 2168 salutis
1670 2114 2050 2190 Theutbergze

401 2209 702 2250 remanere
733 2198 1056 2266 przescitur.
1083 2198 1361 2255 Preterea
1401 2201 1518 2256 sive
1551 2203 1622 2257 de
1653 2204 1907 2276 conjugii
1946 2206 2051 2260 fce-

404 2280 559 2348 dere,
585 2281 703 2337 sive
733 2283 804 2338 de
834 2285 1103 2341 adulterii
1136 2287 1378 2344 crimine
1401 2289 1693 2360 judicium
1728 2292 1804 2346 sit
1833 2293 2054 2365 agitan-

402 2368 568 2439 dum,
593 2371 754 2429 nulla
784 2373 931 2429 ratio
971 2376 1192 2448 patitur
1215 2376 1645 2451 Theutbergam
1678 2398 1812 2436 cum
1846 2382 2052 2438 Lotha-

402 2457 490 2513 rio
539 2477 706 2531 posse
755 2460 1000 2535 legalem
1031 2464 1179 2520 inire
1211 2465 1667 2536 conflictum,vel
1721 2469 2049 2542 legitimum

401 2550 804 2606 con'troversize
827 2553 1023 2609 subire
1053 2559 1366 2621 certamen,
1393 2557 1503 2612 nisi
1537 2558 1699 2630 prius
1722 2561 1791 2614 ad
1817 2565 2049 2632 tempus

399 2636 576 2692 fuerit
608 2655 724 2694 suae
755 2642 1030 2713 potestati
1071 2644 1320 2716 reddita,
1348 2650 1406 2701 et
1434 2648 1886 2720 consanguineis
1916 2667 2047 2721 pro-

399 2724 542 2796 priis
565 2725 742 2783 libere
765 2731 1004 2786 sociata.
1022 2733 1179 2787 Inter
1199 2751 1344 2805 quos
1367 2735 1539 2790 etiam
1566 2735 1727 2790 locus
1751 2738 2048 2808 providen-

396 2815 430 2868 d
445 2832 510 2869 us
531 2821 639 2881 est,
659 2817 714 2871 in
735 2836 848 2890 quo
868 2819 1028 2876 nulla
1045 2821 1218 2878 sitvis
1238 2822 1635 2880 multitudinis
1654 2825 2042 2897 formidanda,

393 2906 452 2956 et
474 2920 585 2959 non
610 2905 686 2960 sit
707 2906 944 2963 difficile
976 2913 1153 2964 testes
1187 2911 1624 2982 producere,vel
1657 2918 1890 2970 caeteras
1917 2933 2042 2987 per-

393 3009 734 3066 sonas,quze
762 2999 882 3052 tam
915 3015 947 3053 a
977 2999 1196 3055 sanctis
1233 3001 1575 3069 canonibus,
1601 3020 1777 3075 quam
1811 3022 1845 3059 a
1873 3022 2043 3061 vene-

393 3081 594 3137 randis
621 3083 899 3141 Romanis
919 3086 1167 3160 legibus,
1188 3087 1245 3142 in
1270 3087 1611 3160 hujusmodi
1634 3094 2042 3150 controversiis

390 3169 789 3242 requiruntur.
809 3175 1018 3230 Verum
1050 3174 1173 3232 hzec
1203 3195 1317 3232 non
1353 3183 1416 3233 ut
1446 3179 1589 3235 fiant
1619 3180 2040 3254 decimus,quze

391 3258 519 3314 sine
549 3259 778 3317 decreto
809 3263 896 3318 vel
927 3263 1290 3322 ordinatione
1335 3273 1538 3324 nostra
1569 3269 1690 3324 fieri
1725 3288 1839 3326 non
1872 3288 2042 3343 posse

391 3364 571 3419 supra
601 3350 910 3407 docuimus
943 3370 956 3408 :
990 3354 1092 3409 sed
1127 3357 1190 3408 ut
1218 3357 1600 3412 ostendamus
1631 3375 1806 3430 quem
1841 3359 2040 3432 legum

391 3436 726 3493 conflictum
752 3440 1064 3498 Lotharius
1088 3444 1364 3516 congredi
1400 3462 1568 3516 posse
1599 3451 2038 3513 autumat,cum

389 3542 915 3600 personam,quam
947 3529 1006 3584 in
1041 3531 1166 3587 suis
1194 3532 1592 3604 penetralibus
1623 3536 1882 3606 quotidie
1904 3536 2041 3592 fati-

387 3618 506 3686 gat,
543 3617 802 3687 quotidie
859 3619 1122 3688 conterit,
1155 3621 1388 3694 quando
1437 3621 1562 3677 vult
1621 3624 1692 3680 ad
1743 3625 2036 3696 judicium

385 3702 601 3772 educit,
625 3706 859 3776 quando
907 3707 1030 3763 vult
1082 3710 1152 3763 ad
1213 3708 1471 3766 claustra
1520 3711 1764 3779 reducit,
1799 3718 1855 3769 et
1902 3732 2036 3770 cum

385 3792 598 3846 educta
621 3792 812 3862 fuerit,
837 3795 948 3852 nisi
981 3813 1048 3852 ea
1079 3799 1418 3870 profiteatur
1438 3817 1566 3871 qua:
1595 3799 1721 3873 ipse
1751 3819 2036 3874 praecepe-

385 3881 645 3952 rat,quis
676 3886 765 3938 est
796 3883 895 3955 qui
927 3884 1117 3941 dicere
1155 3886 1342 3957 possit
1373 3889 1610 3959 quantis
1652 3889 1824 3945 malis
1854 3891 2032 3947 intro-

383 3967 417 4022 d
429 3972 559 4023 uota
575 3970 979 4028 submittitur?
997 3973 1229 4046 Proprie
1252 3975 1432 4048 igitur
1446 3975 1699 4032 libertati
1718 3979 2032 4048 committi,

355 4057 441 4110 ’et
471 4057 542 4112 ab
581 4058 740 4114 omni
772 4062 1150 4132 oppressione
1199 4080 1265 4118 ac
1324 4067 1609 4136 potestate
1667 4064 1874 4138 ipsius,
1899 4085 2033 4124 cum

382 4161 498 4216 quo
533 4144 712 4201 initur
743 4149 1068 4218 conflictus,
1093 4156 1318 4223 oportet
1349 4149 1606 4219 liberari,
1631 4158 1802 4227 atque
1828 4154 1884 4210 in
1909 4155 2034 4212 suis

379 4231 624 4288 licenter
653 4235 758 4304 uti,
781 4240 839 4291 et
869 4242 1171 4310 suspectas
1220 4255 1501 4312 personas
1552 4242 1820 4298 convenit
1849 4243 2032 4299 decli-

380 4338 540 4389 nare,
558 4340 684 4394 quas
716 4341 778 4380 se
807 4326 879 4380 ab
901 4326 1143 4397 objectis
1166 4328 1471 4384 ostendere
1497 4330 1660 4402 cupit
1681 4330 2028 4390 immunem.

379 4409 634 4482 Sedjam
659 4415 742 4478 ut,
758 4411 837 4468 fili
857 4413 1222 4482 charissima,
1246 4416 1502 4489 epistolae
1517 4419 1692 4474 finem
1716 4437 2030 4492 ponamus,

377 4514 612 4572 semper
640 4517 740 4558 vos
770 4500 912 4558 illud
944 4505 1098 4576 quod
1131 4506 1200 4560 de
1235 4506 1379 4594 bene
1411 4512 1688 4580 operante
1719 4509 1889 4566 beato
1918 4511 2028 4566 Job
2059 4529 2106 4594 D

377 4605 559 4660 supra
579 4593 1187 4662 commemoravimus,
1209 4593 1479 4661 recolere,
1505 4613 1736 4669 semper
1764 4599 1821 4652 in
1849 4616 2028 4656 causa

375 4677 698 4748 sapedictae
738 4680 947 4752 regina:
995 4682 1209 4738 habere
1240 4700 1354 4754 pra:
1385 4684 1570 4741 oculis
1600 4685 1986 4745 admonemus
2012 4705 2025 4745 :

372 4766 515 4837 quia
547 4765 763 4822 frustra
793 4768 1085 4826 laudabile
1117 4769 1256 4843 quid
1287 4772 1530 4845 geritur,
1565 4774 1613 4828 si
1647 4777 1872 4831 cunctis
1903 4777 2024 4833 die-

371 4851 487 4909 bus
539 4855 755 4927 quibus
803 4857 961 4927 vivit,
1004 4858 1112 4914 hoc
1160 4877 1276 4916 non
1327 4861 1666 4935 exsequitur
1710 4870 2024 4937 operator:

373 4946 550 5015 atque
582 4943 879 5001 incassum
910 4947 968 5003 in
1001 4949 1190 5004 stadio
1239 4949 1559 5022 currit,qui
1603 4955 1918 5024 antequam
1951 4956 2024 5010 ad

371 5032 746 5106 designatum
778 5036 1076 5107 perveniat
1111 5037 1306 5093 locum
1345 5039 1694 5095 succumbit.
1730 5041 2023 5114 Scriptum

371 5120 590 5193 quippe
622 5126 746 5178 est:
775 5124 861 5180 Va:
891 5127 989 5196 qui
1019 5125 1377 5196 perdiderunt
1421 5130 1807 5184 sustinentium
1835 5131 2021 5202 (Eccli.

369 5209 451 5282 ιι).
490 5210 584 5265 Vos
613 5219 791 5268 autem
841 5215 921 5269 sic
962 5217 1184 5282 currite,
1218 5223 1280 5270 ut
1322 5217 1786 5288 comprehendatis
1815 5221 1874 5287 (Ι
1899 5219 2020 5276 Cor.

369 5299 467 5370 ix).
494 5300 631 5365 Quae
667 5306 945 5373 prieterea
965 5303 1035 5358 de
1064 5302 1386 5359 Waldrada
1413 5305 1640 5360 moecha
1687 5310 1745 5362 et
1791 5323 2020 5363 excom-

368 5387 669 5444 municata
717 5391 1162 5459 decreverimus,
1189 5410 1288 5448 vos
1331 5411 1446 5448 non
1496 5393 1660 5449 latet.
1688 5396 1822 5462 Quae
1863 5413 2016 5464 vero,

365 5475 646 5548 quoniam
670 5479 839 5534 nobis
863 5497 976 5535 non
1001 5481 1397 5537 annuentibus
1427 5481 1485 5536 in
1508 5480 1758 5538 Galliam
1787 5483 2016 5539 habita-

359 5568 497 5620 tura
527 5567 840 5640 repedavit,
869 5573 1044 5642 super
1091 5587 1158 5626 ea
1204 5571 1493 5644 episcopis
1543 5570 1704 5644 regni
1755 5572 2015 5629 Lotharii

2168 526 2481 582 agnoscere
2507 528 2519 566 :
2555 513 2838 584 cujusque
2870 513 3289 586 transcriptum
3323 515 3617 587 exemplar
3643 534 3814 574 vene-

2159 599 2366 654 randis
2397 600 2761 656 antistitibus
2810 601 2868 655 in
2919 617 3095 673 regno
3126 607 3316 657 vestro
3366 603 3681 660 Ecclesiam
3714 607 3813 663 Dei

2163 688 2629 756 gubernantibus
2659 693 2850 744 vestra
2878 689 3056 744 tribui
3100 691 3286 762 gloria
3319 692 3509 747 faciat.
3537 693 3814 751 Praeterea

2163 791 2462 848 rogamus,
2487 782 2549 832 ut
2580 783 2769 835 vestra
2817 778 3150 834 sublimitas
3178 780 3302 834 sine
3343 782 3499 835 omni
3535 781 3815 839 dilatione

2159 868 2747 934 przesentem,crebro
2776 866 2914 922 dicti
2948 868 3098 939 regis
3121 868 3375 922 Lotharii
3407 871 3643 926 nomine
3673 872 3815 926 titu-

2162 951 2364 1018 latam,
2389 971 2490 1025 per
2520 954 2748 1010 ﬁdelem
2785 973 2847 1010 ac
2890 956 3235 1027 prudentem
3277 957 3464 1012 virum
3499 959 3686 1014 eidem
3720 962 3814 1016 de-

2163 1041 2380 1096 stinare
2414 1049 2664 1099 maturet
2694 1045 3027 1116 epistolam,
3056 1047 3224 1116 cujus
3256 1046 3551 1118 exemplar
3582 1064 3710 1102 cccc
3733 1050 3816 1104 di-

2161 1128 2394 1185 lectioni
2422 1136 2622 1186 vestre
2643 1132 3102 1188 transmisimus.
3138 1131 3398 1204 ldipsum
3419 1133 3593 1189 etiam
3617 1151 3719 1190 vos
3742 1135 3812 1191 de

2160 1217 2260 1272 illa
2289 1235 2566 1290 rogamus
2606 1237 2794 1294 agere,
2831 1238 3009 1293 quam
3069 1221 3418 1293 praesulibus
3477 1224 3604 1292 ejus
3647 1225 3810 1296 regni

2159 1307 2619 1364 transmisimus.
2645 1309 2755 1365 Sed
2789 1309 3092 1365 sciendum
3137 1316 3224 1366 est
3264 1309 3540 1382 quoniam
3570 1310 3808 1383 quidam

2157 1396 2388 1451 timoris
2420 1402 2520 1452 aut
2551 1399 2762 1454 favoris
2793 1415 2971 1454 causa
3006 1403 3265 1455 nostram
3299 1398 3597 1472 suscipere
3628 1401 3812 1472 parvi-

2159 1486 2421 1556 pendunt
2471 1487 2819 1559 epistolam:
2855 1488 3094 1560 quidam
3114 1505 3249 1544 vero
3298 1489 3632 1562 suscipiunt
3679 1490 3811 1563 qui-

2158 1573 2314 1639 dem,
2339 1575 2438 1629 sed
2472 1574 2666 1647 palam
2699 1577 3099 1632 demonstrare
3130 1577 3475 1646 formidant;
3507 1576 3598 1633 vel
3631 1578 3809 1634 etiam

2161 1661 2432 1719 Lothario
2455 1663 2680 1736 placere
2701 1664 2978 1731 volentes,
3003 1665 3154 1721 hanc
3177 1664 3422 1721 aliorum
3445 1666 3664 1722 visione
3684 1683 3813 1739 per-

2157 1750 2548 1808 niciosissime
2577 1752 2824 1824 privant.
2851 1753 3212 1826 Quapropter
3246 1754 3452 1810 obnixe
3501 1772 3812 1826 precamur

2162 1844 2227 1896 ut
2258 1857 2359 1912 per
2383 1839 2556 1897 talem
2579 1843 2843 1898 eamdem
2865 1843 3171 1914 epistolam
3195 1847 3457 1898 nostram
3479 1843 3667 1898 virum
3683 1845 3809 1915 jam

2160 1929 2483 1998 designatis
2524 1931 2884 1987 antistitibus
2915 1935 3105 1986 vestra
3143 1931 3429 2003 sapientia
3467 1932 3680 1999 mittat,
3707 1933 3808 2004 qui

2160 2017 2480 2088 prudenter
2510 2018 2803 2084 incedens,
2837 2015 3064 2072 nullum
3099 2034 3340 2090 prorsus
3370 2034 3572 2074 eorum
3605 2023 3812 2090 prate-

2160 2110 2304 2169 reat,
2335 2106 2426 2160 cui
2459 2105 2609 2160 hanc
2639 2123 2754 2162 non
2787 2105 3099 2161 tradidisse
3122 2122 3470 2178 quocunque
3491 2108 3666 2162 modo
3697 2107 3811 2163 cla-

2160 2197 2514 2260 rescat.Quo
2565 2200 2733 2250 caute
2785 2212 2851 2250 ac
2901 2193 3299 2250 indifferenter
3327 2199 3475 2260 acto,
3507 2195 3608 2266 qui
3657 2195 3808 2252 hanc

2161 2283 2503 2355 susceperit,
2525 2283 2611 2338 vel
2644 2301 2758 2339 non
2792 2284 3134 2356 susceperit,
3177 2301 3279 2355 per
3330 2282 3630 2339 charitatis
3679 2301 3807 2340 ves-

2155 2371 2260 2423 trze
2295 2369 2551 2441 legatum
2593 2371 2679 2426 vel
2736 2371 2960 2427 litteras
3013 2371 3280 2444 protinus
3337 2389 3404 2426 ac
3459 2371 3804 2438 certissime,

2160 2459 2259 2513 sed
2293 2458 2541 2530 pleniter
2583 2460 2753 2515 nobis
2801 2461 3099 2533 poscimus
3160 2460 3442 2516 intimari.
3470 2460 3617 2515 Nam
3673 2460 3809 2516 licet

2157 2562 2363 2602 omnes
2393 2547 2674 2620 arguendi
2708 2548 2826 2603 sint
2863 2549 2936 2604 ob
2985 2547 3182 2603 nimia
3229 2564 3499 2622 soporem
3547 2547 3805 2615 desidize,

2158 2635 2345 2690 multo
2392 2641 2588 2692 tamen
2647 2637 2730 2692 illi
2781 2637 3040 2693 severius
3097 2636 3434 2708 increpandi
3463 2635 3551 2691 vel
3601 2653 3805 2708 percu-

2156 2723 2337 2779 tiendi
2370 2726 2718 2792 consistunt,
2745 2726 2843 2797 qui
2879 2727 3048 2780 toties
3077 2726 3250 2780 etiam
3278 2743 3312 2780 a
3337 2725 3506 2780 nobis
3537 2726 3678 2780 moti
3711 2743 3805 2780 ex-

2155 2812 2322 2868 citari
2354 2813 2626 2885 pestifero
2666 2813 2917 2886 torporis
2961 2831 3166 2870 somno
3199 2813 3458 2885 depressi
3488 2814 3802 2884 refugiunt.

2154 2903 2264 2958 Sed
2298 2903 2643 2975 priusquam
2670 2903 2951 2958 veraciter
2976 2901 3084 2958 hos
3117 2919 3532 2975 agnoscamus,
3557 2900 3702 2957 nihil
3734 2902 3805 2957 de

2154 2990 2247 3045 his
2271 2991 2638 3047 deﬁnitivum
2661 2991 2980 3048 deliberare
3005 3009 3245 3064 prorsus
3272 2991 3557 3056 absentia,
3581 3007 3682 3046 seu
3707 3006 3804 3063 po-

2151 3079 2270 3134 tius
2295 3080 2642 3153 ignorantia,
2660 3080 2894 3151 justitia
2915 3079 3803 3153 dictante,permittit.0ptamus

2072 3163 2113 3231 C
2152 3168 2398 3240 gloriam
2426 3175 2675 3224 vestram
2702 3171 2759 3224 in
2782 3169 3006 3225 Christo
3035 3187 3188 3224 nunc
3211 3174 3266 3225 et
3287 3186 3520 3241 semper
3547 3170 3690 3223 bene
3711 3183 3802 3222 va-

2152 3256 2681 3322 lere,dilectissime
2705 3258 2804 3314 fili.
2830 3259 2976 3314 Data
2993 3276 3093 3315 vm
3114 3258 3401 3314 Kalendas
3431 3257 3798 3325 Februarias,

2151 3346 2466 3402 indictione
2490 3364 2582 3402 xv.

2865 3445 3094 3501 CXLIX.

2623 3551 2696 3590 AD
2738 3551 3065 3591 LOTHARIUM
3107 3549 3318 3589 REGEM.

2785 3626 2972 3693 (Anno
3009 3623 3157 3695 867.)

2148 3713 2305 3785 Quod
2341 3713 2666 3784 Thcutberga
2715 3714 2877 3770 taedio
2910 3714 3249 3783 aﬂictionum
3281 3722 3464 3768 contra
3513 3729 3570 3768 se
3622 3715 3798 3784 ipsam

2214 3786 2448 3851 scribat,-
2473 3793 2728 3841 cacterum
2747 3786 2972 3840 dissolvi
2999 3786 3114 3856 ejus
3142 3785 3458 3855 conjugium
3487 3801 3596 3839 non
3624 3800 3795 3855 posse,

2214 3859 2330 3912 nisi
2359 3857 2646 3912 Lotharius
2673 3859 2925 3914 caelibem
2949 3873 3156 3928 quoque
3179 3856 3652 3927 vitamspondeat.

2218 3973 2508 4028 Lo'raamo
2579 3971 2833 4044 glorioso
2891 3971 3043 4042 [edit.
3104 3971 3282 4039 Rom,
3348 3969 3797 4044 gloriosissimo]

2145 4076 2285 4114 P621.

2248 4077 2285 4114 ι.

2208 4076 2446 4214 gAudito,
2470 4151 2790 4203 revertente
2821 4147 3003 4203 misso
3036 4152 3256 4213 nostro,
3282 4146 3658 4202 correctionis
3682 4151 3794 4201 tuae

2141 4241 2206 4292 ut
2227 4237 2306 4292 ita
2327 4235 2594 4292 dicamus
2617 4236 2806 4302 initio,
2821 4235 3038 4309 gratias
3061 4236 3175 4291 Deo
3198 4234 3520 4308 condignas
3541 4235 3792 4307 egimus,

2142 4331 2197 4383 et
2231 4330 2295 4381 ut
2325 4325 2429 4381 tibi
2462 4343 2692 4399 quoque
2732 4330 2927 4399 grates
2966 4323 3368 4396 competibiles
3421 4325 3791 4391 referremus,

2141 4416 2405 4472 animum
2447 4415 2922 4488 praeparavimus.
2957 4414 3092 4482 Sed,
3123 4413 3272 4469 heu!
3317 4415 3560 4469 adversa
3589 4413 3796 4468 nuntia

2139 4505 2432 4562 venientia
2445 4504 2621 4574 hujus
2634 4503 2977 4558 intentionis
2990 4507 3202 4578 nostra:
3215 4501 3512 4574 proposito
3531 4500 3796 4556 celeriter

2137 4595 2463 4650 obviarunt.
2490 4595 2853 4664 Quapropter
2881 4589 3170 4664 compulsi
3199 4607 3408 4646 sumus
3437 4593 3666 4646 mutare
3696 4605 3790 4646 vo-

2140 4699 2286 4751 cem,
2313 4686 2369 4737 et
2400 4683 2500 4754 qui
2523 4682 2594 4736 ad
2619 4681 2942 4753 gratiarum
2975 4681 3232 4736 actiones
3255 4697 3320 4735 os
3343 4679 3564 4752 aperire
3595 4678 3790 4751 dispo-

2139 4786 2462 4838 sueramus,
2490 4770 2548 4823 in
2573 4769 2766 4824 luctus
2789 4773 2843 4824 et
2865 4769 3290 4841 increpationes
3314 4768 3508 4824 adhuc
3528 4767 3789 4824 officium

2134 4859 2348 4933 linguae
2382 4858 2562 4914 coacti
2597 4857 2927 4930 dirigimus.
2963 4857 3266 4929 Siquidem
3299 4854 3608 4929 epistolam
3635 4875 3790 4913 nunc

2135 4947 2529 5022 suggestionis
2560 4946 2940 5019 Theutbergze
2970 4945 3234 5019 gloriosae
3272 4946 3484 5019 regina:
3517 4947 3786 5013 missam,

2135 5037 2528 5094 deferentibus
2558 5035 2764 5109 legatis
2811 5037 2958 5106 ejus,
2994 5035 3388 5107 suscepimus.
3410 5051 3589 5107 quam
3637 5035 3785 5090 nihil

2132 5128 2404 5182 intimare
2434 5124 2759 5197 reperimus
2799 5123 3028 5190 litteris,
3055 5123 3168 5179 nisi
3203 5124 3359 5196 quod
3400 5124 3486 5178 illi
3527 5138 3785 5178 asserere

2129 5217 2479 5272 videbantur
2508 5213 2719 5268 verbis.
2751 5211 2966 5268 Verum
3010 5212 3070 5266 in
3114 5216 3362 5284 utroque
3394 5209 3782 5281 obstupefacti

2130 5305 2348 5379 pariter
2377 5308 2434 5358 et
2463 5301 2658 5356 mirati
2686 5317 2894 5357 sumus
2921 5317 2932 5356 :
2965 5305 3140 5373 atque
3169 5304 3291 5356 tam
3314 5303 3547 5382 repente
3571 5295 3705 5368 styli
3727 5303 3784 5354 et

2129 5393 2426 5466 petitionis
2459 5393 2694 5445 mutatze
2736 5406 2944 5445 sensus
2986 5389 3434 5460 aprpendentes,
3470 5384 3614 5440 nihil
3665 5385 3780 5443 tale

2127 5483 2288 5538 illam
2321 5479 2489 5536 nobis
2521 5479 2824 5534 intimasse
2865 5494 3096 5549 quoque
3129 5477 3250 5546 [al.,
3276 5492 3530 5546 quoquo,
3565 5475 3774 5548 Hann]

2124 5577 2384 5644 tempore
2425 5567 2794 5627 recoluimus.
2819 5565 3120 5638 Siquidem
3147 5581 3281 5620 cum
3323 5564 3393 5621 ad
3438 5562 3776 5625 relationem
