4098 6186
362 216 522 282 1147

1731 219 2043 285 NICOLAI
2086 214 2316 286 PAP/E
2354 222 2405 285 Ι.

3618 216 3774 283 1148

361 351 627 410 omnium
657 368 825 428 pene,
847 350 950 428 qui
978 370 1047 413 ex
1076 354 1393 414 Gallicanis
1431 360 1490 414 et
1525 356 1887 414 Germanicis
1916 372 2007 414 re-
2033 354 2091 423 Α
2120 359 2370 424 mortua,
2410 359 2475 412 tu
2515 354 2694 413 nullis
2736 354 2986 431 legibus,
3018 353 3196 413 nullis
3242 352 3461 429 regulis
3508 370 3776 427 unquam

361 442 637 514 gionibus
660 445 903 500 Romam
927 445 1209 502 orationis
1239 446 1428 519 gratia
1455 447 1717 518 veniunt,
1742 448 1830 503 vel
1865 447 2013 503 mul-

362 535 556 587 torum
588 532 707 588 illic
738 533 1094 607 degentium,
1119 534 1319 591 oculos
1369 536 1583 592 mentis
1636 536 2009 604 inﬂectimus,

362 619 689 691 plurimum
707 622 923 677 distare
941 622 1355 694 conspicimus,
1372 625 1527 696 quod
1548 625 1676 697 ipsa
1692 642 1848 681 nunc
1868 627 1942 681 du
1954 644 2012 679 n-

363 712 523 763 taxat
554 708 862 782 signiﬁcat,
890 714 947 764 et
978 711 1132 782 quod
1174 712 1233 766 hi
1274 730 1477 769 omnes
1518 714 1777 785 quotidie
1806 731 2013 786 prope-

368 797 609 853 modum
641 798 833 854 verbis
864 804 918 853 et
950 800 1213 871 apicibus
1254 800 1511 857 innuunt
1543 819 1555 857 :
1590 804 1805 880 quippe
1836 820 2013 875 quam

365 884 716 941 inremotam
777 889 969 943 cuncti
1030 889 1428 957 afﬂictionem,
1470 909 1535 947 ac
1588 891 2014 947 intolerabilem

366 990 725 1046 pressuram,
758 975 1119 1049 nimiamque
1157 978 1487 1035 violentiam
1539 981 1656 1052 pati
1706 985 2014 1046 testantur,

369 1063 641 1134 quamvis
673 1063 775 1119 illa
806 1052 1025 1131 contra,
1052 1073 1257 1139 sponte
1289 1086 1355 1124 ac
1383 1068 1631 1125 libenter
1674 1087 1708 1125 a
1747 1070 1906 1141 regia
1936 1070 2019 1125 di-

369 1151 592 1223 gnitate
622 1153 751 1208 exui
784 1171 845 1209 sc
875 1154 1020 1211 velle
1070 1172 1135 1212 ac
1185 1162 1384 1229 optare
1423 1158 1673 1214 fateatur
1702 1163 1758 1213 et
1788 1158 2015 1231 copula.

369 1241 502 1305 Qua
524 1240 605 1295 illi
633 1242 870 1312 quidem
895 1244 1082 1315 aliter,
1102 1245 1224 1302 hac
1252 1264 1386 1302 vero
1413 1247 1582 1302 aliter
1601 1248 1874 1319 prosequi
1897 1265 2018 1304 cer-

370 1327 551 1395 nitur,
576 1330 657 1385 ita
706 1335 767 1385 ut
816 1333 1080 1387 omnium
1109 1334 1529 1390 assertionibus
1575 1335 1839 1408 legaliter
1887 1355 1920 1392 a
1966 1341 2022 1392 te

368 1417 650 1487 admissa,
685 1418 883 1492 inique
923 1421 1133 1477 deinde
1177 1428 1467 1491 accusata,
1502 1424 1741 1495 posthac
1773 1424 2021 1494 judicio,

371 1522 488 1577 quo
512 1507 618 1561 tibi
642 1512 698 1563 et
721 1510 995 1565 omnibus
1018 1511 1299 1581 subjectis
1321 1511 1460 1577 tuis,
1486 1529 1707 1568 necnon
1732 1519 1787 1569 et
1807 1513 2024 1585 episco-

371 1594 463 1666 pis
484 1594 725 1666 placuit,
751 1597 1046 1653 evidenter
1074 1598 1399 1670 puriﬁcata,
1417 1601 1626 1657 deinde
1648 1603 1904 1658 secundo
1932 1620 2024 1658 re-

367 1682 563 1755 pulsa,
586 1691 880 1756 postremo
930 1687 1167 1743 monitis
1199 1693 1255 1744 et
1284 1690 1513 1745 decreto
1552 1694 1773 1757 nostro,
1807 1691 2026 1763 pariter
2052 1722 2100 1788 Β

369 1776 427 1826 et
458 1771 692 1828 hortatu
733 1773 838 1828 filii
879 1775 1064 1831 nostri
1107 1777 1438 1834 excellentis
1475 1781 1742 1852 Augusti,
1768 1781 1904 1852 jure
1935 1796 2023 1835 re-

369 1865 537 1931 cepta
591 1861 838 1918 dicatur.
870 1864 1003 1936 Ipsa
1031 1869 1228 1921 autem
1284 1867 1379 1923 his
1410 1868 1686 1925 omnibus
1732 1869 2026 1925 contraria

371 1966 527 2006 nunc
559 1951 785 2021 effecta,
815 1956 873 2009 et
901 1971 1019 2009 sua
1051 1954 1238 2027 ipsius
1268 1956 1447 2013 oblita
1474 1958 1871 2029 profectionis,
1895 1975 2022 2014 nes-

371 2037 562 2095 cimus
592 2057 720 2112 qua
751 2040 954 2098 frivola
982 2044 1264 2100 fateatur:
1293 2064 1419 2118 qua
1451 2046 1716 2103 videlicet
1747 2047 2022 2103 nolumus

368 2131 885 2203 exaggerare,quia
903 2131 1183 2190 nolumus
1201 2151 1557 2206 supervacue
1579 2135 2025 2193 lahorare.Didi-

366 2216 557 2274 cimus
583 2221 782 2275 tamen
810 2220 1131 2277 multorum
1155 2221 1341 2278 relatu
1375 2240 1440 2278 ac
1463 2223 1665 2279 multis
1688 2223 1942 2291 indiciis,
1966 2229 2022 2280 te

367 2305 439 2361 ad
464 2307 854 2365 imitationem
878 2326 1079 2365 eorum
1104 2328 1446 2368 conversum
1470 2314 1539 2369 de
1561 2313 1776 2384 quibus
1797 2318 2022 2387 aposto-

366 2392 865 2468 lorum'princeps
907 2398 1048 2453 dicit
1081 2416 1094 2452 ε
1127 2399 1191 2454 Si
1218 2403 1366 2455 enim
1412 2404 1744 2472 refugientes
1772 2405 2021 2474 coinqui-

367 2483 620 2539 nationes
650 2485 847 2540 mundi
875 2488 935 2540 in
955 2490 1316 2557 cognitionem
1336 2490 1557 2545 Domini
1564 2492 1750 2547 nostri
1768 2500 1819 2547 et
1836 2492 2024 2548 Salva-

375 2571 510 2625 toris
552 2573 677 2627 Jesu
721 2572 946 2640 Christi,
974 2577 1059 2631 his
1113 2593 1304 2633 rursus
1360 2580 1621 2650 impliciti
1670 2589 2019 2652 superantur,

378 2662 524 2732 facta
549 2669 677 2716 sunt
717 2665 798 2718 eis
838 2667 1145 2735 porteriora
1192 2667 1462 2723 deteriora
1504 2669 1804 2741 prioribus.
1832 2669 2023 2727 Melius

379 2750 527 2804 enim
553 2759 671 2806 erat
716 2752 834 2808 illis
870 2770 982 2809 non
1008 2770 1321 2827 cognoscere
1366 2758 1515 2812 viam
1549 2758 1810 2831 justitia,
1857 2776 2023 2832 quam

370 2845 494 2909 post
533 2841 867 2910 agnitionem
922 2850 1215 2900 retrorsum
1269 2848 1467 2902 reverti
1494 2847 1578 2902 ’ab
1607 2864 1688 2913 eo,
1721 2848 1859 2919 quod
1906 2849 2022 2905 illis

371 2927 640 2983 trudi/um
666 2936 747 2984 est
762 2939 950 2987 sancto
970 2933 1246 2989 mandato.
1270 2936 1552 3005 Contingit
1578 2937 1721 2991 enim
1745 2938 1860 2992 illis
1882 2937 2022 2992 illud

370 3017 488 3071 veri
508 3017 805 3087 proverbii,
827 3036 925 3074 can
934 3021 978 3075 is
1006 3037 1252 3078 reversus
1274 3022 1343 3078 ad
1371 3040 1535 3079 suum
1556 3026 1839 3091 vomitum,
1861 3034 1914 3081 et
1929 3042 2021 3081 sus

2120 444 2495 503 Waldradam
2518 445 2574 501 in
2600 462 2837 502 uxorem
2870 444 3063 518 possis
3091 449 3194 501 aut
3224 444 3587 518 permittaris
3607 459 3777 498 assu-

2120 552 2298 591 mere.
2315 535 2520 591 Utrum
2546 551 2682 607 ergo
2702 533 3026 590 Waldrada
3052 533 3314 607 legitima
3342 538 3444 589 tua
3471 533 3655 587 fuerit
3676 531 3780 585 ali-

2122 625 2357 696 quando
2379 626 2592 697 conjux
2621 622 2880 680 Ecclesia
2901 622 3001 678 Dei
3032 621 3430 678 satisfactione
3451 620 3780 676 Theutber-

2121 728 2205 784 ga
2225 729 2338 768 non
2362 713 2708 787 eget.Unum
2730 710 3196 782 tamenIscimus,
3212 709 3488 782 quoniam
3516 724 3625 764 nec
3649 725 3781 774 nos,

2123 818 2229 857 nec
2247 803 2448 857 eadem
2478 801 2987 874 sancta1Ecclesia,
3016 803 3251 855 auctore
3276 798 3412 869 Deo,
3425 798 3524 870 qui
3560 796 3786 852 adulte-

2124 908 2220 946 ros
2233 891 2545 963 judicabit,
2581 895 2660 960 te,
2692 892 2740 948 si
2769 889 3152 945 Waldradam
3184 888 3660 961 quandocunque
3693 904 3783 941 re-

2125 982 2470 1053 sumpscris,
2512 981 2690 1037 etiam
2730 979 3100 1051 Theutberga
3136 977 3470 1042 decedente,
3521 975 3787 1030 dimittet

2127 1070 2317 1125 modis
2332 1070 2608 1125 omnibus
2628 1068 3009 1142 impunitum.
3027 1066 3175 1123 Illud
3188 1083 3321 1122 vero
3340 1064 3495 1138 quod
3510 1064 3660 1120 dicit
3684 1066 3788 1119 llo-

2127 1175 2284 1213 mam
2308 1158 2532 1231 chvelle
2554 1159 2768 1224 venire,
2784 1157 3073 1229 nobisque
3103 1154 3408 1228 passiones
3435 1158 3491 1209 et
3511 1153 3788 1225 quadam

2127 1252 2351 1303 secreta
2377 1248 2466 1303 sui
2510 1247 2759 1320 pectoris
2813 1261 3091 1313 reserare,
3123 1243 3246 1299 fieri
3295 1259 3407 1297 non
3464 1241 3788 1297 convenit:

2130 1336 2404 1409 quoniam
2431 1341 2487 1392 et
2509 1336 2793 1392 securitas
2811 1333 3247 1405 itineris,quam
3273 1330 3603 1404 pratendit,
3624 1329 3793 1386 nulla

2129 1430 2248 1493 est;
2281 1429 2340 1481 et
2370 1424 2630 1498 quandiu
2662 1423 2980 1481 Waldrada
3009 1422 3090 1477 ita
3117 1421 3224 1477 tibi
3246 1422 3419 1492 juxta
3446 1419 3642 1492 posita
3673 1424 3790 1487 est,

2131 1513 2345 1569 diaboli
2375 1513 2629 1570 versutia
2657 1531 2772 1568 non
2803 1512 3009 1567 abesse
3035 1508 3419 1566 convincitur.
3448 1510 3595 1564 Dum
3627 1506 3786 1563 enim

2132 1602 2512 1675 Theutberga
2541 1602 2806 1668 discedit,
2840 1599 3157 1656 Waldrada
3193 1599 3606 1653 incunctanter
3634 1613 3793 1652 acce-

2133 1693 2218 1747 dit
2241 1709 2254 1746 :
2280 1691 2558 1748 nimirum
2586 1692 2726 1764 quia
2756 1691 2898 1746 dum
2925 1688 3016 1745 lex
3046 1686 3365 1760 repellitur,
3390 1685 3791 1758 praevaricatio

2133 1780 2437 1837 confestim
2471 1781 2791 1836 inducitur.
2826 1778 3110 1834 Caeterum
3143 1776 3277 1848 quis
3309 1773 3543 1848 ignorat
3570 1774 3793 1829 Theut-

2133 1870 2371 1942 bergam
2402 1869 2525 1925 hac
2555 1873 2759 1924 contra
2807 1882 2869 1923 se
2909 1864 3110 1921 multis
3144 1864 3439 1936 pressuris
3480 1862 3792 1919 subactam

2133 1959 2440 2030 deponere,
2467 1975 2533 2013 ac
2563 1956 2890 2013 innumeris
2917 1953 3089 2010 malis
3114 1952 3397 2019 attritum,
3430 1952 3547 2007 imo
3581 1952 3792 2007 mortis

2133 2046 2458 2117 periculum
2491 2044 2923 2110 formidantem,
2940 2043 3093 2116 quod
3125 2040 3249 2098 solo
3270 2041 3387 2096 Deo
3409 2040 3655 2096 custode
3678 2040 3789 2095 fre-

2132 2138 2378 2206 quenter
2424 2132 2626 2202 evasit,
2668 2131 2964 2189 asserere?
2988 2131 3133 2187 Cum
3181 2130 3381 2198 etiam,
3412 2133 3478 2184 ut
3526 2128 3794 2201 praedixi-

2131 2239 2446 2295 mus,pene
2478 2239 2682 2278 omnes
2709 2219 2963 2294 religiosi
2995 2224 3051 2275 et
3080 2218 3220 2274 clari
3246 2217 3351 2272 viri
3375 2215 3702 2273 Galliarum
3735 2220 3792 2272 et

2131 2312 2454 2368 Germania
2486 2311 2607 2368 hac
2636 2311 2717 2366 ita
2763 2327 2825 2366 se
2872 2308 3087 2364 habere
3136 2305 3415 2362 relatione
3462 2308 3783 2371 testentur;

2132 2401 2273 2457 adeo
2306 2404 2371 2456 ut
2401 2401 2521 2455 hac
2544 2416 2694 2467 eam,
2718 2416 2846 2472 qua
2878 2414 3035 2453 nunc
3060 2395 3317 2468 scripsit,
3343 2394 3515 2450 nobis
3541 2393 3790 2466 scriptu-

2132 2506 2257 2544 ram
2290 2490 2409 2545 fore
2438 2493 2571 2544 ante
2602 2487 2855 2544 multum
2884 2484 3164 2558 temporis
3193 2483 3648 2558 prascierimus.
3676 2482 3791 2538 Ve-

2106 2652 2111 2656 .
2132 2595 2261 2633 rum
2282 2595 2388 2634 nos
2404 2578 2580 2634 talem
2595 2576 3020 2633 confessionem
3033 2576 3365 2647 ejus,quam
3383 2589 3501 2628 non
3511 2571 3786 2627 voluntas

2130 2667 2232 2723 scd
2259 2666 2345 2723 vis
2366 2666 2624 2733 extorsit,
2648 2681 3022 2738 nequaquam
3054 2679 3155 2735 pro
3187 2660 3553 2717 confessione
3578 2659 3783 2732 recipi-

2129 2773 2283 2811 mus.
2318 2755 2707 2821 Quamobrem
2765 2751 3036 2826 quisquis
3084 2753 3284 2806 contra
3340 2748 3781 2821 Theutbergam

2131 2845 2402 2918 agit,non
2425 2843 2615 2899 solum
2638 2840 2956 2898 Ecclesiam
2979 2838 3082 2895 Dei
3112 2837 3364 2912 graviter
3386 2836 3784 2905 ladit,verum

2130 2933 2307 2989 etiam
2328 2934 2527 2989 sedem
2559 2928 2960 3005 apostolicam,
2983 2929 3154 2999 cujus
3173 2925 3467 2999 judicium
3500 2942 3618 2981 non
3650 2924 3789 2979 licet

2132 3025 2464 3087 retractare,
2478 3021 2850 3077 vehementer
2869 3018 3149 3073 adversus
3169 3032 3230 3070 se
3252 3029 3621 3071 commovere
3642 3030 3780 3068 con-

373 3105 483 3160 lota
525 3107 582 3160 in
605 3107 885 3163 volutabra
934 3110 1057 3165 luti.
1108 3110 1457 3180 Didicimus,
1505 3112 1768 3186 inquam,
1809 3090 1885 3181 te,
1919 3115 2017 3186 qui
2050 3090 2093 3156 (ἶ
2131 3109 2687 3181 vincitur,quoniam
2714 3107 2907 3176 illajex
2926 3109 3176 3177 utraque
3197 3107 3360 3176 parte
3377 3101 3784 3175 provocata,id

372 3191 593 3264 prolixo
623 3198 885 3268 tempore
910 3196 967 3251 in
992 3197 1206 3254 scelere
1236 3216 1606 3272 permanens,
1630 3201 1896 3258 Ecclesia
1917 3203 2018 3258 Dei

373 3298 490 3336 non
522 3284 817 3339 modicum
845 3285 1115 3351 nocuisti,
1139 3304 1343 3344 nocere
1365 3290 1647 3359 adhuc,et
1673 3290 1773 3362 qui
1806 3291 1865 3345 in
1896 3308 2018 3347 sor-

374 3368 548 3426 dibus
569 3388 718 3440 eras,
735 3374 1067 3431 sordescere
1096 3376 1307 3433 adhuc.
1334 3378 1399 3432 Et
1419 3382 1572 3433 certe
1603 3378 1660 3434 in
1694 3379 2021 3436 reversione

372 3457 547 3531 legati
594 3462 779 3516 nostri
828 3465 885 3517 te
933 3468 1264 3536 correptum
1313 3466 1636 3532 audientes,
1661 3466 1814 3523 ultra
1843 3486 2020 3540 quam

376 3547 490 3602 dici
536 3548 724 3605 valeat
768 3550 1210 3623 exsultavimus,
1244 3558 1300 3609 et
1337 3555 1723 3628 omnipotenti
1773 3557 2021 3614 Domino

376 3636 596 3707 gratias
627 3637 948 3695 immensas
980 3641 1325 3697 retulimus:
1351 3646 1626 3714 putantes
1652 3643 2023 3712 videlicet,de

378 3723 869 3794 apprehensisate
887 3727 1149 3784 honestis
1168 3730 1694 3799 moribus,tandem
1711 3731 2023 3804 aliquando

379 3810 747 3883 flagrantiam
771 3814 830 3868 in
844 3815 1079 3870 odorem
1093 3817 1396 3881 suavitatis
1407 3820 1478 3873 ad
1500 3819 1813 3875 Dominum
1827 3819 2022 3893 dirigi,

380 3914 496 3954 non
529 3899 791 3958 faetorem
813 3903 883 3959 de
903 3902 1120 3959 iterata
1147 3906 1422 3978 nequitia
1444 3911 1558 3962 tua
1580 3907 1905 3965 colluvione
1925 3927 2028 3982 per

380 3989 668 4045 mundum
702 3989 855 4047 ultra
892 3992 1166 4067 dispergi.
1195 3995 1301 4051 Sed
1342 3995 1482 4052 heul
1518 4013 1549 4053 e
1580 3998 1891 4065 contrario,
1923 4015 2027 4071 pro

381 4077 545 4133 suavi
578 4079 753 4135 odore
784 4080 971 4150 fator,
1005 4100 1119 4138 non
1152 4082 1211 4139 in
1256 4100 1371 4156 quo
1411 4086 1763 4141 currendum
1796 4086 1891 4153 sit,
1926 4089 2028 4143 sed

383 4167 480 4239 qui
512 4171 634 4223 tota
661 4167 963 4226 velocitate
989 4172 1301 4244 fugiendus
1333 4174 1563 4241 existat,
1586 4175 1846 4245 ecce‘hac
1877 4174 2032 4233 illac-

383 4272 497 4327 que
540 4255 909 4314 diffunditur.
944 4259 1268 4332 Siquidem,
1302 4266 1367 4316 ut
1406 4262 1738 4335 opinamur,
1766 4264 1871 4319 tibi
1913 4283 2029 4321 non

382 4345 602 4401 sufﬁcit
631 4345 820 4402 solum
843 4348 1195 4404 adulterium
1222 4354 1608 4423 perpetrasse,
1636 4351 1746 4407 nisi
1771 4371 2030 4425 apponas

2127 3200 2358 3252 esttam
2382 3200 2491 3251 ate
2513 3212 2690 3268 quam
2716 3212 2750 3250 a
2774 3192 3238 3264 Theutberga,cu
3238 3192 3341 3262 jus
3364 3188 3541 3245 vestri
3565 3188 3783 3262 negotii

2128 3284 2635 3358 exsecutrix[Edit.
2671 3284 2843 3347 Rom.,
2875 3280 3267 3353 interpretrix]
3288 3283 3346 3333 et
3374 3277 3785 3350 interemptrix

2128 3374 2331 3429 effecta
2361 3379 2467 3428 est.
2494 3372 2626 3428 Jam
2654 3389 2787 3427 vero
2818 3370 2867 3426 si
2900 3369 3103 3425 eadem
3133 3367 3503 3439 Theutberga
3535 3367 3780 3421 Romam

2129 3463 2325 3518 venire
2354 3461 2630 3534 disponit,
2655 3466 2712 3517 et
2742 3458 3039 3516 licentiam
3072 3474 3107 3513 a
3136 3461 3216 3524 te,
3242 3449 3491 3528 conjuge
3523 3454 3788 3511 videlicet

2131 3568 2258 3619 suo,
2273 3549 2678 3623 proﬁciscendi
2703 3549 2912 3620 adepta
2931 3545 3126 3614 fuerit,
3142 3544 3428 3601 securitas
3448 3546 3541 3599 est
3557 3543 3608 3598 ei
3631 3560 3787 3615 pror-

2132 3657 2235 3695 sus
2257 3638 2586 3694 certissima
2606 3636 3061 3707 tribuenda,qua
3083 3634 3228 3689 freta
3245 3649 3542 3704 nusquam
3566 3635 3788 3687 metuat

2134 3746 2195 3784 se
2208 3745 2309 3800 per
2320 3727 2617 3783 hominem
2632 3725 2854 3798 aliquid
2874 3723 3126 3779 incidere
3143 3720 3589 3787 lasionis.Quod
3606 3721 3787 3777 omni-

2135 3834 2209 3872 no
2230 3833 2343 3871 non
2358 3815 2591 3887 proveni
2601 3832 2660 3870 re
2677 3814 2890 3887 poterit
2906 3812 3021 3868 nisi
3035 3809 3352 3867 Waldrada
3364 3811 3611 3865 Romam
3626 3809 3788 3881 prius

2135 3905 2421 3971 mittatur,
2437 3907 2495 3960 et
2526 3904 2597 3959 de
2618 3920 2685 3958 ea
2707 3902 2860 3975 quod
2885 3899 3236 3957 conveniens
3263 3898 3340 3953 sit
3360 3898 3790 3953 dilﬁniaturzet
3862 3900 3867 3905 ’

2134 3994 2218 4050 ita
2238 3994 2476 4048 demum
2498 3991 2633 4048 talis
2649 3990 3045 4047 immunitatis
3062 3988 3347 4044 certitudo
3369 3987 3786 4059 subsequatur,

2138 4087 2203 4138 ut
2232 4081 2542 4154 sapedicta
2562 4079 2933 4153 Theutberga
2963 4094 3069 4133 nec
3099 4077 3357 4145 veniens,
3391 4092 3500 4131 nec
3529 4091 3789 4131 commo-

2138 4188 2296 4239 rans,
2332 4187 2437 4226 nec
2477 4169 2728 4237 rediens,
2753 4167 2988 4240 aliquod
3030 4166 3287 4239 patiatur
3326 4163 3788 4221 incommodum.

2140 4260 2303 4326 Quod
2336 4259 2386 4315 si
2419 4258 2668 4313 minime
2695 4272 2800 4328 pro
2832 4254 3163 4327 repellenda
3185 4270 3219 4309 a
3248 4256 3304 4310 te
3334 4252 3576 4309 sinistra
3607 4252 3794 4324 suspi-

2141 4348 2306 4403 cione
2345 4344 2685 4419 promiseris
2728 4360 2918 4417 agere,
2943 4342 3298 4399 cessandum
3330 4345 3440 4411 est,
3464 4358 3537 4396 ne
3574 4339 3791 4396 talibus

382 4437 447 4488 ut
467 4434 645 4490 etiam
667 4436 898 4493 animas
914 4437 1221 4494 hominum
1250 4439 1492 4511 perjurii
1520 4440 1746 4513 laqueis
1776 4442 2031 4498 irretitas
2062 4448 2108 4512 Ι)
2142 4436 2363 4493 fraudis
2381 4433 2613 4490 insidiis
2630 4429 3460 4506 acquiescamus,omnimodis
3472 4445 3792 4502 praecaven-

383 4522 442 4576 in
462 4526 788 4580 extremum
811 4526 1117 4599 demerges
1147 4526 1474 4584 interitum.
1492 4529 1602 4584 Sed
1628 4529 1768 4599 quid
1793 4531 2030 4599 mirum,

383 4610 433 4666 si
465 4628 784 4683 paucorum
815 4615 1127 4671 animabus
1156 4632 1260 4687 per
1296 4616 1618 4688 perjurium
1653 4617 1895 4674 exitium
1930 4635 2030 4675 ac-

385 4699 637 4770 quisisti,
661 4704 896 4774 quando
936 4704 995 4759 in
1025 4708 1190 4760 tanta
1239 4703 1598 4762 sublimitate
1653 4707 1899 4779 positus,
1932 4724 2035 4780 per

384 4788 712 4860 exemplum
728 4795 840 4846 tua
863 4792 1120 4848 machia
1138 4794 1545 4849 tothominum
1564 4794 1751 4850 millia
1767 4796 1825 4851 in
1846 4797 2035 4868 perdi-

383 4873 560 4931 tionis
591 4876 768 4933 chaos
800 4881 1289 4953 pracipitaveris?
1323 4883 1467 4940 Nam
1505 4884 1728 4955 majora
1760 4884 1896 4940 facit
1926 4884 2033 4941 cri-

386 4963 546 5019 mina
571 4963 906 5022 sublimitas
927 4970 1297 5042 dignitaium.
1318 4971 1465 5027 Illud
1490 4974 1868 5045 autem,quod
1891 4992 2034 5046 pra-

385 5053 687 5109 nominata
702 5054 903 5126 regina
914 5058 1081 5128 quasi
1092 5059 1417 5116 Waldrada
1430 5061 1832 5118 testimonium
1846 5062 2036 5134 perhi-

386 5143 502 5209 bct,
528 5141 727 5198 dicens
748 5158 878 5198 eam
910 5143 1090 5201 fuisse
1110 5151 1273 5203 tuam
1300 5166 1539 5206 uxorem
1562 5149 1908 5223 legitimam,
1932 5156 2035 5207 aut

386 5232 695 5304 invita,aut
717 5231 933 5288 frustra
952 5239 1194 5290 conatur
1211 5238 1539 5295 adstruere:
1557 5240 2033 5312 quandoquidem

385 5320 547 5376 illius
579 5321 742 5376 nulla
772 5338 1013 5394 prorsus
1052 5321 1187 5377 hinc
1228 5325 1561 5382 testimonio
1592 5329 1725 5400 quis
1755 5328 2031 5401 indigeat.

389 5408 531 5462 Cum
565 5410 752 5483 magis
783 5427 890 5467 nos
921 5410 1003 5467 ita
1032 5411 1357 5468 sentiamus
1397 5416 1551 5485 quod
1584 5417 1840 5486 justum,
1870 5421 1927 5473 et
1955 5417 2038 5473 ita

391 5493 788 5568 intelligamus
811 5502 963 5572 quod
995 5518 1227 5574 aequum
1250 5506 1442 5570 est,ut
1464 5502 1642 5581 etiam
1666 5505 2037 5579 Theutberga

2144 4526 2305 4581 dum.
2329 4526 2535 4595 Tuque
2556 4539 2790 4580 summo
2813 4521 3006 4578 studio
3028 4520 3330 4592 prafatam
3356 4518 3788 4590 Theutbergam

2120 4616 2450 4687 lconjugem
2469 4616 2634 4669 tuam
2654 4615 2938 4683 tanquam
2956 4608 3251 4682 propriam
3265 4623 3501 4664 carnem
3515 4607 3707 4662 fovere
3728 4622 3791 4661 ac

2142 4703 2384 4776 diligere
2414 4703 2744 4775 procurato,
2768 4704 2826 4754 et
2855 4715 2928 4754 ne
2963 4697 3124 4753 illam
3177 4696 3437 4770 separari
3488 4713 3524 4752 a
3569 4699 3629 4751 te
3676 4693 3790 4750 ullo

2142 4796 2310 4865 pacto
2341 4790 2692 4857 consentias,
2712 4786 3021 4861 vigilanter
3053 4786 3311 4842 attende.
3353 4784 3515 4841 Unde
3564 4784 3616 4840 si
3674 4782 3793 4840 vult

2143 4884 2253 4937 ate
2275 4879 2590 4947 discedere,
2606 4878 2852 4950 corripe,
2867 4876 2984 4931 imo
3006 4874 3229 4949 corrige
3254 4890 3406 4943 eam,
3435 4877 3493 4929 et
3518 4890 3553 4928 a
3575 4872 3679 4928 tali
3711 4872 3791 4927 in-

2143 4970 2401 5025 tentione
2449 4983 2553 5040 per
2599 4966 2799 5023 omnia
2847 4969 3047 5038 satage
3096 4979 3384 5019 revocare.
3415 4962 3549 5018 Jam
3576 4978 3713 5018 vero
3742 4959 3788 5015 si

2144 5075 2340 5115 amore
2361 5056 2655 5130 pudicitia
2688 5053 3118 5128 separationem
3143 5052 3371 5124 quaerit,
3385 5056 3444 5107 et
3464 5049 3787 5124 conjugalis

2143 5145 2418 5204 connubii
2441 5143 2793 5203 solutionem
2824 5142 3367 5215 efflagitat,certum
3387 5144 3495 5208 est,
3517 5139 3788 5212 Apostolo

2145 5233 2800 5309 pradicante,quoniam
2820 5230 3030 5287 mulier
3049 5229 3141 5286 sui
3164 5230 3422 5302 corporis
3445 5232 3785 5302 potestatem

2145 5343 2259 5381 non
2278 5325 2473 5392 habet,
2491 5324 2591 5379 sed
2614 5322 2941 5378 vir.Verum
2963 5321 3009 5375 si
3030 5324 3087 5375 et
3106 5319 3229 5392 ipse
3247 5317 3591 5392 pudicitiam
3613 5321 3786 5373 secta-

2145 5419 2244 5471 tus
2269 5411 2568 5486 religionis
2589 5412 2828 5467 obtentu
2842 5408 3111 5482 copulam
3123 5407 3437 5463 dissolvere
3448 5407 3781 5474 vis,tantum

2147 5521 2219 5559 ne
2248 5501 2551 5559 simultate
2582 5501 2700 5569 fiat,
2723 5497 3119 5556 concedimus.
3152 5496 3301 5552 Nam
3335 5495 3470 5552 licet
3507 5494 3778 5566 scriptum
