4058 6174
472 352 626 416 1151

1842 361 2158 423 NICOLAI
2201 361 2429 422 ΡΑΡᾸΞ
2471 361 2521 421 Ι.

3739 350 3902 416 1152

463 491 586 545 tem
619 488 808 563 magis
837 507 1013 563 quam
1044 491 1300 565 corporis
1331 491 2117 561 anhelantes.Postremo,flli
2148 493 2203 562 Α
2233 492 2566 550 rentissimo
2621 497 2677 548 et
2716 489 3091 548 sanctissimo
3129 487 3411 544 confratri
3461 491 3671 543 nostro
3721 462 3904 543 AnonI

469 579 835 646 charissima,
860 599 975 636 non
1013 598 1115 636 vos
1149 581 1326 636 latere
1357 581 1671 644 credimus,
1697 587 1838 654 quot
1862 587 1919 638 et
1947 600 2127 654 quan-

467 672 560 724 tos
591 668 819 725 labores
852 687 954 741 pro
985 670 1188 740 refuga
1215 669 1314 725 illa
1345 671 1587 727 Bosonis
1616 689 1788 728 uxore
1816 690 1965 743 saepe
1995 690 2125 743 per-

469 756 736 824 tulimus,
763 765 819 812 et
850 758 1077 828 quoties
1124 777 1272 825 eam,
1310 764 1373 814 ut
1427 761 1499 815 ad
1545 761 1794 832 justitize
1829 761 2125 816 tramitem

471 850 773 911 remearet,
807 846 1120 901 salubriter
1169 849 1652 904 admonuerimus
1706 867 1718 904 :
1772 854 1830 904 et
1877 849 2129 920 qualiter

467 935 646 988 etiam
680 950 792 988 non
828 933 1290 1006 resipisccntcm,
1319 939 1418 992 sed
1454 939 1718 1009 nequitia
1748 956 1854 994 sua
1883 939 2130 1009 pertina-

465 1022 614 1076 citer
641 1021 1076 1094 persistensem,
1112 1024 1304 1096 gladio
1337 1027 1727 1081 anathematis
1768 1028 2126 1098 percusseri—

470 1127 626 1165 mus.
655 1113 792 1175 Quae
828 1129 932 1165 nec
982 1131 1259 1185 percussa
1307 1115 1512 1181 doluit,
1545 1133 1648 1171 nec
1701 1117 1900 1170 attrita
1946 1115 2128 1170 voluit

462 1200 725 1271 recipere
757 1201 1262 1272 disciplinam.\"ir
1293 1208 1485 1259 autem
1520 1204 1957 1276 ejus,innocens
1980 1205 2128 1260 vide-

467 1287 689 1356 licet,in
725 1290 850 1359 s-jus
882 1292 1148 1346 absentia
1180 1291 1314 1346 hinc
1345 1293 1479 1348 inde
1511 1293 1704 1348 labore
1751 1311 1864 1348 non
1900 1293 2127 1348 modico

471 1376 772 1449 fatigatur,
823 1379 1100 1449 quoniam
1153 1397 1256 1434 nec
1306 1381 1417 1452 ipsi
1481 1380 1838 1436 reconciliari
1898 1382 2126 1437 absenti

471 1465 770 1538 praevalet,
799 1484 904 1522 nec
959 1467 1200 1523 alterius
1251 1468 1350 1524 illa
1396 1469 1620 1525 vivente
1663 1470 2023 1526 consortium
2073 1471 2125 1526 ei

475 1554 778 1627 eonjugale
807 1557 1164 1612 conceditur.
1197 1557 1321 1620 Qua
1346 1559 1417 1613 de
1449 1574 1510 1614 re
1543 1559 1819 1630 quoniam
1849 1559 2125 1631 improbi-

470 1646 654 1698 tatem
688 1647 743 1698 et
774 1643 1144 1700 insolentiam
1175 1647 1439 1716 ejusdem
1471 1647 1578 1702 viri
1610 1648 1948 1703 continuam
1980 1648 2127 1721 pati-

475 1745 628 1799 mur,
659 1731 904 1787 volentis
936 1732 1157 1788 scilicet
1186 1735 1458 1790 ardenter
1501 1736 1572 1790 ad
1623 1737 1974 1800 secundum,
2009 1738 2126 1792 imo

469 1820 546 1873 ad
580 1819 850 1875 illicitum
885 1821 1189 1877 convolare
1220 1823 1600 1891 connubium,
1629 1824 1840 1879 obnixe
1871 1823 2127 1880 dilectio-

475 1923 609 1962 nem
638 1912 890 1963 vestram
952 1910 1346 1981 deposcimus,
1402 1916 1467 1967 ut
1526 1929 1628 1984 pro
1683 1914 2002 1969 revocanda
2059 1930 2127 1969 ea

475 2013 646 2052 omne
678 1997 939 2053 studium
976 2016 1078 2070 pro
1111 2000 1211 2055 Dei
1245 2018 1442 2056 amore
1472 2002 1742 2069 sumatis,
1776 2004 2040 2075 quinimo
2071 2009 2127 2059 et

472 2087 736 2141 eamdem
788 2088 1069 2159 perditam
1119 2106 1185 2144 ac
1234 2108 1384 2161 szepe
1445 2091 1785 2146 damnatam
1840 2093 2120 2147 feminam

469 2171 687 2230 lucrari
718 2176 962 2231 Domino
993 2177 1352 2243 valeatis,ita
1377 2185 1440 2233 ut
1471 2180 1517 2234 si
1553 2180 1792 2235 monitis
1819 2186 2126 2251 provocata

471 2262 624 2319 viam
660 2279 776 2320 suae
809 2265 1018 2320 salutis
1049 2283 1163 2322 non
1197 2268 1420 2339 arripit,
1454 2268 1659 2323 saltem
1699 2270 1990 2340 pressuris
2024 2287 2125 2342 per

469 2357 724 2408 vestram
773 2353 1124 2409 industriam
1169 2362 1482 2428 angustata
1531 2358 1837 2429 resipiscat
1869 2375 1882 2414 :
1909 2363 1966 2414 et
1995 2377 2121 2431 qua:

475 2441 546 2495 ad
578 2440 939 2497 Dominicam
973 2460 1194 2498 cmnam
1237 2450 1445 2516 sponte
1493 2445 1710 2501 intrare
1739 2447 1944 2513 noluit,
1979 2448 2120 2502 dum

472 2532 703 2584 tantum
735 2529 929 2596 intret,
962 2531 1050 2586 vel
1083 2532 1470 2604 compellatur
1498 2533 1846 2590 invita.Nam
1879 2535 2024 2590 forte
2051 2537 2121 2591 de

468 2615 814 2687 hujusmodi
848 2619 1134 2675 Dominus
1166 2638 1268 2692 per
1299 2622 1642 2693 prophetam
1675 2622 1816 2678 dicit
1839 2641 1851 2678 :
1877 2625 2006 2679 Ecce
2024 2641 2120 2694 ego

471 2707 680 2777 sepiam
710 2708 855 2763 viam
883 2716 1034 2764 tuam
1057 2712 1252 2781 spinis.
1281 2719 1332 2766 et
1358 2713 1566 2782 sapiam
1610 2729 1731 2767 eam
1777 2715 2037 2780 maceria,
2071 2722 2121 2769 et

471 2798 691 2850 semitas
719 2813 848 2852 suas
875 2814 986 2853 non
1016 2801 1328 2864 inveniet,et
1365 2810 1620 2872 sequetur
1666 2811 1937 2871 amatores
1974 2820 2117 2869 suos,

471 2893 522 2939 et
545 2901 657 2941 non
686 2886 1046 2958 apprehendat
1076 2904 1162 2944 eos
1197 2907 1215 2944 :
1247 2897 1454 2961 quaeret
1502 2897 1556 2945 et
1602 2907 1713 2946 non
1743 2892 1981 2948 inveniet
2008 2908 2116 2957 eos,

471 2981 523 3029 et
540 2973 678 3029 dicet
706 2993 724 3029 :
761 2975 961 3030 Vadam
988 2984 1041 3032 et
1068 2985 1314 3033 revertar
1347 2978 1416 3032 ad
1449 2981 1629 3033 virum
1647 2995 1830 3034 meum
1855 2982 2115 3051 priorem,

471 3064 603 3133 quia
635 3061 764 3118 bene
792 3066 936 3119 mihi
962 3073 1080 3120 erat
1111 3072 1239 3120 tunc
1268 3069 1440 3138 magis
1469 3084 1631 3138 quam
1659 3085 1807 3122 nunc
1847 3070 1986 3139 (Ose.
2032 3069 2116 3140 ιι.)

471 3151 632 3216 Quod
665 3154 1060 3208 venerandum
1093 3153 1395 3209 oraculum
1431 3156 1479 3209 si
1510 3156 1727 3226 tropice
1775 3156 2118 3211 disseratur—

2237 582 2671 655 archiepiscopo
2703 581 3001 638 decretum
3034 582 3382 651 perpetuum
3416 576 3783 632 Viennensis
3805 579 3901 634 Ec-

2236 672 2446 728 clesiaz.

2307 762 2467 827 Quod
2489 764 2812 815 reverenter
2843 758 3006 830 petiit
3028 757 3307 812 sanctitas
3329 760 3432 810 tua
3454 774 3488 811 a
3511 757 3656 811 sede
3680 761 3904 828 aposto-

2236 851 2366 917 lica,
2401 855 2457 905 et
2486 849 2786 904 humiliter
2814 846 3292 919 expostulavit,ut
3326 844 3707 917 privilegium
3760 848 3897 900 anti-

2237 956 2420 1011 quum
2455 958 2488 995 a
2519 939 2783 1010 patribus
2815 942 2871 992 et
2903 934 3428 1008 praedecessoribus
3470 933 3702 989 nostris
3735 934 3899 989 Vien-

2239 1030 2402 1084 nensi
2437 1045 2612 1084 sacra:
2644 1027 2767 1082 sedi
2801 1041 3145 1081 concessum
3179 1037 3619 1087 renovaremus,
3653 1022 3903 1076 auctori-

2235 1121 2326 1174 tas
2357 1118 2537 1188 hujus
2566 1121 2779 1173 sanctze
2812 1114 2988 1179 sedis,
3022 1113 3162 1185 quia
3193 1113 3372 1186 digna
3421 1128 3514 1166 res
3569 1111 3900 1183 petebatur,

2237 1225 2351 1262 non
2385 1206 2611 1262 abnuit.
2647 1205 2811 1261 Sicut
2859 1221 2995 1276 ergo
3047 1203 3119 1258 ab
3151 1201 3628 1256 antecessoribus
3660 1201 3900 1263 nostris,

2237 1295 2578 1352 beatissimo
2606 1294 2828 1350 scilicet
2859 1294 3050 1348 Leone
3078 1296 3136 1347 et
3165 1307 3200 1346 a
3226 1289 3471 1362 reliquis
3503 1301 3656 1361 pene
3689 1291 3764 1344 ad
3799 1305 3896 1344 no-

2237 1389 2359 1440 stra
2393 1382 2797 1455 tempora,tuis
2829 1379 3302 1436 antecessoribus
3323 1378 3662 1449 prastitum
3687 1382 3780 1432 est
3800 1377 3902 1432 lar-

2237 1472 2456 1545 gitione
2488 1470 2906 1543 apostolica,ut
2927 1469 3051 1540 juri
3078 1465 3427 1523 Viennensis
3458 1465 3741 1521 Ecclesia
3763 1482 3899 1538 qua-

2234 1566 2371 1616 tuor
2401 1561 2662 1616 civitates
2690 1558 2776 1614 vel
2808 1554 3480 1630 oppida,Gratianopolis
3511 1554 3767 1620 scilicet,
3802 1555 3901 1610 Va-

2236 1650 2435 1720 lentia,
2469 1651 2719 1716 Genava,
2759 1646 3118 1707 Darentasia.
3151 1649 3427 1718 perpetua
3451 1645 3742 1715 subjecta:
3787 1659 3901 1700 ma-

2237 1739 2548 1805 nerent,ita
2568 1739 2740 1793 modo
2773 1740 2971 1792 noster
2998 1734 3346 1807 praesulatus
3376 1734 3595 1789 futuris
3619 1735 3899 1805 tempori-

2237 1827 2347 1882 bus
2378 1828 2615 1882 ﬁrmum
2635 1831 2692 1881 et
2713 1823 3122 1880 inconvulsum
3137 1823 3348 1877 durare
3362 1823 3644 1894 praesenti
3671 1823 3900 1878 decreto

2235 1916 2556 1986 constituit,
2609 1919 2667 1970 et
2713 1920 2779 1969 ut
2825 1915 2896 1969 ad
2947 1917 3294 1986 potestatem
3338 1917 3397 1967 et
3443 1912 3896 1984 dispositionem

2232 2003 2579 2059 Viennensis
2611 2002 2950 2075 metropolis
2982 2002 3308 2074 pertineant
3338 2000 3899 2056 immobiliterdeﬁ-

2231 2093 2394 2148 nivit.
2430 2095 2626 2165 Neque
2659 2098 2850 2148 tamen
2887 2095 3188 2163 prepterea
3210 2088 3696 2144 Darentasiensis
3721 2089 3900 2144 Eccle-

2233 2183 2320 2238 sia
2351 2183 2399 2237 si
2431 2183 2667 2254 aliquod
2699 2197 2917 2236 munus
2948 2179 3233 2252 privilegii
3283 2177 3366 2232 illi
3419 2191 3788 2233 concessum
3820 2185 3900 2234 est

2231 2271 2606 2344 perdet,quia
2637 2287 2741 2325 nec
2772 2269 2879 2324 hoc
2911 2269 3082 2322 modo
3111 2267 3459 2322 Viennensis
3491 2266 3894 2338 archiepiscoo

2229 2378 2342 2432 pus
2357 2365 2415 2416 et
2437 2359 2658 2432 primas
2680 2359 2869 2431 ipsius
2891 2375 2924 2412 a
2951 2361 3151 2412 nostra
3171 2356 3520 2411 auctoritate
3549 2354 3897 2426 postulavit,

2231 2454 2296 2504 ut
2329 2449 2535 2505 iisdem
2567 2448 2627 2502 in
2659 2447 2848 2502 tribus
2867 2445 3098 2518 oppidis
3115 2444 3202 2500 vel
3222 2443 3564 2498 civitatibus
3589 2459 3726 2515 quae
3750 2460 3897 2499 nunc

2231 2537 2439 2592 additae
2470 2542 2528 2593 et
2556 2536 2885 2592 commissa:
2915 2533 3190 2589 videntur
3219 2549 3333 2587 non
3367 2531 3767 2597 ordinaret,et
3787 2531 3896 2604 epi-

2228 2643 2436 2698 sc0pos
2465 2642 2668 2682 eorum
2697 2625 2768 2679 ad
2801 2640 2882 2690 se,
2917 2640 3049 2677 cum
3084 2625 3484 2693 opportunum
3507 2620 3764 2687 videret,
3790 2637 3897 2676 non

2229 2715 2552 2771 advocaret.
2587 2715 2699 2770 Sed
2731 2717 2796 2768 ut
2827 2713 2937 2768 sub
2957 2713 3094 2783 jure
3122 2709 3474 2766 Viennensis
3507 2709 3792 2764 Ecclesiae
3827 2711 3897 2764 ita

2229 2820 2290 2858 se
2320 2802 2574 2874 positum
2599 2817 2828 2873 semper
2847 2799 3085 2864 sciat,ut
3101 2815 3203 2870 per
3221 2795 3682 2869 dispositionem
3713 2798 3896 2871 ipsius

2227 2892 2348 2947 haee
2379 2891 2577 2946 omnia
2606 2889 2996 2946 ecclesiastica
3028 2893 3183 2960 agat,
3217 2892 3275 2942 et
3305 2887 3375 2941 ad
3410 2886 3719 2958 synodum
3746 2889 3892 2958 ejus-

2228 2981 2357 3035 dem
2388 2978 2810 3050 archiepiscopi
2839 2981 2898 3032 et
2927 2975 3198 3048 primatis
3229 2979 3468 3030 vocatus
3499 2975 3732 3046 pariter
3760 2987 3886 3030 cum

2225 3067 2447 3124 eisdem
2465 3067 2610 3139 ipsis
2629 3067 2739 3122 sibi
2753 3066 3046 3121 concessis
3063 3070 3326 3120 occurrat
3342 3082 3380 3131 ;,
3415 3068 3474 3118 et
3502 3069 3806 3134 quantum
3823 3065 3886 3119 ad

2225 3141 2553 3226 generalem
2587 3154 3045 3210 observationem
3079 3153 3307 3220 attinet,
3333 3151 3479 3206 nihil
3514 3157 3734 3223 praeter
3755 3167 3885 3206 auc-

470 3255 586 3294 non
616 3257 849 3311 parvam
883 3241 1191 3298 utilitatem
1219 3249 1473 3315 generat.
1505 3245 1719 3299 Verum
1753 3262 1905 3300 nunc
1941 3245 2117 3300 brevi;
2147 3229 2190 3295 C
2229 3246 2521 3300 toritatem
2554 3243 2902 3299 Viennensis
2935 3242 3200 3314 praesulis
3233 3242 3475 3296 definire
3517 3246 3880 3312 praesumat:

467 3331 558 3383 ter
585 3329 894 3384 dicendum
926 3336 1036 3402 est,
1071 3332 1349 3403 quoniam
1378 3333 1426 3387 si
1457 3333 1658 3387 eadem
1693 3333 1928 3398 femina,
1963 3332 2116 3387 sicut

468 3432 573 3472 nec
606 3418 1024 3484 debet,nullius
1055 3423 1464 3476 communione
1487 3421 1854 3488 frueretur,et
1888 3438 2000 3476 non
2023 3437 2114 3476 ex-

468 3505 704 3577 quisitis
733 3506 1130 3580 voluptatibus
1163 3509 1463 3581 potiretur,
1481 3509 1527 3564 si
1559 3509 1810 3581 denique
1829 3509 1951 3564 vias
1972 3526 2112 3564 suas

467 3595 654 3664 spinis
683 3600 879 3667 septas
910 3601 1224 3668 pateretur,
1259 3597 1307 3652 si
1341 3598 1398 3652 in
1431 3598 1677 3654 terrenis
1706 3597 2008 3653 desideriis
2041 3599 2112 3652 de

465 3679 939 3750 impossibilitate
970 3685 1307 3751 lassaretur,
1333 3687 1459 3756 jam
1511 3690 1691 3740 Deum
1741 3685 1995 3756 profecto
2036 3687 2107 3740 ad

465 3773 722 3822 mentem
753 3772 1073 3834 reduceret,
1106 3777 1163 3826 et
1210 3773 1281 3826 ad
1331 3789 1587 3826 amorem
1618 3773 1724 3827 viri
1774 3773 1991 3843 proprii
2022 3774 2108 3828 vel

466 3852 643 3908 invita
673 3856 904 3911 rediret.
938 3857 1031 3912 Sic
1061 3875 1198 3929 ergo
1229 3859 1491 3930 pervicax
1521 3859 1622 3913 illa
1651 3864 1708 3915 et
1736 3860 2108 3931 impcenitens

463 3942 681 4010 anima,
715 3960 839 4016 quae
869 3945 968 4001 diu
999 3950 1088 4001 est
1117 3945 1401 4015 adultera,
1434 3952 1643 4003 conata
1675 3949 2002 4021 persistere,
2023 3949 2107 4006 sic

461 4030 792 4097 fortasse,si
825 4036 1018 4090 tamen
1050 4036 1370 4092 necessitas
1402 4035 1452 4091 ei
1482 4053 1584 4108 per
1612 4055 1712 4094 vos
1741 4055 1934 4094 rerum
1958 4040 2105 4095 inte-

458 4121 570 4176 rim
604 4121 966 4180 titulatarum
993 4123 1609 4197 imponereturﬁdelis
1623 4128 1749 4198 jam
1771 4129 2108 4186 decerneret

457 4225 586 4266 esse
617 4213 847 4282 conjux,
872 4231 999 4284 qua:
1031 4214 1240 4270 merito
1271 4230 1337 4271 ac
1366 4216 1646 4271 veraciter
1674 4216 1884 4273 deinde
1915 4219 2106 4275 dicere

455 4303 656 4369 posset
687 4313 700 4353 :
736 4301 992 4356 Revertar
1019 4301 1088 4356 ad
1115 4304 1300 4357 virum
1326 4319 1508 4358 meum
1530 4307 1794 4376 priorem,
1817 4309 1947 4377 quia
1977 4309 2106 4364 bene

453 4394 572 4440 erat
597 4386 746 4442 mihi
773 4395 904 4442 tunc
929 4391 1108 4458 magis
1138 4405 1302 4460 quam
1331 4408 1495 4448 nunc.
1532 4392 1813 4464 Optamus
1857 4395 2103 4468 gloriam

453 4477 707 4529 vestram
752 4475 896 4531 bene
943 4476 1152 4545 valere,
1185 4477 1563 4534 dilectissime
1611 4479 1707 4536 ﬁli.
1742 4481 1890 4538 Data
1924 4484 2104 4541 Nonis

458 4559 669 4631 Martii,
698 4562 1019 4621 indictione
1046 4581 1138 4623 xv.

1208 4726 1344 4783 CLI.

627 4843 694 4882 AD
732 4847 958 4887 ADONEM
1000 4849 1362 4889 νιεΝΝεΝεεΜ
1400 4844 1922 4894 ΔΗΟΗΙΒΡῙΞΟΟΡΠΜ.

1088 4949 1276 5021 (Anno
1307 4952 1458 5022 867.)

451 5054 816 5126 Conﬁrmatur
843 5067 1175 5144 auctoritate
1209 5067 1491 5144 pontiﬁcio
1539 5075 1689 5144 vetus
1733 5071 2098 5144 privilegium

917 5137 1264 5205 metropoteos
1300 5139 1632 5194 Viennensis.

962 5247 1145 5318 [Apud
1180 5251 1386 5320 Mansi,
1418 5254 1578 5324 ibid.]

517 5358 799 5416 NICOLAUS
829 5358 1158 5433 episcopus,
1205 5380 1405 5421 servus
1442 5384 1740 5425 servorum
1775 5371 1896 5442 Dei,
1932 5391 2094 5432 reve-

518 5485 592 5570 (α)
626 5484 883 5570 anium
911 5494 1278 5570 nps‘portare:
1323 5490 1480 5554 Quod
1533 5494 1642 5548 sub
1693 5495 1869 5552 ﬁnem
1916 5497 2095 5570 hujus

444 5554 699 5649 epistolis
731 5557 918 5613 facere
939 5554 1184 5649 jjulietur
1211 5557 1662 5649 ‘Hincmaru‘sm‘t
1692 5582 1819 5649 eam
1853 5570 1922 5623 ad
1947 5554 2093 5628 alios

447 5624 912 5701 archiepiscopos
941 5624 1330 5689 deferendam
1378 5624 1653 5701 curet,'id
1685 5637 1755 5692 ad
1790 5638 1917 5710 ipso
1962 5624 2093 5699 diti:

2132 4597 2180 4662 D

2223 3334 2414 3405 sitque
2443 3333 2769 3397 humiliter,
2794 3333 2948 3386 sicut
2978 3349 3010 3385 a
3042 3336 3254 3386 sanctae
3289 3330 3722 3386 recordationis
3744 3347 3876 3402 pra:-

2222 3423 2628 3478 decessoribus
2659 3421 2875 3476 nostris
2905 3419 3138 3475 salubre
3171 3421 3467 3474 ﬁrmatum
3503 3421 3560 3474 et
3591 3419 3875 3474 statutum

2219 3516 2329 3580 est,
2360 3511 2674 3566 Viennensi
2709 3509 2978 3564 Ecclesia:
3010 3508 3090 3563 ita
3121 3508 3487 3580 suppositus,
3525 3512 3590 3561 ut
3621 3513 3874 3578 postmo-

2221 3601 2362 3654 dum
2394 3599 2637 3655 liberius
2666 3598 3014 3670 dignitatem
3047 3613 3216 3652 suam
3249 3614 3282 3652 a
3315 3597 3485 3652 nobis
3507 3597 3627 3651 sibi
3653 3613 3876 3652 conces-

2219 3705 2346 3744 sam
2380 3689 2592 3744 habere
2621 3693 2677 3744 et
2708 3692 2902 3742 tenere
2937 3686 3270 3760 pravaleat;
3326 3703 3398 3742 ne
3449 3687 3603 3741 forte
3636 3686 3688 3740 si
3720 3686 3877 3740 aliter

2219 3777 2420 3832 fecerit
2450 3782 2551 3832 aut
2581 3776 3043 3849 praesumpserit,
3097 3792 3213 3830 non
3268 3774 3459 3829 solum
3517 3774 3724 3847 aliQua
3771 3769 3872 3829 sibi

2219 3881 2495 3921 concessa
2519 3865 2876 3931 amittat,sed
2897 3864 3073 3919 etiam
3092 3867 3327 3936 propter
3342 3864 3869 3936 transgressionem

2217 3956 2273 4008 et
2300 3953 2752 4010 inobcdientiam
2785 3953 2994 4008 durius
3026 3953 3342 4007 damnatus
3365 3950 3425 4005 in
3460 3952 3736 4006 futurum
3770 3951 3869 4005 hue

2217 4039 2495 4097 milietur.
2530 4042 2677 4096 Data
2707 4041 2843 4095 Idus
2872 4040 3036 4106 Jun.,
3069 4037 3389 4094 indictione
3418 4055 3511 4094 xv.

2965 4163 3125 4220 CLII.

2214 4269 2287 4313 ΔΙ)
2328 4270 2673 4311 HINCMARUM
2714 4271 2781 4308 ET
2818 4270 3079 4308 CETEROS
3118 4242 3420 4308 EPISCOPOS
3459 4270 3519 4307 IN
3559 4269 3749 4308 REGNO
3776 4270 3861 4307 CA-

2762 4358 2892 4398 ROLI
2932 4355 3330 4397 CONSTITUTOS.

2811 4425 2814 4428 ’
2851 4432 3038 4502 (Anno
3067 4430 3215 4502 867.)

2212 4523 2460 4579 Exponit
2500 4537 2690 4577 causas
2733 4519 2850 4577 odii
2896 4529 2947 4578 et
2995 4519 3225 4577 invidia:
3257 4518 3575 4576 Graecorum
3614 4521 3857 4575 adversus

2323 4594 2579 4649 cctesiam
2608 4594 2865 4648 Latinam
2895 4610 2914 4646 :
2945 4594 3113 4647 mittit
3158 4591 3384 4647 illorum
3422 4589 3776 4663 abfer-tiones,
3807 4597 3858 4645 ut

2281 4682 2372 4722 eas
2399 4666 2678 4735 refellant,
2710 4673 2761 4720 et
2789 4676 2914 4736 quae
2942 4671 3133 4719 contra
3168 4665 3292 4719 ittos
3323 4664 3658 4728 invenerint,
3685 4665 3740 4718 in
3775 4663 3858 4718 Ur-

2283 4739 2399 4793 bem
2429 4738 2827 4792 transmittant.

2726 4826 2918 4896 [Apud
2950 4824 3160 4893 Mansi,
3191 4825 3352 4896 ibid]

2277 4934 2553 4990 NICOLAUS
2583 4933 2914 5005 episc0pus,
2948 4949 3152 4988 servus
3182 4948 3488 4987 servorum
3544 4931 3664 4997 Dei,
3706 4947 3851 4986 reve-

2205 5021 2562 5078 rentissimis
2617 5025 2676 5076 et
2721 5019 3115 5076 sanctissimis
3175 5019 3479 5076 Hmcmao
3537 5025 3598 5076 et
3641 5018 3852 5074 ceteris

2204 5111 2597 5168 confratribus
2627 5109 2842 5165 nostris
2875 5107 3334 5181 archiepiscopis
3383 5111 3442 5165 et
3481 5106 3770 5181 episcopis
3798 5105 3846 5160 in

2205 5218 2381 5274 regno
2411 5199 2599 5256 Caroli
2632 5197 2871 5271 gloriosi
2904 5198 3056 5270 regis
3089 5198 3368 5255 ecclesias
3396 5197 3752 5254 constitutas
3771 5209 3844 5250 re-

2279 5291 2495 5345 ntibus.

2244 5305 2495 5346 enuous.

2204 5305 2241 5363 8
2273 5378 2630 5449 (a)0mnium
2654 5394 2759 5432 nos
2793 5381 3026 5449 portare
3058 5394 3235 5433 onera
3267 5375 3366 5450 qui
3396 5378 3716 5449 gravantur
3736 5374 3836 5428 imo

2204 5509 2406 5646 genter
2435 5503 2759 5588 praestitum
2790 5505 2961 5586 docet
2993 5502 3356 5586 Flodoardus
3387 5502 3492 5557 lib.
3528 5515 3758 5585 ψηφῖδι).

2248 5594 2394 5644 nam,
2441 5577 2651 5646 inqmt,
2705 5575 3001 5646 epistolam
3045 5575 3376 5630 Hrnemarus
3423 5579 3829 5646 mapienshm

2248 5594 2394 5644 nam,
2437 5575 2651 5648 inquit,
2705 5575 3001 5648 epistolam
3045 5575 3830 5648 Hinemamsgsttscipiemafﬂ

2204 5637 2512 5706 Carbonaca
2525 5637 2748 5719 'patatio'
2774 5647 3091 5705 consistenti
3111 5648 3232 5717 regi
3253 5646 3446 5705 Carolo
3464 5637 3830 5717 compluribus
