4058 6174
274 346 433 411 115⁸7

1498 346 1903 412 EPISTOLAE
1946 346 2048 413 ΕΤ
2092 353 2474 416 DECRETA.

3532 365 3692 431 1158

268 482 510 541 invidia
542 480 820 554 perculsi,
856 477 1122 538 Ecclesia
1166 479 1419 538 lacerare
1464 482 1807 540 traditiones
1839 501 1935 539 an-
1962 489 2016 554 Α
2046 486 2267 543 ctiones
2282 488 3685 560 plurimosvclrediissevelaccessissenoscamus.

272 572 502 632 helant.
536 570 832 644 Praeipue
862 587 996 626 cum
1048 572 1118 627 de
1155 570 1385 642 jejunio
1416 572 1643 627 sabbati
1675 575 1935 644 tempore

275 663 338 718 S.
374 658 643 717 Silvestri
676 659 1029 716 confessoris
1060 659 1274 715 Christi
1319 660 1395 715 sit
1425 661 1569 716 satis
1599 660 1935 716 discussum

276 756 338 807 et
368 750 763 822 disputatum,
815 752 990 820 atque
1046 752 1111 803 ut
1153 748 1543 805 celebraretur
1591 766 1694 822 per
1742 749 1939 805 omnia

277 836 940 910 deﬁnitum,nullusque
965 837 1229 910 posthac
1247 854 1393 893 ausu
1415 838 1724 894 temerario
1739 842 1941 893 contra

278 927 431 983 illud
449 931 739 983 statutum
759 925 1082 992 venire,aut
1101 925 1307 982 saltem
1330 925 1545 981 mutire
1557 926 1940 998 praesumpse-

281 1016 363 1072 rit
382 1032 540 1071 zeum
573 1014 769 1087 potius
794 1031 824 1069 e
845 1014 1070 1070 diverso
1093 1015 1249 1071 sedis
1271 1013 1603 1087 apostolica
1621 1014 1937 1086 institutio,

280 1110 342 1161 et
371 1102 641 1161 Ecclesia
673 1103 948 1158 Romana
981 1119 1235 1175 sequens
1266 1102 1653 1173 observantia,
1674 1103 1939 1174 ejusdem

282 1192 575 1252 salutiferi
606 1191 913 1247 constituti
946 1191 1277 1247 exsecutrix
1308 1191 1490 1247 fuisse
1522 1190 1826 1263 hucusque
1852 1208 1939 1247 re-

282 1280 570 1355 periatur.
604 1280 887 1335 Praterea
933 1280 1004 1334 de
1053 1279 1425 1351 processione
1470 1279 1722 1353 Spiritus
1754 1279 1941 1335 sancti

285 1370 425 1442 quis
455 1367 678 1424 nesciat
726 1367 986 1424 illustres
1033 1367 1192 1424 viros
1237 1372 1294 1423 et
1341 1369 1630 1441 pracipue
1679 1368 1940 1437 Latinos,

286 1457 579 1515 nonnulla
625 1456 953 1530 scripsisse,
989 1473 1241 1528 quorum
1289 1456 1420 1512 fulti
1471 1456 1940 1525 auctoritatibus,

288 1549 542 1603 istorum
571 1544 785 1618 oppido
815 1560 956 1600 sane
979 1545 1328 1617 respondere
1349 1562 1656 1617 possemus
1678 1544 1942 1612 insania,

294 1637 343 1693 si
374 1635 465 1691 vel
498 1634 617 1691 illis
667 1651 785 1690 non
833 1633 1321 1707 reprehendendi,
1352 1634 1440 1690 vel
1481 1634 1652 1691 nobis
1700 1634 1783 1691 eis
1814 1651 1946 1690 con-

288 1725 547 1782 tentiosa
599 1724 765 1779 fauce
838 1722 1256 1795 gannientibus
1323 1723 1606 1779 rationem
1666 1723 1946 1779 reddendi

292 1813 660 1871 consuetudo
691 1811 963 1885 qualibet
978 1811 1453 1868 exstitisset?Sed
1486 1811 1626 1884 quid
1657 1812 1874 1867 mirum
1897 1811 1946 1869 si

293 1903 406 1959 hoc
437 1901 535 1957 isti
568 1901 956 1974 praetendunt,
990 1918 1127 1956 cum
1175 1900 1352 1956 etiam
1409 1900 1734 1974 glorientur
1771 1905 1949 1974 atque

293 1991 662 2065 perhibeant,
695 1989 929 2061 quando
961 1989 1032 2045 de
1080 1989 1343 2046 Romana
1390 1990 1533 2046 urbe
1568 1991 1948 2062 imperatores

294 2077 868 2150 Constantinopolim
896 2082 1036 2134 sunt
1055 2078 1345 2145 translati,
1373 2083 1512 2134 tunc
1543 2083 1600 2134 et
1629 2079 1949 2151 primatum

297 2172 576 2226 Romana
604 2168 761 2223 sedis
792 2168 864 2223 ad
898 2166 1603 2239 Constantinopolitanam
1634 2167 1949 2223 Eeclesiam

295 2258 776 2329 transmigrasse,
810 2260 867 2312 et
923 2273 1059 2311 cum
1116 2256 1503 2328 dignitatibus
1559 2256 1734 2329 regiis
1774 2257 1949 2312 etiam

296 2347 571 2405 Ecclesia
616 2347 889 2402 Romana
939 2345 1242 2418 privilegia
1294 2346 1580 2402 translata
1609 2346 1828 2402 fuisse?
1869 2348 1953 2402 Ita

297 2441 366 2493 ut
395 2436 662 2508 ejusdem
695 2435 929 2491 invasor
957 2433 1226 2490 Ecclesia
1256 2434 1497 2491 Photius
1528 2435 1703 2491 etiam
1735 2435 1860 2508 ipse
1892 2452 1953 2492 se

297 2525 359 2580 in
393 2523 630 2597 scriptis
661 2522 786 2579 suis
817 2522 1325 2596 archiepiscopum
1356 2528 1534 2596 atque
1565 2523 1952 2579 universalem

298 2610 700 2685 patriarcbam
732 2610 1003 2683 appellet.
1037 2610 1239 2667 Videte
1287 2627 1443 2684 ergo,
1491 2612 1729 2679 fratres,
1754 2612 1802 2667 si
1833 2612 1955 2668 hac

298 2700 577 2756 Ecclesia
608 2699 822 2755 Christi
854 2716 969 2754 non
1001 2699 1414 2771 prajutlieent:
1448 2700 1640 2756 videte
1667 2699 1715 2755 si
1748 2700 1954 2755 tolera-

302 2788 450 2845 bilia
476 2788 707 2843 valeant
737 2787 1049 2843 aestimari:
1084 2787 1448 2843 considerate
1494 2788 1544 2843 si
1592 2789 1840 2843 debeant
1873 2787 1955 2842 illi

303 2876 581 2934 Ecclesia
612 2877 886 2938 Romana
926 2876 1269 2949 hujusmodi
1301 2877 1704 2949 derogationes
1733 2876 1820 2932 vel
1853 2877 1956 2932 de-

304 2964 624 3022 tractiones
638 2965 1058 3037 ingerere,cum
1075 2965 1414 3038 ipsa,exquo
1427 2965 1600 3038 capit
1615 2964 1957 3022 Christiana

310 3054 520 3128 religio
551 3053 806 3119 dilatari,
838 3071 965 3127 qua
996 3053 1175 3110 semel
1206 3054 1266 3109 in
1297 3058 1465 3110 Petro
1495 3058 1737 3127 patrono
1777 3072 1843 3110 ac
1876 3055 1959 3109 in-

308 3143 583 3200 stitutore
615 3159 722 3198 suo
754 3142 1033 3215 suscepit,
1068 3143 1426 3199 immutilata
1482 3143 1754 3212 tenuerit,
1784 3148 1842 3199 et
1869 3143 1958 3198 in-

2047 576 2115 629 Et
2146 581 2299 631 certe
2330 578 2378 631 si
2410 578 2518 633 hoc
2549 578 2775 640 licitum
2807 595 2935 636 esse
2966 587 3183 652 posset,
3218 582 3416 639 nullus
3437 587 3688 657 profecto

2045 665 2214 719 nobis
2246 666 2711 738 tranquilliorem
2738 668 2916 723 vitam
2948 670 3160 727 ducere
3191 671 3490 742 valuisset,
3516 675 3691 731 nimi-

2048 769 2178 807 rum
2212 770 2360 825 quos
2417 755 2762 826 quotidiana
2803 757 3065 829 undique
3102 760 3363 829 veniens,
3397 769 3693 818 annm-nte

2047 839 2632 915 Christo,frequentia
2662 862 2776 901 non
2809 846 3034 901 modice
3056 847 3247 903 reddit
3276 849 3695 921 sollicitos,nec

2049 945 2265 1000 paucos
2293 932 2598 988 constituit
2628 934 2878 990 subinde
2908 935 3222 992 sudoribus
3250 938 3541 1010 fatigatos.
3568 941 3697 997 Per-

2050 1018 2284 1089 pendite
2316 1019 2726 1090 nihilominus,
2761 1022 2808 1077 si
2858 1040 2892 1078 a
2928 1022 3136 1097 legatis
3185 1027 3401 1081 nostris
3459 1027 3694 1085 libellus

2048 1106 2199 1178 exigi
2231 1108 2451 1177 debuit,
2486 1114 2585 1164 aut
2614 1128 2741 1182 qua
2774 1110 2909 1166 hinc
2939 1112 3205 1185 exempla
3253 1116 3690 1186 pra-cesserint:

2051 1210 2184 1250 eum
2235 1212 2340 1251 nec
2389 1198 2603 1270 scripto
2656 1198 2967 1268 insertum,
3025 1217 3131 1257 nec
3189 1204 3482 1258 memoria
3540 1220 3695 1261 eom-

2051 1284 2392 1339 mendatum
2429 1286 2543 1341 tale
2573 1288 2712 1359 quid
2738 1288 2982 1344 inveniri
3001 1291 3566 1365 credatur.Nunquid
3588 1310 3699 1350 nos

2052 1371 2304 1443 alicujus
2337 1373 2609 1430 novitatis
2648 1375 2970 1433 inventores
3017 1379 3349 1437 exstitimus
3370 1382 3398 1436 ?
3429 1381 3694 1454 nunquid

2053 1459 2309 1528 alia,nisi
2345 1478 2472 1533 qua
2496 1463 2567 1518 ad
2591 1462 2839 1520 salutem
2862 1466 3211 1537 ipsorum,et
3228 1469 3299 1523 ad
3323 1485 3697 1526 communem

2053 1549 2318 1604 Ecclesia
2346 1554 2565 1606 statum
2597 1553 2989 1624 pertinebant,
3035 1556 3475 1613 transmisimus
3495 1558 3523 1613 ?
3552 1576 3699 1614 nun-

2056 1636 2195 1708 qnid
2230 1654 2337 1693 nos
2361 1637 2616 1695 haretici
2648 1640 2963 1713 aliquando
2985 1642 3204 1700 fuimus
3223 1644 3397 1700 ‘INam
3427 1645 3563 1702 licet
3592 1663 3699 1703 nos

2055 1730 2385 1797 peccatores
2403 1728 2639 1799 quidem
2652 1746 2780 1786 esse
2794 1748 2909 1785 non
2921 1731 3702 1805 denegemus,quorumlibet

2054 1818 2250 1871 tamen
2283 1832 2545 1872 errorum
2578 1818 2713 1873 face
2743 1818 3020 1891 pollutos,
3053 1820 3170 1876 Deo
3199 1821 3439 1893 gratias,
3460 1823 3702 1879 minime

2060 1905 2558 1976 recognoscimus,
2593 1907 3093 1978 quemadmodum
3126 1908 3231 1977 illi,
3266 1910 3365 1982 qui
3398 1928 3703 1983 nunquam

2058 1992 2185 2048 sine
2217 1992 2554 2059 schismate,
2590 2011 2894 2066 nunquam
2925 2013 3171 2067 prorsus
3198 1999 3270 2054 ab
3307 2015 3502 2055 errore
3535 2017 3704 2075 repe-
3744 2064 3753 2073 η

2057 2080 2294 2136 riuntur
2322 2082 2600 2137 extranei.
2635 2082 2889 2138 Libellos
2918 2088 3113 2139 autem
3148 2102 3255 2140 nos
3275 2087 3347 2141 ab
3370 2086 3488 2142 illis
3508 2093 3566 2143 et
3585 2088 3704 2143 exi-

2059 2186 2193 2241 gere
2224 2173 2281 2225 et
2298 2170 2735 2242 suscipere,non
2749 2175 2943 2227 autem
2967 2171 3098 2228 illos
3121 2190 3154 2228 a
3175 2174 3393 2230 nostris
3408 2176 3703 2247 requirere

2059 2256 2634 2324 solere,consuctudo
2666 2259 2975 2331 hucusque
3000 2260 3291 2316 custodita
3319 2262 3701 2320 demonstrat.

2059 2346 2203 2401 Cum
2227 2347 2404 2414 enim,
2428 2347 2639 2403 Christi
2669 2365 2930 2417 munere,
2960 2354 3195 2422 prepter
3244 2351 3562 2422 primatum
3594 2353 3703 2407 Ee-

2062 2434 2248 2490 clesia
2279 2439 2550 2491 Romana
2582 2436 2649 2491 in
2672 2436 2839 2492 beato
2889 2438 3055 2494 Petro
3087 2455 3451 2509 concessum,
3485 2439 3705 2495 nemini

2062 2523 2140 2579 sit
2168 2523 2237 2578 de
2266 2524 2422 2579 sedis
2452 2523 2784 2596 apostolica
2823 2525 3048 2596 judicio
3097 2526 3386 2599 judicare,
3420 2532 3520 2583 aut
3547 2527 3709 2585 illius

2064 2612 2416 2667 sententiam
2440 2617 2753 2669 retractare
2775 2615 3129 2685 permissum
3155 2620 3406 2672 :constat
3427 2616 3709 2672 nimirum

2064 2716 2162 2754 eos
2193 2700 2266 2754 ab
2298 2700 2391 2755 his
2422 2700 2650 2755 nullum
2674 2702 2777 2771 jus
2808 2702 3109 2773 possidere
3146 2703 3373 2759 libellos
3418 2705 3706 2777 exigendi,

2065 2804 2213 2858 quos
2242 2788 2457 2843 habere
2490 2790 2576 2843 fas
2598 2788 2905 2860 judicandi
2947 2790 3107 2846 nullo
3151 2792 3434 2862 jubentur
3464 2809 3707 2862 canone,

2066 2876 2225 2931 nullo
2257 2877 2581 2948 probantur
2609 2877 3197 2949 exemplo.Potiorum
3232 2881 3389 2935 enim
3420 2886 3508 2937 est
3524 2882 3709 2949 abin-

2067 2963 2395 3033 ferioribus,
2432 2983 2547 3021 non
2578 2965 2922 3022 inferiorum
2971 2984 3005 3023 a
3056 2967 3398 3040 potioribus,
3431 2968 3711 3025 violenter

2067 3051 2295 3125 exigere
2308 3053 2416 3109 rati
2426 3070 2594 3110 onem
2604 3058 2725 3122 ,aut
2735 3060 2993 3111 exortam
3008 3055 3213 3111 elicere
3226 3056 3683 3113 satisfactionem
3694 3100 3707 3113 .

2067 3141 2583 3198 Commendatitias
2605 3147 2803 3199 autem
2836 3143 3135 3216 epistolas,
3159 3144 3391 3201 etlamsi
3422 3145 3537 3202 tale
3568 3146 3710 3219 quid

310 3236 589 3304 corrupta
618 3249 724 3305 per
750 3231 867 3288 alia
896 3231 1133 3287 climata
1163 3232 1367 3289 mundi
1408 3232 1695 3289 docuerit:
1726 3249 1831 3289 nec
1863 3250 1960 3304 ap-
1989 3222 2032 3288 C
2069 3230 2313 3302 antiqua
2342 3233 2701 3287 consuetudo
2732 3231 2856 3287 ﬁeri
2889 3250 2923 3288 a
2943 3233 3111 3289 nobis
3143 3234 3539 3306 efﬂagitasset,
3566 3236 3711 3290 dan-

314 3322 576 3396 paruerit
605 3322 921 3394 quisquam
945 3337 1048 3394 per
1076 3324 1161 3376 tot
1190 3320 1399 3377 saltem
1418 3321 1763 3378 saeculorum
1787 3322 1966 3377 curri-

310 3409 575 3483 eula,qui
605 3412 735 3481 ejus
763 3409 1179 3465 traditionibus
1208 3409 1589 3483 derogaverit,
1611 3410 1963 3479 autobviare

310 3498 794 3573 prasumpserit;
826 3497 1052 3567 licet,ut
1080 3497 1467 3570 pratulimus,
1483 3498 1543 3553 in
1573 3498 1963 3555 Eeclesiaere-

312 3591 422 3645 bro
450 3588 667 3663 insigni
687 3589 954 3645 doctores
977 3587 1302 3644 eil'ulserint
1327 3587 1588 3644 :necvisa
1609 3588 1687 3644 sit
1702 3605 1962 3661 unquam

309 3677 593 3749 Ecclesia,
627 3682 694 3734 ut
727 3695 843 3733 non
874 3677 1067 3733 dicam
1099 3676 1963 3750 Constantinopolitanam,qua

310 3767 490 3841 longe
544 3771 678 3840 post
736 3766 1010 3823 instituta
1066 3770 1175 3834 est,
1225 3768 1395 3837 cujus
1451 3766 1573 3822 hac
1639 3766 1964 3823 doctrinam

310 3855 405 3913 vel
439 3857 848 3913 auctoritatem
881 3859 1081 3911 secuta
1123 3855 1217 3922 sit,
1242 3872 1377 3910 cum
1421 3854 1551 3927 ipsa
1597 3856 1792 3928 potius
1821 3856 1966 3912 alias

312 3944 591 4002 ecclesias
621 3944 1140 4015 instituerit,atque
1168 3943 1262 3999 his
1285 3943 1597 4000 nonnullas
1622 3945 1967 4002 traditiones

313 4033 630 4091 contulerit
652 4034 818 4090 :adeo
836 4032 1426 4105 ut,quemadmodum
1459 4032 1785 4088 Bonifacius
1808 4033 1965 4089 sedis

314 4123 650 4196 apostolica
699 4122 913 4195 praesul
963 4125 1234 4188 testatur,
1267 4120 1560 4177 institutio
1616 4121 1965 4178 universalis

312 4212 616 4268 nascentis
645 4210 913 4267 Ecclesia
943 4211 1015 4266 de
1046 4210 1197 4266 beati
1231 4209 1383 4265 Petri
1413 4209 1729 4282 sumpserit
1749 4210 1967 4267 honore

312 4299 760 4373 principium,in
775 4317 889 4373 quo
922 4299 1182 4373 regimen
1208 4299 1337 4370 ejus
1359 4303 1417 4355 et
1438 4315 1673 4355 summa
1694 4298 1968 4356 consistit

314 4388 661 4463 Perpendite
692 4388 1089 4462 ergo,fratres,
1122 4387 1171 4445 si
1204 4387 1325 4443 hac
1356 4387 1523 4445 utilia
1548 4388 1668 4444 sint
1698 4388 1964 4444 Ecclesia

313 4479 442 4548 Dei,
475 4478 525 4534 si
556 4477 678 4534 hac
710 4494 967 4551 congrua
991 4476 1439 4548 videanturejus
1469 4476 1961 4533 ordinationibus.

2069 3319 2173 3374 das
2207 3318 2408 3375 Pbotio
2439 3321 2610 3375 modo
2629 3321 2996 3377 mitteremus
3020 3321 3257 3395 :quippe
3281 3340 3454 3395 quem
3477 3341 3592 3380 non
3615 3324 3711 3380 lit-

2070 3410 2328 3462 terarum
2363 3413 2698 3463 nostrarum
2730 3410 3143 3466 communione
3188 3411 3247 3466 in
3276 3411 3533 3467 Ecclesia
3563 3413 3712 3468 Con-

2070 3495 2594 3568 stantinopolitana
2614 3497 2922 3554 stabiliend
2935 3500 3161 3567 um,sed
3179 3505 3390 3556 nostra
3413 3501 3710 3557 sententia

2063 3586 2186 3658 jam
2218 3602 2497 3642 mucrone
2528 3586 2881 3658 perculsum,
2915 3588 2986 3644 ab
3018 3605 3086 3644 ea
3115 3589 3348 3661 penitus
3376 3591 3713 3646 decrevera-

2071 3690 2205 3729 mus
2235 3678 2517 3746 tanquam
2549 3674 2880 3732 adulterum
2902 3676 3586 3750 propellendum.Verum
3610 3697 3714 3752 pro

2073 3763 2165 3819 his
2190 3768 2247 3819 et
2276 3763 2369 3820 his
2402 3763 2696 3820 similibus
2728 3765 2924 3821 causis
2946 3767 3223 3824 canonice
3251 3767 3637 3824 discutiendis
3658 3772 3719 3824 et

2074 3851 2180 3908 rite
2208 3853 2555 3909 definiendis
2583 3858 2705 3909 tam
2720 3860 3185 3928 vestram,quam
3199 3855 3448 3913 aliorum
3471 3858 3715 3913 fratrum

2072 3946 2129 3997 ct
2159 3942 2637 4014 coepiscopurum
2692 3948 3053 4011 nostrorum,
3105 3947 3476 4001 reverendam
3508 3947 3581 4001 ad
3612 3963 3719 4001 nos

2073 4045 2388 4085 convocare
2420 4030 2700 4087 vellemus
2749 4032 3143 4103 praesentiam,
3176 4032 3289 4087 nisi
3339 4050 3444 4088 nos
3478 4033 3716 4087 diversa

2074 4117 2279 4171 mundi
2310 4116 2757 4185 calamitates,et
2778 4119 3129 4191 quotidiana
3147 4137 3431 4192 pressura
3446 4120 3500 4174 id
3517 4136 3717 4192 gerere

2072 4204 2411 4260 vetuissent.
2444 4206 2555 4260 Sed
2589 4222 2715 4277 qua
2760 4206 3068 4262 nobiscum
3110 4207 3356 4280 ageretis
3379 4211 3714 4280 praesentes,

2074 4294 2380 4349 hortamur
2408 4294 2560 4366 agite
2583 4293 2787 4350 saltem
2811 4295 3212 4367 absentes,qui
3244 4300 3440 4351 tamen
3463 4296 3601 4351 dum
3625 4296 3716 4351 in-

2074 4387 2165 4438 tra
2193 4383 2391 4439 sinum
2423 4383 2743 4451 charitatis,
2777 4400 2952 4456 quam
2985 4384 3169 4439 latum
3190 4385 3530 4440 mandatum
3555 4383 3718 4441 Psal-

2078 4471 2253 4527 mista
2282 4474 2767 4544 nuncupat(Psal.
2801 4477 3014 4541 cxvm),
3045 4491 3147 4529 vos
3178 4473 3719 4546 circumplectentes

312 4567 685 4639 Perpendite,
719 4583 877 4639 rogo,
913 4567 962 4622 si
996 4565 1153 4622 sedis
1200 4564 1531 4638 apostolica
1577 4565 1792 4621 missos
1822 4583 1856 4621 a
1884 4565 1967 4621 vi-
1998 4588 2045 4653 Ι)
2078 4560 2797 4634 semperintuemnrquasi
2818 4566 3447 4631 prasentes,terrarum
3463 4563 3718 4634 profecto

314 4655 483 4711 sione
514 4672 624 4711 sua
651 4654 976 4723 excludere,
1008 4653 1095 4710 vel
1128 4670 1226 4710 eos
1274 4657 1376 4709 aut
1427 4653 1704 4726 epistolas
1736 4659 1967 4710 nostras

315 4760 595 4817 spernere
628 4743 955 4811 debuerint,
987 4747 1045 4799 et
1093 4743 1193 4799 ubi
1243 4742 1320 4798 sit
1367 4742 1684 4814 aliquando
1714 4747 1967 4815 gestum,

316 4850 544 4906 quaso,
575 4848 899 4888 memorare
922 4832 1278 4898 contendite,
1312 4830 1574 4903 alioquin
1606 4836 1808 4887 contra
1838 4836 1968 4886 tan—

318 4926 449 4977 tum
481 4920 749 4977 laborare
789 4924 1189 4992 contemptum
1249 4919 1557 4975 nobiscum
1615 4923 1737 4975 tota
1758 4920 1969 4975 virtute

318 5014 539 5066 curate.
572 5009 719 5065 Nam
751 5010 800 5065 si
822 4990 1322 5080 hujusmodi'mos
1377 5007 1437 5062 in
1472 5007 1726 5063 Ecclesia
1757 5007 1969 5063 Christi

318 5100 499 5155 fuerit
527 5097 1057 5166 exortus,videlicet
1086 5101 1151 5152 ut
1179 5095 1353 5169 legati
1371 5113 1474 5152 seu
1494 5095 1697 5152 littera
1716 5095 1972 5170 singula-

319 5203 456 5245 rum
485 5187 886 5257 ecslesiarum,
919 5186 1008 5243 vel
1058 5202 1441 5259 personarum
1500 5187 1573 5241 ad
1629 5185 1722 5241 his
1755 5186 1970 5258 quibus

320 5276 641 5334 mittuntur
668 5277 911 5333 minime
970 5276 1391 5348 suscipiantur,
1424 5274 1558 5347 quis
1603 5274 1767 5330 locus
1797 5279 1972 5330 restet

321 5366 501 5423 saluti
534 5384 640 5423 nos
670 5367 904 5439 penitus
954 5365 1316 5439 ignoramus,
1347 5362 1672 5436 prasertim
1704 5380 1836 5418 cum
1868 5381 1973 5436 per

320 5455 650 5530 legatorum
667 5460 724 5512 et
744 5455 1124 5529 epistolarum
1146 5453 1575 5510 destinatarum
1603 5452 1970 5509 interventio-

323 5561 460 5602 nem
493 5546 566 5602 ad
597 5545 776 5604 fidem
833 5543 1149 5603 nonnullos
1205 5559 1539 5611 conversos,
1570 5545 1627 5597 et
1673 5541 1746 5597 ab
1776 5557 1970 5599 errore

321 5634 544 5697 multos
575 5639 893 5707 revocatos,
926 5638 983 5693 et
1011 5635 1083 5693 ad
1140 5648 1345 5711 pacem
1398 5635 1752 5709 caterasque
1774 5647 1969 5691 corrc-

2078 4650 2283 4723 spatiis
2314 4666 2617 4722 nunquam
2644 4651 2887 4723 potestis
2918 4651 3116 4706 haberi
3136 4651 3361 4707 visibus
3384 4651 3603 4707 nostris
3624 4653 3722 4707 ab-

2080 4739 2717 4795 sentes.Verumlamen
2741 4739 2789 4795 si
2808 4739 2922 4794 huc
2942 4739 3222 4796 veniendo
3237 4741 3413 4811 Vorte,
3428 4740 3718 4807 veniendi,

2079 4827 2287 4899 Hann]
2319 4828 2603 4883 recusatis
2631 4827 2886 4883 laborem
2911 4828 3297 4900 arripere,nee
3312 4830 3486 4902 jussa
3506 4831 3722 4886 terreni

2078 4916 2381 4989 principis,
2414 4933 2518 4971 nec
2546 4916 2665 4971 ulla
2694 4916 3115 4987 impedimenta
3154 4917 3372 4987 saculi,
3407 4919 3572 4991 pium
3606 4924 3724 4975 stu-

2079 5004 2242 5060 dium
2274 5009 2531 5059 vcstrum
2562 5022 2596 5059 a
2620 5005 2917 5061 communi
2950 5005 3058 5061 hac
3090 5004 3469 5063 ecclesiastici
3505 5007 3723 5080 negotii

2080 5092 2474 5165 meditatione,
2507 5111 2610 5150 seu
2637 5092 2965 5149 necessaria
3012 5094 3426 5164 sollicitudine,
3454 5095 3722 5152 cohibere

2080 5199 2314 5254 quoquo
2338 5180 3008 5255 modovaleant.Alioqui
3028 5189 3283 5241 vestram
3306 5186 3376 5240 ad
3397 5201 3502 5239 nos
3525 5184 3723 5238 frater-

2081 5273 2322 5327 nitatem
2351 5269 2790 5338 convocandi,et
2820 5273 3038 5344 pariter
3053 5275 3123 5330 de
3144 5270 3549 5345 hujuscemodi
3573 5287 3723 5342 qua-

2080 5360 2371 5416 stionibus
2404 5360 2892 5429 tractandi,nobis
2916 5362 3025 5418 erit
3056 5361 3292 5419 omnino
3312 5358 3723 5415 necessitaszut

2078 5448 2343 5505 videlicet
2365 5450 2537 5521 juxta
2566 5449 2876 5522 pristinam
2903 5449 3363 5508 consueiudinen
3412 5448 3724 5506 nobiscum

2077 5540 2140 5595 in
2168 5538 2246 5594 idi
2253 5555 2428 5611 psum
2449 5539 2607 5612 apud
2628 5539 2929 5597 S.Petrum
2948 5538 3724 5607 convenientes,communes

2076 5626 2344 5690 Ecclesia
2366 5628 2752 5689 contumelias
2785 5628 3155 5706 repellamus,
3177 5625 3279 5706 qui
3303 5642 3615 5687 commune
3630 5643 3724 5690 sa-
