4058 6174
196 344 227 403 1
244 342 355 409 ωε

1415 314 1822 415 EPISTDLIE
1862 350 1963 412 ET
1998 351 2389 414 insanam.

3452 369 3612 433 U62
3668 421 3677 433 .

196 491 458 530 scamur.
479 474 768 547 Optamus
798 475 1223 535 fraternitatem
1251 483 1501 533 vestram
1536 480 1595 535 in
1625 480 1853 538 Christo
1882 484 1936 551 Α
1968 483 2150 539 nostri
2181 483 2451 541 doluistis
2497 468 2768 569 apparuit
2800 506 2813 544 :
2846 495 2904 546 et
2952 494 3106 564 quod
3154 512 3287 551 cum
3329 498 3608 557 charitate

197 580 358 618 nunc
392 567 450 618 et
479 580 712 636 semper
739 565 883 620 bene
914 564 1121 621 valere.
1146 566 1269 621 Tua
1295 584 1448 634 vero,
1485 568 1659 623 frater
1690 568 1856 625 Hinc-

196 669 385 719 mare,
410 651 667 707 charitas
698 670 832 708 cum
859 653 1167 732 epistolam
1199 655 1423 728 legerit,
1441 674 1572 711 mox
1596 662 1658 712 ut
1678 659 1855 713 etiam

193 742 267 795 ad
303 740 452 796 alios
499 741 990 815 archiepiscopus,
1028 742 1129 814 qui
1180 743 1240 799 in
1289 761 1466 817 regno
1519 744 1621 800 lilii
1674 748 1855 802 nostri

193 829 387 886 Caroli
418 829 659 902 gloriosi
690 831 843 903 regis
872 831 1224 899 consistunt,
1253 833 1568 902 deferatur,
1592 851 1854 891 summo-

195 936 336 991 pere
369 935 541 993 agerc
561 920 822 987 studeat;
847 924 905 976 et
935 924 1000 975 ut
1031 921 1100 976 de
1127 920 1220 976 his
1257 921 1474 994 singuli
1505 923 1565 976 in
1598 923 1856 979 dioecesi-

193 1010 309 1064 bus
341 1008 624 1079 suis,una
653 1025 786 1063 cum
809 1010 1192 1083 suti‘raganeis
1213 1010 1421 1075 suis,in
1451 1013 1854 1085 cujuscunque

191 1116 381 1171 regno
411 1098 532 1154 sint
560 1098 1301 1165 constituti,convenienter
1321 1104 1591 1169 tractare,
1608 1105 1663 1156 et
1687 1100 1854 1157 nobis

190 1204 326 1259 quae
356 1186 677 1259 repererint
707 1204 1019 1260 suggerere
1050 1191 1273 1255 curent,
1309 1205 1407 1244 eos
1448 1188 1692 1245 incitare
1737 1206 1852 1246 non

190 1275 476 1349 negligat.
492 1279 580 1331 Ita
610 1278 675 1331 ut
695 1292 897 1332 eorum
929 1276 1348 1349 omniumque:
1371 1277 1674 1349 prasentis
1703 1277 1854 1351 epis-

192 1364 329 1420 tolae
350 1364 797 1420 circumstantia
816 1365 1166 1431 continet,tu
1185 1370 1528 1423 etstrenuus
1549 1371 1853 1423 exsecutor

192 1453 315 1513 illis
348 1454 565 1510 existas
586 1472 600 1522 ;
622 1456 679 1508 et
709 1454 863 1525 apud
899 1471 1004 1510 nos
1034 1471 1207 1509 verax
1237 1460 1294 1510 et
1324 1456 1580 1527 prudens
1613 1455 1853 1528 scripto-

192 1560 329 1597 rum
363 1547 600 1598 tuorum
628 1542 776 1598 serie
806 1542 1017 1599 relator
1047 1543 1381 1599 inveniaris.
1412 1545 1623 1600 Datum
1655 1562 1689 1599 x
1741 1545 1848 1600 Ka-

192 1629 402 1688 lendas
434 1631 797 1699 Novembris,
832 1631 1144 1687 indictione
1177 1632 1386 1704 prima.

929 1782 1118 1839 CLIII.

569 1898 645 1936 AD
684 1897 952 1937 CAROLUM
992 1898 1214 1937 CALV'UM
1254 1898 1465 1937 REGEM.

836 1997 1024 2065 (Anno
1055 1997 1205 2067 867.)

188 2124 339 2179 Petit
368 2130 429 2177 ut
456 2122 673 2176 auxilio
697 2122 769 2176 sit
814 2123 1078 2193 episcopis
1127 2120 1209 2193 ad
1243 2127 1532 2176 conventus
1580 2118 1847 2175 habendos

505 2193 571 2248 de
598 2194 812 2262 negotio
842 2191 1148 2265 ’rjuod‘ipsis
1176 2191 1542 2247 demandavit.

705 2316 895 2391 [Apud
927 2316 1136 2384 Mansi,
1171 2314 1331 2390 ibid.]

261 2443 599 2516 Comperiat
654 2441 939 2498 celsitudo
965 2446 1176 2509 vestra,
1212 2459 1317 2498 nos
1367 2441 1845 2514 metropolitanos

187 2533 475 2606 praesules
497 2531 659 2605 regni
680 2531 856 2587 vestri
875 2532 946 2587 ad
971 2533 1237 2603 quaedam
1260 2532 1564 2587 tractanda
1580 2530 1837 2587 ecclesia,

187 2622 341 2678 stica
354 2621 869 2693 negotia,quorum
894 2620 1089 2692 gloria:
1108 2625 1311 2677 vestrze
1334 2625 1592 2676 tenorem
1616 2620 1844 2675 ostendi

187 2709 598 2783 precepimus,
622 2708 886 2781 singulos
916 2726 1051 2764 cum
1074 2709 1458 2781 s‘uffraganeis
1482 2708 1607 2785 suis
1628 2708 1845 2780 pariter

185 2797 499 2855 convenire
532 2798 842 2854 mandasse
875 2814 888 2852 :
924 2798 1095 2869 cujus
1141 2797 1408 2853 videlicet
1454 2796 1841 2853 exsecutionis

184 2903 487 2943 summam
520 2886 683 2941 fratri
706 2890 762 2940 et
783 2886 1121 2957 coepiscopo
1146 2891 1343 2941 nostro
1364 2886 1675 2941 Hincmaro
1693 2900 1842 2940 com-

185 2976 486 3031 misimus.
518 2976 883 3047 Quapropter
928 2992 1207 3048 rogamus
1261 2974 1417 3046 piam
1468 2974 1840 3030 dilectionem

180 3068 462 3130 vestram,
490 3069 554 3119 ut
607 3067 768 3119 tanto
828 3064 1058 3137 negotio
1106 3063 1417 3129 auxilians,
1452 3081 1567 3135 quo
1614 3063 1841 3119 facilius

184 3154 370 3209 iidem
419 3153 628 3208 fratres
677 3152 859 3208 nostri
912 3152 1217 3209 convenire
1246 3152 1496 3220 valeant,
1532 3152 1838 3226 suffragari

1967 577 2156 627 vestra
2181 572 2455 638 dicimus,
2487 575 2572 630 sic
2603 575 2869 632 Ecclesia:
2902 581 3108 637 matris
3140 588 3337 640 vestrae
3383 604 3611 659 semper

1966 662 2183 716 damna
2210 662 2480 729 duxistis,
2506 668 2784 736 tanquam
2811 666 2859 721 si
2892 667 3037 722 nihil
3070 671 3139 725 ad
3174 689 3275 726 vos
3306 672 3438 729 inde
3469 693 3609 747 quo-

1966 751 2257 822 quomodo
2291 751 2696 823 pertineret,et
2728 753 2901 809 veluti
2935 756 3064 827 ejus
3095 776 3209 814 non
3242 778 3370 818 esse
3391 764 3493 818 ﬁlii
3513 781 3615 837 per

1965 840 2164 893 omnia
2191 840 2552 896 videremini.
2578 844 2836 907 Quantos
2865 847 3060 900 autem
3093 848 3618 923 sudores,quanta—

1966 944 2077 999 que
2094 928 2415 984 certamina
2430 947 2533 1002 pro
2554 930 2860 987 recidendo
2880 933 3229 1007 malo,cujus
3251 940 3613 998 Guntharius

1964 1016 2475 1089 etTheutgualdus
2494 1024 2760 1075 auctores
2782 1026 2835 1076 et
2859 1022 3200 1079 conﬂatores
3220 1024 3434 1080 inventi
3450 1035 3609 1096 sunt,

1964 1104 2333 1175 pertulimus,
2358 1106 2475 1162 imo
2505 1124 2637 1164 vero
2663 1108 3060 1166 indesinenter
3086 1113 3517 1184 perferimus,et
3539 1134 3612 1173 ne

1964 1191 2212 1247 rediviva
2262 1193 2471 1250 iterum
2530 1196 2722 1252 radice
2776 1204 3124 1268 succrescat,
3157 1201 3608 1261 incessabilibus

1962 1279 2261 1337 laboribus
2290 1282 2641 1355 fatigamur?
2671 1285 2982 1358 Nunquam
3032 1291 3227 1345 tamen
3272 1307 3374 1348 vos
3424 1291 3483 1347 in
3514 1291 3607 1350 his

1963 1370 2237 1425 omnibus
2266 1376 2667 1429 concertantes
2698 1378 2800 1429 aut
2829 1374 3251 1434 collaborantes
3284 1379 3453 1435 nobis
3505 1382 3607 1437 ad-

1962 1456 2276 1514 hzerescere
2307 1461 2831 1517 consensistis.Sed
2855 1481 3010 1520 nunc
3036 1482 3138 1537 pro
3160 1468 3607 1528 reconciliandis
3682 1512 3691 1521 .

1962 1546 2367 1619 Theutgualdo
2390 1552 2446 1604 et
2468 1550 2997 1620 Gunthario,totius
3018 1554 3195 1627 hujus
3216 1556 3355 1613 mali
3369 1558 3608 1615 fabrica-

1962 1634 2505 1709 toribus,satagitis,
2521 1639 2776 1707 curritis,
2796 1642 3195 1713 anxiamini,et
3215 1647 3384 1703 nobis
3405 1648 3607 1706 crebro

1960 1724 2020 1778 id
2040 1724 2233 1797 ipsum
2252 1715 2484 1782 mittere
2502 1727 2744 1785 minime
2762 1731 3074 1788 recusatis:
3092 1750 3397 1808 quousque
3410 1737 3605 1794 nescio

1960 1815 2252 1884 quomodo
2285 1815 2632 1872 amaricatos
2665 1818 3141 1890 appelletis,dum
3174 1828 3325 1880 certe
3354 1824 3438 1880 illi
3459 1843 3605 1898 pene

1959 1902 2218 1974 quotidie
2244 1909 2445 1975 potum
2478 1906 2888 1964 amaritudinis
2913 1910 3225 1982 propinare
3272 1913 3440 1970 nobis
3489 1932 3604 1973 non

1959 1991 2235 2047 desinunt
2270 2009 2283 2046 :
2316 2009 2453 2048 nam
2488 1994 2716 2065 quoties
2748 2012 2951 2052 eorum
2984 1998 3119 2054 facti
3154 2002 3435 2058 memoria
3455 2002 3609 2061 inter

1958 2079 2207 2135 aliorum
2240 2080 2385 2136 dura
2412 2099 2657 2155 quaeque
2700 2084 2868 2141 nobis
2912 2086 3303 2159 ingerentium
3335 2091 3603 2161 infertur,

1955 2167 2129 2224 toties
2148 2186 2254 2224 nos
2276 2169 2500 2242 absque
2529 2171 2696 2226 multi
2719 2174 2983 2230 mmroris
3009 2178 3398 2234 amaritudine
3418 2196 3605 2235 rema-

1957 2273 2092 2312 nere
2124 2259 2456 2330 nequimus.
2492 2259 2688 2316 Cesset
2731 2261 2928 2334 itaque
2976 2269 3178 2321 vestra:
3228 2266 3423 2339 glorias
3473 2268 3601 2339 jam

1956 2362 2063 2401 nos
2090 2363 2266 2418 super
2296 2347 2403 2403 hoc
2435 2348 2669 2420 pulsare
2701 2350 3055 2421 sublimitas,
3076 2357 3132 2409 et
3160 2356 3313 2427 quod
3338 2356 3462 2412 ﬁeri
3486 2374 3603 2413 non

1956 2438 2163 2505 potest,
2197 2436 2434 2491 tandem
2464 2436 2781 2510 aliquando
2812 2443 3233 2511 praetermittat.
3266 2444 3416 2500 Dum
3447 2446 3604 2502 enim

1955 2540 2071 2578 non
2100 2541 2419 2596 possumus
2450 2526 2693 2599 adipisci
2727 2529 2882 2599 quod
2913 2529 3205 2598 volumus,
3240 2549 3476 2589 necesse
3520 2538 3609 2591 est

1958 2618 2020 2667 ut
2053 2612 2160 2668 hoc
2192 2613 2438 2670 velimus
2469 2616 2747 2688 consequi
2770 2617 3010 2673 omnino
3035 2620 3189 2690 quod
3213 2639 3531 2693 possumus
3552 2627 3608 2679 et

1953 2701 2255 2757 debemus.
2299 2703 2443 2758 Nam
2501 2704 2658 2759 sedis
2707 2706 3037 2777 apostolicae
3095 2709 3387 2765 sententia
3443 2715 3607 2769 tanta

1956 2806 2188 2860 semper
2217 2790 2443 2845 consilii
2487 2793 2882 2849 moderatione
2929 2794 3273 2868 concipitur,
3308 2801 3470 2853 tanta
3496 2816 3604 2870 pa-

1950 2877 2164 2932 tientize
2198 2878 2533 2955 maturitate
2555 2881 3202 2955 decoquitur,tantaque
3234 2885 3602 2943 deliberatio-

1952 2965 2044 3021 nis
2074 2967 2357 3039 gravitate
2396 2953 2689 3040 profertur
2719 2975 2783 3025 ut
2812 2953 3217 3029 retractatione
3250 2990 3365 3029 non
3413 2979 3597 3048 egeat,

1951 3071 2056 3108 nec
2078 3054 2375 3110 immutari
2402 3058 2795 3114 necessarium
2819 3060 2994 3116 ducat
3021 3078 3033 3115 :
3061 3061 3172 3117 nisi
3197 3062 3340 3118 forte
3362 3054 3445 3118 sic
3467 3081 3599 3136 pro-

1950 3142 2069 3198 lata
2094 3144 2169 3199 sit
2202 3149 2265 3199 ut
2298 3147 2595 3201 retractari
2626 3148 2833 3219 possit,
2868 3148 2955 3204 vel
2987 3150 3355 3207 immutanda
3386 3169 3601 3207 secun-

182 3243 462 3315 dignemp
489 3259 502 3296 ;
527 3246 819 3313 quatenus
843 3241 986 3314 ipsis
1008 3245 1198 3297 vestro
1218 3240 1422 3297 solatio
1445 3242 1665 3312 potius,
1698 3224 1841 3313 prae.
1871 3224 1913 3290 C
1955 3233 2096 3287 dum
2129 3235 2441 3304 prmmissce
2474 3241 2735 3293 tenorem
2766 3239 3115 3296 conditionis
3138 3241 3366 3297 existat.
3391 3243 3602 3298 Theut-

189 3348 335 3387 sens
382 3331 685 3403 negotium
736 3331 844 3387 rite
888 3330 1299 3397 tractantibus,
1326 3348 1432 3386 .vos
1475 3347 1705 3402 quoque
1738 3348 1841 3402 pro

184 3424 365 3475 tanta
396 3419 630 3492 pietatis
661 3420 855 3475 studio
888 3418 1193 3492 praemium
1236 3419 1696 3491 consequamini.
1721 3419 1842 3474 Erit

185 3513 391 3565 autem
411 3508 496 3564 eis
526 3512 582 3564 et
611 3508 769 3564 aliud
801 3512 934 3581 post
962 3509 1258 3564 modicum
1287 3508 1516 3564 decreto
1534 3512 1732 3563 nostro
1754 3525 1843 3580 sy-

183 3597 395 3653 nodice
422 3596 821 3653 ventilandum
857 3614 870 3652 :
905 3598 1007 3653 sed
1054 3614 1124 3652 ne
1171 3596 1502 3669 duplicatus
1550 3596 1714 3652 labor
1755 3598 1839 3652 eis

181 3702 473 3742 onerosus
502 3686 732 3753 existat,
760 3686 996 3742 interim
1026 3686 1084 3740 in
1113 3686 1223 3741 hoc
1269 3703 1507 3758 operam
1538 3686 1674 3741 dare
1706 3684 1839 3740 illos

182 3778 514 3847 oportet,ut
542 3774 806 3831 videlicet
837 3776 909 3831 ad
941 3775 1190 3830 alterum
1221 3773 1503 3830 libentius
1524 3791 1588 3830 ac
1605 3774 1840 3847 expedis

180 3864 323 3931 tius,
341 3865 452 3919 Deo
473 3865 718 3935 juvante
744 3864 1071 3937 pertingere
1109 3863 1355 3935 possint.
1381 3863 1665 3935 Optamus
1710 3863 1837 3937 glo-

182 3953 333 4008 riam
362 3957 623 4009 vestram
656 3971 811 4009 nunc
842 3957 900 4009 et
924 3970 1155 4025 semper
1184 3954 1241 4007 in
1272 3952 1499 4008 Christo
1548 3953 1695 4007 bene
1736 3970 1839 4008 va-

181 4041 322 4110 lere,
347 4041 729 4099 dilectissime
753 4042 855 4098 ﬁli.
889 4042 1035 4098 Data
1064 4059 1122 4097 Ix
1153 4040 1441 4115 Kalendas
1472 4041 1836 4108 Novembris,

180 4130 504 4188 indictione
532 4131 743 4203 prima.

919 4255 1106 4313 CLIV.

496 4370 568 4410 AD
609 4371 939 4412 LUDOVICUM
978 4372 1169 4411 REGEM
1208 4372 1530 4411 GERMANIE.

834 4472 1022 4542 (Anno
1052 4472 1200 4543 867.)

259 4598 324 4654 Ut
353 4595 571 4668 desinat
599 4595 817 4652 tandem
850 4596 1177 4723 Zzwrlvlredere
1202 4613 1303 4668 pro
1340 4596 1701 4665 Theutyualdo
1730 4603 1780 4651 et

899 4684 973 4723 1m
1016 4683 1175 4723 umo.

899 4685 931 4723 u
938 4683 1155 4724 mmmo
1162 4710 1175 4723 .

716 4793 905 4864 [Apud
939 4791 1149 4859 Mansi,
1181 4792 1338 4858 ibid]

256 4918 550 4974 NICOLAUS
580 4915 916 4989 episcopus,
941 4933 1142 4973 servus
1164 4934 1461 4973 servorum
1485 4917 1604 4986 Dei,
1639 4918 1847 4973 dilecto

183 5006 307 5062 ﬁlio
338 5004 626 5061 Ludovico
657 5004 911 5077 glorioso
944 5006 1085 5078 regi.

258 5091 576 5166 Epistulam
612 5093 948 5150 serenitatis
977 5098 1179 5150 vestra:
1210 5112 1313 5167 pro
1345 5095 1748 5169 Theutgualdo
1794 5100 1851 5154 et

186 5182 515 5239 Gunthario
547 5183 776 5238 dudum
808 5182 1098 5256 episcOpis
1148 5202 1253 5241 nos
1301 5184 1509 5240 obnixe
1558 5186 1851 5258 precantis

183 5271 545 5344 accepimus,
572 5276 629 5328 et
666 5273 1049 5345 quamobrem
1085 5291 1188 5345 pro
1216 5273 1334 5330 illis
1363 5278 1448 5329 tot
1472 5278 1663 5330 vestra
1692 5274 1854 5330 celsi-

186 5361 332 5415 tudo
363 5359 595 5417 labores
631 5362 1257 5430 assumat,admodum
1290 5363 1474 5419 fateor
1493 5363 1780 5419 miramur
1800 5368 1857 5419 et

188 5449 688 5520 obstupescimus.
758 5451 985 5515 Quanta
1033 5468 1244 5525 nempe
1295 5451 1449 5507 mala
1480 5469 1585 5507 nos
1612 5451 1854 5523 perpeti,

186 5543 415 5610 quanta
437 5539 817 5597 incommoda
842 5540 1133 5597 sustinere
1156 5558 1306 5613 saepe
1333 5540 1662 5611 audistis,et
1681 5540 1855 5613 liqui-

187 5627 260 5687 do
291 5644 450 5691 nunc
480 5645 629 5703 cogn
643 5628 889 5685 ovistis?
920 5646 1216 5703 nusquam
1266 5633 1461 5688 tamen
1512 5629 1650 5704 quia
1681 5646 1859 5688 causa

526 5755 793 5825 ΡΑτιιοι.
843 5757 1053 5820 CXIX.

1957 3321 2209 3393 gualdus
2240 3323 2419 3395 igitur
2447 3329 2502 3380 et
2531 3326 2893 3384 Guntharius
2922 3328 3102 3400 hujus
3133 3334 3346 3386 sanctae
3378 3335 3434 3387 et
3462 3348 3601 3404 apo-

1956 3410 2170 3465 stolicae
2203 3412 2358 3468 sedis
2405 3415 2692 3470 sententia
2741 3417 3012 3488 perculsi,
3047 3418 3095 3473 si
3146 3418 3430 3491 patienter
3469 3436 3601 3493 ege-

1954 3497 2089 3566 rint,
2124 3499 2496 3557 etmalorum
2551 3520 2801 3574 quorum
2855 3505 3212 3578 plantatores
3262 3508 3439 3577 fuere,
3475 3525 3600 3565 era-

1954 3586 2242 3643 dicatores
2287 3589 2629 3659 exstiterint,
2664 3596 2839 3664 atque
2870 3593 2919 3648 si
2967 3593 3089 3650 haac
3133 3596 3385 3667 perfecta
3426 3597 3485 3652 in
3540 3614 3603 3654 se

1957 3674 2312 3743 humilitate,
2347 3678 2658 3750 dignisque
2706 3680 3058 3752 paenitentia:
3106 3682 3338 3739 ﬂetibus
3373 3685 3603 3743 abolere

1958 3764 2107 3833 [edit
2124 3769 2301 3834 Ποπι.⁷
2318 3765 2574 3838 abluere]
2597 3769 2730 3823 stud
2740 3769 2953 3839 uerint,
2967 3773 3240 3843 poterunt
3259 3762 3461 3845 utique
3491 3773 3606 3830 alia

1951 3852 2347 3909 miserationis
2370 3855 2771 3913 ecclesiasticae
2792 3859 3072 3915 beneficia
3093 3861 3411 3933 praestolari
3428 3881 3441 3930 ;
3456 3863 3607 3934 prio-

1954 3940 2034 3996 ris
2059 3947 2251 4018 tamen
2287 3944 2627 4012 ministerii,
2659 3952 2759 4002 aut
2791 3948 3198 4021 cujuscunque
3229 3951 3606 4009 sacerdotalis

1953 4031 2129 4084 ofﬁcii
2162 4031 2506 4103 dignitatem
2540 4034 2756 4090 frustra
2787 4037 3026 4108 quidem
3058 4055 3290 4109 sperare
3306 4045 3602 4111 poterunt,

1949 4134 2248 4173 resumere
2276 4124 2469 4175 autem
2491 4120 2549 4175 in
2578 4124 3001 4194 sempiternum
3027 4142 3141 4179 non
3174 4130 3466 4196 poterunt.
3492 4127 3603 4183 Sed

1949 4205 2087 4277 quia
2130 4206 2385 4263 Charitas
2416 4208 2767 4266 excellentia:
2798 4216 3001 4267 vestrae
3032 4229 3136 4283 pro
3169 4212 3263 4269 his
3294 4213 3604 4283 dolet,lau-

1949 4294 2163 4351 damus
2204 4312 2216 4351 :
2256 4296 2395 4368 quia
2422 4301 2479 4352 et
2510 4314 2649 4365 nos,‘
2668 4298 2819 4355 sicut
2849 4300 2921 4355 ad
2952 4316 3155 4356 eorum
3184 4302 3605 4358 detrimentum

1928 4386 2086 4438 tunc
2114 4383 2236 4439 zelo
2274 4389 2331 4440 et
2355 4385 2588 4457 justitia
2618 4387 2719 4443 Dei
2742 4388 3018 4443 commoti
3052 4394 3351 4462 gementes
3382 4389 3609 4449 deveni-

1953 4488 2117 4540 mus;
2142 4472 2223 4527 ita
2237 4476 2295 4529 et
2312 4475 2727 4546 nunc,quoties
2748 4493 2949 4532 eorum
2970 4477 3604 4546 reminiscimur,toties

1876 4583 1924 4650 D
1956 4560 2174 4633 ingenti
2206 4561 2466 4618 cruciatu
2498 4563 2712 4620 mentis
2744 4564 3138 4637 accendimur,
3153 4571 3327 4638 atque
3352 4566 3422 4622 de
3451 4565 3606 4638 ipso-

1955 4667 2084 4705 rum
2116 4650 2453 4707 discrimine
2486 4652 2601 4708 illis
2630 4652 2796 4709 valde
2827 4655 3217 4727 compatimur
3247 4659 3307 4710 et
3336 4653 3604 4712 condole-

1955 4757 2109 4795 mus.
2135 4741 2468 4796 Secundum
2490 4741 2835 4813 Apostolum
2867 4743 3197 4815 namque,si
3222 4743 3361 4816 quid
3386 4743 3608 4817 patitur

1958 4845 2143 4884 unum
2175 4830 2526 4897 membrum,
2562 4830 2999 4903 compatiuntur
3029 4834 3085 4887 et
3115 4831 3313 4888 omnia
3343 4832 3609 4888 membra

1961 4918 2006 4990 (1
2036 4919 2162 4973 Cor.
2200 4918 2314 4989 tu).
2348 4918 2563 4973 Verum
2597 4918 2645 4975 si
2677 4919 2747 4974 de
2777 4919 2890 4989 his,
2911 4919 2999 4975 vel
3030 4921 3102 4976 de
3134 4920 3362 4978 actibus
3383 4938 3609 4989 eorum,

1958 5004 2045 5061 vel
2078 5023 2204 5078 quae
2238 5006 2315 5061 sit
2346 5023 2523 5078 penes
2554 5024 2659 5063 nos
2691 5008 2761 5063 de
2791 5007 2936 5079 ipsis
2986 5008 3101 5064 fixa
3148 5011 3459 5079 sententia,
3490 5010 3610 5083 ple-

1962 5095 2113 5151 niter
2144 5099 2207 5149 ut
2233 5094 2476 5151 innuitis
2521 5097 2821 5167 cognitum
2873 5097 3038 5154 vobis
3087 5099 3211 5155 ﬁeri
3262 5101 3494 5174 cupitis,
3538 5098 3609 5154 ad

1961 5183 2217 5255 epistolae
2252 5187 2533 5252 tenorem,
2569 5202 2746 5256 quam
2779 5186 2851 5240 ad
2901 5188 3261 5244 venerabiles
3309 5187 3608 5260 episcopos

1963 5272 2125 5344 regni
2182 5274 2355 5329 vestri
2416 5272 2883 5341 transmisimus,
2942 5275 2992 5332 si
3060 5276 3267 5349 placet,
3322 5271 3610 5330 industria

1964 5361 2342 5417 sublimitatis
2416 5366 2618 5418 vestrae
2690 5368 2970 5421 recurrat.
3024 5364 3308 5438 Optamus
3363 5360 3609 5433 gloriam

1964 5454 2213 5505 vestram
2276 5449 2336 5505 in
2387 5450 2615 5508 Christo
2666 5469 2821 5508 nunc
2870 5457 2928 5509 et
2976 5469 3204 5525 semper
3230 5452 3374 5505 bene
3400 5444 3612 5516 valere,

1966 5556 1998 5597 ο
2032 5537 2410 5597 dilectissime
2441 5540 2556 5599 ﬁli!
2591 5541 2740 5601 Data
2767 5558 2828 5600 III
2862 5542 3101 5600 Kalend.
3132 5537 3492 5615 Novembris,
3521 5534 3617 5594 in~

1970 5627 2224 5689 dictione
2258 5631 2305 5691 t.

3221 5756 3305 5844 31
