4058 6174
1194 474 1353 531 CLV.

535 586 609 624 AD
648 582 950 624 EPISCOPOS
990 582 1047 621 IN
1086 579 1266 619 REGNO
1306 578 1569 618 LUDOVICI
1609 577 2006 618 CONSTITUTOS.

1090 671 1276 743 (Anno
1314 669 1464 741 867.)

449 797 957 873 Reprehenditiltos
988 795 1129 873 quod
1164 794 1593 873 Theutgualdgm
1639 801 1698 873 et
1736 792 2103 849 Guntharium

519 866 637 926 suis
665 868 927 938 gradibus
956 869 1177 923 restitui
1204 868 1451 949 cupiant.
1484 866 1722 949 Exponit
1768 880 1931 935 quam
1970 880 2100 932 gra-

519 943 658 994 viter
686 938 1033 994 deliauerint.
1068 945 1184 994 tum
1212 954 1273 993 in
1296 937 1642 994 suscipienda
1670 934 1976 994 Inaeltrude
2008 938 2100 989 Bo-

519 949 658 997 viter
686 949 1033 1021 deliquerint,
1068 949 1184 994 tum
1212 954 1273 993 in
1296 949 1642 1020 suseipienaa
1670 949 1976 1017 lngettruue
2008 949 2102 989 BO-

516 1026 666 1068 soms
692 1025 941 1091 conjuge.
966 1011 1162 1091 refuga
1196 1016 1693 1091 excommunicata,
1745 1015 1863 1091 tum
1904 1023 1967 1091 ¹τη
2011 1021 2102 1091 as:

520 1081 748 1138 truendo
785 1075 877 1136 ἀι’
907 1075 1237 1151 defendendo
1286 1079 1542 1151 Lotharii
1584 1076 1833 1151 repudio,
1865 1084 1916 1131 et
1962 1075 2103 1147 quod

520 1160 804 1237 propterea
1043 1152 1254 1237 fuerint
1277 1150 1525 1237 deppsiti.
1562 1150 1739 1237 Quare
1766 1150 2029 1237 Ιιρνρᾳζιιῌν⁸
2042 1154 2107 1237 ut

519 1220 794 1288 desinant,
824 1230 876 1279 et
894 1230 956 1278 ut
979 1220 1292 1278 Lo'tharium
1324 1220 1394 1277 (id
1422 1220 1763 1293 exsequenda
1781 1220 1942 1291 jussu
1964 1234 2102 1290 pon-

525 1296 691 1367 tificis
719 1294 1018 1364 inﬂectunt.

971 1418 1159 1491 [Apud
1194 1417 1404 1483 Mansi,
1438 1416 1598 1487 ibid]

521 1545 810 1602 NICOLAUS
839 1543 1174 1616 episcopus,
1206 1558 1408 1597 servus
1439 1556 1741 1597 servorum
1786 1540 1906 1609 Dei,
1940 1556 2103 1596 reve-

450 1632 822 1689 rendissimis
850 1636 909 1688 et
938 1629 1333 1687 sanctissimis
1363 1630 1758 1685 confratribus
1780 1629 1998 1685 nostris
2019 1645 2107 1685 ar-

449 1720 838 1793 chiepiscopis
869 1723 925 1774 et
953 1718 1245 1792 episcopis
1275 1718 1333 1772 in
1366 1734 1545 1790 regno
1570 1716 1844 1772 Ludovici
1867 1715 2101 1789 gloriosi

450 1809 604 1883 regis
636 1806 996 1864 constitutis.

519 1897 854 1953 Gaudemus
885 1896 1147 1968 quidem,
1183 1896 1412 1963 fratres,
1449 1899 1506 1951 et
1554 1894 1724 1968 plane
1770 1894 1937 1951 vobis
1988 1912 2103 1951 non

451 1985 744 2041 immerito
757 1983 1503 2058 congaudemus,quoniam
1523 2001 1627 2056 per
1643 1984 1986 2040 charitatem
2003 2000 2104 2040 vos

450 2073 856 2147 Theutgualdo
873 2076 929 2130 et
949 2073 1270 2129 Gunthario
1293 2073 1517 2128 dudum
1534 2072 1829 2130 damnatis
1847 2072 2101 2144 compati

448 2168 506 2220 et
535 2162 841 2219 condolere
867 2161 1313 2235 conspicientes,
1336 2161 1514 2217 etiam
1546 2178 1648 2233 pro
1689 2161 2102 2233 recuperandis

446 2251 539 2309 his
556 2252 614 2308 in
638 2250 953 2325 pristinum
970 2250 1275 2323 dignitatis
1296 2251 1545 2324 gradum
1569 2267 1685 2306 non
1703 2251 1930 2307 modice
1953 2255 2117 2323 sata-g

447 2356 580 2414 gere
611 2339 1099 2412 contemplamur.
1132 2338 1245 2394 Sed
1275 2338 1602 2407 tristamur,
1636 2343 1693 2395 et
1720 2339 1886 2395 valde
1909 2339 2104 2395 trista-

450 2445 604 2496 mur,
619 2427 972 2494 charissimi,
988 2427 1125 2498 quia
1156 2426 1239 2482 sic
1270 2444 1373 2498 pro
1394 2428 1646 2483 duorum
1670 2427 1977 2482 hominum
2001 2428 2102 2483 de-

446 2515 695 2588 jectione
724 2513 1013 2586 satagitis,
1033 2518 1099 2568 ut
1127 2513 1394 2586 plurima:
1420 2512 1789 2569 multitudini
1817 2515 2102 2571 Christia-

448 2620 537 2659 nae
567 2600 755 2676 plebis
784 2619 888 2674 per
915 2618 1016 2658 eos
1044 2600 1193 2657 laesa:
1224 2601 1465 2656 minime
1492 2600 1817 2659 consulatis
1841 2618 1854 2659 :
1883 2603 1966 2658 sic
1998 2620 2100 2674 pro

449 2692 702 2749 duorum
726 2690 1034 2747 hominum
1053 2691 1437 2746 restaurando
1460 2694 1615 2747 statu
1639 2708 1741 2764 pro
1755 2690 2101 2748 criminibus

449 2780 776 2837 manifestis
807 2779 949 2835 eliso
989 2778 1244 2844 certatis,
1271 2783 1337 2834 ut
1365 2783 1451 2834 tot
1474 2779 1736 2835 ﬁdelium
1769 2780 2101 2853 casum,qui

444 2886 544 2927 eos
569 2886 673 2942 per
692 2868 1012 2942 praecipitia
1035 2872 1176 2924 sunt
1210 2868 1414 2937 secuti,
1447 2868 1609 2929 nullo
1642 2869 1816 2924 modo
1847 2886 2099 2942 perpen-

447 2958 620 3015 datis:
654 2959 767 3015 Sed
799 2956 942 3029 quid
975 2957 1217 3029 mirum,
1249 2958 1487 3029 quando
1518 2957 1694 3012 etiam
1726 2974 1861 3013 cum
1891 2958 2100 3015 essetis

442 3046 620 3104 vicini
646 3046 789 3103 locis
818 3044 1022 3113 illis,in
1053 3045 1271 3117 quibus
1293 3045 1657 3118 Theutguald
1670 3063 1736 3103 us
1756 3050 1812 3101 et
1832 3047 2100 3103 Guntha-

446 3136 570 3192 rius
616 3135 904 3191 Ecclesias
951 3134 1168 3190 Christi
1217 3134 1327 3190 sibi
1383 3135 1731 3192 commissas
1754 3135 2102 3193 videbantur

450 3225 691 3298 quidem
709 3241 926 3297 regere,
942 3240 1057 3278 non
1076 3228 1270 3279 autem
1295 3225 1589 3296 regebant,
1608 3225 1667 3279 in
1691 3224 1906 3297 quibus
1922 3226 2098 3282 etiam

447 3313 789 3381 licenter,ad
811 3312 937 3367 sine
958 3312 1164 3384 quavis
1185 3311 1594 3384 prohibitione,
1611 3317 1731 3368 tam
1756 3313 2095 3385 Waldrada,

448 3408 631 3475 quam
658 3400 1035 3474 Engeltrudis
1065 3418 1212 3456 uxor
1240 3401 1957 3474 Bosonis,prostitutionis
1977 3420 2096 3459 sua:

449 3491 564 3547 sibi
610 3490 919 3563 lupanaria
975 3490 1408 3562 quodammodo
1466 3495 1947 3563 preeparayerant,
1990 3509 2097 3549 nec

445 3579 1062 3651 contrainsurgentem
1077 3579 1348 3634 morbum
1372 3579 1716 3637 medicinale
1731 3580 1947 3637 ferrum
1969 3596 2096 3637 exa-

441 3667 669 3734 cuistis,
704 3683 807 3723 nec
838 3667 909 3721 ad
942 3667 1280 3722 excitandos
1326 3684 1533 3739 sopore
1580 3669 1750 3725 noxio
1783 3686 2094 3741 oppressos

437 3756 644 3810 eodem
677 3758 938 3825 tempore
968 3754 1177 3808 fratres
1208 3754 1513 3809 charitatis
1544 3756 1791 3826 pedibus
1829 3759 2092 3813 cucurri-

438 3839 1015 3913 stis,sapientissimo
1046 3840 1360 3896 Salomone
1390 3843 1460 3897 de
1493 3832 1713 3899 talibus
1744 3845 2093 3903 admonente

435 3935 612 4003 atque
641 3928 1397 4002 dicente,Discurre,/‘estina,
1411 3933 1615 3987 suscita
1637 3935 1877 3989 amicum
1895 3942 2051 3990 tuum
2064 3938 2092 3990 ?

428 4019 610 4092 (Prov.
643 4020 746 4088 v1.)
776 4018 939 4085 Quod
971 4035 1086 4075 non
1116 4017 1309 4075 solum
1342 4023 1482 4074 tunc
1516 4020 1757 4077 minime
1772 4039 1874 4079 vos
1896 4023 2089 4096 egisse

429 4107 617 4181 liquet
647 4124 660 4163 :
689 4124 893 4163 verum
924 4107 1101 4164 etiam
1132 4124 1238 4164 nec
1271 4112 1584 4182 postquam
1617 4128 1724 4167 nos
1772 4112 1948 4168 erecti
1999 4130 2088 4169 sa-

428 4197 608 4270 gittas
629 4196 836 4252 divinae
857 4195 1140 4269 pharetrae
1155 4196 1421 4268 jaculare
1444 4199 1723 4255 adversus
1746 4198 2086 4272 hujusmodi

429 4285 705 4359 pronefas
726 4284 898 4358 longe
926 4284 1158 4357 lateque
1189 4287 1494 4359 ccepimus,
1528 4287 1699 4343 nobis
1730 4288 2111 4359 collaborare,

428 4373 679 4433 sollicite
708 4373 1069 4447 procurastis
1103 4391 1117 4430 :
1142 4375 1394 4447 denique
1425 4374 1525 4430 ubi
1556 4393 1735 4448 super
1763 4377 1873 4434 hoc
1920 4378 2085 4435 labor

429 4468 624 4521 vester
653 4462 964 4536 apparuit?
985 4462 1087 4520 ubi
1117 4464 1559 4531 concursus,vel
1594 4466 1692 4521 ubi
1724 4468 2083 4525 sacerdotale

1818 333 2129 402 NICOLAI
2174 335 2402 399 PAPIE
2442 336 2493 400 Ι.

3717 342 3875 403 1164

2127 470 2185 539 Α
2212 478 2328 527 tare
2352 473 2493 544 facit
2518 474 2809 530 unanimes
2838 475 2899 529 in
2928 472 3084 530 domo
3115 473 3279 547 (Psal.
3310 490 3458 532 van
3492 491 3506 529 :
3531 478 3591 530 et
3622 490 3833 529 rursus
3857 492 3872 531 :

2208 561 2338 616 Ecce
2366 578 2530 633 quam
2561 563 2762 617 bonum
2788 569 2840 618 et
2866 577 3034 633 quam
3053 562 3366 634 jucundum
3389 563 3654 619 habitare
3673 563 3879 637 fratres

2208 651 2269 705 in
2298 654 2515 705 unum?
2544 649 3032 723 (Psal.cxxxu.)in
3064 668 3250 707 unum
3281 651 3505 708 scilicet
3535 657 3744 708 mente
3765 670 3879 709 ma-

2209 738 2301 811 gis
2335 755 2511 811 quam
2542 756 2803 812 corpore.
2823 740 2986 804 Quod
3018 739 3068 795 si
3102 740 3247 796 nihil
3279 740 3492 797 horum
3529 742 3881 815 egistis,nec

2209 826 2269 882 in
2302 827 2463 882 nullo
2496 827 2808 884 nobiscum
2868 830 3177 885 convenire
3229 829 3500 886 voluistis
3539 847 3551 884 :
3590 831 3701 885 sed
3735 831 3885 886 sicut

2210 914 2511 971 laboribus
2544 915 2760 973 nostris
2793 916 3022 973 diverso
3053 921 3334 990 tempore,
3359 935 3463 991 pro
3494 919 3881 975 destruendis

2212 1020 2338 1076 quae
2368 1004 2475 1059 viri
2508 1005 2769 1078 praedicti
2812 1006 3237 1062 fabricaverant
3284 1008 3597 1080 impensis,
3636 1008 3883 1064 minime

2212 1092 2715 1159 communicastis,
2750 1094 2832 1148 ita
2870 1098 2927 1149 et
2957 1093 3226 1150 dolorum
3258 1098 3604 1151 nostrorum
3641 1097 3884 1167 partici-

2211 1198 2335 1254 pes,
2371 1181 2493 1237 fieri
2527 1181 2844 1239 recusastis
2877 1199 2890 1236 :
2922 1183 3061 1257 quid
3094 1200 3251 1239 nunc
3280 1183 3573 1257 satagitis,
3602 1190 3667 1240 et
3690 1185 3883 1241 anxia-

2212 1269 2444 1339 mini,et
2461 1286 2566 1342 pro
2588 1270 2839 1327 duorum
2863 1271 3121 1327 virorum
3146 1272 3596 1340 restauratione,
3614 1274 3884 1330 innume-

2212 1375 2412 1414 rorum
2444 1360 2758 1431 praavenire
2785 1360 2964 1417 vultis
2994 1360 3261 1417 ﬁdelium
3283 1362 3881 1418 subversionem?An

2212 1445 2786 1519 pluriuminteritum
2809 1449 3317 1521 parvipenditis,et
3332 1450 3589 1505 duorum
3611 1441 3880 1507 virorum

2212 1536 2373 1591 casui
2387 1537 2762 1594 solummudo
2775 1537 3099 1594 condoletis
3113 1539 3141 1593 ?
3154 1539 3224 1594 Et
3234 1538 3358 1593 sola
3369 1538 3618 1610 quidem
3644 1539 3881 1596 illorum

2211 1624 2376 1680 vobis
2409 1626 2587 1695 ruina
2605 1626 2819 1698 gravis,
2852 1630 3055 1683 nostra
3081 1643 3215 1682 vero
3265 1631 3323 1683 et
3362 1626 3550 1683 totius
3579 1628 3881 1698 Ecclesiae,

2212 1713 2306 1768 cui
2339 1713 2455 1769 Deo
2486 1719 2725 1770 auctore
2756 1714 3420 1787 servimus,quotidiana
3449 1715 3883 1786 sollicitudo,et

2213 1819 2316 1874 pro
2347 1802 2715 1858 eradicandis
2748 1820 2874 1875 quae
2905 1803 3015 1876 ipsi
3045 1803 3457 1875 plantaverunt
3476 1805 3665 1861 malis
3687 1806 3882 1862 ineffa-

2213 1890 2348 1946 hilis
2378 1907 2519 1946 cura
2547 1892 2600 1947 ei
2632 1891 3018 1948 intolerabilis
3050 1892 3309 1964 profecto
3338 1892 3592 1961 vexatio,
3628 1893 3780 1951 levis
3827 1901 3881 1950 et

2210 1981 2636 2036 contemnenda
2665 1980 2933 2036 videtur?
2956 1981 3069 2036 Sed
3090 1998 3197 2037 nos
3220 1999 3344 2054 qua;
3366 1982 3880 2053 pertulimus,imo

2212 2085 2338 2140 qua
2370 2069 2440 2123 de
2472 2069 2756 2125 factorum
2790 2069 3054 2141 ipsorum
3087 2069 3310 2142 origine
3342 2071 3612 2141 quotidie
3665 2072 3880 2127 tolera-

2210 2174 2488 2224 mus,non
2511 2158 2937 2214 contemnenda
2952 2157 3359 2223 ducimus,nec
3382 2158 3534 2214 levia
3552 2177 3878 2231 possumus

2210 2245 2790 2317 azstimare,quorum
2821 2245 3168 2318 gravissima
3199 2263 3307 2302 nos
3339 2246 3748 2316 cernimus,et
3768 2267 3878 2306 non

2207 2350 2330 2402 vos,
2360 2336 2621 2405 pondera
2641 2333 2924 2405 bajulare,
2955 2335 3225 2406 quamvis
3256 2338 3313 2390 et
3344 2335 3707 2393 charitatem
3750 2355 3876 2394 ves-

2209 2426 2361 2478 tram
2392 2422 2783 2478 incommodis
2813 2422 3033 2479 nostris
3064 2423 3317 2497 cognitis
3339 2425 3599 2497 compati
3624 2427 3873 2483 minime

2209 2511 2570 2580 difﬁdamus,
2606 2516 2663 2567 et
2684 2512 2811 2583 jam
2842 2529 3001 2567 nunc
3030 2513 3294 2586 exposita
3321 2524 3711 2587 nequaquam
3746 2534 3871 2589 per-

2207 2600 2493 2656 functorie
2523 2618 2695 2674 posse
2725 2602 3056 2658 credamus.

2279 2688 2593 2745 Ordiamur
2609 2707 2746 2764 ergo
2766 2690 3074 2747 historiam
3087 2691 3481 2765 Theutgualdi
3511 2697 3570 2748 et
3603 2693 3871 2750 Gunthe-

2207 2775 2300 2842 rii,
2331 2776 2381 2832 si
2396 2781 2592 2833 tamen
2617 2795 2732 2834 non
2765 2778 3049 2852 tragcedia
3076 2778 3269 2851 potius
3292 2781 3369 2835 sit
3400 2781 3659 2837 dicenda
3684 2799 3699 2837 :
3723 2787 3781 2838 et
3810 2787 3873 2838 ut

2207 2865 2420 2938 partim
2453 2865 2662 2922 saltem
2689 2884 2816 2940 qua:
2849 2884 2956 2923 nos
2986 2868 3204 2940 experti
3237 2886 3465 2936 sumus,
3501 2870 3576 2925 de
3609 2870 3735 2926 illis
3765 2888 3865 2927 vos

2206 2971 2439 3026 quoque
2470 2954 2620 3011 scire
2648 2955 2909 3022 valeatis,
2945 2960 3233 3028 quantum
3281 2957 3541 3029 epistolae
3592 2964 3871 3016 caventes

2206 3041 2576 3115 prolixiorem
2607 3060 2938 3099 sermonem
2969 3044 3187 3100 cursim
3211 3045 3499 3102 disserere
3521 3063 3868 3118 possumus,

2204 3131 2537 3189 texentibus
2559 3133 2729 3189 nobis
2753 3133 3050 3189 advertite.
3072 3133 3256 3206 Igitur
3288 3150 3423 3189 cum
3456 3135 3866 3207 Engeltrudis,

2129 3208 2171 3274 C
2209 3236 2355 3275 uxor
2375 3221 2619 3277 Bosonis
2641 3221 2894 3290 comitis,
2919 3223 2990 3277 ad
3012 3220 3230 3278 Gallias
3252 3222 3450 3278 relicto
3470 3224 3714 3296 proprio
3743 3226 3865 3281 viro

2207 3327 2342 3366 cum
2374 3309 2637 3366 adultero
2666 3310 2931 3367 adultera
2960 3311 3442 3384 transmigrasset
3472 3329 3485 3366 :
3520 3318 3575 3368 et
3609 3313 3701 3368 vir
3740 3315 3865 3385 ejus

2206 3415 2336 3454 eam
2367 3415 2502 3455 cum
2534 3399 2720 3455 multo
2752 3399 2951 3455 labore
2976 3400 3252 3456 reducere
3282 3400 3587 3469 voluisset,
3630 3419 3743 3457 nec
3790 3407 3870 3457 ta-

2204 3503 2337 3543 men
2369 3487 2561 3560 aliquo
2592 3488 2764 3543 modo
2785 3487 3492 3560 potuisset,eeclesiastica
3513 3491 3701 3562 ccepit
3717 3491 3872 3546 auxi-

2203 3575 2282 3631 lia
2304 3575 2600 3648 postulare
2625 3594 2638 3632 :
2663 3575 3047 3649 ordinemque
3067 3593 3328 3646 servans,
3360 3577 3620 3650 primam
3653 3580 3713 3635 in
3746 3584 3860 3636 toto

2200 3668 2489 3721 terrarum
2518 3666 2656 3721 orbe
2686 3666 2884 3721 sedem
2917 3664 3239 3738 appellans,
3257 3670 3323 3720 ut
3342 3666 3748 3724 ecclesiastico
3769 3668 3860 3724 de-

2201 3759 2357 3810 creto
2379 3771 2506 3809 eam
2538 3754 2612 3810 ab
2643 3754 2758 3825 his,
2784 3754 2884 3826 qui
2914 3753 3077 3809 illam
3109 3754 3475 3822 muniebant,
3501 3757 3630 3811 erui
3659 3763 3718 3813 et
3749 3756 3857 3813 sibi

2199 3844 2360 3898 reddi
2392 3843 3134 3916 praeciperet,supplicavit.
3158 3843 3323 3899 Unde
3351 3844 3633 3900 decessor
3668 3851 3860 3902 noster

2197 3936 2409 3986 sanctae
2440 3932 2733 3987 memoriae
2755 3931 3100 3988 Benedictus
3131 3949 3301 4004 papa,
3318 3949 3633 4006 quousque
3659 3950 3855 4007 super-

2197 4024 2315 4075 stes
2346 4020 2592 4088 exstitit,
2615 4021 2768 4093 apud
2796 4021 3209 4093 imperatorem
3233 4026 3288 4077 et
3319 4038 3518 4094 regem
3544 4040 3611 4078 ac
3644 4023 3850 4096 princi-

2195 4125 2298 4180 pes
2328 4109 2720 4166 interveniens
2751 4114 2809 4166 et
2838 4114 3204 4179 concertans,
3241 4114 3418 4182 atque
3466 4111 3769 4184 episcopis
3798 4116 3853 4167 et

2194 4197 2420 4253 cunctis
2452 4197 2724 4254 ﬁdelibus
2755 4199 3038 4268 scribens,
3066 4202 3131 4254 ut
3162 4203 3532 4255 revocaretur
3585 4202 3847 4266 suadere,

2194 4289 2251 4341 et
2298 4287 2641 4343 auctoritate
2684 4287 3005 4360 apostolica
3043 4287 3255 4360 jubere
3304 4305 3421 4344 non
3470 4289 3724 4345 destitit.
3755 4289 3849 4345 Cui

2192 4374 2515 4444 decedenti,
2550 4376 2754 4432 effectu
2787 4375 2945 4431 nullo
2993 4379 3286 4449 percepto,
3320 4393 3424 4448 per
3467 4376 3693 4434 Christi
3733 4395 3849 4451 gra-

2190 4463 2331 4519 tiam
2356 4481 2463 4521 nos
2484 4465 2542 4519 in
2566 4464 2905 4536 episcopatu
2926 4464 3665 4538 subrogati,successimus
3678 4468 3842 4523 etiam

429 4552 695 4609 studium
725 4551 973 4608 claruit?
999 4552 1234 4625 quando
1256 4552 1606 4610 ascendistis
1622 4571 1799 4627 super
1819 4561 2079 4612 montem
2114 4575 2161 4640 Β
2190 4551 2251 4607 in
2282 4552 2498 4622 labore,
2531 4553 2623 4609 cui
2652 4552 2790 4609 licet
2818 4552 2989 4626 longe
3011 4552 3235 4610 meritis
3256 4553 3516 4626 impares
3560 4556 3845 4612 successi-

425 4640 718 4698 excclsum
730 4641 759 4697 ?
772 4641 1006 4714 quando
1019 4640 1460 4713 evangelizastis
1474 4641 1611 4697 Sion
1623 4642 1650 4697 ?
1663 4644 1897 4715 quando
1912 4646 2082 4716 quasi

426 4730 571 4784 tuba
590 4728 889 4786 exaltastis
909 4729 1149 4785 vocem?
1172 4730 1408 4801 quando
1429 4730 1825 4788 annuntiastis
1843 4732 2083 4790 cuilibet

426 4815 485 4870 in
506 4817 615 4872 hac
646 4818 819 4892 culpa
846 4819 1079 4875 detento
1118 4817 1338 4874 scelera
1370 4818 1517 4875 sua?
1547 4820 1782 4890 quando
1815 4823 2077 4878 ascendi-

426 4903 537 4960 stis
584 4922 651 4960 ex
695 4908 956 4976 adverso,
977 4912 1033 4963 et
1080 4907 1439 4980 opposuistis
1488 4925 1724 4964 murum
1770 4926 1873 4981 pro
1904 4911 2077 4967 domo

426 4991 702 5049 Domini?
733 4997 965 5065 quando
997 5013 1101 5069 pro
1133 5013 1202 5052 ea
1232 4995 1477 5053 latratus
1528 4997 1813 5053 dedistis?
1844 5001 2076 5070 quando

427 5080 767 5149 Phinees,ut
788 5089 1038 5139 cessaret
1067 5085 1608 5157 quassatio,imitati
1640 5086 1783 5142 estis
1803 5090 1825 5142 Ρ
1842 5088 2076 5159 quando

424 5169 725 5228 Danielem
757 5169 816 5224 in
849 5172 1158 5242 puniendis
1181 5173 1463 5230 adulteris
1485 5175 1840 5248 presbyteris
1872 5177 2077 5233 sectati

425 5258 610 5319 estis?
630 5257 718 5315 vel
749 5259 982 5331 quando
1013 5260 1317 5317 nobiscum
1350 5267 1415 5319 ut
1447 5267 1775 5320 castrorum
1808 5266 1962 5322 acies
1983 5283 2074 5321 or-

426 5347 611 5406 dinati
626 5346 873 5403 stetistis
885 5345 914 5402 ?
925 5347 1157 5418 quando
1171 5350 1475 5407 nobiscum
1490 5353 1806 5409 Dominum
1828 5355 1883 5409 in
1901 5354 2075 5412 choro

421 5437 755 5495 laudastis?
783 5435 869 5493 vel
902 5435 1136 5509 quando
1181 5435 1483 5495 columbas
1530 5441 1742 5498 imitati
1791 5444 2075 5517 gregatim

425 5531 627 5584 contra
657 5526 864 5584 milvos
893 5525 1160 5582 incedere
1190 5526 1540 5584 studuistis?
1562 5533 1795 5603 quando
1826 5534 2078 5590 cantavi-

421 5631 556 5694 mus
586 5614 764 5674 simul
798 5632 811 5674 :
844 5618 986 5677 Deus
1010 5621 1067 5675 in
1097 5614 1211 5678 loco
1240 5622 1426 5673 sancto
1454 5633 1572 5689 suo,
1607 5620 1742 5676 Deus
1773 5624 1871 5700 qui
1917 5623 2071 5682 habi-

2192 4658 2326 4697 mus
2358 4642 2417 4697 in
2449 4642 2808 4706 honore.Qui
2840 4646 2905 4698 ut
2934 4645 3301 4698 revocaretur
3316 4642 3525 4699 eadem
3551 4645 3846 4710 iemina,et

2188 4732 2402 4797 verbis,
2435 4736 2491 4787 et
2520 4732 2924 4802 frequentibus
2953 4730 3159 4787 litteris
3189 4732 3261 4787 ad
3314 4748 3525 4789 omnes
3565 4750 3840 4806 personas

2189 4820 2246 4875 in
2279 4837 2481 4877 omnes
2515 4825 2707 4893 partes
2730 4820 3037 4887 missis,ad
3070 4838 3217 4893 quas
3238 4821 3562 4877 necessitas
3593 4822 3845 4896 postula-

2185 4910 2302 4975 bat,
2335 4927 2450 4965 non
2481 4910 2815 4965 destitimus
2843 4925 3032 4983 agere.
3057 4909 3170 4965 Sed
3200 4914 3255 4965 et
3297 4908 3383 4965 sic
3408 4910 3659 4968 minime
3682 4910 3837 4969 nobis

2185 4998 2645 5070 proficientibus,
2664 5002 2963 5070 cceperunt
2992 4998 3129 5053 hinc
3156 4997 3292 5054 inde
3321 5015 3355 5054 a
3386 5000 3697 5072 pontificio
3721 5016 3842 5057 nos-

2185 5090 2273 5142 tro
2304 5087 2662 5159 episcOpales
2692 5087 2895 5142 litteris
2927 5086 3230 5154 destinari,
3265 5094 3656 5161 suggerentes
3686 5089 3832 5145 vide-

2183 5175 2340 5244 licet,
2377 5181 2442 5231 ut
2470 5181 2591 5232 tam
2624 5176 2892 5232 morbida
2921 5176 3063 5243 ovis,
3091 5194 3163 5232 ne
3200 5181 3388 5232 totum
3424 5195 3667 5252 gregem
3715 5195 3836 5235 con-

2186 5264 2921 5335 taminaret,ecclesiastico
2945 5256 3170 5337 judicio
3202 5265 3272 5322 de
3300 5266 3431 5339 ipso
3453 5284 3633 5340 grege
3654 5267 3835 5323 Domi-

2186 5355 2315 5410 nico
2347 5353 2674 5427 pelleretur,
2710 5354 2962 5410 maxime
2993 5372 3118 5427 quae
3149 5359 3236 5410 tot
3266 5354 3613 5413 salubribus
3661 5354 3837 5411 moni-

2183 5444 2411 5500 tionum
2444 5443 2888 5500 medicamentis
2919 5444 3115 5500 sanari
3148 5444 3394 5500 minime
3415 5438 3827 5502 consensisset.

2185 5534 2543 5607 Decretoque
2594 5537 2652 5589 et
2708 5533 3055 5589 auctoritate
3106 5534 3434 5606 praemissa,
3467 5552 3699 5607 Jussum
3743 5536 3835 5589 est

2183 5623 2495 5681 Mediolani
2517 5623 2924 5699 episcoporum
2939 5622 3250 5681 concilium
3266 5623 3388 5683 ﬁeri
3409 5625 3511 5697 ;ad
3534 5624 3679 5700 quod
3701 5623 3835 5695 ipsa
