4098 6186
312 381 479 440 1165

1534 384 1956 457 EPISTOL/E‘
1980 387 2080 449 ET
2123 389 2508 453 DECRETA.

3564 409 3722 468 1166

304 518 514 569 vocata
544 514 595 569 si
649 518 805 610 certo
856 514 1123 610 tempore
1167 535 1282 574 non
1320 522 1685 610 occurreret,
1716 520 1789 610 ab
1841 519 1967 592 ipso
1995 522 2050 589 Α
2082 520 2170 577 bis
2192 521 2531 593 hujusmodi
2554 527 2751 597 potius
2768 531 3170 588 auctoritatem
3194 538 3251 588 et
3263 535 3553 605 judicium
3572 545 3724 610 pete-

303 606 538 657 sacrato
592 600 836 675 collegio
879 603 1127 660 vinculis
1182 605 1574 661 anathematis
1632 606 1962 663 vinciretur.

301 691 587 763 Quodque
609 690 713 745 illa
733 696 956 749 statuto
979 697 1240 765 tempore
1264 712 1378 750 non
1405 699 1741 749 occurrente
1772 700 1963 766 patra-

295 784 424 835 tum
450 785 561 846 est,
586 781 1059 853 sententiamque
1089 782 1149 837 in
1183 783 1371 855 ipsam
1397 800 1431 837 a
1461 784 1681 855 synodo
1712 785 1962 839 auctori-

296 873 419 924 tate
447 874 651 924 nostra
669 876 985 925 convocata
1016 887 1123 925 nos
1155 888 1406 943 quoque,
1434 878 1498 927 ut
1528 871 1679 927 sacri
1710 889 1962 928 canones

293 957 969 1030 praecipiunt,consensu
1003 964 1202 1015 nostro
1238 960 1622 1015 firmavimus.
1657 961 1811 1016 Inter
1840 960 1960 1017 haec

289 1062 451 1113 vero,
476 1050 898 1119 cognoscentes
928 1048 1196 1103 eamdem
1229 1048 1508 1104 feminam
1553 1049 1611 1104 in
1654 1066 1832 1122 regno
1858 1051 1957 1105 de-

290 1150 430 1206 gere
454 1134 713 1191 Lotharii
736 1135 914 1207 regis,
939 1152 1054 1191 non
1076 1137 1222 1194 satis
1244 1136 1563 1193 habuimus
1585 1154 1711 1210 que
1735 1138 1805 1193 de
1826 1138 1955 1210 ipsa

292 1228 462 1296 gesta
499 1223 718 1280 femina
764 1224 1043 1280 fuerant:
1078 1227 1179 1281 sed
1227 1226 1300 1281 ad
1357 1226 1510 1282 hanc
1571 1227 1953 1283 revocandam

292 1314 593 1386 prioribus
609 1313 829 1369 nostris
848 1312 1149 1371 laboribus
1167 1316 1357 1371 adhuc
1376 1315 1674 1387 quaerendi
1690 1315 1953 1371 studium

290 1403 681 1475 apposuimus
707 1419 720 1458 :
745 1402 1190 1458 reminiscentes
1212 1404 1479 1459 videlicet
1500 1404 1857 1476 Domini,qui
1882 1405 1953 1459 de

290 1491 456 1546 coalis
486 1490 615 1547 ideo
646 1491 718 1546 ad
767 1496 984 1547 terram
1032 1492 1351 1559 descendit,
1378 1498 1441 1547 ut
1479 1498 1763 1565 quaereret
1796 1494 1950 1565 quod

286 1579 563 1652 perierat,
586 1580 761 1651 juxta
797 1581 952 1652 quod
999 1597 1033 1635 a
1071 1581 1382 1655 Psalmista
1421 1582 1737 1654 rogabatur
1774 1582 1950 1637 conti-

285 1674 448 1724 tente
478 1672 651 1740 atque
683 1667 913 1725 dicente
939 1686 951 1723 :
986 1671 1185 1725 Erravi
1218 1672 1361 1725 sicut
1386 1672 1501 1726 ovis
1532 1686 1657 1743 quae
1680 1672 1941 1742 perierat,

283 1759 509 1829 require
535 1774 754 1813 servum
782 1766 937 1813 tuum
960 1758 1130 1830 (Psul.
1153 1760 1369 1829 cxvm).
1386 1759 1680 1831 Missaque
1701 1758 1947 1831 epistola

2077 614 2338 681 re,atque
2351 612 2658 668 consilium
2680 616 3146 686 praestolariQuo
3164 639 3270 677 nos
3282 624 3721 692 audito,missos

2076 697 2312 769 quidem
2331 700 2625 758 destinare
2644 707 2761 759 tam
2781 707 3002 762 concite
3019 724 3125 763 nos
3147 727 3249 781 pro
3268 711 3608 782 hujusmodi
3630 732 3724 770 ne-

2072 786 2228 857 gotio
2257 804 2369 843 non
2404 807 2575 861 posse
2606 795 3054 864 respondimus:
3082 797 3367 855 missuros
3398 805 3593 856 tamen
3625 820 3724 859 eos

2072 878 2275 944 postea
2294 876 2618 933 certissime
2640 882 3108 952 repromisimus,
3123 886 3501 943 admonentes
3522 890 3719 958 etiam,

2070 962 2411 1021 nuilatenus
2443 965 2678 1023 interim
2711 986 2745 1023 a
2775 972 3029 1041 quodam
3061 974 3132 1028 de
3173 973 3512 1044 hujusmodi
3545 994 3723 1033 causa

2069 1050 2393 1122 quidquam
2429 1056 2663 1125 penitus
2693 1056 3157 1116 deliberandum.
3193 1062 3303 1118 Sed
3347 1062 3450 1132 ille.
3484 1064 3717 1135 horum,

2065 1138 2459 1213 Theutgualdi
2482 1147 2539 1198 et
2562 1145 2890 1215 Guntharii,
2906 1153 3045 1204 tunc
3065 1150 3487 1223 episcoporum,
3504 1158 3569 1208 ut
3593 1171 3721 1225 pos-

2066 1231 2160 1282 tea
2188 1226 2418 1297 claruit,
2455 1233 2798 1290 auctoritate
2850 1236 3054 1303 fretus,
3074 1237 3296 1310 legatos
3336 1245 3569 1296 nostros
3600 1259 3716 1297 non

2067 1316 2426 1387 praestolans,
2446 1319 2677 1390 publico
2694 1323 2958 1396 festoque
2979 1325 3315 1398 nuptiarum
3335 1329 3448 1383 ritu
3466 1328 3716 1386 celebra-

2064 1412 2139 1469 to,
2156 1405 2529 1462 Waldradam
2553 1409 2661 1464 sibi
2672 1412 2807 1481 jure
2831 1415 3190 1469 matrimonii
3209 1416 3715 1473 sociavit.Verum-

2061 1496 2257 1548 tamen
2280 1495 2437 1550 sedis
2460 1498 2809 1570 apostolicis,
2835 1502 2934 1572 qui
2958 1504 3083 1573 jam
3116 1504 3357 1575 profecti
3389 1506 3620 1561 fuerant
3650 1507 3709 1561 in

2061 1580 2300 1651 Gallias,
2325 1588 2498 1656 atque
2529 1586 2599 1641 ad
2637 1587 2976 1645 Lotharium
3008 1592 3429 1663 pervenientes,
3452 1595 3607 1666 quod
3639 1595 3710 1650 ad

2060 1668 2227 1725 illum
2262 1671 2477 1727 fuerint
2508 1674 2674 1731 missi
2719 1679 3045 1734 secundum
3093 1680 3569 1751 pollicitationem
3604 1699 3709 1738 no-

2060 1764 2246 1814 stram
2279 1760 2569 1829 dixerunt,
2594 1767 2651 1819 et
2678 1766 2831 1836 quod
2867 1766 3035 1823 binos
3066 1785 3134 1824 ex
3162 1785 3337 1841 regno
3366 1770 3713 1843 gloriosissi-

286 1851 513 1915 nostra,
567 1847 816 1901 fratrum
876 1850 933 1901 et
978 1848 1457 1920 coepiscoporum
1507 1852 1845 1903 nostrorum
1889 1847 1945 1902 in
1982 1885 2027 1950 B
2063 1863 2289 1903 morum
2324 1865 2551 1922 regum,
2582 1852 2856 1908 Ludovici
2896 1854 3343 1923 scilicet,Caroli
3376 1860 3615 1930 majoris
3656 1866 3713 1916 et

285 1951 469 2008 regno
530 1935 755 2007 prwfati
814 1934 971 2008 regis
1027 1937 1501 2003 constitutorum,
1551 1941 1608 1992 et
1664 1937 1950 2009 przecipue

283 2023 690 2097 Theutgualdi
711 2027 887 2095 atque
899 2024 1233 2092 Guntharii,
1251 2024 1309 2080 in
1333 2041 1584 2097 quorum
1602 2026 1949 2081 dioecesibus

287 2113 496 2168 eadem
526 2112 754 2185 perdita
787 2111 967 2169 libere
1006 2112 1221 2168 mulier
1264 2114 1949 2187 morabaturjtorporem

286 2198 480 2257 valide
510 2201 943 2275 redarguimus,
961 2205 1019 2257 et
1047 2203 1429 2273 quamobrem
1464 2204 1616 2258 inter
1643 2220 1741 2259 eos
1771 2202 1948 2259 licen-

292 2295 384 2346 ter
430 2289 594 2346 illam
625 2291 933 2364 degentem
992 2291 1238 2347 minime
1284 2293 1355 2346 ad
1399 2291 1589 2347 virum
1650 2293 1949 2364 proprium

292 2379 485 2435 redire
534 2379 850 2452 coegerint,
885 2397 1000 2435 non
1054 2380 1426 2449 mediocriter
1471 2379 1947 2452 increpavimus:

299 2467 629 2524 indicantes
658 2468 833 2524 etiam
865 2468 1017 2525 hanc
1046 2486 1081 2524 a
1104 2469 1273 2525 nobis
1304 2468 1692 2525 anathematis
1721 2468 1951 2524 vinculo

297 2556 668 2625 innodatam,
691 2560 750 2613 et
780 2558 851 2613 ab
881 2556 1041 2613 omni
1065 2557 1398 2614 Christiana
1422 2558 1834 2613 communione
1861 2574 1951 2613 re-

297 2645 670 2700 motam.Sed
714 2644 1156 2717 Theutgualdus
1200 2650 1377 2718 atque
1397 2646 1776 2713 Guntharius,
1812 2650 1952 2702 tunc

297 2733 645 2806 episcopi,et
658 2733 1015 2806 pracipuum
1034 2733 1225 2790 locum
1244 2739 1302 2790 et
1320 2734 1771 2790 familiaritatem
1796 2735 1952 2806 apud

297 2822 625 2895 principem
647 2823 1000 2890 obtinentes,
1019 2840 1135 2879 non
1158 2822 1351 2880 solum
1368 2839 1518 2890 eam,
1535 2839 1667 2877 cum
1691 2826 1952 2894 possent,

296 2927 675 2984 nequaquam
698 2913 771 2968 ad
792 2913 1104 2985 conjugem
1126 2912 1428 2985 proprium
1454 2911 1659 2966 reverti
1679 2910 1952 2967 suasione

293 3001 580 3067 fecerunt,
606 3006 709 3056 aut
766 3002 1116 3057 auctoritate
1173 3000 1472 3067 canonica,
1514 3001 1684 3072 juxta
1732 3000 1886 3072 quod
1920 3018 1954 3056 a

293 3090 436 3146 sede
465 3089 787 3163 apostolica
834 3090 1036 3145 crebro
1081 3090 1313 3146 fuerant
1360 3088 1673 3156 adhortati,
1710 3088 1951 3144 minime

292 3178 735 3251 compulerunt;
768 3179 1091 3251 praesertim
1121 3196 1254 3235 cum
1287 3178 1345 3233 in
1367 3178 1718 3234 dioecesibus
1747 3195 1950 3234 eorum

292 3268 648 3325 commorari
678 3284 831 3341 saepe
860 3272 1318 3324 commemorata
1348 3271 1406 3323 et
1434 3268 1713 3323 damnata
1735 3266 1951 3323 femina

294 3356 588 3413 diceretur
619 3372 632 3412 :
667 3373 870 3412 verum
915 3355 1114 3422 etiam,
1137 3360 1203 3412 ut
1231 3355 1386 3411 licite
1434 3359 1632 3427 posset
1680 3355 1946 3411 omnium

293 3444 413 3500 frui
444 3444 877 3512 communione,
892 3448 1066 3516 atque
1091 3445 1150 3500 in
1173 3445 1374 3517 refuga
1394 3443 1948 3510 obstinatione,sine

292 3535 650 3606 cujusquam
680 3534 1134 3590 contradictione
1162 3533 1251 3590 vel
1281 3533 1702 3607 impedimento
1746 3533 1946 3588 subsi-

294 3622 740 3689 stendi,valeret
759 3626 1063 3697 potentum
1087 3639 1573 3694 quorumcunque
1595 3621 1764 3694 potiri
1791 3620 1944 3677 sola-

291 3710 415 3777 tiis,
438 3711 589 3767 hanc
638 3710 958 3776 absolvere,
989 3714 1276 3783 quantum
1321 3710 1381 3765 in
1429 3710 1576 3783 ipsis
1608 3710 1737 3778 fuit,
1771 3713 1945 3782 atque

290 3799 549 3872 recipere
566 3805 786 3856 temere
806 3816 1250 3872 pressumpsere.
1278 3799 1339 3854 In
1367 3816 1483 3871 quo
1513 3798 1743 3855 etiamsi
1786 3798 1944 3855 sedis

290 3889 626 3961 apostolica:
646 3888 943 3961 judicium
982 3906 1018 3946 a
1054 3888 1260 3962 quovis
1300 3888 1736 3951 retractandum
1767 3891 1942 3957 esset,

288 3978 524 4034 etiamsi
547 3978 620 4034 ab
642 3977 1017 4035 inferioribus
1044 3977 1335 4051 potiorum
1357 3977 1648 4033 sententia
1669 3976 1946 4033 solvenda

290 4084 537 4140 prorsus
584 4066 875 4134 existeret,
914 4070 1206 4139 quantum
1265 4064 1710 4139 Theutgualdus
1768 4070 1943 4137 atque

290 4155 655 4212 Guntharius
676 4156 832 4211 circa
852 4172 1049 4212 sacros
1071 4159 1416 4223 canones,et
1444 4155 1733 4227 praecipue
1761 4153 1943 4210 Nicae-

290 4261 425 4314 nos,
438 4245 537 4317 qui
561 4243 890 4301 luculenter
906 4243 1166 4300 innuunt
1186 4261 1299 4300 non
1318 4244 1526 4300 debere
1543 4244 1643 4315 qui
1666 4242 1946 4315 abjiciun-

286 4338 390 4389 tur
414 4333 487 4389 ab
518 4334 651 4390 aliis
683 4333 884 4405 recipi,
917 4338 1294 4389 contumaces
1332 4332 1677 4399 exstiterint,
1699 4332 1812 4405 ipsi
1844 4349 1945 4388 vos

287 4422 538 4480 solerter
567 4422 997 4479 advertite.Sed
1032 4439 1105 4478 ne
1133 4421 1248 4478 tale
1279 4421 1418 4495 quid
1448 4439 1547 4479 eos
1577 4422 1947 4478 commisisse

287 4510 595 4578 dubitetis,
618 4511 824 4568 scitote
867 4527 1064 4567 coram
1096 4510 1254 4567 omni
1287 4510 1545 4567 Ecclesia
1583 4514 1784 4567 nostra
1813 4510 1945 4567 illos

286 4600 402 4656 hoc
433 4617 496 4657 se
526 4599 822 4674 peregisse
847 4600 1167 4656 confessos.

364 4690 590 4745 Interea
602 4688 887 4763 flagitium
906 4688 963 4742 in
980 4688 1360 4760 Theutbergaz
1378 4689 1496 4761 regi
1506 4706 1589 4743 nte
1603 4688 1944 4760 dejectione,

286 4782 345 4834 et
378 4777 738 4834 admissione
760 4775 1107 4840 Waldradee,
1134 4793 1167 4832 a
1198 4792 1332 4849 rege
1355 4776 1625 4832 Lothario
1656 4780 1946 4849 perpetra-

285 4874 440 4934 tum,
456 4866 668 4922 horum
691 4865 864 4938 coepit
885 4864 1242 4920 adulationis
1263 4868 1319 4918 et
1350 4863 1563 4935 iniqua:
1590 4864 1945 4921 defensionis

286 4955 566 5012 fomentis
614 4971 895 5021 crescere,
929 4958 1105 5025 atque
1151 4951 1327 5008 latius
1359 4952 1669 5008 ditfamari.
1704 4956 1827 5019 Qua
1874 4953 1946 5008 de

290 5061 357 5100 re
388 5060 495 5100 nos
526 5048 930 5117 agnoscentes,
956 5046 1176 5114 quanta
1214 5040 1513 5114 potuimus
1542 5040 1841 5108 instantia,
1874 5058 1947 5097 ne

287 5136 525 5189 tantum
538 5131 730 5189 scelus
751 5130 1215 5188 committeretur
1229 5129 1677 5197 inhibuimus,et
1691 5146 1795 5201 per
1806 5130 1945 5186 tide-

286 5222 378 5278 les
409 5238 696 5294 quosque,
726 5237 950 5278 necnon
981 5224 1037 5276 et
1066 5220 1283 5294 scripta
1312 5223 1513 5276 nostra
1541 5219 1786 5275 suadere
1816 5236 1948 5274 con-

282 5311 611 5367 tendimus.
636 5310 813 5366 Mittit
834 5327 934 5366 rex
953 5308 1264 5366 Lotharius
1286 5309 1433 5364 duos
1455 5308 1526 5364 ad
1550 5324 1655 5364 nos
1676 5307 1942 5376 comites,

284 5415 393 5472 per
412 5416 561 5471 quos
587 5400 645 5454 in
668 5397 902 5472 scriptis
924 5402 983 5455 et
1001 5398 1193 5454 verbis
1224 5397 1417 5453 innuit
1445 5396 1748 5469 episcopos
1782 5397 1942 5469 regni

284 5488 561 5555 sui,cum
610 5486 739 5543 aliis
780 5487 1155 5560 quibusdam,
1185 5485 1299 5541 sibi
1347 5486 1485 5541 dare
1534 5484 1938 5541 auctoritatem

281 5576 721 5650 Theutbergam
763 5575 1099 5649 repellendi,
1123 5581 1181 5630 et
1204 5574 1577 5631 Waldradam
1630 5574 1687 5629 in
1737 5573 1938 5629 matri-

282 5664 554 5770 xppnium
574 5664 854 5729 sortiendi
876 5682 888 5724 :
909 5664 1008 5725 sed
1033 5667 1185 5736 se,’ut
1201 5663 1342 5724 ordo
1359 5662 1770 5741 custodiretur,
1785 5679 1819 5720 a
1841 5679 1939 5725 no-

334 5747 369 5794 ς

2060 1935 2247 1992 Caroli
2269 1937 2547 2008 junioris,
2572 1942 2879 1997 convenire
2923 1960 3123 1998 secum
3154 1944 3372 2016 pariter
3407 1962 3541 2001 cum
3590 1947 3713 2020 epi-

2061 2025 2252 2097 scopis
2270 2027 2431 2100 regni
2451 2028 2541 2082 sui
2561 2028 2791 2097 faceret,
2802 2030 2971 2100 juxta
2988 2033 3430 2105 praeceptionem
3449 2041 3712 2092 nostram

2057 2113 2169 2185 ipsi
2204 2115 2322 2188 regi
2355 2132 2668 2189 suggerere
2694 2119 3048 2175 studuerunt
3080 2137 3093 2174 :
3128 2125 3185 2176 et
3208 2123 3365 2192 quod
3390 2123 3712 2181 Theutber-

2060 2219 2194 2275 gam
2227 2205 2424 2259 sedem
2455 2208 2833 2278 apostolicam
2857 2208 3420 2280 appellantem,data
3450 2212 3659 2268 idonea
3679 2231 3714 2269 a

2060 2306 2194 2363 rege
2239 2292 2511 2349 Lothario
2550 2296 2880 2363 securitate,
2905 2296 3093 2353 eidem
3149 2300 3456 2354 conventui
3504 2301 3711 2357 adesse

2060 2380 2734 2452 prwceperimus,verbis
2782 2391 3180 2443 asseruerunt.
3204 2387 3330 2442 Non
3374 2386 3530 2443 enim
3588 2389 3708 2461 epi-

2063 2466 2427 2541 stolas,quas
2455 2472 2525 2526 ad
2546 2488 2646 2527 vos
2669 2477 3116 2545 vestrorumque
3142 2491 3456 2548 regnorum
3487 2477 3711 2549 episco-

2062 2572 2168 2627 pos
2216 2556 2590 2627 miseramus,
2634 2577 2833 2616 secum
2881 2561 3095 2617 habere
3138 2567 3449 2634 poterant:
3493 2564 3712 2637 quippe

2063 2662 2209 2717 qnas
2242 2647 2352 2703 sibi
2386 2648 2457 2704 ab
2512 2650 2718 2705 amicis
2749 2650 3005 2706 Lotharii
3039 2651 3192 2724 regis
3233 2652 3361 2722 jam
3411 2654 3715 2710 constabat

2062 2734 2309 2791 ablatas.
2336 2739 2409 2791 At
2464 2755 2598 2795 vero
2656 2755 2753 2794 rex
2813 2738 3145 2807 Lotharius,
3193 2738 3403 2796 horum
3460 2742 3712 2797 duorum

2062 2823 2401 2895 magisterio
2431 2842 2596 2891 usus,
2622 2842 2728 2881 nec
2765 2826 3143 2898 Theutbergze
3181 2827 3396 2899 regina;
3425 2828 3717 2895 indubita-

2061 2915 2183 2966 tam
2214 2912 2285 2968 de
2316 2914 2601 2969 servanda
2622 2913 2877 2985 justitia,
2899 2912 2989 2969 vel
3020 2915 3091 2969 de
3124 2931 3237 2970 non
3270 2915 3573 2972 inferenda
3600 2917 3716 2975 vio-

2062 2999 2260 3067 lentia,
2296 3001 2705 3058 certitudinem
2740 3002 2993 3058 tribuere
3021 3001 3224 3075 voluit,
3256 3020 3360 3059 nec
3390 3004 3537 3060 alios
3567 3022 3713 3077 prte-

2060 3091 2149 3143 ter
2179 3088 2340 3161 regni
2366 3089 2455 3145 sui
2490 3090 2803 3157 antistites,
2829 3091 3095 3147 videlicet
3115 3107 3263 3163 quos
3284 3090 3371 3148 vel
3394 3092 3710 3162 beneficiis,

2059 3176 2149 3232 vel
2182 3178 2379 3247 minis,
2396 3180 2523 3250 jam
2556 3180 2625 3235 ad
2660 3184 2861 3235 votum
2892 3196 3067 3236 suum
3095 3181 3423 3250 deﬂexerat,
3447 3182 3518 3237 ad
3542 3182 3711 3237 illum

1981 3247 2023 3314 (ἶ
2062 3268 2550 3340 conventum,qui
2574 3285 2753 3341 penes
2776 3270 2978 3325 urbem
3013 3270 3359 3326 Metensium
3391 3286 3713 3343 congrega-

2055 3355 2246 3423 batur,
2274 3356 2506 3427 penitus
2532 3358 2905 3435 exspectavit.
2931 3358 3041 3414 Sed
3064 3358 3374 3431 corruptis,
3402 3358 3519 3414 imo
3552 3362 3608 3414 et
3637 3359 3710 3415 ad

2056 3444 2310 3499 favorem
2342 3461 2517 3500 suum
2549 3446 2835 3502 traductis
2856 3446 3066 3518 legatis
3096 3447 3507 3520 nostris,quod
3536 3446 3712 3503 libuit

2055 3531 2216 3588 nullo
2238 3533 2545 3590 resistente
2569 3535 2845 3607 patravit:
2872 3535 3143 3608 factoque
3167 3536 3709 3606 conventu,antisti-

2052 3624 2141 3676 tes
2171 3621 2269 3693 qui
2301 3627 2712 3690 convenerant,
2739 3624 2891 3679 inter
2919 3642 3065 3696 quos
3096 3624 3455 3698 praecipuum
3486 3624 3706 3680 Theut-

2052 3709 2324 3782 gualdus,
2348 3715 2523 3784 atque
2552 3712 2915 3770 Guntharius
2945 3713 3247 3787 fastigium
3279 3714 3627 3782 retinebant,
3651 3717 3709 3768 et

2052 3799 2420 3855 eminentiori
2471 3805 2756 3873 potestate
2793 3802 3088 3875 vigebant,
3126 3801 3564 3875 praevenientes,
3588 3802 3709 3858 imo

2052 3887 2162 3943 sibi
2180 3894 2739 3963 usurpantes,atque
2752 3891 3135 3963 vindicantesj
3144 3892 3401 3947 udicium
3418 3896 3708 3959 nostrum,

2048 3976 2318 4033 videlicet
2338 3980 2493 4050 quod
2516 3983 2573 4034 et
2598 3980 2810 4052 reginae
2835 3980 3216 4053 Theutbergaa
3239 3980 3495 4053 primum
3520 3979 3717 4053 appel.

2052 4065 2287 4134 latione,
2314 4083 2379 4122 ac
2410 4066 2621 4122 deinde
2655 4067 2917 4123 Lotharii
2947 4069 3102 4139 regis
3132 4068 3408 4140 petitione
3438 4070 3709 4140 permoti,

2044 4154 2173 4225 jam
2222 4170 2329 4210 nos
2378 4154 2602 4210 laturos
2662 4155 3210 4227 repromiseramus,
3254 4156 3712 4228 inchoatumque

2054 4247 2176 4297 tam
2208 4258 2310 4314 per
2339 4242 2575 4311 missos,
2600 4259 2902 4315 quamque
2923 4260 3028 4315 per
3055 4243 3334 4316 epistolas
3354 4248 3586 4301 nostras
3614 4244 3713 4300 ha-

2054 4331 2189 4387 bere
2214 4329 2342 4387 luce
2362 4330 2579 4387 clarius
2604 4332 2969 4400 videbamur,
2984 4332 3412 4405 Theutbergam
3445 4334 3706 4405 reginam

2055 4418 2363 4475 obnoxiam
2386 4420 2781 4488 crediderunt,
2798 4424 2976 4492 atque
2997 4420 3502 4477 condemnandam
3525 4422 3585 4476 in
3612 4423 3709 4477 ab-

2057 4507 2244 4564 sentia
2276 4512 2646 4581 putaverunt.
2681 4510 3023 4583 Scriptoque
3054 4510 3125 4566 de
3155 4508 3269 4578 his,
3293 4526 3420 4582 quae
3451 4509 3570 4565 illic
3599 4527 3703 4583 pro

1978 4602 2027 4666 D
2056 4601 2187 4653 voto
2218 4597 2372 4671 regis
2404 4598 2608 4670 iniqua
2644 4602 2784 4654 sunt
2832 4598 2997 4654 fauce
3043 4598 3409 4671 deprompta,
3446 4600 3702 4671 quodam

2059 4686 2299 4758 profano
2331 4686 2548 4755 libello,
2575 4703 2642 4742 ea
2662 4686 2745 4743 sic
2777 4691 3101 4756 censentes,
3125 4686 3348 4743 illibata
3367 4688 3699 4758 persistere,

2054 4774 2305 4847 propriis
2318 4775 2849 4848 subscriptionibus
2862 4775 3703 4849 roboraverunt,Theutgualdo

2055 4863 2330 4935 primitus
2354 4869 2412 4919 et
2443 4864 2766 4921 Gunthario
2792 4864 3028 4936 inipsis
3058 4863 3608 4937 subscriptionibus,
3633 4867 3707 4921 si-

2055 4956 2154 5006 cut
2180 4956 2239 5007 et
2277 4952 2337 5007 in
2377 4952 2598 5009 czeteris
2637 4954 2838 5026 gestis,
2864 4952 3351 5024 prmcellentibus,
3374 4957 3432 5009 et
3466 4954 3611 5012 alios
3640 4973 3703 5012 se

2055 5041 2221 5112 sequi
2252 5041 2521 5113 pestifera
2572 5041 3078 5114 compellentibus.
3111 5042 3217 5106 Qui
3266 5060 3401 5099 mox
3455 5044 3701 5100 Romam

2053 5134 2353 5199 venturos,
2386 5147 2450 5186 ac
2483 5131 2651 5187 nobis
2691 5131 2760 5187 de
2789 5130 2882 5186 his
2911 5146 3037 5202 quae
3078 5136 3379 5204 gesserant
3417 5134 3700 5190 rationem

2055 5220 2351 5291 posituros
2382 5237 2443 5276 se
2474 5237 2578 5292 per
2608 5220 2805 5275 omnia
2835 5220 3292 5293 spoponderunt.
3321 5223 3701 5293 Tandemque

2058 5308 2455 5379 pervenientes
2486 5312 2684 5365 nostro
2733 5314 2873 5365 sunt
2908 5310 3246 5383 conspectui
3295 5326 3490 5365 coram
3538 5308 3699 5365 omni

2052 5395 2307 5453 Ecclesia
2336 5399 2760 5470 praesentati,et
2787 5399 2928 5455 dum
2960 5400 3032 5455 ab
3065 5400 3149 5455 eis
3180 5397 3428 5470 qualiter
3448 5397 3548 5453 illa
3570 5399 3697 5454 fue-

2050 5485 2168 5540 rint
2197 5490 2361 5557 gesta
2390 5486 2982 5561 requireremus,jam
3014 5491 3401 5544 memoratum
3432 5485 3695 5545 libellum

2049 5575 2377 5642 offerentes,
2410 5575 2833 5649 perhibuerunt
2871 5594 2974 5633 nec
3015 5576 3168 5649 plus,
3204 5592 3308 5631 nec
3338 5574 3556 5646 minus,
3589 5593 3695 5635 nec

2049 5662 2218 5726 aliter
2245 5664 2570 5745 quidquam
2591 5682 2653 5727 se
2675 5666 2950 5745 gessisse,
2972 5664 3086 5723 nisi
3116 5668 3183 5726 ut
3207 5663 3437 5725 oblatus
3461 5665 3697 5754 videba;
