4058 6174
219 321 383 388 H78

1442 319 1843 386 EPISTOLJE
1881 316 1985 384 ET
2024 316 2412 386 DECRETA.

3469 320 3633 397 11Ἰᾶ

218 461 476 525 constat,
504 460 569 513 ut
596 455 799 513 eadem
825 454 1146 513 Waldrada
1175 455 1233 513 in
1266 454 1491 513 Italiam
1524 457 1872 528 mitteretur,
1901 453 1959 522 Α
1988 455 2311 512 Gunthario
2340 474 2407 513 ea
2437 474 2554 530 qua
2582 475 2683 515 vos
2727 455 2897 517 nobis
2945 454 3251 521 affectione
3296 459 3622 538 scripsisse,

218 553 518 623 quatenus
541 550 739 602 utrum
757 547 1001 602 Romam
1026 563 1207 602 necne
1231 546 1527 619 pervenire
1558 547 1874 613 debuisset,

208 636 438 696 'nostrze
460 653 719 693 censura;
742 636 972 692 decreto
1002 635 1436 708 praestolaretur
1467 637 1588 708 [ol.,
1615 635 1874 708 postula-

214 727 651 798 retur,Haan.].
668 726 747 782 De
768 726 861 781 his
882 725 1096 798 quippe
1118 725 1407 798 personis,
1432 742 1684 799 quarum
1708 725 1877 781 sedes

217 817 544 892 apostolica
575 814 905 888 specialiter
933 813 1171 870 inchoat
1201 814 1421 887 agitare
1448 814 1772 887 negotium,
1798 813 1874 869 si-

215 908 339 964 cuti
363 923 470 962 nos
493 904 751 960 Lotharii
775 909 833 959 et
861 902 1242 975 Theutbergae
1274 920 1505 976 regum,
1522 907 1699 975 atque
1721 902 1874 956 Wal.

215 996 416 1052 dradae
435 993 661 1067 pellicis
683 992 917 1064 exsequi
941 993 1393 1048 controversiam
1417 990 1873 1065 ccepimus,nulli

214 1086 308 1142 fas
334 1087 424 1140 est
453 1082 551 1138 alii
580 1082 668 1138 vel
700 1098 1015 1149 removere,
1046 1080 1138 1137 vel
1186 1081 1408 1153 aliquid
1455 1080 1727 1147 difﬁnire,
1761 1079 1874 1135 nisi

219 1174 370 1231 forte
431 1171 526 1228 cui
582 1170 712 1243 ipsa
765 1169 1123 1243 praeceperit.
1154 1169 1469 1226 Waldrada
1506 1186 1662 1242 ergo,
1696 1186 1872 1241 quam

215 1261 440 1319 nostris
486 1259 839 1329 hortatibus,
866 1258 1204 1331 nostrisque
1246 1258 1515 1327 decretis,
1550 1276 1584 1314 a
1617 1257 1871 1314 Lotharii

214 1354 451 1408 constat
473 1352 756 1405 remotam
780 1364 908 1404 esse
928 1346 1463 1414 lateribus,nostris
1488 1364 1720 1420 quoque
1741 1364 1872 1419 spe-

214 1439 448 1497 cialiter
472 1438 661 1505 debet,
688 1437 759 1492 ad
783 1452 1102 1509 congruam
1128 1436 1391 1491 Ecclesiae
1415 1453 1591 1508 quam
1615 1436 1763 1493 lazsit
1785 1453 1872 1492 sa-

212 1528 637 1593 tisfactionem,
659 1524 923 1581 submitti
932 1524 1361 1596 judiciis.Quod
1388 1525 1648 1597 quandiu
1665 1525 1872 1581 Lotha-

211 1619 341 1675 rius
366 1634 483 1673 non
505 1614 706 1687 egerit,
733 1613 904 1671 sicuti
933 1630 1036 1669 nec
1058 1614 1229 1670 nobis
1251 1614 1505 1687 requies,
1531 1631 1635 1670 nec
1657 1614 1870 1670 Theut-

208 1709 401 1779 berga:
429 1702 733 1771 seduritas,
768 1702 851 1758 sic
901 1720 1005 1759 nec
1054 1702 1164 1776 ipsi
1218 1703 1431 1775 poterit
1468 1707 1595 1759 tuta
1626 1720 1736 1775 pax
1768 1706 1869 1758 aut

1987 545 2080 601 cui
2107 546 2244 619 quia
2274 563 2453 620 super
2483 547 2593 604 hoc
2633 548 2793 603 brevi
2842 550 3059 624 scripto
3109 555 3541 627 respondimus,
3575 556 3624 613 si

1985 634 2216 707 plenius
2246 653 2420 692 nosse
2449 636 2661 709 placet,
2685 655 2811 710 quae
2835 640 2905 695 de
2928 639 3045 696 illis
3069 643 3143 697 sit
3167 659 3346 715 penes
3375 661 3483 701 nos
3514 646 3628 702 ﬁxa

1985 724 2661 793 sententia,industriam
2694 728 2822 798 ejus
2853 728 2924 783 ad
2955 728 3135 801 hujus
3165 731 3628 805 epistolae,quam

1985 813 2333 869 fraternitati
2364 818 2568 870 vestra:
2598 816 3044 886 destinavimus,
3077 822 3337 876 tenorem
3370 826 3632 878 scrutan-

1985 903 2127 957 dum
2150 902 2896 970 direximus.Quamobrt,m
2930 910 3064 979 agat
3094 908 3483 965 sanctimonia
3500 927 3627 967 ves-

1983 994 2167 1056 tra,ut
2182 990 2370 1064 ipsius
2392 991 2505 1064 piis
2526 995 2595 1047 ad
2621 992 2932 1067 legendum
2956 996 3258 1053 obtutibus
3278 1013 3412 1053 cum
3430 998 3629 1056 debita

1985 1083 2320 1152 reverentia,
2355 1097 2457 1136 seu
2489 1081 2661 1137 celeri
2692 1082 2994 1155 diligentia
3023 1084 3333 1142 deferatur.
3369 1086 3543 1142 Porro
3573 1088 3625 1142 si

1982 1166 2165 1239 aliqui
2200 1168 2445 1225 fortasse
2475 1174 2633 1237 sunt,
2666 1170 2765 1243 qui
2798 1172 2995 1227 dicant
3034 1171 3278 1229 liberam
3309 1191 3438 1231 esse
3461 1174 3623 1230 Wal-

1982 1256 2249 1327 dradam,
2283 1260 2339 1311 et
2368 1257 2496 1313 ideo
2545 1258 2712 1321 hunc,
2745 1260 3154 1332 proficiscendi
3185 1262 3237 1318 ei
3268 1279 3383 1318 non
3416 1263 3624 1319 debeat

1980 1342 2203 1416 imponi
2235 1345 2583 1415 necessitas;
2609 1348 2875 1404 noverint
2905 1367 3020 1405 non
3054 1366 3181 1407 esse
3213 1349 3621 1426 liberam,qua3

1980 1448 2015 1487 a
2045 1436 2281 1504 peccato
2330 1439 2623 1506 superata,
2654 1436 2840 1508 ipsius
2870 1442 2929 1493 et
2958 1438 3172 1495 ancilla
3214 1440 3450 1496 addicta
3483 1445 3575 1497 est
3605 1457 3619 1497 :

1980 1520 2403 1578 Petro'dicente
2434 1524 2695 1596 apostolo
2728 1541 2742 1582 :
2774 1526 2814 1580 A
2846 1543 2949 1599 quo
2976 1529 3123 1584 enim
3160 1531 3283 1600 quis
3310 1538 3620 1602 superatur,

1977 1610 2095 1682 ejus
2151 1618 2202 1666 et
2255 1628 2444 1667 servus
2501 1612 2748 1670 addictus
2803 1623 2878 1670 est
2927 1618 2977 1683 (Ι
3002 1621 3146 1672 Petr.
3181 1618 3264 1686 ιι),
3301 1621 3360 1674 et
3415 1635 3624 1675 rursus

1978 1698 2115 1755 alibi
2150 1715 2162 1755 :
2199 1700 2306 1768 Qui
2348 1703 2485 1773 facit
2529 1711 2832 1773 peccatum,
2862 1720 3049 1759 servus
3099 1713 3177 1760 est
3205 1709 3411 1777 peccati
3440 1708 3619 1780 (Joan.

210 1794 627 1867 aliquainesse
658 1790 868 1848 salutis
898 1790 1130 1847 fiducia.
1149 1792 1337 1846 Tanto
1360 1789 1539 1863 igitur
1560 1790 1868 1847 sollicitius
1897 1822 1947 1888 B
1975 1788 2116 1888 vni);
2150 1790 2196 1843 A
2236 1805 2356 1888 quo
2400 1788 2670 1888 videlicet
2720 1790 2835 1846 ista
2882 1793 3145 1848 nondum
3193 1792 3457 1862 liberata,
3494 1797 3625 1868 ejus

211 1885 285 1941 ad
320 1882 741 1939 correctionem
787 1879 945 1936 illius
995 1896 1231 1952 operam
1277 1880 1433 1947 date,
1464 1883 1744 1951 tantoque
1774 1879 1869 1934 in-
1897 1877 1944 1888 “’
1979 1877 2234 1949 profecto
2265 1877 2457 1933 adhuc
2486 1877 2699 1934 ancilla
2728 1880 3038 1949 credenda,
3063 1898 3130 1938 ac
3161 1899 3264 1954 per
3290 1882 3401 1939 hoc
3426 1887 3625 1940 nostro

210 1972 471 2030 stantius
510 1987 626 2026 non
657 1968 849 2025 solum
881 1967 1075 2037 illum,
1104 1973 1171 2024 ut
1197 1968 1257 2024 in
1288 1968 1381 2024 his
1412 1968 1582 2024 nobis
1612 1967 1865 2036 obediat,

212 2063 546 2129 admonete,
563 2074 766 2114 verum
797 2057 972 2114 etiam
1008 2061 1064 2114 et
1085 2056 1365 2113 dilectum
1389 2056 1575 2112 filium
1601 2061 1867 2113 nostrum

214 2150 578 2208 Ludovicum
623 2146 1182 2203 excellentissimum
1230 2162 1448 2218 regem,
1483 2163 1600 2218 quo
1630 2163 1764 2202 eum
1796 2147 1866 2201 ad

215 2238 723 2296 audiendanostra
736 2235 960 2291 monita
980 2251 1211 2307 semper
1230 2233 1865 2303 incitet,cohortamini,

218 2331 443 2401 quanto
496 2324 776 2382 attentius
825 2323 1020 2395 legitis
1055 2340 1067 2378 :
1104 2324 1245 2392 Quia
1292 2326 1390 2395 qui
1417 2325 1655 2379 converti
1680 2325 1871 2396 fecerit

213 2425 547 2491 peecatorem
567 2416 635 2469 ab
663 2429 848 2469 errore
867 2414 971 2469 via!
990 2427 1128 2479 suae,
1155 2412 1410 2468 liberabit
1434 2415 1686 2469 animum
1712 2429 1868 2468 suam

214 2525 254 2564 a
272 2514 465 2572 morte,
488 2513 540 2560 et
570 2505 776 2575 aperiet
804 2500 1219 2557 multitudinem
1243 2510 1589 2573 peccatorum
1615 2503 1753 2572 (Jac.
1786 2504 1864 2570 v).

215 2596 342 2653 Non
376 2593 565 2650 solum
597 2594 793 2648 autem
841 2590 978 2646 hinc
1026 2589 1348 2662 gloriosum
1384 2607 1578 2662 regem
1607 2594 1865 2647 vestrum

217 2685 398 2751 adito,
430 2698 630 2738 verum
662 2681 840 2736 etiam
871 2678 1203 2752 specialiter
1230 2678 1644 2750 deprecamini,
1670 2683 1734 2734 ut
1763 2680 1867 2734 ad-

214 2776 452 2829 moneat
464 2774 522 2827 et
534 2771 779 2825 suadeat
799 2768 987 2824 eidem
1011 2766 1302 2835 Lothario,
1319 2772 1607 2840 quatenus
1620 2767 1865 2823 Romam

214 2879 333 2918 non
364 2860 480 2916 nisi
512 2861 815 2932 purgatus,
840 2861 897 2912 et
927 2857 1160 2928 quando
1190 2872 1296 2911 nos
1327 2856 1731 2923 annuerimus,
1764 2872 1865 2912 ve-

214 2950 342 3007 nire
374 2949 710 3021 praesumat.
743 2946 890 3001 Nam
924 2945 1036 3000 nisi
1069 2944 1239 3001 nobis
1270 2943 1549 2999 obediens
1583 2944 1866 3016 suspicio-

215 3055 359 3096 num
379 3035 617 3093 etmalie
634 3036 799 3091 fami?
813 3034 1014 3089 sordes
1038 3034 1259 3089 diluere
1278 3033 1535 3105 primum
1558 3034 1868 3102 curaverit,

213 3127 409 3183 videat
431 3141 502 3180 ne
519 3126 662 3179 forte
684 3123 1046 3197 leprosorum
1070 3138 1229 3176 more
1261 3122 1332 3176 de
1364 3119 1571 3175 castris
1602 3121 1867 3176 Domini-

1976 1970 2065 2022 est
2076 1966 2305 2038 judicio
2328 1966 2901 2041 specialipurganda,
2917 1970 3089 2041 cujus
3102 1971 3627 2045 decretoiniquitas

1977 2056 2106 2128 ejus
2139 2056 2346 2128 agitari
2380 2056 2573 2128 cmpit,
2608 2060 2665 2111 et
2691 2055 2920 2112 Christo
2951 2058 3203 2130 propitio
3247 2059 3625 2117 abolitionem

1976 2144 2293 2217 percipere.
2327 2145 2474 2199 Nam
2507 2143 2619 2200 nisi
2649 2143 2811 2200 illam
2843 2146 3104 2201 nondum
3139 2163 3173 2202 a
3201 2147 3445 2203 crimine
3474 2148 3623 2204 libe-

1976 2249 2103 2289 ram
2126 2250 2253 2289 esse
2275 2232 2970 2306 sciremus,nequaquam
2994 2250 3121 2291 eam
3137 2252 3240 2308 pro
3256 2234 3620 2306 liberatione,

1976 2325 2100 2378 tam
2121 2338 2226 2377 sua
2247 2338 2425 2394 quam
2448 2322 2743 2378 fautorum
2765 2323 2914 2394 ejus,
2939 2323 2997 2378 in
3025 2322 3254 2379 Italiam
3275 2325 3470 2381 venire
3487 2342 3626 2397 quo-

1978 2411 2272 2483 quomodo
2304 2411 2629 2466 faceremus
2661 2428 2675 2466 :
2710 2410 2845 2467 licet
2872 2428 3001 2467 eam
3028 2429 3131 2484 per
3159 2413 3463 2471 ministros
3484 2431 3624 2471 suos

1977 2504 2200 2573 postea,
2234 2515 2305 2555 ne
2337 2498 2453 2553 huc
2483 2500 2829 2572 perveniret,
2859 2500 3106 2557 Satanas
3138 2501 3625 2574 impedierit.Jam

1975 2606 2129 2655 vero,
2155 2588 2204 2643 si
2227 2589 2400 2660 jussa
2430 2591 2632 2643 nostra
2660 2587 2747 2644 vel
2780 2589 3109 2645 sanctiones
3138 2588 3626 2662 impleverit,ideo

1976 2694 2040 2733 se
2072 2681 2238 2750 putat
2268 2675 2581 2744 ancillam;
2614 2692 2750 2750 ergo
2784 2677 3095 2733 Lotharius
3125 2694 3225 2733 rex
3268 2695 3470 2734 servus
3511 2678 3628 2734 dici

1975 2767 2166 2835 debet,
2192 2766 2291 2837 qui
2327 2768 2625 2836 utcunque
2656 2769 2857 2820 nostra
2886 2765 3093 2821 fecisse
3117 2767 3397 2822 mandata
3420 2766 3626 2839 digno-

1974 2854 2195 2911 scitur:
2229 2869 2367 2926 ergo
2396 2852 2512 2909 ista
2544 2856 2815 2909 teneatur
2843 2870 2947 2924 pro
2978 2853 3238 2921 domina,
3268 2870 3396 2926 qua:
3426 2854 3626 2911 inobe-

1975 2943 2141 2999 diens
2155 2945 2539 3015 permanet,et
2554 2942 2891 2997 dominetur
2906 2941 3306 3015 Lothario,qui
3327 2946 3626 3016 utcunque

1976 3032 2196 3088 nostris
2237 3031 2464 3087 studuit
2512 3030 2743 3087 obedire
2774 3030 3042 3099 decretis,
3075 3032 3231 3104 quod
3263 3030 3626 3089 absurdissi-

1977 3137 2141 3177 mum
2155 3124 2326 3189 est,et
2336 3120 2576 3175 omnino
2589 3120 3148 3176 nefandum.Verum
3164 3121 3212 3177 si
3228 3124 3389 3177 tanta
3402 3138 3499 3177 rex
3511 3122 3625 3178 Lo-

217 3215 303 3272 cis
320 3231 454 3270 cum
486 3186 1108 3267 maximaconfusione
1141 3208 1868 3281 pellatur.Quomodovero
1898 3186 1943 3255 α
1979 3208 2207 3266 tharius
2238 3208 2558 3264 intentione
2602 3208 2978 3264 Waldradam
3024 3208 3305 3265 voluisset
3334 3210 3623 3266 moecham

214 3302 382 3374 ipsas
412 3299 599 3372 possit
630 3314 841 3373 ponere
872 3296 1092 3363 sordes,
1117 3295 1365 3350 breviter
1386 3295 1732 3351 intimamus
1755 3312 1768 3351 ε
1791 3296 1873 3350 vi-

217 3389 447 3455 delicet,
469 3389 517 3444 si
539 3387 967 3458 Theutbergam
986 3401 1225 3439 uxorem
1249 3401 1415 3438 suam
1425 3384 1596 3455 juxta
1614 3385 1873 3457 praestita

209 3480 557 3551 juramenta
580 3475 830 3547 benigne
862 3477 1167 3540 tractet,et
1196 3473 1519 3528 secundum
1553 3473 1772 3545 regiam
1791 3474 1874 3528 di-

220 3568 504 3642 gnitatem
530 3564 798 3631 retineat,
812 3562 1310 3632 Waldradamque
1331 3561 1402 3615 ad
1426 3578 1532 3616 nos
1553 3561 1873 3618 accelerare

217 3653 552 3727 compellat,
573 3658 749 3725 atque
777 3650 836 3706 in
868 3650 1125 3723 praefatis
1154 3649 1453 3717 Ecclesiis,
1476 3650 1679 3705 ordine
1696 3667 1871 3722 quem

217 3745 271 3801 ei
306 3741 677 3810 dictavimus,
711 3739 1008 3795 antistites
1056 3738 1326 3793 ordinare
1374 3738 1695 3810 permittat.
1725 3740 1871 3795 Nam

220 3832 485 3906 quandiu
534 3829 915 3884 Waldradam
965 3827 1048 3883 sic
1097 3842 1333 3881 manere
1377 3826 1689 3894 dimiserit,
1723 3827 1876 3883 sicut

219 3919 709 3990 omnibusliquct,
726 3916 1391 3988 Theutbergamquenee
1408 3914 1565 3987 regio
1578 3915 1875 3983 cultu,nec

221 4006 517 4081 conjugali
579 4005 889 4061 dilectione
960 4002 1312 4069 tractaverit,
1376 4003 1638 4073 quandiu
1696 4004 1873 4059 etiam

216 4094 694 4169 Theutgualdum
707 4092 793 4149 vel
809 4092 1209 4149 Guntharium
1230 4090 1506 4146 ecclesias
1524 4091 1874 4148 dudum'sibi

216 4205 353 4245 cum
366 4176 688 4243 sacerdotio
712 4181 944 4239 ablatas
976 4181 1236 4237 obtinere
1265 4180 1600 4252 permiserit
1621 4198 1844 4254 occupa
1862 4216 1875 4223 -

214 4282 442 4345 tas,nec
455 4271 851 4346 aleprainusti
873 4269 1160 4335 criminis,
1175 4286 1279 4324 nec
1292 4285 1401 4324 aso
1411 4267 1613 4325 rdibus
1626 4270 1869 4341 pessimi

217 4363 498 4433 odoris,id
511 4361 791 4426 est,malae
805 4358 1120 4433 opinionis,
1133 4356 1221 4414 vel
1238 4356 1615 4429 suspicionis,
1632 4357 1877 4415 liberes-

216 4472 280 4512 se
293 4453 526 4528 poterit,
542 4468 647 4507 nec
660 4448 824 4523 puris
835 4446 1045 4505 ecclesi
1056 4464 1150 4502 em
1176 4446 1479 4519 gressibus
1495 4444 1711 4502 intrare
1724 4446 1875 4503 vale-

1978 3300 2049 3356 ad
2082 3315 2188 3353 nos
2220 3297 2470 3365 mittere,
2501 3298 2572 3353 ad
2603 3298 2731 3369 ejus
2762 3296 2985 3353 scilicet
3014 3315 3047 3353 a
3077 3298 3247 3354 nobis
3278 3315 3518 3356 causam
3541 3298 3624 3355 le-

1977 3385 2605 3461 gitimedeﬁniendam,
2621 3390 2842 3458 quanta
2860 3385 3045 3441 voluit
3063 3386 3386 3459 legitimam
3406 3387 3624 3443 Theut-

1979 3460 2543 3549 bergam'destinare
2568 3475 2898 3547 conjugem,
2932 3475 3004 3530 ad
3039 3474 3185 3530 falsa
3214 3479 3416 3531 contra
3444 3492 3507 3533 se
3535 3493 3624 3532 ex-

1979 3568 2132 3619 torta
2186 3562 2406 3619 scelera
2464 3563 2842 3633 proferenda;
2876 3563 3022 3618 forte
3063 3563 3191 3633 jam
3247 3563 3417 3619 nobis
3476 3581 3624 3637 qua-

1977 3653 2286 3724 liscunque
2308 3668 2419 3724 pax
2442 3650 2529 3705 vel
2558 3652 2783 3706 reddita
2814 3650 3045 3723 requies
3076 3651 3408 3708 haberetur.
3440 3654 3627 3724 Atque

1980 3742 2207 3798 utinam
2248 3740 2331 3796 sie
2381 3740 2613 3796 studeat
2657 3739 3038 3795 Waldradam
3070 3740 3141 3795 ad
3176 3756 3282 3797 nos
3312 3740 3627 3807 destinare,

1981 3848 2108 3903 quae
2132 3830 2308 3885 habet
2328 3829 2399 3884 de
2419 3829 2634 3884 scelere
2655 3846 2763 3884 suo
2786 3828 2940 3901 quod
2964 3828 3202 3901 pandat,
3233 3827 3403 3885 sicuti
3427 3827 3634 3903 gestie-

1981 3921 2081 3975 bat
2102 3918 2363 3991 reginam
2389 3917 2977 3990 Theutbergam,quae
2992 3934 3105 3973 non
3130 3917 3364 3989 quidem
3380 3916 3636 3975 habebat

1982 4008 2135 4079 quod
2169 4008 2239 4061 de
2271 4005 2514 4061 crimine
2545 4007 2845 4076 panderet,
2866 4006 2966 4060 sed
2998 4006 3153 4077 quod
3186 4006 3256 4061 de
3285 4005 3558 4061 violentia
3578 4009 3635 4060 et

1973 4094 2104 4167 jugi
2153 4110 2325 4165 pcena
2382 4091 2546 4146 illata
2601 4091 2715 4147 sibi
2777 4091 3180 4163 multipliciter
3223 4095 3541 4159 enarraret,
3575 4095 3634 4147 et

1982 4199 2161 4255 quam
2194 4180 2433 4252 injustis
2465 4179 2664 4247 minis,
2698 4183 2996 4235 utcontra
3033 4196 3097 4236 se
3145 4178 3360 4234 falsum
3408 4178 3630 4234 crimen

1982 4286 2178 4328 coram
2230 4269 2399 4325 nobis
2447 4268 2835 4340 depromeret,
2868 4266 3186 4323 multifaria
3223 4265 3628 4339 compellebat.

1983 4361 2267 4433 Optamus
2297 4356 2717 4413 fraternitatem
2753 4361 3008 4413 vestram
3038 4357 3097 4411 in
3130 4355 3357 4413 Christo
3387 4372 3544 4411 nunc
3574 4359 3635 4411 et

1983 4463 2216 4520 semper
2244 4447 2392 4502 bene
2421 4445 2632 4501 valere.
2666 4446 2811 4501 Data
2840 4445 3030 4517 pridie
3067 4443 3358 4501 Kalendas
3385 4443 3630 4500 Novem-

214 4543 325 4611 bit,
356 4559 464 4598 nec
495 4538 897 4597 sacerdotibus
930 4536 1154 4592 Christi
1186 4534 1368 4590 libera
1393 4551 1528 4591 eum
1553 4534 1641 4591 vel
1672 4552 1878 4593 secura
1904 4553 1953 4619 D
1983 4538 2125 4605 bris,
2159 4535 2479 4592 indictione
2513 4551 2551 4589 ι.

216 4630 522 4705 tangendi,
543 4628 633 4685 vel
656 4628 817 4683 intra
837 4629 1029 4683 castra
1058 4623 1374 4696 recipiendi
1397 4624 1652 4695 profecto
1683 4625 1877 4697 quibit

214 4737 347 4777 esse
375 4717 651 4775 facultas.
687 4716 833 4790 Ergo
862 4715 1123 4771 laborate
1153 4714 1211 4768 in
1237 4712 1349 4768 hoc
1373 4710 1705 4782 nobiscum,
1733 4714 1875 4770 cha-

216 4808 462 4875 rissimi,
486 4807 777 4862 decertata
808 4804 1046 4877 pariter,
1082 4802 1289 4857 fratres
1322 4816 1336 4855 :
1369 4799 1508 4872 quia
1538 4800 1691 4855 sicut
1713 4800 1877 4858 labor

218 4902 311 4955 est
367 4893 678 4966 multiplex
726 4893 785 4947 in
835 4891 1029 4959 terris,
1061 4890 1145 4945 ita
1201 4905 1308 4945 nos
1360 4904 1584 4944 merces
1641 4890 1880 4963 copiosa

220 4984 485 5044 manebit
513 4984 571 5039 in
604 4982 787 5039 cmlis.
819 4982 937 5037 Nec
987 4980 1232 5037 dubium
1285 4980 1373 5032 est
1418 4976 1577 5032 hunc
1599 4979 1877 5048 juvenem

220 5074 511 5149 plurimos
533 5072 746 5129 habere
768 5087 924 5126 nunc
940 5087 1042 5142 pro
1057 5086 1165 5124 sua
1185 5064 1446 5139 potentia
1466 5064 1549 5120 vel
1574 5066 1879 5123 dominatu

222 5162 337 5220 sibi
369 5162 805 5219 consentientes
840 5176 852 5215 :
883 5159 955 5215 de
998 5172 1249 5229 quorum
1309 5152 1571 5209 omnium
1621 5156 1879 5225 profecto

224 5250 601 5309 conversione
632 5266 697 5305 ac
731 5247 923 5304 salute
963 5263 1169 5302 omnes
1218 5241 1396 5299 simul
1448 5241 1795 5311 lietabimur,
1832 5246 1880 5300 si

224 5341 438 5398 horum
465 5339 759 5412 princeps,
784 5336 887 5392 Dei
911 5335 1100 5409 gratia
1130 5332 1534 5406 praeveniente,
1560 5334 1884 5388 communi-

224 5431 339 5487 bus
361 5429 581 5486 nostris
601 5426 920 5483 sudoribus
950 5422 1268 5496 perfectius
1298 5419 1885 5477 emundabitur.Prze-

221 5524 384 5576 terea
416 5517 645 5574 noverit
673 5514 956 5572 sanctitas
988 5511 1345 5581 vestra,jam
1377 5512 1766 5566 me'noratum
1792 5530 1883 5568 su-

223 5602 654 5666 blimissimum
713 5620 909 5677 regem
957 5604 1222 5659 vestrum
1253 5615 1356 5672 pro
1388 5597 1798 5669 Theutgualdo
1830 5607 1885 5658 et

2710 4648 2897 4704 CLVI.

2285 4756 2353 4796 AD
2393 4754 2728 4795 LUDOVICUM
2767 4755 2958 4794 REGEM
2996 4754 3322 4795 GERMANLE.

2624 4829 2813 4897 (Anno
2842 4828 2992 4900 867.)

1988 4938 2351 5009 Conqueritur
2384 4935 2454 5009 de
2499 4934 2775 5009 Lothario,
2809 4934 2948 5006 quod
2987 4935 3132 4990 nihil
3180 4950 3372 4991 eorum
3412 4945 3642 5009 praestet

2059 5005 2183 5082 qua:
2208 5008 2481 5082 promisit.
2516 5005 2772 5082 Prohibet
2817 5005 2886 5082 ue
2933 5012 3161 5062 Romam
3206 5005 3638 5082 veniat,fprius-

2059 5077 2243 5153 quam,
2278 5078 2644 5141 Waldradam,
2696 5084 2757 5131 ut
2805 5077 2994 5153 jussus
3047 5086 3144 5145 est,
3202 5096 3263 5134 eo
3318 5077 3541 5153 dirigat,
3585 5087 3637 5133 et

2062 5150 2447 5219 Theutbergam
2494 5154 2683 5203 tractet
2726 5155 2788 5202 ut
2826 5150 3098 5218 reginam,
3131 5158 3183 5206 et
3215 5152 3448 5206 Treviris
3476 5158 3637 5219 atque

2062 5223 2301 5279 Colonia:
2326 5216 2565 5289 legitimi
2593 5220 2833 5290 episcopi
2860 5216 3204 5277 ordinentur.
3236 5222 3299 5277 In
3328 5216 3556 5283 embolo,
3571 5216 3636 5271 de

2061 5294 2323 5349 reditibus
2353 5291 2531 5347 sancti
2557 5291 2726 5344 Petri.

2499 5395 2689 5466 [Apud
2722 5396 2935 5467 Mansi,
2973 5399 3134 5468 ibid]

2061 5516 2349 5570 NICOLAUS
2378 5511 2712 5585 episcopus,
2734 5529 2937 5570 servus
2967 5526 3263 5569 servorum
3288 5508 3410 5578 Dei,
3436 5506 3644 5564 dilecto

1992 5603 2111 5660 filio
2147 5605 2436 5659 LUDOVICO
2468 5600 2725 5675 glorioso
2758 5602 2898 5674 regi.
