4098 6186
414 300 579 384 Ντέι

1779 316 2097 385 NIGOLAI
2136 318 2362 382 ΡΑΡιΕ
2400 319 2452 384 Ι.

3660 316 3823 382 Im

485 442 850 527 Syllabarum
881 458 1206 513 vestrarum
1238 460 1435 512 tenore
1467 457 1776 529 pandislis,
1810 474 1910 512 vos
1942 472 2059 510 una
2088 442 2141 521 Ᾱ
2171 472 2531 521 consecrare,
2566 452 2906 526 regulariter
2934 453 3362 511 ordinarentur.
3387 454 3499 511 Sed
3525 470 3661 509 cum
3694 454 3816 508 haec

412 562 543 601 cum
567 546 774 601 dilecto
806 545 927 601 ﬁlio
959 550 1157 602 nostro
1186 546 1387 601 Carolo
1418 546 1668 619 glorioso
1702 564 1852 619 rege,
1879 548 2056 603 fratre

408 634 676 690 videlicet
704 639 918 700 vestro,
952 636 1021 690 ad
1054 651 1366 691 commune
1396 635 1751 708 colloquium
1782 637 2012 693 venisse
2040 656 2052 706 ;

410 722 504 778 cui
527 723 665 794 quia
697 722 881 778 defuit
911 723 1223 779 Lotharius
1250 741 1369 791 rex,
1393 742 1571 797 nepos
1596 725 1813 781 scilicet
1844 729 2051 793 vester,

411 811 731 884 perhibetis
749 828 850 867 vos
874 812 944 867 ad
967 829 1099 867 eum
1118 814 1244 883 jam
1275 814 1496 869 dictum
1530 814 1764 871 fratrem
1796 820 2055 871 vestrum

410 899 679 955 Carolum
711 903 1224 973 regem,adjuncto
1257 903 1366 958 sibi
1401 905 1655 976 quodam
1680 922 1744 959 ex
1766 905 2057 977 episcopis

410 988 573 1061 regni
621 989 822 1055 vestri,
856 989 1090 1046 misisse
1126 1007 1139 1046 :
1175 997 1487 1063 quatenus,
1520 998 1693 1065 prout
1744 995 1908 1049 vobis
1956 1012 2058 1067 per

409 1077 685 1149 epistolas
703 1083 934 1135 nostras
954 1080 1025 1134 ad
1052 1098 1151 1135 vos
1173 1080 1425 1136 directas
1445 1081 1918 1153 injunximus,ab
1941 1083 2056 1139 illis

410 1167 914 1236 admoneretur,ut
932 1168 990 1223 in
1018 1170 1678 1242 omnibusjussionibus
1702 1172 2057 1228 nostrisobe-

413 1250 579 1309 diens
610 1256 917 1313 existeret:
942 1258 1102 1321 Quod
1128 1260 1265 1331 quia
1290 1264 1409 1315 tam
1443 1264 1641 1332 utpote
1663 1260 1738 1332 pii
1764 1260 2057 1333 principes

401 1344 696 1414 justitiam
716 1344 1046 1418 diligentes,
1066 1364 1240 1420 quam
1265 1348 1511 1420 proximi
1532 1348 1779 1405 salutem
1804 1367 1905 1422 per
1925 1351 2058 1406 cha-

410 1433 641 1490 ritatem
668 1439 1014 1507 quaerentes,
1031 1437 1365 1508 nostrisque
1386 1437 1770 1495 nihilominus
1793 1440 2058 1498 adhorta-

410 1521 672 1578 tionibus
730 1523 1218 1592 obsecundantes,
1269 1525 1493 1597 egistis,
1553 1527 1776 1583 debitas
1835 1531 2054 1603 gratias

410 1612 641 1684 agimus
678 1630 691 1670 :
724 1617 1010 1685 quantum
1058 1617 1251 1668 tamen
1284 1613 1429 1669 lucri
1462 1615 1720 1673 efﬁcacia
1748 1623 1939 1674 vestra
1968 1618 2055 1674 vel

412 1703 613 1755 nostra
641 1700 863 1754 monita
883 1715 1058 1771 penes
1082 1700 1351 1756 eumdem
1377 1718 1570 1774 regem
1594 1703 1932 1759 Lotharium
1952 1705 2057 1760 im-

410 1788 717 1860 petrarint,
755 1788 936 1842 fateor
980 1788 1270 1844 hactenus
1316 1808 1432 1845 non
1481 1790 1685 1847 elucet.
1721 1792 1831 1848 Sed
1864 1794 2055 1850 dicitis

406 1892 540 1930 eum
564 1879 681 1930 tam
712 1876 1012 1931 absentem
1037 1894 1211 1949 quam
1238 1883 1436 1951 postea
1462 1886 1869 1952 prmsentem,a
1889 1884 2055 1939 vobis

408 1962 598 2036 ipsam
623 1964 1078 2021 admonitionem
1102 1966 1351 2039 benigne
1373 1970 2054 2045 suscepisse,deindeque

407 2054 735 2126 professum
770 2054 947 2110 fuisse
978 2056 1037 2111 in
1069 2057 1343 2112 omnibus
1376 2075 1439 2113 se
1472 2059 1687 2114 nostris
1718 2062 2053 2135 praeceptio-

411 2142 587 2199 nibus
618 2145 970 2217 periturum.
1005 2147 1165 2211 Quod
1200 2146 1337 2218 quia
1366 2164 1517 2219 szepe
1547 2149 1899 2218 audivimus,
1937 2170 2052 2208 non

408 2235 604 2288 tamen
637 2233 773 2289 hinc
805 2235 1072 2290 effectum
1118 2235 1506 2307 percepimus,
1540 2238 1682 2294 satis
1713 2238 2051 2311 ingemisci—

388 2337 562 2391 ,mus,
587 2325 644 2377 et
659 2322 836 2395 hujus
858 2323 938 2379 rei
964 2324 1153 2397 gratia
1172 2324 1327 2379 ultra
1346 2342 1521 2395 quam
1554 2326 1667 2381 dici
1697 2329 1883 2399 possit
1903 2330 2051 2385 affli-

404 2410 642 2481 gimur:
677 2412 959 2468 nimirum
1012 2413 1110 2485 qui
1160 2414 1333 2469 etiam
1374 2432 1477 2486 pro
1512 2414 1617 2469 sua
1647 2414 1833 2487 ipsius
1866 2418 2052 2474 salute

406 2498 666 2568 quotidie
687 2500 1023 2556 laborantes
1045 2503 1198 2573 apud
1225 2502 1415 2572 ipsum
1442 2502 1587 2557 nihil
1612 2505 1850 2560 omnino
1872 2508 2052 2577 profi-

404 2585 617 2653 cimus,
640 2588 780 2643 dum
805 2590 957 2660 quod
982 2606 1251 2645 sermone
1271 2590 1431 2656 dicit,
1458 2590 1607 2646 facto
1631 2608 1745 2647 non
1776 2594 2001 2665 perlicit
2034 2613 2047 2650 :

403 2675 460 2729 et
481 2675 765 2757 praecipue
784 2693 915 2732 cum
938 2678 1112 2733 verba
1132 2679 1279 2749 ejus,
1304 2682 1369 2733 ut
1391 2678 1663 2734 arborum
1681 2680 2051 2750 folia,sonarc

404 2762 641 2835 quidem
670 2764 911 2834 possint,
933 2771 1197 2822 saturare
1216 2784 1371 2835 vero,
1392 2784 1523 2822 cum
1550 2769 1667 2823 sint
1687 2769 1811 2825 sine
1837 2772 2048 2845 fructu,

406 2868 521 2907 non
546 2845 1213 2926 possint.Quamobrem,
1234 2857 1375 2911 dum
1398 2856 1715 2928 quaarimus
1736 2860 1825 2913 cui
1849 2858 2053 2932 hujus-

404 2943 561 2997 modi
583 2942 670 2998 vir
688 2943 875 3001 valeat
896 2945 1242 3018 comparari,
1278 2945 1477 3001 nullus
1509 2948 1688 3002 menti
1713 2949 2052 3006 convenien-

403 3030 522 3086 tius
551 3032 824 3101 occurrit,
853 3051 1030 3106 quam
1065 3033 1158 3089 ille
1190 3033 1367 3104 filius,
1403 3034 1493 3089 cui
1528 3036 1682 3108 apud
1712 3037 2048 3095 Matthazum

403 3124 569 3191 pater
597 3122 812 3178 dixisse
842 3123 1057 3195 legitur
1089 3140 1101 3177 :
1136 3125 1264 3190 Fili,
1296 3123 1432 3179 uade
1488 3125 1662 3192 hodie,
1722 3143 1945 3198 operare
1990 3131 2047 3184 in

399 3209 562 3261 vinea
582 3225 703 3263 mea
729 3225 742 3264 :
765 3213 823 3264 at
846 3208 940 3264 ille
962 3211 1321 3282 respondens
1345 3209 1425 3265 ait
1449 3228 1460 3264 :
1486 3212 1577 3279 Eo,
1602 3213 1846 3280 Domine,
1868 3223 2043 3272 etnon

399 3297 502 3351 ivit
526 3297 729 3367 χΜαῑίΙι.
752 3298 889 3371 xx1).
912 3298 1076 3355 Unde
1100 3299 1308 3354 merito
1336 3299 1581 3371 figuram
1604 3301 1830 3357 Judaici
1848 3304 2045 3376 populi

398 3384 688 3457 exprimit.
720 3387 849 3459 lpse
881 3386 1094 3460 quippe
1126 3388 1570 3460 repromittebat
1598 3389 1776 3463 Moysi
1808 3392 2041 3450 dicens:

395 3478 603 3531 Cuncta
650 3492 776 3548 quae
833 3478 1047 3532 loculus
1093 3486 1172 3532 est
1220 3479 1486 3533 Dominus
1531 3481 1792 3550 faciemus
1841 3482 2042 3551 (Exod.

394 3570 510 3632 χιχ)
545 3582 557 3619 :
592 3583 707 3621 non
739 3570 934 3622 tamen
967 3583 1094 3638 quae
1139 3566 1329 3622 verbis
1382 3568 1818 3638 repromittebat
1849 3587 2043 3627 rerum

396 3653 696 3710 effectibus
718 3654 1094 3727 adimplebat.
1120 3655 1225 3723 Ita,
1251 3655 1395 3726 proh
1420 3655 1611 3711 dolor!
1636 3660 1693 3711 et
1724 3657 1834 3713 iste
1862 3677 2043 3732 nepos

393 3744 600 3811 vester,
628 3759 859 3813 semper
889 3743 1124 3813 quidem
1158 3746 1361 3797 nostra
1393 3744 1614 3798 monita
1644 3744 1786 3799 velle
1819 3748 2039 3816 audire,

400 3844 631 3900 semper
661 3829 980 3902 adimplere
1020 3846 1231 3902 cupere
1264 3834 1620 3902 protestatur
1653 3849 1665 3886 :
1700 3850 1814 3887 non
1846 3838 2042 3892 tamen

398 3919 550 3993 quod
569 3935 685 3986 ore,
701 3920 853 3991 quod
878 3919 1113 3991 scriptis
1135 3924 1479 3991 opportune,
1498 3919 1829 3992 importune
1842 3924 2043 3996 szepis-

399 4014 545 4070 simc
559 4009 884 4083 profitetur,
898 4006 1171 4080 operibus
1193 4023 1457 4062 exercere
1479 4007 1563 4063 vel
1589 4009 1755 4065 factis
1773 4011 2041 4070 exhibere

398 4099 774 4163 contendit,et
788 4096 1046 4170 paternis
1062 4096 1299 4151 monitis
1314 4097 1528 4151 nostris
1544 4115 1658 4153 non
1675 4103 1951 4172 tanquam
1969 4104 2041 4157 fi-

394 4191 511 4246 lius
542 4188 820 4244 obediens
852 4190 1034 4259 paret,
1064 4185 1164 4240 sed
1187 4189 1467 4256 tanquam
1490 4188 1755 4258 ingratus
1774 4195 1905 4260 post
1928 4194 2041 4246 ter-

391 4296 532 4354 gum
549 4274 924 4350 repedavit.Si
948 4273 1183 4344 quidem
1206 4273 1265 4327 in
1290 4290 1403 4345 quo
1425 4273 1740 4345 aliquando
1771 4280 2043 4349 apparuit

392 4386 491 4424 rex
507 4365 811 4423 Lotharius
834 4363 1001 4418 nobis
1023 4361 1341 4417 obediens?
1360 4366 1461 4417 aut
1482 4362 1623 4434 quid
1646 4364 1717 4419 ab
1740 4364 2039 4440 illoexegi-

389 4475 522 4513 mus
538 4454 650 4511 nisi
664 4453 912 4510 salutem
937 4451 1147 4507 suam?
1171 4449 1280 4505 nisi
1305 4450 1667 4520 jurationem
1693 4469 1869 4525 quam
1892 4455 2040 4512 laesit

2164 545 2363 600 omnia
2393 562 2501 599 nos
2532 550 2862 617 opportuna
2882 562 3009 601 esse
3026 563 3093 601 ac
3110 544 3437 601 necessaria
3457 544 3818 617 prospicien-

2163 637 2272 700 tes,
2306 634 2418 705 ipsi
2468 633 2589 706 regi
2636 634 2909 689 Lothario
2958 634 3161 689 crebro
3192 634 3666 699 mandassemus,
3700 648 3819 705 quo

2165 726 2376 777 nostra:
2396 722 2783 778 institutionis
2816 728 3120 778 exsecutor
3148 724 3407 789 effectus,
3438 727 3505 777 ut
3532 722 3653 777 haec
3684 738 3821 778 con-

2165 814 2605 867 summarentur
2626 814 2928 879 annueret,
2951 813 3070 867 imo
3090 816 3157 866 ut
3176 827 3282 866 sua
3304 804 3546 883 prorsus
3575 828 3819 867 exsecu-

2165 900 2322 955 tione
2347 905 2820 972 perpetrarentur
2849 901 3167 968 insisteret,
3192 900 3411 973 aliquid
3442 899 3656 956 horum
3680 901 3817 957 elfe~

2164 993 2321 1043 ctum
2375 989 2696 1061 quemlibet
2722 990 3036 1062 ;accepisse
3082 1006 3189 1045 nos
3238 990 3491 1062 profecto
3549 988 3818 1045 nondum

2165 1078 2565 1150 cognovimus,
2598 1083 2653 1135 et
2683 1082 2877 1133 tamen
2911 1077 3005 1133 ille
3038 1082 3237 1134 nostra
3266 1094 3327 1133 se
3356 1077 3501 1133 velle
3539 1078 3819 1150 perﬁcere

2165 1167 2222 1221 in
2247 1167 2521 1222 omnibus
2552 1168 2774 1222 monita
2803 1167 3401 1239 profitetur.Denique
3430 1166 3819 1222 Waldradam

2164 1256 2236 1309 ad
2253 1273 2356 1311 nos
2370 1273 2486 1311 non
2499 1255 2688 1311 solum
2707 1274 2818 1311 non
2834 1255 3583 1328 misit,sicuts:epiusillum
3598 1256 3815 1311 hortati

2164 1361 2401 1412 sumus;
2422 1361 2621 1401 verum
2654 1346 2829 1401 etiam
2854 1344 3307 1411 Ticinum,dum
3337 1345 3409 1399 ad
3443 1361 3551 1400 nos
3578 1346 3821 1400 tendere

2163 1434 2513 1498 crederetur,
2529 1435 2655 1505 jam
2678 1433 3019 1507 profectam,
3045 1434 3101 1488 in
3125 1432 3343 1490 Gallias
3370 1434 3650 1489 reducere
3676 1450 3821 1505 pro-

2164 1522 2617 1578 curavit.Filiam
2642 1540 2774 1579 vero
2796 1525 3059 1578 nostram
3082 1522 3511 1595 Theutbergam
3524 1522 3815 1595 reginam,

2165 1627 2290 1682 quia
2314 1611 2467 1666 beati
2491 1610 2641 1667 Petri
2664 1628 2726 1667 se
2748 1611 3005 1684 tegmine
3026 1627 3258 1683 semper
3278 1610 3493 1666 muniri
3528 1612 3817 1684 poposcit,

2165 1717 2277 1755 non
2303 1701 2491 1755 solum
2518 1700 2670 1755 sicut
2692 1700 2954 1773 reginam
2972 1700 3294 1755 secundum
3317 1700 3643 1773 praestitum
3659 1702 3823 1772 jura-

2088 1827 2132 1891 Β
2163 1792 2427 1844 mentum
2460 1806 2575 1844 non
2608 1793 2855 1844 tractat:
2890 1805 3090 1844 verum
3124 1784 3299 1843 etiam
3332 1805 3438 1844 nec
3470 1806 3572 1861 pro
3603 1790 3821 1845 timore

2164 1877 2285 1945 Dei,
2312 1894 2415 1933 nec
2439 1895 2541 1950 pro
2564 1878 2747 1933 sancti
2775 1878 2927 1933 Petri
2961 1877 3300 1943 reverentia,
3333 1894 3438 1933 nec
3469 1895 3574 1950 pro
3604 1879 3820 1949 conju-

2162 1966 2277 2039 gali
2302 1968 2530 2034 fcedere,
2557 1984 2660 2022 nec
2681 1966 2856 2023 etiam
2880 1980 2982 2039 pro
3004 1967 3203 2022 eodem
3228 1964 3437 2023 collato
3459 1967 3819 2037 iuramento,

2163 2055 2369 2111 saltem
2401 2056 2458 2110 in
2493 2054 2753 2110 minimis
2781 2054 3114 2127 quibusque
3146 2054 3396 2127 negotiis
3441 2069 3608 2111 suam
3656 2056 3815 2112 hanc

2163 2161 2291 2199 esse
2344 2144 2685 2217 participem
2744 2145 3145 2217 recognoscit;
3178 2144 3394 2217 quippe
3440 2160 3615 2216 quam
3649 2145 3816 2200 omni

2162 2233 2429 2305 egestati,
2464 2234 2624 2289 omni
2656 2233 2991 2306 opprobrio,
3025 2233 3184 2289 omni
3226 2250 3463 2305 prorsus
3494 2232 3815 2303 abiectioni

2163 2322 2657 2377 submittit.Porro
2679 2324 2749 2378 de
2763 2322 3223 2394 prazmcmoratis
3252 2318 3511 2377 ecclesiis
3532 2322 3818 2378 ordinan-

2162 2410 2252 2465 dis
2286 2428 2399 2469 non
2449 2410 2639 2466 solum
2690 2412 2967 2466 mandata
3012 2416 3213 2467 nostra
3242 2411 3582 2478 contemnit,
3616 2412 3721 2467 sed
3753 2416 3818 2467 et

2162 2516 2461 2555 sacrorum
2494 2516 2785 2555 canonum
2816 2502 3102 2572 praecepta
3130 2497 3451 2563 conculcet,
3472 2501 3614 2555 dum
3648 2500 3813 2557 vide—

2160 2586 2565 2644 licetecclesiis
2588 2606 2702 2644 non
2725 2589 3099 2661 compatitur,
3115 2589 3214 2644 sed
3235 2588 3340 2644 has
3358 2593 3518 2643 tanto
3541 2594 3809 2661 tempore

2161 2677 2285 2733 sine
2313 2682 2531 2733 rectore
2559 2694 2791 2733 manere
2823 2677 3128 2750 permittit.
3153 2678 3316 2743 Ecce,
3340 2676 3418 2731 fili
3440 2677 3813 2745 charissime,

2162 2767 2455 2838 quomodo
2486 2766 2796 2821 Lotharius
2828 2782 2925 2821 rex
2966 2766 3236 2822 instituta
3284 2770 3484 2821 nostra
3529 2768 3816 2833 custodit,

2159 2872 2288 2911 ecce
2321 2857 2613 2928 quomodo
2644 2872 2841 2911 verum
2875 2859 2982 2923 est,
3000 2856 3153 2928 quod
3186 2855 3329 2909 dicit
3357 2859 3555 2911 nostra
3576 2871 3639 2910 se
3664 2855 3819 2912 velle

2159 2944 2217 2998 in
2253 2945 2527 2999 omnibus
2567 2944 2873 2999 observare
2904 2945 3154 2998 decreta.
3188 2944 3257 2998 Et
3285 2942 3477 2998 adhuc
3502 2944 3575 2998 ad
3608 2960 3721 3000 nos
3750 2961 3818 3001 se

2160 3050 2467 3107 properare
2497 3032 2641 3088 velle
2673 3033 3058 3102 demonstrat,
3092 3048 3226 3087 cum
3255 3031 3313 3086 id
3349 3048 3420 3087 ne
3449 3032 3579 3087 sine
3608 3038 3817 3089 nostra

2158 3121 2391 3177 licentia
2418 3127 2815 3194 prmsumeret,
2850 3139 2956 3177 nos
2988 3122 3039 3177 ei
3071 3138 3223 3194 saepe
3252 3120 3580 3177 districtius
3608 3121 3815 3194 injun-

2096 3210 2120 3262 S
2159 3210 2415 3266 xerimus
2446 3214 2503 3265 et
2552 3210 3042 3283 prohibuerimus.
3077 3210 3291 3265 Verum
3336 3226 3513 3282 quam
3557 3211 3632 3265 ob
3686 3228 3811 3267 rem

2158 3299 2466 3355 Lotharius
2524 3300 2769 3355 Romam
2826 3298 3116 3371 proficisci
3175 3298 3409 3371 gestiat,
3439 3299 3734 3355 miramur
3756 3301 3807 3355 si

2153 3393 2406 3444 vestram
2451 3388 2629 3444 latere
2678 3388 2867 3461 potuit
2904 3388 3295 3461 prudentiam.
3330 3388 3531 3459 Itaque
3562 3388 3811 3460 impleat

2155 3477 2318 3550 prius
2339 3482 2547 3533 cuncta
2578 3495 2704 3550 quae
2734 3476 3146 3549 praemisimus,
3169 3479 3350 3532 totius
3373 3477 3701 3533 occasionis
3720 3478 3809 3534 vel

2154 3566 2405 3621 sinistra:
2454 3566 2810 3638 suspicionis
2858 3565 3118 3621 fomitem
3151 3583 3185 3620 a
3219 3582 3281 3621 se
3310 3565 3511 3637 procul
3542 3566 3806 3636 abjiciat,

2153 3655 2271 3710 imo
2315 3672 2446 3710 vero
2476 3672 2510 3710 a
2541 3655 2757 3710 nostris
2807 3653 3106 3710 mentibus
3156 3658 3440 3726 amputet,
3474 3658 3531 3709 et
3558 3658 3723 3723 tunc,
3755 3656 3803 3711 si

2153 3744 2201 3799 ei
2227 3744 2303 3798 sit
2324 3744 2436 3797 huc
2456 3742 2832 3810 veniendum,
2856 3761 2890 3798 a
2916 3743 3083 3799 nobis
3104 3747 3193 3799 est
3223 3742 3469 3798 sollicite
3500 3744 3807 3815 providen-

2152 3832 2315 3887 dum.
2349 3831 2651 3903 Siquidem
2702 3832 2876 3887 etiam
2927 3832 2977 3887 si
3025 3836 3254 3899 cuncta,
3289 3849 3417 3903 qua:
3468 3848 3577 3887 nos
3618 3832 3667 3887 ei
3702 3848 3806 3888 su-

2152 3937 2256 3992 pra
2306 3920 2893 3976 commemoravimus
2942 3920 3290 3993 injunxisse,
3322 3921 3557 3992 penitus
3609 3922 3808 3978 adim~

2152 4008 2307 4082 plcta
2355 4008 2639 4081 potuisset
2694 4010 3020 4076 ostendere,
3056 4025 3161 4064 nec
3198 4009 3281 4065 sic
3311 4009 3360 4065 ei
3396 4014 3601 4065 contra
3629 4011 3813 4066 inter-

2151 4098 2371 4153 dictum
2430 4102 2694 4153 nostrum
2748 4098 2995 4152 Romam
3054 4099 3242 4153 fuerat
3307 4099 3805 4171 properandum:

2152 4192 2369 4259 quanto
2426 4186 2624 4242 minus
2676 4203 2851 4255 nunc,
2883 4187 3119 4259 quando
3168 4186 3341 4243 toties
3391 4204 3426 4242 a
3476 4187 3649 4243 nobis
3696 4190 3805 4244 ad-

2152 4275 2408 4330 monitus
2457 4274 2602 4329 nihil
2656 4275 2726 4330 de
2767 4274 2852 4330 eis
2901 4291 3344 4331 consummasse
3390 4276 3806 4331 convincitur?

2148 4364 2332 4436 Igitur
2372 4362 2603 4419 dilectio
2646 4367 2835 4419 vestra
2881 4362 3051 4418 illum
3099 4380 3256 4419 nunc
3303 4365 3499 4419 venire
3548 4364 3800 4421 Romam

2148 4467 2343 4523 quaeso
2377 4450 2677 4523 prohibeat
2712 4468 2723 4506 :
2759 4450 3039 4523 alioquin,
3076 4450 3219 4505 mihi
3249 4451 3490 4517 credite,
3514 4450 3562 4505 si
3592 4456 3802 4506 contra

390 4547 573 4618 [forte,
604 4542 897 4615 praestitit]
931 4539 1238 4595 Ecclesiaa?
1268 4538 1380 4593 nisi
1414 4539 1797 4613 Theutberga:
1828 4543 2037 4616 regina:
2073 4542 2116 4623 ι)
2149 4540 2512 4613 propositum
2564 4543 2831 4595 nostrum
2877 4539 3020 4595 forte
3050 4538 3512 4611 praesumpserit,
3548 4540 3803 4595 minime

385 4633 655 4706 conjugis
685 4632 813 4702 ejus
836 4630 987 4701 apud
1013 4631 1283 4683 sanctum
1316 4632 1553 4683 Petrum
1584 4630 1920 4701 praesidium
1946 4651 2034 4688 re-

385 4723 481 4794 qui
492 4721 673 4778 rentis
687 4719 1056 4777 securitatem
1070 4716 1097 4771 i’
1111 4716 1223 4771 nisi
1240 4722 1498 4771 nostram
1514 4716 1687 4771 etiam
1703 4724 1831 4789 post
1842 4724 1928 4775 tot
1948 4720 2031 4801 la:

382 4810 553 4865 bores
569 4808 881 4880 aliquando
898 4805 1156 4877 requiem
1170 4805 1198 4859 ‘I
1219 4805 1364 4859 Nam
1381 4803 1514 4859 hinc
1530 4805 2031 4867 interinnumeras

381 4896 526 4954 alias
538 4914 707 4952 curas
723 4896 1009 4968 praecipue
1023 4893 1525 4958 laboramus,hinc
1542 4895 1942 4953 omnimodam
1958 4899 2029 4956 de

376 4984 698 5040 Waldrada
729 4984 952 5038 mmcha
980 4988 1037 5038 et
1083 4982 1587 5037 cxcommunicata
1632 4985 2024 5056 suspicionem

374 5072 690 5130 adimenda
740 5088 890 5143 saepe
945 5072 1329 5127 decrevimus.
1365 5071 1509 5125 Hinc
1558 5072 1733 5126 etiam
1786 5079 1849 5128 ut
1892 5077 2023 5132 novi

371 5161 707 5221 Treverensi
741 5165 796 5216 et
824 5159 1153 5215 Coloniensi
1185 5158 1459 5217 Ecclesiis
1490 5160 1781 5217 antistites
1810 5164 2019 5220 daren-

368 5258 466 5309 tur
497 5250 862 5324 injunximus
896 5265 908 5302 :
944 5247 1210 5303 videlicet
1232 5248 1330 5319 qui
1364 5264 1469 5304 nec
1501 5265 1602 5321 per
1629 5249 2018 5324 Theutgualdi

369 5339 752 5397 etGuntbarii
776 5338 1002 5394 dudum
1037 5336 1466 5408 episcoporum,
1491 5354 1595 5393 nec
1621 5340 1863 5410 pcrjam
1891 5343 2015 5396 fatae

365 5431 698 5485 VValdradze
750 5431 1000 5485 favorem
1036 5425 1510 5497 proveherentur,
1546 5428 1645 5481 sed
1678 5428 1952 5485 canonice
1983 5447 2017 5485 a

365 5517 502 5573 filiis
520 5519 658 5573 etde
678 5518 953 5589 ﬁliisjam
973 5514 1339 5571 nominataru
1352 5530 1403 5567 m
1427 5514 1805 5570 ecclesiarum
1822 5516 2013 5585 electi,

363 5604 435 5661 ab
448 5604 538 5661 his
551 5606 997 5677 quiearumdem
1009 5602 1386 5660 ecclesiarum
1403 5601 1692 5657 antistites
1706 5603 1858 5660 soliti
1876 5610 2015 5661 sunt

2145 4646 2278 4685 eum
2332 4645 2447 4700 qua
2494 4628 2657 4701 cupit
2705 4628 3007 4683 honestate
3037 4627 3123 4684 vel
3168 4627 3263 4683 hic
3294 4628 3672 4700 suscipietur,
3702 4629 3801 4683 vel

2146 4717 2279 4772 hinc
2303 4718 2557 4790 profecto
2582 4716 3125 4789 regredietueram
3147 4717 3299 4772 sicut
3315 4716 3526 4771 mulier
3544 4716 3800 4773 Domino

2142 4806 2254 4861 fide
2282 4806 2617 4879 proximans
2635 4804 2823 4877 tangit
2844 4823 2856 4874 ;
2878 4806 3050 4859 turba
3068 4822 3202 4861 vero
3225 4805 3357 4861 licet
3380 4805 3797 4877 tangit,tamen

2139 4894 2499 4965 comprimit;
2526 4894 2609 4950 sic
2641 4893 2782 4967 proh
2816 4892 3008 4950 dolor!
3032 4894 3144 4949 isto
3176 4893 3233 4948 in
3263 4899 3523 4966 tempore
3544 4894 3792 4966 quidam

2135 4983 2244 5038 etsi
2283 4983 2685 5055 approximare
2730 4983 3021 5047 videntur,
3073 4987 3265 5038 tactus
3312 4987 3507 5038 tamen
3556 4998 3788 5051 eorum,

2132 5071 2271 5144 quia
2296 5089 2407 5127 non
2429 5088 2496 5127 ex
2524 5072 2653 5139 ﬁde,
2678 5088 3013 5143 pressuram
3042 5072 3249 5145 gignit,
3267 5078 3325 5127 et
3356 5072 3791 5145 approximatio

2129 5161 2525 5217 turbationem
2559 5160 2815 5216 adducit.
2849 5161 2998 5233 Ergo
3024 5177 3260 5217 necesse
3290 5165 3379 5217 est
3418 5165 3481 5216 ut
3510 5160 3689 5216 talem
3718 5178 3790 5218 se

2128 5249 2185 5304 in
2210 5250 2438 5305 cunctis
2468 5249 2735 5305 exhibeat
2767 5265 2865 5305 rex
2895 5250 3224 5314 Lotharius,
3252 5255 3316 5305 ut
3337 5266 3444 5306 nos
3475 5265 3611 5305 eum
3645 5266 3785 5322 gra-

2126 5339 2271 5393 tanti
2306 5337 2501 5394 animo
2529 5338 2801 5410 primitus
2854 5338 3151 5410 suscipere
3201 5338 3577 5404 delectemur,
3609 5344 3667 5395 et
3700 5340 3785 5395 ita

2125 5427 2363 5481 demum
2392 5428 2716 5481 venientem
2750 5427 3022 5498 expansis
3053 5426 3307 5482 brachiis
3330 5427 3781 5500 amplectemur.

2123 5516 2282 5578 Quod
2308 5514 2475 5571 aliter
2491 5514 2609 5570 fieri
2638 5532 2748 5569 non
2775 5515 3009 5586 poterit,
3028 5516 3145 5591 nisi
3162 5515 3482 5572 Waldrada
3502 5517 3779 5581 Romam,

2123 5604 2294 5660 sicuti
2353 5609 2605 5676 coeptum
2667 5603 2873 5674 fuerat,
2907 5602 3213 5677 dirigatur,
3247 5609 3314 5661 ut
3353 5598 3623 5662 videlicet
3668 5622 3783 5663 nos
