4098 6186
276 366 435 429 {I77

1488 366 1896 432 EPISTOLJE
1937 363 2041 429 E'l'
2085 366 2475 430 DECRETA.

3510 364 3687 436 ’11⁸78

273 518 511 559 causam
544 501 673 573 ejus
702 502 773 557 ad
805 503 981 558 finem
1009 501 1336 577 legitimum
1370 502 1781 574 perducamus,
1815 502 1913 574 qui
1946 501 2001 569 Α
2033 518 2149 555 non
2196 502 2267 557 ad
2318 518 2444 557 eam
2491 501 2823 571 accesserit,
2874 502 2956 559 ita
3004 521 3115 561 non
3178 506 3249 562 de
3299 509 3544 583 conjuge
3575 528 3683 568 sua

276 593 347 648 de
378 591 566 664 ipsius
592 590 1062 664 pravaricatione
1111 592 1289 648 semel
1344 591 1578 647 initium
1618 591 1927 663 judicandi

277 679 652 753 suscepimus
686 698 700 735 :
732 684 790 736 et
819 680 932 737 nisi
964 681 1225 754 reginam
1257 680 1927 752 Theutbergam.secun-

280 770 421 826 dum
456 773 716 825 tenorem
760 770 1106 842 juramenti,
1141 772 1214 825 ab
1262 770 1388 843 ipso
1438 770 1748 825 audiamus
1794 786 1930 841 rege

282 858 556 915 Lothario
586 858 834 932 coniuge
867 876 972 916 suo
1003 859 1239 915 tractari
1277 876 1289 913 :
1322 858 1590 915 videlicet
1637 865 1701 914 ut
1750 858 1927 914 talem

277 964 343 1003 se
371 947 525 1003 circa
554 946 715 1002 illam
742 950 936 1003 mente
966 949 1326 1004 demonstret
1366 951 1423 1003 et
1471 964 1661 1020 opere,
1695 947 1929 1019 qualem

278 1036 530 1109 diligens
562 1053 659 1092 rex
689 1053 827 1110 erga
851 1037 1121 1093 dilectam
1154 1038 1463 1110 conjugem
1486 1054 1653 1093 suam
1678 1054 1740 1092 se
1761 1037 1932 1093 debet

279 1125 684 1181 demenstrare
715 1124 978 1197 reginam
1009 1143 1021 1181 :
1060 1130 1117 1181 et
1146 1125 1260 1181 nisi
1291 1127 1361 1181 de
1386 1124 1619 1198 proprio
1667 1125 1819 1181 clero
1869 1126 1929 1181 in

276 1212 691 1286 Agrippinensi
720 1212 947 1270 colonia
971 1218 1149 1286 atque
1176 1214 1510 1271 Treverensi
1532 1214 1795 1270 ecclesiis
1817 1214 1932 1286 epi-

281 1310 490 1374 scapos
537 1302 796 1358 ordinari
845 1302 1194 1373 permiserit,
1244 1319 1345 1359 eos
1395 1302 1633 1371 scilicet,
1682 1304 1780 1375 qui
1827 1321 1932 1360 nec

282 1390 629 1459 Waldrada,
663 1407 768 1447 nec
799 1391 1130 1460 Guntharii,
1164 1406 1270 1447 nec
1320 1391 1712 1464 Theutgualdi
1740 1393 1934 1449 favore

279 1479 370 1535 vel
397 1479 713 1552 eligantur,
761 1479 849 1535 vel
898 1479 1075 1535 etiam
1126 1484 1558 1536 consecrentur.
1592 1482 1722 1537 Haec
1772 1485 1930 1549 sunt,

278 1567 647 1635 charissima,
684 1582 812 1640 quaa
844 1568 894 1624 si
926 1569 1239 1625 Lotharius
1288 1586 1470 1641 nepos
1506 1574 1698 1627 vester
1726 1570 1932 1627 callide

278 1666 396 1712 non
429 1656 923 1729 perfecerit,hunc
952 1659 1234 1715 veraciter
1261 1676 1368 1714 nos
1399 1658 1601 1715 audire
1632 1658 1784 1715 nolle
1806 1677 1934 1732 pro-

280 1744 377 1802 θυι
410 1745 589 1801 dubio
619 1750 899 1818 poterunt
944 1746 1223 1815 indicare,
1257 1750 1433 1820 atque
1482 1748 1531 1803 si
1583 1747 1757 1804 saluti
1805 1750 1932 1819 ejus

279 1838 474 1889 vestra
502 1834 758 1890 charitas
800 1835 1074 1903 consulit,
1106 1852 1242 1891 eum
1293 1842 1644 1909 magnOpere
1692 1839 1933 1893 suadeat
1964 1869 2013 1937 B

283 1922 549 1991 incitare,
583 1928 640 1979 et
680 1940 795 1979 non
843 1925 971 1995 ejus
1025 1925 1166 1981 foris
1214 1927 1716 1998 perstrepentibus
1747 1927 1937 1984 verbis

277 2012 451 2070 facile
481 2013 677 2068 credat
710 2028 721 2068 :
753 2013 854 2068 sed
886 2029 1129 2086 operum
1162 2014 1331 2080 facta,
1357 2016 1678 2071 secundum
1714 2016 1934 2088 perspi-

280 2102 657 2159 cacissimam
690 2101 908 2173 proprii
941 2102 1302 2158 afﬂuentiam
1334 2119 1545 2159 sensus
1587 2104 1933 2159 consideret.

280 2190 431 2247 Dicit
460 2189 616 2246 enim
646 2190 903 2246 Joannes
933 2190 1233 2262 apostolus
1263 2209 1275 2246 :
1309 2192 1499 2247 Fitioli
1525 2195 1775 2260 mei,n0n
1804 2193 1937 2249 dili-

280 2297 479 2351 gamus
536 2280 693 2335 verba
743 2296 916 2351 neque
954 2281 1164 2351 lingua,
1222 2281 1315 2336 sed
1371 2298 1529 2352 opere
1601 2290 1652 2337 ct
1716 2285 1939 2339 veritate

280 2370 329 2442 (1
352 2372 512 2426 Ιοαη.
549 2368 623 2438 v).
657 2368 803 2422 Nam
835 2367 885 2421 si
916 2384 1088 2423 nosse
1134 2366 1276 2423 libet
1323 2368 1671 2424 excellentiae
1710 2375 1936 2437 vestrm,

287 2457 429 2531 quid
463 2456 540 2512 sit
569 2456 722 2512 unde
754 2455 1067 2512 Lotharius
1090 2457 1275 2528 jactat
1296 2474 1357 2513 se
1379 2462 1638 2513 nostram
1666 2459 1724 2514 in
1747 2461 1937 2515 omni-

285 2548 401 2603 bus
422 2544 742 2617 adimplere
758 2544 1254 2613 voluntatem,nos
1270 2547 1565 2603 evidenter
1585 2549 1935 2619 aperiemus.

286 2634 571 2690 Videlicet
626 2634 767 2706 quia
814 2634 1001 2700 nobis,
1054 2634 1171 2689 imo
1217 2635 1333 2691 Deo
1382 2639 1581 2692 nostro
1639 2637 1937 2705 obediens,

287 2723 721 2795 Theutbergam
753 2723 1063 2795 eonjugem
1094 2740 1263 2779 suam
1295 2724 1530 2797 recepit,
1564 2724 1938 2782 Waldradam

288 2828 443 2878 vero,
473 2815 670 2883 utpote
695 2810 1042 2877 adulteram,
1067 2810 1273 2867 merito
1305 2813 1710 2884 sequestravit,
1736 2832 1840 2870 nec
1868 2816 1938 2871 ad

287 2901 451 2957 illam
483 2904 617 2973 post
648 2900 1035 2956 reversionem
1082 2899 1256 2973 legati
1305 2901 1487 2957 nostri
1531 2903 1794 2959 accessit.
1828 2905 1939 2960 Sed

282 2988 600 3063 prudentia
628 2988 822 3062 gloriae
849 2993 1049 3044 vestrae
1073 2990 1201 3061 jam
1246 2989 1401 3047 valet
1445 2992 1761 3059 advertere,
1798 2994 1939 3064 quid

288 3077 473 3151 prosit
501 3078 549 3134 si
583 3079 655 3133 ad
685 3094 815 3133 eam
864 3094 980 3133 non
1034 3078 1282 3150 pedibus
1333 3080 1613 3152 corporis,
1642 3085 1699 3136 et
1744 3084 1939 3138 tamen

288 3167 566 3241 passibus
596 3166 811 3222 mentis
841 3168 1082 3223 accedit.
1116 3166 1267 3233 Quid
1301 3168 1540 3233 prodest
1571 3169 1709 3242 quia
1753 3171 1937 3226 forin-

2038 592 2588 664 Theutberga,quod
2609 609 2737 648 eam
2766 594 3091 650 secundum
3122 595 3390 653 datorum
3421 601 3683 658 tenorem

2026 682 2501 753 juramentorum
2533 685 2742 738 tractet
2762 686 2936 755 atque
2958 684 3222 754 retineat,
3250 686 3365 742 nisi
3398 688 3538 759 quia
3567 707 3683 746 non

2036 769 2250 825 habeat
2279 771 2434 825 unde
2465 770 2787 842 glorietur?
2817 787 2921 827 nec
2965 773 3087 845 agit
3133 774 3217 829 sic
3264 791 3402 848 erga
3438 793 3590 844 eam,
3623 782 3691 835 ut

2038 859 2208 913 nobis
2238 858 2295 913 id
2328 860 2607 914 veraciter
2636 859 2892 916 referens
2923 861 3245 933 gratiarum
3276 880 3309 919 a
3340 865 3510 921 nobis
3550 867 3687 924 inde

2037 948 2334 1019 percipere
2356 948 2542 1003 valeat
2564 948 2824 1004 actiones
2840 949 2868 1005 ?
2898 951 3036 1005 dum
3056 968 3172 1007 non
3191 953 3382 1008 solum
3404 954 3505 1009 illa
3526 956 3690 1013 nulla

2038 1036 2442 1092 munificentia
2480 1036 2606 1109 ipso
2654 1037 2936 1109 largiente
2984 1040 3224 1111 potitur,
3274 1058 3476 1098 verum
3508 1044 3687 1102 etiam

2039 1124 2315 1180 omnibus
2344 1126 2756 1198 opprobriis,et
2778 1132 2841 1183 ut
2862 1128 3225 1199 praetulimus
3246 1135 3499 1203 egestate
3527 1151 3687 1190 sum-

2040 1230 2138 1269 ma
2158 1214 2445 1269 tabescit?
2465 1214 2646 1271 Dicite
2668 1233 2803 1288 ergo
2824 1216 2908 1271 illi
2926 1218 3482 1288 vos,charissime,et
3503 1227 3692 1279 vestra

2041 1304 2234 1375 sagaci
2268 1303 2647 1360 conventione
2690 1306 2935 1361 suadere
2973 1309 3324 1375 contendite,
3357 1313 3423 1364 ut
3454 1312 3691 1383 quando

2042 1393 2211 1449 nobis
2256 1393 2456 1460 mittit,
2509 1393 2581 1448 ad
2622 1393 3004 1450 Waldradam
3048 1400 3181 1468 post
3226 1397 3478 1453 reditum
3524 1399 3693 1456 missi

2042 1481 2226 1538 nostri
2256 1484 2459 1537 contra
2499 1481 2873 1537 interdictum
2926 1488 3194 1540 nostrum
3242 1503 3305 1541 se
3353 1476 3693 1546 nullatenus

2041 1568 2584 1635 accessisse,mittat
2614 1570 2787 1626 etiam
2811 1572 2965 1643 quod
2989 1572 3420 1647 Theutbergam
3451 1592 3690 1633 uxorem

2042 1676 2210 1715 suam
2234 1659 2407 1730 juxta
2436 1659 2696 1731 praestita
2710 1660 3059 1731 .juramenta
3086 1662 3337 1734 benigne
3375 1668 3606 1732 tractet,
3638 1670 3695 1722 et

2044 1748 2368 1803 secundum
2394 1747 2613 1819 regiam
2640 1748 2983 1820 dignitatem
3007 1748 3280 1807 retineat:
3300 1751 3382 1807 ita
3410 1754 3695 1810 duntaxat

2044 1842 2110 1892 ut
2140 1837 2294 1909 quod
2329 1836 2511 1891 mittit
2539 1835 2778 1892 veritate
2805 1837 2998 1893 fulciri
3020 1836 3152 1894 aliis
3180 1838 3354 1895 etiam
3377 1843 3695 1897 attestanti-

2047 1926 2158 1981 bus
2187 1941 2631 1997 cognoscamus.
2666 1924 2861 1981 Mittat
2893 1925 3277 1983 nihilominus
3317 1928 3505 1997 nobis,
3541 1931 3694 2002 quod

2046 2016 2103 2070 in
2127 2015 2381 2088 praefatis
2400 2013 2660 2069 ecclesiis
2680 2014 3084 2086 ordine,quem
3116 2034 3295 2089 supra
3323 2018 3694 2086 dictavimus,

2045 2103 2303 2176 episcopi
2337 2102 2455 2157 sint
2485 2101 2828 2174 regulariter
2857 2102 3107 2160 ordinati
3156 2123 3175 2158 :
3225 2110 3282 2160 et
3331 2113 3469 2162 tunc
3501 2107 3696 2179 perhi-

2047 2193 2203 2248 benti
2239 2211 2299 2249 se
2332 2196 2534 2247 nostra
2580 2191 2723 2247 velle
2762 2192 2935 2263 jussu
2973 2194 3248 2263 perlicere
3280 2196 3607 2262 credemus,
3640 2200 3697 2252 et

2048 2282 2367 2353 condignas
2416 2286 2531 2337 Deo
2578 2279 2796 2352 gratias
2846 2281 3184 2337 referemus.
3228 2283 3373 2338 Nam
3436 2285 3694 2355 quandiu

2049 2370 2477 2443 Theutbergam
2498 2370 2655 2441 regio
2673 2368 2832 2424 cultu
2850 2373 2906 2423 ct
2926 2370 3217 2443 conjugali
3250 2370 3557 2428 dilectione
3581 2389 3695 2427 non

2048 2458 2275 2525 retinet,
2309 2464 2365 2513 et
2394 2457 2869 2530 Theutgualdum
2892 2457 2978 2513 vel
3003 2458 3392 2514 Guntharium
3424 2459 3700 2516 ecclesias

2049 2549 2273 2603 dudum
2297 2547 2406 2602 sibi
2431 2564 2564 2602 cum
2596 2546 2918 2601 sacerdotio
2945 2546 3170 2603 ablatas
3200 2547 3460 2603 obtinere
3491 2549 3703 2621 permi-

2049 2637 2190 2692 serit
2221 2641 2555 2709 occupatas,
2599 2634 2735 2691 licet
2784 2634 3158 2691 Waldradam
3214 2653 3329 2692 non
3376 2637 3588 2702 videat,
3640 2637 3698 2692 hi

2047 2729 2243 2780 tamen
2276 2725 2494 2797 gradus
2525 2723 2959 2795 sunt,quamvis
2990 2724 3172 2797 [[0rte,
3197 2725 3698 2798 quemvis,HAnn.]

2049 2815 2121 2868 ad
2153 2813 2272 2867 ima
2304 2816 2761 2883 mergentes,per
2789 2829 2938 2884 quos
2966 2811 3131 2867 illum
3156 2812 3375 2868 sensim
3406 2814 3476 2869 ad
3507 2814 3699 2885 ipsam

2048 2902 2286 2958 tendere
2316 2900 2573 2972 prudens
2603 2900 2851 2971 quisque
2874 2904 3139 2972 patenter
3169 2902 3621 2974 agnoscitzdum
3645 2905 3701 2957 et

2048 2988 2178 3046 illos
2211 2989 2537 3061 fovet,quos
2568 2988 2639 3043 ad
2671 2990 2940 3060 prouefas
2974 2989 3244 3045 ductores
3276 2989 3554 3065 habuisse
3575 2989 3697 3045 cla-

2048 3084 2155 3150 ret,
2188 3085 2245 3135 et
2274 3096 2402 3135 eam
2437 3078 2664 3150 affligit,
2698 3095 2873 3150 quam
2907 3078 3101 3134 debita
3148 3080 3502 3136 correctione
3551 3098 3696 3153 pra:-

2049 3169 2234 3224 missa
2263 3167 2494 3224 Christo
2535 3169 2775 3239 juvante
2822 3168 3055 3239 recepit.
3088 3169 3470 3225 Accusatores
3501 3174 3698 3225 autem

287 3270 460 3314 secus
506 3256 579 3311 ab
625 3254 729 3311 illa
776 3260 1181 3328 sequestratus
1215 3256 1492 3325 cernitur,
1527 3259 1626 3329 qui
1658 3264 1854 3315 tamen
1885 3260 1935 3317 ei
1967 3234 2012 3304 CI
2048 3258 2264 3314 habere
2306 3256 2668 3324 Lotharium,
2721 3273 2835 3311 non
2881 3255 2993 3311 nisi
3038 3255 3226 3323 illum,
3259 3257 3359 3329 qui
3400 3263 3703 3314 accusator

285 3345 453 3401 valde
482 3344 922 3416 conglutinatus
970 3344 1323 3401 intrinsecus
1371 3345 1761 3419 intelligitur?
1791 3348 1939 3415 Quid

286 3438 484 3489 autem
514 3432 741 3505 proficit
762 3432 981 3488 dilecta:
1015 3433 1147 3489 filia:
1178 3438 1388 3490 nostrae
1438 3435 1821 3509 Theutbergae
1852 3455 1939 3493 re-

284 3523 458 3594 ginae,
492 3521 630 3593 quia
661 3538 775 3576 non
807 3537 877 3576 ex
905 3525 1027 3577 toto
1059 3522 1131 3577 ab
1162 3521 1264 3577 illa
1290 3524 1521 3578 videtur
1538 3541 1775 3597 corpore
1807 3543 1939 3597 pro-

285 3609 582 3684 longatus,
615 3610 755 3665 dum
790 3614 987 3666 tamen
1020 3628 1147 3667 esse
1195 3627 1328 3666 cum
1362 3628 1431 3666 ea
1463 3616 1654 3668 mente
1699 3614 1940 3671 minime

284 3700 568 3772 probatur
593 3700 895 3755 annexus?
924 3700 1072 3766 Quid
1096 3700 1148 3755 ei
1170 3700 1397 3772 proficit
1420 3702 1748 3775 conjugalis
1774 3704 1943 3761 fmde-

283 3786 481 3856 ris,vel
512 3787 682 3860 regia:
710 3787 1014 3856 dignitatis
1047 3790 1284 3845 nomine
1314 3788 1438 3845 solo
1470 3790 1605 3857 frui,
1625 3809 1753 3863 qua:
1785 3798 1943 3849 caret

286 3877 564 3933 omnibus
586 3892 715 3949 qua:
735 3878 807 3933 ad
844 3877 1111 3950 perfectis
1134 3877 1465 3934 dilectionis
1517 3884 1574 3935 et
1621 3881 1944 3938 consimilis

282 3965 524 4022 ditionis
554 3965 841 4038 pertinere
867 3966 1143 4021 videntur
1172 3966 1474 4037 insignia?
1503 3967 1648 4023 Nam
1671 3969 1803 4040 quis
1826 3971 1940 4026 nisi

281 4053 497 4110 amula
525 4054 674 4125 ejus,
706 4053 1020 4111 Waldrada
1068 4054 1357 4117 videlicet,
1394 4072 1523 4126 quae
1579 4073 1695 4111 non
1745 4057 1937 4114 solum

281 4160 388 4215 pro
417 4142 703 4199 adulterio
733 4143 1179 4211 commisso,sed
1209 4161 1313 4216 pro
1346 4143 1733 4216 impmnitenti
1766 4147 1939 4203 corde

278 4231 537 4287 vinculis
567 4236 657 4288 est
685 4232 1309 4290 excommunicationis
1340 4232 1571 4301 innexa,
1608 4235 1769 4307 regni
1803 4252 1937 4291 cum

282 4320 559 4377 Lothario
579 4320 840 4376 culmina
862 4321 1333 4395 possidet,gloria
1355 4322 1588 4389 fruitur,
1601 4322 1742 4394 jura
1757 4327 1935 4392 tenet,

279 4414 336 4466 et
367 4409 568 4465 omnia
587 4426 695 4465 suo
717 4409 980 4481 disponit
1001 4410 1240 4466 arbitrio
1259 4427 1271 4466 :
1290 4427 1426 4482 quas
1445 4409 1579 4465 licet
1602 4410 1937 4485 acolloquio

278 4499 413 4569 ejus
445 4499 714 4570 seiuncta
743 4498 933 4570 specie
963 4503 1136 4553 tenus
1164 4499 1430 4555 videatur
1455 4500 1832 4573 existere,per
1852 4501 1937 4557 in-

2050 3349 2298 3403 fratrum
2333 3347 2390 3401 in
2420 3344 2719 3417 Apocalysi
2752 3344 2996 3400 Joannis
3036 3345 3365 3418 appellatur
3411 3350 3547 3419 (cap.
3600 3365 3697 3416 xu,

2049 3442 2107 3493 et
2134 3452 2310 3509 opera
2341 3436 2624 3507 ejus,quaa
2646 3439 2703 3489 et
2724 3433 2853 3503 ipsa
2873 3434 3138 3505 ejusdem
3163 3435 3384 3508 antiqui
3406 3436 3591 3492 hostis
3616 3436 3701 3491 in-

2050 3525 2269 3581 stinctu
2302 3528 2625 3596 patrantur,
2661 3523 2919 3594 profecto
2951 3523 3368 3594 comperimus.
3402 3525 3536 3590 Qua:
3566 3541 3700 3580 vero

2050 3612 2357 3669 Lotharius
2384 3630 2481 3667 rex
2511 3615 2698 3667 vester
2723 3627 2904 3682 nepos
2926 3616 3561 3683 operatur,accusatore
3584 3630 3698 3668 non

2048 3700 2647 3774 indigent.Maniiesta
2664 3699 3183 3772 quippe,Apostolo
3203 3705 3515 3766 teste,sunt
3526 3718 3702 3773 opera

2048 3789 2241 3846 carnis
2286 3807 2411 3862 quae
2461 3793 2599 3844 sunt
2649 3788 2975 3855 fornicatio,
3027 3788 3426 3857 immunditia,
3470 3789 3702 3845 luxuria

2048 3879 2277 3950 (Gal.v),
2311 3881 2367 3933 et
2397 3877 2641 3949 reliqua.
2676 3876 2961 3949 Optamus
2991 3875 3237 3949 gloriam
3266 3882 3519 3935 vestram
3544 3896 3698 3934 nunc

2047 3973 2104 4023 et
2135 3984 2366 4038 semper
2396 3967 2540 4021 bene
2568 3964 2775 4031 valere,
2808 3964 3189 4023 dilectissime
3220 3967 3477 4024 fili.Data
3504 3967 3561 4023 in
3597 3968 3699 4023 Ka-

2048 4056 2251 4112 lendas
2282 4053 2643 4120 Novembris,
2670 4052 2987 4108 indictione
3018 4072 3055 4108 ι.

2722 4211 3015 4250 EMBOLUM.

2120 4319 2338 4377 Statuit
2394 4323 2669 4391 praeterea
2727 4318 3033 4374 nobiscum
3092 4319 3441 4375 excellentiae
3498 4325 3700 4378 vestra!

2048 4410 2361 4481 legatus,ut
2396 4408 2687 4463 mediante
2715 4408 2866 4463 Maio
2899 4425 3098 4464 mense
3120 4408 3297 4480 hujus
3327 4410 3529 4481 primae
3554 4410 3701 4465 indi-

2047 4496 2277 4563 ctionis,
2313 4514 2418 4569 pro
2440 4495 2616 4551 unius
2647 4496 2785 4551 anni
2818 4496 3105 4553 reditibus
3135 4514 3329 4552 rerum
3361 4499 3418 4553 S.
3455 4498 3605 4554 Petri
3641 4500 3699 4554 in

275 4586 613 4644 ternuntios
639 4590 856 4652 tamen,
881 4589 937 4641 et
968 4586 1229 4642 diversos
1259 4588 1935 4653 satellites,tantumdem
1967 4600 2013 4668 Ι)
2046 4604 2226 4660 regno
2273 4589 2462 4641 vestro
2512 4584 2763 4640 sitarum
2796 4585 3166 4656 recipiendis,
3209 4590 3440 4642 nostros
3486 4586 3700 4644 missos

276 4692 460 4749 penes
482 4674 792 4747 ipsum,vel
810 4675 986 4731 etiam
1013 4674 1202 4747 magis
1226 4675 1583 4748 valet,quam
1607 4677 1653 4732 si
1676 4677 1939 4750 legitima

275 4764 493 4835 conjux
522 4763 722 4819 haberi
752 4764 1163 4836 quoquomodo
1217 4764 1527 4835 potuisset.
1568 4765 1715 4820 Nam
1766 4783 1937 4821 nemo

276 4852 434 4925 apud
469 4852 698 4937 regium
728 4852 954 4925 apicem
986 4856 1075 4908 est
1095 4852 1477 4924 adjutus,nisi
1500 4870 1602 4925 per
1621 4852 1783 4909 illam
1809 4871 1821 4908 :
1846 4854 1940 4908 vix

170 4982 179 4995 ς
214 5000 219 5005 ,
274 4957 709 5027 uaguequaque
737 4940 933 5012 lassus,
967 4941 1081 4997 nisi
1116 4946 1351 5014 propter
1399 4940 1583 5010 illam,
1618 4942 1938 5015 quisquam

170 5034 179 5039 ’
272 5045 407 5086 esse
428 5029 812 5085 refertur.llla
832 5031 1051 5103 quippe
1068 5047 1248 5103 penes
1267 5046 1403 5086 eum
1426 5029 1673 5102 gratiam
1694 5048 1937 5103 poscen-

275 5118 441 5197 tibus
473 5116 808 5190 impetrare,
838 5117 969 5190 ipsa
997 5118 1120 5175 sola
1148 5119 1365 5191 quibus
1404 5118 1627 5174 mavult
1656 5120 1939 5175 beneficia

159 5214 187 5273 si
218 5282 223 5286 ἦ
275 5198 487 5283 parare
518 5224 585 5263 eo
616 5207 961 5264 suevit.Jam
990 5218 1123 5263 vero
1146 5209 1193 5264 si
1216 5208 1298 5264 ita
1324 5225 1439 5265 non
1462 5211 1550 5264 est
1577 5212 1640 5263 ut
1660 5208 1933 5278 dicimus,

2046 4676 2466 4731 direxissemus
2492 4689 2655 4727 :cum
2687 4673 2940 4728 duorum
2972 4690 3261 4729 annorum
3285 4675 3412 4745 jam
3438 4678 3702 4747 tempora

2047 4762 2455 4837 praeterierint,
2488 4778 2557 4817 ex
2589 4778 2705 4833 quo
2738 4762 2965 4818 reditus
2995 4779 3062 4819 ex
3086 4762 3204 4818 illis
3226 4762 3555 4819 debuerunt
3574 4781 3702 4822 esse

2047 4853 2295 4919 collecti,
2328 4856 2384 4907 et
2432 4868 2538 4907 nos
2587 4869 2657 4906 ex
2704 4852 2789 4907 eis
2842 4851 2985 4906 nihil
3035 4852 3384 4923 recepimus.
3417 4854 3593 4910 Porro
3626 4854 3696 4923 si,

2048 4942 2199 4999 sicut
2229 4959 2332 5014 per
2361 4939 2578 4997 multos
2600 4944 2658 4996 et
2682 4941 2836 4996 hunc
2859 4942 3130 4997 eumdem
3162 4945 3419 4997 vestrum
3444 4942 3697 5017 legatum

2047 5029 2734 5104 cognovimus,Arsenius
2763 5029 2898 5085 inde
2929 5029 3148 5102 aliquid
3181 5029 3574 5104 collegit,licet
3594 5050 3701 5087 no-

2047 5121 2139 5177 bis
2169 5120 2387 5191 aliquid
2422 5136 2536 5174 non
2570 5118 2863 5187 detulerit,
2898 5120 2968 5174 de
3000 5119 3308 5191 praeteritis
3338 5121 3509 5178 annis
3528 5121 3698 5176 colle-

2045 5209 2274 5282 git,non
2297 5209 2366 5264 de
2391 5207 2794 5263 futuris.Unde
2808 5223 3084 5279 rogamus
3096 5207 3342 5281 gloriam
3354 5212 3704 5275 vestram,ut

122 5346 128 5351 .
153 5317 181 5358 ι,
224 5306 241 5362 ³,
268 5286 533 5372 ἱᾲίθετηεὶ
564 5295 653 5351 vel
683 5296 1054 5368 Theutberga
1084 5296 1285 5370 regina
1314 5301 1537 5353 tantam
1560 5299 1711 5370 apud
1735 5298 1932 5369 ipsum

136 5394 164 5451 ἱ
207 5370 815 5463 ",incommoditatem
848 5388 904 5440 et
934 5384 1376 5441 dehonestatcm
1410 5402 1522 5442 non
1558 5385 1797 5457 patitur,
1829 5402 1932 5442 nec

209 5473 585 5557 "-Watdrada
617 5473 845 5529 moecha
875 5472 1063 5548 gloria
1108 5477 1269 5530 tanta
1320 5491 1434 5530 non
1484 5475 1728 5542 fruitur;
1754 5493 1933 5547 quare
2041 5476 2220 5531 tionis
2248 5474 2436 5547 gratia
2467 5474 2783 5541 venientes,
2818 5480 3132 5548 antequam
3167 5475 3237 5529 de
3271 5473 3488 5529 finibus
3534 5474 3696 5546 regni

266 5561 438 5617 nobis
469 5561 757 5634 scribens,
789 5562 879 5619 vel
912 5562 1042 5619 aliis
1089 5563 1480 5629 satisfaciens,
1515 5563 1670 5619 sicut
1714 5563 1933 5621 indicat
2038 5564 2210 5621 vestri
2249 5566 2402 5620 foras
2432 5580 2500 5619 ea
2530 5563 2662 5618 duci
2687 5563 2968 5634 jubeatis,
3012 5563 3182 5618 nobis
3231 5562 3597 5634 signiﬁcetis,
3632 5568 3698 5621 ut

266 5662 342 5719 de
370 5649 713 5718 Waldrada,
746 5651 902 5722 quod
932 5655 1064 5725 post
1094 5651 1263 5707 missi
1307 5652 1490 5709 nostri
1538 5652 1939 5709 reversionem
2038 5654 2132 5710 his
2164 5653 2397 5710 interim
2428 5652 2488 5709 in
2522 5654 2818 5710 tutissimo
2864 5669 2898 5707 a
2925 5652 3241 5725 prudentia
3258 5654 3451 5709 vestra
3480 5656 3701 5711 statuto

2045 5315 2148 5370 pro
2176 5297 2463 5353 mercedis
2483 5300 2686 5351 vestrae
2708 5295 3246 5364 cumulis,collectis
3267 5296 3541 5353 omnibus
3563 5295 3699 5362 illis,

2043 5402 2145 5459 per
2165 5386 2338 5441 vestri
2361 5384 2642 5441 culminis
2660 5372 2812 5440 viros
2831 5386 2899 5441 ad
2921 5387 3317 5459 apostolorum
3340 5382 3547 5439 limina
3570 5401 3698 5440 ora-
