  <div class='ocr_page' id='page_1' title='image "/cluster/home/n/w/nwhite01/storage/ocr_20150623/119/hvd.32044052820040/595.png"; bbox 0 0 4058 6174; ppageno 0'>
   <div class='ocr_carea' id='block_1_1' title="bbox 425 374 579 440">
    <p class='ocr_par' dir='ltr' id='par_1_1' title="bbox 425 374 579 440">
     <span class='ocr_line' id='line_1_1' title="bbox 425 374 579 440; baseline -0.006 0"><span class='ocrx_word' id='word_1_1' title='bbox 425 374 579 440; x_wconf 74' lang='grc'><strong>1179</strong></span> 
     </span>
    </p>
   </div>
   <div class='ocr_carea' id='block_1_2' title="bbox 1788 356 2460 425">
    <p class='ocr_par' dir='ltr' id='par_1_2' title="bbox 1788 356 2460 425">
     <span class='ocr_line' id='line_1_2' title="bbox 1788 356 2460 425; baseline -0.001 0"><span class='ocrx_word' id='word_1_2' title='bbox 1788 358 2100 425; x_wconf 84' lang='lat' dir='ltr'>NICOLAI</span> <span class='ocrx_word' id='word_1_3' title='bbox 2140 356 2369 423; x_wconf 65' lang='lat' dir='ltr'>PAPIE</span> <span class='ocrx_word' id='word_1_4' title='bbox 2408 358 2460 424; x_wconf 93' lang='grc' dir='ltr'><strong>Ῑ.</strong></span> 
     </span>
    </p>
   </div>
   <div class='ocr_carea' id='block_1_3' title="bbox 3684 358 3857 424">
    <p class='ocr_par' dir='ltr' id='par_1_3' title="bbox 3684 358 3857 424">
     <span class='ocr_line' id='line_1_3' title="bbox 3684 358 3857 424; baseline 0.012 -2"><span class='ocrx_word' id='word_1_5' title='bbox 3684 358 3857 424; x_wconf 51' lang='grc'>1180⁷</span> 
     </span>
    </p>
   </div>
   <div class='ocr_carea' id='block_1_4' title="bbox 422 494 3839 577">
    <p class='ocr_par' dir='ltr' id='par_1_4' title="bbox 422 494 3839 577">
     <span class='ocr_line' id='line_1_4' title="bbox 422 494 3839 577; baseline -0.006 -7"><span class='ocrx_word' id='word_1_6' title='bbox 422 513 548 571; x_wconf 91' lang='lat' dir='ltr'>loco</span> <span class='ocrx_word' id='word_1_7' title='bbox 582 509 919 576; x_wconf 81' lang='lat' dir='ltr'>reconditis,</span> <span class='ocrx_word' id='word_1_8' title='bbox 952 505 1001 562; x_wconf 89' lang='lat' dir='ltr'>si</span> <span class='ocrx_word' id='word_1_9' title='bbox 1034 524 1068 561; x_wconf 90' lang='lat' dir='ltr'>a</span> <span class='ocrx_word' id='word_1_10' title='bbox 1107 501 1341 577; x_wconf 84' lang='lat' dir='ltr'>speciali</span> <span class='ocrx_word' id='word_1_11' title='bbox 1397 500 1515 555; x_wconf 83' lang='lat' dir='ltr'>ﬁlio</span> <span class='ocrx_word' id='word_1_12' title='bbox 1565 502 1762 555; x_wconf 90' lang='lat' dir='ltr'>nostro</span> <span class='ocrx_word' id='word_1_13' title='bbox 1809 500 2070 570; x_wconf 87' lang='lat' dir='ltr'>Augusto</span> <span class='ocrx_word' id='word_1_14' title='bbox 2100 494 2155 560; x_wconf 80' lang='grc' dir='ltr'><strong>Α</strong></span> <span class='ocrx_word' id='word_1_15' title='bbox 2182 498 2288 552; x_wconf 82' lang='lat' dir='ltr'>Sed</span> <span class='ocrx_word' id='word_1_16' title='bbox 2326 497 2464 569; x_wconf 86' lang='lat' dir='ltr'>quia</span> <span class='ocrx_word' id='word_1_17' title='bbox 2507 497 2661 552; x_wconf 91' lang='lat' dir='ltr'>idem</span> <span class='ocrx_word' id='word_1_18' title='bbox 2693 495 2983 569; x_wconf 88' lang='lat' dir='ltr'>gloriosus</span> <span class='ocrx_word' id='word_1_19' title='bbox 3041 514 3141 554; x_wconf 81' lang='lat' dir='ltr'>rex</span> <span class='ocrx_word' id='word_1_20' title='bbox 3195 500 3356 553; x_wconf 89' lang='lat' dir='ltr'>metu</span> <span class='ocrx_word' id='word_1_21' title='bbox 3414 496 3839 571; x_wconf 84' lang='lat' dir='ltr'>Teutbergam,</span> 
     </span>
    </p>
   </div>
   <div class='ocr_carea' id='block_1_5' title="bbox 427 588 2072 673">
    <p class='ocr_par' dir='ltr' id='par_1_5' title="bbox 427 588 2072 673">
     <span class='ocr_line' id='line_1_5' title="bbox 427 588 2072 673; baseline -0.012 -13"><span class='ocrx_word' id='word_1_22' title='bbox 427 602 690 661; x_wconf 82' lang='lat' dir='ltr'>obtinere</span> <span class='ocrx_word' id='word_1_23' title='bbox 706 597 1163 673; x_wconf 89' lang='lat' dir='ltr'>potuerimus,ut</span> <span class='ocrx_word' id='word_1_24' title='bbox 1183 609 1316 649; x_wconf 91' lang='lat' dir='ltr'>cum</span> <span class='ocrx_word' id='word_1_25' title='bbox 1342 591 1529 664; x_wconf 88' lang='lat' dir='ltr'>ipsius</span> <span class='ocrx_word' id='word_1_26' title='bbox 1551 588 1787 645; x_wconf 87' lang='lat' dir='ltr'>homine</span> <span class='ocrx_word' id='word_1_27' title='bbox 1808 592 2072 643; x_wconf 88' lang='lat' dir='ltr'>nostrum</span> 
     </span>
    </p>
   </div>
   <div class='ocr_carea' id='block_1_6' title="bbox 424 675 2075 762">
    <p class='ocr_par' dir='ltr' id='par_1_6' title="bbox 424 675 2075 762">
     <span class='ocr_line' id='line_1_6' title="bbox 424 675 2075 762; baseline -0.012 -13"><span class='ocrx_word' id='word_1_28' title='bbox 424 692 566 749; x_wconf 87' lang='lat' dir='ltr'>illuc</span> <span class='ocrx_word' id='word_1_29' title='bbox 590 689 1000 762; x_wconf 88' lang='lat' dir='ltr'>dirigamus,et</span> <span class='ocrx_word' id='word_1_30' title='bbox 1020 702 1087 740; x_wconf 91' lang='lat' dir='ltr'>ea</span> <span class='ocrx_word' id='word_1_31' title='bbox 1103 686 1167 738; x_wconf 91' lang='lat' dir='ltr'>ut</span> <span class='ocrx_word' id='word_1_32' title='bbox 1183 680 1354 737; x_wconf 91' lang='lat' dir='ltr'>nobis</span> <span class='ocrx_word' id='word_1_33' title='bbox 1384 681 1511 736; x_wconf 86' lang='lat' dir='ltr'>sine</span> <span class='ocrx_word' id='word_1_34' title='bbox 1542 677 1738 751; x_wconf 90' lang='lat' dir='ltr'>aliquo</span> <span class='ocrx_word' id='word_1_35' title='bbox 1769 675 2075 749; x_wconf 86' lang='lat' dir='ltr'>dispendio</span> 
     </span>
    </p>
   </div>
   <div class='ocr_carea' id='block_1_7' title="bbox 425 766 2073 848">
    <p class='ocr_par' dir='ltr' id='par_1_7' title="bbox 425 766 2073 848">
     <span class='ocr_line' id='line_1_7' title="bbox 425 766 2073 848; baseline -0.012 -9"><span class='ocrx_word' id='word_1_36' title='bbox 425 782 781 846; x_wconf 89' lang='lat' dir='ltr'>deferantur,</span> <span class='ocrx_word' id='word_1_37' title='bbox 808 775 1179 848; x_wconf 89' lang='lat' dir='ltr'>recipiamus,</span> <span class='ocrx_word' id='word_1_38' title='bbox 1204 771 1524 845; x_wconf 86' lang='lat' dir='ltr'>&#39;gratiarum</span> <span class='ocrx_word' id='word_1_39' title='bbox 1548 768 1807 823; x_wconf 84' lang='lat' dir='ltr'>actiones</span> <span class='ocrx_word' id='word_1_40' title='bbox 1825 766 2073 822; x_wconf 90' lang='lat' dir='ltr'>Domino</span> 
     </span>
    </p>
   </div>
   <div class='ocr_carea' id='block_1_8' title="bbox 425 855 2074 943">
    <p class='ocr_par' dir='ltr' id='par_1_8' title="bbox 425 855 2074 943">
     <span class='ocr_line' id='line_1_8' title="bbox 425 855 2074 943; baseline -0.012 -15"><span class='ocrx_word' id='word_1_41' title='bbox 425 868 803 943; x_wconf 69' lang='lat' dir='ltr'>rependenda:</span> <span class='ocrx_word' id='word_1_42' title='bbox 835 868 991 920; x_wconf 89' lang='lat' dir='ltr'>sunt.</span> <span class='ocrx_word' id='word_1_43' title='bbox 1012 862 1112 917; x_wconf 92' lang='lat' dir='ltr'>Sin</span> <span class='ocrx_word' id='word_1_44' title='bbox 1135 865 1353 930; x_wconf 84' lang='lat' dir='ltr'>autem,</span> <span class='ocrx_word' id='word_1_45' title='bbox 1377 859 1627 915; x_wconf 89' lang='lat' dir='ltr'>missum</span> <span class='ocrx_word' id='word_1_46' title='bbox 1659 860 1925 912; x_wconf 91' lang='lat' dir='ltr'>nostrum</span> <span class='ocrx_word' id='word_1_47' title='bbox 1958 855 2074 909; x_wconf 89' lang='lat' dir='ltr'>Deo</span> 
     </span>
    </p>
   </div>
   <div class='ocr_carea' id='block_1_9' title="bbox 426 946 2074 1032">
    <p class='ocr_par' dir='ltr' id='par_1_9' title="bbox 426 946 2074 1032">
     <span class='ocr_line' id='line_1_9' title="bbox 426 946 2074 1032; baseline -0.012 -16"><span class='ocrx_word' id='word_1_48' title='bbox 426 960 632 1032; x_wconf 83' lang='lat' dir='ltr'>opiﬁce</span> <span class='ocrx_word' id='word_1_49' title='bbox 661 953 1110 1017; x_wconf 89' lang='lat' dir='ltr'>destinabimus,</span> <span class='ocrx_word' id='word_1_50' title='bbox 1143 950 1243 1022; x_wconf 85' lang='lat' dir='ltr'>qui</span> <span class='ocrx_word' id='word_1_51' title='bbox 1294 947 1547 1020; x_wconf 79' lang='lat' dir='ltr'>qualiter</span> <span class='ocrx_word' id='word_1_52' title='bbox 1577 946 1636 1001; x_wconf 91' lang='lat' dir='ltr'>in</span> <span class='ocrx_word' id='word_1_53' title='bbox 1676 950 1866 1001; x_wconf 88' lang='lat' dir='ltr'>vestro</span> <span class='ocrx_word' id='word_1_54' title='bbox 1897 960 2074 1017; x_wconf 85' lang='lat' dir='ltr'>regno</span> 
     </span>
    </p>
   </div>
   <div class='ocr_carea' id='block_1_10' title="bbox 427 1033 2073 1106">
    <p class='ocr_par' dir='ltr' id='par_1_10' title="bbox 427 1033 2073 1106">
     <span class='ocr_line' id='line_1_10' title="bbox 427 1033 2073 1106; baseline -0.012 -1"><span class='ocrx_word' id='word_1_55' title='bbox 427 1050 545 1106; x_wconf 91' lang='lat' dir='ltr'>sint</span> <span class='ocrx_word' id='word_1_56' title='bbox 574 1043 872 1102; x_wconf 87' lang='lat' dir='ltr'>recondita</span> <span class='ocrx_word' id='word_1_57' title='bbox 900 1058 966 1097; x_wconf 89' lang='lat' dir='ltr'>ac</span> <span class='ocrx_word' id='word_1_58' title='bbox 997 1039 1305 1103; x_wconf 87' lang='lat' dir='ltr'>custodita,</span> <span class='ocrx_word' id='word_1_59' title='bbox 1330 1054 1463 1093; x_wconf 90' lang='lat' dir='ltr'>cum</span> <span class='ocrx_word' id='word_1_60' title='bbox 1489 1040 1681 1091; x_wconf 90' lang='lat' dir='ltr'>vestro</span> <span class='ocrx_word' id='word_1_61' title='bbox 1714 1033 1894 1090; x_wconf 89' lang='lat' dir='ltr'>misso</span> <span class='ocrx_word' id='word_1_62' title='bbox 1928 1050 2073 1105; x_wconf 70' lang='lat' dir='ltr'>pras-</span> 
     </span>
    </p>
   </div>
   <div class='ocr_carea' id='block_1_11' title="bbox 424 1125 2074 1203">
    <p class='ocr_par' dir='ltr' id='par_1_11' title="bbox 424 1125 2074 1203">
     <span class='ocr_line' id='line_1_11' title="bbox 424 1125 2074 1203; baseline -0.011 -9"><span class='ocrx_word' id='word_1_63' title='bbox 424 1138 648 1203; x_wconf 89' lang='lat' dir='ltr'>videat;</span> <span class='ocrx_word' id='word_1_64' title='bbox 680 1138 737 1190; x_wconf 90' lang='lat' dir='ltr'>et</span> <span class='ocrx_word' id='word_1_65' title='bbox 762 1131 855 1187; x_wconf 87' lang='lat' dir='ltr'>his</span> <span class='ocrx_word' id='word_1_66' title='bbox 887 1127 1271 1185; x_wconf 85' lang='lat' dir='ltr'>nihilominus</span> <span class='ocrx_word' id='word_1_67' title='bbox 1303 1126 1536 1181; x_wconf 83' lang='lat' dir='ltr'>interim</span> <span class='ocrx_word' id='word_1_68' title='bbox 1569 1125 1626 1179; x_wconf 89' lang='lat' dir='ltr'>in</span> <span class='ocrx_word' id='word_1_69' title='bbox 1658 1128 1846 1179; x_wconf 90' lang='lat' dir='ltr'>vestro</span> <span class='ocrx_word' id='word_1_70' title='bbox 1896 1138 2074 1194; x_wconf 90' lang='lat' dir='ltr'>regno</span> 
     </span>
    </p>
   </div>
   <div class='ocr_carea' id='block_1_12' title="bbox 426 1211 2076 1286">
    <p class='ocr_par' dir='ltr' id='par_1_12' title="bbox 426 1211 2076 1286">
     <span class='ocr_line' id='line_1_12' title="bbox 426 1211 2076 1286; baseline -0.012 -3"><span class='ocrx_word' id='word_1_71' title='bbox 426 1228 575 1283; x_wconf 90' lang='lat' dir='ltr'>bene</span> <span class='ocrx_word' id='word_1_72' title='bbox 624 1220 882 1286; x_wconf 89' lang='lat' dir='ltr'>salvatis,</span> <span class='ocrx_word' id='word_1_73' title='bbox 915 1223 1015 1274; x_wconf 88' lang='lat' dir='ltr'>aut</span> <span class='ocrx_word' id='word_1_74' title='bbox 1045 1218 1216 1273; x_wconf 89' lang='lat' dir='ltr'>nobis</span> <span class='ocrx_word' id='word_1_75' title='bbox 1248 1214 1561 1280; x_wconf 84' lang='lat' dir='ltr'>renuntiet,</span> <span class='ocrx_word' id='word_1_76' title='bbox 1596 1217 1699 1268; x_wconf 84' lang='lat' dir='ltr'>aut</span> <span class='ocrx_word' id='word_1_77' title='bbox 1728 1216 1881 1268; x_wconf 87' lang='lat' dir='ltr'>certe</span> <span class='ocrx_word' id='word_1_78' title='bbox 1912 1211 2076 1282; x_wconf 89' lang='lat' dir='ltr'>quid-</span> 
     </span>
    </p>
   </div>
   <div class='ocr_carea' id='block_1_13' title="bbox 427 1301 2074 1389">
    <p class='ocr_par' dir='ltr' id='par_1_13' title="bbox 427 1301 2074 1389">
     <span class='ocr_line' id='line_1_13' title="bbox 427 1301 2074 1389; baseline -0.012 -17"><span class='ocrx_word' id='word_1_79' title='bbox 427 1315 567 1389; x_wconf 90' lang='lat' dir='ltr'>quid</span> <span class='ocrx_word' id='word_1_80' title='bbox 625 1308 1081 1385; x_wconf 67' lang='lat' dir='ltr'>praaviderimus,</span> <span class='ocrx_word' id='word_1_81' title='bbox 1132 1305 1220 1360; x_wconf 87' lang='lat' dir='ltr'>vel</span> <span class='ocrx_word' id='word_1_82' title='bbox 1276 1302 1665 1371; x_wconf 83' lang='lat' dir='ltr'>sanxerimus,</span> <span class='ocrx_word' id='word_1_83' title='bbox 1707 1301 1893 1356; x_wconf 88' lang='lat' dir='ltr'>facere</span> <span class='ocrx_word' id='word_1_84' title='bbox 1958 1316 2074 1354; x_wconf 89' lang='lat' dir='ltr'>non</span> 
     </span>
    </p>
   </div>
   <div class='ocr_carea' id='block_1_14' title="bbox 428 1388 2070 1465">
    <p class='ocr_par' dir='ltr' id='par_1_14' title="bbox 428 1388 2070 1465">
     <span class='ocr_line' id='line_1_14' title="bbox 428 1388 2070 1465; baseline -0.009 -6"><span class='ocrx_word' id='word_1_85' title='bbox 428 1403 679 1461; x_wconf 88' lang='lat' dir='ltr'>omittat.</span> <span class='ocrx_word' id='word_1_86' title='bbox 712 1402 825 1455; x_wconf 88' lang='lat' dir='ltr'>Aut</span> <span class='ocrx_word' id='word_1_87' title='bbox 854 1398 902 1452; x_wconf 89' lang='lat' dir='ltr'>si</span> <span class='ocrx_word' id='word_1_88' title='bbox 934 1394 1118 1465; x_wconf 79' lang='lat' dir='ltr'>gloria</span> <span class='ocrx_word' id='word_1_89' title='bbox 1149 1397 1360 1458; x_wconf 89' lang='lat' dir='ltr'>vestra,</span> <span class='ocrx_word' id='word_1_90' title='bbox 1395 1407 1757 1463; x_wconf 65' lang='lat' dir='ltr'>quaecunque</span> <span class='ocrx_word' id='word_1_91' title='bbox 1806 1388 1906 1443; x_wconf 84' lang='lat' dir='ltr'>illa</span> <span class='ocrx_word' id='word_1_92' title='bbox 1948 1389 2070 1444; x_wconf 81' lang='lat' dir='ltr'>fue-</span> 
     </span>
    </p>
   </div>
   <div class='ocr_carea' id='block_1_15' title="bbox 429 1475 2077 1550">
    <p class='ocr_par' dir='ltr' id='par_1_15' title="bbox 429 1475 2077 1550">
     <span class='ocr_line' id='line_1_15' title="bbox 429 1475 2077 1550; baseline -0.01 -1"><span class='ocrx_word' id='word_1_93' title='bbox 429 1493 548 1550; x_wconf 88' lang='lat' dir='ltr'>rint</span> <span class='ocrx_word' id='word_1_94' title='bbox 602 1490 753 1545; x_wconf 86' lang='lat' dir='ltr'>infra</span> <span class='ocrx_word' id='word_1_95' title='bbox 808 1480 1456 1542; x_wconf 75' lang='lat' dir='ltr'>territorium‘ditionis</span> <span class='ocrx_word' id='word_1_96' title='bbox 1520 1483 1743 1541; x_wconf 70' lang='lat' dir='ltr'>vestras,</span> <span class='ocrx_word' id='word_1_97' title='bbox 1808 1475 2077 1532; x_wconf 86' lang='lat' dir='ltr'>videlicet</span> 
     </span>
    </p>
   </div>
   <div class='ocr_carea' id='block_1_16' title="bbox 430 1565 2073 1651">
    <p class='ocr_par' dir='ltr' id='par_1_16' title="bbox 430 1565 2073 1651">
     <span class='ocr_line' id='line_1_16' title="bbox 430 1565 2073 1651; baseline -0.011 -14"><span class='ocrx_word' id='word_1_98' title='bbox 430 1595 617 1651; x_wconf 88' lang='lat' dir='ltr'>usque</span> <span class='ocrx_word' id='word_1_99' title='bbox 665 1576 983 1633; x_wconf 85' lang='lat' dir='ltr'>Bononiam</span> <span class='ocrx_word' id='word_1_100' title='bbox 1034 1576 1133 1626; x_wconf 88' lang='lat' dir='ltr'>aut</span> <span class='ocrx_word' id='word_1_101' title='bbox 1182 1571 1514 1625; x_wconf 81' lang='lat' dir='ltr'>Ravennam</span> <span class='ocrx_word' id='word_1_102' title='bbox 1568 1566 1805 1639; x_wconf 89' lang='lat' dir='ltr'>perduci</span> <span class='ocrx_word' id='word_1_103' title='bbox 1852 1565 2073 1631; x_wconf 85' lang='lat' dir='ltr'>fecerit,</span> 
     </span>
    </p>
   </div>
   <div class='ocr_carea' id='block_1_17' title="bbox 427 1652 2077 1727">
    <p class='ocr_par' dir='ltr' id='par_1_17' title="bbox 427 1652 2077 1727">
     <span class='ocr_line' id='line_1_17' title="bbox 427 1652 2077 1727; baseline -0.012 -1"><span class='ocrx_word' id='word_1_104' title='bbox 427 1672 658 1725; x_wconf 85' lang='lat' dir='ltr'>tantum</span> <span class='ocrx_word' id='word_1_105' title='bbox 708 1669 774 1721; x_wconf 91' lang='lat' dir='ltr'>ut</span> <span class='ocrx_word' id='word_1_106' title='bbox 823 1678 1030 1719; x_wconf 87' lang='lat' dir='ltr'>secura</span> <span class='ocrx_word' id='word_1_107' title='bbox 1077 1660 1216 1721; x_wconf 90' lang='lat' dir='ltr'>sint,</span> <span class='ocrx_word' id='word_1_108' title='bbox 1248 1657 1357 1713; x_wconf 90' lang='lat' dir='ltr'>hoc</span> <span class='ocrx_word' id='word_1_109' title='bbox 1405 1655 1591 1711; x_wconf 90' lang='lat' dir='ltr'>multo</span> <span class='ocrx_word' id='word_1_110' title='bbox 1638 1654 1893 1727; x_wconf 87' lang='lat' dir='ltr'>amplius</span> <span class='ocrx_word' id='word_1_111' title='bbox 1933 1652 2077 1709; x_wconf 90' lang='lat' dir='ltr'>utile</span> 
     </span>
    </p>
   </div>
   <div class='ocr_carea' id='block_1_18' title="bbox 431 1743 2075 1829">
    <p class='ocr_par' dir='ltr' id='par_1_18' title="bbox 431 1743 2075 1829">
     <span class='ocr_line' id='line_1_18' title="bbox 431 1743 2075 1829; baseline -0.01 -15"><span class='ocrx_word' id='word_1_112' title='bbox 431 1762 489 1813; x_wconf 92' lang='lat' dir='ltr'>et</span> <span class='ocrx_word' id='word_1_113' title='bbox 534 1759 766 1829; x_wconf 90' lang='lat' dir='ltr'>gratum</span> <span class='ocrx_word' id='word_1_114' title='bbox 822 1748 1193 1813; x_wconf 86' lang='lat' dir='ltr'>habebimus,</span> <span class='ocrx_word' id='word_1_115' title='bbox 1251 1745 1530 1817; x_wconf 88' lang='lat' dir='ltr'>quoniam</span> <span class='ocrx_word' id='word_1_116' title='bbox 1590 1748 1646 1799; x_wconf 91' lang='lat' dir='ltr'>et</span> <span class='ocrx_word' id='word_1_117' title='bbox 1701 1760 1809 1798; x_wconf 93' lang='lat' dir='ltr'>nos</span> <span class='ocrx_word' id='word_1_118' title='bbox 1864 1743 2075 1799; x_wconf 90' lang='lat' dir='ltr'>deinde</span> 
     </span>
    </p>
   </div>
   <div class='ocr_carea' id='block_1_19' title="bbox 2185 586 3841 661">
    <p class='ocr_par' dir='ltr' id='par_1_19' title="bbox 2185 586 3841 661">
     <span class='ocr_line' id='line_1_19' title="bbox 2185 586 3841 661; baseline 0 -18"><span class='ocrx_word' id='word_1_119' title='bbox 2185 587 2495 643; x_wconf 86' lang='lat' dir='ltr'>admisisse</span> <span class='ocrx_word' id='word_1_120' title='bbox 2527 604 2588 643; x_wconf 90' lang='lat' dir='ltr'>se</span> <span class='ocrx_word' id='word_1_121' title='bbox 2617 587 2759 642; x_wconf 90' lang='lat' dir='ltr'>dicit</span> <span class='ocrx_word' id='word_1_122' title='bbox 2790 604 2804 642; x_wconf 89' lang='lat'><strong>:</strong></span> <span class='ocrx_word' id='word_1_123' title='bbox 2836 604 2937 642; x_wconf 90' lang='lat' dir='ltr'>vos</span> <span class='ocrx_word' id='word_1_124' title='bbox 2969 586 3114 642; x_wconf 91' lang='lat' dir='ltr'>illud</span> <span class='ocrx_word' id='word_1_125' title='bbox 3145 586 3549 661; x_wconf 83' lang='lat' dir='ltr'>evangelicum</span> <span class='ocrx_word' id='word_1_126' title='bbox 3582 586 3841 653; x_wconf 82' lang='lat' dir='ltr'>recolite,</span> 
     </span>
    </p>
   </div>
   <div class='ocr_carea' id='block_1_20' title="bbox 2185 676 3849 749">
    <p class='ocr_par' dir='ltr' id='par_1_20' title="bbox 2185 676 3849 749">
     <span class='ocr_line' id='line_1_20' title="bbox 2185 676 3849 749; baseline 0.001 -18"><span class='ocrx_word' id='word_1_127' title='bbox 2185 676 2343 748; x_wconf 89' lang='lat' dir='ltr'>quod</span> <span class='ocrx_word' id='word_1_128' title='bbox 2373 676 2660 732; x_wconf 88' lang='lat' dir='ltr'>Dominus</span> <span class='ocrx_word' id='word_1_129' title='bbox 2693 693 2706 731; x_wconf 92' lang='lat'>:</span> <span class='ocrx_word' id='word_1_130' title='bbox 2738 676 2938 744; x_wconf 79' lang='lat' dir='ltr'>Nolite,</span> <span class='ocrx_word' id='word_1_131' title='bbox 2966 676 3378 748; x_wconf 77' lang='lat' dir='ltr'>inquit,timere</span> <span class='ocrx_word' id='word_1_132' title='bbox 3404 693 3492 733; x_wconf 78' lang='lat' dir='ltr'>eos</span> <span class='ocrx_word' id='word_1_133' title='bbox 3519 679 3625 748; x_wconf 85' lang='lat' dir='ltr'>qui</span> <span class='ocrx_word' id='word_1_134' title='bbox 3649 692 3849 749; x_wconf 70' lang='lat' dir='ltr'>corpus</span> 
     </span>
    </p>
   </div>
   <div class='ocr_carea' id='block_1_21' title="bbox 2185 765 3855 838">
    <p class='ocr_par' dir='ltr' id='par_1_21' title="bbox 2185 765 3855 838">
     <span class='ocr_line' id='line_1_21' title="bbox 2185 765 3855 838; baseline -0.001 -15"><span class='ocrx_word' id='word_1_135' title='bbox 2185 765 2435 823; x_wconf 84' lang='lat' dir='ltr'>occidunt</span> <span class='ocrx_word' id='word_1_136' title='bbox 2472 766 2688 834; x_wconf 78' lang='lat' dir='ltr'>(Matth.</span> <span class='ocrx_word' id='word_1_137' title='bbox 2737 765 2824 837; x_wconf 82' lang='lat' dir='ltr'>x);</span> <span class='ocrx_word' id='word_1_138' title='bbox 2876 769 2934 821; x_wconf 88' lang='lat' dir='ltr'>et</span> <span class='ocrx_word' id='word_1_139' title='bbox 2978 766 3192 821; x_wconf 86' lang='lat' dir='ltr'>iterum</span> <span class='ocrx_word' id='word_1_140' title='bbox 3242 766 3325 821; x_wconf 87' lang='lat' dir='ltr'>ait</span> <span class='ocrx_word' id='word_1_141' title='bbox 3373 782 3387 820; x_wconf 89' lang='lat'>:</span> <span class='ocrx_word' id='word_1_142' title='bbox 3442 766 3587 835; x_wconf 83' lang='lat' dir='ltr'>Quid</span> <span class='ocrx_word' id='word_1_143' title='bbox 3633 766 3855 838; x_wconf 65' lang='lat' dir='ltr'>prodest</span> 
     </span>
    </p>
   </div>
   <div class='ocr_carea' id='block_1_22' title="bbox 2184 854 3852 922">
    <p class='ocr_par' dir='ltr' id='par_1_22' title="bbox 2184 854 3852 922">
     <span class='ocr_line' id='line_1_22' title="bbox 2184 854 3852 922; baseline 0 -12"><span class='ocrx_word' id='word_1_144' title='bbox 2184 855 2473 919; x_wconf 80' lang='lat' dir='ltr'>homini,si</span> <span class='ocrx_word' id='word_1_145' title='bbox 2501 856 2820 910; x_wconf 78' lang='lat' dir='ltr'>universum</span> <span class='ocrx_word' id='word_1_146' title='bbox 2857 854 3127 910; x_wconf 82' lang='lat' dir='ltr'>mundum</span> <span class='ocrx_word' id='word_1_147' title='bbox 3174 856 3438 922; x_wconf 81' lang='lat' dir='ltr'>lucretur,</span> <span class='ocrx_word' id='word_1_148' title='bbox 3469 857 3688 913; x_wconf 64' lang='lat' dir='ltr'>animae</span> <span class='ocrx_word' id='word_1_149' title='bbox 3725 872 3852 911; x_wconf 82' lang='lat' dir='ltr'>vero</span> 
     </span>
    </p>
   </div>
   <div class='ocr_carea' id='block_1_23' title="bbox 2182 944 3852 1017">
    <p class='ocr_par' dir='ltr' id='par_1_23' title="bbox 2182 944 3852 1017">
     <span class='ocr_line' id='line_1_23' title="bbox 2182 944 3852 1017; baseline 0.001 -18"><span class='ocrx_word' id='word_1_150' title='bbox 2182 959 2301 1000; x_wconf 67' lang='lat' dir='ltr'>suae</span> <span class='ocrx_word' id='word_1_151' title='bbox 2349 944 2736 1000; x_wconf 84' lang='lat' dir='ltr'>detrimentum</span> <span class='ocrx_word' id='word_1_152' title='bbox 2784 946 3074 1015; x_wconf 79' lang='lat' dir='ltr'>patiatur?</span> <span class='ocrx_word' id='word_1_153' title='bbox 3120 945 3329 1012; x_wconf 75' lang='lat' dir='ltr'>(Matth.</span> <span class='ocrx_word' id='word_1_154' title='bbox 3362 946 3462 1016; x_wconf 82' lang='lat' dir='ltr'>v1.)</span> <span class='ocrx_word' id='word_1_155' title='bbox 3506 948 3569 999; x_wconf 84' lang='lat' dir='ltr'>In</span> <span class='ocrx_word' id='word_1_156' title='bbox 3627 945 3852 1017; x_wconf 89' lang='lat' dir='ltr'>quibus</span> 
     </span>
    </p>
   </div>
   <div class='ocr_carea' id='block_1_24' title="bbox 2184 1031 3848 1105">
    <p class='ocr_par' dir='ltr' id='par_1_24' title="bbox 2184 1031 3848 1105">
     <span class='ocr_line' id='line_1_24' title="bbox 2184 1031 3848 1105; baseline 0.001 -18"><span class='ocrx_word' id='word_1_157' title='bbox 2184 1031 2856 1089; x_wconf 61' lang='lat' dir='ltr'>Dominicis‘sententiis</span> <span class='ocrx_word' id='word_1_158' title='bbox 2904 1033 3398 1089; x_wconf 88' lang='lat' dir='ltr'>considerandum</span> <span class='ocrx_word' id='word_1_159' title='bbox 3448 1037 3558 1099; x_wconf 91' lang='lat' dir='ltr'>est,</span> <span class='ocrx_word' id='word_1_160' title='bbox 3601 1034 3766 1105; x_wconf 89' lang='lat' dir='ltr'>quod</span> <span class='ocrx_word' id='word_1_161' title='bbox 3800 1035 3848 1089; x_wconf 88' lang='lat' dir='ltr'>si</span> 
     </span>
    </p>
   </div>
   <div class='ocr_carea' id='block_1_25' title="bbox 2185 1121 3849 1194">
    <p class='ocr_par' dir='ltr' id='par_1_25' title="bbox 2185 1121 3849 1194">
     <span class='ocr_line' id='line_1_25' title="bbox 2185 1121 3849 1194; baseline 0 -17"><span class='ocrx_word' id='word_1_162' title='bbox 2185 1121 2473 1177; x_wconf 90' lang='lat' dir='ltr'>occisores</span> <span class='ocrx_word' id='word_1_163' title='bbox 2502 1138 2811 1194; x_wconf 88' lang='lat' dir='ltr'>corporum</span> <span class='ocrx_word' id='word_1_164' title='bbox 2842 1121 3091 1177; x_wconf 87' lang='lat' dir='ltr'>timendi</span> <span class='ocrx_word' id='word_1_165' title='bbox 3122 1139 3236 1179; x_wconf 92' lang='lat' dir='ltr'>non</span> <span class='ocrx_word' id='word_1_166' title='bbox 3269 1125 3408 1177; x_wconf 91' lang='lat' dir='ltr'>sunt</span> <span class='ocrx_word' id='word_1_167' title='bbox 3438 1125 3648 1178; x_wconf 88' lang='lat' dir='ltr'>contra</span> <span class='ocrx_word' id='word_1_168' title='bbox 3667 1122 3849 1194; x_wconf 88' lang='lat' dir='ltr'>justi-</span> 
     </span>
    </p>
   </div>
   <div class='ocr_carea' id='block_1_26' title="bbox 2185 1209 3847 1283">
    <p class='ocr_par' dir='ltr' id='par_1_26' title="bbox 2185 1209 3847 1283">
     <span class='ocr_line' id='line_1_26' title="bbox 2185 1209 3847 1283; baseline 0.001 -18"><span class='ocrx_word' id='word_1_169' title='bbox 2185 1209 2326 1265; x_wconf 87' lang='lat' dir='ltr'>tiam</span> <span class='ocrx_word' id='word_1_170' title='bbox 2360 1210 2658 1267; x_wconf 87' lang='lat' dir='ltr'>hominem</span> <span class='ocrx_word' id='word_1_171' title='bbox 2691 1210 3145 1283; x_wconf 81' lang='lat' dir='ltr'>impellentes,et</span> <span class='ocrx_word' id='word_1_172' title='bbox 3174 1210 3404 1266; x_wconf 89' lang='lat' dir='ltr'>lucrum</span> <span class='ocrx_word' id='word_1_173' title='bbox 3427 1210 3613 1267; x_wconf 84' lang='lat' dir='ltr'>totius</span> <span class='ocrx_word' id='word_1_174' title='bbox 3635 1211 3847 1267; x_wconf 88' lang='lat' dir='ltr'>mundi</span> 
     </span>
    </p>
   </div>
   <div class='ocr_carea' id='block_1_27' title="bbox 2184 1299 3849 1372">
    <p class='ocr_par' dir='ltr' id='par_1_27' title="bbox 2184 1299 3849 1372">
     <span class='ocr_line' id='line_1_27' title="bbox 2184 1299 3849 1372; baseline 0 -17"><span class='ocrx_word' id='word_1_175' title='bbox 2184 1317 2300 1355; x_wconf 88' lang='lat' dir='ltr'>non</span> <span class='ocrx_word' id='word_1_176' title='bbox 2350 1300 2535 1371; x_wconf 88' lang='lat' dir='ltr'>prosit</span> <span class='ocrx_word' id='word_1_177' title='bbox 2580 1299 2805 1356; x_wconf 89' lang='lat' dir='ltr'>homini</span> <span class='ocrx_word' id='word_1_178' title='bbox 2852 1299 3051 1355; x_wconf 89' lang='lat' dir='ltr'>anima</span> <span class='ocrx_word' id='word_1_179' title='bbox 3090 1299 3337 1372; x_wconf 88' lang='lat' dir='ltr'>perdita,</span> <span class='ocrx_word' id='word_1_180' title='bbox 3368 1304 3593 1372; x_wconf 87' lang='lat' dir='ltr'>quanto</span> <span class='ocrx_word' id='word_1_181' title='bbox 3647 1300 3849 1355; x_wconf 89' lang='lat' dir='ltr'>minus</span> 
     </span>
    </p>
   </div>
   <div class='ocr_carea' id='block_1_28' title="bbox 2186 1388 3847 1455">
    <p class='ocr_par' dir='ltr' id='par_1_28' title="bbox 2186 1388 3847 1455">
     <span class='ocr_line' id='line_1_28' title="bbox 2186 1388 3847 1455; baseline 0 -11"><span class='ocrx_word' id='word_1_182' title='bbox 2186 1393 2343 1444; x_wconf 88' lang='lat' dir='ltr'>metu</span> <span class='ocrx_word' id='word_1_183' title='bbox 2379 1388 2555 1445; x_wconf 90' lang='lat' dir='ltr'>unius</span> <span class='ocrx_word' id='word_1_184' title='bbox 2585 1388 2840 1445; x_wconf 89' lang='lat' dir='ltr'>hominis</span> <span class='ocrx_word' id='word_1_185' title='bbox 2862 1393 3068 1444; x_wconf 91' lang='lat' dir='ltr'>tantus</span> <span class='ocrx_word' id='word_1_186' title='bbox 3107 1404 3206 1444; x_wconf 85' lang='lat' dir='ltr'>rex</span> <span class='ocrx_word' id='word_1_187' title='bbox 3257 1388 3477 1455; x_wconf 81' lang='lat' dir='ltr'>debuit,</span> <span class='ocrx_word' id='word_1_188' title='bbox 3509 1392 3723 1444; x_wconf 86' lang='lat' dir='ltr'>contra</span> <span class='ocrx_word' id='word_1_189' title='bbox 3754 1389 3847 1444; x_wconf 85' lang='lat' dir='ltr'>di-</span> 
     </span>
    </p>
   </div>
   <div class='ocr_carea' id='block_1_29' title="bbox 2183 1476 3851 1551">
    <p class='ocr_par' dir='ltr' id='par_1_29' title="bbox 2183 1476 3851 1551">
     <span class='ocr_line' id='line_1_29' title="bbox 2183 1476 3851 1551; baseline 0.001 -19"><span class='ocrx_word' id='word_1_190' title='bbox 2183 1476 2384 1533; x_wconf 90' lang='lat' dir='ltr'>vinum</span> <span class='ocrx_word' id='word_1_191' title='bbox 2417 1478 2857 1550; x_wconf 59' lang='lat' dir='ltr'>praeceptumﬁn</span> <span class='ocrx_word' id='word_1_192' title='bbox 2887 1477 3146 1533; x_wconf 86' lang='lat' dir='ltr'>immane</span> <span class='ocrx_word' id='word_1_193' title='bbox 3177 1477 3566 1551; x_wconf 68' lang='lat' dir='ltr'>praecipitium</span> <span class='ocrx_word' id='word_1_194' title='bbox 3611 1477 3851 1550; x_wconf 77' lang='lat' dir='ltr'>mergi?</span> 
     </span>
    </p>
   </div>
   <div class='ocr_carea' id='block_1_30' title="bbox 2187 1566 3847 1639">
    <p class='ocr_par' dir='ltr' id='par_1_30' title="bbox 2187 1566 3847 1639">
     <span class='ocr_line' id='line_1_30' title="bbox 2187 1566 3847 1639; baseline -0.001 -16"><span class='ocrx_word' id='word_1_195' title='bbox 2187 1567 2250 1623; x_wconf 91' lang='lat' dir='ltr'><strong>In</strong></span> <span class='ocrx_word' id='word_1_196' title='bbox 2296 1567 2404 1623; x_wconf 90' lang='lat' dir='ltr'>hoc</span> <span class='ocrx_word' id='word_1_197' title='bbox 2444 1571 2597 1622; x_wconf 91' lang='lat' dir='ltr'>certe</span> <span class='ocrx_word' id='word_1_198' title='bbox 2623 1583 2685 1622; x_wconf 91' lang='lat' dir='ltr'>se</span> <span class='ocrx_word' id='word_1_199' title='bbox 2706 1567 2897 1639; x_wconf 88' lang='lat' dir='ltr'>magis</span> <span class='ocrx_word' id='word_1_200' title='bbox 2925 1566 3442 1639; x_wconf 87' lang='lat' dir='ltr'>reprehensibilem</span> <span class='ocrx_word' id='word_1_201' title='bbox 3471 1567 3759 1635; x_wconf 84' lang='lat' dir='ltr'>ostendit,</span> <span class='ocrx_word' id='word_1_202' title='bbox 3789 1568 3847 1622; x_wconf 90' lang='lat' dir='ltr'>in</span> 
     </span>
    </p>
   </div>
   <div class='ocr_carea' id='block_1_31' title="bbox 2185 1655 3848 1728">
    <p class='ocr_par' dir='ltr' id='par_1_31' title="bbox 2185 1655 3848 1728">
     <span class='ocr_line' id='line_1_31' title="bbox 2185 1655 3848 1728; baseline -0.001 -16"><span class='ocrx_word' id='word_1_203' title='bbox 2185 1673 2302 1728; x_wconf 87' lang='lat' dir='ltr'>quo</span> <span class='ocrx_word' id='word_1_204' title='bbox 2327 1656 2511 1712; x_wconf 91' lang='lat' dir='ltr'>amori</span> <span class='ocrx_word' id='word_1_205' title='bbox 2542 1655 2747 1711; x_wconf 90' lang='lat' dir='ltr'>mundi</span> <span class='ocrx_word' id='word_1_206' title='bbox 2780 1672 3039 1711; x_wconf 89' lang='lat' dir='ltr'>amorem</span> <span class='ocrx_word' id='word_1_207' title='bbox 3071 1655 3170 1710; x_wconf 90' lang='lat' dir='ltr'>Dei</span> <span class='ocrx_word' id='word_1_208' title='bbox 3203 1655 3676 1727; x_wconf 88' lang='lat' dir='ltr'>postposuit.Ubi</span> <span class='ocrx_word' id='word_1_209' title='bbox 3700 1656 3848 1712; x_wconf 88' lang='lat' dir='ltr'>nihil</span> 
     </span>
    </p>
   </div>
   <div class='ocr_carea' id='block_1_32' title="bbox 2182 1743 3845 1817">
    <p class='ocr_par' dir='ltr' id='par_1_32' title="bbox 2182 1743 3845 1817">
     <span class='ocr_line' id='line_1_32' title="bbox 2182 1743 3845 1817; baseline -0.001 -16"><span class='ocrx_word' id='word_1_210' title='bbox 2182 1745 2349 1801; x_wconf 89' lang='lat' dir='ltr'>vobis</span> <span class='ocrx_word' id='word_1_211' title='bbox 2378 1745 2538 1799; x_wconf 89' lang='lat' dir='ltr'>aliud</span> <span class='ocrx_word' id='word_1_212' title='bbox 2568 1743 2962 1817; x_wconf 68' lang='lat' dir='ltr'>prmcipimus,</span> <span class='ocrx_word' id='word_1_213' title='bbox 2993 1744 3466 1800; x_wconf 85' lang='lat' dir='ltr'>manifestatione</span> <span class='ocrx_word' id='word_1_214' title='bbox 3496 1762 3613 1801; x_wconf 89' lang='lat' dir='ltr'>sua</span> <span class='ocrx_word' id='word_1_215' title='bbox 3641 1747 3845 1801; x_wconf 84' lang='lat' dir='ltr'>eodem</span> 
     </span>
    </p>
   </div>
   <div class='ocr_carea' id='block_1_33' title="bbox 431 1832 3848 1924">
    <p class='ocr_par' dir='ltr' id='par_1_33' title="bbox 431 1832 3848 1924">
     <span class='ocr_line' id='line_1_33' title="bbox 431 1832 3848 1924; baseline -0.003 -23"><span class='ocrx_word' id='word_1_216' title='bbox 431 1846 605 1902; x_wconf 91' lang='lat' dir='ltr'>modo</span> <span class='ocrx_word' id='word_1_217' title='bbox 637 1858 752 1914; x_wconf 92' lang='lat' dir='ltr'>quo</span> <span class='ocrx_word' id='word_1_218' title='bbox 781 1836 1137 1896; x_wconf 89' lang='lat' dir='ltr'>valuerimus</span> <span class='ocrx_word' id='word_1_219' title='bbox 1168 1851 1354 1906; x_wconf 90' lang='lat' dir='ltr'>usque</span> <span class='ocrx_word' id='word_1_220' title='bbox 1386 1834 1723 1905; x_wconf 42' lang='lat' dir='ltr'>Romam‘ea</span> <span class='ocrx_word' id='word_1_221' title='bbox 1754 1832 1884 1889; x_wconf 89' lang='lat' dir='ltr'>ferri</span> <span class='ocrx_word' id='word_1_222' title='bbox 1902 1832 2074 1904; x_wconf 88' lang='lat' dir='ltr'>jube-</span> <span class='ocrx_word' id='word_1_223' title='bbox 2107 1859 2155 1924; x_wconf 81' lang='grc' dir='ltr'><strong>Β</strong></span> <span class='ocrx_word' id='word_1_224' title='bbox 2186 1851 2319 1907; x_wconf 91' lang='lat' dir='ltr'>rege</span> <span class='ocrx_word' id='word_1_225' title='bbox 2360 1833 2640 1899; x_wconf 89' lang='lat' dir='ltr'>convicto,</span> <span class='ocrx_word' id='word_1_226' title='bbox 2694 1832 2807 1889; x_wconf 88' lang='lat' dir='ltr'>nisi</span> <span class='ocrx_word' id='word_1_227' title='bbox 2858 1837 2923 1888; x_wconf 91' lang='lat' dir='ltr'>ut</span> <span class='ocrx_word' id='word_1_228' title='bbox 2968 1834 3296 1889; x_wconf 88' lang='lat' dir='ltr'>secundum</span> <span class='ocrx_word' id='word_1_229' title='bbox 3347 1834 3704 1890; x_wconf 85' lang='lat' dir='ltr'>canonicam</span> <span class='ocrx_word' id='word_1_230' title='bbox 3751 1852 3848 1890; x_wconf 88' lang='lat' dir='ltr'>au-</span> 
     </span>
    </p>
   </div>
   <div class='ocr_carea' id='block_1_34' title="bbox 432 1934 650 1990">
    <p class='ocr_par' dir='ltr' id='par_1_34' title="bbox 432 1934 650 1990">
     <span class='ocr_line' id='line_1_34' title="bbox 432 1934 650 1990; baseline -0.018 0"><span class='ocrx_word' id='word_1_231' title='bbox 432 1934 650 1990; x_wconf 89' lang='lat' dir='ltr'>bimus.</span> 
     </span>
    </p>
   </div>
   <div class='ocr_carea' id='block_1_35' title="bbox 1153 2022 1366 2077">
    <p class='ocr_par' dir='ltr' id='par_1_35' title="bbox 1153 2022 1366 2077">
     <span class='ocr_line' id='line_1_35' title="bbox 1153 2022 1366 2077; baseline 0 0"><span class='ocrx_word' id='word_1_232' title='bbox 1153 2022 1366 2077; x_wconf 88' lang='lat' dir='ltr'>CLVII.</span> 
     </span>
    </p>
   </div>
   <div class='ocr_carea' id='block_1_36' title="bbox 575 2126 1936 2175">
    <p class='ocr_par' dir='ltr' id='par_1_36' title="bbox 575 2126 1936 2175">
     <span class='ocr_line' id='line_1_36' title="bbox 575 2126 1936 2175; baseline -0.008 0"><span class='ocrx_word' id='word_1_233' title='bbox 575 2136 646 2175; x_wconf 79' lang='lat' dir='ltr'>AD</span> <span class='ocrx_word' id='word_1_234' title='bbox 684 2132 982 2173; x_wconf 82' lang='lat' dir='ltr'>EPISCOPOS</span> <span class='ocrx_word' id='word_1_235' title='bbox 1024 2129 1263 2169; x_wconf 81' lang='lat' dir='ltr'>LEGA&#39;I‘OS</span> <span class='ocrx_word' id='word_1_236' title='bbox 1303 2129 1359 2167; x_wconf 84' lang='grc' dir='ltr'><strong>ΙΝ</strong></span> <span class='ocrx_word' id='word_1_237' title='bbox 1397 2126 1677 2166; x_wconf 73' lang='lat' dir='ltr'>FRANCIAM</span> <span class='ocrx_word' id='word_1_238' title='bbox 1717 2126 1936 2165; x_wconf 81' lang='lat' dir='ltr'>MISSOS.</span> 
     </span>
    </p>
   </div>
   <div class='ocr_carea' id='block_1_37' title="bbox 431 2199 2077 2272">
    <p class='ocr_par' dir='ltr' id='par_1_37' title="bbox 431 2199 2077 2272">
     <span class='ocr_line' id='line_1_37' title="bbox 431 2199 2077 2272; baseline -0.009 -6"><span class='ocrx_word' id='word_1_239' title='bbox 431 2211 592 2267; x_wconf 78' lang='lat' dir='ltr'>Mittit</span> <span class='ocrx_word' id='word_1_240' title='bbox 620 2208 689 2264; x_wconf 86' lang='lat' dir='ltr'>ad</span> <span class='ocrx_word' id='word_1_241' title='bbox 717 2222 803 2263; x_wconf 83' lang='lat' dir='ltr'>eos</span> <span class='ocrx_word' id='word_1_242' title='bbox 827 2202 1303 2260; x_wconf 81' lang='lat' dir='ltr'>commonitorium</span> <span class='ocrx_word' id='word_1_243' title='bbox 1344 2217 1446 2272; x_wconf 82' lang='lat' dir='ltr'>pro</span> <span class='ocrx_word' id='word_1_244' title='bbox 1491 2216 1658 2255; x_wconf 79' lang='lat' dir='ltr'>causa</span> <span class='ocrx_word' id='word_1_245' title='bbox 1712 2199 2077 2268; x_wconf 68' lang='lat' dir='ltr'>Theutbergw.</span> 
     </span>
    </p>
   </div>
   <div class='ocr_carea' id='block_1_38' title="bbox 799 2287 1726 2367">
    <p class='ocr_par' dir='ltr' id='par_1_38' title="bbox 799 2287 1726 2367">
     <span class='ocr_line' id='line_1_38' title="bbox 799 2287 1726 2367; baseline -0.008 -18"><span class='ocrx_word' id='word_1_246' title='bbox 799 2292 987 2367; x_wconf 85' lang='lat' dir='ltr'>[Apud</span> <span class='ocrx_word' id='word_1_247' title='bbox 1019 2289 1229 2356; x_wconf 89' lang='lat' dir='ltr'>Mansi,</span> <span class='ocrx_word' id='word_1_248' title='bbox 1265 2291 1423 2345; x_wconf 81' lang='lat' dir='ltr'>Conc.</span> <span class='ocrx_word' id='word_1_249' title='bbox 1457 2293 1598 2344; x_wconf 91' lang='lat' dir='ltr'>tom.</span> <span class='ocrx_word' id='word_1_250' title='bbox 1631 2287 1726 2343; x_wconf 84' lang='lat' dir='ltr'>XV</span> 
     </span>
    </p>
   </div>
   <div class='ocr_carea' id='block_1_39' title="bbox 503 2404 2082 2471">
    <p class='ocr_par' dir='ltr' id='par_1_39' title="bbox 503 2404 2082 2471">
     <span class='ocr_line' id='line_1_39' title="bbox 503 2404 2082 2471; baseline -0.009 0"><span class='ocrx_word' id='word_1_251' title='bbox 503 2408 1011 2471; x_wconf 84' lang='lat' dir='ltr'>Reverentissimis</span> <span class='ocrx_word' id='word_1_252' title='bbox 1057 2411 1115 2461; x_wconf 90' lang='lat' dir='ltr'>et</span> <span class='ocrx_word' id='word_1_253' title='bbox 1174 2404 1565 2460; x_wconf 87' lang='lat' dir='ltr'>sanctissimis</span> <span class='ocrx_word' id='word_1_254' title='bbox 1621 2404 1966 2459; x_wconf 62' lang='lat' dir='ltr'>Raonoawo</span> <span class='ocrx_word' id='word_1_255' title='bbox 2024 2407 2082 2459; x_wconf 90' lang='lat' dir='ltr'>et</span> 
     </span>
    </p>
   </div>
   <div class='ocr_carea' id='block_1_40' title="bbox 430 2497 981 2572">
    <p class='ocr_par' dir='ltr' id='par_1_40' title="bbox 430 2497 981 2572">
     <span class='ocr_line' id='line_1_40' title="bbox 430 2497 981 2572; baseline -0.018 -12"><span class='ocrx_word' id='word_1_256' title='bbox 430 2504 640 2561; x_wconf 73' lang='lat' dir='ltr'>JOANNI</span> <span class='ocrx_word' id='word_1_257' title='bbox 671 2497 981 2572; x_wconf 91' lang='lat' dir='ltr'>episcopis.</span> 
     </span>
    </p>
   </div>
   <div class='ocr_carea' id='block_1_41' title="bbox 504 2580 2082 2653">
    <p class='ocr_par' dir='ltr' id='par_1_41' title="bbox 504 2580 2082 2653">
     <span class='ocr_line' id='line_1_41' title="bbox 504 2580 2082 2653; baseline -0.006 -9"><span class='ocrx_word' id='word_1_258' title='bbox 504 2585 1009 2653; x_wconf 82' lang='lat' dir='ltr'>Quemadmodum</span> <span class='ocrx_word' id='word_1_259' title='bbox 1037 2585 1250 2638; x_wconf 68' lang='lat' dir='ltr'>sancta:</span> <span class='ocrx_word' id='word_1_260' title='bbox 1281 2582 1553 2636; x_wconf 72' lang='lat' dir='ltr'>Romana:</span> <span class='ocrx_word' id='word_1_261' title='bbox 1585 2580 1848 2635; x_wconf 73' lang='lat' dir='ltr'>Ecclesiae</span> <span class='ocrx_word' id='word_1_262' title='bbox 1882 2580 2082 2636; x_wconf 80' lang='lat' dir='ltr'>ﬁdeles</span> 
     </span>
    </p>
   </div>
   <div class='ocr_carea' id='block_1_42' title="bbox 434 2668 2083 2748">
    <p class='ocr_par' dir='ltr' id='par_1_42' title="bbox 434 2668 2083 2748">
     <span class='ocr_line' id='line_1_42' title="bbox 434 2668 2083 2748; baseline -0.006 -14"><span class='ocrx_word' id='word_1_263' title='bbox 434 2678 597 2745; x_wconf 78' lang='lat' dir='ltr'>estis,</span> <span class='ocrx_word' id='word_1_264' title='bbox 625 2680 681 2731; x_wconf 91' lang='lat' dir='ltr'>et</span> <span class='ocrx_word' id='word_1_265' title='bbox 728 2671 1057 2748; x_wconf 71' lang='lat' dir='ltr'>apostolicae</span> <span class='ocrx_word' id='word_1_266' title='bbox 1117 2670 1274 2727; x_wconf 88' lang='lat' dir='ltr'>sedis</span> <span class='ocrx_word' id='word_1_267' title='bbox 1330 2668 1616 2725; x_wconf 76' lang='lat' dir='ltr'>columnae</span> <span class='ocrx_word' id='word_1_268' title='bbox 1674 2668 1948 2736; x_wconf 83' lang='lat' dir='ltr'>existitis;</span> <span class='ocrx_word' id='word_1_269' title='bbox 1999 2668 2083 2724; x_wconf 90' lang='lat' dir='ltr'>ita</span> 
     </span>
    </p>
   </div>
   <div class='ocr_carea' id='block_1_43' title="bbox 433 2757 2085 2831">
    <p class='ocr_par' dir='ltr' id='par_1_43' title="bbox 433 2757 2085 2831">
     <span class='ocr_line' id='line_1_43' title="bbox 433 2757 2085 2831; baseline -0.007 -6"><span class='ocrx_word' id='word_1_270' title='bbox 433 2765 828 2825; x_wconf 90' lang='lat' dir='ltr'>custodientes</span> <span class='ocrx_word' id='word_1_271' title='bbox 868 2760 1067 2818; x_wconf 89' lang='lat' dir='ltr'>omnia</span> <span class='ocrx_word' id='word_1_272' title='bbox 1105 2759 1428 2816; x_wconf 89' lang='lat' dir='ltr'>secundum</span> <span class='ocrx_word' id='word_1_273' title='bbox 1464 2757 1715 2831; x_wconf 88' lang='lat' dir='ltr'>priorem</span> <span class='ocrx_word' id='word_1_274' title='bbox 1755 2758 2085 2830; x_wconf 74' lang='lat' dir='ltr'>przeceptio—</span> 
     </span>
    </p>
   </div>
   <div class='ocr_carea' id='block_1_44' title="bbox 432 2847 2083 2924">
    <p class='ocr_par' dir='ltr' id='par_1_44' title="bbox 432 2847 2083 2924">
     <span class='ocr_line' id='line_1_44' title="bbox 432 2847 2083 2924; baseline -0.007 -11"><span class='ocrx_word' id='word_1_275' title='bbox 432 2874 565 2913; x_wconf 91' lang='lat' dir='ltr'>nem</span> <span class='ocrx_word' id='word_1_276' title='bbox 600 2858 860 2911; x_wconf 88' lang='lat' dir='ltr'>nostram</span> <span class='ocrx_word' id='word_1_277' title='bbox 885 2867 1160 2924; x_wconf 83' lang='lat' dir='ltr'>peragere</span> <span class='ocrx_word' id='word_1_278' title='bbox 1181 2848 1472 2913; x_wconf 89' lang='lat' dir='ltr'>festinate,</span> <span class='ocrx_word' id='word_1_279' title='bbox 1495 2851 1552 2903; x_wconf 90' lang='lat' dir='ltr'>et</span> <span class='ocrx_word' id='word_1_280' title='bbox 1572 2848 1741 2902; x_wconf 89' lang='lat' dir='ltr'>Motis</span> <span class='ocrx_word' id='word_1_281' title='bbox 1763 2847 2083 2920; x_wconf 90' lang='lat' dir='ltr'>apostolica</span> 
     </span>
    </p>
   </div>
   <div class='ocr_carea' id='block_1_45' title="bbox 431 2935 2077 3013">
    <p class='ocr_par' dir='ltr' id='par_1_45' title="bbox 431 2935 2077 3013">
     <span class='ocr_line' id='line_1_45' title="bbox 431 2935 2077 3013; baseline -0.006 -12"><span class='ocrx_word' id='word_1_282' title='bbox 431 2944 777 3002; x_wconf 87' lang='lat' dir='ltr'>auctoritate</span> <span class='ocrx_word' id='word_1_283' title='bbox 824 2939 1043 3013; x_wconf 81' lang='lat' dir='ltr'>synodo</span> <span class='ocrx_word' id='word_1_284' title='bbox 1092 2941 1348 3002; x_wconf 87' lang='lat' dir='ltr'>evocata,</span> <span class='ocrx_word' id='word_1_285' title='bbox 1381 2940 1580 2992; x_wconf 83' lang='lat' dir='ltr'>nostra</span> <span class='ocrx_word' id='word_1_286' title='bbox 1605 2937 1777 3007; x_wconf 89' lang='lat' dir='ltr'>jussa</span> <span class='ocrx_word' id='word_1_287' title='bbox 1798 2935 2077 3007; x_wconf 83' lang='lat' dir='ltr'>perﬁcite.</span> 
     </span>
    </p>
   </div>
   <div class='ocr_carea' id='block_1_46' title="bbox 431 3024 2080 3105">
    <p class='ocr_par' dir='ltr' id='par_1_46' title="bbox 431 3024 2080 3105">
     <span class='ocr_line' id='line_1_46' title="bbox 431 3024 2080 3105; baseline -0.006 -14"><span class='ocrx_word' id='word_1_288' title='bbox 431 3034 592 3099; x_wconf 88' lang='lat' dir='ltr'>Quod</span> <span class='ocrx_word' id='word_1_289' title='bbox 616 3032 663 3089; x_wconf 93' lang='lat' dir='ltr'>si</span> <span class='ocrx_word' id='word_1_290' title='bbox 687 3030 947 3105; x_wconf 83' lang='lat' dir='ltr'>synodus</span> <span class='ocrx_word' id='word_1_291' title='bbox 963 3028 1371 3101; x_wconf 88' lang='lat' dir='ltr'>episcoporum</span> <span class='ocrx_word' id='word_1_292' title='bbox 1394 3042 1456 3081; x_wconf 90' lang='lat' dir='ltr'>se</span> <span class='ocrx_word' id='word_1_293' title='bbox 1477 3024 1615 3081; x_wconf 90' lang='lat' dir='ltr'>illuc</span> <span class='ocrx_word' id='word_1_294' title='bbox 1636 3025 1879 3081; x_wconf 90' lang='lat' dir='ltr'>minime</span> <span class='ocrx_word' id='word_1_295' title='bbox 1901 3024 2080 3081; x_wconf 90' lang='lat' dir='ltr'>colle-</span> 
     </span>
    </p>
   </div>
   <div class='ocr_carea' id='block_1_47' title="bbox 431 3114 2079 3197">
    <p class='ocr_par' dir='ltr' id='par_1_47' title="bbox 431 3114 2079 3197">
     <span class='ocr_line' id='line_1_47' title="bbox 431 3114 2079 3197; baseline -0.007 -17"><span class='ocrx_word' id='word_1_296' title='bbox 431 3122 709 3197; x_wconf 87' lang='lat' dir='ltr'>gerit,aut</span> <span class='ocrx_word' id='word_1_297' title='bbox 722 3117 1036 3177; x_wconf 88' lang='lat' dir='ltr'>Lotharius</span> <span class='ocrx_word' id='word_1_298' title='bbox 1053 3115 1249 3172; x_wconf 86' lang='lat' dir='ltr'>venire</span> <span class='ocrx_word' id='word_1_299' title='bbox 1262 3114 1723 3182; x_wconf 89' lang='lat' dir='ltr'>distulerit,tune</span> <span class='ocrx_word' id='word_1_300' title='bbox 1741 3131 1841 3169; x_wconf 92' lang='lat' dir='ltr'>vos</span> <span class='ocrx_word' id='word_1_301' title='bbox 1859 3114 1929 3169; x_wconf 90' lang='lat' dir='ltr'>ad</span> <span class='ocrx_word' id='word_1_302' title='bbox 1944 3130 2079 3169; x_wconf 89' lang='lat' dir='ltr'>eum</span> 
     </span>
    </p>
   </div>
   <div class='ocr_carea' id='block_1_48' title="bbox 430 3203 2076 3286">
    <p class='ocr_par' dir='ltr' id='par_1_48' title="bbox 430 3203 2076 3286">
     <span class='ocr_line' id='line_1_48' title="bbox 430 3203 2076 3286; baseline -0.005 -19"><span class='ocrx_word' id='word_1_303' title='bbox 430 3227 668 3286; x_wconf 82' lang='lat' dir='ltr'>pergere</span> <span class='ocrx_word' id='word_1_304' title='bbox 699 3208 1014 3275; x_wconf 88' lang='lat' dir='ltr'>studete,et</span> <span class='ocrx_word' id='word_1_305' title='bbox 1041 3209 1242 3261; x_wconf 90' lang='lat' dir='ltr'>nostra</span> <span class='ocrx_word' id='word_1_306' title='bbox 1261 3206 1433 3276; x_wconf 85' lang='lat' dir='ltr'>jussa</span> <span class='ocrx_word' id='word_1_307' title='bbox 1460 3206 1634 3276; x_wconf 89' lang='lat' dir='ltr'>atque</span> <span class='ocrx_word' id='word_1_308' title='bbox 1679 3203 1947 3259; x_wconf 89' lang='lat' dir='ltr'>instituta</span> <span class='ocrx_word' id='word_1_309' title='bbox 1980 3204 2076 3258; x_wconf 90' lang='lat' dir='ltr'>de-</span> 
     </span>
    </p>
   </div>
   <div class='ocr_carea' id='block_1_49' title="bbox 430 3291 2079 3365">
    <p class='ocr_par' dir='ltr' id='par_1_49' title="bbox 430 3291 2079 3365">
     <span class='ocr_line' id='line_1_49' title="bbox 430 3291 2079 3365; baseline -0.006 -8"><span class='ocrx_word' id='word_1_310' title='bbox 430 3300 667 3358; x_wconf 90' lang='lat' dir='ltr'>clarate.</span> <span class='ocrx_word' id='word_1_311' title='bbox 701 3299 771 3353; x_wconf 90' lang='lat' dir='ltr'>Et</span> <span class='ocrx_word' id='word_1_312' title='bbox 797 3295 1008 3352; x_wconf 90' lang='lat' dir='ltr'>deinde</span> <span class='ocrx_word' id='word_1_313' title='bbox 1038 3310 1172 3349; x_wconf 88' lang='lat' dir='ltr'>cum</span> <span class='ocrx_word' id='word_1_314' title='bbox 1206 3310 1308 3365; x_wconf 91' lang='lat' dir='ltr'>pro</span> <span class='ocrx_word' id='word_1_315' title='bbox 1339 3309 1517 3348; x_wconf 90' lang='lat' dir='ltr'>causa</span> <span class='ocrx_word' id='word_1_316' title='bbox 1548 3291 1772 3347; x_wconf 90' lang='lat' dir='ltr'>Baldini</span> <span class='ocrx_word' id='word_1_317' title='bbox 1804 3292 1874 3347; x_wconf 89' lang='lat' dir='ltr'>ad</span> <span class='ocrx_word' id='word_1_318' title='bbox 1902 3292 2079 3348; x_wconf 89' lang='lat' dir='ltr'>Caro-</span> 
     </span>
    </p>
   </div>
   <div class='ocr_carea' id='block_1_50' title="bbox 430 3379 2080 3460">
    <p class='ocr_par' dir='ltr' id='par_1_50' title="bbox 430 3379 2080 3460">
     <span class='ocr_line' id='line_1_50' title="bbox 430 3379 2080 3460; baseline -0.005 -16"><span class='ocrx_word' id='word_1_319' title='bbox 430 3388 553 3445; x_wconf 92' lang='lat' dir='ltr'>lum</span> <span class='ocrx_word' id='word_1_320' title='bbox 586 3382 1171 3460; x_wconf 78' lang='lat' dir='ltr'>perrexeritis,eidem</span> <span class='ocrx_word' id='word_1_321' title='bbox 1189 3381 1444 3454; x_wconf 89' lang='lat' dir='ltr'>glorioso</span> <span class='ocrx_word' id='word_1_322' title='bbox 1469 3381 1589 3454; x_wconf 86' lang='lat' dir='ltr'>regi</span> <span class='ocrx_word' id='word_1_323' title='bbox 1612 3379 1889 3452; x_wconf 88' lang='lat' dir='ltr'>epistolas</span> <span class='ocrx_word' id='word_1_324' title='bbox 1912 3398 2080 3454; x_wconf 79' lang='lat' dir='ltr'>syno-</span> 
     </span>
    </p>
   </div>
   <div class='ocr_carea' id='block_1_51' title="bbox 430 3469 2078 3547">
    <p class='ocr_par' dir='ltr' id='par_1_51' title="bbox 430 3469 2078 3547">
     <span class='ocr_line' id='line_1_51' title="bbox 430 3469 2078 3547; baseline -0.005 -13"><span class='ocrx_word' id='word_1_325' title='bbox 430 3478 676 3545; x_wconf 89' lang='lat' dir='ltr'>dicas,et</span> <span class='ocrx_word' id='word_1_326' title='bbox 703 3475 811 3530; x_wconf 92' lang='lat' dir='ltr'>has</span> <span class='ocrx_word' id='word_1_327' title='bbox 840 3489 988 3545; x_wconf 91' lang='lat' dir='ltr'>quas</span> <span class='ocrx_word' id='word_1_328' title='bbox 1012 3488 1167 3526; x_wconf 92' lang='lat' dir='ltr'>nunc</span> <span class='ocrx_word' id='word_1_329' title='bbox 1184 3469 1347 3527; x_wconf 91' lang='lat' dir='ltr'>vobis</span> <span class='ocrx_word' id='word_1_330' title='bbox 1368 3469 1925 3547; x_wconf 86' lang='lat' dir='ltr'>dirigimus,pariter</span> <span class='ocrx_word' id='word_1_331' title='bbox 1944 3486 2078 3525; x_wconf 89' lang='lat' dir='ltr'>cum</span> 
     </span>
    </p>
   </div>
   <div class='ocr_carea' id='block_1_52' title="bbox 430 3558 2079 3634">
    <p class='ocr_par' dir='ltr' id='par_1_52' title="bbox 430 3558 2079 3634">
     <span class='ocr_line' id='line_1_52' title="bbox 430 3558 2079 3634; baseline -0.006 -11"><span class='ocrx_word' id='word_1_332' title='bbox 430 3562 874 3623; x_wconf 91' lang='lat' dir='ltr'>commonitorio</span> <span class='ocrx_word' id='word_1_333' title='bbox 904 3559 1288 3634; x_wconf 66' lang='lat' dir='ltr'>prmsentibus</span> <span class='ocrx_word' id='word_1_334' title='bbox 1305 3558 1529 3614; x_wconf 88' lang='lat' dir='ltr'>cunctis</span> <span class='ocrx_word' id='word_1_335' title='bbox 1546 3558 1862 3627; x_wconf 87' lang='lat' dir='ltr'>ostendite;</span> <span class='ocrx_word' id='word_1_336' title='bbox 1886 3562 1944 3613; x_wconf 90' lang='lat' dir='ltr'>et</span> <span class='ocrx_word' id='word_1_337' title='bbox 1963 3575 2079 3614; x_wconf 91' lang='lat' dir='ltr'>non</span> 
     </span>
    </p>
   </div>
   <div class='ocr_carea' id='block_1_53' title="bbox 432 3646 2081 3719">
    <p class='ocr_par' dir='ltr' id='par_1_53' title="bbox 432 3646 2081 3719">
     <span class='ocr_line' id='line_1_53' title="bbox 432 3646 2081 3719; baseline -0.005 -9"><span class='ocrx_word' id='word_1_338' title='bbox 432 3654 623 3711; x_wconf 91' lang='lat' dir='ltr'>solum</span> <span class='ocrx_word' id='word_1_339' title='bbox 673 3652 746 3719; x_wconf 90' lang='lat' dir='ltr'>ei,</span> <span class='ocrx_word' id='word_1_340' title='bbox 777 3652 877 3707; x_wconf 89' lang='lat' dir='ltr'>sed</span> <span class='ocrx_word' id='word_1_341' title='bbox 923 3654 980 3706; x_wconf 92' lang='lat' dir='ltr'>et</span> <span class='ocrx_word' id='word_1_342' title='bbox 1025 3648 1301 3704; x_wconf 91' lang='lat' dir='ltr'>omnibus</span> <span class='ocrx_word' id='word_1_343' title='bbox 1347 3646 1658 3718; x_wconf 87' lang='lat' dir='ltr'>episcopis,</span> <span class='ocrx_word' id='word_1_344' title='bbox 1693 3651 1749 3702; x_wconf 92' lang='lat' dir='ltr'>et</span> <span class='ocrx_word' id='word_1_345' title='bbox 1793 3647 2081 3703; x_wconf 89' lang='lat' dir='ltr'>universis</span> 
     </span>
    </p>
   </div>
   <div class='ocr_carea' id='block_1_54' title="bbox 431 3735 2080 3808">
    <p class='ocr_par' dir='ltr' id='par_1_54' title="bbox 431 3735 2080 3808">
     <span class='ocr_line' id='line_1_54' title="bbox 431 3735 2080 3808; baseline -0.005 -10"><span class='ocrx_word' id='word_1_346' title='bbox 431 3742 703 3798; x_wconf 81' lang='lat' dir='ltr'>fidelibus</span> <span class='ocrx_word' id='word_1_347' title='bbox 730 3741 839 3794; x_wconf 90' lang='lat' dir='ltr'>hoc</span> <span class='ocrx_word' id='word_1_348' title='bbox 871 3742 1073 3793; x_wconf 90' lang='lat' dir='ltr'>notum</span> <span class='ocrx_word' id='word_1_349' title='bbox 1108 3736 1383 3791; x_wconf 84' lang='lat' dir='ltr'>facientes</span> <span class='ocrx_word' id='word_1_350' title='bbox 1415 3735 1607 3807; x_wconf 90' lang='lat' dir='ltr'>palam</span> <span class='ocrx_word' id='word_1_351' title='bbox 1641 3736 1829 3808; x_wconf 82' lang='lat' dir='ltr'>legere</span> <span class='ocrx_word' id='word_1_352' title='bbox 1878 3740 1936 3790; x_wconf 93' lang='lat' dir='ltr'>et</span> <span class='ocrx_word' id='word_1_353' title='bbox 1982 3735 2080 3790; x_wconf 86' lang='lat' dir='ltr'>de-</span> 
     </span>
    </p>
   </div>
   <div class='ocr_carea' id='block_1_55' title="bbox 433 3824 2080 3888">
    <p class='ocr_par' dir='ltr' id='par_1_55' title="bbox 433 3824 2080 3888">
     <span class='ocr_line' id='line_1_55' title="bbox 433 3824 2080 3888; baseline -0.005 -2"><span class='ocrx_word' id='word_1_354' title='bbox 433 3828 705 3888; x_wconf 84' lang='lat' dir='ltr'>nuntiare</span> <span class='ocrx_word' id='word_1_355' title='bbox 736 3826 982 3881; x_wconf 89' lang='lat' dir='ltr'>studete.</span> <span class='ocrx_word' id='word_1_356' title='bbox 1018 3825 1299 3878; x_wconf 67' lang='lat' dir='ltr'>Praaterea</span> <span class='ocrx_word' id='word_1_357' title='bbox 1346 3824 1552 3877; x_wconf 91' lang='lat' dir='ltr'>scitote</span> <span class='ocrx_word' id='word_1_358' title='bbox 1598 3840 1632 3876; x_wconf 86' lang='lat' dir='ltr'>a</span> <span class='ocrx_word' id='word_1_359' title='bbox 1679 3824 1849 3878; x_wconf 89' lang='lat' dir='ltr'>nobis</span> <span class='ocrx_word' id='word_1_360' title='bbox 1875 3827 2080 3878; x_wconf 75' lang='lat' dir='ltr'>vestrae</span> 
     </span>
    </p>
   </div>
   <div class='ocr_carea' id='block_1_56' title="bbox 431 3910 2077 3984">
    <p class='ocr_par' dir='ltr' id='par_1_56' title="bbox 431 3910 2077 3984">
     <span class='ocr_line' id='line_1_56' title="bbox 431 3910 2077 3984; baseline -0.005 -9"><span class='ocrx_word' id='word_1_361' title='bbox 431 3914 730 3975; x_wconf 83' lang='lat' dir='ltr'>sanctitati</span> <span class='ocrx_word' id='word_1_362' title='bbox 787 3914 934 3969; x_wconf 90' lang='lat' dir='ltr'>duas</span> <span class='ocrx_word' id='word_1_363' title='bbox 993 3910 1169 3981; x_wconf 78' lang='lat' dir='ltr'>dirigi</span> <span class='ocrx_word' id='word_1_364' title='bbox 1226 3910 1504 3984; x_wconf 90' lang='lat' dir='ltr'>epistolas</span> <span class='ocrx_word' id='word_1_365' title='bbox 1561 3910 1681 3966; x_wconf 83' lang='lat' dir='ltr'>vice</span> <span class='ocrx_word' id='word_1_366' title='bbox 1730 3911 2077 3981; x_wconf 91' lang='lat' dir='ltr'>ablatarum,</span> 
     </span>
    </p>
   </div>
   <div class='ocr_carea' id='block_1_57' title="bbox 432 4000 2083 4075">
    <p class='ocr_par' dir='ltr' id='par_1_57' title="bbox 432 4000 2083 4075">
     <span class='ocr_line' id='line_1_57' title="bbox 432 4000 2083 4075; baseline -0.002 -13"><span class='ocrx_word' id='word_1_367' title='bbox 432 4022 612 4063; x_wconf 88' lang='lat' dir='ltr'>unam</span> <span class='ocrx_word' id='word_1_368' title='bbox 643 4002 843 4059; x_wconf 81' lang='lat' dir='ltr'>Carolo</span> <span class='ocrx_word' id='word_1_369' title='bbox 874 4001 1014 4075; x_wconf 89' lang='lat' dir='ltr'>regi,</span> <span class='ocrx_word' id='word_1_370' title='bbox 1047 4000 1364 4056; x_wconf 88' lang='lat' dir='ltr'>secundam</span> <span class='ocrx_word' id='word_1_371' title='bbox 1397 4016 1527 4055; x_wconf 91' lang='lat' dir='ltr'>vero</span> <span class='ocrx_word' id='word_1_372' title='bbox 1564 4000 1750 4055; x_wconf 83' lang='lat' dir='ltr'>uxori.</span> <span class='ocrx_word' id='word_1_373' title='bbox 1786 4000 2083 4074; x_wconf 88' lang='lat' dir='ltr'>Episcopis</span> 
     </span>
    </p>
   </div>
   <div class='ocr_carea' id='block_1_58' title="bbox 432 4088 2083 4163">
    <p class='ocr_par' dir='ltr' id='par_1_58' title="bbox 432 4088 2083 4163">
     <span class='ocr_line' id='line_1_58' title="bbox 432 4088 2083 4163; baseline -0.005 -10"><span class='ocrx_word' id='word_1_374' title='bbox 432 4100 627 4154; x_wconf 88' lang='lat' dir='ltr'>autem</span> <span class='ocrx_word' id='word_1_375' title='bbox 653 4092 847 4151; x_wconf 66' lang='lat' dir='ltr'>Gallia:</span> <span class='ocrx_word' id='word_1_376' title='bbox 897 4096 954 4147; x_wconf 90' lang='lat' dir='ltr'>et</span> <span class='ocrx_word' id='word_1_377' title='bbox 1003 4089 1323 4147; x_wconf 76' lang='lat' dir='ltr'>Germaniae</span> <span class='ocrx_word' id='word_1_378' title='bbox 1369 4088 1609 4146; x_wconf 85' lang='lat' dir='ltr'>alteram</span> <span class='ocrx_word' id='word_1_379' title='bbox 1642 4107 1776 4145; x_wconf 88' lang='lat' dir='ltr'>cum</span> <span class='ocrx_word' id='word_1_380' title='bbox 1817 4090 1925 4146; x_wconf 89' lang='lat' dir='ltr'>hac</span> <span class='ocrx_word' id='word_1_381' title='bbox 1954 4091 2083 4163; x_wconf 87' lang='lat' dir='ltr'>ipsa</span> 
     </span>
    </p>
   </div>
   <div class='ocr_carea' id='block_1_59' title="bbox 433 4180 1360 4241">
    <p class='ocr_par' dir='ltr' id='par_1_59' title="bbox 433 4180 1360 4241">
     <span class='ocr_line' id='line_1_59' title="bbox 433 4180 1360 4241; baseline -0.009 0"><span class='ocrx_word' id='word_1_382' title='bbox 433 4185 505 4241; x_wconf 91' lang='lat' dir='ltr'>ad</span> <span class='ocrx_word' id='word_1_383' title='bbox 535 4200 637 4240; x_wconf 92' lang='lat' dir='ltr'>vos</span> <span class='ocrx_word' id='word_1_384' title='bbox 666 4181 959 4239; x_wconf 85' lang='lat' dir='ltr'>destinata</span> <span class='ocrx_word' id='word_1_385' title='bbox 987 4180 1360 4236; x_wconf 88' lang='lat' dir='ltr'>mandamus.</span> 
     </span>
    </p>
   </div>
   <div class='ocr_carea' id='block_1_60' title="bbox 548 4310 1964 4355">
    <p class='ocr_par' dir='ltr' id='par_1_60' title="bbox 548 4310 1964 4355">
     <span class='ocr_line' id='line_1_60' title="bbox 548 4310 1964 4355; baseline -0.005 0"><span class='ocrx_word' id='word_1_386' title='bbox 548 4313 1037 4355; x_wconf 77' lang='lat' dir='ltr'>COMMONITORIUM</span> <span class='ocrx_word' id='word_1_387' title='bbox 1078 4311 1303 4349; x_wconf 78' lang='lat' dir='ltr'>LEGATIS</span> <span class='ocrx_word' id='word_1_388' title='bbox 1342 4310 1709 4349; x_wconf 78' lang='lat' dir='ltr'>SUPRADICTIS</span> <span class='ocrx_word' id='word_1_389' title='bbox 1748 4310 1964 4351; x_wconf 82' lang='lat' dir='ltr'>DATUM.</span> 
     </span>
    </p>
   </div>
   <div class='ocr_carea' id='block_1_61' title="bbox 507 4407 2085 4489">
    <p class='ocr_par' dir='ltr' id='par_1_61' title="bbox 507 4407 2085 4489">
     <span class='ocr_line' id='line_1_61' title="bbox 507 4407 2085 4489; baseline -0.004 -18"><span class='ocrx_word' id='word_1_390' title='bbox 507 4417 580 4489; x_wconf 82' lang='lat' dir='ltr'>(a)</span> <span class='ocrx_word' id='word_1_391' title='bbox 614 4412 924 4470; x_wconf 90' lang='lat' dir='ltr'>Lotharius</span> <span class='ocrx_word' id='word_1_392' title='bbox 953 4411 1262 4483; x_wconf 84' lang='lat' dir='ltr'>profitetur</span> <span class='ocrx_word' id='word_1_393' title='bbox 1298 4407 1678 4465; x_wconf 88' lang='lat' dir='ltr'>Waldradam</span> <span class='ocrx_word' id='word_1_394' title='bbox 1728 4427 1790 4465; x_wconf 91' lang='lat' dir='ltr'>se</span> <span class='ocrx_word' id='word_1_395' title='bbox 1841 4427 1876 4465; x_wconf 90' lang='lat' dir='ltr'>a</span> <span class='ocrx_word' id='word_1_396' title='bbox 1923 4414 2085 4482; x_wconf 90' lang='lat' dir='ltr'>patre</span> 
     </span>
    </p>
   </div>
   <div class='ocr_carea' id='block_1_62' title="bbox 430 4497 2084 4577">
    <p class='ocr_par' dir='ltr' id='par_1_62' title="bbox 430 4497 2084 4577">
     <span class='ocr_line' id='line_1_62' title="bbox 430 4497 2084 4577; baseline -0.005 -14"><span class='ocrx_word' id='word_1_397' title='bbox 430 4504 750 4577; x_wconf 89' lang='lat' dir='ltr'>accepisse,</span> <span class='ocrx_word' id='word_1_398' title='bbox 782 4505 840 4557; x_wconf 91' lang='lat' dir='ltr'>et</span> <span class='ocrx_word' id='word_1_399' title='bbox 877 4516 1135 4556; x_wconf 88' lang='lat' dir='ltr'>sororem</span> <span class='ocrx_word' id='word_1_400' title='bbox 1184 4498 1560 4570; x_wconf 89' lang='lat' dir='ltr'>postmodum</span> <span class='ocrx_word' id='word_1_401' title='bbox 1610 4497 1919 4555; x_wconf 89' lang='lat' dir='ltr'>admisisse</span> <span class='ocrx_word' id='word_1_402' title='bbox 1967 4500 2084 4555; x_wconf 88' lang='lat' dir='ltr'>Hu-</span> 
     </span>
    </p>
   </div>
   <div class='ocr_carea' id='block_1_63' title="bbox 2188 1922 3852 1989">
    <p class='ocr_par' dir='ltr' id='par_1_63' title="bbox 2188 1922 3852 1989">
     <span class='ocr_line' id='line_1_63' title="bbox 2188 1922 3852 1989; baseline 0 -10"><span class='ocrx_word' id='word_1_403' title='bbox 2188 1923 2516 1979; x_wconf 86' lang='lat' dir='ltr'>ctoritatem</span> <span class='ocrx_word' id='word_1_404' title='bbox 2574 1926 2773 1979; x_wconf 91' lang='lat' dir='ltr'>nostra</span> <span class='ocrx_word' id='word_1_405' title='bbox 2826 1939 2963 1978; x_wconf 92' lang='lat' dir='ltr'>voce</span> <span class='ocrx_word' id='word_1_406' title='bbox 3012 1922 3165 1989; x_wconf 75' lang='lat' dir='ltr'>freti,</span> <span class='ocrx_word' id='word_1_407' title='bbox 3206 1938 3445 1979; x_wconf 84' lang='lat' dir='ltr'>causam</span> <span class='ocrx_word' id='word_1_408' title='bbox 3491 1922 3661 1979; x_wconf 86' lang='lat' dir='ltr'>illius</span> <span class='ocrx_word' id='word_1_409' title='bbox 3711 1924 3852 1979; x_wconf 85' lang='lat' dir='ltr'>deti-</span> 
     </span>
    </p>
   </div>
   <div class='ocr_carea' id='block_1_64' title="bbox 2189 2009 3852 2083">
    <p class='ocr_par' dir='ltr' id='par_1_64' title="bbox 2189 2009 3852 2083">
     <span class='ocr_line' id='line_1_64' title="bbox 2189 2009 3852 2083; baseline 0.001 -16"><span class='ocrx_word' id='word_1_410' title='bbox 2189 2012 2386 2068; x_wconf 91' lang='lat' dir='ltr'>niatis.</span> <span class='ocrx_word' id='word_1_411' title='bbox 2421 2012 2520 2067; x_wconf 91' lang='lat' dir='ltr'>Sin</span> <span class='ocrx_word' id='word_1_412' title='bbox 2551 2028 2684 2067; x_wconf 88' lang='lat' dir='ltr'>vero</span> <span class='ocrx_word' id='word_1_413' title='bbox 2716 2010 2959 2066; x_wconf 90' lang='lat' dir='ltr'>minime</span> <span class='ocrx_word' id='word_1_414' title='bbox 2989 2009 3302 2083; x_wconf 84' lang='lat' dir='ltr'>probatum</span> <span class='ocrx_word' id='word_1_415' title='bbox 3353 2012 3551 2078; x_wconf 89' lang='lat' dir='ltr'>fuerit,</span> <span class='ocrx_word' id='word_1_416' title='bbox 3593 2012 3852 2068; x_wconf 88' lang='lat' dir='ltr'>Wadra-</span> 
     </span>
    </p>
   </div>
   <div class='ocr_carea' id='block_1_65' title="bbox 2189 2099 3852 2173">
    <p class='ocr_par' dir='ltr' id='par_1_65' title="bbox 2189 2099 3852 2173">
     <span class='ocr_line' id='line_1_65' title="bbox 2189 2099 3852 2173; baseline 0 -17"><span class='ocrx_word' id='word_1_417' title='bbox 2189 2102 2325 2156; x_wconf 91' lang='lat' dir='ltr'>dam</span> <span class='ocrx_word' id='word_1_418' title='bbox 2356 2117 2596 2156; x_wconf 84' lang='lat' dir='ltr'>uxorem</span> <span class='ocrx_word' id='word_1_419' title='bbox 2617 2100 2797 2156; x_wconf 84' lang='lat' dir='ltr'>fuisse</span> <span class='ocrx_word' id='word_1_420' title='bbox 2811 2099 3353 2173; x_wconf 84' lang='lat' dir='ltr'>legitimam,neque</span> <span class='ocrx_word' id='word_1_421' title='bbox 3382 2100 3610 2172; x_wconf 88' lang='lat' dir='ltr'>nuptiis</span> <span class='ocrx_word' id='word_1_422' title='bbox 3637 2118 3852 2157; x_wconf 88' lang='lat' dir='ltr'>secun-</span> 
     </span>
    </p>
   </div>
   <div class='ocr_carea' id='block_1_66' title="bbox 2190 2188 3854 2261">
    <p class='ocr_par' dir='ltr' id='par_1_66' title="bbox 2190 2188 3854 2261">
     <span class='ocr_line' id='line_1_66' title="bbox 2190 2188 3854 2261; baseline -0.001 -16"><span class='ocrx_word' id='word_1_423' title='bbox 2190 2191 2333 2246; x_wconf 90' lang='lat' dir='ltr'>dum</span> <span class='ocrx_word' id='word_1_424' title='bbox 2368 2206 2588 2245; x_wconf 88' lang='lat' dir='ltr'>morem</span> <span class='ocrx_word' id='word_1_425' title='bbox 2636 2188 2959 2256; x_wconf 83' lang='lat' dir='ltr'>celebratis,</span> <span class='ocrx_word' id='word_1_426' title='bbox 2993 2206 3097 2261; x_wconf 92' lang='lat' dir='ltr'>per</span> <span class='ocrx_word' id='word_1_427' title='bbox 3142 2188 3577 2246; x_wconf 89' lang='lat' dir='ltr'>beneditionem</span> <span class='ocrx_word' id='word_1_428' title='bbox 3628 2190 3854 2246; x_wconf 85' lang='lat' dir='ltr'>scilicet</span> 
     </span>
    </p>
   </div>
   <div class='ocr_carea' id='block_1_67' title="bbox 2191 2277 3852 2350">
    <p class='ocr_par' dir='ltr' id='par_1_67' title="bbox 2191 2277 3852 2350">
     <span class='ocr_line' id='line_1_67' title="bbox 2191 2277 3852 2350; baseline -0.001 -15"><span class='ocrx_word' id='word_1_429' title='bbox 2191 2278 2532 2344; x_wconf 88' lang='lat' dir='ltr'>sacerdotis,</span> <span class='ocrx_word' id='word_1_430' title='bbox 2565 2277 2683 2333; x_wconf 81' lang='lat' dir='ltr'>filio</span> <span class='ocrx_word' id='word_1_431' title='bbox 2714 2281 2912 2334; x_wconf 90' lang='lat' dir='ltr'>nostro</span> <span class='ocrx_word' id='word_1_432' title='bbox 2944 2277 3216 2333; x_wconf 84' lang='lat' dir='ltr'>Lothario</span> <span class='ocrx_word' id='word_1_433' title='bbox 3257 2278 3554 2334; x_wconf 79' lang='lat' dir='ltr'>exstitisse</span> <span class='ocrx_word' id='word_1_434' title='bbox 3593 2279 3852 2350; x_wconf 90' lang='lat' dir='ltr'>conjun-</span> 
     </span>
    </p>
   </div>
   <div class='ocr_carea' id='block_1_68' title="bbox 2190 2366 3847 2441">
    <p class='ocr_par' dir='ltr' id='par_1_68' title="bbox 2190 2366 3847 2441">
     <span class='ocr_line' id='line_1_68' title="bbox 2190 2366 3847 2441; baseline 0 -18"><span class='ocrx_word' id='word_1_435' title='bbox 2190 2371 2343 2423; x_wconf 89' lang='lat' dir='ltr'>ctam</span> <span class='ocrx_word' id='word_1_436' title='bbox 2380 2384 2393 2422; x_wconf 90' lang='lat'><strong>:</strong></span> <span class='ocrx_word' id='word_1_437' title='bbox 2428 2366 2915 2441; x_wconf 85' lang='lat' dir='ltr'>suggeriteilli,ut</span> <span class='ocrx_word' id='word_1_438' title='bbox 2941 2384 3055 2424; x_wconf 90' lang='lat' dir='ltr'>non</span> <span class='ocrx_word' id='word_1_439' title='bbox 3080 2366 3325 2423; x_wconf 85' lang='lat' dir='ltr'>moleste</span> <span class='ocrx_word' id='word_1_440' title='bbox 3349 2366 3494 2423; x_wconf 85' lang='lat' dir='ltr'>ferat</span> <span class='ocrx_word' id='word_1_441' title='bbox 3516 2366 3847 2440; x_wconf 80' lang='lat' dir='ltr'>legitimam</span> 
     </span>
    </p>
   </div>
   <div class='ocr_carea' id='block_1_69' title="bbox 2191 2455 3854 2529">
    <p class='ocr_par' dir='ltr' id='par_1_69' title="bbox 2191 2455 3854 2529">
     <span class='ocr_line' id='line_1_69' title="bbox 2191 2455 3854 2529; baseline 0 -16"><span class='ocrx_word' id='word_1_442' title='bbox 2191 2456 2324 2523; x_wconf 87' lang='lat' dir='ltr'>sibi,</span> <span class='ocrx_word' id='word_1_443' title='bbox 2359 2456 2407 2511; x_wconf 90' lang='lat' dir='ltr'>si</span> <span class='ocrx_word' id='word_1_444' title='bbox 2438 2456 2569 2529; x_wconf 90' lang='lat' dir='ltr'>ipsa</span> <span class='ocrx_word' id='word_1_445' title='bbox 2595 2456 2877 2512; x_wconf 89' lang='lat' dir='ltr'>innocens</span> <span class='ocrx_word' id='word_1_446' title='bbox 2908 2456 3266 2528; x_wconf 87' lang='lat' dir='ltr'>apparuerit,</span> <span class='ocrx_word' id='word_1_447' title='bbox 3299 2455 3671 2512; x_wconf 86' lang='lat' dir='ltr'>reconciliari</span> <span class='ocrx_word' id='word_1_448' title='bbox 3720 2474 3854 2513; x_wconf 79' lang='lat' dir='ltr'>uxo-</span> 
     </span>
    </p>
   </div>
   <div class='ocr_carea' id='block_1_70' title="bbox 2191 2544 3852 2618">
    <p class='ocr_par' dir='ltr' id='par_1_70' title="bbox 2191 2544 3852 2618">
     <span class='ocr_line' id='line_1_70' title="bbox 2191 2544 3852 2618; baseline 0 -17"><span class='ocrx_word' id='word_1_449' title='bbox 2191 2562 2345 2613; x_wconf 89' lang='lat' dir='ltr'>rem;</span> <span class='ocrx_word' id='word_1_450' title='bbox 2380 2561 2485 2601; x_wconf 89' lang='lat' dir='ltr'>nec</span> <span class='ocrx_word' id='word_1_451' title='bbox 2514 2544 2573 2600; x_wconf 91' lang='lat' dir='ltr'>in</span> <span class='ocrx_word' id='word_1_452' title='bbox 2605 2544 2716 2600; x_wconf 91' lang='lat' dir='ltr'>hoc</span> <span class='ocrx_word' id='word_1_453' title='bbox 2745 2544 2908 2600; x_wconf 89' lang='lat' dir='ltr'>canis</span> <span class='ocrx_word' id='word_1_454' title='bbox 2935 2544 3061 2600; x_wconf 90' lang='lat' dir='ltr'>voci</span> <span class='ocrx_word' id='word_1_455' title='bbox 3095 2544 3479 2617; x_wconf 88' lang='lat' dir='ltr'>obtemperet,</span> <span class='ocrx_word' id='word_1_456' title='bbox 3512 2546 3619 2600; x_wconf 88' lang='lat' dir='ltr'>sed</span> <span class='ocrx_word' id='word_1_457' title='bbox 3656 2545 3852 2618; x_wconf 79' lang='lat' dir='ltr'>potius</span> 
     </span>
    </p>
   </div>
   <div class='ocr_carea' id='block_1_71' title="bbox 2190 2631 3855 2706">
    <p class='ocr_par' dir='ltr' id='par_1_71' title="bbox 2190 2631 3855 2706">
     <span class='ocr_line' id='line_1_71' title="bbox 2190 2631 3855 2706; baseline 0.001 -17"><span class='ocrx_word' id='word_1_458' title='bbox 2190 2633 2403 2690; x_wconf 88' lang='lat' dir='ltr'>divinis</span> <span class='ocrx_word' id='word_1_459' title='bbox 2434 2632 2739 2706; x_wconf 61' lang='lat' dir='ltr'>praeceptis</span> <span class='ocrx_word' id='word_1_460' title='bbox 2770 2631 3070 2703; x_wconf 91' lang='lat' dir='ltr'>obediens,</span> <span class='ocrx_word' id='word_1_461' title='bbox 3101 2633 3319 2705; x_wconf 85' lang='lat' dir='ltr'>pudeat</span> <span class='ocrx_word' id='word_1_462' title='bbox 3346 2650 3503 2702; x_wconf 89' lang='lat' dir='ltr'>eum,</span> <span class='ocrx_word' id='word_1_463' title='bbox 3525 2632 3652 2689; x_wconf 88' lang='lat' dir='ltr'>imo</span> <span class='ocrx_word' id='word_1_464' title='bbox 3684 2636 3855 2706; x_wconf 83' lang='lat' dir='ltr'>perti-</span> 
     </span>
    </p>
   </div>
   <div class='ocr_carea' id='block_1_72' title="bbox 2190 2720 3852 2799">
    <p class='ocr_par' dir='ltr' id='par_1_72' title="bbox 2190 2720 3852 2799">
     <span class='ocr_line' id='line_1_72' title="bbox 2190 2720 3852 2799; baseline 0.001 -21"><span class='ocrx_word' id='word_1_465' title='bbox 2190 2723 2499 2789; x_wconf 90' lang='lat' dir='ltr'>mescat,in</span> <span class='ocrx_word' id='word_1_466' title='bbox 2546 2720 2786 2799; x_wconf 70' lang='lat' dir='ltr'>luxprize</span> <span class='ocrx_word' id='word_1_467' title='bbox 2843 2724 3099 2777; x_wconf 87' lang='lat' dir='ltr'>stercore</span> <span class='ocrx_word' id='word_1_468' title='bbox 3147 2721 3543 2793; x_wconf 85' lang='lat' dir='ltr'>putreﬁeri,et</span> <span class='ocrx_word' id='word_1_469' title='bbox 3584 2723 3852 2779; x_wconf 84' lang='lat' dir='ltr'>volunta-</span> 
     </span>
    </p>
   </div>
   <div class='ocr_carea' id='block_1_73' title="bbox 2187 2808 3855 2883">
    <p class='ocr_par' dir='ltr' id='par_1_73' title="bbox 2187 2808 3855 2883">
     <span class='ocr_line' id='line_1_73' title="bbox 2187 2808 3855 2883; baseline 0 -16"><span class='ocrx_word' id='word_1_470' title='bbox 2187 2814 2307 2867; x_wconf 91' lang='lat' dir='ltr'>tem</span> <span class='ocrx_word' id='word_1_471' title='bbox 2340 2809 2635 2883; x_wconf 89' lang='lat' dir='ltr'>propriam</span> <span class='ocrx_word' id='word_1_472' title='bbox 2668 2810 2965 2881; x_wconf 90' lang='lat' dir='ltr'>sequendo</span> <span class='ocrx_word' id='word_1_473' title='bbox 2997 2813 3132 2865; x_wconf 88' lang='lat' dir='ltr'>ante</span> <span class='ocrx_word' id='word_1_474' title='bbox 3163 2808 3422 2864; x_wconf 86' lang='lat' dir='ltr'>tribunal</span> <span class='ocrx_word' id='word_1_475' title='bbox 3446 2809 3669 2866; x_wconf 86' lang='lat' dir='ltr'>Christi</span> <span class='ocrx_word' id='word_1_476' title='bbox 3693 2812 3855 2867; x_wconf 85' lang='lat' dir='ltr'>stric-</span> 
     </span>
    </p>
   </div>
   <div class='ocr_carea' id='block_1_74' title="bbox 2188 2897 3855 2972">
    <p class='ocr_par' dir='ltr' id='par_1_74' title="bbox 2188 2897 3855 2972">
     <span class='ocr_line' id='line_1_74' title="bbox 2188 2897 3855 2972; baseline 0 -17"><span class='ocrx_word' id='word_1_477' title='bbox 2188 2903 2310 2955; x_wconf 87' lang='lat' dir='ltr'>tam</span> <span class='ocrx_word' id='word_1_478' title='bbox 2345 2916 2558 2972; x_wconf 90' lang='lat' dir='ltr'>ponere</span> <span class='ocrx_word' id='word_1_479' title='bbox 2589 2898 2893 2955; x_wconf 89' lang='lat' dir='ltr'>rationem.</span> <span class='ocrx_word' id='word_1_480' title='bbox 2931 2897 3214 2954; x_wconf 74' lang='lat' dir='ltr'>Praeterea</span> <span class='ocrx_word' id='word_1_481' title='bbox 3231 2914 3333 2953; x_wconf 91' lang='lat' dir='ltr'>vos</span> <span class='ocrx_word' id='word_1_482' title='bbox 3363 2898 3515 2953; x_wconf 88' lang='lat' dir='ltr'>scire</span> <span class='ocrx_word' id='word_1_483' title='bbox 3534 2898 3691 2968; x_wconf 90' lang='lat' dir='ltr'>volo,</span> <span class='ocrx_word' id='word_1_484' title='bbox 3720 2900 3855 2972; x_wconf 86' lang='lat' dir='ltr'>quia</span> 
     </span>
    </p>
   </div>
   <div class='ocr_carea' id='block_1_75' title="bbox 2190 2985 3855 3061">
    <p class='ocr_par' dir='ltr' id='par_1_75' title="bbox 2190 2985 3855 3061">
     <span class='ocr_line' id='line_1_75' title="bbox 2190 2985 3855 3061; baseline 0 -17"><span class='ocrx_word' id='word_1_485' title='bbox 2190 2988 2431 3061; x_wconf 65' lang='lat' dir='ltr'>praefata</span> <span class='ocrx_word' id='word_1_486' title='bbox 2461 2988 2836 3061; x_wconf 88' lang='lat' dir='ltr'>Theutberga</span> <span class='ocrx_word' id='word_1_487' title='bbox 2864 2985 3245 3059; x_wconf 88' lang='lat' dir='ltr'>apostolicam</span> <span class='ocrx_word' id='word_1_488' title='bbox 3277 2986 3476 3042; x_wconf 88' lang='lat' dir='ltr'>sedem</span> <span class='ocrx_word' id='word_1_489' title='bbox 3510 2987 3606 3043; x_wconf 89' lang='lat' dir='ltr'>bis</span> <span class='ocrx_word' id='word_1_490' title='bbox 3658 2992 3719 3043; x_wconf 88' lang='lat' dir='ltr'>et</span> <span class='ocrx_word' id='word_1_491' title='bbox 3772 2994 3855 3044; x_wconf 86' lang='lat' dir='ltr'>ter</span> 
     </span>
    </p>
   </div>
   <div class='ocr_carea' id='block_1_76' title="bbox 2191 3074 3854 3150">
    <p class='ocr_par' dir='ltr' id='par_1_76' title="bbox 2191 3074 3854 3150">
     <span class='ocr_line' id='line_1_76' title="bbox 2191 3074 3854 3150; baseline 0 -17"><span class='ocrx_word' id='word_1_492' title='bbox 2191 3076 2522 3150; x_wconf 89' lang='lat' dir='ltr'>appellavit,</span> <span class='ocrx_word' id='word_1_493' title='bbox 2547 3081 2604 3133; x_wconf 84' lang='lat' dir='ltr'>et</span> <span class='ocrx_word' id='word_1_494' title='bbox 2634 3094 2696 3133; x_wconf 85' lang='lat' dir='ltr'>se</span> <span class='ocrx_word' id='word_1_495' title='bbox 2717 3094 2751 3131; x_wconf 89' lang='lat' dir='ltr'>a</span> <span class='ocrx_word' id='word_1_496' title='bbox 2782 3076 3022 3149; x_wconf 63' lang='lat' dir='ltr'>praefato</span> <span class='ocrx_word' id='word_1_497' title='bbox 3053 3091 3188 3148; x_wconf 89' lang='lat' dir='ltr'>rege</span> <span class='ocrx_word' id='word_1_498' title='bbox 3216 3074 3471 3148; x_wconf 88' lang='lat' dir='ltr'>glorioso</span> <span class='ocrx_word' id='word_1_499' title='bbox 3518 3081 3739 3148; x_wconf 86' lang='lat' dir='ltr'>questa</span> <span class='ocrx_word' id='word_1_500' title='bbox 3768 3082 3854 3133; x_wconf 85' lang='lat' dir='ltr'>est</span> 
     </span>
    </p>
   </div>
   <div class='ocr_carea' id='block_1_77' title="bbox 2191 3163 3846 3238">
    <p class='ocr_par' dir='ltr' id='par_1_77' title="bbox 2191 3163 3846 3238">
     <span class='ocr_line' id='line_1_77' title="bbox 2191 3163 3846 3238; baseline 0.002 -19"><span class='ocrx_word' id='word_1_501' title='bbox 2191 3166 2411 3238; x_wconf 88' lang='lat' dir='ltr'>injuste</span> <span class='ocrx_word' id='word_1_502' title='bbox 2440 3166 2622 3221; x_wconf 84' lang='lat' dir='ltr'>fuisse</span> <span class='ocrx_word' id='word_1_503' title='bbox 2649 3166 2959 3236; x_wconf 87' lang='lat' dir='ltr'>dejectam,</span> <span class='ocrx_word' id='word_1_504' title='bbox 2989 3167 3046 3220; x_wconf 90' lang='lat' dir='ltr'>et</span> <span class='ocrx_word' id='word_1_505' title='bbox 3070 3164 3124 3219; x_wconf 89' lang='lat' dir='ltr'>vi</span> <span class='ocrx_word' id='word_1_506' title='bbox 3155 3168 3414 3219; x_wconf 88' lang='lat' dir='ltr'>coactam</span> <span class='ocrx_word' id='word_1_507' title='bbox 3441 3163 3661 3220; x_wconf 86' lang='lat' dir='ltr'>falsum</span> <span class='ocrx_word' id='word_1_508' title='bbox 3707 3183 3846 3222; x_wconf 36' lang='lat' dir='ltr'>cons</span> 
     </span>
    </p>
   </div>
   <div class='ocr_carea' id='block_1_78' title="bbox 2192 3251 3843 3327">
    <p class='ocr_par' dir='ltr' id='par_1_78' title="bbox 2192 3251 3843 3327">
     <span class='ocr_line' id='line_1_78' title="bbox 2192 3251 3843 3327; baseline 0.001 -18"><span class='ocrx_word' id='word_1_509' title='bbox 2192 3258 2283 3310; x_wconf 89' lang='lat' dir='ltr'>tra</span> <span class='ocrx_word' id='word_1_510' title='bbox 2311 3272 2373 3311; x_wconf 90' lang='lat' dir='ltr'>se</span> <span class='ocrx_word' id='word_1_511' title='bbox 2396 3254 2797 3327; x_wconf 91' lang='lat' dir='ltr'>composuisse</span> <span class='ocrx_word' id='word_1_512' title='bbox 2826 3251 3146 3325; x_wconf 88' lang='lat' dir='ltr'>piaculum.</span> <span class='ocrx_word' id='word_1_513' title='bbox 3181 3253 3325 3308; x_wconf 85' lang='lat' dir='ltr'>Nam</span> <span class='ocrx_word' id='word_1_514' title='bbox 3369 3268 3435 3308; x_wconf 91' lang='lat' dir='ltr'>eo</span> <span class='ocrx_word' id='word_1_515' title='bbox 3462 3255 3736 3326; x_wconf 87' lang='lat' dir='ltr'>tempore</span> <span class='ocrx_word' id='word_1_516' title='bbox 3778 3256 3843 3311; x_wconf 82' lang='lat' dir='ltr'>ad</span> 
     </span>
    </p>
   </div>
   <div class='ocr_carea' id='block_1_79' title="bbox 2189 3340 3842 3417">
    <p class='ocr_par' dir='ltr' id='par_1_79' title="bbox 2189 3340 3842 3417">
     <span class='ocr_line' id='line_1_79' title="bbox 2189 3340 3842 3417; baseline -0.001 -16"><span class='ocrx_word' id='word_1_517' title='bbox 2189 3343 2567 3417; x_wconf 86' lang='lat' dir='ltr'>apostolicam</span> <span class='ocrx_word' id='word_1_518' title='bbox 2599 3343 2796 3399; x_wconf 92' lang='lat' dir='ltr'>sedem</span> <span class='ocrx_word' id='word_1_519' title='bbox 2827 3341 3091 3398; x_wconf 89' lang='lat' dir='ltr'>libellum</span> <span class='ocrx_word' id='word_1_520' title='bbox 3120 3340 3532 3414; x_wconf 87' lang='lat' dir='ltr'>appellationis</span> <span class='ocrx_word' id='word_1_521' title='bbox 3560 3359 3689 3399; x_wconf 60' lang='lat' dir='ltr'>sua;</span> <span class='ocrx_word' id='word_1_522' title='bbox 3739 3345 3842 3399; x_wconf 85' lang='lat' dir='ltr'>mi-</span> 
     </span>
    </p>
   </div>
   <div class='ocr_carea' id='block_1_80' title="bbox 2189 3430 3843 3504">
    <p class='ocr_par' dir='ltr' id='par_1_80' title="bbox 2189 3430 3843 3504">
     <span class='ocr_line' id='line_1_80' title="bbox 2189 3430 3843 3504; baseline 0 -16"><span class='ocrx_word' id='word_1_523' title='bbox 2189 3433 2284 3501; x_wconf 91' lang='lat' dir='ltr'>sit,</span> <span class='ocrx_word' id='word_1_524' title='bbox 2318 3433 2378 3488; x_wconf 88' lang='lat' dir='ltr'>in</span> <span class='ocrx_word' id='word_1_525' title='bbox 2409 3449 2525 3504; x_wconf 90' lang='lat' dir='ltr'>quo</span> <span class='ocrx_word' id='word_1_526' title='bbox 2557 3449 2671 3488; x_wconf 92' lang='lat' dir='ltr'>non</span> <span class='ocrx_word' id='word_1_527' title='bbox 2706 3431 2944 3504; x_wconf 90' lang='lat' dir='ltr'>quidem</span> <span class='ocrx_word' id='word_1_528' title='bbox 2992 3431 3186 3487; x_wconf 89' lang='lat' dir='ltr'>adhuc</span> <span class='ocrx_word' id='word_1_529' title='bbox 3235 3430 3591 3499; x_wconf 85' lang='lat' dir='ltr'>confessam,</span> <span class='ocrx_word' id='word_1_530' title='bbox 3626 3433 3733 3488; x_wconf 88' lang='lat' dir='ltr'>sed</span> <span class='ocrx_word' id='word_1_531' title='bbox 3785 3438 3843 3488; x_wconf 91' lang='lat' dir='ltr'>ut</span> 
     </span>
    </p>
   </div>
   <div class='ocr_carea' id='block_1_81' title="bbox 2188 3518 3837 3593">
    <p class='ocr_par' dir='ltr' id='par_1_81' title="bbox 2188 3518 3837 3593">
     <span class='ocr_line' id='line_1_81' title="bbox 2188 3518 3837 3593; baseline -0.001 -16"><span class='ocrx_word' id='word_1_532' title='bbox 2188 3525 2392 3577; x_wconf 91' lang='lat' dir='ltr'>contra</span> <span class='ocrx_word' id='word_1_533' title='bbox 2420 3537 2481 3577; x_wconf 89' lang='lat' dir='ltr'>se</span> <span class='ocrx_word' id='word_1_534' title='bbox 2513 3520 2725 3576; x_wconf 80' lang='lat' dir='ltr'>falsum</span> <span class='ocrx_word' id='word_1_535' title='bbox 2756 3520 2976 3576; x_wconf 89' lang='lat' dir='ltr'>diceret</span> <span class='ocrx_word' id='word_1_536' title='bbox 2997 3518 3372 3593; x_wconf 89' lang='lat' dir='ltr'>crimen,cogi</span> <span class='ocrx_word' id='word_1_537' title='bbox 3402 3535 3533 3575; x_wconf 87' lang='lat' dir='ltr'>sese</span> <span class='ocrx_word' id='word_1_538' title='bbox 3564 3519 3837 3577; x_wconf 87' lang='lat' dir='ltr'>innotuit.</span> 
     </span>
    </p>
   </div>
   <div class='ocr_carea' id='block_1_82' title="bbox 2188 3605 3837 3681">
    <p class='ocr_par' dir='ltr' id='par_1_82' title="bbox 2188 3605 3837 3681">
     <span class='ocr_line' id='line_1_82' title="bbox 2188 3605 3837 3681; baseline 0 -18"><span class='ocrx_word' id='word_1_539' title='bbox 2188 3608 2435 3679; x_wconf 89' lang='lat' dir='ltr'>Insuper</span> <span class='ocrx_word' id='word_1_540' title='bbox 2482 3608 2868 3680; x_wconf 85' lang='lat' dir='ltr'>subjungens.</span> <span class='ocrx_word' id='word_1_541' title='bbox 2911 3606 3070 3669; x_wconf 90' lang='lat' dir='ltr'>Quod</span> <span class='ocrx_word' id='word_1_542' title='bbox 3121 3606 3171 3661; x_wconf 88' lang='lat' dir='ltr'>si</span> <span class='ocrx_word' id='word_1_543' title='bbox 3221 3605 3479 3678; x_wconf 89' lang='lat' dir='ltr'>amplius</span> <span class='ocrx_word' id='word_1_544' title='bbox 3536 3608 3837 3681; x_wconf 81' lang='lat' dir='ltr'>compulsa</span> 
     </span>
    </p>
   </div>
   <div class='ocr_carea' id='block_1_83' title="bbox 2190 3694 3843 3764">
    <p class='ocr_par' dir='ltr' id='par_1_83' title="bbox 2190 3694 3843 3764">
     <span class='ocr_line' id='line_1_83' title="bbox 2190 3694 3843 3764; baseline 0.001 -14"><span class='ocrx_word' id='word_1_545' title='bbox 2190 3697 2370 3761; x_wconf 90' lang='lat' dir='ltr'>fuero,</span> <span class='ocrx_word' id='word_1_546' title='bbox 2403 3695 2608 3751; x_wconf 88' lang='lat' dir='ltr'>scitote</span> <span class='ocrx_word' id='word_1_547' title='bbox 2637 3712 2754 3751; x_wconf 88' lang='lat' dir='ltr'>non</span> <span class='ocrx_word' id='word_1_548' title='bbox 2800 3694 3066 3764; x_wconf 90' lang='lat' dir='ltr'>veritate,</span> <span class='ocrx_word' id='word_1_549' title='bbox 3116 3695 3217 3750; x_wconf 92' lang='lat' dir='ltr'>sed</span> <span class='ocrx_word' id='word_1_550' title='bbox 3265 3694 3475 3751; x_wconf 89' lang='lat' dir='ltr'>timore</span> <span class='ocrx_word' id='word_1_551' title='bbox 3524 3697 3758 3764; x_wconf 80' lang='lat' dir='ltr'>mortis,</span> <span class='ocrx_word' id='word_1_552' title='bbox 3788 3700 3843 3752; x_wconf 81' lang='lat' dir='ltr'>et</span> 
     </span>
    </p>
   </div>
   <div class='ocr_carea' id='block_1_84' title="bbox 2188 3782 3839 3858">
    <p class='ocr_par' dir='ltr' id='par_1_84' title="bbox 2188 3782 3839 3858">
     <span class='ocr_line' id='line_1_84' title="bbox 2188 3782 3839 3858; baseline -0.001 -18"><span class='ocrx_word' id='word_1_553' title='bbox 2188 3783 2466 3840; x_wconf 89' lang='lat' dir='ltr'>evadendi</span> <span class='ocrx_word' id='word_1_554' title='bbox 2497 3783 2714 3848; x_wconf 89' lang='lat' dir='ltr'>studio,</span> <span class='ocrx_word' id='word_1_555' title='bbox 2752 3783 2893 3855; x_wconf 89' lang='lat' dir='ltr'>quia</span> <span class='ocrx_word' id='word_1_556' title='bbox 2920 3782 3087 3839; x_wconf 89' lang='lat' dir='ltr'>aliter</span> <span class='ocrx_word' id='word_1_557' title='bbox 3114 3799 3229 3838; x_wconf 91' lang='lat' dir='ltr'>non</span> <span class='ocrx_word' id='word_1_558' title='bbox 3259 3800 3525 3855; x_wconf 87' lang='lat' dir='ltr'>possum,</span> <span class='ocrx_word' id='word_1_559' title='bbox 3561 3787 3720 3858; x_wconf 87' lang='lat' dir='ltr'>quod</span> <span class='ocrx_word' id='word_1_560' title='bbox 3750 3786 3839 3840; x_wconf 84' lang='lat' dir='ltr'>vo-</span> 
     </span>
    </p>
   </div>
   <div class='ocr_carea' id='block_1_85' title="bbox 2189 3872 3843 3930">
    <p class='ocr_par' dir='ltr' id='par_1_85' title="bbox 2189 3872 3843 3930">
     <span class='ocr_line' id='line_1_85' title="bbox 2189 3872 3843 3930; baseline 0.001 -2"><span class='ocrx_word' id='word_1_561' title='bbox 2189 3872 2406 3930; x_wconf 91' lang='lat' dir='ltr'>luerint</span> <span class='ocrx_word' id='word_1_562' title='bbox 2435 3872 2647 3928; x_wconf 91' lang='lat' dir='ltr'>dicam.</span> <span class='ocrx_word' id='word_1_563' title='bbox 2670 3872 2787 3927; x_wconf 90' lang='lat' dir='ltr'>Vos</span> <span class='ocrx_word' id='word_1_564' title='bbox 2810 3877 3006 3928; x_wconf 87' lang='lat' dir='ltr'>autem</span> <span class='ocrx_word' id='word_1_565' title='bbox 3037 3889 3328 3930; x_wconf 89' lang='lat' dir='ltr'>memores</span> <span class='ocrx_word' id='word_1_566' title='bbox 3357 3876 3546 3929; x_wconf 89' lang='lat' dir='ltr'>estote</span> <span class='ocrx_word' id='word_1_567' title='bbox 3579 3872 3695 3929; x_wconf 83' lang='lat' dir='ltr'>mei</span> <span class='ocrx_word' id='word_1_568' title='bbox 3728 3873 3843 3929; x_wconf 63' lang='lat' dir='ltr'>hac</span> 
     </span>
    </p>
   </div>
   <div class='ocr_carea' id='block_1_86' title="bbox 2188 3960 3843 4033">
    <p class='ocr_par' dir='ltr' id='par_1_86' title="bbox 2188 3960 3843 4033">
     <span class='ocr_line' id='line_1_86' title="bbox 2188 3960 3843 4033; baseline 0 -16"><span class='ocrx_word' id='word_1_569' title='bbox 2188 3962 2353 4017; x_wconf 90' lang='lat' dir='ltr'>vobis</span> <span class='ocrx_word' id='word_1_570' title='bbox 2385 3960 2760 4017; x_wconf 89' lang='lat' dir='ltr'>insinuantis.</span> <span class='ocrx_word' id='word_1_571' title='bbox 2792 3961 2955 4017; x_wconf 90' lang='lat' dir='ltr'>Unde</span> <span class='ocrx_word' id='word_1_572' title='bbox 2985 3960 3358 4033; x_wconf 69' lang='lat' dir='ltr'>praecipimus</span> <span class='ocrx_word' id='word_1_573' title='bbox 3387 3960 3577 4028; x_wconf 87' lang='lat' dir='ltr'>vobis,</span> <span class='ocrx_word' id='word_1_574' title='bbox 3612 3967 3681 4017; x_wconf 88' lang='lat' dir='ltr'>ut</span> <span class='ocrx_word' id='word_1_575' title='bbox 3716 3978 3843 4017; x_wconf 88' lang='lat' dir='ltr'>cum</span> 
     </span>
    </p>
   </div>
   <div class='ocr_carea' id='block_1_87' title="bbox 2190 4049 3843 4122">
    <p class='ocr_par' dir='ltr' id='par_1_87' title="bbox 2190 4049 3843 4122">
     <span class='ocr_line' id='line_1_87' title="bbox 2190 4049 3843 4122; baseline -0.001 -16"><span class='ocrx_word' id='word_1_576' title='bbox 2190 4051 2392 4107; x_wconf 89' lang='lat' dir='ltr'>eadem</span> <span class='ocrx_word' id='word_1_577' title='bbox 2442 4050 2810 4122; x_wconf 87' lang='lat' dir='ltr'>Theutberga</span> <span class='ocrx_word' id='word_1_578' title='bbox 2852 4051 2926 4105; x_wconf 91' lang='lat' dir='ltr'>ad</span> <span class='ocrx_word' id='word_1_579' title='bbox 2976 4049 3304 4106; x_wconf 88' lang='lat' dir='ltr'>condictam</span> <span class='ocrx_word' id='word_1_580' title='bbox 3354 4050 3652 4122; x_wconf 82' lang='lat' dir='ltr'>synodum</span> <span class='ocrx_word' id='word_1_581' title='bbox 3694 4051 3843 4106; x_wconf 91' lang='lat' dir='ltr'>sicut</span> 
     </span>
    </p>
   </div>
   <div class='ocr_carea' id='block_1_88' title="bbox 2190 4138 3843 4211">
    <p class='ocr_par' dir='ltr' id='par_1_88' title="bbox 2190 4138 3843 4211">
     <span class='ocr_line' id='line_1_88' title="bbox 2190 4138 3843 4211; baseline -0.002 -15"><span class='ocrx_word' id='word_1_582' title='bbox 2190 4139 2508 4196; x_wconf 87' lang='lat' dir='ltr'>statuimus</span> <span class='ocrx_word' id='word_1_583' title='bbox 2537 4139 2857 4208; x_wconf 89' lang='lat' dir='ltr'>advenerit,</span> <span class='ocrx_word' id='word_1_584' title='bbox 2888 4155 3129 4194; x_wconf 90' lang='lat' dir='ltr'>causam</span> <span class='ocrx_word' id='word_1_585' title='bbox 3158 4138 3287 4209; x_wconf 82' lang='lat' dir='ltr'>ejus</span> <span class='ocrx_word' id='word_1_586' title='bbox 3317 4138 3588 4211; x_wconf 85' lang='lat' dir='ltr'>diligenti</span> <span class='ocrx_word' id='word_1_587' title='bbox 3633 4139 3843 4195; x_wconf 86' lang='lat' dir='ltr'>exami-</span> 
     </span>
    </p>
   </div>
   <div class='ocr_carea' id='block_1_89' title="bbox 2192 4226 3843 4299">
    <p class='ocr_par' dir='ltr' id='par_1_89' title="bbox 2192 4226 3843 4299">
     <span class='ocr_line' id='line_1_89' title="bbox 2192 4226 3843 4299; baseline -0.002 -15"><span class='ocrx_word' id='word_1_588' title='bbox 2192 4228 2427 4285; x_wconf 90' lang='lat' dir='ltr'>natione</span> <span class='ocrx_word' id='word_1_589' title='bbox 2457 4228 2750 4295; x_wconf 88' lang='lat' dir='ltr'>tractetis;</span> <span class='ocrx_word' id='word_1_590' title='bbox 2783 4232 2840 4282; x_wconf 92' lang='lat' dir='ltr'>et</span> <span class='ocrx_word' id='word_1_591' title='bbox 2871 4228 2917 4283; x_wconf 92' lang='lat' dir='ltr'>si</span> <span class='ocrx_word' id='word_1_592' title='bbox 2943 4227 2995 4282; x_wconf 91' lang='lat' dir='ltr'>ei</span> <span class='ocrx_word' id='word_1_593' title='bbox 3026 4226 3483 4299; x_wconf 88' lang='lat' dir='ltr'>objicitur,quod</span> <span class='ocrx_word' id='word_1_594' title='bbox 3507 4226 3613 4282; x_wconf 87' lang='lat' dir='ltr'>illa</span> <span class='ocrx_word' id='word_1_595' title='bbox 3630 4228 3843 4283; x_wconf 89' lang='lat' dir='ltr'>crimen</span> 
     </span>
    </p>
   </div>
   <div class='ocr_carea' id='block_1_90' title="bbox 2193 4315 3842 4388">
    <p class='ocr_par' dir='ltr' id='par_1_90' title="bbox 2193 4315 3842 4388">
     <span class='ocr_line' id='line_1_90' title="bbox 2193 4315 3842 4388; baseline -0.002 -16"><span class='ocrx_word' id='word_1_596' title='bbox 2193 4334 2255 4372; x_wconf 92' lang='lat' dir='ltr'>se</span> <span class='ocrx_word' id='word_1_597' title='bbox 2286 4316 2523 4388; x_wconf 90' lang='lat' dir='ltr'>aliquod</span> <span class='ocrx_word' id='word_1_598' title='bbox 2550 4315 2861 4372; x_wconf 91' lang='lat' dir='ltr'>admisisse</span> <span class='ocrx_word' id='word_1_599' title='bbox 2890 4316 3159 4372; x_wconf 81' lang='lat' dir='ltr'>confessa</span> <span class='ocrx_word' id='word_1_600' title='bbox 3186 4316 3413 4382; x_wconf 88' lang='lat' dir='ltr'>fuisset,</span> <span class='ocrx_word' id='word_1_601' title='bbox 3446 4320 3506 4371; x_wconf 91' lang='lat' dir='ltr'>et</span> <span class='ocrx_word' id='word_1_602' title='bbox 3550 4321 3755 4372; x_wconf 85' lang='lat' dir='ltr'>contra</span> <span class='ocrx_word' id='word_1_603' title='bbox 3780 4315 3842 4369; x_wconf 85' lang='lat' dir='ltr'>il-</span> 
     </span>
    </p>
   </div>
   <div class='ocr_carea' id='block_1_91' title="bbox 2191 4402 3842 4476">
    <p class='ocr_par' dir='ltr' id='par_1_91' title="bbox 2191 4402 3842 4476">
     <span class='ocr_line' id='line_1_91' title="bbox 2191 4402 3842 4476; baseline -0.002 -16"><span class='ocrx_word' id='word_1_604' title='bbox 2191 4405 2251 4460; x_wconf 89' lang='lat' dir='ltr'>1a</span> <span class='ocrx_word' id='word_1_605' title='bbox 2295 4404 2630 4459; x_wconf 91' lang='lat' dir='ltr'>violentiam</span> <span class='ocrx_word' id='word_1_606' title='bbox 2681 4420 2744 4459; x_wconf 89' lang='lat' dir='ltr'>se</span> <span class='ocrx_word' id='word_1_607' title='bbox 2793 4403 3105 4476; x_wconf 88' lang='lat' dir='ltr'>pertulisse</span> <span class='ocrx_word' id='word_1_608' title='bbox 3153 4402 3627 4476; x_wconf 86' lang='lat' dir='ltr'>proclamaverit,</span> <span class='ocrx_word' id='word_1_609' title='bbox 3668 4403 3755 4460; x_wconf 88' lang='lat' dir='ltr'>vel</span> <span class='ocrx_word' id='word_1_610' title='bbox 3795 4402 3842 4457; x_wconf 89' lang='lat' dir='ltr'>si</span> 
     </span>
    </p>
   </div>
   <div class='ocr_carea' id='block_1_92' title="bbox 2193 4492 3839 4563">
    <p class='ocr_par' dir='ltr' id='par_1_92' title="bbox 2193 4492 3839 4563">
     <span class='ocr_line' id='line_1_92' title="bbox 2193 4492 3839 4563; baseline -0.002 -14"><span class='ocrx_word' id='word_1_611' title='bbox 2193 4493 2464 4549; x_wconf 90' lang='lat' dir='ltr'>inimicos</span> <span class='ocrx_word' id='word_1_612' title='bbox 2521 4492 2633 4548; x_wconf 89' lang='lat' dir='ltr'>sibi</span> <span class='ocrx_word' id='word_1_613' title='bbox 2684 4492 2916 4563; x_wconf 88' lang='lat' dir='ltr'>judices</span> <span class='ocrx_word' id='word_1_614' title='bbox 2971 4492 3155 4547; x_wconf 88' lang='lat' dir='ltr'>fuisse</span> <span class='ocrx_word' id='word_1_615' title='bbox 3211 4495 3425 4549; x_wconf 87' lang='lat' dir='ltr'>testata</span> <span class='ocrx_word' id='word_1_616' title='bbox 3465 4492 3675 4561; x_wconf 88' lang='lat' dir='ltr'>fuerit;</span> <span class='ocrx_word' id='word_1_617' title='bbox 3709 4497 3839 4546; x_wconf 89' lang='lat' dir='ltr'>tunc</span> 
     </span>
    </p>
   </div>
   <div class='ocr_carea' id='block_1_93' title="bbox 434 4580 3840 4662">
    <p class='ocr_par' dir='ltr' id='par_1_93' title="bbox 434 4580 3840 4662">
     <span class='ocr_line' id='line_1_93' title="bbox 434 4580 3840 4662; baseline -0.005 -12"><span class='ocrx_word' id='word_1_618' title='bbox 434 4593 636 4650; x_wconf 90' lang='lat' dir='ltr'>cberti.</span> <span class='ocrx_word' id='word_1_619' title='bbox 689 4589 797 4647; x_wconf 92' lang='lat' dir='ltr'>Ubi</span> <span class='ocrx_word' id='word_1_620' title='bbox 854 4589 1113 4662; x_wconf 90' lang='lat' dir='ltr'>primum</span> <span class='ocrx_word' id='word_1_621' title='bbox 1174 4585 1437 4658; x_wconf 87' lang='lat' dir='ltr'>diligenti</span> <span class='ocrx_word' id='word_1_622' title='bbox 1493 4584 1940 4659; x_wconf 88' lang='lat' dir='ltr'>investigatione</span> <span class='ocrx_word' id='word_1_623' title='bbox 1996 4588 2084 4643; x_wconf 91' lang='lat' dir='ltr'>in-</span> <span class='ocrx_word' id='word_1_624' title='bbox 2115 4592 2163 4656; x_wconf 83' lang='grc' dir='ltr'><strong>Ι)</strong></span> <span class='ocrx_word' id='word_1_625' title='bbox 2194 4581 2339 4639; x_wconf 90' lang='lat' dir='ltr'>illud</span> <span class='ocrx_word' id='word_1_626' title='bbox 2372 4581 2660 4637; x_wconf 89' lang='lat' dir='ltr'>renovetis</span> <span class='ocrx_word' id='word_1_627' title='bbox 2682 4580 2976 4652; x_wconf 88' lang='lat' dir='ltr'>judicium</span> <span class='ocrx_word' id='word_1_628' title='bbox 3007 4580 3333 4637; x_wconf 87' lang='lat' dir='ltr'>secundum</span> <span class='ocrx_word' id='word_1_629' title='bbox 3387 4580 3686 4653; x_wconf 65' lang='lat' dir='ltr'>aequitatis</span> <span class='ocrx_word' id='word_1_630' title='bbox 3716 4597 3840 4635; x_wconf 89' lang='lat' dir='ltr'>nor-</span> 
     </span>
    </p>
   </div>
   <div class='ocr_carea' id='block_1_94' title="bbox 434 4674 2089 4755">
    <p class='ocr_par' dir='ltr' id='par_1_94' title="bbox 434 4674 2089 4755">
     <span class='ocr_line' id='line_1_94' title="bbox 434 4674 2089 4755; baseline -0.003 -18"><span class='ocrx_word' id='word_1_631' title='bbox 434 4682 667 4755; x_wconf 89' lang='lat' dir='ltr'>quirite,</span> <span class='ocrx_word' id='word_1_632' title='bbox 701 4684 759 4736; x_wconf 90' lang='lat' dir='ltr'>et</span> <span class='ocrx_word' id='word_1_633' title='bbox 789 4677 839 4735; x_wconf 88' lang='lat' dir='ltr'>si</span> <span class='ocrx_word' id='word_1_634' title='bbox 868 4678 1142 4734; x_wconf 89' lang='lat' dir='ltr'>eumdem</span> <span class='ocrx_word' id='word_1_635' title='bbox 1173 4674 1495 4748; x_wconf 87' lang='lat' dir='ltr'>gloriosum</span> <span class='ocrx_word' id='word_1_636' title='bbox 1528 4691 1721 4749; x_wconf 89' lang='lat' dir='ltr'>regem</span> <span class='ocrx_word' id='word_1_637' title='bbox 1754 4676 2089 4747; x_wconf 64' lang='lat' dir='ltr'>praedictam</span> 
     </span>
    </p>
   </div>
   <div class='ocr_carea' id='block_1_95' title="bbox 402 4764 2080 4840">
    <p class='ocr_par' dir='ltr' id='par_1_95' title="bbox 402 4764 2080 4840">
     <span class='ocr_line' id='line_1_95' title="bbox 402 4764 2080 4840; baseline -0.002 -15"><span class='ocrx_word' id='word_1_638' title='bbox 402 4769 814 4825; x_wconf 71' lang='lat' dir='ltr'>&#39;Waldradam</span> <span class='ocrx_word' id='word_1_639' title='bbox 870 4764 1192 4840; x_wconf 63' lang='lat' dir='ltr'>premissis</span> <span class='ocrx_word' id='word_1_640' title='bbox 1247 4764 1504 4830; x_wconf 91' lang='lat' dir='ltr'>dotibus,</span> <span class='ocrx_word' id='word_1_641' title='bbox 1554 4781 1750 4820; x_wconf 90' lang='lat' dir='ltr'>coram</span> <span class='ocrx_word' id='word_1_642' title='bbox 1808 4766 2080 4839; x_wconf 87' lang='lat' dir='ltr'>testibus,</span> 
     </span>
    </p>
   </div>
   <div class='ocr_carea' id='block_1_96' title="bbox 437 4852 2084 4929">
    <p class='ocr_par' dir='ltr' id='par_1_96' title="bbox 437 4852 2084 4929">
     <span class='ocr_line' id='line_1_96' title="bbox 437 4852 2084 4929; baseline -0.002 -17"><span class='ocrx_word' id='word_1_643' title='bbox 437 4857 763 4913; x_wconf 90' lang='lat' dir='ltr'>secundum</span> <span class='ocrx_word' id='word_1_644' title='bbox 805 4855 993 4929; x_wconf 87' lang='lat' dir='ltr'>legem</span> <span class='ocrx_word' id='word_1_645' title='bbox 1040 4858 1098 4911; x_wconf 93' lang='lat' dir='ltr'>et</span> <span class='ocrx_word' id='word_1_646' title='bbox 1144 4853 1342 4922; x_wconf 90' lang='lat' dir='ltr'>ritum,</span> <span class='ocrx_word' id='word_1_647' title='bbox 1375 4870 1491 4926; x_wconf 92' lang='lat' dir='ltr'>quo</span> <span class='ocrx_word' id='word_1_648' title='bbox 1539 4852 1755 4925; x_wconf 62' lang='lat' dir='ltr'>nuptis:</span> <span class='ocrx_word' id='word_1_649' title='bbox 1805 4854 2084 4911; x_wconf 90' lang='lat' dir='ltr'>celebrari</span> 
     </span>
    </p>
   </div>
   <div class='ocr_carea' id='block_1_97' title="bbox 438 4940 2085 5016">
    <p class='ocr_par' dir='ltr' id='par_1_97' title="bbox 438 4940 2085 5016">
     <span class='ocr_line' id='line_1_97' title="bbox 438 4940 2085 5016; baseline -0.001 -15"><span class='ocrx_word' id='word_1_650' title='bbox 438 4943 646 5010; x_wconf 88' lang='lat' dir='ltr'>solent,</span> <span class='ocrx_word' id='word_1_651' title='bbox 679 4960 781 5016; x_wconf 87' lang='lat' dir='ltr'>per</span> <span class='ocrx_word' id='word_1_652' title='bbox 836 4942 1035 5000; x_wconf 90' lang='lat' dir='ltr'>omnia</span> <span class='ocrx_word' id='word_1_653' title='bbox 1089 4940 1430 4998; x_wconf 88' lang='lat' dir='ltr'>inveneritis</span> <span class='ocrx_word' id='word_1_654' title='bbox 1487 4942 1800 5014; x_wconf 88' lang='lat' dir='ltr'>accepisse,</span> <span class='ocrx_word' id='word_1_655' title='bbox 1861 4947 1919 4999; x_wconf 91' lang='lat' dir='ltr'>et</span> <span class='ocrx_word' id='word_1_656' title='bbox 1973 4961 2085 5016; x_wconf 89' lang='lat' dir='ltr'>pu-</span> 
     </span>
    </p>
   </div>
   <div class='ocr_carea' id='block_1_98' title="bbox 437 5029 2083 5088">
    <p class='ocr_par' dir='ltr' id='par_1_98' title="bbox 437 5029 2083 5088">
     <span class='ocr_line' id='line_1_98' title="bbox 437 5029 2083 5088; baseline 0 0"><span class='ocrx_word' id='word_1_657' title='bbox 437 5030 593 5088; x_wconf 88' lang='lat' dir='ltr'>blica</span> <span class='ocrx_word' id='word_1_658' title='bbox 631 5030 1103 5088; x_wconf 87' lang='lat' dir='ltr'>manifestatione</span> <span class='ocrx_word' id='word_1_659' title='bbox 1130 5032 1333 5086; x_wconf 91' lang='lat' dir='ltr'>eadem</span> <span class='ocrx_word' id='word_1_660' title='bbox 1359 5030 1675 5087; x_wconf 89' lang='lat' dir='ltr'>Waldrada</span> <span class='ocrx_word' id='word_1_661' title='bbox 1694 5029 1753 5085; x_wconf 90' lang='lat' dir='ltr'>in</span> <span class='ocrx_word' id='word_1_662' title='bbox 1784 5032 2083 5088; x_wconf 87' lang='lat' dir='ltr'>matrimo-</span> 
     </span>
    </p>
   </div>
   <div class='ocr_carea' id='block_1_99' title="bbox 437 5119 2086 5193">
    <p class='ocr_par' dir='ltr' id='par_1_99' title="bbox 437 5119 2086 5193">
     <span class='ocr_line' id='line_1_99' title="bbox 437 5119 2086 5193; baseline -0.001 -15"><span class='ocrx_word' id='word_1_663' title='bbox 437 5122 603 5179; x_wconf 89' lang='lat' dir='ltr'>nium</span> <span class='ocrx_word' id='word_1_664' title='bbox 636 5119 825 5193; x_wconf 88' lang='lat' dir='ltr'>ipsius</span> <span class='ocrx_word' id='word_1_665' title='bbox 851 5121 1111 5176; x_wconf 86' lang='lat' dir='ltr'>admissa</span> <span class='ocrx_word' id='word_1_666' title='bbox 1151 5125 1268 5189; x_wconf 88' lang='lat' dir='ltr'>est;</span> <span class='ocrx_word' id='word_1_667' title='bbox 1300 5124 1481 5177; x_wconf 89' lang='lat' dir='ltr'>restat</span> <span class='ocrx_word' id='word_1_668' title='bbox 1528 5123 1593 5175; x_wconf 91' lang='lat' dir='ltr'>ut</span> <span class='ocrx_word' id='word_1_669' title='bbox 1639 5121 2086 5192; x_wconf 88' lang='lat' dir='ltr'>perscrutemini</span> 
     </span>
    </p>
   </div>
   <div class='ocr_carea' id='block_1_100' title="bbox 438 5207 2083 5280">
    <p class='ocr_par' dir='ltr' id='par_1_100' title="bbox 438 5207 2083 5280">
     <span class='ocr_line' id='line_1_100' title="bbox 438 5207 2083 5280; baseline -0.002 -12"><span class='ocrx_word' id='word_1_670' title='bbox 438 5229 543 5268; x_wconf 92' lang='lat' dir='ltr'>cur</span> <span class='ocrx_word' id='word_1_671' title='bbox 588 5208 691 5265; x_wconf 89' lang='lat' dir='ltr'>illa</span> <span class='ocrx_word' id='word_1_672' title='bbox 741 5207 1047 5280; x_wconf 88' lang='lat' dir='ltr'>repudiata</span> <span class='ocrx_word' id='word_1_673' title='bbox 1088 5208 1183 5278; x_wconf 91' lang='lat' dir='ltr'>sit,</span> <span class='ocrx_word' id='word_1_674' title='bbox 1214 5209 1302 5265; x_wconf 91' lang='lat' dir='ltr'>vel</span> <span class='ocrx_word' id='word_1_675' title='bbox 1351 5208 1471 5265; x_wconf 79' lang='lat' dir='ltr'>illia</span> <span class='ocrx_word' id='word_1_676' title='bbox 1518 5210 1762 5266; x_wconf 84' lang='lat' dir='ltr'>Bosonis</span> <span class='ocrx_word' id='word_1_677' title='bbox 1806 5210 2083 5267; x_wconf 90' lang='lat' dir='ltr'>admissa.</span> 
     </span>
    </p>
   </div>
   <div class='ocr_carea' id='block_1_101' title="bbox 510 5351 2089 5427">
    <p class='ocr_par' dir='ltr' id='par_1_101' title="bbox 510 5351 2089 5427">
     <span class='ocr_line' id='line_1_101' title="bbox 510 5351 2089 5427; baseline -0.001 -16"><span class='ocrx_word' id='word_1_678' title='bbox 510 5355 589 5427; x_wconf 88' lang='lat' dir='ltr'>(a)</span> <span class='ocrx_word' id='word_1_679' title='bbox 620 5353 907 5427; x_wconf 74' lang='lat' dir='ltr'>Lotharius</span> <span class='ocrx_word' id='word_1_680' title='bbox 932 5351 1235 5427; x_wconf 46' lang='lat' dir='ltr'>proﬁtetur.</span> <span class='ocrx_word' id='word_1_681' title='bbox 1267 5353 1433 5423; x_wconf 88' lang='lat' dir='ltr'>Apud</span> <span class='ocrx_word' id='word_1_682' title='bbox 1472 5354 1711 5427; x_wconf 81' lang='lat' dir='ltr'>Ivonem</span> <span class='ocrx_word' id='word_1_683' title='bbox 1742 5356 1923 5427; x_wconf 78' lang='lat' dir='ltr'>parte</span> <span class='ocrx_word' id='word_1_684' title='bbox 1964 5370 2089 5427; x_wconf 76' lang='lat' dir='ltr'>vni,</span> 
     </span>
    </p>
   </div>
   <div class='ocr_carea' id='block_1_102' title="bbox 440 5421 2089 5498">
    <p class='ocr_par' dir='ltr' id='par_1_102' title="bbox 440 5421 2089 5498">
     <span class='ocr_line' id='line_1_102' title="bbox 440 5421 2089 5498; baseline -0.002 -16"><span class='ocrx_word' id='word_1_685' title='bbox 440 5421 575 5498; x_wconf 15' lang='lat' dir='ltr'>cap.»</span> <span class='ocrx_word' id='word_1_686' title='bbox 599 5426 724 5496; x_wconf 79' lang='grc'>334,</span> <span class='ocrx_word' id='word_1_687' title='bbox 758 5428 819 5498; x_wconf 81' lang='lat' dir='ltr'>et</span> <span class='ocrx_word' id='word_1_688' title='bbox 845 5421 999 5498; x_wconf 81' lang='lat' dir='ltr'>apud</span> <span class='ocrx_word' id='word_1_689' title='bbox 1048 5421 1391 5498; x_wconf 69' lang='lat' dir='ltr'>Gratianum</span> <span class='ocrx_word' id='word_1_690' title='bbox 1422 5424 1513 5498; x_wconf 87' lang='lat' dir='ltr'>_2l,</span> <span class='ocrx_word' id='word_1_691' title='bbox 1547 5441 1603 5498; x_wconf 89' lang='lat' dir='ltr'>q.</span> <span class='ocrx_word' id='word_1_692' title='bbox 1636 5428 1690 5490; x_wconf 90' lang='lat'>2,</span> <span class='ocrx_word' id='word_1_693' title='bbox 1724 5421 1850 5478; x_wconf 70' lang='lat' dir='ltr'>dua:</span> <span class='ocrx_word' id='word_1_694' title='bbox 1877 5421 2089 5481; x_wconf 82' lang='lat' dir='ltr'>voculae</span> 
     </span>
    </p>
   </div>
   <div class='ocr_carea' id='block_1_103' title="bbox 441 5493 2091 5570">
    <p class='ocr_par' dir='ltr' id='par_1_103' title="bbox 441 5493 2091 5570">
     <span class='ocr_line' id='line_1_103' title="bbox 441 5493 2091 5570; baseline -0.001 -17"><span class='ocrx_word' id='word_1_695' title='bbox 441 5493 1158 5570; x_wconf 73' lang='lat' dir='ltr'>perperam_in_feruntur,</span> <span class='ocrx_word' id='word_1_696' title='bbox 1210 5493 1499 5570; x_wconf 69' lang='lat' dir='ltr'>Lotharius</span> <span class='ocrx_word' id='word_1_697' title='bbox 1562 5493 1617 5550; x_wconf 84' lang='lat' dir='ltr'>in</span> <span class='ocrx_word' id='word_1_698' title='bbox 1680 5498 2091 5570; x_wconf 77' lang='lat' dir='ltr'>commonitorio</span> 
     </span>
    </p>
   </div>
   <div class='ocr_carea' id='block_1_104' title="bbox 438 5564 2089 5639">
    <p class='ocr_par' dir='ltr' id='par_1_104' title="bbox 438 5564 2089 5639">
     <span class='ocr_line' id='line_1_104' title="bbox 438 5564 2089 5639; baseline 0.001 -17"><span class='ocrx_word' id='word_1_699' title='bbox 438 5564 1107 5639; x_wconf 59' lang='lat' dir='ltr'>proﬁteturﬂedundant</span> <span class='ocrx_word' id='word_1_700' title='bbox 1135 5564 1726 5639; x_wconf 75' lang='lat' dir='ltr'>enim,pertinentque</span> <span class='ocrx_word' id='word_1_701' title='bbox 1754 5567 1823 5639; x_wconf 83' lang='lat' dir='ltr'>ad</span> <span class='ocrx_word' id='word_1_702' title='bbox 1850 5566 2089 5639; x_wconf 83' lang='lat' dir='ltr'>titulum</span> 
     </span>
    </p>
   </div>
   <div class='ocr_carea' id='block_1_105' title="bbox 443 5636 2091 5712">
    <p class='ocr_par' dir='ltr' id='par_1_105' title="bbox 443 5636 2091 5712">
     <span class='ocr_line' id='line_1_105' title="bbox 443 5636 2091 5712; baseline 0.002 -19"><span class='ocrx_word' id='word_1_703' title='bbox 443 5636 722 5709; x_wconf 55' lang='lat' dir='ltr'>epistola},</span> <span class='ocrx_word' id='word_1_704' title='bbox 754 5654 869 5712; x_wconf 90' lang='lat' dir='ltr'>quo</span> <span class='ocrx_word' id='word_1_705' title='bbox 918 5642 1074 5696; x_wconf 89' lang='lat' dir='ltr'>recte</span> <span class='ocrx_word' id='word_1_706' title='bbox 1132 5638 1192 5695; x_wconf 89' lang='lat' dir='ltr'>in</span> <span class='ocrx_word' id='word_1_707' title='bbox 1244 5636 1507 5697; x_wconf 79' lang='lat' dir='ltr'>Romana</span> <span class='ocrx_word' id='word_1_708' title='bbox 1545 5636 1807 5695; x_wconf 79' lang='lat' dir='ltr'>Gratiani</span> <span class='ocrx_word' id='word_1_709' title='bbox 1839 5638 2091 5697; x_wconf 86' lang='lat' dir='ltr'>editione</span> 
     </span>
    </p>
   </div>
   <div class='ocr_carea' id='block_1_106' title="bbox 2201 4668 3553 4741">
    <p class='ocr_par' dir='ltr' id='par_1_106' title="bbox 2201 4668 3553 4741">
     <span class='ocr_line' id='line_1_106' title="bbox 2201 4668 3553 4741; baseline -0.002 -14"><span class='ocrx_word' id='word_1_710' title='bbox 2201 4688 2381 4737; x_wconf 88' lang='lat' dir='ltr'>mam,</span> <span class='ocrx_word' id='word_1_711' title='bbox 2415 4674 2478 4726; x_wconf 90' lang='lat' dir='ltr'>ut</span> <span class='ocrx_word' id='word_1_712' title='bbox 2508 4668 2807 4741; x_wconf 66' lang='lat' dir='ltr'>injustitiae</span> <span class='ocrx_word' id='word_1_713' title='bbox 2838 4668 2991 4725; x_wconf 89' lang='lat' dir='ltr'>mole</span> <span class='ocrx_word' id='word_1_714' title='bbox 3019 4686 3138 4725; x_wconf 91' lang='lat' dir='ltr'>non</span> <span class='ocrx_word' id='word_1_715' title='bbox 3165 4669 3553 4741; x_wconf 89' lang='lat' dir='ltr'>opprimatur.</span> 
     </span>
    </p>
   </div>
   <div class='ocr_carea' id='block_1_107' title="bbox 2897 4775 3132 4831">
    <p class='ocr_par' dir='ltr' id='par_1_107' title="bbox 2897 4775 3132 4831">
     <span class='ocr_line' id='line_1_107' title="bbox 2897 4775 3132 4831; baseline 0 0"><span class='ocrx_word' id='word_1_716' title='bbox 2897 4775 3132 4831; x_wconf 89' lang='lat' dir='ltr'>CLVIII.</span> 
     </span>
    </p>
   </div>
   <div class='ocr_carea' id='block_1_108' title="bbox 2278 4879 3770 4922">
    <p class='ocr_par' dir='ltr' id='par_1_108' title="bbox 2278 4879 3770 4922">
     <span class='ocr_line' id='line_1_108' title="bbox 2278 4879 3770 4922; baseline -0.003 0"><span class='ocrx_word' id='word_1_717' title='bbox 2278 4883 2349 4922; x_wconf 79' lang='lat' dir='ltr'>AD</span> <span class='ocrx_word' id='word_1_718' title='bbox 2389 4881 2738 4921; x_wconf 79' lang='lat' dir='ltr'>RO‘I‘LANDUM</span> <span class='ocrx_word' id='word_1_719' title='bbox 2776 4879 3268 4921; x_wconf 76' lang='lat' dir='ltr'>ABGHIEPISCOPUI</span> <span class='ocrx_word' id='word_1_720' title='bbox 3304 4880 3770 4922; x_wconf 59' lang='lat' dir='ltr'>AREIATENSENM.</span> 
     </span>
    </p>
   </div>
   <div class='ocr_carea' id='block_1_109' title="bbox 2194 4953 3839 5026">
    <p class='ocr_par' dir='ltr' id='par_1_109' title="bbox 2194 4953 3839 5026">
     <span class='ocr_line' id='line_1_109' title="bbox 2194 4953 3839 5026; baseline -0.002 -14"><span class='ocrx_word' id='word_1_721' title='bbox 2194 4956 2359 5012; x_wconf 77' lang='lat' dir='ltr'>Missa</span> <span class='ocrx_word' id='word_1_722' title='bbox 2408 4972 2534 5010; x_wconf 82' lang='lat' dir='ltr'>cum</span> <span class='ocrx_word' id='word_1_723' title='bbox 2590 4955 2765 5011; x_wconf 80' lang='lat' dir='ltr'>altera</span> <span class='ocrx_word' id='word_1_724' title='bbox 2818 4954 3074 5026; x_wconf 72' lang='lat' dir='ltr'>epistola,</span> <span class='ocrx_word' id='word_1_725' title='bbox 3124 4971 3233 5026; x_wconf 86' lang='lat' dir='ltr'>qua</span> <span class='ocrx_word' id='word_1_726' title='bbox 3280 4954 3536 5009; x_wconf 75' lang='lat' dir='ltr'>Nicotaus</span> <span class='ocrx_word' id='word_1_727' title='bbox 3583 4953 3839 5010; x_wconf 83' lang='lat' dir='ltr'>Rotlando</span> 
     </span>
    </p>
   </div>
   <div class='ocr_carea' id='block_1_110' title="bbox 2707 5025 3342 5097">
    <p class='ocr_par' dir='ltr' id='par_1_110' title="bbox 2707 5025 3342 5097">
     <span class='ocr_line' id='line_1_110' title="bbox 2707 5025 3342 5097; baseline -0.003 -14"><span class='ocrx_word' id='word_1_728' title='bbox 2707 5025 2857 5083; x_wconf 65' lang='lat' dir='ltr'>vices</span> <span class='ocrx_word' id='word_1_729' title='bbox 2880 5042 3010 5081; x_wconf 77' lang='lat' dir='ltr'>suas</span> <span class='ocrx_word' id='word_1_730' title='bbox 3040 5025 3342 5097; x_wconf 77' lang='lat' dir='ltr'>delegabat.</span> 
     </span>
    </p>
   </div>
   <div class='ocr_carea' id='block_1_111' title="bbox 2266 5113 3835 5187">
    <p class='ocr_par' dir='ltr' id='par_1_111' title="bbox 2266 5113 3835 5187">
     <span class='ocr_line' id='line_1_111' title="bbox 2266 5113 3835 5187; baseline -0.002 -16"><span class='ocrx_word' id='word_1_731' title='bbox 2266 5117 2553 5171; x_wconf 80' lang='lat' dir='ltr'>NICOLAUS</span> <span class='ocrx_word' id='word_1_732' title='bbox 2582 5113 2912 5187; x_wconf 87' lang='lat' dir='ltr'>episcopus,</span> <span class='ocrx_word' id='word_1_733' title='bbox 2946 5130 3150 5170; x_wconf 87' lang='lat' dir='ltr'>servus</span> <span class='ocrx_word' id='word_1_734' title='bbox 3181 5130 3480 5170; x_wconf 87' lang='lat' dir='ltr'>servorum</span> <span class='ocrx_word' id='word_1_735' title='bbox 3530 5113 3654 5183; x_wconf 89' lang='lat' dir='ltr'>Dei,</span> <span class='ocrx_word' id='word_1_736' title='bbox 3696 5113 3835 5169; x_wconf 77' lang='lat' dir='ltr'>Rer-</span> 
     </span>
    </p>
   </div>
   <div class='ocr_carea' id='block_1_112' title="bbox 2195 5201 3223 5275">
    <p class='ocr_par' dir='ltr' id='par_1_112' title="bbox 2195 5201 3223 5275">
     <span class='ocr_line' id='line_1_112' title="bbox 2195 5201 3223 5275; baseline -0.005 -13"><span class='ocrx_word' id='word_1_737' title='bbox 2195 5221 2379 5262; x_wconf 79' lang='lat' dir='ltr'>LANDO</span> <span class='ocrx_word' id='word_1_738' title='bbox 2409 5201 2846 5275; x_wconf 89' lang='lat' dir='ltr'>archiepiscopo</span> <span class='ocrx_word' id='word_1_739' title='bbox 2875 5202 3223 5259; x_wconf 87' lang='lat' dir='ltr'>Arelatensi.</span> 
     </span>
    </p>
   </div>
   <div class='ocr_carea' id='block_1_113' title="bbox 2196 5345 3834 5417">
    <p class='ocr_par' dir='ltr' id='par_1_113' title="bbox 2196 5345 3834 5417">
     <span class='ocr_line' id='line_1_113' title="bbox 2196 5345 3834 5417; baseline -0.004 -11"><span class='ocrx_word' id='word_1_740' title='bbox 2196 5351 2579 5417; x_wconf 14' lang='lat' dir='ltr'>observatum,</span> <span class='ocrx_word' id='word_1_741' title='bbox 2626 5350 2735 5402; x_wconf 90' lang='lat' dir='ltr'>est.</span> <span class='ocrx_word' id='word_1_742' title='bbox 2785 5348 2849 5402; x_wconf 87' lang='lat' dir='ltr'><strong>In</strong></span> <span class='ocrx_word' id='word_1_743' title='bbox 2888 5346 3300 5401; x_wconf 85' lang='lat' dir='ltr'>commonitorio</span> <span class='ocrx_word' id='word_1_744' title='bbox 3349 5345 3547 5417; x_wconf 88' lang='lat' dir='ltr'>itaque</span> <span class='ocrx_word' id='word_1_745' title='bbox 3600 5345 3834 5409; x_wconf 87' lang='lat' dir='ltr'>dictum,</span> 
     </span>
    </p>
   </div>
   <div class='ocr_carea' id='block_1_114' title="bbox 2197 5416 3831 5495">
    <p class='ocr_par' dir='ltr' id='par_1_114' title="bbox 2197 5416 3831 5495">
     <span class='ocr_line' id='line_1_114' title="bbox 2197 5416 3831 5495; baseline -0.004 -18"><span class='ocrx_word' id='word_1_746' title='bbox 2197 5420 2354 5495; x_wconf 91' lang='lat' dir='ltr'>quod</span> <span class='ocrx_word' id='word_1_747' title='bbox 2384 5420 2458 5474; x_wconf 90' lang='lat' dir='ltr'>ab</span> <span class='ocrx_word' id='word_1_748' title='bbox 2489 5416 2619 5495; x_wconf 77' lang='lat' dir='ltr'>aliis</span> <span class='ocrx_word' id='word_1_749' title='bbox 2647 5418 3157 5495; x_wconf 63' lang='lat' dir='ltr'>commonitorium;</span> <span class='ocrx_word' id='word_1_750' title='bbox 3190 5420 3256 5471; x_wconf 90' lang='lat' dir='ltr'>ut</span> <span class='ocrx_word' id='word_1_751' title='bbox 3282 5416 3530 5495; x_wconf 65' lang='lat' dir='ltr'>lusimus</span> <span class='ocrx_word' id='word_1_752' title='bbox 3548 5418 3831 5495; x_wconf 79' lang='lat' dir='ltr'>commoni-</span> 
     </span>
    </p>
   </div>
   <div class='ocr_carea' id='block_1_115' title="bbox 2196 5487 3830 5563">
    <p class='ocr_par' dir='ltr' id='par_1_115' title="bbox 2196 5487 3830 5563">
     <span class='ocr_line' id='line_1_115' title="bbox 2196 5487 3830 5563; baseline -0.007 -12"><span class='ocrx_word' id='word_1_753' title='bbox 2196 5487 2760 5563; x_wconf 73' lang='lat' dir='ltr'>toriumprcsbyteris</span> <span class='ocrx_word' id='word_1_754' title='bbox 2797 5496 2850 5543; x_wconf 83' lang='lat' dir='ltr'>et</span> <span class='ocrx_word' id='word_1_755' title='bbox 2872 5487 3227 5563; x_wconf 57' lang='lat' dir='ltr'>diaconitms</span> <span class='ocrx_word' id='word_1_756' title='bbox 3260 5490 3359 5563; x_wconf 64' lang='lat' dir='ltr'>qni</span> <span class='ocrx_word' id='word_1_757' title='bbox 3403 5489 3671 5563; x_wconf 52' lang='lat' dir='ltr'>Ravenna</span> <span class='ocrx_word' id='word_1_758' title='bbox 3693 5494 3830 5563; x_wconf 55' lang='lat' dir='ltr'>sant,</span> 
     </span>
    </p>
   </div>
   <div class='ocr_carea' id='block_1_116' title="bbox 2198 5557 3830 5642">
    <p class='ocr_par' dir='ltr' id='par_1_116' title="bbox 2198 5557 3830 5642">
     <span class='ocr_line' id='line_1_116' title="bbox 2198 5557 3830 5642; baseline -0.007 -20"><span class='ocrx_word' id='word_1_759' title='bbox 2198 5557 2441 5642; x_wconf 60' lang='lat' dir='ltr'>etillud&#39;</span> <span class='ocrx_word' id='word_1_760' title='bbox 2463 5557 2616 5634; x_wconf 87' lang='lat' dir='ltr'>apud</span> <span class='ocrx_word' id='word_1_761' title='bbox 2649 5559 2992 5642; x_wconf 74' lang='lat' dir='ltr'>Gregorium</span> <span class='ocrx_word' id='word_1_762' title='bbox 3018 5558 3078 5642; x_wconf 89' lang='lat' dir='ltr'>i_n</span> <span class='ocrx_word' id='word_1_763' title='bbox 3113 5557 3363 5642; x_wconf 76' lang='lat' dir='ltr'>dialpgis</span> <span class='ocrx_word' id='word_1_764' title='bbox 3377 5577 3411 5642; x_wconf 50' lang='grc' dir='ltr'><strong><em>ἑ</em></strong></span> <span class='ocrx_word' id='word_1_765' title='bbox 3437 5560 3672 5615; x_wconf 70' lang='lat' dir='ltr'>Sabinus</span> <span class='ocrx_word' id='word_1_766' title='bbox 3691 5558 3830 5615; x_wconf 76' lang='lat' dir='ltr'>Chri-</span> 
     </span>
    </p>
   </div>
   <div class='ocr_carea' id='block_1_117' title="bbox 2196 5630 3539 5696">
    <p class='ocr_par' dir='ltr' id='par_1_117' title="bbox 2196 5630 3539 5696">
     <span class='ocr_line' id='line_1_117' title="bbox 2196 5630 3539 5696; baseline -0.007 -1"><span class='ocrx_word' id='word_1_767' title='bbox 2196 5640 2271 5696; x_wconf 75' lang='lat' dir='ltr'>sti</span> <span class='ocrx_word' id='word_1_768' title='bbox 2298 5650 2485 5693; x_wconf 73' lang='lat' dir='ltr'>servus</span> <span class='ocrx_word' id='word_1_769' title='bbox 2499 5630 2986 5690; x_wconf 55' lang='lat' dir='ltr'>commonitorium</span> <span class='ocrx_word' id='word_1_770' title='bbox 3013 5630 3185 5687; x_wconf 84' lang='lat' dir='ltr'>Pado.</span> <span class='ocrx_word' id='word_1_771' title='bbox 3217 5630 3342 5687; x_wconf 68' lang='lat' dir='ltr'>JA&#39;c.</span> <span class='ocrx_word' id='word_1_772' title='bbox 3376 5631 3539 5689; x_wconf 74' lang='lat' dir='ltr'>Sinni.</span> 
     </span>
    </p>
   </div>
  </div>
