4098 6186
247 307 400 374 1181

1463 297 1868 363 ΕΡῙδΤΟῙΛΕ
1907 296 2013 360 ET
2053 292 2440 359 DECRETA.

3509 295 3666 360 1182

321 441 621 518 Susceptis
639 438 969 498 sanctitatis
991 442 1103 495 tuas
1125 435 1585 506 litterris,totius
1608 433 1901 491 humilita-
1929 433 1979 500 A
2015 448 2219 488 omnes
2251 430 2472 502 recipit,
2509 447 2715 488 omnes
2746 433 2914 501 fovet,
2961 438 3020 490 et
3067 437 3320 510 protegit
3366 445 3664 512 proximos

249 535 328 590 tis
359 536 512 589 dono
544 530 792 597 refertis,
828 534 1292 600 cunctarumque
1331 527 1615 583 virtutum
1669 526 1910 580 floribus

2021 538 2194 586 suos;
2229 521 2367 592 quia
2390 522 2558 589 juxta
2589 522 2918 593 apostolum
2953 524 3219 587 Paulum,
3256 527 3487 599 benigna
3507 539 3665 595 estmt

252 618 940 691 redimitis,multiplices
963 619 1284 690 gratiarum
1310 617 1504 671 cultus
1527 615 1788 668 omnium
1818 615 1911 666 bo-
1980 604 2204 664 omnia
2229 611 2418 682 suffert
2458 615 2508 677 (Ι
2552 616 2673 667 Cor.
2724 614 2837 682 xv).
2896 614 3106 671 Verum
3157 636 3189 673 a
3237 620 3519 678 charitate
3567 630 3668 680 tua

249 727 463 767 norum
484 707 705 765 auctori
724 708 1130 780 rependimus;
1166 711 1450 778 tuamque
1473 723 1506 759 a
1531 704 1734 759 multis
1758 706 1910 758 retro

249 799 620 872 temporibus
652 813 791 868 erga
822 797 1019 852 sedem
1051 795 1435 867 apostolicam
1463 793 1722 866 agnitam
1748 793 1908 846 devo-

248 891 470 946 tionem
506 886 829 960 plurimum
870 886 1378 953 commendamus,
1413 888 1586 954 atque
1620 886 1684 937 ut
1715 882 1773 935 in
1804 881 1912 935 hoc

251 977 476 1035 salubri
509 975 808 1048 proposito
861 978 1209 1046 perseveret,
1262 973 1692 1028 fraternitatem
1752 976 1913 1025 tuam

252 1066 529 1123 obnixius
552 1065 959 1120 adhortamur.
985 1063 1082 1118 Sic
1105 1062 1260 1117 enim
1288 1068 1501 1117 sanctae
1525 1059 1916 1116 conversatio-

253 1157 350 1211 nis
381 1155 609 1227 pedem,
637 1169 750 1224 quo
774 1153 1008 1208 tendere
1031 1152 1264 1217 debeas,
1291 1151 1688 1223 perspicacius
1710 1165 1917 1220 cogno-

256 1260 420 1300 scere
451 1241 688 1315 poteris,
741 1246 798 1296 et
845 1240 1318 1313 supervenientia
1363 1255 1673 1311 pravorum
1717 1237 1918 1310 jacula

254 1332 572 1406 praevidere
602 1335 659 1386 et
688 1329 980 1386 declinare
1009 1329 1274 1394 liberius,
1310 1328 1600 1384 revelante
1644 1327 1914 1396 Domino,

254 1419 618 1494 przevalcbis,
649 1419 696 1474 si
731 1419 788 1473 in
822 1418 1153 1490 apostolica}
1185 1419 1344 1473 sedis
1377 1422 1562 1490 petra,
1595 1434 1759 1471 more
1793 1433 1917 1470 ma-

247 1513 475 1582 jorum,
503 1507 841 1580 praesidium
875 1513 1044 1562 tuum
1067 1507 1372 1576 locaveris,
1396 1509 1643 1579 ejusque
1667 1505 1799 1560 fidei
1820 1506 1919 1560 do-

262 1599 471 1656 ctrinis
503 1597 589 1652 vel
621 1595 869 1651 decretis
907 1596 1125 1651 arctius
1174 1597 1456 1652 inhaerere
1502 1594 1908 1663 contenderis;

265 1705 447 1762 quam
479 1686 574 1742 ille
597 1703 706 1742 sua
725 1685 975 1740 sacravit
997 1685 1277 1751 sessione,
1294 1703 1466 1758 quem
1487 1684 1770 1741 Dominus
1790 1685 1918 1755 ejus

262 1777 533 1832 Christus
563 1773 832 1830 Ecclesiae
865 1792 983 1829 sua:
1027 1773 1210 1829 voluit
1258 1775 1514 1846 primum
1565 1779 1622 1830 et
1669 1773 1916 1869 speciale
1946 1805 1993 1869 B

261 1865 510 1921 retinere
541 1864 865 1936 fastigium,
898 1863 1038 1935 quin
1085 1868 1141 1918 et
1201 1863 1451 1918 caelestis
1507 1863 1640 1918 atrii
1700 1862 1915 1935 delegit

260 1970 567 2010 summum
602 1953 957 2009 constituere
981 1953 1489 2024 janitorem,quod
1514 1954 1638 2023 jam
1673 1953 1918 2008 beatitu-

262 2043 460 2098 dinem
477 2047 639 2098 tuam
655 2046 891 2097 strenue
905 2046 1350 2114 persequentem
1365 2041 1578 2096 debitis
1591 2041 1916 2096 attollimus

261 2131 504 2187 omnino
536 2130 840 2202 praeconiis
871 2147 985 2185 non
1019 2130 1209 2185 solum
1242 2131 1299 2184 in
1334 2130 1462 2197 hoc,
1495 2147 1700 2185 verum
1740 2131 1913 2186 etiam

263 2221 325 2276 in
347 2220 598 2291 eo.quod
621 2218 1012 2290 apostolatum
1036 2223 1305 2274 nostrum
1330 2219 1400 2273 ad
1425 2219 1915 2290 perseverantiam

264 2308 610 2364 cohortaris.
645 2309 708 2362 In
739 2325 852 2380 quo
885 2307 1039 2362 enim
1072 2311 1191 2362 tam
1225 2308 1533 2362 manifeste
1582 2311 1914 2361 nostrarum

265 2397 638 2452 sanctionum
672 2402 730 2452 et
759 2397 1125 2452 decretorum
1149 2397 1452 2452 ostendere
1473 2400 1526 2451 te
1549 2395 1764 2469 poteris
1789 2413 1918 2452 esse

265 2487 593 2552 custodem,
610 2503 784 2557 quam
808 2485 866 2540 in
889 2502 976 2552 eo,
996 2486 1149 2557 quod
1175 2489 1437 2542 nostram
1461 2503 1695 2557 quoque
1717 2485 1918 2541 solidi-

264 2577 448 2630 tatem
484 2592 663 2646 supra
693 2576 923 2630 ﬁrmam
971 2578 1196 2646 petram
1246 2575 1570 2642 fundatam,
1605 2579 1669 2630 ut
1715 2575 1774 2630 in
1824 2575 1918 2631 his

267 2669 618 2736 perseveret,
652 2664 975 2719 studiosius
1007 2663 1266 2719 animare
1296 2663 1621 2734 procuras?

344 2753 504 2818 Quod
539 2757 733 2808 autem
756 2754 1099 2824 deprecatur
1118 2757 1220 2807 tua
1239 2753 1593 2819 fraternitas,
1611 2757 1675 2808 ut
1697 2758 1918 2808 scrute-

269 2841 633 2912 mur,quales
655 2842 1107 2913 przedecessores
1130 2840 1312 2896 nostri
1343 2841 1495 2896 circa
1525 2841 1919 2912 praedecesso-

270 2944 365 2983 res
395 2933 529 2984 tuos
561 2930 886 3002 antiquitus
919 2929 1152 2998 fuerint,
1204 2934 1261 2984 et
1307 2929 1591 3002 postulas,
1641 2934 1704 2986 ut
1751 2930 1920 2987 liceat

268 3017 376 3073 tibi
409 3018 690 3090 rescripto
719 3024 1301 3092 cognoscere,utrum
1335 3021 1579 3076 fidenter
1604 3020 1804 3075 crebro
1826 3020 1918 3075 lit-

269 3107 418 3162 teris
447 3106 533 3162 vel
587 3107 792 3179 legatis
849 3125 964 3163 non
1022 3109 1239 3164 audeas
1299 3110 1453 3177 μάθε,
1515 3126 1621 3164 nos
1677 3109 1914 3174 audeas,

271 3195 482 3266 Harum]
514 3196 902 3268 frequentare,
927 3201 984 3252 et
1015 3214 1259 3269 quaeque
1291 3197 1673 3270 congruentia
1697 3202 1919 3270 tempo-

272 3285 441 3340 ribus
465 3284 808 3356 opportunis
835 3302 1173 3358 suggerere;
1198 3286 1343 3341 sciat
1363 3287 1662 3342 beatitudo
1683 3291 1920 3352 tua,nos

273 3374 422 3429 bene
451 3389 818 3445 cognoscere.
842 3375 994 3446 quod
1020 3376 1472 3446 praedecessores
1495 3375 1608 3430 mei
1631 3377 1782 3430 inter
1810 3375 1923 3431 alia

272 3461 515 3517 honoris
565 3463 846 3518 beneficia
893 3464 1346 3535 praedecessores
1374 3470 1506 3518 tuos
1533 3465 1676 3519 adeo
1710 3464 1922 3519 dilexe-

272 3551 414 3617 rint,
444 3556 508 3605 ut
527 3551 612 3606 eis
631 3551 788 3606 vices
810 3569 950 3607 suas
983 3551 1042 3606 in
1075 3551 1192 3607 illis
1222 3552 1492 3624 partibus
1523 3553 1771 3609 retinere
1793 3571 1926 3609 con-

273 3641 584 3706 senserint,
621 3640 1121 3712 quemadmodum
1153 3640 1358 3712 quinta
1400 3642 1573 3696 refert
1620 3646 1822 3697 sancta
1867 3647 1923 3697 et

271 3727 622 3783 universalis
654 3729 933 3800 synodus.
959 3730 1046 3783 Tu
1078 3745 1210 3784 vero
1240 3728 1286 3784 si
1321 3730 1612 3801 promissa
1641 3735 1751 3785 tuae
1783 3731 1922 3786 dile-

269 3815 482 3872 ctionis
531 3817 859 3889 perfeceris,
913 3821 969 3872 et
1017 3818 1186 3872 nobis
1234 3819 1670 3887 consentiendo,
1722 3826 1923 3874 contra

269 3921 480 3976 pravos
513 3922 775 3977 quosque
806 3904 890 3960 vel
924 3910 1126 3961 contra
1161 3906 1437 3962 molestos
1488 3908 1656 3963 nobis
1708 3908 1923 3965 haerere

271 3995 667 4060 contenderis,
709 3999 766 4049 et
796 4012 829 4048 a
858 3995 1106 4049 decretis
1127 3995 1355 4049 deviare
1380 3997 1663 4067 refugeris
1697 4013 1710 4050 :
1746 4014 1924 4052 nove-

270 4082 354 4137 ris
375 4087 428 4138 te
445 4083 652 4138 deinde
669 4082 1032 4154 apostolatus
1050 4083 1232 4138 nostri
1252 4083 1451 4155 clypeo
1474 4086 1918 4156 protegendum,

271 4176 330 4226 et
359 4171 662 4226 charitatis
702 4189 767 4226 ac
819 4172 1050 4244 pietatis
1099 4172 1354 4227 brachiis
1408 4173 1598 4227 modis
1647 4174 1923 4229 omnibus

271 4257 814 4330 complectendum;
839 4267 1102 4316 sanctam
1129 4278 1360 4333 quoque
1381 4260 1696 4316 Ecclesiam
1722 4262 1923 4316 divini-

269 4351 369 4403 tus
403 4348 506 4402 tibi
542 4349 823 4404 creditam
856 4355 1056 4405 nostra
1089 4350 1478 4405 sollicitudine
1508 4355 1565 4405 et
1601 4349 1920 4422 vigilantia,

268 4440 508 4492 auctore
539 4437 675 4501 Deo,
708 4437 1066 4508 peramplius
1095 4443 1152 4493 et
1181 4439 1496 4510 perfectius
1539 4443 1924 4510 augmentan-

269 4525 431 4580 dam.
470 4525 693 4580 Mittere
723 4531 921 4582 autem
953 4525 1120 4581 nobis
1151 4527 1370 4600 legatos
1391 4526 1477 4581 vel
1510 4526 1734 4582 litteras
1765 4532 1925 4583 tanto
1957 4529 2002 4592 Ι)

266 4613 452 4669 libere
483 4614 729 4680 debetis,
763 4619 981 4687 quanto
1006 4615 1282 4682 Charitas,
1316 4634 1432 4688 qua
1461 4615 1614 4671 circa
1645 4617 1922 4671 sanctita-

266 4706 389 4758 tem
421 4707 585 4758 tuam
619 4704 935 4774 tlagramus
957 4705 1155 4776 (quam
1181 4706 1360 4758 latum
1395 4707 1738 4761 mandatum
1774 4705 1923 4777 psal-

268 4791 1153 4864 mographusnuncupat),intra
1166 4792 1364 4847 sinum
1380 4793 1789 4866 amplitudinis
1804 4813 1921 4850 suae

2020 715 2206 753 unum
2241 699 2349 754 hoc
2381 701 3127 782 necessariopostqlamus,
3163 709 3383 765 scilicet
3422 716 3486 766 ut
3533 731 3666 770 cum

2023 785 2278 858 aliquem
2303 789 2370 842 ad
2393 777 2773 860 apostolicam
2797 777 2996 848 sedem
3017 795 3510 860 miseris,studeat
3531 819 3667 857 eum

2022 878 2123 929 tua
2154 893 2388 932 monere
2421 879 2773 946 fraternitas,
2807 888 3099 952 quatenus
3129 884 3184 939 in
3224 889 3519 945 redeundo
3553 909 3668 946 non

2025 981 2446 1037 usquequaque
2480 969 2726 1024 festinus
2758 977 3071 1042 appareat;
3105 990 3170 1030 eo
3201 978 3356 1047 quod
3402 979 3665 1034 omnium

2025 1052 2399 1108 ecclesiarum
2433 1056 2530 1110 Dei
2564 1057 2738 1127 (sicut
2767 1060 2890 1129 ipse
2921 1063 3094 1133 nosti)
3126 1081 3265 1118 cura
3312 1067 3668 1140 constringi-

2025 1157 2178 1211 mur,
2211 1147 2266 1197 et
2295 1159 2430 1198 cum
2465 1146 2724 1216 undique
2753 1149 2822 1202 ad
2856 1151 3050 1205 sedem
3085 1153 3462 1224 apostolicam
3496 1155 3668 1212 multi

2027 1229 2251 1285 diversa
2282 1238 2606 1302 quaerentes
2627 1237 2942 1306 confluant,
2967 1240 3255 1296 efficimur
3274 1244 3422 1298 tardi
3451 1245 3520 1298 ad
3553 1245 3669 1300 sin-

2026 1318 2216 1390 gulos,
2248 1321 2389 1374 dum
2422 1321 2692 1380 volumus
2725 1326 3141 1400 benignitatem
3175 1335 3231 1386 et
3273 1332 3666 1404 dapsilitatem

2027 1425 2300 1480 spargere
2327 1427 2430 1481 per
2461 1410 2740 1468 diversos.
2774 1415 2916 1470 Illud
2966 1422 3158 1474 autem
3212 1420 3377 1476 valde
3427 1422 3665 1494 placuit,

2027 1497 2180 1551 unde
2198 1497 2370 1552 etiam
2389 1497 2678 1555 immenso
2702 1503 2955 1574 tripudio
2976 1508 3666 1579 exsultavimus,scilicet,

2027 1586 2304 1656 quoniam
2337 1589 2408 1642 ab
2439 1589 2764 1660 apostolatu
2805 1599 3000 1649 nostro
3050 1597 3330 1653 sciscitati
3380 1601 3517 1672 quid
3568 1605 3671 1656 tua

2027 1674 2308 1729 sanctitas
2339 1677 2501 1747 sequi
2527 1678 2841 1746 debuisset,
2869 1684 3322 1753 prudentissime
3344 1688 3666 1744 decrevisti.

2025 1764 2240 1819 Verum
2268 1767 2536 1836 quamvis
2559 1768 2746 1823 multa
2775 1769 2894 1825 sint
2923 1789 3050 1843 qua:
3081 1775 3187 1830 tibi
3221 1777 3448 1832 mittere
3469 1795 3667 1849 posse-

2027 1871 2159 1908 mus
2186 1871 2198 1909 :
2225 1854 2458 1910 interim
2487 1861 2682 1911 tamen
2710 1875 2836 1930 qua:
2859 1861 2917 1914 in
2950 1862 3064 1918 alia
3095 1866 3278 1924 nostri
3311 1867 3670 1938 apostolatus

2025 1943 2270 2014 epistola
2301 1944 2644 2000 beatitudini
2676 1951 2786 2002 tua:
2819 1948 3184 2023 intimamus,
3219 1955 3408 2012 solum
3440 1961 3552 2013 tua:
3585 1976 3670 2014 so-

2026 2032 2204 2088 lertia:
2237 2034 2356 2089 sint
2403 2035 2663 2108 pervigili
2714 2054 2854 2094 cura
2914 2044 3212 2108 sectanda,
3263 2047 3672 2120 przecipuoque

2027 2122 2220 2176 studio
2249 2126 2596 2196 peragenda.
2633 2127 2932 2198 Siquidem
2967 2147 3093 2202 qum
3125 2133 3278 2188 circa
3329 2153 3456 2203 nos,
3490 2137 3669 2193 circa-

2027 2228 2140 2282 que
2171 2213 2367 2268 sedem
2401 2215 2551 2270 beati
2583 2217 2887 2283 Petri,non
2912 2224 3002 2274 est
3039 2220 3197 2276 aliud
3234 2223 3466 2294 signum
3502 2227 3670 2282 devo-

2027 2301 2205 2355 tionis
2237 2306 2372 2369 tum,
2404 2321 2579 2375 quam
2609 2305 2923 2377 polliceris,
2958 2309 3068 2364 nisi
3112 2312 3572 2384 obtemperantia
3617 2322 3674 2371 et

2027 2392 2456 2447 consummatio
2488 2394 2848 2450 decretorum
2883 2401 2940 2451 et
2979 2399 3385 2456 definitionum
3442 2408 3674 2459 nostra-

2027 2495 2180 2548 rum,
2201 2479 2299 2550 qui
2332 2479 2464 2535 licet
2496 2482 2741 2553 indigni,
2765 2501 2868 2555 per
2888 2486 3307 2544 abundantiam
3332 2495 3527 2547 tamen
3551 2510 3678 2565 gra-

2028 2567 2119 2622 tia;
2149 2567 2384 2637 Christi,
2412 2570 2598 2640 ipsius
2628 2573 2826 2626 vicarii
2862 2591 3092 2631 sumus.
3117 2577 3262 2633 Data
3293 2596 3491 2636 mense
3515 2582 3672 2650 Maii,

2029 2657 2121 2712 die
2159 2661 2238 2726 l2,
2272 2657 2587 2714 indictione
2614 2677 2711 2714 xu.

2765 2768 2946 2823 CLIX.

2383 2891 2456 2927 AD
2495 2890 2763 2929 CAROLUM
2804 2893 2994 2932 REGEM
3036 2896 3323 2936 MAJOREM.

2633 2983 3067 3055 Fragmentum.

2421 3093 2502 3143 De
2528 3089 2780 3160 conjugz'o
2810 3093 2995 3149 Caroli
3007 3093 3274 3163 junz’orz’s.

2102 3193 2358 3249 Dilectus
2390 3193 2546 3249 filius
2578 3199 2634 3250 et
2664 3197 3063 3268 coaequivocus
3097 3206 3282 3257 vester
3309 3203 3553 3260 Carolus
3601 3209 3671 3263 ad

2029 3288 2289 3338 nostram
2308 3284 2685 3354 apostolicam
2709 3303 2864 3341 nunc
2887 3287 2943 3341 in
2967 3291 3235 3359 praesenti
3251 3291 3476 3349 destina
3496 3301 3676 3351 restu-

2031 3372 2158 3426 duit
2189 3372 2618 3443 paternitatem,
2643 3373 2926 3430 intimans
2948 3377 3216 3434 videlicet
3239 3383 3391 3452 quod
3415 3400 3516 3454 pro
3540 3402 3678 3456 qua-

2032 3460 2168 3514 dam
2203 3461 2420 3514 femina
2449 3477 2482 3514 a
2513 3459 2702 3531 primo
2725 3461 2852 3531 jam
2877 3465 3249 3522 matrimonio
3272 3468 3674 3542 relicta,quam

2033 3549 2159 3603 sine
2188 3553 2399 3615 vestro,
2433 3549 2586 3619 quod
2620 3565 2732 3604 non
2766 3551 3066 3618 debuerat,
3101 3571 3387 3612 consensu
3429 3559 3537 3613 sibi
3581 3577 3674 3616 so-

2032 3637 2205 3692 ciaVit
2230 3637 2288 3691 in
2321 3637 2682 3708 conjugium,
2726 3643 2927 3694 vestra:
2975 3644 3341 3712 paternitatis
3393 3649 3673 3705 offensam

2030 3725 2359 3780 incurrerit.

2101 3815 2249 3870 Item.
2285 3819 2361 3869 De
2392 3832 2568 3870 uxore
2600 3815 2719 3870 ﬁlio
2750 3822 2939 3873 vestro
2961 3822 3288 3892 conjuncta,
3315 3825 3362 3879 si
3385 3825 3518 3881 talis
3545 3845 3675 3883 con-

2029 3908 2122 3958 tra
2149 3904 2510 3959 divinitatem
2539 3905 2833 3961 invenitur
2852 3925 3027 3962 causa
3054 3927 3156 3981 pro
3180 3929 3296 3982 qua
3319 3914 3477 3970 nullo
3503 3919 3676 3973 modo

2031 4009 2158 4046 eam
2178 3992 2390 4046 habere
2408 3993 2912 4059 debeat,volumus
2931 3998 3100 4052 nobis
3118 4005 3352 4056 avestra
3369 4002 3675 4060 dilectione

2033 4079 2488 4146 mandari.Quod
2514 4081 2560 4136 si
2587 4083 2745 4136 nulla
2769 4084 3061 4140 invenitur
3076 4103 3143 4141 ex
3165 4087 3341 4144 latere
3363 4091 3476 4144 alia
3498 4109 3676 4148 causa

2033 4169 2186 4240 quod
2203 4186 2374 4240 grave
2389 4169 2574 4240 pariat
2588 4175 3097 4241 peecatorum,non
3127 4177 3674 4248 reperiturauctori-

2032 4259 2123 4311 tas
2150 4260 2211 4310 ut
2235 4274 2434 4312 eorum
2461 4259 2646 4312 scindi
2669 4260 2875 4316 debeat
2896 4263 3258 4336 conjugium,
3283 4282 3387 4321 nec
3411 4272 3675 4324 nostrum

2034 4350 2123 4400 est
2145 4345 2228 4401 eis
2259 4347 2384 4402 sine
2415 4347 2727 4404 manifesta
2756 4349 2950 4406 delicti
2981 4352 3152 4424 culpa
3191 4370 3307 4408 suae
3361 4358 3677 4428 separatio-

2034 4435 2128 4490 nis
2155 4435 2368 4491 inferre
2399 4437 2824 4508 prwjudicium.

2104 4528 2257 4581 Item.
2289 4526 2634 4597 Quanquam
2666 4528 2922 4584 sciamus
2954 4529 3133 4586 filiam
3158 4535 3495 4602 vestram,si
3519 4535 3676 4601 libet,

2035 4631 2206 4687 posse
2238 4632 2337 4669 vos
2370 4614 2653 4671 Balduino
2684 4616 3020 4689 legaliterin
3047 4637 3282 4676 uxorem
3308 4621 3682 4691 dimittere,et

2035 4703 2269 4775 pietatis
2300 4708 2500 4759 vestrae
2558 4704 2872 4760 clementer
2921 4710 3166 4780 gratiam
3218 4710 3525 4782 impertiri,
3563 4730 3678 4769 non

2032 4797 2228 4847 tamen
2253 4795 2424 4864 jussa
2454 4794 2748 4861 misimus,
2778 4797 2878 4851 sed
2911 4813 3109 4868 preces
3140 4798 3486 4858 obtulimus.
