4098 6186
422 255 577 319 1183

976 258 1081 319 AD
1123 256 1557 320 EPISTOLAS
1600 255 1701 317 ET
1744 255 2109 316 DECRETA
2157 254 2471 317 NICOLAI
2512 255 2744 318 PAPIE
2784 256 2810 319 Ι
2853 256 3275 320 APPENDIX.

3677 255 3836 317 “84

1712 472 2551 709 APPENDIX.

906 910 1420 996 DECRETA
1484 911 1704 997 SEU
1775 907 2373 999 RESCRIPI‘A
2432 910 2901 998 NICOLAI
2958 913 3250 998 PAP/E
3306 914 3344 998 Ι

1774 1103 1843 1141 EX
1882 1104 2145 1143 GRA'I‘IANI
2183 1104 2474 1143 VOLUMINB

897 1239 1016 1299 I’er
1041 1241 1329 1301 Joannem
1374 1242 1718 1301 Cocauauu
1752 1239 1813 1298 in
1845 1258 2024 1300 unum
2055 1237 2300 1300 collecta
2328 1250 2385 1300 et
2414 1240 2476 1299 in
2508 1240 2726 1320 viginti
2751 1240 2956 1301 titulos
2983 1240 3324 1302 distributa.

1522 1424 1705 1488 (Apud
1736 1423 1922 1485 Mansi,
1948 1424 2145 1474 Concil.
2179 1426 2413 1489 general.
2440 1430 2569 1477 tom.
2600 1427 2708 1478 XV)

689 1734 762 1787 De
790 1730 1264 1786 constitutionibus
1296 1730 1571 1797 Ecclesizc,
1605 1732 1691 1785 tit.
1722 1733 1763 1785 Ι.

477 1837 705 1905 I.(Dist.
732 1837 817 1904 I0,
843 1854 893 1892 e.
919 1835 972 1902 Ι,
1005 1837 1283 1907 Episcopi:
1315 1837 1373 1891 in
1402 1837 1598 1891 concil.
1635 1836 1779 1908 apud
1812 1837 2052 1895 Const.v1

402 1926 680 1996 congreg.)
712 1923 1003 1996 Imperiali
1029 1924 1257 1995 judicio
1291 1942 1404 1980 non
1437 1930 1687 1996 possunt
1708 1926 1847 1995 jura
1877 1926 2055 1981 eccle-

403 2015 641 2071 siastica
664 2013 899 2070 dissolvi
930 2032 942 2081 ;
979 2030 1083 2068 nec
1115 2018 1365 2085 possunt
1418 2013 1837 2085 imperatorum
1896 2013 2054 2087 leges

401 2102 750 2175 evangelicis
780 2107 835 2158 et
865 2100 1221 2174 apostolicis,
1248 2106 1425 2173 atque
1455 2102 1752 2157 canonicis
1784 2095 2050 2172 decretis,

401 2193 617 2266 quibus
648 2191 1061 2265 postponendze
1096 2194 1255 2258 sunt,
1290 2191 1503 2245 inferre
1536 2191 1958 2268 preejudicium.

472 2280 540 2336 Il.
572 2279 719 2335 Dist.
754 2278 842 2344 42,
875 2278 1233 2346 Ridiculum.)
1268 2276 1603 2332 Ridiculum
1645 2282 1754 2346 est,
1805 2282 1861 2333 et
1909 2278 2054 2334 satis

399 2368 792 2425 abominabile
813 2368 1161 2433 dedecus,ut
1189 2365 1529 2421 traditiones
1557 2383 1704 2438 quas
1727 2365 2054 2439 antiquitus

399 2474 434 2514 a
463 2456 728 2529 patribus
754 2455 1144 2526 suscepimus,
1180 2453 1417 2525 infringi
1452 2453 1763 2525 patiamur.

869 2562 943 2616 De
973 2559 1381 2627 consuetudine,
1415 2562 1480 2614 tit
1509 2560 1577 2615 II.

472 2670 514 2725 Ι.
548 2668 712 2742 (Dist.
746 2670 800 2736 8,
826 2684 874 2722 c.
897 2668 951 2733 8,
985 2666 1189 2733 Mala.)
1222 2665 1378 2721 Mala
1408 2667 1768 2722 consuetudo
1800 2686 1917 2724 non
1950 2669 2054 2724 mi-

400 2776 512 2815 nus
543 2775 720 2831 quam
753 2754 1080 2829 perniciosa
1111 2755 1442 2827 corruptela
1487 2755 1816 2826 abjieienda
1862 2762 1919 2812 et
1965 2758 2051 2813 vi-

401 2849 742 3004 tailiitilgiseit.
775 2938 865 3001 22,
898 2934 1065 2991 Mich.
1099 2934 1260 3004 imp.)
1287 2932 1440 2987 Nihil
1474 2934 1691 2988 absunt
1729 2934 1905 2989 saluti
1927 2952 2051 2992 ere-

396 3027 662 3084 dentium
684 3024 928 3080 diversas
952 3039 1057 3095 pro
1080 3020 1203 3077 loco
1225 3025 1283 3077 et
1313 3024 1573 3095 tempore
1603 3022 2051 3081 constitutiones

394 3113 483 3169 vel
512 3111 991 3177 consuetudines,
1036 3109 1086 3165 si
1133 3108 1251 3164 illis
1304 3110 1584 3166 canonica
1633 3127 1749 3165 non
1800 3112 2053 3168 obsistat
2081 3102 2128 3167 Β

398 3202 736 3259 auctoritas.

468 3293 566 3347 III.
600 3291 768 3362 (Dist.
790 3290 881 3355 21,
908 3290 1199 3360 Denique.)
1223 3286 1310 3342 Illi
1342 3288 1442 3360 qui
1473 3293 1607 3344 ante
1642 3306 1749 3346 nos
1781 3290 2041 3360 fuerunt,

396 3380 696 3455 providam
726 3378 787 3434 in
821 3376 1091 3433 Ecclesiis
1140 3376 1624 3433 consuetudinem
1658 3379 2045 3449 tradiderunt,

395 3471 687 3541 hodieque
709 3468 766 3523 in
781 3472 1043 3524 Romana
1062 3465 1473 3537 Eeelesia,quaz
1500 3466 1783 3538 magistra
1808 3473 1897 3524 est
1917 3486 2046 3526 om-

397 3560 562 3616 nium
600 3556 1011 3622 Ecclesiarum,
1038 3555 1511 3626 imprastermisse
1542 3559 1823 3623 servatur,
1858 3557 1939 3613 ita
1983 3563 2050 3614 ut

396 3648 596 3704 nullus
623 3646 915 3711 sacerdos,
934 3644 1156 3713 majore
1178 3660 1283 3698 suo
1305 3660 1420 3698 non
1444 3643 1721 3700 innuente
1742 3662 2047 3703 consacer-

397 3724 551 3803 dote,
586 3733 904 3804 cujuslibet
934 3732 1016 3786 rei
1038 3730 1500 3787 benedictionem
1523 3733 1662 3788 dare
1688 3733 2047 3790 nitatur.Sed

397 3829 454 3880 et
482 3822 739 3879 anterior
758 3825 922 3875 stans
948 3820 1019 3874 ad
1047 3818 1544 3890 pronuntiandam
1571 3820 1828 3892 aliquam
1853 3821 2050 3879 lectio-

398 3908 1029 3979 nem,benediotionem
1051 3905 1290 3978 quidem
1316 3905 1704 3978 postulat,sed
1727 3910 1778 3965 ei
1802 3910 2049 3982 quilibet

397 4000 638 4058 inferior
663 4015 780 4055 non
814 3997 990 4053 audet
1019 3994 1383 4063 benedicere,
1416 3996 1554 4068 quia
1577 3996 1637 4052 in
1672 3999 1930 4070 Epistola
1974 4001 2047 4057 ad

395 4091 666 4147 Hebraeos
696 4086 947 4162 legimus
977 4085 1133 4158 quod
1166 4084 1358 4140 minor
1378 4102 1412 4139 a
1435 4087 1656 4158 majore
1680 4087 2049 4145 benedicitur

396 4179 575 4252 (Hebr.
607 4180 713 4247 In).

920 4284 994 4337 De
1013 4280 1265 4352 judiciis,
1300 4282 1387 4335 tit.
1422 4280 1512 4336 III.

468 4395 509 4449 Ι.
540 4393 709 4466 (Dist.
748 4392 832 4458 I2,
864 4406 913 4443 c.
951 4387 1227 4459 Inferior.)
1261 4386 1503 4442 Inferior
1550 4389 1719 4443 sedes
1763 4389 2045 4461 potiorem

394 4481 821 4546 absolvere,aut
842 4476 1066 4549 judicio
1095 4475 1279 4548 ligare
1309 4493 1425 4531 non
1445 4481 1769 4548 potest,nee
1793 4480 2043 4551 propriis
2083 4467 2125 4532 C

395 4570 849 4626 ditﬁnitionibus
880 4566 1217 4638 subjugare.

464 4660 531 4716 II.
566 4659 761 4728 (Ibid.,
794 4674 841 4712 c.
876 4655 1097 4726 Nolite.)
1131 4653 1308 4710 Filios
1343 4654 1498 4709 circa
1530 4653 1893 4726 spiritualem
1944 4674 2044 4729 pa-

397 4752 564 4816 trem,
593 4752 657 4803 ut
685 4745 1008 4817 discipulos
1038 4760 1175 4816 erga
1204 4741 1578 4814 magistrum,
1607 4742 1689 4797 ita
1719 4744 1947 4813 sobrios
1978 4762 2044 4801 ac

396 4834 633 4891 devotos
663 4852 790 4891 esse
821 4836 1004 4900 decet,
1040 4836 1103 4888 ut
1134 4830 1295 4887 nulla
1328 4830 1560 4903 penitus
1599 4832 1923 4889 temeritate
1970 4835 2042 4890 ad

395 4941 597 4980 eorum
628 4924 805 4979 vitam
838 4921 1302 4995 diiudicandum,
1364 4937 1468 4975 nec
1525 4919 1732 4974 saltem
1792 4923 2045 4978 tenuiter

396 5011 954 5084 reprehendendam,
984 5009 1312 5083 prosiliant.

467 5101 541 5156 III
571 5099 766 5168 (Ibid.,
800 5115 849 5153 c.
883 5100 1082 5166 Nunc.)
1110 5100 1234 5154 Non
1269 5101 1458 5170 potest
1487 5096 1803 5169 quisquam
1832 5098 1937 5156 rite
1970 5103 2040 5157 ab

393 5172 597 5259 bisqui
621 5184 912 5241 inferioris
932 5185 1155 5240 ordinis
1177 5184 1265 5240 vel
1288 5184 1596 5256 dignitatis
1618 5186 2044 5256 sunt,judieia-

393 5276 548 5331 libus
560 5272 855 5331 submittti
877 5272 1348 5328 difﬁnitionibus.
1364 5273 1526 5328 Unde
1547 5272 1765 5328 factum
1788 5280 1875 5330 est
1896 5281 1960 5331 ut
1980 5278 2040 5332 in

389 5364 635 5421 concilio
648 5364 1055 5436 episcoporum
1079 5360 1279 5416 nullus
1302 5361 1359 5415 in
1376 5360 1778 5417 Marcellinum
1804 5380 2039 5437 papam,

391 5453 492 5523 qui
518 5459 779 5524 tempore
810 5449 1152 5506 Diocletiani
1182 5453 1239 5504 et
1275 5449 1611 5505 Maximiani
1640 5452 2040 5524 Augustorum

392 5539 564 5596 idolis
594 5540 934 5613 compulsus
966 5538 1412 5603 sacriﬁcaverat,
1440 5538 1539 5593 sed
1568 5543 1770 5610 postea
1789 5540 2041 5615 insignis

2086 1733 2137 1798 Α
2170 1735 2391 1805 martyr
2421 1731 2659 1787 eIl'ectus
2684 1734 2795 1793 est.
2819 1731 3169 1787 sententiam
3202 1731 3463 1803 proferre
3493 1747 3683 1786 ausus
3706 1730 3841 1785 fue-

2166 1821 2261 1888 rit,
2292 1821 2432 1875 dum
2461 1820 2512 1876 ei
2543 1820 2865 1893 saepissime
2896 1838 3100 1876 omnes
3130 1820 3426 1875 dicerent:
3454 1820 3582 1875 Tuo
3614 1837 3713 1875 ore
3735 1821 3836 1892 ju-

2165 1909 2295 1963 dica
2326 1926 2564 1964 causam
2597 1911 2784 1976 tuam,
2819 1926 2936 1964 non
2969 1913 3168 1965 nostro
3191 1907 3435 1980 judicio.
3468 1908 3539 1962 Et
3563 1908 3782 1963 iterum
3817 1926 3830 1963 :

2165 1996 2293 2052 Noli
2327 1996 2516 2053 audiri
2549 1997 2606 2052 in
2640 2002 2837 2053 nostro
2862 1996 3224 2069 judicio,sed
3250 1995 3456 2069 collige
3477 1995 3537 2051 in
3560 1996 3699 2053 sinu
3724 1999 3829 2051 tuo

2164 2102 2403 2141 causam
2439 2091 2623 2154 tuam,
2657 2090 2765 2141 etc.

2236 2174 2329 2229 ιν.
2368 2175 2560 2244 (Ibid.,
2593 2191 2643 2229 c.
2679 2177 2828 2247 seq.)
2849 2174 3207 2247 Acephalum
3238 2173 3424 2248 liquet
3453 2191 3581 2230 esse
3623 2174 3827 2229 conci-

2162 2262 2330 2331 lium,
2365 2264 2465 2319 ubi
2498 2265 2567 2340 de
2599 2268 2763 2319 tanta
2792 2281 3043 2339 persona
3063 2263 3275 2336 agitur,
3300 2268 3358 2319 et
3380 2263 3674 2334 majorum
3700 2280 3820 2317 non

2162 2356 2531 2423 exspectatur
2559 2344 3016 2419 sententia,cum
3049 2356 3107 2407 et
3137 2350 3195 2406 in
3228 2366 3407 2406 causa
3426 2350 3703 2406 clericum
3730 2350 3820 2404 in-

2163 2439 2389 2495 ferioris
2402 2441 2619 2514 gradus
2641 2439 2826 2495 solius
2850 2439 3105 2512 episcopi
3131 2439 3224 2495 sui
3238 2437 3535 2510 judicium
3556 2442 3820 2494 tantum-

2162 2530 2333 2584 modo
2367 2528 2781 2599 postulandum
2817 2529 2935 2596 [ai.,
2970 2527 3448 2601 praestolantium]
3476 2528 3561 2581 fit.

2232 2618 2300 2673 V.
2336 2617 2526 2689 (Ibid.,
2542 2634 2590 2672 e.
2613 2620 2763 2689 seq.)
2784 2618 2846 2673 In
2871 2622 3099 2673 tantum
3122 2616 3272 2671 hanc
3294 2615 3818 2688 praesumptionem

2161 2706 2346 2762 sancti
2379 2707 2576 2762 Patres
2607 2707 2761 2779 apud
2794 2705 3217 2761 Cbalcedonem
3252 2704 3521 2760 detestati
3552 2709 3720 2770 sunt,
3751 2708 3823 2758 ut

2161 2796 2502 2850 Dioscorum
2544 2794 3002 2850 Alexandrinum
3036 2794 3360 2850 antistitem
3410 2793 3563 2848 inter
3607 2798 3824 2849 cetera

2158 2882 2374 2939 idcirco
2406 2883 2779 2956 potissimum
2814 2883 2942 2940 sine
2973 2882 3094 2939 ulla
3124 2882 3489 2938 restitutione
3506 2882 3822 2940 damnave-

2159 2973 2299 3039 rint,
2335 2974 2487 3045 quod
2522 2989 2746 3044 ponens
2776 2973 2836 3027 in
2867 2972 3077 3028 ccelum
3111 2989 3176 3028 os
3210 2987 3405 3039 suum,
3440 2969 3643 3043 lingua
3683 2970 3822 3040 ejus

2158 3065 2501 3118 transeunte
2532 3078 2709 3134 super
2744 3066 2983 3129 terram,
3038 3059 3701 3117 exeommunicationem
3752 3058 3821 3113 in

2160 3155 2430 3207 sanctum
2463 3151 2713 3206 Leonem
2746 3168 2957 3223 papam
2989 3150 3245 3205 dictavit.

2224 3240 2319 3295 VI.
2355 3244 2431 3309 (2,
2466 3257 2522 3312 q.
2555 3243 2609 3307 2,
2645 3256 2695 3294 c.
2727 3243 2782 3311 2,
2817 3240 3006 3296 Carolo
3036 3242 3157 3309 regi
3184 3240 3562 3306 Francorum.)
3592 3236 3819 3293 Omnes

2155 3327 2333 3401 leges,
2366 3333 2488 3383 tam
2520 3327 2923 3384 ecclesiastica:
2955 3345 3131 3400 quam
3154 3327 3423 3401 vulgares
3453 3329 3510 3381 et
3538 3324 3816 3398 publieae,

2156 3417 2502 3490 praaoipiunt
2531 3420 2596 3472 ut
2627 3417 2825 3472 omnia
2856 3417 2967 3473 sibi
2999 3416 3196 3473 ablata
3224 3416 3612 3472 restituantur
3632 3414 3686 3469 ei
3714 3412 3817 3486 qui

2156 3507 2286 3562 suis
2316 3511 2405 3562 est
2436 3506 2610 3562 rebus
2641 3505 3019 3578 exspoliatus.

2225 3595 2350 3650 VII.
2385 3595 2457 3667 (3,
2490 3612 2546 3666 q.
2579 3596 2633 3662 5,
2668 3612 2717 3649 c.
2748 3597 2802 3664 2,
2838 3594 2996 3649 Mich.
3044 3593 3200 3666 imp.)
3234 3594 3395 3660 Quod
3448 3591 3706 3664 suspecti
3758 3595 3819 3646 et

2155 3684 2374 3739 inimici
2398 3683 2634 3754 judices
2665 3700 2793 3739 esse
2824 3700 2939 3738 non
2971 3683 3241 3750 debeant,
3275 3686 3333 3737 et
3362 3682 3491 3753 ipsa
3530 3681 3681 3736 ratio
3724 3679 3817 3735 di-

2155 3776 2367 3839 etat,et
2396 3770 2669 3843 plurimis
2701 3771 2985 3842 probatur
3012 3769 3474 3844 exemplis.Nam
3507 3769 3648 3842 quid
3680 3786 3817 3841 gra-

2154 3861 2273 3916 tius
2304 3867 2359 3915 et
2394 3859 2707 3915 amabilius
2729 3860 2866 3915 dare
2888 3860 3022 3932 quis
3044 3859 3282 3915 inimico
3312 3863 3522 3933 potest,
3546 3875 3732 3930 quam
3766 3858 3816 3913 si

2155 3949 2205 4006 ei
2237 3949 2309 4006 ad
2342 3949 2746 4022 impetendum
2780 3948 3161 4018 commiserit,
3210 3965 3383 4020 quem
3414 3946 3625 4003 laedere
3666 3946 3818 4003 forte

2154 4038 2423 4094 voluerit.

2223 4128 2373 4183 VIII.
2394 4128 2466 4200 (3,
2487 4125 2615 4199 q.9,
2634 4126 2879 4198 Revera.)
2910 4127 3129 4182 Revera
3149 4127 3352 4199 justus
3378 4124 3667 4181 mediator
3694 4141 3816 4180 non

2153 4221 2263 4283 est,
2298 4216 2398 4289 qui
2433 4232 2548 4271 uno
2583 4213 2871 4289 litigante,
2905 4219 2961 4271 et
2991 4214 3172 4271 altero
3203 4216 3463 4281 absente,
3494 4212 3816 4269 amborum

2153 4308 2518 4377 emergentes
2547 4303 2681 4359 lites
2713 4303 2975 4359 decidere
3007 4321 3119 4359 non
3152 4302 3445 4359 formidat.

2226 4396 2313 4450 IX.
2350 4393 2541 4466 (Ibid.,
2575 4409 2624 4448 c.
2658 4392 2963 4462 Indicam.)
2995 4392 3224 4449 Indicas
3254 4393 3657 4447 Hermannum
3687 4388 3817 4460 epi-

2154 4500 2398 4557 scopum
2430 4498 2608 4553 super
2637 4481 2995 4553 quibusdam
3018 4482 3351 4555 frequenter
3371 4480 3552 4535 fuisse
3573 4494 3823 4533 accusa-

2153 4576 2278 4628 tum
2296 4589 2309 4627 :
2326 4588 2430 4644 pro
2450 4569 2833 4643 quibus,quia
2855 4587 2926 4625 ex
2946 4575 3111 4643 parte
3133 4570 3322 4642 ipsius
3344 4584 3596 4642 persona
3620 4568 3816 4633 deest,

2154 4678 2262 4716 nos
2293 4660 2392 4715 uni
2428 4658 2577 4732 parti
2610 4659 2681 4715 ad
2712 4659 3031 4716 discrimen
3063 4657 3305 4715 alterius
3337 4658 3568 4714 credere
3601 4653 3819 4727 procul

2153 4748 2333 4804 dubio
2365 4765 2481 4804 non
2513 4764 2854 4821 possumus.

2218 4838 2286 4893 X.
2320 4836 2516 4907 (Ibid.,
2545 4853 2593 4892 c.
2625 4838 2680 4904 6,
2714 4836 2776 4891 Si
2806 4837 2990 4907 forte.)
3040 4836 3289 4893 Necesse
3339 4838 3429 4891 est
3475 4831 3819 4889 secundum

2152 4943 2453 4981 sacrarum
2468 4925 2904 4997 Seripturarum
2932 4926 3078 4981 decu
3089 4928 3373 4992 mentum,
3388 4940 3456 4978 ac
3477 4920 3817 4977 secundum

2142 5014 2386 5086 justitia:
2418 5014 2737 5080 tramitem,
2765 5016 2821 5069 et
2852 5017 3195 5069 accusatum
3226 5017 3283 5069 et
3311 5014 3709 5068 accusatorem
3738 5009 3819 5064 si-

2152 5102 2274 5158 mul
2307 5103 2534 5168 adesse,
2557 5107 2615 5158 et
2638 5118 2815 5156 unam
2851 5106 3096 5174 partem,
3113 5106 3565 5175 quantacunque
3585 5102 3645 5152 et
3667 5114 3821 5169 qua-

2149 5191 2426 5264 licunque
2459 5190 2700 5263 praedita
2730 5190 2807 5246 sit
2838 5191 3305 5261 auctoritate,sie
3338 5205 3580 5264 prorsus
3609 5187 3815 5242 audiri

2151 5284 2216 5336 ut
2244 5280 2411 5336 alteri
2444 5280 2591 5352 parti
2624 5278 2854 5334 nullum
2886 5281 3291 5352 prejudicium
3325 5280 3633 5350 irrogetur.

2222 5370 2313 5425 XI.
2349 5371 2420 5442 (4,
2444 5386 2501 5441 q.
2540 5370 2589 5435 1,
2623 5384 2673 5423 c.
2705 5372 2759 5434 2,
2795 5367 3019 5424 Michael
3044 5369 3201 5442 imp.)
3231 5366 3530 5424 Hzereticis
3561 5379 3682 5419 non
3736 5363 3817 5419 li-

2150 5463 2240 5515 cet
2269 5457 2671 5514 aceusationes
2701 5460 2904 5511 contra
2948 5457 3299 5513 orthodoxos
3346 5455 3655 5529 episcopos
3705 5468 3816 5523 pro

2149 5546 2563 5605 ecclesiasticis
2593 5546 2781 5601 facere
2812 5546 3409 5619 negotiisJIazreticos
3438 5547 3639 5600 autem
3670 5541 3821 5597 dici-
