4058 6174
178 392 339 452 1185

1180 388 1545 451 DECRETA
1593 390 1693 450 EX
1738 392 2141 457 GRATIANO
2185 396 2603 459 COLLECTA.

3443 403 3604 464 1186

182 541 321 579 mus
348 528 474 579 tam
505 539 605 579 eos
633 523 731 595 qui
774 520 913 576 olim
960 501 1038 577 ab
1086 521 1342 577 Eaclesia
1390 523 1629 594 projecti
1681 527 1840 592 sunt,
1870 526 1926 593 Α
1956 543 2070 581 non
2102 545 2253 600 papa
2282 529 2368 584 vel
2417 528 2794 602 apostolicus,
2839 532 2939 587 sed
2986 533 3343 604 apostaticus
3390 535 3604 591 habea-

182 630 364 685 quam
398 612 501 685 qui
535 617 666 686 post
694 611 804 668 hoc
845 629 880 668 a
930 610 1100 666 nobis
1149 610 1625 667 anathematizati
1678 617 1837 668 sunt.

177 702 398 759 Prater
424 702 532 758 hos
564 705 761 758 autem
793 704 850 757 et
875 717 973 757 eos
1007 700 1106 773 qui
1140 700 1315 755 fidem
1367 717 1571 756 sanam
1625 705 1843 774 negant

174 790 267 847 vel
300 791 594 848 simulant
625 789 910 847 conﬁteri.

251 881 375 936 XII.
409 881 482 953 (4,
520 881 638 952 (1.4,
672 897 721 934 c.
757 879 889 948 fin.)
923 878 1133 934 Contra
1165 878 1344 933 ritum
1378 879 1840 935 ecclesiasticum

179 974 505 1041 contraque
536 969 896 1024 venerandus
916 968 1073 1040 leges
1086 967 1427 1041 producitur
1439 967 1841 1024 accusatorvel

177 1057 352 1114 testis
383 1058 455 1113 de
472 1056 878 1130 imperialibus
899 1056 1312 1127 adibus,etcui
1337 1057 1611 1129 imperari
1631 1060 1838 1129 potest.

178 1146 251 1202 ad
284 1144 503 1201 falsum
537 1145 851 1201 dicendum
886 1144 1292 1200 testimonium
1324 1145 1665 1213 adhibetur;
1691 1146 1841 1200 fiunt

179 1234 445 1307 suspecti
468 1233 740 1306 judices;
775 1238 832 1289 et
858 1233 1007 1305 lupi,
1040 1234 1335 1289 custodes.

249 1323 404 1378 XIII.
441 1322 513 1395 (6,
549 1339 605 1395 q.
640 1324 693 1393 4,
728 1322 878 1390 Quod
910 1325 1040 1378 bene
1071 1322 1265 1378 Carolo
1299 1324 1416 1394 regi
1462 1325 1840 1389 Francorum.)

178 1412 344 1476 Quod
379 1413 525 1467 bene
557 1410 736 1467 semel
770 1411 1088 1467 difﬁnitum
1120 1416 1229 1477 est,
1258 1416 1314 1467 et
1354 1411 1714 1483 interpositis
1736 1414 1840 1482 ju-

178 1500 469 1557 ramentis
516 1499 928 1567 deliberatum,
963 1500 1124 1556 nulla
1164 1500 1336 1555 debet
1367 1500 1689 1565 iteratione,
1727 1501 1838 1555 nisi

181 1588 455 1645 fortassis
485 1588 586 1645 ubi
615 1588 789 1644 fuerit
818 1590 1008 1659 major
1037 1588 1375 1657 auctoritas,
1409 1589 1730 1644 retractari.

250 1678 395 1734 XlV.
430 1680 547 1748 (24,
582 1695 638 1751 q.
674 1680 725 1749 1,
775 1679 864 1734 Ait
906 1678 1063 1733 Mich.
1120 1681 1251 1749 imp.
1303 1679 1550 1749 August.)
1581 1678 1674 1733 Ait
1717 1678 1837 1733 Ca-

179 1767 434 1824 lestinus
478 1783 650 1838 papa,
686 1766 1083 1822 Orientalibus
1114 1765 1402 1838 episcopis
1435 1766 1698 1822 scribens
1732 1784 1744 1821 :
1780 1765 1840 1820 Si

1952 618 2065 669 tur.
2103 615 2414 688 Liceatque
2448 617 2847 673 cardinalibus
2886 623 2941 673 et
2970 619 3102 682 aliis
3150 621 3374 677 clericis
3419 624 3602 680 Deum

1951 703 2316 772 timentibus,
2353 712 2409 760 et
2438 705 2627 775 laicis,
2658 707 2987 764 invasorem
3039 708 3205 765 illum
3256 712 3599 769 anathema‘

1949 790 2145 861 tizare,
2181 797 2239 848 et
2275 792 2535 849 humano
2585 794 2802 852 auxilio
2853 790 2885 852 ὁ,
2937 797 3072 853 sede
3123 799 3443 869 apostolica
3491 800 3610 874 pel-

1950 878 2084 934 lere.

2022 968 2118 1024 ΙΙΙ.
2168 970 2333 1040 (Dist.
2384 974 2475 1041 97,
2519 990 2569 1028 c.
2625 975 2837 1030 Ludov.
2894 975 3056 1047 imp.)
3107 975 3264 1032 Licet
3306 995 3610 1051 nunquam

1951 1058 2277 1129 apostolica
2309 1060 2463 1116 sedis
2498 1063 2715 1118 modus
2750 1064 2923 1120 fuerit
2954 1065 3175 1136 absque
3206 1065 3453 1139 signatis
3487 1068 3608 1139 api-

1949 1146 2116 1202 cibus
2148 1149 2537 1221 undecunque
2568 1151 2923 1225 legationem
2963 1154 3395 1226 suscipere,nos
3414 1159 3611 1213 tamen

1950 1235 2376 1292 sublimitatem
2408 1244 2659 1295 vestram
2694 1241 2751 1295 in
2785 1241 3151 1297 nobilissimo
3184 1242 3306 1298 viro
3359 1260 3426 1298 ac
3458 1248 3610 1298 stre-

1950 1341 2067 1379 nuo
2106 1324 2295 1398 legato
2325 1332 2515 1384 vestro
2557 1329 2935 1398 honorantes,
2970 1332 3215 1403 ejusque
3263 1322 3609 1405 gravitatem

1949 1417 2007 1468 et
2038 1412 2405 1486 eloquiorum
2437 1416 2597 1472 illius
2628 1420 2911 1474 veridieas
2944 1424 3363 1492 cognoscentes
3410 1437 3599 1476 asser-

1949 1501 2158 1569 tiones,
2193 1504 2374 1559 nihilo
2424 1507 2619 1562 minus
2669 1525 2802 1563 eum
2833 1508 3071 1581 'a'osque
3120 1509 3367 1582 epistola
3416 1514 3609 1565 vestra

1950 1592 2341 1663 suscepimus.

2022 1679 2112 1734 IV.
2148 1680 2222 1752 (1,
2257 1698 2314 1753 q.
2354 1685 2373 1736 1
2413 1689 2468 1737 et
2492 1684 2546 1749 9,
2581 1701 2638 1756 q.
2672 1684 2725 1750 3,
2759 1701 2808 1740 c.
2848 1691 2955 1741 Per
2983 1685 3391 1756 principalem.
3428 1688 3600 1744 Mich.

1949 1767 2112 1837 imp.)
2135 1768 2242 1824 Per
2270 1769 2651 1842 principalem
2685 1773 2988 1831 beatorum
3022 1774 3416 1846 apostolorum
3449 1776 3605 1833 Petri

181 1855 317 1928 quis
349 1856 423 1911 ab
454 1856 725 1928 episcopo
755 1854 1040 1922 Nestorio,
1073 1854 1162 1910 vel
1192 1855 1264 1911 ab
1297 1854 1428 1910 aliis
1461 1855 1559 1927 qui
1592 1871 1724 1910 cum
1758 1872 1842 1911 se-
1873 1897 1922 1962 B
1952 1860 2007 1911 et
2038 1856 2200 1912 Pauli
2228 1858 2575 1927 dextram,et
2607 1865 2955 1932 potestatem
2977 1867 3031 1918 et
3047 1864 3149 1934 jus
3180 1862 3608 1932 habemus,non

183 1948 474 2017 quuntur,
510 1960 580 1999 ex
609 1960 724 2016 quo
759 1943 899 1999 talia
930 1944 1244 2016 pradicare
1275 1948 1592 2016 coeperunt,
1623 1944 1711 1998 vel
1745 1960 1842 1998 ex-

183 2034 661 2090 communicatus
691 2032 777 2088 vel
809 2036 1018 2088 exutus
1050 2037 1138 2087 est
1170 2049 1271 2089 seu
1305 2032 1589 2088 antistitis
1613 2048 1714 2088 seu
1734 2031 1843 2088 cle-

183 2121 292 2177 rici
324 2121 695 2194 dignitate,in
730 2125 932 2177 nostra
962 2121 1121 2176 hunc
1152 2120 1566 2177 communione
1597 2123 1842 2177 durasse

182 2214 243 2267 et
274 2211 488 2265 durare
515 2210 890 2268 manifestum
919 2211 1155 2266 est.Nec
1179 2210 1521 2282 jutticamus
1549 2227 1682 2265 eum
1717 2227 1844 2265 esse

183 2302 501 2366 remotum,
534 2299 674 2370 quia
704 2316 819 2355 non
852 2304 1077 2371 poterat
1108 2317 1465 2371 quemquam
1499 2301 1628 2370 ejus
1660 2316 1846 2354 remo-

182 2405 317 2445 vere
346 2388 762 2461 sententia,qui
786 2390 912 2460 jam
940 2406 1000 2445 se
1032 2388 1358 2462 praebuerat
1389 2388 1513 2459 ipse
1543 2406 1843 2443 removen-

191 2479 360 2533 dum.

261 2567 381 2622 XV.
423 2567 535 2636 (33,
578 2584 633 2639 q.
676 2570 731 2633 2,
785 2568 1044 2622 Historia.
1079 2567 1273 2623 Carolo
1314 2569 1437 2637 regi
1465 2569 1847 2637 Francorum.)

188 2655 446 2712 Historia
458 2655 853 2712 ecclesiastica
866 2656 937 2711 ab
955 2656 1199 2711 Eusebio
1214 2656 1561 2712 Casareensi
1578 2656 1848 2727 episcopo

193 2743 555 2813 confecta,de
581 2743 825 2800 muliere
856 2744 1110 2816 quadam
1145 2762 1259 2817 qua
1282 2745 1351 2799 de
1380 2745 1647 2801 castitate
1670 2762 1702 2798 a
1724 2762 1847 2799 ma-

192 2833 307 2889 rito
339 2833 1219 2905 accusabatur,aitzPraceptum
1252 2838 1340 2889 est
1371 2834 1442 2889 ab
1473 2833 1846 2905 imperatore,

190 2922 321 2995 lege
358 2921 567 2988 lata,ut
597 2921 785 2994 primo
818 2922 1253 2994 permitteretur
1273 2922 1325 2978 ei
1356 2939 1475 2978 rem
1502 2922 1848 2978 familiarem

1953 1944 2141 2001 solum
2178 1947 2234 2002 in
2270 1949 2609 2017 monachos,
2642 1967 2842 2005 verum
2868 1951 3045 2007 etiam
3078 1951 3137 2006 in
3171 1951 3465 2023 quoslibet
3496 1951 3610 2007 cle-

1953 2034 2103 2091 ricos
2135 2035 2205 2090 de
2254 2053 2604 2108 quacunque
2652 2038 2905 2105 dioecesi,
2940 2056 3075 2094 eum
3127 2057 3365 2096 necesse
3412 2040 3609 2110 fuerit,

1953 2127 2129 2195 atque
2169 2124 2581 2180 ecclesiasticis
2633 2125 2996 2199 exigentibus
3046 2129 3607 2200 opportunitatibus,

1952 2211 2218 2268 invitare.

2023 2301 2090 2356 V.
2145 2306 2220 2370 (2,
2272 2318 2328 2372 q.
2380 2303 2434 2357 6.
2490 2303 2713 2374 Arguta
2770 2304 3076 2361 Rhemcmi
3125 2306 3607 2376 archiepiscopo.)
3713 2337 3716 2340 ο

1954 2391 2177 2462 Arguta
2206 2391 2493 2462 sapientia
2524 2397 2626 2447 tua
2658 2393 2962 2449 materiam
2996 2394 3374 2466 depositionis
3404 2396 3605 2451 adver-

1956 2496 2060 2533 sus
2093 2478 2420 2533 Rothadum
2456 2481 2802 2553 assumpsit,
2834 2485 2891 2537 et
2920 2483 2992 2538 ab
3024 2484 3232 2538 itinere
3279 2483 3610 2555 apostolica

1959 2567 2115 2622 sedis
2154 2568 2419 2634 removit,
2450 2573 2506 2624 et
2554 2569 2937 2626 continuatim
2987 2572 3365 2643 apostolicam
3414 2573 3612 2629 sedem

1958 2655 2349 2728 appellantem
2378 2657 2696 2725 damnavit,
2730 2662 2788 2714 et
2813 2660 3087 2715 carcerali
3119 2660 3396 2716 custodia
3446 2679 3612 2718 man-

1959 2745 2189 2816 cipavit.
2223 2745 2531 2817 Privilegia
2560 2751 2753 2802 tamen
2785 2748 3114 2818 apostolica
3148 2749 3306 2804 sedis
3334 2765 3435 2805 vos
3466 2749 3614 2805 obli-

1955 2833 2113 2888 vioni
2147 2834 2374 2889 tradere
2409 2835 2569 2889 nullo
2601 2835 2773 2890 modo
2805 2836 3180 2901 debuissetis,
3206 2838 3419 2908 quibus
3449 2855 3609 2895 vene-

1960 2921 2128 2977 randi
2157 2938 2411 2978 canones
2433 2923 2659 2994 judicia
2690 2924 2869 2979 totius
2898 2924 3165 2980 Ecclesia
3217 2926 3290 2981 ad
3322 2925 3473 2981 hanc
3506 2927 3610 2983 de-

197 3011 383 3067 libere
414 3010 639 3069 diutius
680 3010 965 3079 ordinare,
999 3014 1140 3066 tunc
1189 3012 1427 3067 demum
1478 3012 1852 3083 responderet
1960 3009 2097 3066 ferri
2123 3011 2360 3083 jubent.

197 3099 465 3171 objectis.
500 3100 617 3155 Hoc
648 3116 850 3155 omnes
883 3098 1040 3172 leges
1069 3104 1190 3154 tam
1241 3100 1645 3156 ecclesiastica
1674 3118 1848 3172 quam

193 3187 468 3260 vulgares
498 3187 858 3261 publicaque
890 3187 1252 3265 praecipiunt.
1288 3189 1346 3244 Si
1382 3193 1577 3245 autem
1619 3190 1689 3245 de
1721 3206 1851 3244 mu-

2032 3101 2125 3155 V'I.
2159 3101 2233 3172 (6,
2267 3117 2323 3172 q.
2358 3102 2411 3170 3,
2446 3103 2628 3157 Palcl.
2664 3102 2828 3158 Mich.
2865 3101 3028 3175 imp.)
3053 3102 3215 3158 Patet
3244 3104 3497 3175 profecto
3528 3120 3615 3160 se-

1961 3189 2051 3245 dis
2081 3189 2611 3261 apostolica,cujus
2637 3191 2985 3247 auctoritate
3009 3192 3204 3263 majus
3236 3209 3349 3248 non
3381 3197 3490 3261 est,
3506 3193 3608 3265 ju-

194 3276 443 3333 lierihus
473 3281 530 3332 et
559 3276 937 3334 saecularibus
966 3277 1110 3333 viris
1150 3277 1271 3333 hac
1324 3279 1641 3334 constituta
1690 3283 1850 3348 sunt,
1883 3259 1925 3325 Ο
1964 3277 2180 3332 dieium
2212 3295 2245 3332 a
2275 3277 2505 3333 nemine
2531 3279 2649 3334 fore
2667 3280 3319 3353 retractandum,neque
3334 3281 3611 3353 cuiquam

196 3366 386 3424 multo
421 3366 610 3440 magis
639 3365 1051 3422 ecclesiasticis
1084 3366 1425 3423 hominibus
1455 3371 1511 3423 et
1540 3367 1852 3423 sacerdoti-

193 3458 308 3513 bus
340 3459 481 3512 sunt
511 3472 807 3512 concessa.

262 3544 409 3600 XVI.
444 3543 637 3617 (lbid.,
670 3562 720 3599 c.
752 3545 895 3601 Siue.
930 3544 1171 3612 Eidem.)
1196 3544 1325 3601 Sive
1357 3546 1428 3601 de
1458 3545 1715 3618 conjugii
1748 3546 1849 3601 toe—

193 3635 330 3690 dere
361 3632 479 3688 sive
510 3633 581 3689 de
612 3632 883 3688 adulterii
915 3633 1159 3689 crimine
1182 3633 1469 3705 judicium
1502 3633 1849 3707 agitandum

192 3722 290 3789 sit,
324 3720 489 3777 nulla
516 3720 662 3776 ratio
690 3722 912 3793 patitur
941 3722 1373 3794 Theutbergam
1405 3739 1538 3777 cum
1582 3722 1849 3778 Lothario

1962 3366 2033 3421 de
2061 3368 2188 3438 ejus
2220 3365 2390 3422 liceat
2411 3367 2947 3439 judicarejudicio.
2981 3368 3097 3424 Nec
3136 3369 3208 3424 de
3237 3371 3365 3441 ejus
3394 3369 3611 3441 judicio

1962 3471 2214 3511 canones
2245 3473 2505 3527 unquam
2531 3461 2929 3530 praeceperunt
2950 3457 3611 3528 judicari,sententiam-

1961 3561 2073 3615 que
2106 3543 2263 3599 illius
2294 3546 2727 3601 constituerunt
2757 3563 2874 3602 non
2896 3546 3613 3619 oporteredissolvi,cujus

1959 3631 2153 3703 potius
2185 3634 2483 3705 sequenda
2512 3634 2741 3689 decreta
2770 3635 3214 3690 mandaverunt.

2029 3721 2150 3776 VII.
2185 3722 2293 3794 (l5,
2329 3739 2386 3794 q.
2418 3724 2474 3789 6,
2508 3739 2556 3778 c.
2585 3726 2638 3791 2,
2677 3724 2965 3793 Episcopis
3006 3724 3248 3796 Gallia.)
3279 3725 3613 3781 Auctorita-

189 3828 366 3884 posse
399 3810 547 3865 inire
578 3815 895 3878 certamen,
927 3810 1041 3866 nisi
1073 3810 1239 3883 prius
1270 3811 1341 3864 ad
1392 3816 1628 3882 tempus
1677 3811 1852 3867 fuerit
1956 3814 2076 3865 tem
2107 3810 2522 3865 venerabilium
2550 3813 3041 3884 praedecessorum
3057 3817 3390 3869 nostrorum
3404 3814 3611 3882 secuti,

190 3900 422 3957 reddita
470 3917 589 3955 sua
638 3899 933 3972 potestati,
985 3903 1040 3953 et
1088 3899 1543 3971 consanguineis
1597 3900 1849 3972 prepriis
1958 3903 2016 3954 et
2048 3898 2393 3953 nominatim
2425 3900 2753 3955 beatissimi
2773 3901 3615 3974 papaetmartyrisAlexandri

186 3988 369 4046 libere
396 3988 636 4044 sociata.
670 3987 871 4060 Itaque
900 3988 1077 4043 etiam
1114 3986 1276 4044 locus
1307 3988 1701 4059 providendus
1734 3993 1845 4056 est,
1957 3988 2212 4059 quinti,a
2243 3988 2411 4043 beato
2442 3989 2712 4053 Petro,ab
2737 3989 3013 4045 omnibus
3036 3990 3397 4060 juramentis
3428 3996 3485 4047 et
3512 4008 3614 4046 cu-

188 4078 248 4133 in
282 4094 398 4150 quo
428 4075 593 4132 nulla
620 4077 707 4133 vis
739 4076 1137 4133 multitudinis
1163 4078 1607 4144 formidetur,ne
1629 4077 1705 4132 sit
1734 4078 1845 4132 dif-
1946 4076 2287 4146 juscunque
2330 4076 2810 4148 obligationihus,
2844 4077 3061 4147 quibus
3108 4077 3192 4131 illi
3244 4094 3392 4145 sese,
3429 4078 3613 4135 coacti

189 4166 344 4222 ficile
373 4169 555 4222 testes
586 4166 905 4237 producere
952 4165 1041 4220 vel
1096 4170 1333 4222 cateras
1382 4182 1683 4238 personas,
1717 4183 1844 4238 qua
1952 4163 2228 4219 violentia
2256 4164 2597 4235 impiorum,
2621 4164 3048 4237 obligaverunt,
3074 4164 3523 4232 absolvimus,et
3539 4182 3612 4222 ne

189 4260 314 4312 tam
347 4272 382 4311 a
409 4253 628 4311 sanctis
660 4254 986 4310 canonibus
1024 4271 1203 4326 quam
1253 4272 1287 4309 a
1334 4254 1681 4309 venerandis
1731 4255 1845 4310 Ro-
1955 4252 2053 4308 illa
2084 4257 2387 4308 serventur
2414 4253 2853 4319 vetuimus,tam
2886 4252 3393 4324 archiepiscopum
3413 4253 3608 4308 Trevi—

188 4344 384 4401 manis
412 4343 641 4416 legibus
682 4344 738 4398 in
791 4342 1131 4415 hujusmodi
1188 4343 1597 4399 controversiis
1650 4344 1842 4415 requi-
1952 4358 2183 4397 rensem
2216 4358 2392 4412 quam
2424 4342 2552 4411 ejus
2584 4341 2981 4413 prapositum,
3014 4345 3072 4397 et
3099 4358 3308 4398 omnes
3338 4341 3436 4413 qui
3467 4346 3609 4398 tunc

188 4438 419 4489 runtur.
1952 4430 2234 4503 temporis
2265 4428 2419 4501 capti
2449 4446 2509 4485 se
2550 4428 2668 4484 illis
2719 4429 3129 4501 quoquomodo
3179 4428 3607 4501 obligaverunt.

296 4523 643 4578 De‘Romana
674 4522 931 4578 Ecclesia
961 4528 1014 4577 et
1039 4521 1159 4577 sede
1188 4523 1506 4588 apostolica,
1527 4523 1608 4577 lit.
1642 4526 1669 4578 1
1678 4523 1729 4577 V.
1951 4519 2150 4591 Neque
2179 4518 2358 4574 ullam
2392 4535 2490 4574 eos
2520 4516 2761 4590 proinde
2793 4517 3096 4573 infamiam
3116 4516 3203 4573 vel
3222 4516 3604 4580 calumniam.

260 4611 303 4667 Ι.
339 4610 510 4684 (Dist.
542 4614 633 4677 22,
666 4628 715 4667 c.
764 4613 813 4681 1,
847 4610 1384 4683 Mcdiolancnsibus.)
1436 4611 1672 4679 Omnes,
1725 4611 1843 4668 sive
1873 4626 1919 4691 Β
1952 4613 2053 4664 aut
2086 4626 2120 4663 a
2149 4608 2273 4664 suis
2302 4607 2471 4663 bonis
2503 4607 3029 4678 sequestrationem
3063 4622 3346 4677 unquam,
3373 4609 3609 4662 auctore

185 4699 534 4773 patriarcha
565 4699 878 4772 cujuslibet
889 4699 1265 4772 apicem,sive
1276 4698 1613 4771 metropolis
1627 4700 1841 4772 prima-

184 4793 304 4857 tus,
359 4792 464 4844 aut
511 4789 914 4861 episcopatum
965 4787 1293 4855 cathedras,
1325 4786 1413 4843 vel
1464 4788 1843 4845 ecclesiarum

185 4878 596 4949 cujuscunque
627 4875 849 4932 ordinis
890 4876 1233 4950 dignitatem
1283 4875 1539 4930 instituit
1582 4877 1845 4933 Romana

182 4965 463 5021 Ecclesia.
501 4964 667 5023 Illam
697 4981 831 5021 vero
871 4965 1032 5022 solus
1070 4964 1196 5037 ipse
1246 4963 1530 5031 fundavit,
1560 4969 1616 5020 et
1665 4983 1844 5038 supra

181 5059 415 5125 petram
450 5053 585 5110 ﬁdei
616 5071 752 5110 mox
784 5054 1081 5111 nascentis
1113 5053 1421 5126 erexit,qui
1453 5053 1622 5110 beato
1654 5054 1839 5122 Petro,

182 5146 411 5198 aeterna
454 5141 583 5197 vita
635 5142 944 5216 clavigero,
996 5141 1210 5198 terreni
1260 5140 1436 5198 simul
1488 5146 1543 5197 et
1590 5142 1842 5199 caelestis

182 5229 580 5303 imperiijura
611 5230 908 5287 commisit
938 5231 1145 5302 (Matth.
1177 5235 1319 5300 xw.)

255 5320 331 5375 ΙΙ.
368 5319 535 5392 (Dist.
563 5320 656 5387 79,
690 5337 741 5376 c.
776 5322 827 5388 1,
860 5321 924 5375 Si
950 5322 1071 5393 quis
1090 5321 1375 5393 pecunia.)
1409 5321 1468 5377 Si
1501 5321 1634 5393 quis
1665 5338 1839 5394 pecu-

1954 4698 2068 4753 Deo
2099 4702 2156 4752 et
2186 4696 2403 4753 sanctis
2433 4695 2714 4767 apostolis
2747 4699 2802 4750 et
2822 4695 3039 4751 nostris
3058 4694 3604 4767 pradecessoribus,

1954 4786 2243 4843 sustinere
2275 4784 2865 4858 permittimus,sicut
2897 4801 2999 4856 per
3028 4783 3369 4856 prophetam
3403 4782 3601 4840 Domi-

1953 4893 2066 4931 nus
2098 4875 2511 4932 dicitzDissolve
2539 4874 2928 4945 colligationcs
2961 4873 3429 4943 impietatis,etc.
3465 4873 3604 4946 (Isa.

1953 4968 2126 5034 Lvm).

2022 5054 2140 5122 VII,
2177 5055 2286 5125 (17,
2315 5070 2370 5125 q.
2416 5053 2467 5119 4,
2518 5051 2762 5108 Nemini.
2808 5050 3082 5109 Omnibus
3122 5050 3320 5124 episc.)
3373 5051 3606 5109 Nemini

1951 5143 2138 5198 estde
2173 5142 2328 5198 sedis
2359 5140 2687 5213 apostolica
2722 5139 2945 5211 judicio
2967 5140 3258 5211 judicare,
3293 5144 3395 5195 aut
3441 5139 3604 5194 illius

1950 5231 2301 5288 sententiam
2335 5232 2645 5285 retractare
2677 5228 3053 5301 permissum,
3079 5229 3349 5285 videlicet
3370 5230 3604 5299 propter

1950 5321 2223 5376 Romana
2272 5317 2540 5374 Ecclesia
2592 5317 2934 5389 primatum,
2983 5317 3201 5374 Christi
3250 5331 3489 5372 munere
3537 5313 3596 5370 in
3674 5318 3683 5323 “

182 5407 282 5464 nia
326 5406 416 5463 vel
464 5407 655 5482 gratia
704 5408 983 5477 humana,
1017 5413 1118 5465 aut
1164 5409 1429 5482 populari
1464 5427 1564 5466 seu
1596 5409 1838 5466 militari
1947 5409 2117 5465 beato
2152 5408 2316 5463 Petro
2349 5405 2609 5478 apostolo
2641 5406 2926 5463 divinitus
2951 5406 3247 5463 collatum.

179 5496 468 5566 tumultu,
502 5498 834 5570 apostolica
858 5498 981 5555 sedi
1013 5497 1139 5555 sine
1170 5497 1439 5554 concordi
1472 5502 1529 5552 et
1559 5497 1839 5569 canonica

180 5583 462 5643 electione
493 5585 882 5647 eardinalium
914 5587 1042 5659 ejus
1086 5584 1357 5644 Ecclesia
1404 5603 1471 5642 ac
1502 5586 1710 5642 deinde
1739 5602 1835 5643 se-

179 5672 490 5758 quentium
525 5675 871 5737 clericorum
918 5675 1328 5754 religiosorum
1388 5674 1836 5750 inthronizaiur,

2019 5497 2354 5565 IX.(55,q.2,
2370 5495 2434 5551 Si
2461 5495 2947 5567 qui:.Universali
2981 5496 3199 5568 synodo
3231 5491 3596 5564 prasidens.)

1948 5586 2005 5643 Si
2052 5586 2185 5658 quis
2226 5585 2520 5658 dogmata,
2556 5586 2855 5654 mandata,
2889 5583 3219 5649 interdicta,
3261 5580 3597 5638 sanctiones

1946 5675 2035 5736 vel
2064 5676 2298 5738 decreta
2327 5691 2432 5755 pro
2461 5675 2750 5736 catholica
2770 5676 2883 5732 fide
2907 5670 2993 5731 vel
3010 5669 3402 5730 ecclesiastica
3431 5669 3601 5731 disci-
