4098 6186
267 353 423 418 1189

1264 350 1628 418 DECRETA
1670 352 1775 418 EX
1818 354 2217 419 GRATIANO
2262 354 2694 420 COLLECTA.

3524 362 3683 427 1190

262 487 460 546 Ofﬁcio
492 484 840 543 sacerdotali
865 488 1562 561 excommunicati,atque
1585 506 1619 544 a
1640 489 1921 563 regimine
1951 497 2005 563 Α
2038 489 2201 562 regni
2233 488 2317 544 tui
2343 488 2694 562 suﬂ'raganei
2716 489 2844 561 ejus
2865 495 3028 559 sunt,
3051 491 3203 548 sicut
3226 496 3684 569 conscriptiones

263 577 639 650 episcopatus
670 574 907 631 alienati
940 576 1345 633 indubitanter
1374 576 1651 633 existunt.

337 665 431 720 IV.
459 665 573 736 (Η,
611 682 668 737 q.
701 665 756 731 3,
790 667 1096 738 Praecipue.
1132 666 1386 722 Lothario
1434 667 1594 739 regi.)
1634 668 1926 740 Praecipue

263 754 575 811 Waldrade
622 752 849 825 pellicis
896 758 1031 822 tua),
1056 759 1115 810 et
1166 755 1391 812 dudum
1423 773 1457 810 a
1486 760 1542 811 te
1584 757 1921 829 repudiatae,

265 842 743 900 communionem
772 841 1018 897 declina.
1039 844 1555 900 Excommunicata
1575 850 1663 900 est
1682 846 1927 916 enim,et

266 948 456 1005 usque
487 932 556 987 ad
590 931 959 1004 praesentiam
985 936 1245 988 nostram
1271 933 1341 988 ab
1361 932 1521 989 omni
1543 934 1925 990 contubernio

268 1021 735 1077 Christianorum
768 1024 1154 1092 sequestrata.
1182 1022 1701 1078 Excommunicata
1720 1027 1830 1092 est,
1854 1040 1927 1079 ne

271 1128 408 1167 cum
440 1127 509 1166 ea
541 1109 667 1182 pari
700 1126 979 1165 mucrone
1008 1109 1344 1181 percellaria
1379 1112 1702 1179 sententiae,
1727 1130 1793 1167 ac
1822 1130 1926 1185 pro

272 1199 451 1254 unius
482 1197 839 1253 muliercqu
871 1199 1144 1269 passione
1173 1199 1405 1255 vinctus
1431 1205 1488 1255 et
1517 1199 1827 1273 obligatus,
1852 1202 1925 1256 ad

269 1304 523 1363 perenne
550 1286 798 1342 trahatis
827 1287 1090 1342 exitium.

340 1376 408 1430 V.
434 1375 626 1447 (Ibid.,
651 1391 700 1431 ς.
724 1376 810 1431 Ita
857 1378 1120 1448 corporis.
1157 1376 1389 1449 Eidem.)
1420 1377 1504 1432 Ita
1552 1378 1811 1449 corporis
1841 1377 1926 1432 tui

276 1464 533 1520 motibus
556 1464 758 1520 cedere
784 1465 1155 1532 consensisti,
1178 1470 1235 1521 et
1260 1466 1537 1522 relaxatis
1561 1465 1927 1539 voluptatum

271 1553 541 1621 nabenis,
564 1554 909 1626 temetipum
944 1554 1005 1609 in
1034 1553 1226 1609 lacum
1257 1555 1509 1611 miseriae
1540 1561 1597 1611 et
1628 1556 1685 1610 in
1736 1555 1926 1611 lutum

272 1643 429 1698 ῑωοὶε
457 1641 819 1714 prohibitum
850 1642 1136 1714 dejecisti,
1160 1647 1225 1699 ut
1251 1644 1351 1716 qui
1382 1644 1612 1716 positus
1644 1644 1837 1699 fueras
1866 1643 1926 1698 in

270 1730 695 1803 gubernatione
725 1730 1098 1802 populorum,
1127 1732 1367 1788 etI‘ectus
1397 1732 1478 1788 sis
1510 1733 1684 1788 ruina
1712 1732 1926 1789 multo-

2033 580 2531 650 praedecessorum
2572 595 2837 634 meorum
2876 580 3173 637 evidenter
3203 584 3538 640 ostendunt.
3572 588 3683 642 Ne-

2033 685 2148 739 que
2177 667 2333 723 enim
2363 666 2651 723 Ecclesiae
2683 667 2783 722 Dei
2815 685 2919 739 per
2948 668 3273 726 discordias
3304 688 3506 745 regum
3540 675 3683 729 divi-

2033 755 2215 812 sionis
2241 755 2439 828 aliqua
2458 757 2676 811 damna
2698 756 2816 828 pati
2841 774 3077 813 necesse
3098 763 3206 824 est,
3231 766 3686 833 cum,quantum

2033 862 2100 901 ex
2131 862 2193 901 se
2222 850 2329 913 est,
2355 861 2559 917 pacem
2583 861 2761 917 quam
2790 846 3127 917 praedicant,
3152 864 3382 904 servare
3412 850 3691 906 studeant

2035 935 2094 989 in
2128 935 2372 989 invicem
2406 939 2463 990 et
2496 951 2721 991 omnes.

2108 1024 2202 1078 III.
2229 1023 2300 1095 (9,
2333 1040 2390 1095 q.
2423 1025 2476 1091 3,
2511 1025 2837 1097 Conquestus
2875 1026 3208 1081 Bituricensi
3242 1027 3687 1101 archiepiscopo.)

2035 1111 2400 1183 Conquestus
2421 1116 2509 1168 est
2538 1112 2889 1185 apostolatui
2930 1117 3130 1169 nostro
3161 1114 3341 1170 frater
3371 1121 3570 1171 noster
3598 1117 3687 1171 Si-

2034 1200 2318 1273 gebodus,
2343 1201 2819 1274 archiepiscopus
2839 1202 3254 1271 Narbonensis,
3272 1205 3427 1275 quod
3449 1204 3689 1261 clericos

2034 1306 2197 1356 suos,
2219 1306 2286 1344 eo
2307 1288 2506 1357 invito,
2531 1291 2603 1345 ad
2618 1291 2914 1362 judicium
2944 1295 3111 1347 tuum
3130 1291 3327 1348 venire
3347 1291 3687 1365 compellas,

2036 1382 2092 1432 et
2122 1378 2194 1433 de
2216 1378 2390 1433 rebus
2412 1378 2483 1432 ad
2508 1378 2822 1434 Ecclesiam
2847 1397 3013 1435 suam
3043 1380 3492 1452 pertinentibus,
3516 1397 3581 1436 eo
3606 1381 3692 1436 in-

2035 1465 2323 1533 consulto,
2349 1466 2516 1538 quasi
2560 1467 2695 1538 jure
2735 1467 3170 1539 patriarchatus
3219 1469 3306 1524 tui
3359 1469 3685 1541 disponas:

2037 1572 2170 1609 cum
2195 1554 2305 1609 hoc
2327 1571 2514 1626 neque
2545 1554 2867 1627 antiquitas
2897 1556 3013 1625 (cui
3045 1557 3229 1612 sancti
3254 1557 3451 1613 Patres
3481 1574 3691 1613 sanxe-

2038 1648 2177 1699 runt
2212 1643 2616 1715 reverentiam)
2645 1643 2876 1711 haheat,
2909 1650 2965 1700 et
3002 1646 3318 1701 auctoritas
3348 1650 3689 1702 sanctorum

2038 1749 2331 1789 canonum
2364 1734 2598 1805 penitus
2639 1733 2971 1799 interdicat,
3004 1734 3118 1789 nisi
3167 1734 3313 1790 forte
3343 1752 3448 1807 pro
3494 1735 3689 1791 causis

271 1836 428 1875 rum.
459 1819 673 1875 Probat
709 1819 820 1876 hoc
858 1820 1244 1893 Theutgaudii
1275 1825 1333 1876 et
1361 1821 1672 1878 Guntharii
1702 1822 1928 1876 dudum
1960 1868 2007 1931 Β
2039 1840 2165 1893 qua:
2200 1823 2352 1893 apud
2388 1839 2448 1876 se
2478 1821 2782 1877 terminari
2806 1839 2919 1878 non
2948 1828 3216 1894 possunt,
3241 1824 3312 1878 ad
3346 1829 3401 1879 te
3428 1824 3595 1895 quasi
3617 1824 3690 1879 ad

271 1909 681 1980 episcoporum
711 1907 1011 1981 legitimus
1056 1925 1250 1976 casus,
1283 1909 1383 1982 qui
1416 1928 1519 1982 pro
1568 1928 1635 1966 eo
1685 1911 1840 1983 quod
1874 1914 1929 1967 te
1962 1907 2007 1931 ”
2036 1910 2429 1981 patriarcham
2457 1927 2633 1965 suum
2660 1911 3098 1982 provocaverint
3122 1928 3226 1983 per
3248 1911 3691 1984 appellationes,

274 1997 519 2053 minime
537 2002 932 2070 competenter
952 1998 1292 2067 erudierint,
1307 1998 1450 2071 quin
1473 1999 1611 2068 imo,
1627 2000 1767 2072 quia
1790 2017 1931 2073 prae-

2036 1998 2123 2054 vel
2157 1998 2206 2055 si
2239 1999 2549 2071 episcopus
2594 2015 2739 2054 suus
2770 2000 3106 2067 decesserit,
3132 2017 3223 2056 res
3255 2000 3528 2056 Ecclesiae
3574 2017 3693 2056 sua;

271 2086 687 2142 varicationcm
717 2091 880 2142 tuam
912 2086 1276 2160 argumentis
1320 2088 1447 2144 suis
1485 2093 1695 2162 tegere,
1730 2094 1788 2144 et
1818 2089 1929 2144 sub
2030 2087 2255 2158 judicio
2287 2092 2386 2143 tuo
2408 2087 2746 2159 dispensare
2776 2087 3084 2144 voluerint.
3110 2088 3396 2144 Primates
3427 2088 3584 2144 enim
3604 2089 3693 2144 vel

272 2174 531 2248 quadam
539 2175 786 2246 justitiae
799 2176 1234 2248 specie,fucatis
1253 2177 1606 2249 quibusdam
1625 2178 1931 2251 exquisitis

274 2263 1157 2336 adinventionibus,aequitatem
1175 2266 1420 2322 obruere
1438 2268 1816 2334 studuerunt,
1836 2285 1932 2323 no-

274 2358 400 2409 stra
424 2357 564 2408 sunt
584 2353 906 2425 apostolica
925 2354 1174 2426 depositi
1210 2357 1575 2425 auctoritate,
1597 2362 1654 2412 et
1675 2358 1746 2413 ab
1770 2356 1929 2413 omni

274 2442 647 2514 episcopatus
680 2442 963 2514 regimine
993 2442 1341 2516 regulariter
1369 2446 1741 2517 sequestrati.

343 2530 440 2586 VI.
476 2530 643 2602 (Ibid.
688 2531 1218 2587 Excellentissimus.
1270 2534 1563 2589 Hincmaro
1608 2533 1933 2589 Rhemorum

274 2620 722 2692 archiepiscopo.)
767 2619 1309 2677 Excellentissimus
1342 2639 1441 2677 rex
1473 2621 1715 2678 Carolus
1762 2639 1933 2694 apos-

278 2708 528 2763 tolatum
552 2713 820 2764 nostrum
842 2708 1159 2777 consuluit,
1178 2710 1319 2781 quid
1342 2711 1631 2784 agendum
1657 2711 1734 2765 sit
1753 2712 1824 2767 de
1842 2710 1933 2766 his

287 2796 389 2869 qui
429 2814 561 2852 cum
596 2796 929 2870 Ingeltrude
980 2815 1131 2871 saepe
1175 2799 1453 2855 damnata
1498 2800 1937 2855 communicant

286 2886 809 2959 lomina,quoniam
827 2904 955 2943 eam
973 2900 1108 2942 cum
1122 2903 1247 2943 com
1257 2887 1719 2944 municatoribus
1736 2888 1860 2944 suis
1877 2892 1936 2944 et

285 2975 617 3031 fautoribus
639 2975 767 3048 pari
786 2975 1017 3032 vincqu
1038 2976 1433 3033 anathematis
1445 2980 1677 3033 constat
1695 2993 1823 3033 esse
1848 2995 1937 3033 as-

283 3063 538 3120 trictam.
563 3066 927 3137 Quapropter
955 3082 1111 3120 nunc
1142 3065 1489 3121 beatitudini
1535 3069 1647 3121 tuae
1678 3066 1933 3141 injungi-

284 3158 524 3218 mus,ut
542 3170 719 3226 super
744 3153 853 3209 hoc
901 3158 1104 3210 nostra
1131 3154 1475 3210 auctoritate
1496 3155 1699 3225 fretus,
1732 3173 1934 3213 curam

2014 2244 2021 2253 O
2039 2176 2404 2249 patriarchas
2435 2175 2579 2230 nihil
2613 2176 2895 2249 privilegii
2929 2177 3142 2233 habere
3173 2194 3288 2249 prae
3318 2175 3542 2233 caeteris
3570 2177 3692 2249 epi-

2040 2266 2253 2339 scopis,
2287 2265 2399 2321 nisi
2432 2270 2719 2338 quantum
2761 2265 2911 2321 sacri
2961 2283 3214 2321 canones
3257 2265 3605 2335 concedunt,
3636 2269 3694 2320 et

2039 2356 2235 2428 prisca
2277 2355 2641 2411 consuetudo
2692 2353 2808 2409 illis
2857 2354 3184 2427 antiquitus
3236 2354 3503 2423 contulit,
3536 2353 3691 2409 diffi-

2040 2445 2259 2501 nimus.

2113 2533 2204 2589 IV.
2236 2533 2279 2605 (Vl
2301 2533 2347 2600 Ι,
2370 2550 2427 2605 q.
2453 2533 2509 2600 3,
2535 2532 2965 2601 Thcutgaudum.
2990 2531 3252 2587 Omnibus
3278 2534 3539 2604 episcopis
3561 2531 3693 2587 Gal-

2042 2622 2139 2678 lia?
2163 2630 2217 2677 et
2246 2623 2601 2690 Gennanise.)
2638 2621 3088 2694 Theutgaudum
3142 2621 3544 2677 Trevirensem
3575 2619 3694 2692 pri-

2042 2714 2258 2764 matem
2282 2710 2521 2783 Belgicae
2536 2710 2927 2782 provinciae,et
2946 2710 3336 2764 Guntharium
3360 2709 3693 2781 Agrippinae

2042 2797 2290 2852 Coloniae
2312 2798 2973 2870 archiepiscopos,nunc
2996 2814 3191 2853 coram
3224 2797 3391 2853 nobis
3409 2802 3468 2851 et
3492 2800 3695 2852 sancta

2043 2887 2265 2959 synodo
2283 2887 2393 2942 sub
2420 2893 2721 2959 gestorum
2744 2885 3163 2950 insinuatione,
3180 2884 3433 2956 qualiter
3453 2900 3695 2939 causam

2045 2976 2300 3031 Lotharii
2320 2975 2470 3048 regis
2484 2976 2801 3031 etduarum
2820 2973 3134 3030 mulierum
3153 2972 3692 3045 ejus,Theutberga

2044 3063 2266 3121 scilicet
2286 3069 2343 3119 et
2362 3063 2712 3131 Waldradae,
2733 3062 3173 3135 recognovertnt
3199 3066 3257 3117 et
3276 3060 3690 3133 judicaverint,

2046 3154 2330 3224 scriptum
2362 3169 2539 3225 super
2588 3152 2698 3207 hoc
2739 3151 2992 3224 propriis
3031 3151 3307 3206 manibus
3352 3149 3691 3205 roboratam

282 3243 356 3297 de
386 3241 481 3296 his
512 3258 744 3297 sumere
775 3243 1032 3299 studeas.
1053 3242 1119 3298 Et
1149 3244 1289 3315 quia
1317 3243 1488 3299 docta
1506 3243 1785 3300 divinitus
1805 3262 1933 3300 san-
1962 3233 2004 3298 C
2042 3242 2369 3310 oll‘erentes,
2393 3245 2449 3296 et
2474 3240 2822 3297 sententiam
2845 3257 3023 3312 quam
3055 3256 3088 3295 a
3118 3240 3254 3295 sede
3285 3237 3606 3310 apostolica
3632 3237 3691 3292 in

282 3330 459 3386 ctitas
482 3335 581 3386 tua
602 3330 766 3386 valde
786 3331 945 3387 novit
965 3330 1123 3386 aliud
1146 3348 1273 3387 esse
1294 3349 1360 3388 ex
1384 3332 1753 3399 necessitate,
1775 3333 1932 3389 aliud

279 3434 352 3476 ex
380 3418 730 3493 ignorantia,
755 3424 930 3492 atque
951 3419 1112 3476 aliud
1136 3421 1292 3493 quod
1314 3422 1383 3476 de
1413 3420 1607 3477 studio
1636 3420 1933 3492 delinqui-

276 3514 405 3577 tur;
426 3508 703 3582 istudque
727 3509 1021 3582 posterius
1045 3510 1275 3567 duobus
1294 3509 1589 3582 prioribus
1609 3509 1932 3565 districtius

274 3610 407 3655 esse
436 3598 800 3671 puniendum
826 3615 839 3652 :
868 3598 1082 3655 idcirco
1112 3598 1358 3655 solerter
1385 3597 1735 3670 invigilet,et
1764 3602 1934 3653 cauta

274 3686 643 3743 districtione
674 3686 1044 3760 singulorum
1076 3688 1284 3743 modos
1313 3687 1369 3741 di
1369 3687 1615 3757 judicet,
1639 3691 1931 3758 quatenus

274 3774 379 3847 qui
410 3792 478 3830 ex
507 3774 853 3831 necessitate
874 3781 975 3831 aut
996 3775 1326 3846 ignorantia
1344 3775 1715 3846 delinquunt,
1739 3781 1933 3831 aucto-

274 3865 451 3919 ritate
483 3868 683 3921 nostra
734 3881 836 3937 per
874 3868 929 3919 te
969 3863 1363 3919 absolvantur.
1400 3863 1534 3919 Illos
1584 3868 1781 3919 autem
1831 3864 1931 3936 qui

275 3952 474 4008 studio
506 3969 613 4008 suo
645 3951 998 4024 obligantur,
1021 3957 1078 4007 et
1106 3955 1445 4024 contemptu
1485 3951 1799 4007 interdicta
1827 3969 1932 4007 no-

277 4044 404 4096 stra
434 4044 815 4114 postponunt,
844 4040 1077 4097 nonnisi
1125 4040 1304 4112 digna
1354 4040 1753 4096 satisfactione
1786 4057 1931 4113 pra:-

275 4128 562 4197 veniente,
587 4129 861 4186 volumus
890 4147 924 4186 a
954 4134 1011 4185 te
1041 4146 1285 4202 prorsus
1314 4127 1555 4185 absolvi.

352 4217 474 4274 VII.
501 4219 611 4290 (24,
635 4236 691 4291 q.
722 4220 776 4287 3,
810 4219 893 4274 An
922 4236 1049 4275 non.
1082 4219 1336 4275 Loihario
1361 4219 1525 4288 regi.)
1548 4219 1635 4273 An
1667 4235 1782 4275 non
1807 4219 1932 4274 dis-

276 4306 452 4361 tricta
482 4306 703 4363 ultione
732 4306 1029 4363 feriendus
1060 4325 1143 4373 es,
1168 4307 1269 4379 qui
1300 4307 1358 4361 in
1392 4306 1622 4363 duabus
1652 4306 1931 4363 uxoribus

277 4394 633 4451 adulterium
685 4396 935 4452 Lamech
967 4400 1024 4452 et
1054 4395 1341 4469 ﬂagitium
1372 4395 1642 4452 imitatus
1689 4412 1817 4453 esse
1843 4396 1932 4452 di-

276 4484 615 4557 gnosceris?
644 4485 799 4556 quod
832 4485 1115 4541 Dominus
1142 4485 1375 4542 nonnisi
1406 4489 1537 4558 post
1559 4485 1932 4558 septuaginta

2039 3330 2440 3404 Ingeltrudem
2483 3347 2719 3386 uxorem
2772 3328 3033 3398 Bosonis,
3058 3327 3470 3384 sanctissimus
3517 3326 3695 3381 frater

2041 3425 2242 3476 noster
2258 3418 2730 3491 archiepiscopus
2749 3417 3416 3473 MediolanensisThado
3433 3420 3489 3471 et
3504 3414 3694 3470 caeteri

2041 3492 2367 3580 coepiscopi
2399 3507 2585 3562 nostri
2618 3507 2944 3578 petiverunt
2976 3506 3451 3570 emittendam,et
3478 3520 3584 3559 nos
3610 3501 3692 3558 di-

2039 3597 2174 3652 vino
2194 3596 2459 3652 succensi
2483 3594 2626 3659 zelo,
2652 3596 2761 3650 sub
2784 3595 3176 3650 anathematis
3198 3594 3570 3649 attestatione
3590 3609 3690 3647 ca-

2042 3686 2246 3741 nonice
2294 3684 2749 3757 protuleramus,
2773 3683 3005 3755 publice
3026 3701 3087 3739 se
3108 3683 3236 3738 viva
3266 3699 3405 3739 voce
3442 3680 3690 3737 violasse

2041 3776 2413 3843 conﬁtentes;
2445 3774 2505 3828 in
2536 3774 2753 3845 quibus
2775 3773 3051 3829 omnibus
3084 3770 3413 3828 invenimus
3437 3788 3536 3826 eos
3557 3787 3692 3842 apo-

2042 3862 2277 3918 stolicas
2296 3867 2472 3933 atque
2504 3861 2814 3916 canonicas
2844 3861 3178 3917 sanctiones
3210 3860 3269 3914 in
3301 3859 3571 3932 pluribus
3593 3876 3694 3914 cx—

2037 3952 2307 4017 cessisse,
2334 3954 2391 4005 et
2419 3949 2712 4021 zequitatis
2743 3965 3010 4004 normam
3045 3948 3314 4020 nequiter
3342 3952 3689 4013 temerasse,

2041 4042 2113 4096 ab
2130 4040 2286 4096 omni
2301 4037 2642 4108 judicamus
2657 4037 2964 4092 sacerdotii
2986 4036 3175 4092 ofﬁcio
3199 4052 3434 4091 manere
3454 4035 3693 4106 penitus

2041 4129 2280 4185 alienos.
2306 4127 2372 4181 Et
2428 4124 2558 4180 ideo
2602 4124 2787 4180 sancti
2843 4124 3095 4196 Spiritus
3145 4123 3390 4194 judicio,
3423 4126 3481 4176 et
3538 4121 3692 4176 beati

2040 4217 2192 4274 Petri
2224 4233 2327 4288 per
2357 4232 2464 4270 nos
2496 4214 2863 4279 auctoritate,
2896 4213 3270 4284 episcopatus
3306 4213 3511 4265 exutos
3542 4210 3691 4283 regi-

2042 4306 2199 4361 mine
2230 4304 2551 4359 consistere
2582 4301 2931 4357 difﬁnimus.

2448 4397 2525 4448 De
2548 4391 2719 4446 sacris
2748 4390 3056 4453 ordinibus,
3086 4390 3170 4445 tit.
3203 4388 3285 4444 IX.

2112 4484 2154 4539 Ι.
2191 4482 2359 4556 (Dist,
2390 4481 2479 4547 23,
2512 4481 2805 4535 Praeterea.
2850 4477 3080 4549 Rodulfo
3129 4477 3466 4534 Biluricensi
3509 4476 3693 4531 archi-

275 4578 504 4645 septem
528 4573 941 4662 generationes
962 4591 1069 4629 suo
1100 4573 1401 4630 salutifero
1423 4575 1671 4629 adventu
1696 4572 1928 4642 delevit,
1964 4597 2010 4662 Ι)
2040 4570 2329 4662 episcopo.)
2362 4571 2496 4662 Quae
2525 4567 2588 4662 in
2619 4566 3159 4662 consecrationibus
3183 4571 3241 4622 et
3269 4565 3577 4662 ordinibus
3600 4565 3694 4662 ob-

275 4677 413 4717 cum
445 4660 583 4717 Cain
633 4662 996 4718 fraticidium
1045 4663 1298 4735 septima
1344 4662 1714 4734 generatione
1763 4662 1934 4734 aquis

273 4750 565 4806 abolitum
599 4750 677 4806 sit
706 4751 1065 4825 cataclysmi,
1101 4751 1158 4807 id
1191 4755 1279 4807 est
1309 4749 1509 4805 diluvii
1543 4750 1691 4822 (Gen.
1722 4751 1821 4822 v1).

464 4840 538 4894 De
556 4840 901 4912 patriarchis
929 4849 981 4898 et
1012 4840 1460 4911 archiepiscopis,
1493 4840 1578 4894 tit.
1619 4841 1751 4895 VIII.

349 4927 393 4982 Ι.
427 4927 596 5000 (Dist.
629 4930 720 4999 63,
756 4931 1059 5003 Episcopos.
1100 4930 1354 4988 Joannni
1398 4929 1704 4983 Ravennati
1747 4930 1933 4984 archi-

275 5015 466 5088 episc.)
498 5016 815 5090 EpiscOpos
846 5036 948 5091 per
995 5018 1281 5075 IEmiliam
1316 5033 1431 5072 non
1463 5033 1787 5088 consecras,
1821 5018 1934 5074 nisi

277 5109 417 5177 post
446 5104 787 5163 electionem
819 5108 905 5164 vel
937 5125 1287 5165 consensum
1318 5105 1453 5163 cleri
1486 5110 1543 5161 et
1572 5105 1790 5177 populi.

357 5193 427 5249 II.
461 5196 515 5262 3,
550 5212 606 5267 q.
631 5197 684 5264 6,
710 5198 838 5254 Haec
865 5199 1082 5270 quippe.
1104 5197 1392 5253 Salomoni
1420 5196 1539 5264 regi
1562 5195 1931 5259 Britonnum).

273 5287 412 5338 Haec
442 5284 733 5341 ordinatio
763 5286 863 5343 Dei
894 5286 1083 5343 Patris
1114 5286 1220 5355 tui,
1254 5290 1312 5341 et
1342 5285 1464 5340 haec
1493 5287 1584 5339 est
1614 5281 1705 5337 lex
1734 5280 1933 5337 Eccle-

274 5369 379 5426 sia:
411 5373 618 5429 matris
648 5379 783 5446 tuee,
806 5375 1071 5432 videlicet
1102 5378 1169 5431 ut
1199 5391 1404 5430 omnes
1435 5372 1739 5445 episcopos
1770 5370 1934 5442 regni

273 5461 362 5517 tui
398 5462 470 5517 ad
496 5463 894 5521 Turonensem
921 5460 1426 5538 archiepiscopum
1451 5461 1681 5518 mittere
1702 5476 1816 5515 non
1842 5460 1936 5516 de-

272 5554 512 5619 trectes,
540 5553 848 5627 ipsiusque
865 5554 1160 5628 judicium
1182 5552 1475 5629 postulare
1507 5567 1623 5611 non
1656 5549 1934 5623 dedigne-

273 5639 383 5703 ris.
408 5639 537 5717 Ipse
559 5649 647 5701 est
666 5644 823 5702 enim
851 5644 1431 5723 metropolitanus,et
1452 5656 1657 5699 omnes
1677 5638 1931 5717 episcopi

2041 4660 2325 4717 servanda
2355 4659 2494 4725 sint,
2525 4656 2677 4712 beati
2725 4655 3044 4711 Innocentii
3094 4672 3255 4728 papas
3286 4652 3566 4710 canonica
3594 4654 3691 4708 de-

2042 4755 2218 4817 creta,
2254 4747 2572 4821 praesertim
2617 4743 2906 4817 principia
2952 4744 3177 4816 paginae
3228 4744 3300 4798 ad
3351 4740 3691 4798 Decentium

2039 4838 2415 4911 Eugubinum
2446 4834 2785 4906 episcopum
2816 4833 3061 4901 emissae,
3090 4832 3312 4888 affatim
3344 4831 3690 4887 edocebunt.

2115 4929 2184 4983 ΙΙ.
2220 4928 2295 4999 (1,
2340 4928 2547 4997 quaest.
2593 4925 2643 4989 1,
2684 4923 3005 4989 Statuimus,
3040 4938 3088 4976 c.
3122 4922 3200 4993 2.)
3247 4919 3563 4977 Simoniaci
3611 4919 3695 4976 si-

2045 5017 2308 5073 moniace
2338 5012 2591 5069 ordinati
2627 5010 2711 5067 vel
2743 5010 3122 5077 ordinatores,
3153 5011 3479 5066 secundum
3512 5009 3693 5067 eccle-

2045 5106 2311 5162 siasticos
2343 5118 2616 5167 canones,
2644 5116 2677 5154 a
2706 5098 2939 5170 proprio
2969 5100 3155 5172 gradu
3187 5099 3478 5156 decidant.
3503 5098 3694 5153 Simo-

2044 5194 2193 5250 niaci
2227 5208 2459 5265 quoque
2489 5188 2807 5245 simoniace
2838 5204 2872 5243 a
2903 5202 3017 5244 non
3050 5189 3389 5244 simoniacis
3419 5184 3691 5252 ordinati,

2043 5282 2315 5339 similiter
2346 5280 2417 5336 ab
2450 5278 2641 5335 otﬁcio
2682 5275 2834 5332 male
2876 5281 3111 5350 accepto
3142 5279 3570 5334 removeantur.
3605 5271 3695 5328 Si-

2043 5371 2344 5429 moniacos
2377 5372 2575 5424 autem
2607 5382 2723 5421 non
2755 5366 3072 5423 simoniace
3105 5384 3138 5422 a
3167 5362 3510 5422 simoniacis
3540 5361 3693 5417 ordi-

2044 5466 2235 5526 natos,
2269 5454 2724 5513 misericorditer
2752 5472 2855 5528 per
2880 5474 3092 5511 manus
3123 5452 3556 5527 impositionem
3590 5466 3694 5523 pro

2043 5549 2320 5622 temporis
2351 5543 2696 5601 necessitate
2734 5542 2793 5600 in
2827 5545 3018 5603 ofﬁcio
3057 5541 3431 5601 concedimus
3463 5556 3690 5614 perma-

2042 5656 2198 5699 1101⁸6-
