4098 6186
318 291 473 350 M99

876 287 979 347 AD
1022 285 1448 349 EPISTOLAS
1494 285 1596 346 ET
1637 284 1960 347 DECRET.

2077 284 2358 347 lICOLAI
2400 282 2629 345 PAPIE
2670 284 2695 345 Ι
2742 283 3162 347 ΑΡΡΕΝΒΙΧ.

3569 278 3729 345 1200

315 421 619 479 desideras
651 424 850 475 utrum
882 419 1097 475 mulier
1127 437 1253 492 quae
1284 420 1390 475 viri
1422 419 1613 475 ﬁlium
1643 437 1712 476 ex
1743 419 1855 475 alia
1884 420 1960 475 fe-
1988 419 2042 487 Α
2075 436 2233 488 mus,
2270 419 2369 491 qui
2401 435 2538 473 cum
2571 434 2639 473 ea
2668 434 2848 490 quam
2880 419 2952 474 de
2974 406 3142 473 Asacro
3172 417 3329 473 fonte
3357 414 3735 489 baptismatis

315 511 478 568 mina
505 510 767 583 genitum
801 509 870 564 de
902 525 1066 580 sacro
1098 508 1253 564 fonte
1286 508 1971 582 levaverit,postmodum

315 599 503 676 possit
529 616 665 655 cum
695 599 898 655 eodem
930 598 1051 654 viro
1083 597 1338 671 copulari
1351 598 1669 665 .Quosideo
1692 600 1971 670 conjungi

316 705 490 762 posse
524 687 1064 759 decernimus,quia
1094 688 1423 742 secundum
1467 704 1720 743 canones
1750 704 1969 756 sacros,

319 777 434 834 nisi
469 777 772 833 amborum
799 775 1370 845 consensu,mullius
1401 774 1701 848 religionis
1732 775 1971 831 obtentu

320 866 492 922 debet
516 865 1033 937 eonjuxdimittere
1046 866 1379 938 conjugem.
1396 865 1856 921 Pertinetautem
1900 864 1971 920 ad

322 955 530 1028 ingens
558 952 756 1010 uxoris
789 954 1189 1024 exitiumque
1220 954 1447 1010 habens
1477 954 1609 1010 odio
1640 954 1854 1019 virum,
1883 952 1973 1008 vel

322 1042 725 1100 inﬁrmitatem
757 1044 885 1115 ejus
917 1060 1029 1098 non
1064 1043 1636 1116 considerans,quasi
1660 1058 1837 1098 causa
1858 1040 1974 1113 pie-

320 1133 459 1189 tatis
491 1136 766 1204 operatur
795 1132 1181 1205 impietatem,
1216 1133 1470 1188 maxime
1500 1149 1635 1187 cum
1659 1130 1973 1204 Apostolus

318 1221 617 1295 praecipiat
649 1239 661 1278 :
693 1223 890 1290 Nolite,
923 1222 1220 1295 inquiens,
1249 1223 1512 1294 fraudare
1548 1223 1802 1288 invicem,
1862 1213 1977 1276 nisi

320 1326 390 1367 ex
417 1328 682 1368 consensu
712 1312 782 1366 ad
840 1320 1067 1383 tempus,
1128 1319 1190 1367 ut
1218 1314 1419 1367 vacetis
1467 1312 1705 1367 orationi
1760 1313 1806 1380 (ι
1840 1311 1970 1365 Dor.

318 1401 441 1474 vn.)

393 1489 460 1545 II.
502 1490 672 1561 (Ibid.
725 1492 799 1546 De
849 1491 934 1546 his
973 1489 1200 1562 Rodulfo
1246 1490 1582 1545 Bituricensi
1628 1488 1970 1561 archiepisc.)

319 1579 400 1635 De
431 1578 524 1635 his
556 1580 656 1652 qui
688 1578 966 1635 filiastros
999 1578 1221 1635 suosad
1243 1577 1745 1633 confirmationem
1777 1595 1972 1633 coram

320 1668 609 1742 episcopis
638 1668 920 1734 tenent,id
936 1672 1025 1723 est
1054 1667 1156 1738 qui
1190 1666 1341 1722 filios
1356 1667 1552 1723 uxoris
1583 1684 1700 1722 suae
1714 1667 1783 1721 de
1796 1666 1972 1739 priori

318 1757 440 1814 viro
470 1758 609 1813 dum
644 1758 1044 1813 chrismantur
1063 1757 1135 1811 ab
1156 1756 1464 1828 episcopis,
1500 1773 1678 1828 super
1710 1773 1771 1812 se
1800 1755 1973 1811 susti-

319 1851 479 1916 nent,
513 1847 561 1901 si
592 1847 651 1901 in
683 1846 927 1902 scientia
959 1845 1136 1918 (sicut
1165 1845 1396 1917 asseris)
1431 1845 1549 1913 ﬁat,
1575 1844 1709 1900 licet
1739 1846 1816 1900 sit
1840 1862 1967 1917 pec-

320 1938 539 2002 catum,
570 1952 688 1991 non
718 1938 913 1991 tamen
947 1951 1136 2007 usque
1171 1935 1241 1989 ad
1266 1934 1691 2007 separationem
1712 1934 1967 2007 conjugii

319 2024 683 2096 puniendum
715 2028 823 2080 est.
858 2023 1603 2098 Lugeanttamen,etdigna
1628 2023 1969 2094 pmnitentia

319 2112 429 2169 hoc
462 2112 750 2170 diluentes
803 2112 1050 2170 Domino
1092 2111 1290 2168 dicant
1322 2128 1334 2167 :
1368 2113 1573 2167 Delicta
1631 2113 1968 2182 iguorantia:

268 2272 273 2277 λ
315 2217 456 2260 mea?
483 2218 551 2259 ne
576 2203 890 2259 memineris
921 2203 1090 2274 (Psal.
1113 2201 1328 2273 xxxw.)

390 2291 484 2347 III.
517 2292 629 2362 (30,
654 2308 710 2365 q.
741 2291 889 2347 5.Ad
918 2292 1164 2347 consulta
1192 2291 1695 2361 Bulgarorum.)lta
1724 2290 1965 2363 diligere

316 2381 487 2437 debet
514 2380 692 2436 homo
722 2397 857 2436 eum
889 2380 988 2452 qui
1019 2379 1279 2452 suscepit
1299 2378 1494 2451 ipsum
1508 2380 1580 2435 de
1607 2396 1771 2435 sacro
1787 2380 1965 2446 fonte,

317 2468 470 2523 sicut
498 2473 742 2540 patrem.
776 2473 922 2523 Item
956 2470 1089 2524 :Est
1119 2468 1270 2522 inter
1300 2468 1507 2523 fratres
1537 2472 1594 2523 et
1620 2467 1770 2523 filios
1801 2468 1968 2540 spiri-

319 2555 507 2610 tuales
536 2556 790 2627 gratuita
819 2559 876 2610 et
913 2559 1115 2610 sancta
1162 2556 1498 2610 communio
1543 2573 1669 2627 quae
1721 2556 1965 2611 dicenda

317 2659 433 2698 non
466 2647 555 2699 est
584 2644 1191 2716 consanguinitas,sed
1223 2643 1824 2717 habendaspiritualis
1842 2662 1967 2717 pro-

212 2772 219 2779 .
276 2715 285 2727 ’
313 2715 903 2788 ximitas.Undeinter
931 2750 1029 2788 eos
1059 2734 1312 2789 arbitror
1328 2750 1440 2789 non
1459 2715 1631 2806 posse
1645 2733 1766 2790 ﬁeri
1786 2715 1967 2806 quod-

313 2820 458 2877 libet
486 2821 669 2895 legale
695 2822 1544 2895 conjugium)Quandoquidem
1569 2840 1675 2878 nec
1704 2823 1965 2879 intereos

317 2908 415 2981 qui
447 2912 658 2965 natura
686 2913 743 2964 et
772 2925 870 2966 eos
886 2910 987 2982 qui
1013 2910 1326 2983 adoptione
1356 2909 1963 2967 ﬁliisuntvenerandaa

316 2998 759 3071 Romanaeleges
773 2998 1147 3055 matrimonia
1158 2999 1421 3055 contrahi
1440 3000 1974 3074 permittunt.ltem:

317 3085 378 3142 Si
407 3085 561 3142 inter
590 3103 688 3143 eos
747 3104 863 3143 non
914 3087 1282 3144 contrahitur
1320 3088 1787 3157 matrimonium,
1822 3105 1970 3162 quos

2080 507 2422 580 susceperit,
2457 512 2558 563 aut
2588 525 2721 564 cum
2754 507 2855 563 illa
2886 523 3063 580 quam
3094 511 3226 562 ante
3272 507 3616 578 episcopum
3648 512 3730 560 te-

2080 597 2432 664 nuerit,cum
2464 613 2628 653 sacro
2659 596 2974 653 chrismate
2994 596 3166 652 fuerit
3194 592 3736 662 uncta,fornicatio—

2080 684 2173 740 nis
2204 686 2618 758 perpetraverit
2662 684 2875 753 scelus,
2911 684 3247 758 legitimam
3293 688 3511 753 tamen,
3545 683 3593 740 si
3627 682 3734 739 ha-

2080 774 2292 843 buerit,
2326 792 2441 829 non
2473 773 2732 829 dimittat
2763 790 3024 830 uxorem.

2149 862 2245 917 VI.
2279 863 2391 932 (35,
2422 865 2628 935 quaest.
2660 864 2795 930 2,De
2821 862 3610 934 consanguinitSuﬂ‘raganeis
3628 863 3738 917 Ec-

2080 952 2265 1009 clesiae
2293 951 2694 1022 Amalsitanae.)
2725 951 2805 1007 De
2835 950 3342 1024 consanguinitate
3374 967 3735 1007 suauxorem

2080 1040 2281 1095 nullus
2310 1041 2485 1095 ducat
2512 1056 2699 1112 usque
2749 1044 2882 1112 post
2925 1040 3356 1112 generationem
3396 1041 3732 1111 septimam,

2077 1127 2169 1185 vel
2199 1144 2507 1200 quousque
2539 1128 2836 1200 parentela
2865 1128 3135 1201 cognosci
3167 1129 3613 1200 poterit.Laicus
3643 1145 3738 1184 ve-

2083 1235 2144 1273 ro
2178 1234 2413 1273 uxorem
2447 1217 2622 1273 simul
2653 1221 2709 1273 et
2732 1217 3119 1273 concubinam
3170 1216 3392 1273 habens
3425 1235 3539 1273 non
3572 1234 3734 1273 com-

2082 1307 2341 1362 municet
2370 1306 2655 1363 Ecclesiae.

2634 1452 2708 1507 De
2740 1450 2915 1515 bellis,
2952 1452 3036 1506 tit.
3066 1450 3174 1506 XX.

2155 1577 2195 1631 Ι.
2230 1580 2310 1646 (2,
2344 1593 2402 1649 q.
2464 1578 2517 1645 4,
2582 1575 2951 1632 Monachiam.
3009 1577 3093 1630 Ea:
3120 1576 3238 1647 ejus
3293 1574 3564 1648 decretis.)
3614 1576 3740 1632 Mo-

2084 1665 2455 1721 nomachiam
2490 1665 2546 1720 in
2590 1664 2715 1738 lege
2763 1681 2878 1720 non
2930 1663 3311 1733 assumimus,
3363 1680 3541 1736 quam
3590 1681 3737 1736 pra:-

2082 1758 2308 1826 ceptam
2342 1753 2520 1810 fuisse
2552 1771 2666 1809 non
2700 1752 3046 1826 reperimus,
3078 1769 3214 1808 eum
3263 1753 3384 1808 haec
3426 1757 3486 1809 et
3522 1752 3734 1826 hujus-

2082 1842 2238 1898 modi
2269 1847 2581 1909 sectantes,
2610 1843 2793 1899 Deum
2824 1841 3196 1898 solummodo
3227 1846 3453 1899 tentare
3494 1843 3735 1899 videan-

2077 1936 2191 1987 tur.
3392 1972 3395 1979 .

2150 2021 2217 2087 ΙΙ.
2251 2021 2361 2092 (15,
2398 2039 2456 2093 q.
2489 2024 2544 2088 6,
2579 2038 2630 2077 c.
2656 2024 2711 2089 2,
2744 2022 2938 2089 §Quin
2967 2022 3153 2076 etiam.
3177 2022 3454 2094 Episcopis
3486 2021 3736 2091 Gallia.)

2076 2108 2225 2174 Quin
2252 2109 2431 2167 etiam
2461 2110 2698 2182 praefato
2724 2108 2885 2164 fratri
2910 2114 3130 2177 nostro,
3150 2109 3407 2182 filiisque
3423 2109 3736 2166 Treviren-

2076 2199 2160 2255 sis
2189 2198 2757 2270 Ecclesiae,illiusque
2787 2198 3421 2267 defensoribus,haecin
3437 2197 3734 2254 mandatis

2076 2287 2289 2343 damus
2321 2291 2385 2343 ut
2413 2287 2705 2360 spirituali
2737 2286 2916 2343 simul
2942 2290 3000 2343 et
3020 2285 3737 2360 materialigladiotandiu
3796 2320 3801 2327 -

2076 2376 2367 2449 malignos
2400 2376 2529 2433 illos
2561 2392 2883 2448 eorumque
2914 2376 3738 2449 fautoresinsequantur,quo-

2076 2482 2265 2539 usque
2297 2483 2428 2522 cum
2462 2465 2791 2539 integritate
2834 2464 3235 2538 possessiones
3260 2466 3345 2521 vel
3368 2482 3735 2538 quaecunque

2075 2575 2168 2614 res
2196 2556 2598 2613 ecclesiasticae
2621 2555 2730 2610 hoc
2762 2554 2912 2610 facto
2940 2554 3027 2610 vel
3045 2572 3394 2627 quocunque
3424 2560 3595 2627 pacto
3616 2555 3733 2610 dis-

2074 2651 2271 2702 tractae
2303 2664 2404 2703 seu
2438 2644 2680 2717 direptae
2711 2647 2868 2712 sunt,
2902 2648 3260 2700 revocentur.

2146 2736 2244 2792 Ill.
2280 2736 2389 2809 (23,
2424 2734 2628 2807 quaesi.
2660 2735 2718 2802 5,
2749 2732 3313 2789 0mnium.Exercitui
3338 2734 3728 2805 Francorum.)

2074 2825 2350 2881 Omnium
2382 2827 2640 2879 vestrum
2668 2838 2844 2878 nosse
2887 2821 3160 2878 volumus
3190 2822 3554 2892 charitatem,
3589 2840 3733 2896 quo-

2074 2915 2231 2970 niam
2265 2913 2557 2986 quisquis,
2591 2913 2746 2984 quod
2779 2929 2895 2967 non
2928 2916 3196 2984 optantes
3226 2911 3497 2980 dicimus,
3523 2912 3583 2967 in
3615 2911 3728 2968 hoc

2072 3002 2209 3058 belli
2240 3002 2556 3059 certamine
2609 2999 2856 3058 ﬁdeliter
2886 3006 3155 3057 mortuus
3202 3000 3395 3073 fuerit,
3426 3018 3609 3074 regna
3637 3000 3729 3056 illi

2079 3091 2335 3148 cmlestia
2365 3089 2610 3146 minime
2638 3088 3026 3162 negabunfur.

314 3176 547 3248 adoptio
569 3176 769 3250 jungit
798 3180 1018 3249 quanto
1049 3177 1244 3249 potius
1265 3176 1529 3233 acarnali
1557 3181 1782 3250 oportet
1810 3177 1965 3233 inter
1993 3180 2035 3248 C
2145 3180 2235 3236 IV.
2272 3180 2381 3253 (23,
2416 3183 2620 3252 quaest.
2655 3181 2709 3246 8,
2741 3179 2805 3235 Si
2829 3179 3014 3234 Nulla.
3072 3178 3153 3234 Ad
3178 3178 3423 3235 cons-illa:
3452 3179 3724 3249 Bulgaro-

310 3280 374 3320 se
399 3264 811 3321 conturbernio
841 3282 1068 3322 cessare
1115 3264 1246 3321 illos
1278 3283 1424 3338 quos
1453 3283 1553 3339 per
1602 3266 1831 3323 caeleste
1861 3284 1958 3323 sa-

309 3357 675 3410 cramentum
707 3353 1066 3427 regeneratio
1098 3353 1285 3410 sancti
1315 3340 1570 3428 Spiritus
1608 3355 1857 3427 jungit?
1883 3356 1956 3428 (ο.

304 3443 358 3498 2.
421 3443 491 3501 ad
527 3444 778 3499 consulta
827 3442 1080 3516 Bulgar.)
1118 3443 1312 3519 Longe
1361 3460 1497 3516 ergo
1540 3444 1957 3517 congruentius

304 3528 464 3587 illius
522 3531 704 3603 patris
760 3531 894 3601 mei,
951 3532 1042 3588 vel
1103 3532 1280 3588 frater
1319 3550 1487 3589 meus
1546 3533 1875 3606 appellatur
1904 3534 1954 3589 is

304 3635 477 3690 quem
508 3620 704 3677 divina
732 3620 920 3694 gratia
945 3621 1139 3694 potius
1172 3639 1348 3694 quam
1397 3621 1657 3678 humana
1685 3622 1954 3678 voluntas

300 3711 367 3762 nt
396 3706 550 3763 [ilius
605 3709 791 3782 patris
850 3710 964 3766 mei
1022 3710 1108 3765 vel
1141 3710 1318 3766 frater
1354 3728 1519 3767 meus
1550 3714 1722 3778 esset,
1758 3710 1951 3783 elegit,

176 3840 201 3857 ,.
297 3796 763 3869 prudentiusque
794 3799 866 3853 ab
896 3798 1121 3854 alterna
1148 3798 1406 3870 corporis
1439 3799 1845 3855 commistione
1867 3816 1952 3854 se-

297 3884 577 3941 cernitur.

365 3974 460 4030 ιν.
497 3975 605 4048 (30,
640 3993 696 4049 q.
732 3976 786 4047 4,
819 3993 869 4032 e.
907 3978 957 4032 1.
987 3977 1273 4033 Salomoni
1329 3976 1729 4034 Conslantiensi
1755 3978 1951 4049 episc.)

297 4063 644 4121 Sciscitatur
670 4083 704 4122 a
735 4065 905 4123 nobis
935 4067 1218 4123 sanctitas
1240 4069 1432 4122 vestra
1454 4066 1503 4121 si
1528 4065 1742 4139 aliquis
1773 4065 1948 4122 homo

295 4153 443 4211 duas
472 4158 823 4212 cummatres
852 4154 1067 4215 habere
1097 4156 1285 4212 valeat
1317 4173 1495 4212 unam
1529 4160 1663 4228 post
1680 4155 1944 4213 alteram.

295 4246 362 4296 In
392 4259 508 4315 quo
538 4244 878 4301 meminisse
909 4246 1083 4302 debet
1112 4244 1396 4318 scriptum
1429 4262 1593 4301 esse:
1627 4248 1813 4301 Erunt
1842 4246 1948 4302 duo

294 4332 353 4386 in
383 4347 547 4387 carne
573 4350 686 4389 una
717 4333 865 4401 (Gen.
918 4333 1000 4405 ιι).
1034 4338 1239 4406 Itaque
1278 4352 1413 4390 cum
1447 4338 1672 4390 constet
1695 4334 1834 4406 quia
1861 4334 1949 4390 vir

294 4422 351 4474 et
380 4418 591 4475 mulier
621 4438 736 4476 una
765 4438 896 4476 caro
927 4439 1031 4494 per
1059 4424 1419 4479 connubium
1450 4423 1945 4491 efﬁciuntur,res-

292 4509 377 4562 tat
400 4506 681 4564 nimirum
711 4525 910 4565 verum
944 4516 1300 4584 compatrem
1331 4511 1606 4568 constitui
1630 4510 1714 4566 illi
1743 4510 1949 4567 mulie-

289 4595 362 4663 ri,
394 4598 564 4672 cujus
596 4598 968 4655 malrimonio
982 4603 1288 4672 assumpta
1310 4618 1453 4657 uxor
1483 4603 1944 4657 commateresse

286 4668 613 4742 videbatur.

355 4772 423 4828 V.
457 4776 568 4844 (33,
602 4794 659 4849 q.
688 4780 741 4845 2,
772 4777 835 4833 Si
860 4778 1024 4851 quis.)
1057 4777 1115 4834 Si
1146 4777 1280 4851 quis
1312 4795 1445 4854 cpm
1479 4783 1661 4835 matre
1683 4777 1930 4836 fornica-

284 4866 382 4918 tus
411 4863 583 4918 fucrit
613 4865 927 4936 spirituali,
953 4866 1439 4936 anathematis,ut
1468 4868 1649 4935 scitis,
1680 4868 1933 4941 percuti-

282 4955 382 5007 tur
410 4951 643 5009 ictibus.
663 4954 947 5012 Similiter
975 4959 1032 5010 et
1062 4956 1228 5011 illum
1260 4961 1561 5030 percutere
1591 4957 1930 5031 promulga-

353 5093 574 5171 (a)Hsc
605 5111 721 5151 non
750 5096 1019 5153 videntur
1045 5098 1224 5171 hujus
1255 5100 1462 5156 aetatis.

2068 3268 2302 3342 rum.)Si
2330 3267 2493 3325 nulla
2522 3272 2691 3342 urget
2721 3268 3062 3335 necessitas,
3094 3285 3210 3323 non
3240 3267 3430 3324 solum
3463 3268 3726 3341 quadra-

2066 3356 2333 3430 gesimali
2367 3362 2648 3430 tempore,
2684 3357 2781 3413 sed
2825 3357 3005 3412 etiam
3056 3357 3218 3412 omni
3264 3361 3521 3429 tempore
3570 3361 3661 3413 est
3690 3375 3727 3414 a

2064 3446 2281 3519 praeliis
2309 3446 2747 3503 abstinendum.
2789 3445 2847 3502 Si
2901 3449 3098 3502 autem
3147 3445 3502 3502 inevitabilis
3552 3450 3726 3519 urget

2063 3534 2502 3608 importunitas,
2536 3551 2641 3591 nec
2672 3534 3169 3611 quadragesimali
3198 3538 3473 3613 tempore,
3492 3551 3597 3607 pro
3627 3535 3725 3591 de-

2062 3622 2326 3678 fensione
2355 3626 2476 3677 tam
2511 3637 2619 3677 sua
2650 3638 2828 3693 quam
2858 3621 3059 3693 patria:
3086 3638 3192 3677 seu
3222 3621 3418 3694 legum
3451 3626 3722 3693 paterna-

2061 3728 2193 3766 rum
2225 3716 2315 3767 est
2343 3709 2629 3766 bellorum
2663 3709 3069 3782 prmparationi
3120 3709 3322 3782 procul
3373 3710 3552 3766 dubio
3582 3727 3718 3783 par-

2062 3801 2311 3855 cendum
2350 3817 2363 3855 :
2399 3816 2471 3855 ne
2499 3798 2767 3854 videlicet
2786 3798 2971 3854 Deum
2987 3798 3255 3854 videatur
3276 3788 3713 3868 homotentare,

2060 3888 2109 3942 si
2143 3887 2319 3944 habet
2348 3889 2506 3961 quod
2539 3888 2733 3957 faciat,
2765 3892 2823 3943 et
2851 3904 2971 3943 suae
2993 3904 3059 3943 ac
3088 3887 3336 3944 aliorum
3368 3886 3542 3943 saluti
3576 3904 3716 3944 con-

2059 3976 2250 4033 sulere
2282 3994 2396 4033 non
2428 3980 2722 4050 procurat,
2756 3980 2814 4032 et
2844 3980 3058 4033 sanctae
3089 3976 3390 4050 religionis
3403 3976 3719 4033 detrimen-

2056 4069 2116 4122 ta
2145 4084 2261 4123 non
2292 4072 2590 4139 precavet.

2128 4156 2194 4211 V.
2228 4158 2339 4229 (24,
2364 4160 2568 4229 quaest.
2601 4157 2653 4225 3,
2688 4156 2784 4212 [ili
2805 4158 2918 4228 qui.
2975 4150 3260 4213 Omnibus.
3282 4155 3589 4229 episcopis.)
3623 4153 3713 4211 Illi

2056 4245 2156 4311 qui
2180 4245 2515 4318 peregrinos
2542 4244 2630 4300 vel
2654 4250 2912 4300 oratores
2936 4246 3343 4318 cujuscunque
3366 4244 3575 4312 sancti,
3591 4243 3715 4300 sive

2055 4332 2318 4400 clericos,
2353 4333 2471 4389 sive
2500 4332 2838 4403 monachos,
2865 4333 2954 4389 vel
2988 4333 3258 4401 feminas,
3310 4338 3411 4389 aut
3454 4333 3712 4389 inermes

2054 4439 2340 4495 pauperes
2371 4422 2686 4495 deprazdati
2717 4423 2952 4493 fuerint,
2982 4423 3067 4478 vel
3093 4421 3247 4478 bona
3275 4439 3477 4478 eorum
3510 4438 3712 4495 rapue-

2057 4511 2194 4581 rint,
2226 4512 2312 4568 vel
2343 4511 2402 4567 in
2434 4511 2654 4568 malum
2685 4512 2771 4567 eis
2786 4510 3563 4586 obviaverint,anathematis
3592 4511 3714 4565 vin-

2056 4601 2187 4657 culo
2215 4600 2517 4669 feriantur,
2553 4600 2668 4656 nisi
2700 4601 2874 4673 digne
2918 4599 3376 4657 emendaverint.
3428 4605 3546 4656 Pax
3573 4616 3709 4655 vero

2049 4688 2169 4758 illa,
2205 4706 2380 4762 quam
2416 4690 2491 4763 (α)
2532 4693 2801 4763 treguam
2860 4690 2956 4745 Dei
3005 4689 3276 4757 dicimus,
3329 4689 3577 4745 fideliter
3604 4690 3711 4745 ob-

2047 4783 2329 4848 servetur,
2364 4779 2518 4834 sicut
2546 4779 2619 4834 ab
2651 4777 3106 4851 archiepiscopis
3137 4783 3197 4834 et
3243 4777 3537 4852 episcopis
3568 4778 3705 4833 uni~

2044 4868 2406 4939 uscujusque
2439 4866 2748 4939 provinciae
2779 4867 3073 4923 constitua
3101 4869 3209 4922 est.
3226 4866 3333 4932 Qui
3360 4871 3704 4922 autemeam

2039 4955 2340 5029 infregerit
2372 4954 2962 5011 excommunicationi
2992 4955 3304 5011 subdatur.
