4158 6432
87 5860 399 6248 ί

87 5860 399 6248 ί

724 439 797 504 23
1794 449 2195 514 (ECUMENII
2232 455 2525 518 TRICCIE
2555 455 2904 519 EPISCOPI
3909 452 3980 517 24

728 569 945 623 corpore
961 555 1138 611 carm’s
1165 574 1277 613 sua:
1320 573 1413 627 per
1440 567 1678 625 mortem,
1706 569 1758 613 ut
1784 564 2044 618 exhiberet
2071 580 2159 619 vos
2185 582 2311 619 san-

2418 566 2558 634 ροῖς.
2612 567 2762 622 Νυνὶ
2825 565 2894 620 δὲ
2949 568 3425 635 ἀποκατήλλαξε
3474 568 3554 634 τῷ
3600 568 3826 638 σώματι
3886 567 3992 636 τῆς

725 656 839 697 ctos
857 654 908 698 et
928 648 1403 717 irrepreltensibiles
1421 660 1470 704 et
1490 652 1783 720 inculpata:
1804 653 1855 707 in
1873 668 2149 722 conspectu
2177 673 2270 710 suo
2288 671 2307 710 :

2414 659 2640 726 σαρκὸς
2693 658 2918 725 αὐτοῦ,
2964 660 3063 713 διὰ
3121 661 3228 715 τοῦ
3289 661 3559 716 θανάτου
3612 658 3995 730 παραστῆσαι

726 736 774 787 si
798 744 972 790 tamen
1006 742 1325 809 permanetis
1357 741 1410 795 in
1451 742 1554 811 ﬁde
1584 743 1798 811 fundati
1837 761 1899 798 ac
1932 745 2173 808 stabiles,
2220 763 2310 800 nec

2418 750 2571 819 ὑμᾶς
2623 751 2832 819 ἁγίους
2892 753 2993 806 καί
3045 752 3329 822 ἀμώμους
3359 794 3374 820 ,
3434 755 3533 808 καὶ
3585 752 3999 821 ἀνεγκλήτους

726 823 1072 881 dimovemini
1095 847 1125 881 a
1145 846 1232 895 spe
1263 830 1542 903 Evangelii
1565 835 1707 904 quod
1728 837 1975 899 audistis,
2002 838 2141 908 quod
2170 855 2312 907 pra!-

2418 841 2785 897 κατενώπιον
2804 845 3012 899 αὑτοῦ.
3037 844 3110 898 El
3146 860 3213 914 γε
3243 843 3553 913 ἐπιμένετε
3582 842 3655 912 τῇ
3686 844 3884 897 πίστει
3910 858 3993 895 τεο

726 920 963 973 dicatum
997 931 1075 976 est
1125 928 1265 991 apud
1320 928 1617 982 universam
1674 938 1998 996 creaturam,
2058 948 2174 1001 qua
2216 932 2311 987 sub

726 1012 855 1064 carie
882 1022 980 1075 est,
1016 1015 1167 1083 cujus
1200 1016 1376 1084 factus
1416 1037 1532 1074 sunt
1555 1036 1648 1092 ego
1677 1021 1879 1077 Paulus
1908 1024 2168 1078 minister.

2417 932 2833 1004 θεμελιωμένοι
2864 934 2962 988 καὶ
2992 933 3236 1004 ἑδραῖοι,
3263 936 3359 990 καί
3386 935 3471 1004 μὴ
3505 936 3998 1004 μετακινούμενοι

2417 1024 2534 1079 ἀπὸ
2583 1024 2693 1092 τῆς
2742 1024 2994 1091 ἐλπίδος
3024 1026 3131 1080 τοῦ
3171 1028 3545 1097 Εὐαγγελίου
3586 1022 3658 1083 οὗ
3697 1027 4002 1094 ἠκούσατε

725 1108 835 1161 τοῦ
888 1113 1296 1181 κηρυχθέντος
1338 1117 1412 1169 ἐν
1457 1116 1624 1187 πάσῃ
1671 1118 1748 1187 τῇ
1814 1120 2007 1174 κτίσει
2068 1119 2307 1188 τῇιὺπὸ
2348 1121 2453 1177 τὸν
2510 1120 2816 1190 οὐρανὸν,
2907 1116 2979 1177 οὗ
3034 1121 3331 1191 ἐγενόμην
3378 1121 3495 1191 ἐγὼ
3551 1120 3796 1187 Παῦλος
3876 1118 4003 1173 Gui-

729 1214 931 1264 κονος.

795 1287 897 1343 llic
930 1294 1174 1347 ostendit
1214 1296 1359 1364 quod
1391 1297 1555 1352 etiam
1597 1315 1720 1354 cum
1752 1310 1938 1358 essent
1983 1302 2309 1357 reconcilia-

728 1382 879 1439 tione
912 1385 1139 1455 indigni.
1175 1392 1632 1449 reconciliaverit.
1680 1393 1861 1449 Eratis
1899 1396 2306 1466 enim,|inquit,

725 1476 937 1532 inimici
966 1486 1020 1533 et
1047 1480 1360 1537 abalienati.
1397 1483 1679 1554 Siquidem
1718 1502 1825 1540 non
1871 1488 2049 1543 solum
2087 1503 2307 1545 eramus

727 1567 833 1621 suh
874 1576 1149 1637 potestate
1190 1569 1427 1635 Satanae,
1470 1576 1831 1629 verumetiam
1862 1591 1989 1645 erga
2022 1575 2187 1630 Deum
2214 1592 2305 1647 ge-

725 1659 987 1715 rebamus
1020 1660 1272 1715 hostilem
1318 1663 1585 1718 animum.
1628 1684 1647 1716 ι
1698 1664 1762 1719 Ει
1800 1667 2004 1721 inimici
2044 1674 2242 1722 mente.
2287 1687 2304 1719 ι

730 1749 846 1805 lloc
884 1762 990 1817 est,
1028 1752 1145 1807 Non
1183 1755 1337 1809 inviti
1378 1757 1518 1810 mala
1558 1758 1764 1827 operati
1809 1774 2002 1814 sumus
2041 1766 2094 1813 et
2129 1760 2309 1813 subita

727 1844 967 1909 quadam
1017 1848 1367 1915 correptione
1407 1848 1628 1903 abducti
1670 1868 1681 1903 :
1727 1849 1820 1904 sed
1869 1851 2147 1904 communi
2193 1858 2312 1905 stu-

729 1938 842 2004 dio,
875 1943 945 2007 [et
979 1940 1326 1997 inimicitiam
1361 1960 1489 2013 erga
1533 1943 1702 2001 Deum
1749 1948 2178 2018 cogitationibus
2213 1962 2309 2003 an-
2343 1973 2385 2027 Β

730 2038 817 2085 tea
860 2031 1250 2102 imaginantcs,
1303 2037 1441 2091 adeo
1493 2039 1557 2092 ad
1608 2040 1864 2095 inimicas
1916 2041 2022 2111 ipsi
2064 2042 2311 2096 actiones

728 2125 1240 2195 progrediebamur.
1286 2126 1495 2184 Idcirco
1542 2132 1829 2187 abundans
1862 2132 1963 2186 fuit
1994 2132 2178 2187 divina
2217 2134 2311 2190 be-

731 2216 990 2283 niguitas,
1029 2217 1188 2289 124
1210 2220 1353 2289 quod
1384 2235 1477 2276 eos
1501 2222 1662 2275 etiam
1694 2223 1787 2292 qui
1815 2220 2087 2292 ejusmodi
2119 2235 2311 2279 essent

733 2309 1172 2365 recouciliaverit
1201 2326 1265 2365 ac
1290 2315 1612 2383 suseeperit.
1637 2332 1655 2365 ι
1694 2313 1751 2368 ιη
1780 2315 2036 2384 operibus
2068 2317 2249 2371 malis.
2285 2334 2304 2367 ι

731 2395 851 2452 Non
880 2399 932 2453 in
965 2410 1146 2454 mente
1176 2401 1443 2455 duntaxat
1466 2402 1724 2457 alienatio
1753 2414 1888 2469 erat,
1913 2418 2088 2474 neque
2112 2404 2165 2457 in
2193 2403 2311 2458 sola

731 2490 1035 2557 voluntate,
1090 2492 1183 2547 sed
1223 2494 1385 2547 etiam
1424 2495 1682 2563 operibus
1726 2494 1935 2549 inimici
1974 2496 2167 2559 eratis,
2221 2496 2309 2549 in-

733 2582 875 2650 quit,
920 2590 975 2637 et
1000 2598 1121 2653 quae
1171 2584 1524 2639 inimicorum
1569 2594 1701 2640 sunt
1751 2586 2145 2655 operabamini.
2192 2604 2210 2637 ι
2251 2586 2309 2641 lu

734 2688 964 2742 corpore
987 2674 1172 2731 carnis
1199 2690 1330 2730 suae.
1372 2695 1390 2727 ι
1420 2675 1656 2730 Rursum
1690 2677 1845 2747 ponit
1870 2676 2088 2730 modum
2122 2692 2313 2731 recon-

737 2766 1053 2832 eiliationis,
1088 2766 1271 2822 sciens
1319 2770 1496 2837 ipsum
1552 2784 1673 2825 esse
1738 2770 2004 2833 divinum,
2039 2769 2168 2839 quia
2216 2783 2313 2838 per

735 2873 938 2927 corpus
965 2874 1123 2912 suum
1170 2859 1546 2913 reconciliavit
1592 2878 1606 2914 :
1636 2874 1743 2913 non
1782 2862 1958 2916 solum
1992 2859 2312 2915 verberatus

739 2963 803 3003 ac
853 2950 1027 3019 alapis
1066 2964 1265 3011 ctesus.
1337 2950 1432 3006 sed
1485 2959 1538 3006 et
1590 2962 1859 3017 mortuus,
1909 2952 2073 3022 idque
2140 2961 2312 3006 morte

740 3043 976 3097 maxime
1018 3043 1304 3113 probrosa.
1356 3061 1375 3094 ι
1418 3043 1487 3099 Ut
1532 3044 1815 3099 exhiberet
1869 3060 1965 3098 vos
2011 3052 2250 3098 sanctos.
2286 3061 2306 3094 ι

738 3133 893 3202 Quod
941 3135 1197 3205 superius
1224 3135 1360 3189 dixit
1406 3149 1420 3186 :
1458 3132 1558 3200 Qui
1607 3136 1833 3191 idoneos
1882 3150 1982 3190 nos
2023 3133 2173 3192 fecit.
2210 3136 2312 3188 hoc

739 3225 902 3279 etiam
939 3241 1085 3280 nunc
1109 3227 1375 3296 designat.
1410 3225 1596 3296 Neque
1618 3227 1760 3282 enim
1797 3228 1971 3281 solum
2001 3242 2099 3297 per
2123 3241 2313 3281 recon-

2504 1301 2768 1357 Ἐνταῦθα
2808 1303 3107 1367 δείκνυσιν,
3157 1304 3241 1357 ὅτι
3289 1304 3385 1357 καὶ
3417 1302 3670 1369 ἀναξίους
3703 1304 3862 1365 ὄντας
3899 1298 4001 1369 τῆξ

2418 1397 2765 1467 καταλλαγῆς
2807 1393 3165 1465 κατήλλαξεν.
3218 1390 3360 1449 Ἦτε
3410 1395 3541 1466 γὰρ,
3590 1396 3776 1465 φησιν,
3818 1393 4002 1462 ἐχθροὶ

2416 1488 2511 1541 καὶ
2547 1487 3070 1558 ἀπηλλοτριωμένοι.
3114 1487 3190 1540 Οὐ
3237 1486 3346 1558 γὰρ
3383 1488 3545 1558 μόνον
3592 1482 3737 1556 ἦμεν
3771 1485 3875 1538 ὑπὸ
3903 1486 4001 1554 τὴν

2416 1579 2663 1644 ἐξουσίαν
2704 1578 2798 1633 τοῦ
2830 1580 3069 1643 Σατανᾶ,
3105 1580 3241 1634 ἀλλὰ
3281 1580 3374 1633 καὶ
3416 1580 3551 1650 πρὸς
3583 1578 3677 1631 τὸν
3703 1577 3840 1630 Θεὸν
3889 1577 3999 1629 ἀπ-

2417 1672 2592 1743 εχθῶς
2622 1659 2859 1743 εῐχὶμεν.
2887 1692 2905 1723 ι
2924 1673 3034 1726 Καὶ
3056 1672 3285 1743 ἐχθροὺς
3310 1674 3377 1741 τῇ
3399 1671 3628 1742 διανοίᾳ.
3657 1689 3676 1722 ι
3715 1669 3863 1722 Ἀντὶ
3880 1665 4000 1732 τοῦ,

2418 1762 2537 1815 Οὐκ
2560 1762 2787 1824 ἄκοντες
2835 1763 3182 1831 ἐπράττομεν
3212 1760 3283 1813 τὰ
3337 1759 3479 1831 ἔργα
3525 1760 3593 1813 τά
3644 1758 3857 1829 πονηρά
3906 1756 4004 1810 καὶ

2418 1854 2560 1909 κατά
2614 1853 3012 1925 συναρπαγὴν,
3070 1853 3206 1907 ἀλλά
3262 1852 3401 1923 μετά
3452 1852 3723 1920 μελέτης,
3769 1852 3866 1905 καὶ
3899 1850 4001 1920 τὴν

2417 1945 2620 2017 ἔχθραν
2657 1944 2757 2015 τὴν
2807 1946 2943 2013 πρὸς
2970 1945 3104 1998 Θεὸν
3129 1947 3240 2007 τοῖς
3271 1944 3554 2013 λογισμοῖς
3606 1944 4004 2014 προτυπώσαν-

2412 2056 2525 2103 τες,
2553 2037 2723 2100 οὕτως
2754 2038 2847 2091 ἐπὶ
2878 2037 2975 2100 τὰς
3001 2036 3200 2107 ἐχθρὰς
3222 2035 3373 2105 αὐτῷ
3403 2035 3633 2103 πράξεις
3660 2033 3999 2103 ἐχωροῦμεν.

2412 2131 2503 2184 Διὸ
2544 2130 2750 2199 ἄφατος
2788 2130 2822 2197 ἡ
2855 2127 2976 2183 Θεία
3012 2126 3421 2199 φιλανθρωπία,
3457 2127 3540 2179 ὅτι
3583 2127 3676 2179 καὶ
3727 2124 4002 2186 τοιούτους

2412 2220 2573 2283 ὄντας
2626 2218 2930 2288 κατήλλαξε
2957 2218 3053 2272 καὶ
3084 2217 3468 2289 προσεδέξατο.
3518 2235 3535 2267 ι
3559 2216 3651 2269 Ἐν
3675 2217 3790 2278 τοῖς
3814 2214 4001 2284 ἔργοις

2413 2320 2523 2381 τοῖς
2546 2320 2824 2388 πονηροῖς.
2852 2336 2871 2369 ι
2894 2317 2970 2370 Οὐ
3015 2315 3180 2386 μέχρι
3212 2313 3454 2377 διανοίας
3473 2307 3542 2383 ἦν
3569 2314 3600 2381 ἠ
3626 2307 3999 2378 ἀλλοτρίωσις,

2414 2408 2534 2463 οὐδὲ
2562 2409 2691 2480 ἄχρι
2728 2408 3130 2479 προαιρέσεως,
3158 2406 3299 2460 ἀλλά
3327 2406 3422 2458 καὶ
3446 2405 3557 2467 τοῖς
3592 2401 3777 2474 ἔργοις
3816 2398 4004 2469 ἐχθροὶ

2412 2498 2531 2573 ἦτε,
2565 2502 2722 2571 φησὶ,
2753 2502 2821 2555 τά
2859 2500 3072 2571 ἐχθρῶν
3112 2499 3467 2571 πράττοντες.
3513 2516 3531 2547 ι
3556 2496 3644 2549 Ἐν
3678 2493 3755 2563 τῷ
3788 2491 4005 2562 σώματι

2412 2598 2510 2664 τῆς
2534 2594 2737 2665 σαρκὸς
2762 2591 2952 2646 αὐτοῦ.
2981 2610 2999 2644 ι
3050 2591 3221 2645 Πάλιν
3241 2588 3335 2643 τὸν
3365 2589 3569 2660 τρόπον
3598 2587 3697 2655 τῆς
3720 2583 4003 2639 καταλλα-

2414 2684 2517 2753 γῆς
2563 2682 2799 2751 τίθησιν,
2832 2680 2991 2741 εἰδὼς
3039 2678 3183 2732 θεῖον
3222 2676 3385 2730 αὑτὸν
3434 2676 3771 2744 ὑπάρχοντα,
3808 2670 4005 2725 ὅτιδιά

2412 2774 2508 2827 τοῦ
2561 2772 2817 2843 σώματος
2857 2770 3047 2836 αὑτοῦ,
3105 2769 3260 2840 φησὶ,
3307 2766 3669 2838 κατήλλαξεν,
3726 2764 3787 2817 οὑ
3844 2764 4007 2831 μόνον

2415 2865 2643 2936 πληγείς
2691 2866 2724 2935 ἢ
2777 2863 3086 2933 ῥαπισθεὶς,
3128 2862 3266 2916 ἀλλὰ
3303 2862 3397 2915 κ.ιύ⁵
3452 2857 3746 2914 ἀποθανὼν
3790 2856 3884 2909 καὶ
3926 2853 4007 2924 τῷ

2415 2958 2643 3029 αἰχίστῳ
2697 2956 2936 3026 θανάτῳ.
3020 2973 3038 3007 ι
3084 2954 3444 3025 Παραστῆσαι
3503 2952 3648 3021 ὑμᾶς
3720 2948 3936 3016 ἁγίους.
3982 2964 4001 2998 ι

2416 3047 2594 3119 Ὅπερ
2613 3048 2725 3101 ἂνω
2752 3046 2907 3117 φησὶ,
2926 3045 3018 3116 Τῷ
3049 3044 3378 3099 ἱκανώσαντι
3401 3043 3571 3112 ἡμᾶς,
3605 3039 3764 3093 τοῦτο
3795 3039 3892 3091 καὶ
3908 3036 4009 3089 νῦν

2415 3137 2728 3191 αἰνίττεται.
2772 3137 2899 3190 Ὅτι
2942 3135 3043 3204 οὐχ
3092 3133 3379 3205 ἁμαρτιῶν
3410 3132 3679 3203 ἐρρύσατο
3713 3128 3875 3197 μόνον
3910 3126 4005 3180 διὰ

2415 3236 2516 3305 τῆς
2546 3232 2916 3303 καταλλαγῆς,
2954 3230 3095 3287 ἀλλά
3124 3231 3220 3284 καὶ
3244 3230 3430 3298 ἁγίους
3464 3229 3561 3283 καὶ
3600 3226 3871 3297 ἀμώμους
3904 3224 4007 3277 καὶ

739 3314 1078 3368 ciliationem
1119 3330 1147 3367 a
1189 3316 1425 3384 peccatis
1458 3317 1725 3384 liberavit,
1779 3317 1873 3373 sed
1927 3326 1980 3372 et
2010 3326 2233 3373 sanctos
2260 3324 2313 3372 et

2418 3326 2783 3396 ἀνεγκλήτους
2808 3322 3141 3393 παρέστησε.
3170 3322 3311 3375 «Καὶ
3335 3319 3755 3388 ἀνεγκλήτους.»
3789 3316 4010 3382 ’Ὥσπερ

743 3406 1254 3474 irreprehensibiles
1296 3422 1359 3462 ac
1404 3408 1712 3478 inculpatos
1751 3409 2021 3465 exhibuit.
2059 3427 2078 3461 ι
2128 3409 2194 3464 Ει
2227 3410 2311 3463 iu-

741 3498 1011 3567 culpatos.
1064 3516 1081 3549 ι
1135 3498 1299 3564 Quasi
1353 3500 1445 3566 qui
1494 3516 1562 3555 ne
1608 3515 1796 3557 ansam
1836 3502 2052 3571 quidem
2104 3501 2309 3571 peccati

742 3591 1009 3645 dederint.
1046 3608 1066 3643 ι
1106 3590 1163 3645 In
1203 3601 1495 3662 conspectu
1541 3609 1663 3648 suo.
1721 3613 1739 3646 ι
1775 3594 1981 3649 Donata
2018 3596 2312 3650 sanctimo-

744 3683 832 3735 nia
862 3698 984 3752 qua:
1019 3683 1073 3737 iu
1109 3695 1410 3755 conspectu
1461 3686 1636 3756 ipsius
1679 3697 1784 3742 ost.
1826 3704 1845 3738 ι
1878 3684 1935 3741 Si
1972 3694 2151 3740 tamen
2185 3701 2311 3755 per-

748 3775 1002 3828 manetis.
1041 3792 1062 3826 ι
1127 3773 1206 3831 Ne
1261 3776 1414 3832 laxos
1470 3778 1666 3832 reddat
1715 3778 1863 3848 ipsos
1905 3786 1959 3832 et
2003 3779 2315 3833 existiment

744 3865 889 3933 quod
923 3864 1124 3920 Christi
1154 3880 1302 3921 mors
1327 3881 1440 3921 rem
1471 3884 1685 3923 omnem
1717 3869 2003 3939 peregerit,
2041 3883 2142 3923 nec
2161 3868 2316 3922 dein-

746 3970 875 4025 ceps
927 3971 1067 4025 opus
1118 3958 1189 4012 sit
1234 3958 1488 4027 quopiam
1539 3966 1730 4012 nostro
1778 3974 1962 4028 opere,
2018 3958 2211 4012 addit:
2256 3958 2314 4012 Si

748 4057 928 4102 tamen
987 4050 1319 4117 permanetis
1391 4049 1446 4103 in
1503 4050 1606 4104 ﬁde
1675 4051 1787 4119 spei
1856 4050 2157 4121 Evangelii.
2203 4048 2314 4105 Nec

749 4150 1027 4210 utcunque
1054 4145 1388 4211 permanetis
1421 4163 1435 4200 :
1470 4145 1736 4215 contingit
1771 4147 1915 4202 enim
1959 4156 2012 4201 et
2046 4146 2316 4200 ﬂuctuan-

749 4244 852 4286 tem
888 4248 1250 4303 permanere:
1292 4236 1384 4290 scd
1430 4237 1665 4301 fundati,
1708 4239 1905 4308 inquit,
1950 4252 2013 4292 ac
2067 4237 2314 4303 stabiles,

749 4340 850 4379 nec
883 4324 1231 4381 dimovemini
1259 4343 1288 4382 a
1313 4343 1407 4398 spe
1432 4327 1873 4400 Evangelii.Qnae
1888 4337 1969 4385 est
1986 4339 2166 4384 autem
2190 4343 2317 4400 Spes

748 4416 1063 4489 Evangelii?
1087 4418 1336 4476 Christus
1374 4440 1392 4472 ι
1414 4421 1567 4487 Quod
1599 4421 1851 4487 audistis,
1869 4422 2014 4490 quod
2046 4421 2311 4491 praedica-

749 4516 860 4558 tum
878 4514 983 4560 est.
1006 4525 1025 4557 ι
1045 4506 1176 4576 ipsis
1201 4509 1434 4578 primum
1459 4510 1511 4564 in
1533 4518 1701 4564 testes
1741 4510 2143 4579 citatis,p05tea
2177 4509 2318 4563 dixit

749 4601 938 4651 orhcm
963 4600 1055 4668 qui
1089 4588 1448 4657 ihhabita’tur.
1477 4600 1593 4657 Non
1630 4602 1705 4656 ait
1738 4611 1916 4655 autem
1951 4618 1965 4656 :
1997 4602 2150 4668 Quod
2188 4616 2320 4670 prae-

748 4690 987 4749 dicatur.
1016 4694 1108 4747 sed
1138 4691 1492 4750 Praedicatum
1526 4703 1630 4759 est,
1661 4696 1762 4749 hoc
1785 4702 1888 4759 est,
1914 4693 2024 4764 jam
2052 4693 2315 4748 creditum

2422 3414 2557 3485 μηδὲ
2590 3412 2761 3483 λαϐὴν
2793 3411 3075 3481 ἁμαρτίας
3112 3410 3438 3472 δεδωκότας.
3475 3426 3492 3460 ι
3516 3405 3875 3461 Κατενώπιον
3906 3402 4010 3455 αὖ-

2419 3507 2536 3561 τοῦ.
2559 3524 2577 3557 ι
2611 3505 2723 3575 Τὴν
2763 3501 3102 3557 κατενώπιον
3139 3499 3304 3554 αὑτοῦ
3352 3496 3662 3566 ἁγιωσύνην
3693 3493 4010 3564 χαρισάμε-

2421 3614 2531 3661 νος.
2584 3597 2747 3650 ιΕίτε
2804 3594 3120 3662 ἐπιμένετε.
3154 3611 3172 3643 ι
3231 3591 3348 3645 Ἵνα
3397 3590 3471 3660 μὴ
3528 3586 3764 3659 χαύνους
3802 3583 4012 3646 αὐτοὺς

2421 3692 2646 3760 ποιήσῃ,
2685 3687 2780 3740 καὶ
2802 3685 3100 3755 νομίσωσιν
3122 3684 3203 3736 ὅτι
3234 3684 3262 3736 δ
3295 3681 3525 3743 Θάνατος
3550 3677 3646 3731 τοῦ
3678 3671 3922 3748 Χριστοῦ
3947 3672 4013 3726 τὸ

2423 3785 2532 3834 πᾶν
2567 3782 2865 3850 εἰργάσατο
2910 3777 3005 3831 καὶ
3040 3775 3225 3829 λοιπὸν
3263 3774 3322 3827 οὔ
3352 3772 3508 3842 χρεία
3534 3770 3679 3831 τινὸς
3706 3766 4009 3838 ἡμετέρου,

2423 3871 2801 3942 προστίθησιν·
2841 3869 2905 3921 Εἰ
2930 3884 3014 3935 γε,
3043 3866 3228 3936 φησιν,
3263 3863 3548 3933 ἐπιμένετε
3576 3863 3645 3930 τῇ
3687 3858 3872 3910 πίστει
3906 3856 4013 3924 τῆς

2422 3965 2637 4026 ἐλπίδος
2664 3962 2756 4016 τοῦ
2784 3960 3137 4028 Εὑαγγελίου,
3187 3959 3277 4011 καὶ
3311 3957 3415 4026 οὐχ
3460 3952 3644 4014 ἁπλῶς
3690 3948 4009 4018 ἐπιμένετε,

2426 4059 2539 4131 (ενι
2568 4057 2675 4127 γὰρ
2705 4060 2799 4110 καὶ
2836 4054 3201 4121 σαλευόμενον
3227 4046 3552 4117 ἐπιμένει-1,)
3596 4043 3733 4097 ἀλλὰ
3775 4041 3982 4109 τεθεμε

2422 4149 2699 4220 λιωμένοι,
2732 4147 2886 4217 φησὶ,
2912 4144 3005 4199 καὶ
3031 4144 3256 4214 ἑδραῖοι,
3287 4141 3382 4194 καὶ
3420 4138 3493 4209 μὴ
3527 4133 4007 4206 μετακινούμενοι,

2422 4242 2529 4296 ἀπο
2570 4241 2668 4310 τῆς
2716 4238 2929 4300 ἐλπίδος
2969 4235 3063 4289 τοῦ
3122 4230 3477 4301 [εὐαγγελίου.
3521 4228 3617 4287 Τίς
3650 4226 3706 4278 δὲ
3757 4226 3790 4294 ἡ
3846 4222 4011 4285 ἐλπὶς

2423 4333 2518 4386 τοῦ
2548 4330 2918 4399 Εὑαγγελίου·;
2953 4328 3011 4381 '0
3038 4325 3294 4395 Χριστός.
3336 4340 3354 4373 ι
3387 4316 3460 4374 Οἶι
3484 4316 3752 4388 ἠκούσατε
3780 4313 3877 4367 τοῦ
3907 4330 3983 4383 κη

2427 4423 2737 4497 ρυχθέντος.
2766 4441 2785 4473 ι
2838 4420 3048 4481 Αὐτοὺς
3106 4416 3358 4488 πρώτους
3407 4411 3646 4472 καλέσας
3691 4407 4008 4478 μάρτυρας,

2425 4517 2597 4579 οὓτως
2634 4508 2754 4567 εἷπε
2783 4512 2881 4581 τὴν
2917 4510 3263 4579 οἰκουμένην.
3308 4505 3425 4559 Οὐκ
3448 4499 3570 4555 εἷπε
3595 4500 3673 4562 δὲ,
3717 4500 4015 4567 K1193330-

2431 4610 2615 4680 μένου,
2663 4606 2801 4661 ἀλλὰ
2849 4602 3255 4672 Κηρυχθέντος,
3301 4597 3571 4657 τουτέστι,
3622 4590 4014 4651 πιστευθέντος

2421 4698 2627 4751 λοιπόν.
2663 4714 2681 4747 ι
2716 4687 2791 4747 Ob
2840 4692 3108 4761 ἐγενόμην
3150 4688 3262 4757 ἐγὼ
3309 4687 3519 4748 Παῦλος
3564 4685 3826 4743 διάκονος.
3862 4699 3879 4730 ι
3934 4680 4018 4745 Τὸ,

748 4789 853 4839 est.
921 4802 941 4836 ι
988 4782 1158 4855 Cujus
1202 4785 1377 4842 factus
1430 4803 1549 4843 sum
1597 4757 1698 4857 ego
1724 4786 1925 4843 Paulus
1973 4787 2245 4843 minister.
2294 4804 2312 4837 ι

2423 4788 2860 4858 ἀξιοθαύμαστον
2881 4757 2982 4837 τοῦ
3001 4757 3351 4850 Ἐύαγγελίου
3380 4779 3550 4849 δηλοῖ.
3581 4771 3676 4835 05,
3706 4774 3859 4844 φησὶ.
3893 4772 4013 4824 διᾶ-

749 4873 1125 4929 Admiratione
1154 4875 1375 4945 dignum
1409 4876 1681 4947 signiﬁcat
1712 4877 2082 4948 Evangelium.
2124 4875 2315 4945 Cujus,

752 4967 952 5037 inquit,
984 4969 1233 5024 minister
1263 4985 1363 5041 ego
1412 4970 1611 5025 Paulus
1642 4971 1815 5026 factus
1847 4984 1991 5025 sum.
2020 4967 2139 5022 .lam
2168 4969 2315 5021 enim

753 5074 1007 5128 magnum
1045 5070 1163 5117 erat
1200 5058 1352 5116 Pauli
1378 5078 1595 5118 nomen.
1627 5061 1693 5118 Et
1720 5064 1879 5123 bene,
1914 5060 2008 5124 ait,
2043 5060 2312 5114 minister.

754 5148 921 5216 Nihil,
956 5150 1149 5222 inquit,
1182 5153 1463 5224 proprium
1508 5153 1653 5219 dico,
1686 5152 1783 5209 sed
1831 5149 2155 5208 administro
2186 5148 2314 5205 Deo.

1362 5307 1591 5365 CAPUT
1635 5308 1696 5364 ν.

757 5420 836 5474 De
864 5421 1107 5474 doctrina
1152 5422 1319 5488 ipsius
1353 5424 1553 5476 tradita
1594 5438 1685 5490 per
1718 5422 1947 5482 labores.
1997 5423 2314 5477 reconcilia-

1040 5492 1166 5556 tiva,
1200 5494 1265 5545 ad
1291 5493 1661 5546 exhibitionem
1694 5510 1871 5546 coram
1907 5492 2033 5545 Deo.

808 5594 849 5639 ’τ
899 5604 1091 5660 24-23.
1131 5605 1284 5681 Nunc
1319 5608 1521 5678 gaudeo
1554 5624 1707 5676 super
1752 5607 2140 5679 afﬂictionibus
2188 5606 2315 5657 ruris

951 5696 1042 5761 “is,
1082 5708 1127 5751 et
1161 5699 1387 5753 vicissim
1433 5702 1663 5767 compleo
1689 5716 1803 5769 qua:
1834 5700 2021 5752 desunt
2058 5698 2316 5767 afﬂictio-

972 5789 1128 5843 Itristi
1151 5791 1202 5844 in
1228 5807 1386 5845 carne
1423 5810 1561 5857 mea,
1585 5810 1677 5862 pro
1707 5807 1920 5859 corpore
1956 5792 2144 5859 ipsius,
2174 5790 2316 5860 quod

954 5880 1150 5937 cicsia:
1196 5882 1344 5948 cuius
1384 5883 1633 5939 Ecclesia:
1675 5886 1846 5952 factus
1886 5902 1995 5938 sum
2024 5901 2115 5953 ego
2173 5883 2318 5934 mini-

2424 4900 2578 4946 κονος
2600 4882 2867 4951 ἐγενόμην
2901 4877 3010 4946 ἐγὼ
3034 4876 3268 4937 Παῦλος.
3304 4873 3506 4928 Λοιπὸν
3530 4872 3642 4938 γὰρ
3682 4872 3823 4934 μέγα
3850 4861 3917 4933 ἦν
3947 4864 4014 4916 τὸ

2422 4975 2637 5029 Παύλου
2669 4973 2861 5042 ὄνομα.
2898 4968 3094 5032 Καλῶς
3122 4968 3178 5020 δὲ
3205 4968 3265 5019 τὸ
3293 4966 3560 5027 διάκονος.
3599 4959 3787 5021 Οὐδὲν,
3814 4958 4009 5028 φησιν,

2421 5069 2550 5122 ίδιον
2570 5066 2735 5134 λέγω,
2760 5063 2896 5118 ἀλλά
2932 5062 3051 5115 Θεῶ
3076 5058 3334 5114 διακονῶ.

3030 5309 3283 5365 ΚΕΦΑᾹ.
3312 5306 3389 5361 Ε¹.

2423 5434 2561 5499 Περὶ
2583 5429 2691 5498 τῆς
2722 5428 2818 5481 δια
2847 5425 2965 5499 τῶν
2986 5424 3185 5499 πόνων
3209 5421 3392 5499 αὑτοῦ
3428 5415 3701 5499 διςαχίῖς,
3732 5415 4006 5481 ἀνακτη-

2744 5496 2911 5564 τικῆς
2947 5498 3032 5558 εἰς
3065 5492 3446 5558 παράστασιν
3479 5491 3651 5542 Θεοῦ.

2499 5607 2627 5660 Νῦν
2659 5605 2840 5672 χαίρω
2875 5603 2943 5655 ἐν
2969 5602 3092 5666 τοῖς
3124 5597 3436 5665 παθήμασί
3464 5614 3579 5665 μοι*
3631 5594 3781 5661 ὑπὲρ
3812 5592 4005 5658 ὑμῶν,

2428 5698 2523 5753 καί
2566 5692 3007 5761 ἀνταναπληρῶ
3034 5693 3104 5745 τὰ
3157 5689 3539 5758 ὑστερήματα
3590 5685 3707 5740 τῶν
3738 5687 4011 5753 θλίψεων

2426 5790 2532 5844 τοῦ
2557 5787 2817 5856 Χριστοῦ
2844 5787 2911 5839 ἐν
2932 5785 3003 5853 τῇ
3036 5784 3215 5851 σαριιί
3240 5801 3380 5852 μου,
3427 5780 3575 5847 ὑπὲρ
3601 5778 3703 5833 τοῦ
3730 5778 4010 5846 σώματος

2428 5880 2633 5945 αὑτοῦ,
2670 5880 2699 5933 ξ’
2727 5880 2896 5933 ἐστιν
2934 5878 2963 5945 ἡ
3013 5875 3365 5941 Ἐκκλησία.
3398 5868 3512 5940 ἾΙς
3565 5871 3857 5940 ἐγενβμην
3884 5868 4003 5937 ἐγὼ
