4158 6432
160 394 218 456 25
1156 397 1548 461 COMMENT.
1584 399 1668 460 IN
1710 398 1953 464 EPIST.
1986 405 2086 465 AD
2123 407 2418 471 COLOSS.
3317 418 3389 480 ‘26

160 511 413 575 διάκονος
465 509 617 563 κατὰ
672 509 787 578 τὴν
838 509 1189 581 οικονομίαν
1233 513 1341 567 τοῦ
1390 512 1539 567 Θεοῦ
1591 511 1708 580 τὴν

1815 522 1917 570 ster
1938 518 2103 587 juxta
2130 521 2571 588 dispensationem
2605 524 2721 591 Dei,
2747 541 2865 597 quae
2895 526 3026 581 data
3051 535 3128 584 est
3160 529 3307 598 mihi,
3339 542 3396 586 ut

160 600 419 655 δοθεῖσάν
438 618 541 671 μοι
570 602 660 668 είς
696 600 854 671 ὑμᾶς
884 603 1204 673 πληρῶσαι
1251 604 1360 658 τὸν
1388 606 1577 675 λόγον
1604 604 1713 659 τοῦ

161 694 310 749 Θεοῦ.

217 784 317 836 Καὶ
366 783 642 851 τοσοῦτον,
671 786 858 855 φησὶν,
922 786 1073 841 ἔστιν
1106 788 1315 861 ἀληθὴς
1354 790 1386 861 ἡ
1418 788 1574 854 ἐλπὶς
1616 790 1712 845 τοῦ

158 876 489 944 Εὖαγγελίου,
536 878 620 930 ὃτι
664 880 759 931 καὶ
804 879 1038 948 πάσχειν
1074 880 1337 951 αἱροῦμαι
1389 882 1458 935 δι’
1516 883 1710 953 αὐτὴν,

157 969 237 1021 καὶ
295 968 467 1038 χαίρω
522 969 775 1039 πάσχων.
811 971 1014 1042 Πάσχω
1041 973 1118 1036 δὲ,
1148 974 1247 1044 οὐχ
1279 975 1420 1045 ὑπὲρ
1443 975 1708 1043 ἐμαυτοῦ,

157 1060 274 1112 ἀλλά
308 1059 374 1112 δι’
416 1060 586 1129 ὑμᾶς,
622 1062 711 1115 ἵνα
757 1065 904 1133 ὑμᾶς
930 1064 1211 1135 ὠφελῆσαι
1243 1067 1476 1135 δυνηθῶ.
1522 1086 1543 1118 ‹
1600 1068 1712 1120 Καὶ

154 1149 528 1219 ἀνταναπληρῶ
558 1150 628 1203 τὰ
662 1150 1039 1222 ὑστερήματα.
1072 1172 1090 1204 ι
1126 1154 1333 1209 Βαὸαίῐ
1369 1148 1479 1206 οἷον
1526 1154 1707 1222 λέγει;

156 1242 209 1293 Εἰ
230 1243 255 1293 ὁ
280 1243 510 1311 Χριστὸς
535 1243 990 1314 ἑνανθρωπήσας,
1029 1247 1383 1317 ὲμπαιχθεὶς.
1420 1248 1514 1300 καὶ
1546 1250 1711 1319 ῥαπι-

156 1333 301 1397 σθεὶς,
330 1334 422 1386 καὶ
462 1335 821 1406 σταυρωθεὶς,
855 1340 951 1392 καὶ
1012 1338 1323 1403 ἀποθανὼν,
1372 1340 1602 1407 ὀφείλων
1655 1358 1709 1395 τι

155 1426 233 1477 καὶ
278 1426 566 1497 χρεωστῶν
636 1428 765 1498 ὑμῖν
829 1428 1073 1499 ἀπῆλθεν
1128 1430 1205 1494 ὡς
1247 1431 1471 1501 μείζονα
1517 1434 1709 1487 παθεῖν

159 1517 384 1586 ὀφείλων,
417 1517 597 1573 ταῦτα
627 1519 740 1586 ἐγὼ
768 1520 1195 1593 ἀνταναπληρῶ.
1232 1523 1301 1576 Εἴ
1323 1542 1375 1578 τι
1405 1526 1514 1595 γὰρ
1545 1527 1709 1579 ὑστέ-

158 1627 273 1678 ρησε
322 1611 537 1675 παθεῖν,
604 1612 715 1680 ἐγὼ
774 1613 989 1683 πάσχω,
1048 1616 1235 1685 φησίν.
1302 1647 1373 1657 --
1405 1616 1603 1689 [ΦΩΤ.]
1647 1619 1708 1671 ’0

154 1702 361 1770 Χριστὸς
394 1702 506 1773 γὰρ
537 1702 848 1773 ῥαπισθεὶς,
886 1705 980 1757 καὶ
1001 1705 1349 1775 ἑμπαιχθεὶς,
1390 1708 1481 1759 καὶ
1515 1724 1708 1777 μαστι-

155 1792 302 1861 χθεὶς,
333 1794 423 1845 καὶ
458 1794 793 1865 σταυρωθεὶς
829 1797 970 1867 ὑπὲρ
995 1798 1173 1867 ἡμῶν,
1207 1799 1305 1867 οὐχ
1328 1799 1520 1863 ἁπλῶς
1542 1801 1709 1870 ἐπλή-

1817 623 1905 662 eos
1940 609 2249 678 computatis
2281 628 2572 667 sermonem
2609 613 2724 671 Dei.

1886 783 1953 838 Et
1998 784 2157 852 adeo,
2213 784 2415 854 inquit,
2446 802 2573 842 vera
2602 804 2728 858 spes
2777 800 2860 845 est
2913 790 3190 861 Evangelii
3245 791 3392 862 quod

1815 875 1980 929 etiam
2019 887 2245 947 propter
2278 879 2455 950 ipsam
2505 882 2613 952 pati
2647 884 2790 952 eligo
2827 893 2879 937 et
2915 885 3130 953 patiens
3163 884 3393 950 gaudeo.

1814 963 1999 1019 Patior
2033 976 2215 1022 autem
2250 985 2359 1023 non
2394 986 2490 1040 pro
2524 973 2755 1040 meipso,
2789 973 2881 1027 sed
2933 986 3154 1043 propter
3189 990 3307 1037 vos,
3339 981 3399 1028 ut

1817 1070 1912 1111 vos
1950 1057 2145 1126 juvare
2198 1061 2424 1129 possim.
2474 1080 2493 1113 ι
2553 1062 2620 1116 Ει
2684 1062 2928 1118 vicissim
2980 1066 3228 1133 compleo
3275 1078 3396 1133 qua:

1812 1148 2028 1201 desunt.
2063 1169 2081 1201 ι
2120 1148 2275 1219 Papa:
2311 1153 2323 1203 l
2361 1153 2617 1221 quidnam
2648 1162 2729 1207 est
2748 1154 2890 1223 quod
2909 1154 3024 1207 ait?
3058 1154 3111 1207 Si
3146 1154 3398 1208 Christus

1815 1238 1977 1294 homo
2008 1239 2204 1306 factus,
2232 1242 2451 1307 illusus,
2483 1252 2537 1297 et
2566 1243 2741 1312 alapis
2776 1260 2974 1307 cassus,
3007 1245 3299 1297 crucifixus
3333 1259 3395 1296 ac

1813 1340 2087 1397 mortuus,
2126 1332 2406 1403 quidpiam
2438 1334 2647 1389 debens
2684 1344 2737 1389 et
2782 1336 3061 1404 obligatus
3108 1335 3263 1389 vobis
3289 1338 3399 1388 dis-

1811 1424 1997 1485 cessit,
2025 1440 2149 1478 cum
2173 1425 2378 1494 majora
2416 1428 2523 1495 pati
2557 1427 2856 1488 debuisset,
2887 1428 2999 1481 huic
3023 1441 3125 1495 ego
3152 1425 3394 1480 vicissim

1810 1514 2079 1583 compleo.
2117 1515 2174 1568 Si
2205 1516 2335 1584 quid
2392 1515 2565 1571 defuit
2604 1516 2754 1586 quod
2811 1518 2899 1571 ille
2931 1524 3232 1583 pateretur,
3271 1532 3394 1584 ego,

1812 1605 2005 1674 inquit,
2026 1608 2297 1674 patior.—
2317 1606 2570 1662 Christus
2592 1610 2737 1662 enim
2765 1610 2939 1677 alapis
2968 1626 3146 1664 c:esus
3174 1624 3237 1663 ac
3272 1610 3400 1661 illu-

1811 1712 1928 1759 sus,
1960 1697 2260 1769 ﬂagellatus
2284 1711 2336 1754 et
2355 1700 2649 1755 crucilivus
2681 1716 2777 1770 pro
2802 1703 2979 1765 nobis,
3024 1716 3130 1754 non
3157 1701 3394 1768 simplici

1814 1790 1974 1844 modo
1999 1790 2185 1845 omnia
2212 1793 2523 1861 complevit,
2553 1791 2649 1845 sed
2682 1809 2850 1861 supra
2882 1801 3117 1846 mentem
3149 1804 3392 1860 quoque,

158 1858 275 1953 ρωσε
326 1886 526 1948 πάντα,
583 1858 720 1939 άλλά
782 1889 877 1940 καὶ
1131 1858 1410 1955 νοῦν,“κα“ι
1447 1858 1709 1963 dapis-rip

1815 1890 1865 1935 et
1896 1896 2149 1936 sermone
2181 1899 2289 1937 non
2326 1858 2697 1953 i-nvestigabili
2748 1885 3008 1953 explevit.
3048 1882 3255 1937 Omnes
3288 1884 3396 1933 ita-

153 1973 275 2041 λόγῳ
301 1974 674 2045 ἐξεπλήρωσε.
711 1979 1002 2046 Χρεῶσται.
1035 1974 1129 2033 οὖν
1176 1981 1377 2045 πάντες
1435 1981 1707 2055 καθεστή-

155 2082 327 2133 καμεν,
360 2069 484 2121 ἀντὶ
518 2068 631 2121 τῶν
691 2069 904 2141 μυρίων
931 2072 1159 2125 ἐκείνων
1196 2074 1288 2127 καὶ
1349 2076 1709 2145 σωσικόσμων

156 2156 337 2222 παθῶν,
380 2160 474 2211 καί
516 2161 671 2213 αὐτοὶ
733 2162 1030 2231 ὑπομένειν
1087 2165 1181 2217 καὶ
1229 2167 1571 2235 ἀντεισάγειν
1607 2185 1711 2220 πα-

156 2244 344 2313 θήματα
371 2249 467 2300 καὶ
501 2249 712 2319 θλίψεις
739 2251 880 2322 ὑπὲρ
909 2254 1146 2324 Χριστοῦ
1184 2254 1280 2309 καὶ
1328 2255 1423 2308 τοῦ
1460 2255 1715 2327 σώματος

155 2336 318 2401 αὐτοῦ,
346 2338 431 2390 ἵνα
466 2340 1058 2413 άνταναπληρὼσωμεν
1091 2343 1127 2397 ἃ.
1159 2343 1361 2398 ἔπαθεν
1389 2346 1419 2398 ὁ
1476 2347 1713 2416 Χριστὸς

154 2428 471 2498 ὖπὲρήμῶν.
517 2432 678 2486 Ἀλλὰ
709 2434 812 2504 μὴν
847 2434 1279 2505 ἁνταπληρῶσαι
1347 2436 1509 2500 αὐτὰ,
1559 2455 1714 2491 τουτο

158 2517 306 2581 ἐστιν,
342 2522 474 2584 ἴσως
506 2523 602 2574 καὶ
641 2523 841 2593 ὁμοίως
865 2524 1081 2589 παθεῖν,
1120 2527 1213 2579 καὶ
1263 2527 1452 2595 μηδενὶ
1476 2528 1715 2581 ἐλλιπεῖν

157 2610 408 2666 ἀδύνατον.
453 2612 598 2666 Ἀλλ’
646 2614 748 2668 ὃσα
801 2615 867 2668 ἂν
904 2615 1193 2684 πάθωμεν,
1255 2619 1547 2688 ὑστέρημά
1598 2620 1715 2671 ἐστι

157 2698 268 2767 πρὸς
314 2701 411 2763 τὰς
477 2700 685 2769 θλίψις
745 2701 840 2754 τοῦ
893 2702 1154 2771 Χριστοῦ.
1198 2703 1323 2767 Πῶς
1356 2703 1465 2774 γὰρ
1495 2703 1561 2756 ἂν
1622 2704 1716 2756 καὶ

156 2791 653 2863 ἁνταναπληρωθείη
675 2793 755 2857 τὺ,
787 2796 1065 2865 Δεσπότην
1095 2796 1238 2864 ὑπὲρ
1274 2796 1464 2851 δούλου
1494 2795 1708 2859 παθεῖν,

157 2883 227 2936 διὰ
275 2883 362 2937 τοῦ
410 2885 601 2937 δοῦλον
632 2886 771 2955 ὑπὲρ
800 2887 1109 2952 Δεσπότου;
1168 2890 1243 2941 Οὐ
1266 2888 1375 2959 γὰρ
1404 2890 1515 2942 ἴσον
1559 2888 1717 2942 τοῦτο

157 2975 256 3029 οἱδὶ
286 2976 490 3046 ὅμοιον,
531 2976 730 3029 πολλοῦ
758 2994 821 3045 γε
857 2978 952 3030 καὶ
980 2978 1081 3031 δεῖ.
1124 2979 1196 3031 Ἦ
1236 2979 1297 3031 τὸ
1328 2978 1715 3049 ἀναμάρτητον

155 3065 271 3136 ὑπὲρ
316 3067 662 3137 ἁμαρτωλῶν
718 3068 812 3121 καὶ
861 3070 1429 3139 προσκεκρουκότων,
1478 3070 1566 3124 διὰ
1620 3070 1714 3123 τοῦ

155 3159 259 3221 τοὺς
291 3160 344 3211 ὲν
370 3159 678 3230 ἁμαρτίαις
704 3159 842 3230 ὑπὲρ
871 3161 1161 3231 εὐεργέτου
1198 3164 1294 3216 καὶ
1323 3163 1713 3235 ἀναμαρτήτου

158 3250 234 3301 καὶ
262 3252 444 3320 μυρία.
468 3252 566 3304 Διὸ
591 3252 693 3304 ὅσα
731 3252 797 3305 ἄν
824 3269 908 3316 τις
955 3253 1157 3323 πάσχοι
1212 3254 1711 3324 άνταναπληρῶσαι

160 3339 321 3405 θέλων,
345 3343 554 3413 ὑστέρη
567 3360 641 3412 μα
668 3343 777 3396 τῶν
808 3342 1044 3412 θλίψεων
1076 3343 1169 3396 τοῦ
1209 3344 1448 3416 Χριστοῦ
1477 3349 1716 3401 ἀντανα-

160 3430 348 3498 πληροῖ.
416 3432 510 3485 Διὸ
578 3434 673 3485 καὶ
704 3434 731 3487 ὁ
791 3434 1061 3504 μακάριος
1120 3434 1333 3499 Παῦλος
1360 3476 1375 3499 ,
1414 3437 1443 3489 ὁ
1493 3437 1715 3492 πάντων

162 3521 294 3573 πλέον
325 3522 464 3594 ὑπὲρ
502 3522 743 3592 Χριστοῦ
767 3523 1015 3594 δραμὼν,
1062 3525 1090 3578 ὁ
1124 3526 1247 3580 καθ’
1300 3526 1540 3598 ἑκάστην
1574 3529 1715 3600 ἡμέ-

161 3627 240 3679 ραν
270 3615 427 3684 μυρία
459 3615 689 3684 πάσχων
728 3614 897 3681 δεινὰ,
932 3614 1093 3669 τοῦτο
1124 3616 1280 3681 εἰδὼς
1309 3619 1427 3673 καῖ’
1447 3620 1714 3674 διδάσκων

159 3700 314 3769 ἱλεγεν
338 3719 349 3731 ·
385 3722 403 3753 ι
454 3703 635 3774 ’Υπὲρ
666 3704 757 3757 τοῦ
793 3704 1041 3776 σώματος
1065 3707 1253 3761 αὑτοῦ.
1291 3728 1309 3760 ι
1344 3710 1488 3762 ’Δνω
1520 3712 1710 3777 εἰπὼν,

160 3792 259 3845 Ὀτι
286 3795 425 3861 ὑπὲρ
455 3796 616 3865 ὑμῶν
645 3797 858 3866 πάσχω,
884 3796 979 3850 νῦν
1015 3798 1358 3869 βεϐαιότερον
1390 3802 1482 3855 καὶ
1506 3801 1718 3866 ἀξιοπι-

162 3887 382 3955 στότερον
423 3888 563 3939 αὐτὸ
596 3887 765 3955 λέγει.
797 3889 888 3959 Μὴ
913 3889 1042 3960 γάρ,
1100 3892 1287 3961 φησὶν,
1342 3894 1713 3965 ἀπιστήσητε,

159 3978 312 4045 εἰᾶρα
333 3980 472 4049 ὑπὲρ
517 3978 673 4047 ὑμῶν
706 3980 975 4049 ἀνέχομαι
1032 3981 1249 4035 παθεῖν.
1329 3979 1502 4053 ’Υπὲρ
1561 3985 1715 4054 ὑμῶν

162 4070 250 4136 γὰρ
284 4071 526 4139 πάσχων,
564 4070 708 4140 ὑπὲρ
737 4071 830 4123 τοῦ
859 4070 1112 4139 σώματος
1145 4071 1238 4125 τοῦ
1278 4073 1414 4127 Θεοῦ
1450 4093 1551 4144 μου
1605 4076 1716 4131 πά-

160 4175 267 4227 σχω.
287 4162 446 4233 Σῶμα
464 4162 579 4232 γάρ
601 4161 765 4215 αὐτοῦ
801 4164 832 4232 ὴ
875 4162 1205 4232 Ἐκκλησία,
1230 4158 1296 4235 ἧς
1327 4164 1558 4234 ἠξίωσεν
1576 4162 1716 4220 εἶναι

161 4252 362 4322 κεφαλή.
428 4256 618 4324 Μέρος
684 4252 739 4305 δὲ
800 4253 901 4322 τῆς
943 4254 1172 4307 καθόλου
1234 4256 1561 4325 Ἐκκλησὶας
1622 4256 1718 4310 καὶ

158 4339 351 4409 ὑμεῖςΛ
394 4338 502 4406 Ἤς
556 4343 824 4413 ἐγενόμην
875 4343 985 4411 ἐγὼ
1032 4344 1299 4409 διάκονος.
1340 4365 1359 4397 ι
1426 4347 1717 4401 Πείθεσθαι

158 4438 419 4506 τοιγαροῦν
449 4436 702 4505 ὀφείλετε
742 4435 818 4506 τῷ
847 4434 951 4487 ὑπὸ
980 4434 1112 4488 Θεοῦ
1146 4437 1426 4507 γενομένῳ
1455 4438 1714 4509 διακόνῳ.

1811 1988 1918 2042 que
1947 1972 2227 2028 debitores
2248 1975 2534 2028 constituti
2572 1990 2768 2029 sumus
2814 1976 2883 2027 ob
2915 1976 3232 2027 innumeras
3269 1972 3391 2025 illus

1812 2075 1866 2119 et
1890 2064 2151 2120 mundum
2189 2067 2463 2122 salvantes
2499 2066 2847 2132 alﬂictiones,
2885 2076 2943 2119 ιιι
2973 2068 3074 2136 ipsi
3109 2068 3273 2119 etiam
3319 2076 3401 2118 to-

1814 2156 2073 2222 leremus,
2118 2157 2479 2228 vicissimque
2523 2158 2900 2213 sustineantus
2955 2156 3283 2211 afﬂictiones
3331 2170 3397 2208 ac

1813 2251 2153 2307 calamitates
2181 2266 2282 2319 pro
2314 2252 2539 2306 Christo
2562 2260 2615 2304 ct
2647 2266 2880 2322 corpore
2906 2251 3098 2319 ipsius,
3135 2258 3195 2302 ut
3230 2248 3398 2302 vicis-

1814 2344 1916 2399 sim
1950 2344 2327 2412 compleamus
2378 2359 2501 2411 alue
2544 2359 2743 2413 passus
2773 2354 2856 2397 est
2882 2344 3137 2396 Christus
3170 2358 3267 2411 pro
3299 2358 3400 2394 no-

1815 2437 1924 2493 bis.
1959 2437 2126 2507 Atqui
2158 2436 2397 2490 vicissim
2440 2438 2556 2506 ipsa
2589 2436 2886 2504 complere,
2922 2434 2971 2488 id
3014 2444 3121 2497 est,
3156 2450 3309 2502 atque
3336 2451 3399 2488 ac

1816 2527 1987 2581 simili
2016 2526 2179 2581 modo
2218 2526 2327 2593 pati
2362 2527 2458 2589 ita,
2491 2533 2547 2578 ιιι
2600 2526 2733 2578 nihil
2767 2526 3242 2593 prmtermiltatur,
3283 2538 3402 2577 om-

1814 2620 1948 2673 nino
1990 2617 2331 2686 impossibile
2377 2625 2502 2669 est:
2540 2631 2666 2668 nam
2700 2630 3044 2684 quaecunque
3095 2614 3241 2682 passi
3282 2612 3400 2666 fue-

1815 2707 2014 2770 rimus,
2047 2707 2223 2761 deerit
2254 2706 2435 2759 adhuc
2470 2706 2675 2774 aliquid
2711 2706 2777 2759 ad
2802 2705 3003 2760 Christi
3039 2703 3394 2757 alllietioues.

1816 2797 1937 2861 Quo
1994 2797 2157 2867 igitur
2190 2796 2355 2851 modo
2412 2797 2653 2851 vicissim
2709 2795 2970 2864 compleri
3009 2796 3208 2863 poterit
3242 2793 3386 2862 quod

1819 2887 2082 2942 Dominus
2136 2904 2236 2958 pro
2268 2903 2427 2943 servo
2462 2904 2656 2957 passus
2688 2895 2795 2952 est,
2829 2903 2922 2955 per
2954 2885 3059 2939 hoc
3087 2887 3230 2953 quod
3277 2898 3397 2939 ser-

1817 2996 1916 3035 vus
1951 2981 2193 3049 patiatur
2224 2995 2323 3050 pro
2367 2979 2636 3032 Domino?
2666 2993 2843 3046 neque
2874 2979 3019 3031 enim
3058 2977 3161 3030 hoc
3191 2976 3402 3045 aequale

1819 3068 1925 3122 erit
1957 3076 2053 3122 aut
2080 3069 2280 3133 simile,
2314 3070 2447 3137 quin
2485 3068 2668 3139 potius
2709 3068 2873 3137 longo
2901 3067 3080 3119 adhuc
3108 3066 3286 3121 aberit
3318 3066 3403 3118 in-

1739 3186 1783 3249 Ο
1822 3160 2073 3215 tervallo.
2141 3162 2303 3231 126
2351 3159 2544 3214 Utrum
2575 3161 2722 3214 enim
2775 3174 2870 3228 per
2896 3160 2997 3213 hoc
3025 3158 3168 3228 quod
3219 3158 3252 3211 ii
3303 3159 3400 3227 qui

1816 3253 2057 3323 peccatis
2081 3262 2208 3307 sunt
2232 3251 2453 3306 obnoxii
2479 3251 2687 3321 aliquid
2715 3252 2956 3305 tolerant
2996 3266 3094 3320 pro
3116 3266 3180 3304 eo
3213 3251 3305 3320 qui
3333 3250 3402 3304 de

1816 3343 1950 3413 ipsis
1977 3343 2115 3397 bene
2150 3343 2379 3398 meritus
2410 3351 2496 3397 est
2532 3357 2630 3396 nec
2679 3357 2907 3413 peccare
2953 3350 3153 3411 potest,
3194 3343 3403 3411 aequale

1815 3437 1868 3492 ei
1934 3435 2206 3497 redditur,
2258 3433 2405 3504 quod
2450 3444 2537 3489 est
2579 3434 2991 3504 impeccabilem
3040 3442 3191 3487 tanta
3235 3436 3405 3489 susti-

1824 3529 2019 3582 nuisse
2057 3543 2157 3597 pro
2189 3526 2574 3597 peccatoribus
2606 3534 2659 3581 et
2683 3526 2751 3581 iis
2808 3527 2901 3597 qui
2936 3526 3113 3597 ipsum
3165 3526 3404 3581 often-le-

1816 3622 1972 3675 rant?
2004 3621 2220 3690 aliaque
2248 3629 2377 3676 sunt
2424 3621 2710 3673 innumera
2744 3635 2866 3689 qua:
2915 3620 3280 3675 diderentiam
3311 3634 3405 3673 os-

1817 3713 2063 3768 tendant.
2100 3713 2310 3767 Idcirco
2342 3728 2683 3782 quazcunqne
2711 3727 2906 3780 passus
2944 3712 3112 3765 fuerit
3135 3711 3404 3779 quispiam

1819 3802 2062 3856 vicissim
2092 3803 2361 3872 complere
2384 3804 2594 3867 voletis,
2625 3802 2896 3856 defectum
2930 3801 2997 3855 ab
3020 3800 3404 3854 alllictiouibus

1817 3892 2017 3947 Christi
2044 3894 2557 3963 vicissimeomplet.
2581 3894 2929 3962 Quapropter
2958 3894 3148 3946 beatus
3185 3908 3405 3961 quoque

1818 3983 2044 4048 Paulus,
2080 3985 2171 4054 qui
2203 4000 2301 4055 pro
2322 3986 2542 4040 Christo
2576 3988 2864 4056 plusquam
2888 3985 3069 4039 cmteri
3091 4000 3279 4039 omnes
3311 4000 3409 4038 cu-

1818 4084 2090 4139 currerat,
2117 4077 2209 4143 qui
2246 4078 2297 4129 in
2328 4077 2449 4131 dies
2474 4079 2716 4146 pericula
2741 4078 3047 4133 sustinebat
3073 4076 3360 4131 innumera
3391 4096 3404 4131 :

1819 4168 1920 4220 hoc
1952 4167 2137 4221 sciens
2179 4182 2242 4221 ac
2278 4166 2504 4233 docens,
2537 4168 2790 4223 «licebat:
2847 4187 2865 4219 ι
2901 4166 3004 4221 Pro
3051 4182 3282 4235 corpore
3326 4168 3406 4235 ip-

1820 4258 1957 4313 sius.
1990 4275 2008 4309 ι
2048 4258 2184 4311 Cum
2246 4258 2505 4327 superius
2554 4259 2787 4313 dixerit:
2823 4260 2930 4312 Pro
2985 4258 3140 4313 vobis
3188 4260 3406 4326 patior:

1821 4362 1967 4403 nunc
2021 4348 2164 4402 idem
2200 4347 2413 4405 llrmius
2466 4364 2530 4404 ac
2560 4350 2878 4405 credibilius
2924 4348 3078 4404 dicit.
3126 4348 3408 4418 Siquidem

1821 4453 1939 4503 vos,
1988 4438 2189 4507 inquit,
2226 4440 2490 4493 increduli
2544 4440 2836 4502 maneatis,
2879 4440 2925 4493 si
2962 4454 3062 4510 ego
3110 4454 3209 4507 pro
3249 4441 3409 4493 Vobis

165 4542 178 4571 ι
208 4526 346 4579 Κατὰ
365 4528 464 4597 τὴν
491 4526 807 4595 οἰκονομίαν
838 4526 931 4579 τοῦ
969 4526 1124 4579 Θεοῦ.
1162 4546 1179 4578 ›
1220 4528 1291 4579 Ἦ
1328 4527 1485 4579 τοῦτὸ
1523 4546 1711 4597 φησιν,

1822 4526 1931 4595 pati
1961 4527 2209 4581 sustineo
2238 4545 2250 4581 :
2281 4542 2406 4579 nam
2443 4542 2540 4592 pro
2569 4526 2725 4581 vobis
2766 4526 3009 4597 patiens,
3046 4544 3147 4597 pro
3179 4543 3411 4596 corpore

158 4611 223 4665 ὅτι
254 4616 411 4679 Αὐτὸς
456 4615 813 4684 ἀναληφθεὶς,
841 4616 989 4685 ἡμᾶς
1017 4614 1165 4667 εἴασε
1189 4613 1506 4684 κηρύσσειν,
1540 4615 1718 4686 ἵναμὴ

160 4704 620 4777 ἐγκαταλελεῖφθαι
656 4708 938 4778 νομίσητε,
970 4706 1002 4777 ἢ
1034 4707 1113 4759 ὅτι
1147 4706 1307 4758 πλέον
1357 4707 1571 4759 πάντων
1617 4707 1718 4777 ἐμὲ

160 4796 319 4861 διῶξαι
361 4801 765 4869 συνεχώρησεν,
808 4799 899 4850 ἵνα
950 4797 1388 4867 ἀξιοπιστότερος
1422 4794 1466 4850 ὦ
1518 4799 1715 4869 κῆρυξ,

160 4884 185 4953 ἦ
211 4887 280 4939 ὅτι
307 4889 400 4942 οὐκ
445 4892 511 4944 ἂν
536 4891 605 4943 τὰ
636 4890 763 4958 ἔθνη
799 4890 1045 4954 ἐδέξαντο
1072 4889 1159 4942 τὸν
1187 4888 1363 4957 λόγον,
1396 4890 1520 4958 δίχα
1576 4889 1716 4941 Θεοῦ

160 4975 457 5046 οἱκονομέας.
502 4998 521 5030 ‹
570 4979 667 5041 Εἰς
694 4980 858 5048 ὑμᾶς.
899 4998 916 5029 ι
975 4978 1267 5030 Τουτέστιν
1298 4979 1378 5039 είς
1432 4977 1501 5030 τὰ
1559 4978 1708 5047 ἔθνη.

167 5065 473 5137 «Πληρὼσαι
500 5071 592 5121 τὶν
614 5069 771 5136 λόγον
806 5067 897 5121 τοῦ
935 5067 1093 5120 Θεοῦ.
1129 5086 1147 5117 ι
1178 5066 1463 5119 Δείκνυσιν
1494 5066 1572 5118 ὅτι
1625 5065 1706 5118 ἔτι

164 5157 473 5230 ἀπληρώτως
502 5158 670 5232 εἶχον.

1828 4616 1924 4670 Dei
1958 4619 2060 4671 mei
2098 4620 2304 4686 patior.
2357 4616 2569 4687 Corpus
2603 4617 2747 4672 enim
2793 4618 2967 4687 ipsius
3003 4617 3249 4673 Ecclesia
3299 4626 3406 4681 est,

1827 4723 1984 4777 cupis
2008 4706 2263 4777 dignatus
2296 4716 2379 4761 est
2404 4722 2526 4762 esse
2558 4717 2740 4777 caput,
2766 4723 2864 4762 vos
2894 4720 3077 4763 autem
3113 4724 3239 4778 pars
3272 4710 3408 4764 estis

1825 4797 2160 4852 universalis
2195 4798 2475 4851 Ecclesiae.
2510 4816 2528 4848 ‹
2566 4797 2737 4866 Cujus
2774 4800 3031 4854 Ecclesiae
3059 4798 3240 4855 factus
3278 4816 3401 4854 smn

1824 4904 1925 4958 ego
1958 4889 2230 4941 minister.
2272 4906 2290 4937 ι
2342 4887 2559 4943 Debetis
2604 4889 2789 4958 itaque
2810 4891 2858 4943 ei
2892 4906 3083 4960 parere
3112 4892 3203 4960 qui
3235 4906 3262 4944 a
3300 4891 3409 4946 Deo

1826 4979 2075 5033 minister
2100 4978 2328 5032 elTectus
2361 4989 2462 5033 est.
2504 4996 2521 5030 ι
2554 4978 2715 5033 Juxta
2739 4979 3206 5050 dispensationem
3235 4980 3349 5035 Dei.
3382 5001 3401 5033 ο

1821 5074 1929 5124 Aut
1966 5070 2069 5123 hoc
2105 5069 2214 5123 ait:
2252 5072 2373 5138 Ipse
2405 5080 2725 5139 assumptus
2760 5073 3009 5139 permisit
3052 5085 3105 5125 ut
3141 5074 3409 5142 przediea-

1822 5176 2031 5224 remus,
2092 5175 2160 5215 ne
2207 5175 2306 5215 vos
2348 5160 2645 5216 derelictos
2694 5162 3112 5216 existimaretis.
3172 5164 3278 5215 Aut
3325 5173 3409 5215 me

168 5251 268 5317 plus
310 5256 519 5310 ezeteris
577 5255 833 5308 omnibus
890 5253 1053 5324 afﬂigi
1088 5252 1359 5323 permisit,
1398 5261 1456 5306 ut
1492 5252 1665 5321 magis
1721 5252 1949 5307 idoneus
2006 5267 2185 5308 essem
2221 5252 2572 5321 przedicator.
2614 5252 2743 5318 Aut,
2772 5252 2915 5320 quod
2949 5264 3139 5323 gentes
3195 5266 3406 5323 nequa-

165 5358 301 5409 quam
348 5362 658 5402 sermonem
739 5347 1114 5413 suscepissent
1184 5345 1391 5413 absque
1482 5344 1573 5398 Dei
1653 5344 2082 5414 dispensatione.
2142 5363 2159 5396 ‹
2211 5342 2268 5398 ln
2319 5360 2440 5399 vos.
2480 5362 2497 5395 ι
2541 5345 2656 5399 Hoc
2690 5353 2808 5411 est,
2854 5345 2907 5397 iit
2938 5354 3144 5415 gentes.
3185 5364 3202 5396 ι
3247 5346 3408 5400 Com-

166 5436 319 5500 plendi
352 5458 659 5494 sermonem
695 5438 807 5492 Dei.
836 5456 858 5493 ι
895 5439 1147 5494 Ostendit
1171 5436 1314 5506 quod
1380 5437 1455 5491 illi
1520 5439 1787 5505 complete
1830 5438 2007 5491 adhuc
2032 5453 2140 5490 nou
2176 5437 2470 5491 habebant.
3073 5422 3076 5425 ’

227 5528 284 5580 Τὸ
336 5532 674 5600 μυστήριον
728 5532 790 5585 τὸ
842 5529 1379 5598 ἀποκεκρυμμένον
1433 5529 1552 5583 ἀπὸ
1598 5529 1715 5583 τῶν

167 5617 360 5672 αἰέν-ων
387 5623 481 5674 καὶ
507 5624 624 5676 ἀ.τό
654 5621 768 5675 τῶν
800 5622 1037 5691 γενεῶν,
1076 5622 1209 5675 ruri
1254 5621 1321 5674 δὲ
1359 5622 1700 5690 ἐμω-ερὼοη

170 5708 269 5774 τοῖς
298 5714 476 5781 ἁγίοις
494 5715 701 5778 αὐτοῦ,
746 5710 832 5779 οἷς
855 5716 1161 5781 ἠθέλησεν
1188 5717 1219 5768 ὀ
1249 5715 1393 5780 Θεές
1428 5715 1711 5783 γνωρίσαι

171 5801 214 5850 τέ’
235 5803 285 5855 τὸ
314 5807 567 5875 πλοῦτος
599 5807 706 5875 τῆς
741 5807 922 5873 ιθίξιρς
953 5806 1056 5861 τοῦ
1095 5807 1436 5877 μυστηρίου
1492 5808 1705 5861 τούτου

1894 5528 1937 5593 l,
1966 5529 2155 5585 26—29.
2204 5528 2519 5599 Mysterium
2555 5529 2694 5597 quod
2726 5531 3055 5583 reconditum
3098 5530 3197 5597 fuit
3231 5548 3261 5582 a
3304 5546 3404 5583 sw-

1822 5622 1953 5675 culis
1978 5633 2023 5674 et
2048 5639 2078 5673 a
2111 5621 2559 5691 generationibus,
2595 5638 2733 5673 nunc
2770 5632 2947 5674 autem
2973 5623 3299 5690 patefactum
3330 5632 3407 5674 est

1830 5712 2029 5767 sanctis
2069 5711 2211 5763 illius
2240 5724 2257 5762 :
2294 5711 2483 5780 quibus
2523 5710 2685 5762 voluit
2715 5709 2851 5763 Dens
2878 5722 3055 5763 notum
3084 5710 3254 5779 faccre
3294 5726 3408 5777 qua?

1822 5807 1887 5858 sit
1917 5803 2182 5872 opulentia
2220 5803 2403 5862 qloria‘
2435 5803 2669 5871 mystcrii
2721 5802 2874 5872 lmij
2929 5803 3062 5856 imer
3094 5813 3263 5871 oculos
3290 5817 3407 5869 quit
