4158 6432
116 5713 553 6209 ρ

733 424 797 488 31
1830 410 2229 478 (ECUMENII
2267 407 2559 471 TRICC/E
2593 411 2934 475 EPISCOPI
3931 409 3997 473 32

729 546 836 602 est,
888 534 1121 590 crest-ite
1187 547 1354 602 super
1407 531 1824 586 fundamentum
1891 526 2116 581 Christi.
2153 542 2171 576 ι
2233 521 2308 575 Ac

2421 525 2712 590 τουτέστιν,
2748 525 3014 590 αὔξοντες
3071 525 3128 579 ἐν
3167 525 3248 597 τῷ
3303 524 3543 597 θεμελέῳ
3597 523 3690 577 τοῦ
3737 526 3995 594 Χριστοῦ.

728 625 1158 682 conlirtnemin't.
1211 647 1230 678 ι
1264 625 1409 678 Nihil
1453 621 1771 691 ambiguum
1803 620 1876 672 sit
1915 633 2095 684 neque
2131 615 2306 668 vacil-

726 718 871 774 lans.
909 738 926 766 σ
974 718 1129 772 Sicut
1167 717 1346 772 edocti
1391 715 1548 769 estis.
1592 733 1609 764 ι
1651 711 1705 765 In
1749 713 1852 766 lide
1879 711 2097 779 quidem
2127 705 2306 762 edocti

727 812 861 866 estis
895 814 915 864 ι’
951 819 1192 864 attamen
1231 814 1450 877 oportet
1486 807 1541 859 in
1574 806 1690 859 dies
1725 805 1776 857 in
1817 804 1935 872 ipsa
1968 799 2299 864 exuberare,

719 903 960 971 jgiiitam
1016 898 1339 968 accipiendo
1389 897 1571 952 ﬁdem.
1629 914 1648 947 ι
1681 894 1818 949 Cum
1861 892 2162 963 gratiarum
2214 905 2308 944 ac-

732 996 903 1046 tione.
957 1011 974 1044 »
1025 992 1179 1056 Quod
1233 991 1367 1045 adeo
1408 990 1570 1057 longe
1617 988 1882 1041 distantes
1913 998 2084 1054 prope
2119 981 2311 1036 fecerit

729 1088 895 1142 Deus.
941 1105 959 1138 ι
1004 1085 1195 1140 Videte
1219 1102 1285 1141 ne
1315 1085 1438 1154 quis
1473 1099 1566 1136 vos
1590 1081 1950 1148 depraadetur.
1989 1097 2007 1130 ι
2050 1078 2309 1133 Doctrina

729 1181 1085 1236 interdictum
1123 1179 1283 1232 habet
1326 1175 1606 1229 auditores
1654 1183 1960 1227 exterrens.
2018 1169 2310 1239 Depraede-

729 1283 817 1327 tur
871 1281 1053 1326 autem
1107 1285 1137 1322 a
1183 1269 1285 1322 (ide
1334 1266 1567 1320 occultis
1614 1281 1678 1319 ac
1725 1264 2022 1318 latentibus
2071 1261 2307 1315 insidiis.

735 1383 752 1415 ι
789 1363 888 1416 Per
913 1361 1313 1433 philosophiam
1342 1368 1398 1412 et
1433 1359 1650 1412 inanem
1675 1357 2071 1425 deceptionem.
2111 1373 2128 1404 ι
2163 1352 2312 1417 Quo-

729 1454 876 1508 niam
916 1452 1274 1520 philosophia
1299 1464 1492 1504 nomen
1525 1463 1686 1517 grave
1704 1462 1767 1500 ac
1788 1446 2157 1500 venerandum
2189 1458 2311 1498 esse

733 1547 966 1606 videtur,
1005 1544 1387 1612 deceptionem
1440 1539 1726 1608 adiunxit:
1774 1539 1991 1592 inanem
2022 1552 2174 1602 vero,
2211 1536 2307 1600 ait,

727 1653 923 1691 vanam
953 1643 1047 1689 aut
1083 1649 1204 1704 quae
1235 1633 1549 1688 recentiora
1577 1634 1824 1701 quaedam
1855 1645 1918 1684 ac
1947 1630 2175 1684 dissona
2209 1629 2308 1682 do-

729 1737 871 1783 ceat.
925 1747 942 1780 ι
981 1727 1142 1781 Juxta
1205 1727 1474 1780 elementa
1527 1724 1733 1777 mundi.
1767 1741 1785 1774 ›
1828 1721 1884 1774 Si
1929 1721 2153 1790 ﬁgurant
2187 1719 2311 1773 uni-

725 1819 871 1874 versi
908 1818 1093 1871 mundi
1129 1817 1180 1870 in
1217 1815 1450 1869 medium
1487 1813 1730 1875 adducit,
1774 1811 1946 1865 multo
1987 1811 2160 1881 magis
2201 1809 2310 1863 ele-

729 1924 1042 1964 mentorum
1075 1923 1195 1978 qute
1221 1908 1271 1959 in
1304 1908 1420 1975 ipso
1445 1912 1596 1960 sunt.
1635 1924 1652 1954 ι
1690 1903 1752 1956 Et
1786 1918 1894 1957 non
1931 1901 2085 1970 juxta
2149 1900 2311 1954 Chri-

728 2014 896 2058 s:um.
946 2020 964 2054 ι
995 2000 1113 2054 Jam
1144 1999 1400 2067 deinceps
1441 1995 1875 2064 increpationem
1917 1993 2204 2048 exorditur
2243 1993 2310 2048 de

729 2096 944 2148 dierum
975 2092 1382 2146 observatione.
1423 2088 1583 2158 130
1608 2087 1886 2141 Elementa
1912 2093 2092 2139 autem
2120 2084 2310 2138 mundi

727 2189 861 2242 dicit
915 2188 1086 2242 solem
1127 2192 1182 2238 et
1211 2185 1419 2246 lunam,
1473 2197 1570 2250 per
1609 2196 1729 2250 qua:
1783 2178 1928 2248 apud
1981 2177 2310 2246 insipientes

729 2286 860 2334 sunt
886 2279 1096 2330 dierum
1123 2273 1559 2334 observationes,
1593 2271 1646 2323 in
1699 2269 2021 2339 aspectibus
2063 2268 2185 2320 luce
2215 2281 2308 2321 ea-

729 2371 980 2424 rentibns
1011 2377 1065 2421 et
1093 2367 1145 2420 in
1178 2365 1497 2433 eclipsibns.
1530 2361 1701 2416 Etiam
1729 2363 1772 2415 si
1812 2377 1876 2415 ex
1916 2360 2139 2414 dimidia
2183 2369 2303 2413 tan.

730 2472 845 2517 tmn
881 2472 1052 2530 parte,
1094 2459 1291 2527 inquit,
1338 2458 1681 2522 contingeret
1713 2469 1811 2508 vos
1842 2454 2066 2530 Christo
2103 2470 2165 2508 ac
2200 2455 2310 2510 ele-

731 2529 935 2606 mentis
988 2549 1286 2612 adhaerere,
1342 2564 1410 2600 ne
1440 2546 1511 2598 ita
1545 2545 1774 2614 quidem
1807 2529 2091 2599 ferendum
2124 2554 2309 2613 esset;

731 2659 882 2698 nunc
919 2656 1050 2696 vero
1080 2641 1308 2694 omnino
1338 2654 1436 2693 vos
1463 2653 1490 2691 a
1519 2637 1740 2693 Christo
1769 2637 2071 2692 adducunt.
2105 2655 2124 2688 ι
2161 2637 2311 2703 Quo-

730 2737 879 2788 niam
919 2733 975 2786 in
1014 2732 1106 2786 illo
1141 2731 1430 2784 inhabitat.
1469 2748 1486 2780 ι
1519 2727 1806 2794 Quomodo
1830 2736 2012 2782 autem
2042 2729 2312 2796 contingit

729 2835 786 2883 et
822 2828 875 2880 in
930 2841 1097 2880 carne
1130 2823 1565 2879 substantialiter
1604 2821 1912 2876 inhabitare
1971 2821 2140 2876 Deum
2175 2820 2312 2876 Ver-

731 2921 885 2984 bum,
922 2927 976 2974 el
1005 2917 1316 2973 secundum
1359 2931 1652 2987 personam
1687 2915 1790 2986 ipsi
1834 2916 1996 2982 uniti,
2021 2933 2086 2973 ac
2107 2918 2312 2986 ubique

733 3027 857 3066 esse
883 3026 990 3064 non
1014 3010 1067 3064 in
1099 3010 1215 3079 ipsa
1249 3008 1613 3063 conclusum?
1637 3006 1769 3063 Tale
1799 3009 1928 3078 quid
1955 3007 2163 3063 factum
2191 3024 2312 3064 esse

733 3102 1128 3170 intelligamus,
1176 3099 1322 3169 quod
1369 3100 1532 3153 etiam
1581 3098 1633 3152 in
1669 3099 1790 3153 luce
1821 3099 2067 3154 accedit:
2130 3099 2311 3154 onmis

2421 636 2439 668 ι
2477 617 2587 670 Καὶ
2635 617 3038 688 βεϐαιούμενοι.
3104 637 3122 668 ι
3189 617 3396 688 Μηδὲν,
3429 617 3617 686 φησὶν,
3672 616 3994 687 ἀμςςέσολον,

2415 708 2551 777 μηδὲ
2606 709 2664 762 ἐν
2706 707 3012 779 δισταγμῷ.
3047 727 3065 760 ι
3123 708 3324 771 Καθὼς
3358 707 3696 777 ἐδιδάχθητε.
3737 726 3754 757 ι
3789 706 3996 759 156165-

2411 798 2577 870 χθητε
2600 799 2698 870 μὲν
2727 800 2826 870 τὴν
2855 801 3058 862 πίστιν,
3090 799 3172 851 δεῖ
3217 799 3402 868 μέντοι
3428 799 3523 851 καὶ
3556 797 3906 868 περισσεύειν
3942 799 3998 850 ὲν

2411 891 2549 961 αὐτῇ
2579 892 2879 963 ὁσημέραι,
2932 892 3198 961 διάπυρον
3261 890 3358 962 τὴν
3415 891 3602 943 πίστιν
3661 892 3994 962 κτωμένους.

2420 1003 2439 1035 ι
2475 985 2581 1037 Σὺν
2611 984 2960 1055 εὐχαριστίᾳ.
3004 1004 3022 1036 ι
3061 985 3184 1036 Ὀτι
3210 985 3336 1046 τοὺς
3357 981 3500 1036 οὕτω
3541 983 3781 1054 μακρὰν,
3831 985 4000 1052 ἐγγὺς

2415 1075 2716 1144 πεποίηκεν
2747 1077 2775 1128 ὁ
2804 1076 2958 1138 Θεός.
2994 1094 3011 1127 ι
3052 1076 3289 1129 Βλέπετε
3335 1077 3408 1148 μή
3445 1093 3530 1140 τις
3571 1076 3716 1146 ὑμᾶς
3769 1074 3927 1129 ἔσται
3974 1077 4000 1129 ὁ

2415 1171 2772 1238 συλαγωγῶν.
2817 1189 2834 1221 ι
2879 1169 3217 1225 Διδασκαλία
3255 1171 3395 1240 μετὰ
3449 1168 3856 1239 παραγγελίας,
3911 1168 4000 1221 ὲκ-

2415 1263 2654 1332 φοσοῢσα
2694 1263 2820 1327 τοὺς
2875 1263 3171 1332 ἀκροατάς.
3231 1261 3579 1331 Συλαγωγῶν
3625 1261 3706 1325 δὲ,
3757 1261 3866 1316 ἀπὸ
3898 1261 4001 1328 τῆς

2413 1356 2671 1418 πίστεως,
2710 1355 2895 1425 φησιν,
2930 1354 3163 1423 ἀιρανέσι
3217 1357 3307 1407 καὶ
3341 1353 3634 1425 λαθραέαις
3659 1353 4000 1415 ἐπιϐουλαῖς.

2419 1465 2439 1499 ι
2478 1447 2575 1500 Διὰ
2600 1449 2699 1517 τῆς
2731 1448 3050 1516 φιλοσοιρῖας
3083 1447 3176 1500 καὶ
3218 1449 3379 1516 κενῆς
3431 1447 3670 1517 ἀπάτης.
3719 1465 3738 1498 ι
3779 1445 4002 1515 Ἐπειδὴ

2414 1539 2475 1592 τδ
2514 1539 2610 1609 τῆς
2647 1539 2968 1607 φιλοσοφίας
3002 1540 3174 1609 ὖνομα
3242 1539 3438 1609 σεμνὸν
3472 1535 3613 1592 εἶναι
3680 1539 3850 1604 δοκεῖ,
3903 1540 4005 1608 τὴν

2416 1631 2630 1700 ἀπάτην
2658 1629 3012 1702 προσέζευξε.
3046 1630 3228 1702 Κενὴν
3260 1632 3318 1685 δέ
3350 1648 3507 1701 φησι,
3539 1631 3637 1700 τὴν
3682 1631 3942 1701 ματαίαν,
3969 1629 4002 1699 ἢ

2416 1719 2514 1792 τὴν
2536 1721 2777 1791 νεώτερα
2799 1739 2922 1778 τινα
2950 1723 3044 1776 καὶ
3080 1723 3361 1794 ἀπᾴδοντα
3389 1723 3767 1777 διδάσκουσαν.
3796 1742 3814 1775 ι
3843 1724 4002 1776 Κατὰ

2417 1810 2484 1863 τὰ
2517 1815 2754 1882 στοιχεῖα
2780 1812 2873 1866 τοῦ
2897 1812 3125 1882 κόσμου.
3165 1833 3183 1866 ι
3212 1815 3274 1866 ΕΞ
3304 1813 3363 1867 τὸ
3391 1815 3576 1884 σχῆμα
3640 1814 3842 1876 παντὸς
3904 1813 4000 1866 τοῦ

2415 1905 2621 1975 κόσμου
2652 1907 2918 1976 παράγει,
2949 1906 3130 1978 πολλῷ
3173 1906 3376 1977 μᾶλλον
3401 1907 3516 1960 τῶν
3545 1909 3604 1960 ὲν
3651 1905 3802 1976 αὖτῷ
3860 1922 4003 1958 στοι-

2412 1995 2594 2066 χείων.
2635 2014 2654 2048 ι
2692 1996 2804 2050 Καὶ
2834 1998 2895 2049 οὐ
2928 1997 3070 2051 κατά
3097 1999 3354 2068 Χριστόν.
3420 2017 3438 2050 ι
3481 1997 3624 2067 Ἤδη
3683 1996 3872 2049 λοιπον
3904 1995 4000 2048 τοῦ

2414 2087 2638 2156 ἐλέγχου
2688 2087 2941 2158 ἄρχεται,
2975 2089 3075 2158 τῆς
3100 2089 3212 2142 τῶν
3253 2088 3480 2161 ἡμερῶν
3533 2089 4000 2159 παρατηρήσεως.

2413 2179 2662 2248 Στοιχεῖα
2691 2179 2746 2232 δέ
2779 2196 2914 2249 φησι
2949 2179 3178 2251 κόσμου,
3212 2180 3366 2250 ἥλιον
3408 2181 3502 2232 καὶ
3536 2179 3788 2250 σελήνην,
3833 2181 3900 2233 δι’
3927 2175 4002 2234 ὧν

2412 2273 2523 2333 τοῖς
2546 2270 2799 2340 ἄφροσιν,
2837 2272 2895 2335 αἱ
2933 2271 3042 2326 τῶν
3090 2272 3316 2343 ἡμερῶν
3354 2273 3767 2343 παρατηρήσεις
3796 2274 3854 2325 ιν
3880 2274 4002 2336 ταῖς

2412 2364 2738 2432 ἀφωτίστοις
2772 2364 3004 2432 φαύσεσι
3037 2365 3132 2418 καὶ
3189 2365 3523 2434 ἐκλείψεσιν.
3557 2365 3618 2417 Εἰ
3652 2366 3746 2419 καὶ
3774 2365 3831 2432 ἐξ
3866 2367 4000 2436 ἡμι-

2414 2457 2584 2520 σείας,
2637 2456 2823 2526 φησὶν,
2860 2457 2987 2526 ἐνῆν
3023 2457 3118 2510 καὶ
3179 2457 3258 2527 τῷ
3298 2455 3523 2528 Χριστῷ
3567 2457 3661 2510 καὶ
3705 2460 3817 2520 τοῖς
3853 2475 4002 2510 στοιο

2413 2548 2580 2616 χείοις
2631 2548 2943 2618 προσέχειν,
3002 2549 3096 2601 καὶ
3141 2549 3317 2612 οὕτως
3376 2549 3651 2619 ἀφόρητον
3689 2565 3703 2578 ·
3758 2549 3855 2604 νῦν
3922 2551 4001 2611 δὲ,

2415 2637 2568 2708 φησὶ,
2604 2637 2882 2699 παντελῶς
2915 2637 3058 2707 ὑμᾶς
3079 2638 3354 2704 ἀπάγουσι
3394 2636 3486 2690 τοῦ
3529 2635 3789 2706 Χριστοῦ.
3821 2655 3840 2688 ι
3874 2628 4003 2690 ’Ότι

2414 2734 2470 2784 ὲν
2500 2733 2649 2802 αὐτῷ
2681 2734 2953 2787 κατοικεῖ.
2983 2751 3001 2784 ι
3038 2732 3149 2786 Καὶ
3173 2732 3290 2794 πῶς
3320 2733 3496 2785 ἔνεστι
3534 2734 3632 2786 καὶ
3654 2735 3711 2786 ὲν
3744 2735 3808 2803 τῇ
3834 2734 4002 2802 σαρκὶ

2414 2824 2690 2886 οὺσιωδῶς
2751 2827 3028 2877 κατοικεῖν
3056 2823 3147 2876 τὸν
3195 2823 3327 2876 Θεὸν
3363 2824 3536 2891 Λόγον
3579 2823 3677 2878 καὶ
3719 2825 3842 2878 καθ’
3868 2825 4003 2878 ὑπό-

2417 2934 2604 2972 στασιν
2630 2919 2766 2988 αὐτῇ
2801 2916 3069 2988 ἡνῶσθαι.
3101 2917 3193 2970 καὶ
3229 2916 3508 2986 πανταχοῦ
3533 2914 3674 2969 εἶναι
3722 2917 3797 2988 μὴ
3846 2935 4004 2989 περι-

2416 3009 2731 3080 κλειόμενον
2763 3012 2821 3063 ἐν
2850 3011 3022 3080 αὐτῇς
3057 3009 3311 3064 Τοιοῦτόν
3358 3027 3410 3063 τι
3441 3011 3769 3078 γεγενῆσθαι
3802 3012 4004 3080 νοήσω-

2419 3117 2540 3171 μεν,
2576 3101 2714 3170 ὅπερ
2747 3100 2841 3153 καὶ
2874 3101 2968 3154 ἐπὶ
2996 3099 3089 3153 τοῦ
3129 3102 3327 3168 φωτός.
3365 3100 3719 3155 Ἐλαττοῧτσι
3752 3101 3808 3155 δὲ
3847 3102 4006 3155 πᾶσα

733 3207 914 3252 tamen
963 3196 1140 3265 imago
1167 3210 1440 3265 omneque
1503 3195 1810 3264 exemplum
1847 3195 2006 3266 longe
2048 3197 2204 3251 abest
2238 3198 2306 3252 ab

2421 3193 2578 3246 εἰκὼν
2614 3194 2707 3247 καὶ
2742 3195 2887 3248 ἅπαν
2950 3193 3304 3264 παράδειγμα
3375 3195 3474 3263 τῆς
3533 3193 3816 3265 ἀληθείας.
3875 3195 4007 3259 Πῶς

735 3290 852 3358 ipsa
877 3289 1126 3344 veritate.
1159 3287 1448 3354 Quomodo
1472 3287 1616 3342 enim
1648 3287 1764 3341 ﬁeri
1797 3297 1998 3356 potest,
2051 3298 2110 3343 ut
2137 3290 2314 3345 sensi-

737 3381 869 3434 bilia
919 3389 1321 3450 reprtesentent
1355 3379 1579 3433 divina?
1627 3379 1927 3434 Dicendum
1983 3391 2162 3436 tamen
2206 3389 2312 3437 est.

738 3469 1211 3534 Quemadmodum
1249 3472 1337 3524 lux
1373 3470 1427 3524 in
1454 3470 1615 3523 initio
1643 3478 1766 3524 ante
1800 3479 1993 3524 cmtera
2021 3472 2312 3538 producta,

740 3576 864 3612 eum
908 3575 1171 3629 corporea
1224 3569 1278 3616 et
1326 3560 1706 3615 immaterialis
1761 3571 1928 3627 esset,
1985 3564 2036 3616 in
2085 3577 2316 3632 corpore

740 3660 922 3705 tamen
951 3652 1116 3706 solari
1149 3653 1573 3706 continebatur:
1629 3661 1867 3706 attamen
1900 3653 2065 3707 etiam
2100 3669 2226 3708 cum
2261 3657 2316 3709 in

741 3744 862 3812 ipso
890 3752 971 3798 est
1007 3759 1114 3797 non
1151 3744 1474 3813 prohibetur
1495 3760 1672 3812 neque
1708 3745 2004 3814 impeditur
2034 3746 2166 3815 quin
2198 3761 2316 3800 om-

741 3835 831 3887 nia
858 3834 1148 3888 illuminet.
1181 3834 1256 3887 Ita
1281 3846 1334 3889 et
1368 3835 1511 3889 Deus
1549 3833 1811 3901 Verbum,
1848 3837 1938 3905 qui
1966 3837 2020 3890 in
2053 3838 2320 3908 principio

742 3941 962 3979 carnem
1010 3941 1116 3980 non
1171 3926 1429 3989 habebat,
1474 3927 1799 3982 incarnatus
1849 3943 1957 3982 non
1991 3929 2319 3998 prohibetur

743 4019 909 4070 etiam
960 4017 1114 4071 carni
1169 4018 1315 4071 uniri
1353 4017 1654 4072 secundmn
1709 4035 2024 4088 personam,
2075 4020 2220 4075 sicut
2263 4021 2317 4075 in

744 4110 859 4177 ipsa
897 4125 1004 4164 non
1039 4111 1419 4170 concludatur.
1443 4109 1536 4165 sed
1562 4111 1746 4164 omnia
1784 4109 2024 4179 impleat.
2049 4109 2117 4164 Et
2145 4112 2213 4166 ob
2241 4111 2316 4177 i_l,

745 4210 801 4254 ut
824 4203 1044 4271 opinor,
1082 4201 1195 4270 ipse
1228 4201 1490 4255 Dominus
1529 4205 1770 4270 seipsum
1800 4203 1974 4257 lucem
2006 4204 2317 4273 appellat':

745 4303 798 4345 et
848 4291 1142 4356 Malacbias
1202 4290 1384 4346 Solem
1443 4291 1676 4360 justitia:
1727 4294 1906 4361 ipsum
1957 4294 2250 4362 appellavit
2277 4293 2319 4348 ⁸.

746 4380 1015 4436 Praeterea
1047 4391 1099 4435 et
1123 4381 1612 4450 Psalmographus,
1653 4382 1748 4450 qui
1790 4384 1866 4435 ait
1893 4401 1907 4436 :
1934 4383 2144 4437 Cecidit
2181 4384 2322 4454 ignis

746 4485 913 4536 Super
956 4485 1052 4524 eos
1103 4479 1155 4523 et
1208 4485 1318 4523 non
1367 4470 1622 4524 viderunt
1671 4470 1842 4524 solem
1873 4470 1912 4524 ‘.
1957 4500 2028 4511 —
2073 4491 2090 4523 ι
2128 4471 2321 4527 Omnis

2417 3285 2526 3356 γὰρ
2578 3284 2643 3339 ἂν
2703 3287 2771 3339 τὰ
2823 3286 3086 3356 αἰσθητὰ,
3145 3286 3477 3356 διασημανεῖ
3526 3285 3596 3339 τὰ
3648 3285 3798 3351 θεῖα,
3853 3288 4007 3356 Πλὴν

2417 3377 2658 3430 λεκτέον.
2691 3377 2905 3448 ’Ὠσπερ
2929 3378 2990 3429 τὸ
3025 3379 3370 3447 πρωτόγονον
3406 3377 3519 3445 φῶς
3545 3379 3602 3431 ὲν
3627 3379 3800 3450 ἀρχῇ,
3860 3380 4010 3433 ἀσώ-

2423 3485 2589 3540 ματον
2620 3469 2715 3522 καὶ
2741 3469 2904 3524 ἆῦλον
2937 3470 3207 3539 ὑπάρχον,
3243 3469 3514 3539 ἐνεκράθη
3554 3469 3631 3538 τῷ
3658 3470 3867 3540 ἡλιακῷ
3896 3471 4008 3523 σώ-

2423 3575 2574 3628 ματι,
2614 3557 2709 3611 καὶ
2769 3558 2964 3626 γέγονε
3031 3559 3233 3628 τρόπον
3303 3559 3426 3611 τινὰ
3463 3560 3801 3630 ἐνσώματον,
3865 3561 4011 3631 πλὴν

2420 3649 2514 3702 καὶ
2544 3651 2602 3702 ὲν
2625 3647 2774 3718 αὖτῷ
2799 3649 3069 3720 ὑπάρχον,
3103 3651 3162 3702 οὐ
3189 3651 3566 3720 περιείργεται
3613 3652 3736 3705 οὔτε
3798 3653 4013 3707 κωλύε·

2421 3756 2510 3792 ται
2576 3740 2977 3807 καταφιιιτίζειν
3024 3741 3092 3792 τὰ
3138 3741 3318 3794 πάντα
3350 3754 3364 3769 ⁸
3428 3742 3603 3805 οὕτως
3665 3744 3694 3795 ὁ
3750 3744 3808 3795 ὲν
3860 3745 4011 3814 ἀρχῇ

2423 3831 2663 3901 ἄσαρκος
2693 3832 2824 3894 Θεὸς
2867 3833 3061 3898 Λόγος,
3107 3834 3432 3902 σαρκωθεὶς,
3471 3835 3531 3886 οὐ
3587 3834 3857 3887 κωλύεται
3911 3841 4012 3888 καὶ

2425 3922 2585 3992 σαρκὶ
2627 3923 2865 3991 ἡνῶσθαι
2895 3923 3017 3975 καθ’
3055 3925 3374 3985 ὑπόστασιν,
3431 3925 3523 3977 καὶ
3560 3924 3636 3994 μὴ
3686 3927 4016 3992 συγκεκλεῖ-

2425 4015 2548 4067 σθαι
2579 4017 2636 4067 ὲν
2661 4015 2818 4084 αὐτῇ,
2847 4015 2982 4068 ἀλλα
3019 4017 3085 4068 τα
3114 4017 3293 4069 πάντα
3329 4019 3542 4087 πληροῖ.
3578 4021 3688 4072 Καὶ
3711 4020 3798 4072 διὰ
3821 4022 4012 4084 τοῦτο,

2423 4105 2596 4177 οἶμαι,
2632 4108 2793 4170 αὑτός
2819 4124 2878 4160 τε
2905 4108 3098 4160 ἑαυτὸν
3127 4111 3154 4160 ὁ
3186 4108 3392 4178 Κύριος
3448 4110 3562 4178 φῶς
3607 4112 3882 4180 ὀνομάζει,
3913 4118 4016 4166 καὶ

2423 4199 2451 4250 ό
2483 4197 2769 4267 Μαλαχίας
2799 4198 2960 4250 αὑτὸν
2993 4199 3186 4251 ’Ἥλιον
3209 4200 3453 4266 κέκληκε
3484 4201 4014 4278 δικαιοσύνηςεἝτι

2423 4290 2480 4344 δὲ
2519 4291 2613 4343 καὶ
2642 4292 2669 4342 ὁ
2702 4290 3028 4360 Ψαλμῳδδς,
3051 4291 3225 4358 λέγων
3254 4309 3268 4322 ·
3305 4311 3323 4344 ι
3359 4295 3563 4347 Ἐπεσε
3613 4295 3722 4365 πῦρ
3764 4297 3850 4349 ἐπ’
3907 4300 4015 4351 αὑ-

2424 4382 2576 4444 τοὺς,
2602 4381 2698 4434 καὶ
2721 4382 2822 4434 οὐκ
2860 4378 3000 4434 εἶδον
3027 4383 3117 4435 τὸν
3151 4383 3326 4452 ἥλιον.
3367 4403 3384 4435 ι
3421 4413 3488 4425 -
3524 4404 3541 4437 ι
3582 4387 3698 4439 Πᾶν
3753 4388 3814 4440 τὸ
3869 4390 4015 4460 πλή-

2432 4494 2588 4547 ρωμα
2643 4477 2742 4546 τῆς
2801 4476 3074 4546 θεότητος.
3113 4497 3130 4528 ι
3166 4478 3232 4530 Εἴ
3269 4496 3321 4529 τι
3370 4479 3511 4543 ἐστὶ,
3564 4481 3752 4549 φησιν,
3807 4482 3835 4532 ὁ
3877 4482 4018 4545 Θεὸς

746 4559 1031 4627 plenitudo
1099 4559 1493 4613 divinitatis.»
1551 4558 1829 4629 Quidquid
1904 4571 2026 4625 est,
2106 4563 2313 4633 inquit,

2430 4569 2623 4636 Λόγος,
2667 4569 2724 4619 ὲν
2754 4567 2904 4637 αὐτῷ
2943 4571 3216 4621 κατοικεῖ.
3248 4568 3412 4621 Ἀλλὰ
3459 4570 3532 4640 μὴ
3570 4572 3796 4644 νομίσῃς
3848 4574 4018 4626 αὐτὸν

749 4649 790 4699 1)
830 4666 893 4704 us
918 4649 1183 4712 Verbum,
1216 4651 1269 4703 in
1302 4653 1422 4719 ipso
1472 4651 1767 4703 inhabitat.
1810 4650 1886 4705 Ne
1923 4660 2102 4706 tamen
2140 4654 2317 4722 ipsum

749 4756 811 4792 ex
851 4741 951 4793 hoc
982 4755 1106 4794 esse
1135 4742 1457 4794 conclustnn
1491 4741 1763 4811 intelligas
1792 4760 1804 4795 :
1862 4743 2133 4812 siquidem
2170 4754 2317 4800 totus

753 4833 1070 4886 incarnatus
1109 4843 1212 4895 est,
1262 4843 1317 4886 et
1360 4842 1507 4887 totus
1542 4843 1625 4888 est
1671 4849 1792 4888 cum
1846 4833 2043 4890 Patre:
2085 4852 2322 4906 cumque

754 4938 980 4990 corpore
1011 4925 1467 4994 circumscriptus
1486 4928 1579 4992 sit,
1616 4936 1796 4981 tamen
1816 4928 2106 4984 divinitate
2136 4941 2318 4985 manet

758 5017 1288 5085 incircumscriptus.
1341 5035 1359 5068 t
1420 5017 1816 5088 Corporaliter.
1861 5041 1877 5073 ι
1929 5021 2047 5077 lloc
2083 5035 2186 5089 est,
2235 5041 2320 5079 se-

755 5107 992 5160 cundum
1025 5109 1392 5163 substantiam
1419 5122 1468 5164 et
1502 5127 1608 5164 non
1637 5112 1754 5165 solo
1786 5113 1973 5166 habitu
2007 5125 2101 5168 aut
2125 5115 2318 5185 ﬁgura.

761 5200 821 5250 t‘t
855 5213 920 5251 eo
943 5201 1124 5262 modo,
1159 5200 1355 5266 inquit,
1389 5218 1496 5271 quo
1517 5203 1725 5276 habitat
1765 5203 1947 5258 anima
1987 5206 2038 5258 in
2071 5222 2322 5277 corpore,

756 5291 827 5343 ita
860 5289 972 5343 hac
1017 5291 1279 5343 habitavit
1323 5293 1374 5345 in
1417 5303 1700 5364 assumpto
1745 5297 1964 5351 homine
2039 5300 2324 5363 Quomodo

757 5392 941 5434 antem
974 5381 1183 5434 habitat
1232 5383 1410 5436 anima
1447 5386 1499 5439 in
1543 5387 1813 5454 corpore?
1843 5387 1985 5441 Sane
2014 5389 2323 5455 ineozdnse,

755 5473 809 5525 ἰν
986 5491 1010 5517 ·-
1071 5473 1340 5539 Qunniam
1393 5479 1537 5530 enim
1588 5478 1802 5532 dixerat
1853 5479 2221 5535 :lnhahilat:
2263 5502 2328 5537 ne

1098 5569 1216 5622 ‘uo.l
1252 5568 1304 5622 in
1358 5585 1423 5623 eo
1458 5575 1528 5624 sit
1574 5583 1820 5640 operata,
1854 5576 1995 5628 sicut
2019 5584 2069 5629 et
2104 5576 2170 5628 de
2205 5594 2327 5644 pro-

1114 5672 1159 5710 tr
1193 5657 1487 5721 (lnhabitat
1518 5663 1663 5715 enim
1712 5663 1764 5716 in
1806 5665 1941 5733 ipsis
1994 5665 2131 5719 Deus
2170 5668 2325 5736 juxta

1084 5865 1192 5916 rm,
1225 5851 1305 5904 l2.

1383 5853 1401 5878 ⁸
1444 5854 1670 5908 ΜΑΙΜἸΙ.
1718 5876 1786 5922 l\',
1832 5861 1880 5910 2.
1963 5862 1979 5886 ’⁸
2011 5860 2128 5915 ΡδξιΙ

2188 5879 2320 5928 L\l',
2367 5872 2418 5922 υ.

2431 4659 2494 4710 ἐκ
2517 4659 2707 4711 τούτου
2739 4658 3156 4725 συγκεκλεῖσθαι
3182 4675 3194 4687 ⁸
3233 4659 3330 4710 καὶ
3357 4658 3464 4729 γὰρ
3495 4661 3790 4730 ὲσαρκιῦθη
3841 4662 4016 4727 ἄπας,

2432 4753 2523 4805 καὶ
2551 4753 2689 4819 μετὰ
2719 4750 2812 4803 τιῦ
2849 4751 3062 4820 Πατρός
3095 4752 3242 4802 ἐστιν
3274 4751 3439 4813 ἄπας,
3469 4750 3682 4819 σώματι
3737 4755 4018 4821 περίγεια-

2432 4861 2564 4906 πτος
2596 4844 2690 4907 ὢν,
2725 4843 2941 4913 θεότητι
2965 4843 3021 4895 δὲ
3049 4843 3487 4912 ἀπερίγρχπτος.
3534 4863 3552 4895 ι
3591 4845 3948 4911 Scopa-4163;.
3993 4868 4010 4898 ι

2433 4932 2747 4994 Τουτέστιν,
2805 4929 3100 4992 οὖσιωεῶς,
3180 4930 3241 4981 ου
3309 4930 3596 4997 σχετικῶς.
3653 4933 3761 4983 Καὶ
3820 4933 3897 4996 ὡς
3951 4935 4018 4986 ἂν

2427 5026 2646 5096 οἰκήσῃ,
2681 5023 2868 5092 φησὶν,
2904 5024 2961 5074 ἐν
3004 5021 3219 5089 σώματι
3255 5022 3420 5090 ψυχὴ,
3455 5021 3630 5086 οὕτως
3659 5024 3906 5092 ὲνῲκησε
3935 5029 4020 5098 τῷ

2429 5116 2834 5187 προσληφθέντι
2867 5113 3163 5184 ἅιθρώπῳ.
3205 5115 3328 5176 Πῶς
3359 5115 3416 5167 δὲ
3449 5118 3648 5168 ἐνοικεῖ
3701 5116 3846 5185 ψυχὴ
3911 5118 4022 5168 σώο

2433 5227 2595 5280 ματι;
2630 5207 2901 5278 Δηλονότι,
2931 5208 3272 5275 ἁσυγχὺτως,
3293 5207 3636 5274 ἁδιαιρὲτως.
3662 5207 3883 5276 Ἐπειδὴ
3911 5210 4020 5278 γὰρ

2458 5301 2570 5364 ἷπε,
2602 5302 2882 5360 Κατοικεῖ,
2915 5301 2999 5352 ἵνα
3033 5300 3104 5368 μὴ
3137 5297 3367 5369 νομίσῃε
3395 5301 3479 5350 ὅτι
3514 5300 3790 5369 ὲνηργήθη
3811 5301 3884 5362 ὼς
3925 5305 4024 5355 καὶ

2440 5396 2485 5445 οἱ
2520 5391 2795 5460 nesci-51'.
2838 5389 3058 5459 (ἐνῴκει
3089 5389 3195 5456 γὰρ
3233 5389 3416 5449 αὐτοῖς
3471 5390 3497 5438 ὁ
3553 5389 3686 5450 Θεὸς
3746 5390 3884 5441 κατα
3936 5393 4020 5454 τὸ,

2447 5504 2464 5536 ‹
2501 5484 2800 5550 Ἐνοικήσω
2834 5485 2889 5534 ἐν
2926 5483 3109 5542 αζιτοῖς
3133 5480 3225 5530 καὶ
3259 5481 3692 5548 ἐμπεριπατήσω
3716 5496 3726 5506 ·
3773 5480 3819 5547 ι)
3853 5498 4026 5550 προσ-

2441 5578 2620 5647 τίθησι
2671 5577 2752 5638 τὸ,
2812 5576 3068 5643 Σωματικ
3092 5575 3174 5635 ῖς,
3251 5572 3551 5633 τουτέστιν,
3604 5573 3898 5634 οὖσιωδῶς,
3960 5576 4024 5626 οὐ

2444 5670 2730 5741 σχετικῶς,
2765 5668 2838 5730 ὡς
2873 5670 2929 5720 ἐν
2963 5666 3167 5735 σώματι
3195 5665 3366 5733 ψυχή.
3402 5664 3589 5726 Οὕτως
3618 5664 3710 5716 καὶ
3743 5666 3768 5716 ὁ
3816 5665 4024 5733 K691).-
