4158 6432
756 384 827 452 55
1848 393 2242 456 (ECUMENII
2283 395 2578 463 TRICCJE
2606 395 2947 458 EPISCOPI
3941 386 4004 452 55

752 521 863 562 non
892 505 1084 562 scribit
1109 504 1176 559 ad
1212 507 1384 576 ipsum
1408 507 1430 561 2
1454 505 1730 563 Fortassis
1753 521 1860 561 non
1888 522 2026 577 opus
2054 517 2193 575 erat,
2227 509 2330 570 nisi

2437 511 2556 579 τόν;-
2578 514 2737 577 Ἴσως
2758 514 2858 568 οὐκ
2887 513 3075 578 ἐδεῖτο,
3098 510 3233 565 ἀλλὰ
3257 508 3418 581 ψιλῆς
3439 505 3607 577 μόνης
3629 504 4006 574 ὑπομνήσεως.

752 598 925 652 solam
957 597 1159 651 nudam
1196 597 1309 653 ﬁeri
1363 599 1718 664 mentionem,
1764 614 1874 669 quo
1903 601 2205 656 studiosius
2235 616 2334 658 cu-

751 696 1005 754 raretur,
1052 700 1110 744 ut
1163 689 1217 745 hi
1267 693 1502 746 maxime
1546 691 1595 745 ei
1648 692 2075 760 subjicerentur.
2145 692 2333 762 Neque

749 781 894 834 enim
939 781 1052 837 lieri
1105 790 1340 851 poterat,
1384 789 1443 837 ut
1483 798 1606 838 eum
1661 784 2028 852 increpantem
2075 785 2228 853 ipsas
2275 786 2329 839 in

750 873 936 942 aliqua
981 883 1327 938 accusarent,
1379 890 1504 929 cum
1558 876 1855 945 Epistulam
1903 891 1967 931 ac
2006 877 2327 931 mandatum

747 980 910 1020 omne
942 965 1042 1033 ipsi
1076 967 1443 1035 accepissent,
1478 968 1619 1023 ratio
1643 983 1882 1038 namque
1912 984 2018 1022 nou
2057 969 2328 1039 exigebat,

750 1064 805 1108 ut
835 1056 1089 1126 discipuli
1119 1059 1184 1112 de
1217 1060 1479 1129 magistro
1507 1060 1752 1115 dicerent
1780 1061 1874 1115 sed
1900 1075 1994 1114 eos
2031 1060 2136 1116 illis
2165 1062 2330 1115 obtu—

746 1155 879 1199 rans
927 1145 1041 1200 haec
1080 1147 1295 1200 scribit.
1324 1177 1393 1187 —
1425 1147 1608 1203 Aliud.
1640 1149 1711 1203 De
1754 1156 2084 1217 pwceptore
2115 1150 2325 1213 scribit,

749 1247 812 1288 ut
837 1234 1145 1306 increpanti
1172 1247 1224 1292 et
1244 1237 1559 1293 admonenti
1588 1241 2052 1307 obtemperarent,
2087 1241 2326 1296 scientes

749 1341 869 1397 qua:
893 1329 973 1382 illi
1006 1331 1309 1400 significata
1342 1338 1526 1386 essent
1558 1332 1627 1386 ab
1669 1332 2031 1402 Apastolo,-—
2053 1331 2326 1393 Fortassis

749 1426 930 1473 autem
985 1420 1279 1489 episcopus
1317 1421 1560 1490 ipsarum
1607 1431 1746 1488 erat,
1780 1434 1873 1478 aut
1922 1427 2066 1481 aliud
2099 1427 2326 1480 sortitus

748 1514 868 1561 erat
899 1507 1262 1563 ministerium
1295 1512 1620 1566 animarum.
1650 1513 1777 1568 Ideo
1811 1517 1886 1568 ait
1920 1534 1932 1570 :
1962 1517 2323 1570 Ministcrium

748 1613 847 1668 per
876 1599 1184 1668 Dominum,
1220 1617 1327 1656 non
1375 1603 1520 1657 enim
1565 1614 1684 1659 erat
1733 1606 1802 1660 ab
1854 1608 2099 1663 homine.
2134 1625 2153 1658 ι
2193 1607 2326 1662 Vide

752 1691 1138 1752 ministerium.
1180 1713 1198 1745 ›
1244 1693 1484 1750 Verbum
1537 1697 1642 1751 hoc
1678 1699 1935 1753 terrentis
1980 1699 2181 1767 ubique
2219 1706 2323 1765 est,

749 1783 917 1839 veluti
958 1799 1082 1838 cum
1121 1785 1261 1839 dixit
1309 1805 1322 1840 :
1365 1806 1383 1840 ι
1427 1785 1618 1841 Videte
1649 1803 1814 1843 canes
1844 1791 1909 1846 “.
1956 1810 1974 1841 ι
2017 1788 2209 1844 Videte
2257 1804 2326 1843 ne

2444 601 2584 658 ὥστε
2638 606 3058 676 σπουδαιότερον
3103 600 3264 668 εἶναι,
3324 603 3560 672 μάλιστα
3615 596 3816 657 αὐτοὺς
3872 595 4010 662 αὐτῷ

2444 695 2790 750 ὕποτάσσειν.
2824 696 2938 748 Οὐκ
2978 695 3059 747 ἔτι
3084 693 3195 764 γὰρ
3226 691 3292 746 ἂν
3322 691 3501 759 ἔχοιεν
3528 685 3784 746 ἐγκαλεῖν
3823 683 4010 752 ἐκείνῳ

2442 790 2765 859 ὲπιτιμῶντι
2797 790 3001 855 αὐτοῖς,
3026 789 3156 841 ὅταν
3212 780 3368 840 αὐτοὶ
3400 778 3532 836 ὦσιν
3591 777 4011 845 ἁναδεδεγμένοι

2439 883 2502 935 τὸ
2526 884 2654 936 πᾶν.
2699 880 2857 934 Ἐπεὶ
2908 881 3008 934 οὐκ
3064 879 3177 950 έ-χει
3206 879 3386 946 λόγον,
3441 877 3555 937 τοῖς
3584 872 3856 943 μαθηταῖς
3891 873 4012 939 περὶ

2439 969 2530 1024 τοῦ
2547 971 2868 1024 διδασκάλου
2887 969 3087 1038 λέγειν.
3109 967 3252 1020 Ἀλλ’
3276 963 3648 1032 ἐπιστομίζων
3670 959 3870 1020 αὐτοὺς
3888 958 4014 1009 ταῦ-

2436 1079 2503 1114 τα
2531 1063 2754 1130 γράφει.
2779 1090 2848 1100 -
2875 1063 3112 1126 Ἄλλως
3391 1054 3531 1125 Περὶ
3563 1053 3658 1104 τοῦ
3693 1048 4012 1102 διδασκάλου

2436 1155 2660 1224 γράφει,
2712 1153 2800 1206 ἵνα
2824 1151 3150 1221 ιπιτιμῶντι
3183 1145 3658 1218 καὶιπαραινοῦντι
3693 1141 4014 1204 πείθωνται,

2436 1244 2638 1306 εἰδότες
2673 1245 2740 1297 τὰ
2771 1241 3084 1314 δηλωθέντα
3115 1239 3266 1311 αὐτῷ
3297 1241 3452 1308 παρὰ
3497 1236 3594 1291 τοῦ
3664 1232 4016 1287 ’Δποστόλου.

2439 1334 2599 1395 Ἴσως
2627 1331 2684 1385 δὲ
2713 1331 3013 1394 ἐπίσκοπος
3043 1326 3112 1399 ἦν
3139 1328 3341 1394 αὐτῶν,
3375 1328 3408 1399 ἢ
3447 1327 3615 1394 ἄλλην
3642 1322 4021 1392 ἐγκεχείριστο

2432 1422 2616 1493 ψυχῶν
2637 1423 2934 1478 διακονίαν.
2966 1423 3058 1475 Διό
3107 1437 3293 1490 φησιν,
3357 1420 3449 1472 Ἑν
3502 1417 3693 1488 Κυρίῳ
3714 1415 4017 1479 διακονίαν,

2435 1516 2527 1567 καὶ
2558 1516 2618 1569 οὐ
2651 1515 2770 1575 κατ’
2800 1514 3086 1582 ἄνθρωπον
3113 1509 3333 1566 οὖσαν.ι
3357 1510 3530 1563 Βλέπε
3551 1508 3649 1579 τὴν
3683 1505 4016 1559 διακονίαν.»

2432 1607 2723 1670 Φοόοὖντός
2756 1608 2874 1658 ἐστι
2905 1605 2966 1658 τὸ
3017 1606 3167 1675 ῥῆμα
3197 1603 3357 1656 τοῦτο
3416 1600 3720 1670 πανταχοῦ,
3759 1597 3835 1660 ὡς
3893 1598 4020 1649 ὅταν

2433 1701 2567 1770 λέγῃ
2590 1716 2603 1730 ·
2642 1718 2660 1750 ι
2705 1698 2941 1751 Βλέπετε
2967 1698 3095 1759 τοὺς
3121 1695 3310 1758 κύνας.
3350 1713 3368 1746 ι
3409 1693 3649 1746 Βλέπετε
3682 1691 3846 1760 μήτις
3873 1689 4018 1757 ὑμᾶς

2435 1790 2638 1842 ἔσταιό
2670 1789 3029 1858 συλαγωγῶν.
3065 1807 3085 1841 ι
3125 1789 3362 1871 Βλέπετε
3393 1787 3466 1856 μή
3525 1801 3656 1838 ποτε
3704 1785 3738 1851 ή
3799 1780 4019 1845 ἐξουσία

747 1874 874 1942 quis
927 1889 1025 1929 vos
1075 1873 1437 1944 depredetur;
1478 1895 1496 1927 ι
1553 1878 1752 1942 videte,
1791 1894 1859 1932 ne
1911 1879 2191 1947 quomodo
2227 1892 2326 1947 po-

2437 1880 2586 1951 ὑμῶν
2605 1879 2767 1950 αὕτη,
2790 1880 3128 1950 πρόσκομμα
3180 1877 3404 1946 γένηται
3438 1877 3550 1937 τοῖς
3574 1871 3940 1926 ἀσθενοῦσιν.
3997 1890 4014 1920 ι

749 1974 920 2021 testas
975 1965 1090 2020 haec
1125 1975 1304 2020 vestra
1352 1966 1683 2023 aﬂ‘endiculo
1724 1970 1816 2022 liat
1872 1970 1958 2024 his
1996 1969 2086 2038 qui
2129 1968 2330 2022 inﬁrmi

749 2057 962 2110 sunt".
1013 2077 1030 2109 ι
1074 2085 1147 2099 --
1205 2078 1223 2110 ι
1277 2058 1432 2123 Quod
1487 2060 1744 2129 accepisti
1806 2077 1904 2130 per
1956 2061 2268 2115 Dominum.
2303 2079 2322 2112 ι

749 2151 977 2218 Capitur
1005 2152 1149 2205 enim
1202 2153 1258 2204 tv
1289 2152 1478 2222 Κυρίῳ
1506 2153 1559 2206 in
1588 2152 1841 2219 Domino,
1877 2170 1974 2222 pro
2003 2155 2092 2208 διὰ
2122 2155 2328 2224 Κυρίου

746 2258 843 2311 per
879 2243 1190 2298 Dominum.
1236 2242 1301 2298 Ut
1332 2243 1524 2299 eodem
1567 2244 1755 2299 studio
1785 2255 1837 2299 et
1886 2245 2167 2317 diligentia
2197 2260 2330 2298 con-

748 2337 900 2390 tinue
943 2337 1140 2390 utaris.
1204 2356 1224 2386 ‹
1279 2335 1572 2390 Salutatio.
1631 2355 1649 2388 ι
1708 2335 1822 2391 lloc
1867 2337 2243 2406 germanitatis
2279 2347 2333 2391 et

745 2430 1007 2484 amicitiae
1051 2430 1269 2498 signum
1315 2437 1418 2493 est,
1471 2438 1525 2483 et
1563 2429 1773 2484 litteras
1821 2429 2020 2484 intueri
2051 2439 2099 2484 et
2143 2431 2206 2483 ad
2236 2445 2332 2484 eas

745 2520 1148 2592 quodammodo
1196 2519 1359 2576 alﬁci.
1418 2540 1437 2574 ι
1496 2521 1613 2576 lea
1665 2536 1828 2575 manu
1879 2520 2056 2574 Pauli.
2083 2539 2114 2573 .t
2154 2519 2330 2590 Ipsam

745 2617 1094 2671 salutationis
1119 2616 1413 2670 dictionem
1446 2616 1630 2685 potius
1658 2629 1824 2669 manu
1848 2614 2068 2685 propria
2089 2613 2328 2682 scripsit,

750 2708 910 2779 147
939 2715 999 2762 ut
1031 2708 1204 2778 magis
1235 2707 1641 2778 quodammodo
1671 2706 2020 2761 afﬁcerentur
2051 2706 2330 2764 intuentes

745 2796 903 2852 Pauli
954 2812 1194 2851 manum.
1236 2815 1256 2848 ι
1297 2796 1567 2850 Nemore:
1629 2796 1748 2851 sitis
1788 2795 2136 2850 vinculorum
2182 2809 2335 2848 meo-

747 2905 894 2944 rum.
934 2907 954 2940 ι
995 2888 1171 2959 Papae,
1218 2896 1424 2958 quanta
1463 2887 1776 2942 exhortatio
1815 2902 1828 2938 :
1881 2901 2006 2939 nam
2049 2885 2152 2940 hoc
2181 2884 2331 2940 sulli-

748 2982 958 3037 cienter
1002 2991 1141 3048 erat,
1198 2989 1252 3036 at
1298 2985 1447 3051 ipsos
1504 2981 1570 3035 ad
1620 2980 1806 3036 omnia
1847 2980 2233 3036 exhortaretur
2279 2988 2333 3034 et

749 3073 1094 3129 robustiores
1124 3073 1192 3127 ad
1224 3074 1529 3130 certamina
1556 3073 1828 3129 redderet.
1865 3073 2051 3142 Itaque
2085 3081 2140 3128 et
2176 3070 2332 3126 fami-

749 3166 918 3220 liares
948 3180 1041 3219 ens
1062 3163 1242 3220 ell’ecit
1271 3171 1324 3220 et
1365 3166 1616 3219 timorem
1661 3164 1847 3220 solvit.
1880 3156 2161 3234 Siquidem
2191 3178 2331 3233 pra:-

751 3266 940 3328 ceptar
989 3258 1044 3312 in
1077 3256 1316 3314 vinculis
1366 3267 1505 3321 erat,
1545 3257 1642 3312 sed
1694 3253 1868 3327 gratia
1904 3258 2081 3326 ipsum
2140 3257 2326 3311 solvit.

751 3347 890 3402 Nam
927 3357 980 3403 et
1028 3347 1134 3402 hoc
1178 3348 1367 3420 gratia
1410 3347 1533 3414 l‘uit,
1573 3358 1632 3403 ut
1682 3348 1837 3418 ligari
1894 3349 2328 3418 permitteretur.

849 3442 975 3496 Atio
1006 3441 1178 3495 modo.
1217 3440 1450 3496 Maxima
1480 3441 1790 3495 adhortatio
1815 3448 1954 3503 erat.
1990 3449 2047 3494 ut
2076 3440 2330 3495 alﬂictio-

753 3549 856 3591 nes
907 3532 1113 3588 ferrent
1170 3533 1423 3598 viriliter,
1481 3533 1626 3588 scire
1671 3548 1739 3588 ac
1789 3547 2005 3602 semper
2059 3547 2331 3586 memores

753 3640 896 3688 esse,
931 3626 1078 3695 quod
1104 3625 1191 3680 hic
1222 3634 1370 3681 esset
1405 3626 1459 3680 in
1481 3625 1734 3681 vinculis.
1762 3643 1781 3676 ι
1807 3624 1991 3680 Gratia
2023 3623 2330 3678 vobiscum.

755 3721 950 3773 Amen.
989 3737 1006 3767 ι
1034 3719 1148 3783 Qua
1173 3718 1426 3772 videlicet
1460 3719 1644 3772 omnia
1681 3719 1978 3787 quaajussa
2008 3725 2137 3772 sunt
2161 3717 2336 3770 adim-

757 3809 958 3877 pleant.
997 3807 1129 3862 Nam
1167 3809 1437 3864 charitatc
1465 3824 1615 3879 opus
1642 3808 1862 3880 habent,
1889 3820 1945 3876 ut
1989 3809 2123 3864 salvi
2153 3809 2282 3863 liant
2318 3826 2332 3863 :

758 3898 891 3970 quid
932 3902 1076 3955 enim
1107 3900 1287 3956 facere
1347 3908 1537 3971 potest
1573 3901 1737 3955 homo
1782 3899 1991 3968 absque
2027 3901 2242 3970 gratia?
2268 3933 2334 3944 -—

758 3996 894 4050 Cum
923 3996 990 4049 ab
1040 3994 1338 4062 exemplari
1388 3979 1500 4047 non,
1555 3994 1765 4062 integre
1817 3994 2146 4047 invenissem
2195 3993 2335 4046 beati

759 4085 991 4140 Joannis
1023 4083 1229 4140 scholia
1277 4084 1329 4136 iu
1363 4083 1658 4152 Epistolam
1693 4084 1758 4136 ad
1796 4082 2175 4142 Colossenses,
2205 4096 2338 4135 cou-

763 4178 963 4245 scripsi
997 4177 1086 4230 illa
1112 4183 1170 4230 ut
1201 4175 1376 4244 potui.
1415 4174 1470 4227 Si
1504 4174 1633 4242 quid
1663 4173 1831 4242 igitur
1856 4175 1909 4225 in
1942 4174 2075 4241 ipsis
2105 4173 2220 4225 leve
2246 4180 2340 4222 aut

761 4272 988 4340 dignum
1023 4270 1446 4340 reprehensione
1498 4268 1779 4323 inventum
1830 4266 2019 4332 fuerit,
2051 4267 2268 4320 noverit
2296 4267 2340 4320 is

765 4365 857 4434 qui
893 4364 1023 4432 legit
1053 4376 1232 4418 meum
1266 4378 1387 4418 esse
1419 4359 1738 4431 hujusmodi
1771 4360 2005 4429 lapsum.

767 4476 946 4542 Finit,
983 4475 1161 4531 diuina
1210 4476 1412 4544 {arente
1463 4475 1688 4538 auxilio,
1727 4471 1983 4539 Epistolas
2035 4472 2103 4523 ad
2151 4469 2339 4524 Colos-

1444 4562 1640 4599 εεηεεε.

770 4662 982 4732 Scripta
1000 4672 1081 4716 est
1096 4661 1162 4715 ah
1180 4661 1309 4715 urbe
1325 4659 1491 4714 Roma
1512 4674 1607 4729 per
1620 4659 1915 4728 Tychicuui
1935 4655 2337 4712 etOnesimum.

839 4839 884 4870 “
917 4838 1147 4909 Philipp.
1183 4837 1335 4903 "1,2.
1418 4837 1458 4868 "
1486 4835 1647 4890 lCor.
1680 4850 1796 4898 vui,
1827 4834 1880 4887 9.

2432 2005 2502 2016 —
2527 1993 2545 2024 ι
2572 1975 2672 2026 Ἢν
2691 1972 2996 2043 παρέλαϐες
3018 1973 3074 2024 ὲν
3091 1969 3303 2040 Κυρίῳ.
3336 1987 3356 2023 t
3389 1967 3558 2020 Πάλιν
3573 1965 3658 2031 τδ,
3694 1965 3798 2018 Ἔν
3827 1962 4021 2029 Κυρίῳ

2440 2065 2537 2120 διὰ
2568 2067 2789 2135 Κυρίου
2853 2066 2992 2124 ἐστὶ,
3055 2061 3318 2132 διηνεκῶς
3361 2059 3706 2130 κεχρημένος
3763 2059 3828 2126 τῇ
3881 2055 4020 2123 αὐτῇ

2440 2159 2668 2230 σπουδῇ.
2706 2176 2725 2208 ι
2766 2157 2825 2210 '0
2876 2155 3191 2224 ἀσπασμός.
3231 2172 3253 2205 ›
3305 2151 3479 2205 Τοῦτο
3514 2149 3874 2220 τνησιότητος
3929 2149 4024 2198 καὶ

2433 2251 2614 2319 φιλίας
2643 2251 2969 2320 τεκμήριον,
3011 2249 3072 2302 τὸ
3111 2246 3207 2300 καὶ
3254 2245 3323 2299 τὰ
3369 2247 3676 2315 γράμματα
3709 2244 3864 2312 ὀρᾷν,
3929 2243 4024 2294 καὶ

2433 2343 2665 2412 πάσχειν
2704 2359 2761 2395 τι
2809 2341 2948 2411 πρὸς
2974 2339 3169 2392 ταῦτα.
3213 2355 3231 2390 ι
3271 2338 3351 2408 Τῇ
3387 2338 3493 2406 ἐμῇ
3529 2335 3679 2406 χειρὶ
3711 2333 3953 2386 Παύλου.
3997 2351 4018 2383 a

2432 2436 2651 2491 Μᾶλλον
2681 2434 2852 2506 αὐτὴν
2894 2433 2987 2486 τοῦ
3013 2430 3312 2500 ἁππασμοῦ
3364 2428 3462 2499 τὴν
3529 2425 3673 2490 λέξῖν
3731 2425 3835 2494 ἰδία
3878 2423 4026 2494 χειρὶ

2433 2528 2692 2600 ἔγραψεν,
2727 2527 2815 2580 ἵνα
2848 2523 3105 2594 πάσχωσί
3142 2540 3197 2576 τι
3233 2521 3395 2577 ⁴ιέλέον
3427 2518 3528 2590 τὴν
3590 2519 3748 2588 χεῖρα
3784 2516 4029 2585 ὁρῶντες

2430 2620 2528 2673 τοῦ
2569 2617 2805 2672 Παύλου.
2847 2635 2866 2669 ι
2931 2613 3325 2685 Μνημονεύετέ
3386 2627 3489 2680 μου
3551 2610 3666 2664 τῶν
3718 2607 3962 2676 δεσμῶν.
4005 2625 4023 2657 ι

2432 2713 2643 2779 Βαὸαὶν
2677 2711 2821 2780 πόση
2870 2708 3238 2779 ¹παράκλησις.
3299 2704 3472 2758 Τοῦτο
3528 2703 3638 2773 γὰρ
3701 2700 3886 2752 ἱκανὸν
3947 2700 4031 2761 εἰς

2437 2806 2617 2857 πάντα
2670 2803 2867 2865 αὐτοὺς
2935 2796 3373 2872 προτρέψασθαι,
3436 2795 3531 2848 καὶ¹
3609 2791 4033 2861 γενναιοτέρους

2436 2898 2661 2966 ποιῆσαι
2689 2895 2826 2965 πρὸς
2856 2896 2984 2956 τοὺς
3037 2892 3281 2960 ἀγῶνας.
3351 2889 3495 2958 Ἀρα
3518 2887 3614 2939 καὶ
3659 2885 4031 2953 οἰκειοτέρους

2434 2989 2630 3048 αὐτοὺς
2657 2985 2904 3056 ἐποίησε,
2934 2983 3030 3037 καὶ
3081 2983 3174 3036 τὸν
3221 2979 3389 3050 φόϐον
3434 2979 3644 3032 έλυσεν.
3696 2977 3758 3028 Εἰ
3820 2976 3930 3047 γὰρ
4004 2975 4034 3025 ὁ

2432 3080 2745 3142 διδάσκαλος
2775 3081 2832 3131 έν
2850 3078 3093 3147 δεσμοῖς,
3117 3074 3233 3127 ἀλλ’
3266 3075 3299 3141 ἡ
3330 3073 3492 3142 χάρις
3522 3071 3687 3123 αὐτὴν
3739 3069 3877 3121 λύει.
3907 3068 4030 3120 Καὶ

2434 3174 2592 3227 τοῦτο
2610 3173 2720 3243 γὰρ
2745 3174 2841 3243 τῆς
2863 3169 3106 3240 χάριτος,
3128 3168 3190 3221 τὸ
3208 3169 3514 3236 συγχωρεῖν
3536 3162 4036 3234 δεθῆναι.“Α.ι.Ῑως

2437 3265 2640 3341 [φοι]
2669 3265 2917 3334 Μεγίστη
2965 3261 3251 3332 προτροπὴ
3283 3259 3419 3329 πρὸς
3451 3257 3511 3309 τὸ
3533 3255 3721 3327 φέρειν
3761 3253 4039 3323 γενναίως

2436 3360 2562 3422 τοὺς
2594 3355 2960 3428 πειρασμοὺς,
3013 3351 3075 3405 τὸ
3117 3351 3318 3404 ειδέναι
3360 3349 3455 3402 καὶ
3507 3347 3597 3401 διὰ
3625 3346 3826 3409 παντὸς
3887 3360 4037 3413 μνη-

2441 3449 2714 3522 μονεύειν,
2754 3442 3110 3500 εἷναιτοῦτον
3139 3444 3198 3496 ὲν
3228 3443 3469 3510 δεσμοῖς.
3512 3459 3531 3492 ι
3583 3437 3643 3492 ἸΙ
3706 3439 3867 3508 χάρις
3907 3435 4039 3506 μεθ’

2439 3545 2616 3603 ὑμῶν.
2657 3542 2851 3610 Ἀμήν.
2896 3557 2916 3592 t
2951 3537 3206 3607 Δηλονότι
3250 3534 3371 3606 μεθ’
3395 3529 3463 3606 ἦς
3496 3534 3675 3587 πάντα
3717 3531 3788 3583 τὰ
3826 3532 4037 3582 ἐπιτα-

2438 3637 2621 3704 γέντα,
2643 3632 3015 3701 πληρώσουσι,
3051 3629 3276 3699 χάριτος
3309 3628 3390 3689 εἰς
3415 3625 3479 3677 τὸ
3518 3624 3760 3693 σωθῆναι
3790 3622 4039 3674 δέονται.

2439 3729 2506 3781 Τί
2557 3730 2668 3797 γὰρ
2737 3728 2802 3778 ἂν
2850 3724 3068 3793 ποιήσοι
3121 3720 3411 3790 ἄνθρωπος
3478 3718 3606 3772 ἄνευ
3674 3717 3934 3788 χάριτοςς
3966 3741 4044 3754 -

2442 3813 3001 3894 [ΟΙΚΟΥΜΕΝΙΟΥ.]
3039 3813 3135 3867 Ἐκ
3167 3811 3262 3865 τοῦ
3331 3810 3667 3881 ἀντιγράφου
3717 3806 3792 3878 μὴ
3849 3806 4045 3876 εὑρὼν

2443 3910 2622 3973 καλῶς
2655 3909 2754 3972 τὰς
2789 3904 3164 3977 παραγραφὰς
3198 3902 3293 3956 τοῦ
3327 3901 3598 3973 μακαρίου
3641 3899 3894 3953 Ἰωάννου
3930 3899 4047 3965 τῆς

2444 4004 2580 4074 πρὸς
2640 3998 2975 4059 Κολοσσαεῖς
3050 3994 3398 4063 Ἐπιστολῆς,
3483 3991 3802 4061 συνέγραψα
3857 3989 4047 4051 αὐτὰς

2443 4097 2590 4157 ὅπως
2618 4093 2924 4162 ἠδυνάμην.
2961 4090 3021 4142 El
3050 4084 3143 4142 οὖν
3185 4087 3384 4158 εὑρεθῇ
3415 4103 3469 4139 τι
3504 4088 3560 4139 ὲν
3590 4085 3800 4146 αὐταῖς.
3829 4084 3862 4147 ἢ
3901 4080 4046 4133 κοῦο

2445 4206 2564 4258 φον,
2603 4187 2636 4257 ἢ
2671 4184 3020 4255 ἐπιλήψιμον,
3053 4182 3188 4235 ἵστω
3216 4183 3245 4233 ὁ
3270 4177 3684 4248 ἀναγινώσκων,
3721 4175 3855 4246 ὲμδν
3889 4168 4048 4226 εἶναι

2442 4283 2504 4334 τὸ
2530 4279 2771 4333 τοιοῦτον
2804 4279 3088 4347 πταῖσμα..

2523 4464 2724 4528 Τέλος,
2746 4461 2867 4516 σὺν
2890 4458 3032 4524 Θεῷ,
3063 4457 3175 4522 τῆς
3207 4455 3356 4579 aaddc
3392 4449 3768 4515 Κολοσσαεῖς
3795 4449 3971 4501 Ἐπι-

3111 4543 3223 4579 στο
3270 4544 3363 4579 no.

3111 4543 3363 4594 στοληφ.

2500 4647 2742 4719 νεγράφη
2768 4646 2874 4700 ἀπὸ
2909 4642 3127 4714 Ῥώμης
3158 4639 3246 4695 διὰ
3271 4635 3507 4708 Τυχικοῦ
3535 4634 3630 4690 καὶ
3674 4631 4008 4702 Ὀνησίμου.
