4158 6432
793 400 861 465 71
1858 397 2261 459 (ECUMENII
2299 396 2590 457 TRICCE
2626 396 2968 457 EPISCOPI
3964 395 4027 452 72

792 520 1154 571 obtestantes.
1191 530 1211 564 ι
1251 511 1412 582 159
1436 511 1538 577 Qui
1596 510 1764 580 igitur
1813 511 2138 574 obtestatur,
2205 510 2368 563 mani«

2478 508 2915 580 Παρακαλοῦμεν
2943 509 3021 569 δὲ,
3054 510 3240 579 φησὶν,
3286 512 3383 579 οὐχ
3414 511 3501 562 ἴνα
3548 525 3602 561 τι
3646 507 3780 577 ἡμῖν
3822 506 4037 575 χαρίσηο

794 608 990 660 festum
1016 610 1101 657 est
1124 604 1268 671 quod
1295 603 1522 653 niultum
1548 600 1816 654 dissideat
1845 602 1914 654 ab
1937 600 2286 663 assentando,
2318 609 2372 655 et

793 696 978 751 studio
1030 693 1277 764 placendi
1329 693 1667 748 hominibus.
1732 712 1752 744 α
1811 694 1884 748 Ut
1936 694 2311 750 ambularetis.
2347 714 2365 747 ι

791 787 1259 847 ()bsecrabamus,
1290 785 1491 855 inquit.
1526 800 1631 839 non
1659 791 1720 838 ut
1768 785 1973 855 aliquid
2025 786 2186 841 nobis
2240 801 2372 841 con-

793 879 1028 943 fcrretis,
1065 879 1158 932 sed
1188 887 1362 931 utvos
1391 876 1743 947 juvaremini,
1778 884 1832 930 et
1885 876 2205 945 opulentum
2269 890 2367 928 vo-

794 971 877 1027 bis
912 971 1048 1040 ipsis
1078 984 1309 1039 regnum
1343 971 1605 1024 caelorum
1632 968 1922 1036 pararetis,
1955 968 2115 1036 digne
2160 966 2227 1020 ad
2282 967 2367 1037 ip-

2480 602 2596 666 σοε,
2628 602 2744 677 ἀλλ’
2769 602 2855 654 ἴνα
2886 603 3044 671 ὑμεῖς
3076 601 3417 673 ὠφεληθῆτε,
3452 603 3547 654 καὶ
3580 601 3751 670 βατὴν
3783 601 3913 668 ὑμῖν
3951 599 4037 651 αὖ·

2476 695 2587 755 τοῖς
2639 694 2738 762 τὴν
2802 693 3079 763 βασιλείαν
3112 695 3220 746 τῶν
3276 694 3523 763 οὐρανῶν
3573 689 4038 756 κατασκευάσητε,

2475 783 2643 848 ἀξίως
2704 783 2876 851 αὐτῆς
2928 785 3382 855 περιπατοῦντες.
3436 786 3578 852 Ὅρα
3625 783 3682 835 δὲ
3739 779 3925 841 αὐτὸν,
3988 782 4039 830 ἑν

2473 876 2657 945 ταύτῷ
2687 876 2780 927 καὶ
2810 876 3153 930 διδάσκοντα.
3188 876 3251 928 Εἰ
3289 878 3392 947 γὰρ
3414 876 3548 928 Θεοῦ
3580 874 3829 945 βασιλεία
3865 872 3925 925 τὸ
3951 870 4039 922 ἔτι·

2472 966 2657 1029 αθλον,
2691 968 2773 1021 δεῖ
2800 969 2980 1021 πάντα
3008 971 3197 1041 φέρειν
3229 968 3549 1038 προθύμως.

793 1080 913 1122 sum
951 1049 1283 1133 gradientes.
1340 1060 1733 1115 Animadverte
1784 1068 1967 1113 autem
2016 1060 2218 1127 ipsum,
2259 1057 2405 1128 quod
2444 1058 2683 1111 etiamin
2708 1061 2808 1113 hoc
2838 1060 3049 1114 doceat.
3078 1060 3212 1114 Nam
3241 1062 3285 1114 si
3353 1060 3444 1114 Dei
3493 1072 3721 1128 regnum
3784 1064 3869 1111 est
3910 1070 4039 1125 ρηε-

791 1160 984 1221 mium,
1012 1164 1229 1227 oportet
1262 1155 1446 1209 omnia
1478 1162 1733 1225 prorrptn
1765 1154 1905 1210 ferre
1927 1155 2131 1208 animo.

862 1248 929 1309 ll,
963 1247 1048 1299 15.
1085 1246 1414 1315 Quapropter
1456 1255 1505 1299 et
1541 1264 1632 1299 nos
1663 1247 1864 1313 gratias
1897 1246 2103 1315 agimus
2146 1243 2254 1299 Deo
2290 1246 2371 1297 in-

788 1338 1106 1399 desinenter,
1141 1340 1279 1406 quod
1330 1354 1446 1390 cum
1484 1338 1787 1404 acciperetis
1826 1355 1859 1390 a
1888 1338 2037 1391 nobis
2074 1354 2364 1391 sermonem

789 1433 1004 1486 auditus
1035 1430 1129 1483 Dei
1153 1447 1169 1483 :
1198 1431 1497 1498 accepistis,
1521 1447 1621 1481 non
1644 1447 1935 1483 sermonem
1952 1431 2243 1491 hominum,
2276 1430 2367 1483 sed

789 1528 924 1578 sicut
948 1534 1023 1578 est
1055 1540 1192 1584 vere,
1224 1538 1510 1576 sermonem
1537 1520 1635 1574 Dei
1665 1540 1676 1575 :
1712 1522 1801 1590 qui
1826 1523 1987 1574 etiam
2014 1522 2124 1589 agit
2144 1524 2195 1573 in
2222 1521 2364 1575 nobis

788 1616 1146 1671 credentibus.

861 1707 1062 1761 Deinde
1099 1707 1224 1760 illos
1255 1705 1416 1760 etiam
1444 1704 1816 1762 commendat.
1838 1702 1957 1757 Non
1988 1704 2132 1758 enim
2157 1704 2227 1757 ita
2262 1713 2365 1767 est,

2546 1243 2649 1296 Διὰ
2678 1242 2851 1296 τοῦτο
2912 1242 3007 1295 καὶ
3068 1241 3237 1309 ἡμεῖς
3287 1240 3763 1310 εὐχαριστοῦμεν
3800 1238 3880 1303 τῷ
3930 1236 4043 1300 Θεῷ

2475 1337 2906 1401 ἀδιαλείπτως,
2959 1336 3049 1388 ὅτι
3108 1337 3561 1402 παραλαϐόντες
3618 1337 3807 1401 λόγον
3858 1330 4043 1395 ἀκοῆς

2474 1430 2610 1496 παρ’
2651 1427 2818 1496 ἡμῶν·
2846 1428 2951 1481 τοῦ
2987 1428 3158 1490 Θεοῦ,
3194 1428 3485 1488 ἐδέξασθε
3510 1427 3581 1479 οὐ
3608 1429 3793 1491 λόγον
3829 1423 4044 1489 ἀνθρὼ-

2474 1536 2625 1581 πων,
2663 1520 2824 1572 ἀλλὰ
2867 1519 3063 1582 καθώς
3101 1522 3271 1571 ἐστιν
3299 1518 3535 1584 ἀληθῶς
3566 1519 3748 1585 λόγος
3776 1515 3947 1581 Θεοῦ,
3980 1514 4044 1579 ὃς

2475 1609 2573 1662 καὶ
2600 1608 2917 1676 ἐνεργεῖται
2944 1610 3012 1661 ἐν
3034 1610 3174 1676 ὑμῖν
3196 1610 3320 1674 τοῖς
3349 1610 3764 1662 πιστεύουσιν.

2549 1698 2678 1754 Εἶτα
2702 1704 2795 1754 καὶ
2822 1702 3157 1771 ἐγκωμιάζει
3188 1700 3407 1763 αὐτούς.
3463 1702 3537 1753 Οὐ
3587 1702 3693 1769 γὰρ
3728 1702 3891 1769 ἡμεῖς

3950 1699 4043 1768 μὲν

788 1798 986 1867 inquit,
1024 1807 1085 1851 ut
1140 1813 1244 1853 nos
1273 1797 1493 1866 quidem
1543 1795 1662 1849 sine
1704 1796 1852 1859 dolo,
1891 1804 1945 1848 et
1986 1797 2128 1848 sicut
2163 1795 2364 1848 dictum

2479 1793 2701 1856 ἀδόλως,
2735 1796 2889 1863 φησὶ,
2923 1794 3038 1855 καὶ,
3080 1793 3155 1855 ὡς
3201 1793 3436 1864 εἴρηται.
3493 1795 3909 1862 ἀνεστράφημεν
3970 1793 4046 1854 εἰς

794 1899 899 1953 est,
928 1904 1055 1958 erga
1106 1902 1204 1942 vos
1239 1886 1545 1941 conrersati
1591 1884 1885 1949 fuerimus,
1919 1900 2012 1938 vos
2045 1895 2233 1937 autem
2269 1884 2369 1935 ali-

789 1981 926 2050 quid
982 1979 1087 2033 ﬂdc
1153 1979 1435 2049 indignum
1492 1978 1735 2031 feceritis
1781 1993 1796 2029 :
1843 1978 1938 2031 sed
1992 1976 2283 2046 accepistis
2338 1989 2369 2027 ι

792 2073 947 2126 nobis
985 2084 1296 2124 sermonem
1350 2069 1595 2132 auditus,
1634 2070 1737 2123 hoc
1776 2076 1884 2131 est,
1920 2083 2228 2121 sermonem
2274 2067 2367 2137 qui

791 2162 1012 2216 auditus
1056 2160 1328 2229 estinter
1357 2175 1477 2223 vos,
1513 2159 1922 2230 prmdicalionis
1956 2159 2228 2213 videlicet.
2261 2164 2370 2213 Aut

791 2267 1102 2307 sermonem
1140 2252 1361 2306 auditus
1393 2250 1545 2315 dicit,
1579 2263 1644 2301 eo
1676 2248 1821 2316 quod
1856 2262 1951 2316 per
1970 2247 2217 2300 auditum
2246 2262 2369 2302 sus-

790 2345 1010 2413 cipitur.
1043 2344 1358 2397 Sermonem
1401 2340 1548 2404 ﬁdei,
1580 2343 1676 2401 ait,
1732 2339 2046 2407 accepistis.
2083 2338 2369 2403 Quomodo

792 2444 974 2487 autem
1017 2432 1364 2503 excepistis?
1409 2433 1487 2485 An
1522 2430 1991 2501 vilipendo?Non,
2034 2430 2365 2500 inquit,,sed

790 2523 865 2574 ita
898 2522 1218 2592 excepistis,
1252 2537 1360 2575 non
1395 2528 1454 2572 ut
1483 2521 1575 2590 qui
1611 2520 1849 2575 hominis
1889 2534 2197 2574 sermonem
2239 2534 2367 2573 sus-

789 2612 1064 2678 ciperetis,
1108 2611 1214 2664 hoc
1262 2618 1345 2663 est
1389 2624 1592 2673 meum,
1646 2610 1741 2664 sed
1773 2620 1831 2663 ut
1870 2624 2181 2664 sermonem
2230 2610 2363 2663 Dei:

792 2701 934 2755 Deus
965 2702 1108 2755 enim
1142 2716 1241 2770 per
1276 2716 1363 2755 me
1393 2701 1613 2754 locutus
1644 2708 1747 2764 est,
1782 2699 1982 2769 inquit.
2024 2700 2132 2752 Aut
2163 2714 2368 2752 sermo—

791 2809 911 2848 nem
948 2794 1215 2858 auditum,
1276 2802 1371 2847 aut
1420 2808 1725 2848 sermonem
1776 2808 1873 2862 per
1930 2793 2176 2846 auditum
2220 2793 2364 2846 acci—

790 2883 1021 2950 pientes.
1062 2900 1081 2933 ι
1140 2880 1460 2936 Sermonem
1506 2882 1747 2935 auditus.
1792 2899 1813 2933 ι
1876 2880 2047 2935 Recte
2098 2881 2364 2950 profecto.

790 2971 974 3041 Neque
1013 2973 1157 3026 enim
1186 2987 1378 3027 omnes
1422 2980 1762 3041 spectatores
1799 2986 1923 3027 esse
1965 2972 2069 3041 ipsi
2119 2981 2368 3041 poterant

2472 1885 2634 1953 ὑμᾶς,
2669 1886 2827 1953 ὑμεῖς
2854 1886 2909 1937 δὲ
2949 1885 3165 1948 ἀνάξιόν
3202 1903 3253 1937 τι
3281 1885 3379 1953 τῆς
3419 1884 3652 1945 πίετεως
3684 1885 4042 1953 πεποιήκατε,

2472 1975 2609 2027 ἀλλὰ
2641 1975 2979 2042 παρελάϐετε
3009 1976 3165 2041 λόγον
3188 1976 3356 2043 ἀκοῆς
3391 1976 3523 2045 παρ’
3552 1974 3731 2043 ἡμῶν,
3773 1977 4042 2036 τουτέστι,

2470 2064 2627 2133 λόγον
2678 2067 3012 2122 ἀκουσθέντα
3060 2070 3139 2129 εἰς
3199 2068 3362 2134 ὑμᾶς,
3403 2066 3493 2118 τὸν
3535 2065 3628 2117 τοῦ
3691 2064 4047 2134 κηρύγματος

2467 2158 2732 2229 δηλονότι.
2805 2160 2874 2211 Ἦ
2921 2159 3077 2225 λόγον
3127 2159 3292 2226 ἀκοῆς
3344 2158 3720 2227 quantum}:
3759 2159 3855 2226 τῆς
3878 2157 4047 2225 ἀκοῆς

2472 2250 2921 2320 παραληφθέντα.
2956 2251 3129 2317 Λόγον
3150 2250 3250 2317 τῆς
3278 2249 3512 2311 πίστεως
3546 2248 3821 2311 ἐδέξασθε,
3859 2249 4045 2317 φησίν.

2481 2343 2766 2407 Ἐὃέξαςθε
2816 2343 2873 2396 δὲ
2935 2343 3050 2405 πῶς
3082 2360 3097 2406 ;
3134 2343 3280 2411 Ἀρι
3311 2341 3864 2412 κατατεθρονημὲνως
3891 2358 3907 2405 ;
3940 2339 4042 2402 Οῧ.

2472 2433 2657 2501 φησίν.
2710 2432 2849 2486 Ἀλλ’
2879 2431 3050 2496 οὕτως
3081 2432 3353 2499 ἐδέξασθε,
3387 2433 3484 2501 οὐχ
3516 2432 3591 2495 ὡς
3622 2432 3778 2498 λόγον
3833 2432 4050 2501 ἀνθρώ-

2471 2540 2573 2574 που
2598 2523 2898 2592 δεχόμενοι,
2923 2524 3205 2577 τουτέστιν
3237 2523 3393 2592 ἐμοῦ,
3428 2524 3545 2576 ἀλλ’
3573 2524 3647 2585 ὡς
3689 2524 3847 2589 λόγον
3881 2522 4046 2576 Θεοῦ.

2470 2614 2547 2666 Δι’
2578 2615 2711 2684 ἐμοῦ
2739 2615 2869 2685 γὰρ,
2906 2618 3094 2684 φησιν,
3124 2618 3151 2669 ὁ
3177 2615 3307 2679 Θεὸς
3354 2615 3675 2684 ἐφθέγξατο.
3749 2616 3821 2667 Ἦ
3891 2617 4053 2683 λόγον

2471 2706 2828 2770 ἀκουσθέντα,
2868 2708 2900 2775 ἢ
2942 2709 3098 2774 λόγον
3127 2707 3215 2760 διὰ
3249 2708 3349 2777 τῆς
3376 2710 3550 2777 ἀκοῆς
3614 2708 4051 2778 παραλαϐόντες.

2476 2814 2494 2845 s
2536 2797 2705 2864 Λόγον
2729 2799 2918 2867 ἀκοῆς.
2962 2817 3057 2849 ›-
3085 2798 3283 2869 [ΦΩΤ.]
3312 2801 3527 2862 Καλῶς.
3546 2803 3618 2854 Οὐ
3642 2803 3749 2869 γαρ
3780 2803 4055 2855 αὐτόπται

2471 2888 2671 2951 πάντες
2703 2888 2967 2959 ἠδύναντο
2995 2890 3241 2957 γίνεσθαι
3270 2890 3362 2943 τοῦ
3395 2894 3819 2962 κηρυττομέωυ.
3850 2894 4055 2960 Ἔλεγε

2468 2976 2523 3027 δὲ
2544 2978 2636 3029 καὶ
2655 2979 2682 3029 ὀ
2711 2977 2932 3046 Κύριος.
2960 2995 2979 3028 s
3008 2979 3285 3048 Μακάριοι
3306 2981 3353 3031 οἱ
3379 2980 3452 3048 μὴ
3487 2980 3683 3042 ἰδόντες
3702 2981 3796 3034 καὶ
3827 2983 4059 3036 πιστεύ-

789 3063 908 3131 ejus
952 3062 1093 3131 quod
1132 3064 1551 3132 praedicabatur.
1589 3064 1817 3118 Dicebat
1865 3072 2049 3119 autem
2099 3073 2153 3118 et
2182 3063 2365 3117 Domi-

2472 3085 2682 3133 σαντες,
2705 3087 2722 3119 ι
2755 3068 2820 3121 δι’
2840 3071 3008 3134 ἀκοῆς
3024 3070 3263 3138 δηλονότι
3294 3073 3387 3125 καὶ
3426 3071 3585 3140 λόγου
3611 3074 4058 3142 παραδεξάμενοι

790 3173 896 3212 nus
938 3174 951 3210 :
984 3176 1001 3208 ι
1045 3156 1193 3212 Beati
1237 3157 1330 3226 qui
1364 3172 1470 3209 non
1496 3155 1747 3210 viderunt
1782 3163 1837 3211 et
1867 3155 2218 3212 crediderunt
2252 3157 2293 3219 ³,
2342 3175 2359 3207 ι

789 3262 886 3314 per
916 3247 1157 3301 auditum
1188 3247 1445 3300 videlicet
1474 3247 1637 3300 etiam
1679 3247 1953 3302 sermonis
1986 3248 2240 3315 pietatem
2272 3262 2368 3302 ac-

786 3340 1075 3406 cipientcs.
1120 3355 1140 3389 ι
1176 3338 1221 3393 A
1247 3336 1407 3392 nobis
1435 3337 1549 3391 Dei.
1589 3355 1607 3387 ι
1639 3337 1684 3391 Α
1715 3337 1876 3393 nobis
1907 3338 2127 3407 quidem
2156 3337 2366 3407 accepi-

790 3434 912 3494 sth,
967 3444 1074 3483 non
1128 3440 1309 3483 autem
1343 3431 1435 3500 qui
1481 3438 1670 3485 noster
1703 3437 1848 3485 esset
1884 3444 2088 3492 sermo,
2123 3430 2217 3484 sed
2250 3430 2364 3484 Dei.

795 3538 815 3570 s
854 3520 967 3574 Non
991 3535 1298 3575 sermonem
1335 3522 1639 3575 hominum.
1678 3538 1696 3571 ι
1726 3520 1845 3574 Non
1889 3528 2146 3589 tanquam
2185 3520 2367 3574 homi-

790 3627 944 3673 num,
984 3612 1183 3681 inquit,
1219 3628 1554 3676 sermonem,
1593 3611 1689 3666 sed
1733 3612 1876 3685 sicut
1918 3620 2002 3665 est
2030 3626 2156 3665 vere
2187 3625 2367 3664 sermo

791 3700 906 3753 Dei.
935 3701 1041 3755 Aut
1076 3704 1369 3771 accepistis
1398 3717 1506 3756 non
1540 3710 1803 3770 tauquam
1842 3714 2152 3755 sermonem
2181 3700 2361 3754 homi-

790 3804 946 3855 num,
988 3792 1082 3845 sed
1110 3800 1372 3861 tanquam
1405 3805 1712 3846 sermonem
1749 3789 1862 3855 Dei,
1899 3790 2041 3844 sicut
2074 3790 2240 3845 etiam
2280 3796 2368 3844 est

791 3894 972 3933 sermo
1008 3879 1125 3945 Dei,
1156 3882 1359 3950 inquit.
1389 3881 1496 3935 Aut
1527 3881 1816 3950 accepistis
1848 3882 1992 3935 sicut
2030 3888 2112 3933 est
2142 3891 2195 3935 et
2215 3881 2371 3934 decet

790 3972 1038 4039 accipere
1070 3986 1378 4025 sermonem
1410 3970 1526 4034 Dei,
1563 3972 1666 4025 hoc
1701 3981 1805 4035 est,
1831 3986 1954 4025 cum
1995 3972 2208 4038 timore,
2241 3988 2365 4026 cum

792 4062 1116 4116 attentione.
1152 4090 1222 4102 --
1253 4080 1272 4113 ι
1312 4062 1413 4127 Qui
1442 4062 1606 4116 etiam
1635 4064 1747 4132 agit
1774 4062 1826 4115 in
1861 4062 2041 4117 vobis.
2081 4080 2099 4113 ι
2126 4062 2232 4117 Aut
2256 4064 2368 4132 agit

792 4153 845 4204 in
876 4152 1053 4216 vobis,
1101 4152 1203 4207 hoc
1248 4162 1352 4217 est,
1403 4140 1558 4208 suam
1608 4152 1849 4205 ostendit
1891 4153 2211 4219 potentiam,
2256 4151 2368 4205 [οι--

791 4244 958 4297 tassis
994 4258 1090 4313 per
1133 4244 1286 4314 signa
1322 4244 1594 4313 quedam.
1631 4244 1740 4297 Aut
1783 4245 1916 4313 agit,
1966 4242 2019 4297 id
2054 4254 2138 4299 est
2169 4244 2370 4298 crescit

793 4352 889 4405 per
915 4338 1082 4389 vitam
1116 4347 1376 4392 vestram.

869 4428 1028 4497 160
1046 4428 1106 4490 ΙΙ,
1132 4429 1216 4492 14,
1238 4428 1330 4485 ‘20.
1349 4427 1446 4481 Vos
1462 4429 1599 4482 enim
1620 4429 1910 4483 imitatores
1934 4429 2062 4497 [acti
2080 4430 2225 4482 estis.
2250 4430 2365 4498 fra-
2399 4440 2439 4493 [δ

796 4528 919 4584 tres,
954 4519 1310 4573 Ecclesiarum
1339 4519 1437 4573 Dei
1469 4537 1585 4590 qua:
1614 4531 1733 4575 sunt
1762 4523 1813 4574 in
1846 4520 2037 4575 Judwa
2062 4523 2115 4574 in
2151 4522 2362 4575 Christo

794 4611 923 4665 Jesu
955 4626 972 4663 :
1005 4609 1144 4679 quod
1166 4611 1346 4662 eadem
1373 4613 1515 4676 passi
1538 4611 1658 4663 sitis
1684 4621 1730 4664 et
1750 4627 1836 4664 vos
1863 4628 1891 4662 a
1914 4614 2137 4678 propriis
2164 4612 2364 4664 contri-

799 4699 1025 4764 bulibus,
1049 4699 1485 4768 quemadmodum
1500 4710 1546 4752 et
1568 4700 1672 4767 ipsi
1690 4716 1723 4752 a
1742 4698 1966 4761 Judwis,
1985 4701 2073 4769 qui
2106 4708 2152 4753 et
2188 4699 2367 4753 Domi-

796 4806 920 4842 num
933 4788 1115 4843 Jesum
1128 4792 1427 4844 occiderunt
1446 4800 1495 4844 et
1511 4793 1747 4859 proprios
1764 4791 2062 4858 prophetas,
2079 4802 2125 4843 et
2141 4807 2231 4843 nos
2247 4806 2367 4856 per-

798 4883 961 4933 secuti
982 4892 1126 4946 sunt,
1148 4893 1197 4936 et
1228 4882 1333 4935 Deo
1360 4900 1462 4935 non
1485 4884 1714 4951 placent,
1736 4893 1784 4936 et
1817 4884 2056 4935 omnibus
2075 4882 2368 4935 hominibus

798 4972 1144 5025 adversantur
1168 4985 1188 5024 :
1217 4974 1303 5041 qui
1337 4973 1596 5026 obsistunt
1625 4974 1794 5035 nobis,
1842 4989 1903 5025 ne
1937 4974 2212 5041 loquamur
2246 4988 2370 5038 gen-

802 5062 936 5115 tibus
965 5079 1063 5132 quo
1102 5063 1235 5116 salvi
1276 5066 1428 5132 ﬁant,
1471 5073 1528 5116 ut
1570 5066 1815 5133 ea‘p’eaut
1860 5074 2073 5132 peccata
2102 5080 2198 5117 sua
2228 5079 2366 5116 sent-

801 5169 891 5221 per
918 5168 935 5205 :
963 5155 1187 5221 pervenit
1217 5166 1393 5207 autem
1424 5156 1472 5209 in
1500 5156 1621 5208 illos
1651 5157 1731 5209 ira
1758 5156 1810 5209 in
1844 5156 2021 5224 ﬁnem.

870 5415 939 5469 Et
971 5415 1117 5483 quod
1148 5424 1403 5487 tanquam
1440 5418 1532 5473 Dei
1560 5434 1889 5484 sermonem,
1915 5420 2111 5489 inquit,
2141 5434 2364 5487 accepe-

805 5505 945 5567 ritis,
974 5506 1100 5558 inde
1130 5509 1476 5561 manifestum
1503 5518 1608 5573 est,
1637 5510 1782 5578 quod
1813 5525 1910 5578 pro
1938 5510 2055 5578 ipso
2083 5519 2229 5562 tanta
2256 5510 2363 5578 pati

802 5594 1196 5649 sustinueritis.
1225 5597 1691 5660 Quemadmodum
1724 5600 1867 5653 enim
1896 5615 1957 5653 ex
1990 5600 2073 5653 bis
2101 5616 2219 5671 quae
2248 5600 2365 5668 ipse

872 5774 894 5806 ³
919 5770 1077 5826 Joan.
1124 5790 1214 5837 xx,
1260 5774 1350 5829 29.

2470 3162 2568 3228 τὴν
2587 3160 2917 3214 εὐσέϐειαν.«
2944 3162 3078 3231 Παρ’
3099 3162 3253 3232 ἡμῶν
3282 3164 3372 3215 τοῦ
3391 3164 3547 3216 Θεοῦ.
3565 3165 3729 3234 »Παρ’
3756 3167 3922 3234 ἡμῶν
3959 3168 4061 3235 μὲν

2469 3251 2826 3321 παρελάϐετε,
2851 3254 2948 3322 οὐχ
2980 3255 3012 3323 ἡ
3022 3255 3148 3322 μέτε
3157 3271 3249 3322 ρον
3269 3255 3322 3306 δὲ
3339 3255 3491 3317 ὄντα,
3517 3256 3651 3309 ἀλλά
3676 3256 3769 3308 τοῦ
3797 3256 3945 3311 Θεοῦ
3969 3260 4063 3311 τὸν

2469 3343 2643 3409 λόγον.
2671 3362 2688 3394 ι
2726 3345 2800 3402 Οὐ
2821 3344 2980 3411 λόγον
3011 3345 3335 3415 ἀνθρώπων.
3368 3364 3385 3397 ›
3417 3347 3528 3415 οὐχ
3555 3347 3629 3410 ὡς
3660 3348 3841 3415 λόγον,
3862 3352 4061 3420 φηςι).

2470 3432 2792 3501 ἀνθρώπιον,
2824 3433 2961 3486 ἀλλὰ
2988 3434 3170 3497 καθώς
3209 3434 3356 3487 ἐστιν
3408 3434 3621 3504 ἀληθῶς
3670 3436 3831 3503 λόγος
3890 3440 4059 3491 Θεοῦ.

2473 3523 2543 3574 Ἦ
2577 3524 2849 3588 ἐδέξασθε,
2876 3524 2973 3593 οὐχ
3002 3524 3077 3586 ὡς
3114 3524 3270 3592 λόγον
3293 3526 3613 3593 ἀνθρώπων,
3652 3528 3765 3579 ἀλλ’
3798 3529 3873 3591 ὡς
3897 3531 4065 3597 λέγεν

2469 3612 2625 3666 Θεοῦ.
2664 3614 2878 3678 Καθὼς,
2912 3616 3066 3683 φησὶ,
3095 3618 3186 3668 καὶ
3217 3617 3329 3669 ἐστι
3367 3618 3522 3685 λόγος
3548 3619 3705 3674 Θεοῦ.
3770 3623 3845 3674 Ἤ
3867 3622 4067 3688 ἐδέξα-

2473 3704 2567 3756 σθε
2602 3704 2784 3768 καθώς
2816 3708 2931 3758 ἐστι
2968 3708 3063 3765 καὶ
3126 3707 3323 3777 πρέπει
3356 3709 3612 3774 δέξασθαι
3668 3710 3831 3778 λόγον
3892 3713 4067 3775 Θεοῦ,

2468 3797 2734 3857 τουτέστι,
2771 3798 2906 3865 μετά
2961 3798 3148 3863 φόϐου.
3217 3801 3355 3867 μετὰ
3421 3801 3715 3869 προσοχῆς.
3755 3821 3773 3853 s
3813 3806 3918 3866 ὐς
3972 3808 4070 3857 καὶ

2471 3888 2774 3954 ἐνεργεῖται
2802 3891 2857 3939 ἐν
2891 3889 3043 3956 ὑμῖν.
3082 3908 3100 3940 s
3136 3888 3695 3963 [01ΚΟΥΜΕΝ1οΥ.]
3737 3894 3809 3945 Ἣ
3836 3896 4073 3966 ἐνεργεῖ

2471 3978 2528 4028 ὲν
2558 3977 2706 4043 ὑμῖν,
2738 3979 3006 4040 τουτέστι,
3031 3982 3130 4048 τὴν
3159 3980 3364 4031 οἰκείαν
3393 3980 3625 4049 δύναμιν
3654 3983 4071 4051 ἐπιδείκνυσιν,

2471 4066 2599 4127 iam;
2628 4068 2716 4119 διὰ
2746 4068 2990 4134 σημείων
3018 4068 3203 4130 τινῶν.
3263 4069 3296 4138 ἢ
3353 4074 3680 4141 ἐνεργεῖται,
3740 4075 4072 4140 τουτέστιν,

2472 4156 2623 4222 ubist
2648 4157 2736 4209 διὰ
2757 4155 2851 4211 τοῦ
2880 4156 3147 4227 ὑμετέρου
3177 4156 3315 4228 βίον.

2551 4419 2751 4487 ’Υμεῑς
2800 4420 2911 4489 γὰρ
2957 4422 3206 4490 μιμηταὶ
3234 4424 3579 4493 ἐγενήθητε.
3609 4427 3899 4497 ἀδελφοὶ,
3951 4432 4082 4486 τῶν

2470 4510 2847 4577 Ἑκκλησιῶν
2883 4513 2990 4567 τοῦ
3016 4516 3165 4569 Θεοῦ
3197 4516 3316 4569 τῶν
3347 4518 3639 4575 οὐσῶνέν
3665 4520 3738 4588 τῇ
3785 4521 4081 4592 Ἰουδαίᾳ

2470 4601 2539 4653 ἑν
2600 4602 2832 4668 Χριστῷ
2910 4603 3135 4670 Ἰησοῦ.
3191 4604 3282 4658 ὅτι
3326 4608 3398 4660 τὰ
3453 4610 3605 4662 αι’-τὰ
3648 4609 3921 4665 ἐπάθετε
3975 4619 4079 4669 καὶ

2471 4692 2641 4758 ὑμεῖς
2694 4691 2811 4746 ὑπὸ
2857 4691 2976 4746 τῶν
3033 4694 3197 4747 ἰδίων
3223 4698 3653 4765 συμφυλετῶν,
3718 4705 3939 4769 καθὼς
3974 4708 4081 4759 καὶ

2472 4782 2642 4833 αὐτοὶ
2692 4781 2811 4834 ὑπὸ
2864 4781 2983 4833 τῶν
3024 4783 3329 4839 Ἰουδαίων
3380 4787 3499 4840 τῶν
3544 4792 3643 4841 καὶ
3679 4793 3787 4843 τὸν
3834 4796 4085 4861 Κύριον

2468 4872 2947 4925 ἀποκτεινάντων
2980 4875 3214 4939 Ἰησοῦν
3257 4878 3355 4934 καὶ
3403 4878 3544 4944 τοὺς
3588 4880 3778 4946 ιδίοισς
3814 4891 4085 4957 apo-5:1}-

2466 4980 2593 5029 τας,
2620 4964 2716 5016 καὶ
2739 4963 2889 5032 ἡμᾶς
2915 4964 3342 5033 ἐκδιωξάντων,
3373 4969 3470 5022 καὶ
3504 4972 3626 5036 Θεῷ
3638 4973 3723 5040 μὴ
3753 4975 4087 5041 ἀρεσκόν-

2467 5071 2604 5117 των,
2632 5054 2732 5107 καὶ
2762 5054 2951 5108 πᾶσιν
2976 5056 3311 5125 ἀνθρώποις
3332 5062 3650 5127 ἐναντίων,
3685 5069 3813 5116 κωλ
3826 5072 4091 5123 υόντων

2474 5143 2630 5211 ᾐμᾶς
2670 5145 2793 5207 τοῖς
2852 5146 3054 5199 ἔθνεσι
3110 5149 3381 5214 λαλῆσαι
3411 5153 3512 5203 ἵνα
3542 5152 3856 5220 σωθῶσιν,
3892 5165 3997 5225 εἰς
4020 5164 4089 5216 τὸ

2470 5235 2902 5303 ἀναπληρῶσαι
2964 5239 3162 5291 αὐτῶν
3222 5241 3327 5305 τὰς
3395 5243 3685 5310 ἁμαρτίας
3762 5249 4087 5308 πάντοτε.

2478 5328 2742 5393 Ἔρθασε
2774 5326 2840 5379 δὲ
2866 5327 2958 5378 ἐπ’
2989 5330 3209 5395 αὐτοὺς
3238 5331 3276 5398 ἠ
3304 5333 3448 5400 ὅργὴ
3472 5337 3558 5398 εὶς
3579 5336 3777 5402 τέλος.

2546 5418 2656 5470 Καὶ
2684 5419 2786 5480 ὅτι,
2822 5421 3008 5487 φησὶν,
3054 5421 3129 5482 ὠς
3180 5421 3336 5489 λόγον
3373 5425 3510 5478 Θεοῖ
3566 5428 3859 5495 ἐδέξασθε,
3926 5438 4097 5491 ἔνθεν

2474 5506 2651 5573 δῆμον,
2692 5507 2748 5573 ἐξ
2777 5500 2851 5559 ὧν
2892 5509 3027 5577 ὑπὲρ
3052 5510 3216 5563 αὑτοῦ
3245 5510 3479 5565 rosa-3:1
3509 5515 3699 5568 παθεῖν
3726 5518 4092 5592 ἡνὲςχεςῢε.

2474 5601 2686 5670 ’Ὠτπερ
2713 5602 2821 5671 γὰρ
2856 5601 2915 5664 ἐξ
2938 5595 3013 5655 ὧν
3041 5604 3203 5668 αὐτὸς
3231 5605 3489 5676 ἔπασχεν,
3518 5608 3815 5663 ὲπιστοῦτο
3854 5615 3930 5668 το
3965 5618 4098 5675 Θεῐα
