4158 6432
735 409 808 473 ετξ
1791 410 2188 473 (ECUMENII
2227 406 2517 471 TRICCE
2543 408 2885 473 EPISCOPI
3911 402 3981 467 8i

812 527 924 586 Hoc
964 530 1084 584 loco
1155 543 1252 599 per
1290 530 1661 599 precationem
1687 544 1817 585 suas
1840 546 2063 601 quoque
2126 537 2312 601 partes
2342 531 2386 588 Α

742 629 947 678 tuetur.
988 621 1103 676 Non
1130 620 1252 685 fuit,
1278 623 1475 693 inquit,
1514 638 1630 677 mea
1658 623 1988 695 negligentia
2022 624 2169 693 quod
2200 636 2310 676 non

742 715 982 770 venerim
1020 728 1187 768 :nam
1223 716 1338 785 ipse.
1365 729 1577 785 precor,
1637 723 1695 768 ιιι
1748 718 1999 779 veniam;
2051 725 2311 784 tanquam

745 807 949 861 diceret
980 804 1164 861 :Deus
1190 807 1420 862 obsistat
1481 806 1717 871 Satanae,
1774 809 1865 878 qui
1904 809 2107 877 ubique
2156 808 2316 861 nobis

747 898 1137 968 impedimento
1158 907 1243 954 est
1265 914 1361 969 per
1406 916 1536 955 suas
1573 902 1903 956 tentationes
1941 918 1955 954 :
2002 916 2113 970 quo
2170 909 2316 954 recto

750 990 817 1045 ad
837 1006 935 1046 vos
958 993 1152 1050 itinere
1181 992 1487 1047 veniamus.
1514 1011 1533 1045 ι
1562 994 1915 1048 Abundantes
1933 992 2118 1046 faciat.
2136 1013 2154 1044 ι
2179 991 2317 1047 Vide

746 1089 1005 1152 quantam
1040 1083 1151 1136 vult
1192 1098 1316 1139 esse
1354 1085 1699 1149 charitatem,
1747 1086 1892 1155 quod
1922 1086 2086 1139 etiam
2130 1100 2317 1155 preca-

746 1184 858 1238 tur,
890 1183 950 1228 ut
981 1174 1275 1232 abundent.
1316 1185 1370 1230 et
1393 1176 1693 1232 exuberent
1726 1178 1779 1232 in
1831 1177 2121 1233 charitate.
2161 1198 2178 1229 ι
2204 1177 2318 1231 Mu-

745 1273 840 1319 tua
876 1265 1020 1322 inter
1059 1283 1154 1323 vos
1178 1276 1232 1323 et
1267 1268 1320 1321 in
1351 1283 1560 1323 omnes.
1602 1286 1621 1320 ι
1664 1267 1776 1325 Hoc
1802 1271 1946 1325 enim
1976 1271 2318 1326 Christiano-

748 1371 873 1411 rum
905 1367 1009 1421 est,
1043 1366 1101 1413 ut
1133 1373 1241 1413 non
1272 1368 1486 1414 tantum
1557 1360 1755 1417 fratres
1790 1362 2042 1432 diligant,
2096 1377 2319 1417 verum-

749 1447 913 1501 etiam
946 1462 1136 1502 omnes
1171 1447 1816 1514 homines,etcredentes
1872 1461 1927 1506 et
1984 1453 2317 1508 incredulos.

755 1558 774 1589 ι
808 1538 1273 1603 Quemadmodum
1309 1548 1363 1594 et
1391 1556 1491 1595 nos
1514 1541 1568 1595 in
1601 1557 1719 1597 vos.
1755 1561 1774 1595 ι
1804 1540 2003 1598 Nostra
2052 1546 2197 1599 enim
2231 1544 2317 1598 di-

750 1630 914 1686 lectio
941 1629 1053 1699 jam
1081 1630 1255 1691 adest,
1284 1640 1520 1685 vestram
1550 1648 1681 1687 vero
1710 1633 1824 1689 ﬁeri
1856 1643 2132 1704 optamus.
2187 1654 2205 1687 ι
2250 1633 2320 1690 Ut

752 1720 1061 1776 conﬁrmet.
1104 1738 1123 1772 ι
1160 1722 1325 1793 168
1356 1721 1425 1778 Ut
1470 1725 1730 1788 charitas,
1786 1727 1987 1795 inquit,
2034 1726 2321 1782 conﬁrmet

751 1813 917 1868 corda
948 1821 1153 1869 vestra.
1190 1814 1324 1868 Nam
1360 1816 1404 1871 si
1468 1816 1584 1886 ipsa
1622 1817 1907 1881 exuberet,
1971 1817 2319 1873 conﬁrmatio

753 1904 989 1959 ellicitur
1012 1920 1202 1960 eorum
1234 1906 1520 1975 quiipsam
1559 1907 1703 1962 nacti
1736 1916 1884 1964 sunt.
1919 1907 2094 1964 Corda
2115 1917 2318 1973 vestra,

755 1998 851 2051 ait.
884 1995 1008 2052 "ch
1046 1996 1190 2052 enim
1221 2007 1348 2052 nata
1370 2007 1476 2061 est,
1504 2008 1560 2053 ut
1595 2001 1916 2056 interiorem
1948 2016 2169 2072 quoque
2226 2002 2326 2055 ho-

757 2088 954 2143 minem
1003 2088 1306 2143 conlirmet.
1363 2088 1644 2159 Siquidem
1698 2091 1970 2159 prohibet,
2024 2108 2092 2147 ne
2145 2105 2325 2161 prava:

753 2179 1112 2249 cogitationes
1162 2196 1228 2236 ex
1258 2181 1375 2252 ipsa
1413 2182 1783 2251 egrediantur.
1835 2183 2033 2239 Beatus
2088 2184 2323 2239 Basilius

756 2272 895 2327 libro
920 2272 987 2327 ad
1016 2273 1485 2341 Amphilochium,
1524 2273 1615 2328 ubi
1656 2275 1723 2328 de
1746 2274 1931 2330 divino
1966 2275 2185 2330 disserit
2212 2275 2323 2346 spi-

756 2364 891 2427 ritu,
931 2364 1008 2418 ait
1048 2363 1273 2417 Paulum
1298 2379 1444 2418 nunc
1496 2365 1709 2435 precari
1746 2364 2011 2435 Spiritum
2044 2375 2320 2421 sanctum.

757 2452 891 2518 Quis
918 2452 1061 2507 enim
1086 2461 1190 2514 est,
1223 2452 1422 2523 inquit,
1445 2454 1539 2523 qui
1567 2452 1732 2508 corda
1762 2454 2008 2523 ipsorum
2051 2456 2104 2508 in
2140 2454 2324 2509 chari-

759 2552 872 2599 tate
904 2543 1234 2599 conﬁrmare
1289 2553 1477 2615 posset
1522 2560 1708 2600 coram
1761 2546 1870 2602 Deo
1919 2547 1971 2600 in
2036 2547 2324 2613 prasentia

761 2635 856 2690 lilii
885 2637 909 2690 ?
939 2636 1083 2692 Sane
1127 2637 1373 2706 spiritus.
1430 2638 1569 2705 Quis
1616 2649 1796 2694 autem
1845 2641 2010 2695 alium
2072 2651 2328 2711 precatur

760 2743 923 2797 quam
952 2728 1121 2783 Deum
1149 2730 1172 2783 ?
1208 2747 1227 2779 ι
1261 2728 1396 2784 Vota
1429 2745 1567 2797 mea,
1601 2731 1797 2800 inquit,
1828 2735 1942 2787 sive
1965 2747 2156 2802 preces
2178 2747 2329 2788 meas

761 2818 996 2875 Domino
1026 2820 1249 2874 reddam
1281 2820 1344 2874 “.
1387 2840 1405 2872 ι
1453 2821 1530 2874 lbi
1578 2820 1973 2877 animadverte.
2007 2840 2027 2874 ι
2087 2822 2330 2892 Irrepre-

762 2911 1064 2966 liensibiles
1116 2912 1169 2966 in
1230 2914 1615 2969 sanctimonia.
1667 2933 1685 2965 ι
1752 2914 2064 2971 Sumciebat
2110 2915 2327 2985 quidem

764 3003 951 3059 dicere
970 3004 1512 3075 Irreprehensibiles;
1542 3021 1688 3062 nunc
1707 3017 1889 3062 autem
1917 3007 2123 3063 addidit
2157 3008 2326 3062 etiam

764 3096 823 3149 ln
852 3097 1235 3161 sanctimonia,
1284 3097 1387 3151 hoc
1446 3108 1551 3162 est,
1618 3100 1673 3153 in
1729 3100 1986 3168 puritate.
2041 3098 2157 3155 Non
2198 3099 2333 3153 dicit

2498 530 2767 585 Ἐνταῦθα
2799 531 2886 583 διὰ
2913 528 3013 596 τῆς
3044 528 3207 601 εὐχῆς
3238 530 3351 599 ἅμα
3383 527 3473 581 καὶ
3501 525 3874 593 ἀπολογεῖται,
3905 522 3987 576 ὅτι

2416 622 2475 672 οὗ
2513 623 2642 691 παρ’
2675 620 2837 691 ἐμὴν,
2878 621 3063 688 φησὶν,
3098 620 3359 689 ἀμέλειαν
3386 620 3486 672 οὐκ
3509 613 3702 687 ἦλθον·
3740 617 3839 669 καὶ
3875 618 3986 685 γὰρ

2418 714 2658 782 καὶεύχή
2694 731 2803 783 μοι,
2840 718 2997 781 φησι,
3030 712 3091 765 τὸ
3122 712 3317 776 ἐλθεῖν,
3351 710 3480 762 ὡσεὶ
3508 710 3691 775 ἔλεγεν
3713 708 3821 758 ’.⁸0
3855 707 3990 763 Θεὸς

2417 806 2646 875 ἐκκόψαι
2680 806 2770 859 τὸν
2818 806 3061 858 Σατανᾶν
3090 803 3181 857 τδν
3233 800 3513 871 πανταχοῦ
3561 803 3689 869 ἡμῖν
3732 798 3820 851 διὰ
3874 797 3984 849 τῶν

2418 899 2740 969 πειρασμῶν
2774 896 3159 967 ἐμποδίζοντα,
3211 896 3296 949 ἵνα
3329 893 3497 962 ὀρθὴν
3526 892 3643 944 όδὲν
3680 891 3817 957 πρὶς
3845 890 3992 955 ὑμᾶς

2418 990 2794 1059 ποιησώμεθα.
2850 1008 2868 1040 ι
2918 987 3239 1041 ῐιλεονάσαι.
3280 1004 3297 1037 ι
3354 985 3497 1054 Ὅρα
3546 984 3720 1050 πόσην
3768 982 3993 1046 ἀγάπην

2420 1077 2559 1134 εἶναι
2598 1079 2869 1150 βούλεται,
2900 1079 2983 1131 ὅτι
3017 1080 3113 1130 καὶ
3144 1076 3440 1130 πλεονάσαι
3490 1074 3584 1126 καὶ
3631 1069 3993 1139 περισσεῦσαι

2420 1173 2617 1234 αὐτοὺς
2643 1171 2702 1222 ὲν
2730 1172 2795 1239 τῇ
2830 1170 3018 1239 ἀγάπῃ
3050 1167 3291 1237 εὔχεται.
3326 1184 3344 1217 ι
3375 1165 3466 1227 Et;
3498 1162 3756 1231 ἀλλήλους
3788 1161 3882 1212 καὶ
3910 1164 3991 1216 εἲς

2422 1264 2652 1325 πάντας.
2684 1281 2700 1313 ι
2734 1262 2903 1315 Τοῦτο
2932 1266 3039 1330 γὰρ
3072 1257 3437 1329 Χριστιανῶν,
3465 1254 3527 1306 τὸ
3559 1254 3632 1323 μὴ
3670 1253 3827 1322 μόνον
3860 1253 3991 1313 τοὺς

2426 1354 2689 1424 ἀδελφοὺς
2723 1354 2964 1423 ἀγαπᾷν,
2991 1350 3128 1404 ἀλλὰ
3154 1350 3249 1402 καὶ
3284 1349 3493 1409 πάντας
3530 1344 3869 1415 ἀνθρώπους,
3893 1341 3995 1392 καὶ

2422 1447 2669 1510 πιστοὺς,
2723 1446 2813 1498 καὶ
2863 1443 3145 1505 ἀπίστους.
3192 1460 3208 1491 ι
3256 1438 3525 1507 Καθάπερ
3561 1437 3654 1489 καὶ
3698 1436 3857 1502 ἡμεῖς
3912 1434 3995 1493 εἰς

2422 1539 2588 1607 ὑμᾶς.
2627 1558 2645 1589 ³
2700 1537 2774 1591 Τὸ
2806 1537 2903 1606 μὲν
2950 1534 3108 1605 ήμῶν
3141 1532 3396 1603 πάρεστι,
3442 1529 3606 1599 φησι.
3638 1526 3700 1579 τὸ
3732 1526 3789 1579 δὲ
3838 1524 3999 1592 ὑμῶν

2423 1630 2674 1698 γενέσθαι
2735 1626 3031 1697 εὐχόμεθα.
3069 1644 3088 1677 ε
3113 1625 3205 1687 Ei;
3232 1624 3295 1677 τὸ
3324 1620 3595 1693 στηρίξαι.
3630 1636 3649 1670 s
3679 1618 3771 1680 Εἰς
3799 1616 3857 1669 τὸ
3894 1616 3997 1683 τὴν

2422 1724 2663 1792 ἀγάπην,
2701 1722 2856 1792 φησὶ.
2889 1719 3140 1791 στηρίξαι
3168 1719 3322 1788 ὑμῶν
3352 1719 3450 1779 τὰς
3468 1714 3717 1782 καρδίας.
3756 1713 3851 1763 Ἂν
3882 1707 4001 1775 γὰρ

2424 1816 2563 1887 αὐτὴ
2628 1814 2951 1885 περισσεύῃ,
2985 1810 3287 1881 στηριγμός
3334 1811 3449 1861 ἐστι
3496 1805 3606 1860 τῶν
3636 1801 3999 1871 κεκτημένων

2427 1908 2618 1978 αὑτήν.
2647 1907 2781 1977 (Τὰς
2808 1904 3033 1976 καρδίας
3073 1902 3283 1971 φησίν.)
3313 1900 3461 1967 Αὕτη
3500 1896 3607 1966 γὰρ
3640 1894 3734 1948 καὶ
3767 1892 3857 1945 τὸν
3886 1891 4001 1943 ἔσω

2427 2000 2713 2068 ἄνθρωπον
2754 1996 3029 2067 στηρίζειν
3076 1994 3316 2061 πέφυκε.
3352 1987 3697 2054 Κωλύειγὰρ
3720 1983 4000 2036 ἐκϐαίνειν

2426 2091 2483 2155 ἐξ
2511 2091 2681 2160 αὐτῆς
2707 2087 3087 2155 διαλογισμοὺς
3114 2081 3405 2152 πονηρούς.
3442 2082 3501 2131 Ὀ
3538 2077 3800 2147 μακάριος
3833 2074 4003 2126 Βατία

2425 2178 2568 2241 λειος
2626 2178 2684 2229 ὲν
2726 2175 2805 2246 τῷ
2866 2174 3003 2244 πρὸς
3055 2171 3409 2241 Ἀμςιλὸχιον
3457 2168 3585 2222 ἔνθα
3634 2166 3874 2226 θεολογεῖ
3939 2162 4004 2214 τὶ

2426 2269 2663 2337 πνεῦμα,
2697 2266 2832 2336 φησὶ
2867 2266 2958 2318 τὸν
2986 2263 3220 2326 Παῦλον,
3269 2263 3401 2315 αὐτὸ
3442 2262 3504 2314 τὸ
3538 2260 3694 2326 ᾶγιον
3742 2254 4003 2324 εὒχεςθαι

2428 2360 2653 2427 Πνεῦμα
2684 2358 2799 2411 νῦν.
2831 2357 2927 2419 Τίς
2958 2356 3066 2425 γὰρ
3094 2357 3121 2408 ὁ
3166 2352 3441 2423 στηρίξαι,
3495 2350 3682 2420 φησιν,
3720 2349 3778 2399 ἐν
3808 2346 4003 2413 ἀγάπῃ

2426 2452 2523 2515 τὰς
2552 2450 2781 2519 καρδίας
2830 2449 3010 2501 αὐτῶν
3039 2448 3177 2518 ἔχων
3219 2445 3527 2517 ἔμπροσθεν
3558 2440 3649 2495 τοῦ
3690 2439 3900 2504 Πατρδς
3946 2439 4005 2487 ἐν

2434 2548 2499 2614 τῇ
2535 2542 2807 2615 παρουσία
2838 2540 2931 2594 τοῦ
2964 2540 3130 2605 Υίοῦ;
3160 2539 3401 2608 δηλονότι
3439 2537 3499 2590 τὸ
3545 2533 3781 2601 πνεῦμα.
3812 2530 3908 2591 Τίς
3946 2530 4006 2581 δὲ

2430 2636 2650 2705 εὔχεται
2691 2634 2885 2703 ἑτέρῳ,
2939 2632 3077 2701 πλὴν
3119 2630 3271 2699 esp;
3319 2651 3335 2679 ι
3370 2629 3479 2690 Τὰς
3514 2626 3677 2694 εὐχάς
3720 2638 3820 2693 μου
3866 2622 4005 2689 γὰρ,

2433 2728 2593 2799 φησι,
2626 2727 2704 2797 τῷ
2732 2727 2924 2796 Κυρίῳ
2946 2723 3229 2779 ἀποδώσω.
3254 2742 3271 2775 ι
3295 2722 3441 2775 Ἐκεῖ
3474 2720 3728 2789 πρόσχες.
3751 2738 3767 2765 ι
3790 2717 3847 2767 Ἀ
3860 2715 3926 2783 με
3938 2732 4012 2781 μ.-

2432 2836 2599 2881 πτονς
2646 2822 2705 2873 ὲν
2744 2815 3045 2889 ἁγιωσύνῃ.
3078 2835 3096 2867 ι
3161 2816 3360 2885 Ἤρκει
3401 2812 3499 2881 μὲν
3544 2810 3605 2862 τὸ
3652 2808 4012 2877 ἀμέμπτους.

2432 2910 2524 2964 νῦν
2548 2910 2604 2963 δὲ
2639 2909 2734 2963 καὶ
2762 2908 2842 2972 τὸ,
2880 2907 2968 2960 Ἐν
2991 2906 3289 2977 ἁγιωσύνῃ,
3310 2902 3714 2976 προστέθεικεν,
3739 2893 3874 2960 οἷον,
3915 2896 4013 2947 Ἐν

2435 3000 2783 3070 καθαρότητι.
2820 2999 2894 3051 Οὐ
2932 2998 3083 3065 λέγει
3136 2998 3189 3050 δὲ
3225 2998 3353 3065 περὶ
3393 2991 3748 3063 σωφροσύνης
3805 2988 4012 3055 μόνης.

2433 3091 2568 3144 ἀλλὰ
2620 3088 2716 3143 καὶ
2768 3088 2897 3158 περὶ
2954 3089 3135 3157 πάσης
3167 3087 3389 3156 ἀρετῆς.
3413 3084 3584 3136 Τοῦτο
3634 3081 3743 3150 γαρ
3784 3077 4017 3146 ἀληθῶς

764 3195 945 3241 autem
973 3186 1037 3241 de
1065 3188 1182 3241 sola
1213 3187 1498 3257 pudicitia,
1532 3188 1625 3245 sed
1653 3201 1708 3244 et
1738 3188 1808 3245 de
1855 3190 2002 3244 omni
2064 3189 2263 3245 virtute
2310 3208 2323 3244 :

2435 3182 2725 3251 ἁγιασμὸς,
2763 3181 2824 3235 τὺ
2875 3180 3076 3243 παντὸς
3114 3178 3287 3248 ῥύπου
3332 3174 3572 3244 καθαρὸν
3606 3169 3767 3227 εἶναι.
3813 3189 3832 3222 ι
3860 3170 4016 3237 Ἐμο

767 3289 892 3329 nam
913 3274 967 3329 id
1000 3290 1127 3330 vere
1153 3276 1513 3331 sanctimonia
1533 3285 1634 3341 est,
1667 3278 1735 3333 ab
1762 3279 1911 3334 omni
1938 3278 2103 3333 sorde
2132 3293 2328 3348 purum

766 3380 910 3421 esse.
954 3383 973 3417 ι
1016 3364 1211 3420 Coram
1248 3366 1376 3421 Deo.
1404 3386 1422 3417 ι
1457 3368 1562 3423 Aut
1601 3368 1701 3423 hoc
1732 3368 1847 3423 ait:
1878 3368 1937 3422 In
1966 3368 2329 3424 sanctimonia

767 3468 952 3509 coram
988 3454 1167 3510 Patre.
1229 3453 1353 3509 Hmc
1417 3457 1561 3511 enim
1630 3472 1759 3513 vere
1807 3458 2167 3513 sanctimonia
2224 3466 2328 3522 est,

770 3544 971 3598 habere
1012 3544 1183 3614 ipsam
1234 3544 1408 3600 oculis
1438 3544 1531 3600 Dei
1558 3546 1993 3617 comprobatam.
2054 3546 2333 3615 Autjudi-

769 3643 930 3689 caute
989 3634 1233 3699 Christo,
1287 3635 1434 3705 quod
1494 3636 1756 3691 indicium
1805 3638 1865 3692 tit
1907 3653 2093 3694 coram
2148 3637 2327 3693 Patre.

774 3723 877 3778 Ubi
937 3738 1173 3795 namque
1241 3734 1426 3797 posset
1504 3729 1697 3783 abesse
1753 3729 1847 3799 qui
1922 3732 2104 3784 omnia
2161 3730 2334 3800 replet

770 3815 963 3871 Pater?

1399 3956 1625 4015 CtPUT
1656 3958 1742 4017 IV.

772 4093 1105 4166 Exhortatio
1150 4094 1218 4166 ad
1269 4096 1689 4162 temperantiam,
1716 4095 2007 4163 justitiam,
2037 4099 2337 4166 fraternum

866 4164 922 4217 in
984 4164 1192 4231 judicio
1270 4180 1501 4218 amorem
1567 4176 1617 4219 et
1693 4166 1923 4221 laborem
1988 4164 2045 4222 in
2122 4174 2339 4239 proprio

868 4249 1039 4301 opere.

847 4362 939 4427 IV,
977 4356 1279 4430 i-8.'Quod
1306 4376 1539 4432 superest
1583 4367 1765 4437 igitur,
1825 4370 2037 4437 fratres,
2092 4384 2338 4438 rogamus

776 4470 868 4511 vos
906 4464 957 4511 et
988 4457 1335 4510 adhortantur
1385 4473 1476 4525 per
1510 4459 1791 4513 Dominum
1824 4458 2031 4527 Jesum,
2087 4460 2341 4529 quemad-

2438 3274 2679 3347 προσθεν
2716 3272 2810 3328 τοῦ
2836 3272 2993 3326 Θεοῦ.
3021 3290 3040 3325 s
3064 3272 3135 3325 Ἦ
3175 3268 3333 3323 τοῦτό
3364 3284 3550 3339 φησιν,
3596 3266 3684 3318 Ἐν
3726 3262 4019 3331 ἁγιωσύνῃ

2439 3374 2505 3443 τῇ
2537 3369 2846 3441 ἔμπροσθεν
2872 3367 2965 3421 τοῦ
2994 3366 3226 3437 Πατρός.
3260 3364 3406 3433 Λῦτη
3436 3363 3544 3434 γὰρ
3578 3365 3611 3430 ἡ
3642 3361 3810 3421 ὅντως
3841 3359 4021 3424 ἁγιω-

2443 3461 2597 3529 σύνη,
2622 3460 2681 3512 τὸ
2701 3458 2844 3529 ἔχειν
2864 3457 3034 3529 αὐτὴν
3059 3460 3169 3520 τοῖς
3194 3456 3489 3526 ὀφθαλμοῖς
3515 3452 3609 3505 τοῦ
3626 3452 3759 3505 Θεοῦ
3793 3467 3867 3519 μα
3880 3466 4018 3518 ptu-

2443 3552 2735 3623 ρουμένην.
2773 3550 2845 3602 Ἦ
2889 3550 2971 3602 ὅτι
3009 3547 3288 3618 κρίνοντος
3312 3546 3405 3600 τοῦ
3445 3542 3702 3617 Χριστοῦ,
3732 3544 3856 3612 ἥτις
3892 3542 4022 3611 κρί-

2443 3661 2527 3706 σις
2576 3640 2883 3713 ἔμπροσθεν
2929 3638 3025 3694 τοῦ
3063 3640 3277 3711 Πατρδς
3312 3640 3541 3709 γίνεται.
3594 3636 3704 3691 Ποῦ
3756 3636 3866 3707 γὰρ
3915 3636 4021 3688 καὶ

2442 3736 2661 3790 ἀπεῖναι
2692 3730 2837 3805 εἶχεν
2864 3735 2893 3788 ὁ
2917 3734 3095 3790 πάντα
3124 3732 3349 3806 πληρῶν
3377 3732 3603 3803 Πατήρς

3044 3959 3296 4014 ΚΕΦΔΛ.
3338 3959 3413 4013 A'.

2450 4097 2808 4168 Παραίνεσις
2848 4094 3738 4168 σωὲροσύνηςηδικαιοσύνης,
3916 4096 4029 4150 ἐπὶ

2516 4163 2711 4235 ἐρίσει
2784 4163 3225 4234 φιλαδελφίας,
3287 4165 3572 4235 ἐργασίας
3631 4163 4030 4235 ιδιοκράγμο-

2516 4256 2642 4302 νος.
3306 4268 3317 4278 ο

2527 4375 2596 4429 Τὸ
2631 4372 2849 4427 ,λοιπὸν
2890 4367 3023 4435 οὖν,
3066 4369 3341 4438 ἀδελφοί,
3382 4368 3690 4439 ἐρωτῶμεν
3716 4368 3873 4438 ὑμᾶς
3919 4371 4033 4426 καὶ

2453 4464 2916 4535 παρακαλοῦμεν
2941 4463 3222 4530 ἐνΚυρΙῳ
3259 4460 3482 4526 Ἰησοῦ,
3519 4461 3712 4526 καθὼς
3749 4463 4035 4528 παρελά-

779 4552 993 4603 modum
1029 4551 1300 4619 accepistis
1351 4568 1383 4604 a
1427 4553 1576 4606 nobis
1638 4554 1897 4622 quomodo
1962 4564 2198 4621 oporteat
2249 4571 2330 4609 nos

2451 4561 2581 4613 σετε
2604 4558 2740 4623 παρ’
2774 4553 2942 4623 ήμῶν
2974 4553 3040 4607 τὸ
3074 4552 3201 4616 πῶς
3228 4551 3321 4605 δεῖ
3347 4550 3500 4621 ὑμᾶς
3532 4552 3880 4620 περιπατεῖν
3919 4556 4033 4608 καὶ

780 4641 980 4695 uersari
1014 4651 1063 4695 et
1097 4642 1306 4709 placere
1342 4641 1467 4706 Deo,
1496 4653 1553 4696 ut
1583 4643 1861 4698 abundetis
1900 4644 2089 4714 magis.
2148 4643 2334 4699 Nostis

777 4736 915 4789 enim
940 4750 1058 4803 qua
1114 4745 1373 4804 prwcepta
1428 4735 1726 4789 dederimus
1756 4737 1900 4790 vobis
1928 4752 2019 4803 per
2059 4736 2342 4789 Dominum

776 4827 1120 4882 Jesum.Ha'c
1146 4830 1283 4882 enim
1312 4828 1636 4883 estrotuntas
1660 4828 1755 4883 Dei
1778 4830 2128 4897 sanctiﬁcatio
2154 4839 2341 4893 vestra,

783 4918 945 4990 169
966 4932 1023 4972 ut
1050 4920 1360 4974 abstineatis
1394 4937 1425 4972 a
1454 4923 1792 4986 scortatione,
1818 4931 1867 4973 et
1893 4923 2026 4974 sciat
2060 4922 2343 4989 unusquis-

777 5028 875 5078 que
897 5021 1124 5065 vestrunt
1177 5029 1264 5065 vas
1287 5028 1441 5065 suum
1492 5013 1757 5079 possidere
1780 5029 1896 5065 cum
1927 5013 2347 5081 sanctiﬁcatione

779 5113 827 5157 et
849 5104 1064 5166 honore,
1095 5119 1195 5156 non
1220 5119 1338 5156 cum
1365 5104 1559 5172 aﬂ‘ectu
1598 5106 2060 5172 concupiscentia',
2095 5106 2229 5158 sicut
2296 5112 2345 5157 et

780 5202 955 5263 gentes
973 5209 1085 5263 qua:
1116 5210 1219 5246 non
1251 5205 1501 5247 noverunt
1539 5194 1703 5248 Deum
1732 5211 1750 5248 :
1774 5211 1833 5248 ne
1849 5197 1963 5264 quis
1990 5194 2349 5264 transgrediu-

783 5298 870 5338 tur
894 5300 956 5338 ac
983 5287 1190 5353 fraudet
1224 5286 1277 5338 in
1303 5300 1451 5352 opere
1473 5286 1691 5354 fratrem
1722 5302 1901 5347 suum,
1920 5296 2191 5354 propterea
2210 5288 2347 5354 quod

782 5379 923 5430 ultor
937 5378 999 5431 sit
1024 5376 1273 5430 Dominus
1286 5376 1349 5430 de
1363 5377 1601 5431 omnibus
1616 5379 1718 5440 Itis,
1738 5378 2171 5447 quemadmodum
2186 5380 2346 5431 etiam

784 5478 902 5520 ante
930 5468 1166 5521 diximus
1199 5468 1339 5520 vobis
1360 5478 1408 5521 et
1444 5469 1624 5520 testati
1655 5485 1854 5521 sumus.
1892 5467 2014 5521 Non
2066 5470 2205 5521 enim
2262 5485 2349 5521 ro-

784 5561 923 5612 cavit
951 5575 1044 5612 uos
1072 5560 1208 5613 Deus
1269 5561 1620 5613 immunditia:
1656 5577 1841 5619 causa.
1874 5562 1963 5612 sed
2010 5564 2078 5612 ait
2109 5562 2353 5624 sancti/i-

783 5648 1067 5711 rationem,
1106 5648 1336 5701 Proinde
1352 5650 1440 5715 qui
1474 5650 1663 5715 reficit.
1696 5668 1796 5702 non
1858 5652 2117 5703 hominem
2159 5652 2353 5718 rcjirit,

888 5830 927 5861 "
976 5826 1119 5885 Psul.
1150 5843 1273 5892 cxv,
1314 5829 1390 5883 li.

2447 4650 2728 4719 ἀρέσκειν
2761 4644 2902 4709 Θεῷ.
2936 4646 3035 4697 ἵνα
3080 4644 3479 4711 περισσεύητε
3513 4644 3772 4712 μᾶλλον.
3805 4645 4042 4701 Οἴδατε

2452 4742 2561 4810 γὰρ
2589 4740 2755 4803 τίνας
2794 4736 3198 4804 παραγγελίας
3244 4734 3547 4802 ἐδώκαμεν
3570 4734 3713 4802 ὑμῖν
3757 4733 3856 4787 διὰ
3912 4738 4039 4790 τοῦ

2453 4831 2673 4898 Κυρίου
2711 4828 2929 4895 Ἰησοῦ.
2955 4827 3133 4881 Τοῦτο
3164 4826 3271 4895 γάρ
3295 4827 3426 4879 ἐστι
3452 4826 3681 4894 θέλημα
3710 4826 3814 4878 τοῦ
3846 4828 4039 4891 θεοῦ,

2454 4932 2486 4981 ό
2551 4924 2846 4995 ἁγιασμὸς
2912 4920 3100 4993 ὑμῶν,
3159 4924 3484 4990 ἀπέχεσθαι
3543 4920 3696 4990 ὑμᾶς
3740 4921 3858 4973 ἀπὸ
3912 4922 4045 4988 τῆς

2445 5019 2748 5085 πορνείας,
2768 5015 2987 5069 ειδέναι
3010 5014 3271 5068 ἕκαστον
3291 5012 3456 5082 ὑμῶν
3476 5016 3540 5066 τὸ
3562 5013 3780 5067 ἑαυτοῦ
3796 5013 3987 5065 σκεῦε
4006 5036 4047 5079 ς

2446 5107 2704 5163 κτᾶσθαι
2735 5108 2805 5160 ἐν
2837 5106 3109 5174 ἁγιασμῷ
3147 5106 3244 5160 καὶ
3282 5103 3443 5173 τιμῇ,
3475 5104 3560 5172 μὴ
3599 5104 3668 5155 ἑν
3694 5102 3865 5155 πάθει
3894 5104 4047 5158 ἐπι-

2445 5199 2679 5268 θυμίας,
2710 5197 2976 5264 καθάπερ
3021 5198 3118 5249 καὶ
3151 5195 3220 5251 τὰ
3267 5197 3413 5262 ἔθνη
3445 5197 3514 5249 τὰ
3551 5213 3592 5263 μ
3605 5194 3636 5261 ὴ
3686 5193 3886 5246 εἰδότα
3916 5198 4049 5246 τιτι·

2447 5290 2614 5349 Θεὸν,
2637 5286 2701 5339 τὸ
2728 5286 2815 5355 μὴ
2857 5286 3236 5354 ὑπερϐαίνειν
3274 5285 3372 5338 καὶ
3398 5283 3786 5337 πλεονεκτεῖν
3821 5284 3894 5334 ἐν
3946 5284 4053 5350 τῷ

2452 5379 2749 5447 πράγματι
2781 5378 2889 5432 τὸν
2944 5377 3211 5445 ἀδελφὸν
3258 5376 3465 5436 αὐτοῦ,
3508 5374 3655 5427 διότι
3706 5374 3948 5440 ἔκδικος
4011 5382 4053 5431 ὀ

2456 5473 2669 5539 Κύριος
2699 5471 2831 5538 περὶ
2881 5470 3122 5524 πάντων
3156 5470 3409 5531 τούτων,
3462 5468 3653 5533 καθὼς
3687 5468 3783 5520 καί
3824 5472 4055 5534 προεί-

2458 5577 2654 5631 παμεν
2694 5562 2834 5630 ὑμῖν
2869 5563 2966 5615 καὶ
3025 5560 3549 5629 διεμαρτυράμεθα.
3602 5562 3685 5612 Οὐ
3728 5556 3836 5627 γὰρ
3889 5559 4057 5612 ἐπεὶ-

2460 5657 2643 5707 ,πεσεν
2694 5653 2848 5722 ἡμᾶς
2910 5656 2942 5702 r'
2996 5652 3139 5714 Θει¹ς
3186 5651 3282 5703 ἐπὶ
3340 5652 3693 5719 ἀκαθαρσίᾳ.
3746 5650 3889 5702 ἀλλ’
3963 5652 4058 5708 ἐν
