4158 6432
149 440 218 505 85
1063 445 1449 507 (ΣΟΜΜΕΧΤ.
1485 446 1565 507 1N
1607 445 1727 506 EPI

1834 497 1844 507 .
1881 448 1903 507 I
1946 450 2040 509 AD
2078 452 2440 513 TIIESSAL.
3330 458 3399 515 86

150 549 441 621 ἁγιασμῷ.
500 551 821 619 τοιγαροῦν
870 554 899 605 ό
951 552 1196 612 ἀθετῶν,
1238 556 1347 607 οὐκ
1413 556 1724 621 ἆι·“7ρω.·τοι·

1835 560 1925 612 sed
1994 562 2154 615 ficum
2184 607 2196 626 ,
2240 568 2329 633 qui
2388 566 2528 619 dedit
2567 565 2813 634 spiritum
2845 582 2994 619 suum
3056 578 3293 623 sanctum
3349 576 3398 621 in

149 642 359 705 ἀθετεῖ,
384 643 551 696 ἀλλὰ
589 643 698 697 τὸν
730 645 877 697 Θεὸν
914 646 1020 697 τόν
1053 646 1151 700 καὶ
1173 644 1357 698 δόντα
1384 646 1447 698 τὸ
1483 646 1723 715 Πνεῦμα
1828 667 1935 703 ros.

148 734 332 789 αὑτοῦ
360 735 429 789 τὸ
470 735 645 803 ἅγιον
664 738 749 803 εις
772 737 947 806 ὑμᾶς.

219 846 239 879 ι
264 827 340 881 Τὸ
374 829 559 882 λοιπῦν
601 828 716 891 οῦν,
743 830 981 899 ἀδελφοί.
1020 851 1038 884 ι
1068 833 1239 885 Τοῦτο
1268 833 1375 903 γὰρ
1408 834 1595 887 λεῖπον
1620 876 1632 894 .
1666 834 1725 887 τὸ

148 921 222 983 είς
236 920 569 992 παραίνεσιν
588 920 779 973 ἐλθεῖν.
800 923 870 975 Ἦ
886 921 949 975 τὸ
967 922 1154 976 λοιπὸν
1182 925 1301 977 ἀντὶ
1324 923 1417 977 τοῦ
1442 924 1725 994 ἀποχρών-

152 1030 254 1075 τως
288 1014 465 1065 ἐστίν.
506 1031 524 1063 ι
549 1013 873 1083 Ἐρωτῶμεν
899 1014 1065 1084 ὑμᾶς.
1100 1034 1118 1066 ι
1157 1014 1230 1069 Τὸ
1270 1015 1609 1085 Ἐρωτῶμεν
1633 1016 1727 1068 καὶ

147 1102 648 1172 παρακαλοῦμεν,
682 1104 880 1157 ταύτόν
917 1105 1035 1157 ἐστι
1073 1104 1171 1157 καὶ
1212 1105 1539 1174 ίσοδυναμεί.
1580 1123 1598 1155 ι
1638 1105 1727 1157 Ἐν

147 1195 340 1263 Κυρίῳ
388 1195 583 1265 Ἰησοῦ.
622 1214 642 1247 ι
670 1195 814 1267 Ὅρα
858 1198 1380 1269 ταπεινοφροσύνην.
1428 1196 1563 1250 Οὐδὲ
1594 1196 1729 1267 πρὸς

146 1286 497 1357 παράκλησιν
526 1286 717 1340 ἑαυτὸν
755 1286 1065 1351 ἀξιόπιστον
1111 1286 1251 1342 εἷναι
1291 1289 1547 1359 νομίζει,
1596 1289 1732 1342 ἀλλὰ

142 1379 232 1429 τὶν
248 1379 494 1448 Χριστὸν
520 1378 954 1449 παραλαμϐάνει.
974 1382 1070 1433 Διά
1092 1380 1186 1432 τοῦ
1213 1380 1450 1450 Χριστοῦ
1472 1381 1601 1451 γὰρ.
1626 1399 1730 1451 φη·

144 1472 248 1533 σιν,
270 1472 299 1523 ύ
308 1472 421 1540 μᾶς
434 1488 509 1523 πα
519 1471 756 1543 ρακαλῶ.
770 1492 788 1524 ι
800 1471 996 1535 Καθὼς
1010 1491 1083 1525 πα
1091 1472 1364 1543 ρελάὸετε.
1380 1493 1396 1521 ι
1409 1472 1481 1525 T6
1498 1492 1567 1525 πα
1576 1474 1707 1543 ρελά
1717 1501 1734 1513 -

141 1562 289 1627 6ετε,
339 1563 405 1615 οὐ
435 1564 694 1633 ῥημάτων
718 1564 877 1632 μόνον
905 1563 1074 1629 ἐστὶν,
1095 1562 1230 1616 ἀλλά
1249 1564 1342 1616 καὶ
1370 1565 1730 1635 πραγμάτων.

151 1653 245 1720 Ἐξ
273 1647 351 1709 ὧν
368 1655 480 1726 γὰρ
507 1655 668 1717 αὐτὸς
685 1655 853 1720 ὲδίου,
880 1654 1048 1719 τύπος
1074 1657 1185 1718 τοῖς
1214 1654 1480 1726 μαθηταῖς
1504 1658 1733 1724 ἐγίνετο.

147 1748 300 1799 ιἾνα
318 1746 740 1818 περισσεύητε.»
762 1747 872 1800 Καὶ
891 1746 1050 1799 πλέον
1072 1763 1147 1812 τι,
1172 1747 1358 1817 φησὶν,
1374 1740 1450 1801 ὧν
1468 1746 1736 1817 ἠκούσατε

143 1842 376 1895 ποιεῖτε.
401 1840 490 1903 Ὠς
519 1840 734 1911 νηπίοις
760 1839 869 1910 γὰρ
893 1839 952 1892 ού
974 1838 1042 1892 τὰ
1065 1839 1246 1892 τέλεια
1278 1839 1541 1904 ὲπὲταξα,
1570 1839 1725 1909 φησί.

148 1931 548 2001 Προὸαίνοντες
579 1931 635 1983 δὲ
662 1935 729 2002 τῇ
759 1932 961 1997 πίστει,
989 1931 1309 2003 προδαίνετε
1334 1934 1426 1985 καὶ
1454 1935 1521 2003 τῇ
1569 1934 1725 1985 πολι-

143 2025 288 2094 τεία.
331 2041 350 2073 ι
385 2023 582 2076 Οἴδατε
609 2024 716 2095 γὰρ
745 2022 897 2086 τίνας
934 2023 1364 2094 παραγγελίας.)
1401 2025 1479 2094 Τῇ
1502 2026 1728 2078 ὲκεὲνων

150 2116 345 2186 μνήμῃ
398 2114 861 2184 ἐγγεγραμμένας
917 2114 1085 2177 αὑτὰς
1152 2114 1575 2184 καταλιμπάνει.
1613 2134 1631 2167 ι
1671 2116 1729 2169 Ὀ

147 2203 427 2274 ἁγιασμὸς
457 2204 631 2273 ὑμῶν.
659 2222 678 2253 ι
718 2203 943 2273 Θέλημα
970 2203 1079 2273 γὰρ
1108 2202 1265 2270 Θεοῦ,
1296 2205 1483 2274 φησιν,
1536 2207 1569 2275 ἡ
1618 2222 1729 2259 σω-

145 2297 395 2367 ᾳροσύνη
430 2296 605 2366 ὑμῶν.
643 2296 733 2349 Ἐν
756 2294 961 2366 ἑκάστῃ
984 2296 1040 2349 δὲ
1064 2295 1487 2365 Ἐπιστολῇ,τῆς
1521 2312 1732 2367 σωφρο-

152 2390 319 2458 σύνης
349 2388 587 2457 μάλιστα
626 2388 795 2441 πολὺν
825 2390 1060 2441 ποιεῖται
1106 2387 1285 2455 λόγον.
1319 2384 1441 2441 Οἵδε
1469 2387 1578 2459 γὰρ
1634 2388 1729 2441 τοῦ

148 2479 357 2542 πάθους
390 2479 453 2532 τὸ
480 2479 808 2548 τυραννικὸν
832 2480 929 2531 καὶ
958 2478 1422 2549 δυσκατόρθωτον.
1449 2499 1467 2531 ι
1499 2480 1732 2551 Ἀπέχε-

156 2572 272 2623 ιθαι
299 2571 451 2639 ὑμᾶς
480 2571 591 2623 ἀπὸ
626 2573 728 2641 τῆς
756 2570 1030 2640 πορνείας.
1063 2588 1083 2622 ι
1134 2571 1231 2634 Τίς
1264 2571 1319 2625 δὲ
1353 2574 1380 2625 6
1409 2573 1681 2641 ἀγιασμός
1715 2590 1728 2638 ;

157 2662 489 2731 ’Ᾱπὲχεσθαι
522 2662 684 2731 ὑμᾶς,
723 2663 909 2732 φησὶν,
931 2663 1038 2716 ἀπὸ
1071 2662 1253 2729 πάσης
1273 2666 1560 2733 πορνείας·
1595 2665 1729 2717 πολ-

150 2756 214 2807 λι
245 2755 361 2826 γάρ
406 2754 710 2815 ἀκολασίας
743 2753 881 2823 εῑδη.
916 2770 935 2804 ι
985 2753 1197 2807 mm;
1229 2753 1459 2807 ἕκαστον
1508 2754 1681 2824 ὑμῶν.
1708 2773 1726 2806 ι

151 2848 290 2917 Ἄρα
331 2846 624 2914 ἀσκήσεως
648 2847 742 2897 καὶ
798 2843 1087 2913 μαθήσεώς
1118 2845 1237 2897 ἐστι
1293 2845 1355 2898 τὸ
1410 2848 1729 2914 σωφρονεῖν.

153 2956 169 2987 ι
198 2938 273 2989 τὸ
313 2935 520 2990 ἑαυτοῦ
553 2934 767 2998 σκεῦος.
800 2953 815 2986 ι
852 2932 1071 2998 Σκεῦος,
1109 2935 1170 2987 τὺ
1197 2935 1356 3005 σῶμά
1388 2952 1571 3002 φησιν.
1607 2936 1733 2989 Ἐὰν

148 3030 235 3083 οὖν
281 3031 425 3083 αὐτὸ
455 3032 515 3083 ὲν
539 3029 797 3099 ἁγιασμῷ
828 3029 1063 3100 ἔχωμεν,
1092 3030 1252 3100 ἡμεῖς
1291 3029 1425 3083 αὐτὸ
1456 3031 1732 3100 κεκτήμε-

150 3123 248 3172 lla.-
290 3122 393 3174 ἐὰν
435 3121 494 3173 δὲ
524 3123 583 3173 ὲν
614 3123 865 3191 πορνείᾳ.
899 3122 933 3190 ἡ
992 3121 1235 3191 ἁμαρτία
1276 3120 1407 3173 αὐτὸ
1446 3120 1731 3191 κέκτηται.

1908 849 1925 881 ι
1964 830 2118 898 Quod
2155 842 2404 902 superest
2433 834 2613 904 igitur,
2645 836 2863 894 fratres.
2893 856 2911 890 ι
2939 836 3094 904 Quod
3129 849 3398 906 superest,

1833 932 1962 992 puta
1996 933 2054 978 ut
2082 925 2147 979 ad
2193 927 2632 982 exhortationem
2670 931 2914 985 accedat.
2962 932 3089 996 Aut,
3124 928 3273 1001 quod
3304 946 3399 985 su-

1831 1022 2034 1081 perest,
2075 1016 2128 1070 id
2166 1025 2271 1081 est,
2316 1017 2649 1073 sufﬁcienter
2696 1029 2797 1075 est.
2843 1040 2860 1071 ι
2909 1022 3186 1092 Rogamus
3214 1037 3331 1076 vos.
3379 1039 3396 1071 ο

1830 1104 1966 1160 Nam
2015 1107 2309 1178 ἐρωτῶμεν
2340 1120 2393 1165 et
2431 1111 2862 1181 παρακαλοῦμεν
2896 1114 3035 1165 idem
3070 1123 3217 1177 sunt,
3254 1114 3401 1181 ejus-

1831 1197 2066 1265 demque
2092 1202 2402 1268 potestatis.
2437 1220 2456 1253 ι
2492 1202 2596 1256 Per
2628 1201 2920 1257 Dominum
2953 1203 3160 1258 Jesmn.
3200 1223 3217 1256 ι
3267 1202 3404 1259 Vide

1835 1286 2003 1340 animi
2030 1289 2371 1344 modestiam.
2402 1290 2589 1360 Neque
2610 1292 2676 1344 ad
2707 1292 3142 1346 obsecrationem
3165 1295 3400 1360 seipsntn

1836 1376 1943 1432 fide
2002 1379 2225 1446 dignum
2264 1388 2357 1435 aut
2410 1382 2665 1435 idoneum
2712 1398 2837 1437 esse
2883 1385 3256 1445 existimabat,
3309 1384 3400 1438 sed

1836 1466 2117 1521 Christum
2175 1470 2428 1524 assumit.
2498 1470 2603 1525 Per
2657 1472 2961 1537 Christum,
2995 1474 3094 1537 ait,
3154 1487 3251 1527 vos
3307 1474 3404 1525 ob.-

1837 1573 2013 1614 seero.
2052 1577 2072 1611 ι
2105 1559 2574 1627 Quemadmodum
2648 1565 2959 1633 accepistis.
3012 1583 3029 1615 ι
3068 1566 3401 1634 Accepistis,

1839 1667 1945 1705 non
1987 1652 2056 1707 de
2102 1654 2280 1711 verbis
2311 1663 2521 1709 tantum
2566 1665 2673 1721 est,
2709 1672 2898 1712 verum
2933 1659 3094 1712 etiam
3126 1657 3191 1710 de
3216 1657 3401 1711 rebus.

1838 1742 1970 1797 Nam
2018 1761 2083 1799 ex
2141 1746 2265 1799 vitae
2316 1761 2429 1801 sum
2478 1748 2756 1816 operibus,
2785 1749 3069 1817 discipulis
3128 1749 3404 1819 exemplar

1838 1843 1976 1889 erat.
2018 1853 2036 1885 ι
2094 1834 2166 1890 Ut
2223 1835 2534 1891 abundetis.
2576 1854 2596 1887 ι
2639 1836 2704 1890 ΕΙ.
2759 1839 3015 1906 amplius,
3053 1838 3269 1909 inquit,
3305 1838 3406 1891 ali-

1837 1926 1969 1996 quid
2030 1925 2193 1981 facite
2245 1943 2408 1996 quam
2464 1929 2810 1999 acceperitis.
2840 1928 3118 1998 Siquidem
3144 1939 3401 1998 tanquam

1832 2016 2104 2084 parvulis,
2151 2017 2348 2085 inquit,
2378 2033 2486 2072 non
2524 2020 2754 2088 praecepi
2789 2035 2911 2089 qua:
2944 2018 3185 2088 perfecta
3222 2026 3401 2073 erant.

1831 2106 2226 2163 Proxnoventes
2268 2118 2449 2164 autem
2510 2112 2565 2164 in
2630 2110 3093 2181 ﬁde,promovete
3143 2112 3306 2165 etiam
3348 2113 3404 2165 in

1832 2200 2273 2254 conversatione.
2329 2219 2347 2251 ι
2416 2200 2603 2256 Nostis
2658 2202 2803 2256 enim
2874 2217 2995 2271 quae
3042 2210 3334 2272 praecepta.
3380 2222 3398 2253 ι

1835 2288 1954 2357 Ipsa
1975 2289 2191 2344 illorum
2227 2293 2502 2347 memorim
2528 2293 2787 2363 inscripta
2821 2294 3098 2364 relinquit.
3132 2312 3150 2345 ‹
3188 2292 3405 2348 Sancti-

1833 2377 2014 2433 ﬁcatio
2046 2389 2277 2435 vestrau
2320 2380 2585 2437 Voluntas
2608 2384 2753 2437 enim
2787 2384 2900 2447 Dei,
2930 2385 3129 2453 inquit,
3161 2395 3267 2450 est,
3299 2401 3402 2456 pu-

1834 2468 2025 2525 dicitia
2056 2481 2259 2527 vestra.
2300 2473 2357 2527 In
2386 2489 2716 2545 unaquaque
2750 2483 2931 2530 autem
2966 2475 3209 2546 Epistula
3244 2476 3405 2546 pudi-

1834 2564 1977 2618 cilia:
2022 2566 2367 2635 potissimum
2404 2582 2654 2637 magnam
2684 2568 2845 2623 habet
2896 2570 3186 2623 rationem.
3249 2568 3407 2622 Novit

1834 2656 1977 2710 enim
2028 2659 2377 2727 tyrannidem
2417 2659 2647 2714 affectus
2687 2675 2749 2715 ac
2778 2662 2961 2733 Operis
3006 2661 3402 2717 difficultatem.

1841 2764 1858 2795 ι
1890 2745 1959 2801 Ut
2014 2749 2342 2805 abstineatis
2401 2765 2431 2804 a
2467 2752 2825 2807 scortationc.
2876 2774 2894 2805 ο
2932 2752 3063 2819 Quae
3088 2761 3170 2806 est
3222 2762 3404 2807 autem

1838 2839 2240 2895 sanctificatio?
2301 2839 2368 2897 Ut
2406 2855 2524 2907 vos,
2558 2843 2760 2910 inquit,
2798 2845 3121 2899 abstineatis
3152 2844 3221 2898 ab
3255 2845 3403 2897 omni

1836 2934 2193 2988 scortatione.
2250 2932 2413 2989 Multa
2451 2944 2577 2990 sunt
2620 2935 2764 2989 enim
2802 2936 3155 3006 impudicitia:
3185 2952 3403 3006 genera.

1849 3043 1868 3075 ι
1905 3022 1976 3079 Ut
2006 3028 2148 3079 sciat
2189 3028 2574 3097 unusquisque
2607 3041 2867 3082 vestrum.
2922 3047 2938 3080 ι
2975 3028 3160 3098 Itaque
3192 3031 3407 3083 exerci-

1839 3112 1899 3165 tii
1927 3128 1990 3168 ac
2031 3114 2342 3184 disciplina:
2365 3126 2469 3179 ρει,
2511 3122 2725 3171 castum
2763 3133 2906 3172 esse.
2942 3136 2959 3168 ι
3006 3117 3175 3171 Suum
3215 3133 3330 3171 vas.
3380 3137 3397 3167 ι

152 3213 327 3274 Τινὲς,
357 3213 436 3265 Τὸ
490 3211 688 3266 ἑαυτοῦ
747 3212 974 3277 σκεῦος,
1015 3212 1114 3284 τὴν
1152 3211 1417 3281 ὁμόζυγον
1456 3213 1729 3283 ἡρμήνευ-

1842 3204 1947 3259 Vas
1973 3205 2108 3260 dicit
2137 3222 2363 3277 corpus.
2416 3206 2471 3261 Si
2508 3224 2641 3280 ergo
2678 3212 2855 3278 ipsum
2884 3212 2936 3263 in
2969 3211 3407 3265 sanctificatione

150 3323 257 3357 σιν.
296 3303 447 3371 Ἐγὼ
462 3303 518 3355 δὲ
559 3304 785 3372 νομίζω,
818 3303 878 3356 τό
908 3303 1143 3356 ἑκάστου
1174 3304 1334 3373 σῶμα
1365 3303 1537 3367 οὕτως
1571 3304 1735 3358 αὐτὸν

148 3394 479 3463 κεκληκέναι
510 3407 528 3423 ·
555 3395 617 3446 ού
643 3396 750 3465 γὰρ
806 3397 916 3460 τοῖς
966 3396 1311 3466 γεγαμηκόσι
1350 3395 1555 3464 μόνοις,
1598 3395 1736 3449 ἀλλὰ

150 3489 235 3539 καὶ
283 3489 406 3550 τοῖς
436 3487 699 3555 ἀγάμοις,
729 3486 824 3540 καὶ
862 3490 984 3549 ταῖς
1029 3488 1229 3557 χήραις
1272 3488 1371 3557 τὴν
1411 3486 1734 3556 νομοθεσίαν

156 3574 486 3643 προσφέρει.
529 3591 549 3623 ι
582 3574 671 3645 Μὴ
702 3575 759 3627 ὲν
787 3574 951 3627 πάθει
998 3576 1310 3646 ἐπιθυμίας.
1344 3595 1361 3627 ι
1406 3579 1539 3631 Ποῖα
1572 3577 1629 3631 δὲ
1666 3577 1732 3630 τά

152 3664 291 3734 πάθη
315 3666 421 3733 τῆς
452 3665 749 3735 ἐπιθυμίας
771 3682 787 3731 ;
820 3665 900 3718 Τὰ
929 3665 1329 3737 ὑπεκκαύματα
1352 3666 1575 3737 ταύτης,
1596 3661 1730 3733 οἷον,

151 3757 349 3827 sagi},
380 3757 638 3822 πλοῦτος,
688 3758 950 3827 ῥᾳθυμία,
1004 3759 1192 3828 ἀργία.
1229 3758 1415 3813 Ταῦτα
1438 3757 1547 3829 γὰρ
1578 3759 1726 3829 πάθη

153 3849 450 3916 ἐπιθυμίας
485 3850 655 3913 ἐστὶν,
687 3849 820 3902 ὡσεὶ
858 3845 1003 3915 εἷπε,
1030 3851 1273 3921 Δύναμις
1298 3852 1392 3903 καὶ
1436 3852 1588 3921 ἰσχὺς
1634 3852 1733 3904 air

153 3938 264 4005 τῆς.
306 3939 435 3992 ιτα
476 3939 604 4008 ἔθνη
639 3941 708 3992 τὰ
749 3940 824 4012 μὴ
863 3942 1040 3995 εἰδότα
1084 3942 1238 3996 Θεόν.
1269 3961 1289 3995 ι
1320 3942 1403 3996 Τὰ
1451 3946 1560 4015 γὰρ
1606 3943 1734 4011 εθνη

154 4032 238 4080 τὶν
262 4030 401 4082 Θεὸν
453 4030 791 4097 ἀγνοοῦντα,
836 4032 959 4086 οὕτε
1015 4034 1207 4088 ἐλπίδα
1236 4035 1554 4101 ἀντιδόσεως
1596 4038 1729 4110 ἔχει·

156 4120 442 4191 τοιγαροῦν
468 4122 648 4175 πάντα
670 4124 810 4193 πρὸς
842 4124 1033 4195 ἡδονὴν
1055 4126 1336 4196 πράττει.ι
1363 4128 1436 4181 Τὸ
1465 4129 1537 4199 μὴ
1564 4131 1733 4201 ὑπερ-

157 4212 359 4267 ϐαίνειν
389 4216 490 4266 καὶ
530 4214 895 4271 πλεονεκτεῖν.
926 4235 946 4268 ι
987 4218 1235 4287 Έκάστῳ
1265 4222 1292 4272 6
1328 4220 1461 4285 Θεὸς
1484 4262 1497 4284 ,
1538 4224 1727 4294 φησιν,

158 4306 417 4374 ἀπένειμε
453 4307 715 4372 γυναῖκα,
745 4306 837 4359 καὶ
866 4308 1025 4378 ὅρους
1052 4308 1287 4375 τέθεικε,
1313 4310 1413 4381 τὴν
1453 4314 1589 4380 πρὸς
1632 4315 1731 4380 τὴν

162 4398 280 4459 uizv
311 4396 488 4465 μίξιν.
506 4398 716 4468 Ὦστεή
742 4400 879 4469 πρὸς
906 4400 1098 4469 ἑτέραν
1122 4400 1292 4471 μίξις,
1310 4404 1619 4474 παράϐασίς
1648 4423 1730 4470 τις

158 4491 241 4537 καὶ
269 4487 564 4551 πλεονεξία
618 4487 785 4543 ἐστίν.
824 4507 842 4540 ι
883 4489 969 4540 Ἐν
1007 4489 1085 4559 τῷ
1118 4490 1425 4561 πράγματι.
1474 4510 1492 4543 ι
1553 4494 1724 4546 Τουτ-

1842 3297 2219 3364 habuerimus,
2267 3316 2367 3355 nos
2401 3302 2578 3369 ipsum
2618 3302 3048 3370 possidebimus;
3085 3302 3129 3355 si
3173 3316 3301 3356 vero
3350 3303 3404 3355 in

1840 3391 2327 3460 scortatione,jam
2355 3406 2637 3461 peccatum
2678 3394 2982 3463 possidebit
3019 3395 3219 3462 ipsum.
3268 3394 3404 3458 Qui-

1837 3480 1961 3535 dam
2002 3483 2174 3537 Suum
2219 3500 2338 3548 vas,
2371 3487 2437 3539 de
2503 3502 2673 3541 uxore
2712 3486 3051 3555 interpretati
3100 3494 3225 3539 sunt
3262 3504 3273 3539 :
3307 3501 3407 3554 ego

1837 3587 1969 3627 vero
1998 3573 2239 3629 arbitror
2269 3576 2537 3646 cujusque
2570 3593 2771 3645 corpus
2808 3579 2983 3646 ipsum
3028 3592 3093 3631 eo
3137 3578 3405 3629 vocabulo

1836 3665 2163 3735 appellasse.
2206 3667 2367 3738 170
2396 3668 2577 3737 Neque
2607 3670 2750 3723 enim
2791 3668 2962 3740 legem
2989 3670 3119 3723 solis
3158 3669 3263 3722 illis
3303 3684 3401 3737 po-

1838 3758 1921 3811 nit
1951 3760 2042 3827 qui
2070 3774 2272 3815 uxores
2318 3766 2610 3825 duxerant,
2644 3765 3000 3817 verumetiam
3059 3762 3306 3831 innuptis
3341 3775 3406 3813 ae.

1836 3848 2038 3904 viduis.
2075 3868 2093 3902 ι
2130 3850 2245 3906 Νοη
2274 3868 2398 3907 cum
2437 3854 2631 3909 aﬂ‘ectu
2673 3855 3149 3925 concupiscentim.
3189 3873 3207 3905 ι
3247 3853 3409 3918 Quis-

1837 3953 1963 3994 nam
2009 3952 2190 3997 autem
2247 3956 2333 3999 est
2393 3943 2618 4002 allectus
2657 3945 3158 4015 concupiscentia)?
3224 3945 3409 3999 Fomi-

1836 4039 1921 4088 tes
1949 4031 2139 4101 ipsius,
2178 4037 2367 4105 quales
2417 4048 2543 4091 sunt
2591 4037 2824 4101 deliciae,
2868 4038 3091 4102 divitiae,
3119 4037 3403 4105 segnities,

1835 4126 2029 4178 otium.
2060 4125 2189 4179 Nam
2222 4128 2334 4181 haec
2365 4138 2495 4183 sunt
2532 4128 2758 4183 aﬂ‘ectus
2782 4128 3242 4196 concupiscentiae
3274 4146 3286 4180 :
3344 4142 3407 4179 ae.

1838 4216 1881 4270 si
1916 4218 2143 4282 diceret,
2174 4217 2423 4273 Potestas
2447 4234 2509 4273 ac
2534 4221 2703 4274 robur
2735 4221 2928 4289 ipsius.
2964 4239 2981 4270 ι
3026 4219 3228 4274 Gentes
3285 4235 3406 4285 qua:

1837 4309 2088 4377 ignorant
2122 4309 2312 4363 Deum.
2356 4329 2372 4361 ι
2402 4310 2685 4379 Siquidem
2707 4322 2893 4379 gentes
2917 4327 3037 4381 qua:
3069 4311 3233 4365 Deum
3260 4312 3408 4379 igno-

1838 4408 1985 4463 rant,
2022 4416 2089 4454 ne
2124 4416 2275 4469 spem
2323 4401 2544 4470 quidem
2602 4403 2799 4456 habent
2836 4403 3217 4456 retributionis
3249 4418 3263 4454 :
3304 4403 3408 4454 ita-

1836 4506 1942 4559 que
1964 4492 2146 4545 omnia
2185 4493 2250 4545 στί
2277 4493 2610 4547 voluntatem
2638 4493 2865 4547 faciunt.
2907 4512 2925 4545 ι
2958 4492 3033 4547 Ne
3069 4494 3194 4561 quis
3221 4503 3407 4547 trans-

161 4578 320 4644 ἐστιν,
338 4580 399 4630 ἐν
424 4580 499 4648 τῇ
519 4578 688 4646 μίξει·
717 4578 952 4634 ἐνταῦθα
974 4580 1083 4652 γὰρ
1118 4583 1246 4652 περὶ
1288 4584 1531 4654 μοιχείας
1557 4584 1725 4651 λέγει,

1835 4582 2117 4651 grediatur
2150 4598 2211 4637 ac
2240 4582 2476 4638 fraudet.
2518 4604 2536 4635 ι
2575 4583 2740 4648 Deus,
2774 4587 2870 4650 ait,
2898 4586 3193 4653 unicuique
3220 4585 3408 4638 distri-

159 4671 258 4723 ἄνω
285 4672 345 4725 δὲ
372 4672 510 4741 περὶ
541 4672 723 4741 πάσης
747 4674 1024 4736 πορνείας.
1063 4691 1080 4724 ι
1112 4675 1254 4727 Διότι
1277 4674 1508 4737 ἔκδικος.
1527 4695 1544 4727 ι
1584 4679 1732 4745 Παρ-

160 4763 381 4815 exiles:
398 4762 641 4833 πρῶτον.
666 4764 785 4816 εἶτα
806 4764 921 4817 ὲνέτ
932 4764 1110 4835 ρεψεν,
1136 4763 1325 4831 εἰπὼν,
1349 4766 1613 4836 Καθάπερ
1638 4767 1731 4821 καὶ

160 4853 218 4903 τὶ
246 4854 399 4923 ἔθνη.
462 4849 601 4905 Εἶτα
633 4855 742 4906 ἀπὸ
778 4854 1058 4922 λογισμῶν
1122 4855 1307 4909 ἔπεισε
1340 4897 1354 4921 ,
1400 4856 1731 4925 πλεονέκτην

160 4944 407 5007 καλέσας·
439 4945 629 4996 λοιπὸν
652 4944 826 5014 φοϐεῖ.
851 4948 925 4998 Οὐ
947 4946 1054 5016 γάρ
1071 4948 1400 5017 ἀτιμωρητὶ,
1424 4950 1577 5018 φησι,
1595 4949 1728 5001 ταῦ-

158 5052 217 5089 τα
247 5038 548 5106 πράττετεο
582 5035 793 5100 ἔκδικος
823 5038 930 5107 γὰρ
962 5039 989 5089 6
1023 5038 1153 5100 Θεὸς
1186 5038 1264 5108 τῷ
1297 5056 1355 5090 τε
1378 5039 1727 5092 πλεονεκτου-

162 5129 319 5198 μένῳ,
345 5129 442 5179 καὶ
500 5127 701 5196 ἑαυτῷ.
757 5127 979 5181 Ἑαυτὸν
1013 5129 1121 5199 γὰρ
1158 5130 1364 5183 ὲκδικεῖ
1420 5129 1729 5200 παρακουό-

166 5236 334 5285 μενος.
369 5239 388 5269 ι
421 5221 500 5273 Ού
533 5220 643 5289 γάρ
670 5220 928 5273 ἐκάλεσεν
966 5223 1112 5290 ἡμᾶς
1140 5223 1168 5273 6
1218 5221 1370 5284 Θεός.
1407 5242 1425 5273 ι
1470 5224 1579 5275 Καὶ
1605 5225 1730 5275 ἑαυ-

160 5310 241 5361 τὶιν
269 5311 328 5362 δὲ
377 5313 409 5364 6
447 5310 583 5374 Θεὸς
631 5312 867 5374 ἐκδικετ,
914 5312 1258 5381 ἀμυνόμενος
1306 5313 1397 5364 τὸν
1448 5315 1505 5365 ἰν
1554 5314 1728 5383 τούτῳ

163 5402 510 5469 πλεονέκτην.
542 5401 701 5455 Κατὰ
742 5402 898 5455 τοῦτο
930 5404 1242 5473 ὲκλήθημεν
1272 5404 1365 5455 ἐπὶ
1394 5404 1728 5475 καθαρότητι

162 5495 281 5562 παρ’
320 5492 515 5547 αὐτοῦ’
540 5492 831 5562 τοιγαροῦν
861 5496 889 5547 6
917 5496 1066 5564 παρὰ
1098 5495 1194 5565 τὴν
1225 5496 1415 5561 κλῆσιν
1449 5497 1724 5564 πράττων,

164 5581 343 5647 (οὗτος
374 5587 487 5655 γὰρ
517 5586 545 5637 6
575 5584 847 5651 ἀο;τῶν,)
881 5585 973 5637 τὸν
1017 5586 1321 5637 καλέσαντα
1355 5586 1546 5656 ὕϐρισε
1587 5590 1725 5656 μᾶλ-

162 5674 264 5737 ὶπιν,
292 5677 326 5743 ἦ
360 5677 453 5727 τὸν
487 5676 969 5745 πλεονεκτηοέντα.
997 5677 1165 5729 Τοῦτο
1183 5677 1238 5729 δὲ
1266 5674 1384 5729 εἷπε
1416 5678 1629 5741 δεικνὺς
1654 5680 1727 5742 ὡς

163 5763 219 5815 οὐ
253 5766 414 5833 μόνον
437 5765 567 5819 ἔνθα
601 5770 629 5819 ὁ
672 5767 900 5833 ἁδελφὸς
929 5768 956 5819 ὁ
987 5768 1339 5835 ἀδικούμενος
1420 5810 1431 5831 ,
1462 5770 1544 5821 δεῖ
1592 5770 1724 5838 φεύ-

166 5871 272 5923 γειν
302 5858 397 5928 τὴν
432 5860 700 5928 μοιχείαν,
728 5859 861 5913 ά).λὰ
887 5859 988 5913 κᾶν
1013 5860 1236 5923 ἄπιστος
1372 5862 1429 5911 'U
1462 5861 1565 5930 γὰρ
1593 5862 1721 5925 θεὸς

1836 4672 1954 4726 buit
1985 4687 2233 4737 "mrem,
2264 4690 2327 4728 ac
2385 4677 2678 4729 terminum
2724 4679 2931 4745 posuit,
2965 4676 3405 4731 commistionem

1834 4775 1959 4831 puta
2000 4763 2064 4817 ad
2099 4780 2217 4819 eam
2254 4768 2492 4820 unicam.
2527 4767 2707 4821 Mistio
2731 4770 2895 4837 igitur
2920 4768 2985 4821 ad
3018 4770 3175 4821 aliam
3223 4778 3408 4821 trans-

1832 4855 2046 4920 gressio
2075 4856 2321 4924 quaadnm
2345 4868 2429 4912 est
2458 4872 2521 4911 ac
2560 4858 2950 4912 framlulcntia.
2981 4877 2999 4909 ι
3046 4859 3102 4912 In
3128 4875 3293 4929 opere
3330 4879 3340 4913 :
3384 4878 3400 4908 ι

1834 4945 1936 4999 hoc
1958 4948 2133 5009 est,in
2155 4949 2555 5004 commistione.
2583 4949 2695 5003 Hoc
2712 4951 2854 5005 enim
2884 4950 3003 5006 loco
3032 4951 3098 5005 de
3129 4952 3402 5006 adulterio

1832 5036 2099 5106 loquitur,
2121 5040 2373 5109 superius
2397 5049 2579 5096 autem
2601 5041 2667 5095 de
2684 5043 2831 5095 omni
2856 5043 3210 5097 scortatione.
3226 5062 3243 5093 ι
3271 5042 3407 5096 Pro-

1832 5136 2015 5195 pterea
2045 5129 2186 5196 quod
2221 5129 2363 5182 ultor
2388 5128 2480 5182 sit.
2519 5149 2537 5179 ι
2570 5127 2815 5181 Primum
2857 5127 3186 5190 obsecravit,
3213 5128 3408 5181 deinde

1831 5218 2107 5288 pudcfecit
2133 5259 2147 5282 ,
2168 5220 2358 5274 dicens
2406 5236 2420 5274 :
2456 5220 2608 5274 Sicut
2655 5230 2709 5274 et
2742 5231 2931 5291 gentes
2964 5236 2975 5270 :
3008 5222 3350 5288 postmodum
3378 5234 3407 5271 a

1831 5312 2256 5383 cogitationibus
2293 5316 2490 5375 suasit,
2519 5328 2724 5367 vocans
2774 5310 3183 5365 fraudulentum
3220 5312 3410 5365 :dein-

1830 5416 1959 5471 ceps
1980 5410 2237 5456 exterret.
2257 5400 2375 5455 Non
2394 5403 2536 5457 enim
2558 5403 2677 5456 sine
2693 5402 2920 5467 ultione,
2936 5402 3133 5470 inquit,
3152 5401 3265 5455 lucc
3278 5401 3410 5456 faci-

1831 5497 1922 5552 tis.
1950 5498 2247 5553 Ulciscitur
2272 5498 2415 5551 enim
2444 5497 2585 5551 Deus
2616 5505 2805 5550 etcum
2830 5498 2922 5566 qui
2945 5497 3227 5551 fraudatus
3256 5504 3435 5565 este"

1830 5590 2096 5657 scipsum.
2120 5589 2253 5643 Nam
2287 5590 2526 5659 seipsum
2551 5589 2835 5643 ulciscitur
2861 5590 2907 5643 is
2932 5591 3015 5644 cui
3034 5605 3140 5643 non
3160 5603 3369 5659 parum
3389 5628 3402 5641 .

1837 5699 1854 5731 ι
1895 5680 2014 5734 Non
2055 5682 2201 5735 enim
2231 5682 2445 5735 vocavit
2481 5697 2580 5736 nos
2629 5682 2791 5735 Deus.
2832 5701 2849 5733 ι
2906 5681 3155 5750 Seipsum
3188 5692 3405 5751 quoque

1833 5772 2121 5825 ulciscitur
2146 5770 2288 5827 Deus
2305 5774 2540 5842 sumptis
2561 5775 2737 5843 pmnis
2768 5775 2833 5827 de
2854 5790 2917 5826 eo
2935 5775 3025 5843 qui
3059 5775 3112 5827 in
3133 5776 3235 5827 hoc
3257 5773 3404 5827 frau-

1830 5864 2087 5920 dulentus
2126 5863 2245 5919 fuit.
2293 5863 2453 5920 Juxta
2479 5867 2577 5921 hor
2612 5868 2785 5921 \Ut‘dll
2821 5884 3009 5922 sumus
3042 5868 3111 5922 ab
3158 5866 3275 5937 ipso
3302 5880 3405 5936 pu-
