4158 6432
766 462 833 527 91

1832 460 2231 523 (ECUMENII
2259 458 2552 520 TRICCE
2581 457 2922 519 EPISCOPI

3948 454 4013 515 ‘32

760 590 809 634 et
844 580 1039 632 mortui
1078 578 1130 631 in
1160 575 1376 632 Christo
1410 584 1676 645 resurgant
1716 574 1990 644 primum:
2033 573 2224 625 deinde
2250 588 2341 624 nos

2456 586 2539 622 rm
2572 568 2673 622 ἀπ’
2700 567 2985 635 οὐρανοῦ,
3053 564 3151 620 καὶ
3178 567 3232 620 οἱ
3261 565 3461 634 νεκροὶ
3494 566 3563 619 ἐν
3615 564 3849 635 Χριστῷ
3886 568 4029 621 dru-

761 672 853 736 qui
885 671 1106 724 vivimus
1142 671 1234 740 qui
1266 668 1635 737 relinquimur,
1697 665 1856 718 simul
1910 682 2029 717 cum
2095 664 2206 715 illis
2244 678 2339 714 ra-

761 762 960 829 pientur
1000 762 1056 813 in
1090 759 1314 813 nubibus
1358 760 1410 810 in
1434 772 1711 810 occursum
1738 756 1954 809 Domini
1982 756 2033 808 iu
2073 772 2198 808 aera
2226 770 2243 806 :
2287 760 2336 805 et

764 855 839 904 sic
870 852 1075 920 semper
1101 869 1218 905 cum
1242 851 1462 904 Domino
1480 850 1700 903 erimus.
1734 848 1967 903 Proinde
1992 847 2339 901 consolemini

762 957 849 993 vos
883 950 1065 993 mutuo
1095 940 1149 991 in
1175 939 1339 991 verbis
1372 938 1475 992 Itis.

838 1122 1090 1189 Magnum
1134 1119 1386 1173 dicturus
1420 1129 1543 1173 erat
1583 1117 1931 1187 mysterium,
1962 1124 2017 1171 et
2050 1123 2340 1186 propterea

766 1221 821 1264 ut
854 1210 987 1265 ﬁdes
1016 1209 1379 1264 adhiberetur
1400 1208 1730 1263 observavit.
1761 1208 1878 1263 Non
1912 1217 2122 1271 noster,
2142 1207 2343 1276 inquit,

768 1318 950 1358 sermo
983 1313 1086 1365 est,
1113 1302 1204 1356 sed
1237 1300 1474 1355 Domini.
1510 1319 1528 1352 ι
1571 1299 1626 1354 ln
1659 1301 1829 1356 verbo
1855 1300 2093 1356 Domini.
2141 1319 2159 1351 ι
2197 1298 2342 1354 For-

769 1397 931 1451 tassis
977 1397 1141 1451 etiam
1183 1395 1286 1449 hoc
1328 1410 1497 1448 unum
1535 1404 1654 1449 erat
1690 1410 2016 1450 arcanorum
2051 1412 2064 1448 :
2101 1409 2208 1448 non
2245 1408 2346 1446 au-

772 1497 881 1543 tem
937 1487 1122 1543 omnia
1169 1488 1603 1557 eloqui‘licitum
1660 1497 1801 1553 erat,
1854 1488 1947 1543 sed
1999 1488 2135 1542 bene
2176 1486 2344 1542 istud.

777 1603 793 1631 ι
835 1578 996 1646 Quod
1059 1595 1184 1633 nos.
1222 1598 1239 1630 ι
1282 1579 1403 1632 Non
1467 1578 1535 1632 de
1566 1580 1750 1648 seipso
1811 1579 1915 1632 hoc
1970 1577 2127 1644 dicit,
2170 1592 2348 1647 neque

770 1672 916 1726 enim
980 1686 1156 1740 usque
1199 1669 1267 1723 ad
1318 1668 1370 1723 id
1430 1678 1645 1738 tempus
1685 1669 2049 1739 corporaliter
2096 1670 2348 1725 victurus

771 1771 915 1827 erat,
986 1761 1080 1817 sed
1134 1776 1290 1817 suam
1347 1776 1643 1829 personam
1696 1763 1847 1817 verbi
1912 1777 2081 1817 causa
2112 1763 2347 1832 profert.

778 1872 796 1903 ι
832 1851 933 1917 Qui
964 1850 1221 1915 vivimus,
1254 1871 1272 1903 ι
1305 1850 1500 1907 Vivere
1527 1852 1659 1907 dicit
1698 1854 1934 1919 animas,
1971 1854 2216 1907 dormire
2253 1870 2347 1908 ve—

772 1960 836 1999 ro
866 1960 1119 2014 corpora.
1157 1944 1511 2014 Nequaquam
1548 1946 1713 2015 igitur
1746 1953 2095 2001 antevertent
2124 1946 2346 2012 animae,

774 2037 870 2089 sed
923 2037 1158 2105 primum
1192 2036 1585 2091 excitabuntur
1617 2053 1872 2107 corpora,
1908 2045 1968 2092 ut
2016 2038 2211 2093 anima:
2256 2040 2347 2094 illa

773 2137 1062 2182 resumam
1096 2139 1270 2197 :quas
1288 2129 1450 2183 etiam
1475 2129 1707 2200 relinqui
1726 2130 1851 2184 dicit
1877 2139 2100 2202 propter
2128 2132 2350 2185 immor-

774 2218 1068 2273 talitatem.
1118 2218 1236 2275 Nisi
1272 2221 1419 2274 enim
1476 2222 1543 2275 de
1580 2222 1871 2277 animabus
1909 2222 2127 2276 locutus
2178 2235 2346 2288 esset,

774 2324 1121 2379 nequaquam
1178 2311 1412 2366 dixisset
1445 2327 1459 2365 :
1504 2310 1615 2368 Nos
1640 2312 1733 2381 qui
1767 2314 2005 2367 vivimus
2039 2314 2133 2383 qui
2177 2314 2348 2367 relin-

772 2402 1017 2469 quimur,
1044 2419 1165 2457 cum
1200 2402 1364 2456 etiam
1390 2404 1693 2459 moriturus
1733 2416 1900 2460 esset.
1925 2405 2016 2458 Ait
2046 2421 2177 2475 ergo
2200 2422 2215 2463 :
2241 2404 2350 2461 Nos

773 2495 969 2547 anima:
996 2493 1241 2549 viventes
1274 2510 1622 2566 nequaquam
1657 2512 1886 2563 corpora
1939 2506 2351 2554 antevertemus

775 2587 831 2638 in
861 2588 1290 2651 resurrectione,
1325 2588 1419 2642 sed
1450 2603 1554 2640 una
1596 2602 1720 2641 cum
1772 2588 1907 2655 ipsis
1940 2591 2350 2644 resurrectione

782 2676 1048 2731 fruemur.
1108 2678 1183 2731 Ita
1219 2679 1383 2733 habet
1438 2678 1597 2732 divus
1624 2677 1935 2733 Methodius
1960 2681 2101 2734 libro
2139 2680 2214 2736 De
2270 2700 2354 2734 ru-

777 2771 1123 2823 turrectione.
1163 2769 1323 2841 174
1359 2789 1376 2821 ι
1418 2769 1519 2836 Qui
1551 2770 1948 2841 delinquimur.
1992 2790 2010 2823 ι
2069 2772 2349 2843 Siquidem

774 2863 868 2929 qui
922 2872 1056 2916 tunc
1108 2864 1212 2916 vivi
1245 2864 1613 2931 reperientur,
1637 2864 1690 2917 in
1722 2872 1933 2933 puncto
1972 2866 2257 2933 temporis,
2296 2866 2349 2919 in

774 2959 1057 3004 momento
1090 2951 1233 3005 oeuli
1280 2952 1740 3016 itntnutabuntur,
1773 2953 2238 3021 quemadmodum
2296 2955 2349 3007 in

780 3042 965 3110 priore
987 3042 1053 3095 ad
1086 3041 1401 3097 Corinthios
1429 3041 1674 3113 Epistola
1703 3044 1834 3100 dicit
1860 3044 1922 3099 ".
1952 3065 1969 3096 ι
1995 3044 2349 3116 Nequaquam

776 3135 1199 3201 prtevcniemns.
1235 3153 1251 3184 ι
1279 3134 1414 3188 Nam
1452 3134 1751 3204 φθάσωμεν
1777 3137 2015 3189 sumitur
2040 3136 2159 3192 loco
2204 3152 2354 3190 COIII-

774 3226 944 3296 positi
983 3224 1412 3295 προφθάσωμεν,
1468 3224 1520 3279 id
1572 3234 1678 3291 est,
1722 3236 2153 3283 antevertemus.
2201 3229 2351 3295 Quo-
2385 3274 2419 3296 ρ

774 3317 923 3369 nitm
956 3316 1101 3371 enim
1133 3318 1442 3387 promptius
1470 3316 1777 3382 videbatur,
1812 3327 1872 3372 ut
1899 3319 1933 3373 ii
1960 3320 2050 3387 qui
2098 3320 2163 3374 ad
2207 3328 2355 3373 tem-

778 3420 882 3475 pus
910 3406 1074 3459 vitam
1112 3408 1532 3476 produxisseut,
1567 3408 1621 3462 in
1650 3418 1929 3464 momento
1964 3412 2115 3466 oculi
2157 3412 2356 3467 immu-

780 3496 879 3549 tati
913 3506 1260 3565 raperentur,
1292 3514 1455 3568 quam
1484 3500 1535 3553 bi
1576 3500 1800 3569 quijam
1842 3500 1897 3555 in
1926 3503 2141 3570 cineres
2170 3514 2357 3557 essent

780 3585 1013 3650 redacti,
1040 3586 1175 3640 dicit
1206 3587 1349 3657 quod
1379 3590 1623 3645 viventes
1650 3605 1997 3660 nequaquam
2024 3594 2357 3661 praavcnient

776 3692 869 3732 cos
920 3690 1191 3742 mortuos,
1241 3689 1393 3734 tanta
1475 3682 1580 3735 erit
1638 3685 1883 3751 potentia
1944 3686 2352 3739 resnscitantis.

781 3790 799 3822 ι
843 3772 1110 3838 Quoniam
1138 3773 1254 3843 ipse
1280 3773 1567 3830 Dominus.
1607 3794 1625 3827 ι
1656 3777 1893 3831 Causam
1931 3777 2064 3831 dicit
2110 3795 2210 3833 cur
2246 3795 2355 3834 non

776 3865 887 3919 sint
941 3867 1268 3935 praavcuturi
1338 3883 1434 3922 eos
1482 3869 1575 3938 qui
1630 3869 1783 3938 prius
1831 3871 2033 3924 mortui
2079 3883 2257 3927 erant.
2291 3905 2355 3915 —

781 3976 800 4007 ι
842 3956 897 4011 in
929 3957 1113 4026 jussu.
1144 3976 1161 4007 ι
1189 3957 1359 4011 Sitqu
1392 3967 1449 4012 ut
1477 3960 1593 4029 ipse
1620 3960 1871 4030 jusserit,
1904 3970 1960 4014 et
1983 3961 2354 4033 archangelus

774 4065 963 4105 vocem
1011 4053 1279 4114 emiserit,
1340 4068 1404 4107 ac
1456 4052 1599 4106 tuba:
1654 4054 1964 4116 sonuerint,
2031 4054 2355 4110 descendet.

774 4138 938 4193 lubet
982 4140 1203 4209 quidem
1255 4140 1545 4205 Dominus,
1587 4148 1643 4194 et
1675 4156 1809 4195 voce
1853 4142 1964 4195 edit
1992 4142 2355 4213 archangelus

774 4230 993 4301 jussuul
1046 4232 1390 4286 Dominicum
1435 4249 1449 4284 :
1506 4246 1816 4301 sonumque
1858 4234 2117 4286 emittunt
2174 4237 2355 4289 caeteri

776 4322 1005 4377 ordines
1046 4324 1325 4394 etelestcs,
1384 4337 1523 4392 quos
1575 4322 1865 4392 ligurative
1901 4324 2062 4379 tubas
2095 4326 2355 4394 appellat,

776 4412 1241 4483 quemadmodum
1278 4414 1445 4467 etiam
1485 4428 1678 4469 sanum
1709 4413 1871 4470 edere
1901 4415 2077 4470 dicit:
2113 4416 2353 4480 sedDo-

781 4503 962 4557 minus
997 4503 1239 4572 quidem,
1275 4504 1439 4559 veluti
1483 4505 1741 4569 diximus,
1777 4505 1952 4574 jubet,
1987 4506 2353 4574 arebangelus

2381 1913 2422 1967 Β

2384 3275 2422 3323 C

2448 658 2783 723 στήσονται
2822 655 3091 726 πρῶτον·
3144 656 3351 709 ἔπειτα
3412 659 3466 709 οἱ
3506 654 3719 722 ζῶντες
3777 658 3948 725 ἡμεῖς
3979 662 4030 711 οἱ

2443 750 2919 818 περιλειπόμενοι
2983 748 3103 817 ἅμα
3150 748 3273 802 σὺν
3328 748 3533 814 αὐτοῖς
3567 750 4033 817 ἁρπαγησόμεθα

2441 842 2511 894 ἐν
2530 840 2835 910 νεφέλαις,
2866 842 2954 905 εἷς
2980 839 3331 907 ἀπάντησιν
3368 842 3475 895 τοῦ
3492 843 3716 908 Κυρίου
3750 845 3837 909 εὶς
3864 844 4029 910 ἀέρα,

2442 932 2541 986 καὶ
2593 933 2781 998 οὕτως
2822 934 3082 987 πάντοτε
3110 932 3232 986 σὺν
3282 934 3481 1002 Κυρίῳ
3534 934 3814 1003 ἐσόμεθα.
3850 938 4032 989 Ὥστε

2443 1023 2845 1093 παρακαλεῖτε
2889 1024 3206 1093 ἀλλήλους
3258 1024 3328 1077 ἐν
3370 1025 3495 1092 τοῖς
3541 1028 3745 1095 λόγοις
3775 1029 4030 1093 τούτοις.

2516 1115 2675 1182 Μέγα
2703 1114 2896 1185 ἔμελλε
2930 1114 3110 1184 λέγειν
3148 1116 3469 1184 μυστήριον,
3499 1117 3591 1168 καὶ
3632 1117 3719 1169 διὰ
3754 1117 3915 1170 τοῦτο
3974 1118 4036 1169 τὸ

2448 1207 2766 1275 ἀξιόπιστον
2790 1207 3083 1277 ἐφύλαξεν.
3118 1211 3230 1277 Οὐχ
3257 1209 3547 1281 ἡμέτερος,
3586 1210 3770 1279 φησὶν,
3797 1212 3824 1263 ὀ
3854 1210 4035 1278 λόγος,

2448 1302 2584 1355 ἀλλὰ
2612 1301 2704 1355 τοῦ
2751 1301 2979 1372 Κυρίου.
3021 1320 3040 1352 ι
3080 1302 3171 1355 Ἑν
3214 1302 3358 1371 λόγῳ
3408 1302 3639 1372 Κυρίου.
3671 1321 3689 1352 ι
3736 1300 3896 1365 Ἴσως
3944 1305 4037 1353 καὶ

2447 1392 2605 1446 τοῦτο
2637 1392 2694 1445 ἓν
2712 1387 2779 1463 ἦν
2796 1393 2903 1447 τῶν
2935 1394 3212 1465 ἀρρήτων.
3246 1393 3433 1447 Πάντα
3465 1393 3521 1445 δὲ
3543 1393 3642 1445 οὐκ
3669 1393 3798 1460 ἐξῆν
3825 1412 3838 1425 ·
3871 1393 4037 1447 τοῦτο

2449 1484 2506 1537 δὲ
2552 1484 2683 1554 ἐξῆν
2739 1485 2996 1554 λαλῆσαι.
3050 1503 3069 1536 ι
3104 1485 3229 1537 ’Ότι
3259 1486 3442 1555 ἡμεῖς.
3480 1503 3498 1537 ι
3558 1486 3634 1537 UO
3675 1487 3803 1553 περὶ
3834 1486 4039 1539 ἑαυτοῦ

2447 1577 2606 1631 τοῦτὸ
2635 1594 2818 1647 φησιν.
2854 1578 2928 1631 Οὐ
2960 1578 3069 1648 γὰρ
3101 1577 3295 1649 ἔμελλε
3326 1576 3424 1647 ζῇν
3446 1576 3777 1647 σωματικῶς
3808 1578 3916 1640 ἓως
3949 1581 4040 1630 τὸ·

2448 1686 2531 1733 τε,
2568 1668 2707 1723 ἀλλὰ
2738 1669 2900 1737 λόγου
2945 1670 3109 1741 χάριν
3136 1670 3199 1722 τὸ
3251 1669 3450 1722 ἑαυτοῦ
3518 1669 3667 1735 λέγει
3720 1671 4038 1738 πρόσωπον.

2458 1781 2476 1813 ι
2502 1762 2565 1815 Ol
2593 1762 2815 1826 ζῶντες.
2839 1781 2857 1813 ι
2894 1761 3113 1825 Ζῶντας
3138 1762 3236 1824 τὰς
3276 1762 3474 1831 ψυχὰς,
3505 1761 3840 1830 κοιμηθέντα
3878 1762 3935 1814 δὲ
3966 1764 4041 1813 τὰ

2454 1854 2682 1924 σώματα
2708 1855 2877 1923 λέγει.
2922 1855 3139 1923 Ούκξςᾶν
3187 1851 3279 1907 οὖν
3322 1854 3669 1924 προλάϐωσι-ι
3704 1856 3758 1906 αἱ
3811 1856 3988 1922 ψυχαί
4022 1872 4035 1886 ο

2454 1948 2669 2017 πρῶτον
2702 1947 2809 2019 γὰρ
2838 1949 3114 2018 ἐγείρεται
3140 1948 3210 2001 τὰ
3244 1947 3495 2017 σώματα.
3529 1949 3613 2001 ἵνα
3642 1950 3777 2002 αὐτὰ
3822 1949 4031 2000 ﬁnali-

2451 2039 2619 2091 σωσιν
2648 2042 2704 2093 αἱ
2742 2041 2934 2111 ψυχαὶ.
2968 2041 3037 2103 ἃς
3071 2041 3165 2093 καὶ
3189 2039 3685 2110 περιλιμπανεσθαι
3711 2082 3725 2103 ,
3759 2042 3918 2108 φησὶ,
3954 2039 4047 2091 διὰ

2450 2130 2511 2183 τὸ
2538 2132 2829 2185 ἀθάνατον.
2850 2133 2925 2185 Οὐ
2948 2131 3057 2202 γὰρ
3088 2131 3153 2185 ἂν
3180 2134 3225 2184 εἱ
3261 2132 3335 2202 μὴ
3364 2134 3490 2201 περὶ
3514 2131 3702 2202 ψυχῶν
3743 2131 3937 2196 ἔλεγεν
3968 2129 4047 2183 εἴ·

2452 2242 2520 2276 πε
2550 2224 2629 2289 τὸ,
2665 2226 2858 2295 Ἡμεῖς
2891 2225 2941 2277 oi
2983 2225 3183 2288 ζῶντες
3205 2225 3255 2276 oi
3288 2222 3751 2292 περιλειπόμενοι,
3775 2222 4046 2289 τελευτή-

2454 2332 2567 2368 σειν
2601 2314 2833 2385 μέλλων.
2857 2314 3019 2383 Λέγει
3054 2313 3299 2375 οὗν,”Οτι
3325 2314 3373 2365 οἱ
3407 2312 3606 2376 ζῶντες
3638 2312 3693 2363 αἱ
3722 2310 3916 2378 ψυχαὶ,
3940 2311 4049 2361 οὐκ

2452 2406 2519 2460 ἂν
2551 2406 2620 2459 τὰ
2654 2404 2885 2475 σώματα
2912 2404 3319 2475 προφθάσωμεν
3350 2405 3407 2454 ὲν
3440 2406 3505 2469 τῇ
3536 2401 3851 2460 ἀναστάσει,
3900 2400 4049 2450 ἀλλὰ

2457 2496 2574 2567 μετ’
2615 2496 2797 2549 αὐτῶν
2854 2496 2957 2565 τῆς
3007 2494 3363 2557 ἀναστάσεως
3417 2491 3758 2558 τευξώμεθα.
3793 2490 3990 2553 Οὖτως
4026 2494 4053 2543 ὁ

2454 2589 2513 2641 ὲν
2538 2586 2714 2654 ἁγίοις
2744 2587 3030 2651 Μεθόδιος,
3056 2588 3113 2638 ὲν
3152 2586 3228 2655 τῷ
3264 2584 3401 2654 Περὶ
3435 2582 3822 2648 ἀναστάσεως
3869 2580 4049 2650 λόγῳ.

2461 2699 2477 2732 ι
2498 2682 2562 2733 Οἱ
2591 2680 3089 2750 περιλειπόμενοι.»
3111 2678 3246 2731 Τότε
3275 2678 3381 2749 γαρ
3412 2678 3459 2730 οἱ
3490 2676 3873 2746 εὑρισκόμενοι
3903 2675 4043 2738 ζῶν-

2454 2789 2567 2837 τες,
2602 2774 2659 2824 ἐν
2692 2772 2902 2840 ἀτόμῳ,
2937 2772 2995 2823 ὲν
3039 2772 3171 2839 ῥιπῇ
3196 2768 3477 2837 ὀφθαλμοῦ
3519 2765 3943 2833 ἀλλαγήσονται,
3969 2764 4055 2827 ὡς

2456 2866 2514 2917 ὲν
2544 2866 2610 2934 τῇ
2640 2863 2775 2935 πρὸς
2812 2861 3131 2931 Κορινθίους
3164 2858 3357 2931 πρώτῃ
3388 2859 3573 2927 φησίν.
3605 2876 3622 2908 ι
3662 2858 3743 2910 Οὐ
3764 2856 3845 2925 μὴ
3885 2857 4051 2923 φθά-

2456 2972 2677 3021 σωμεν,
2744 2953 2989 3007 τουτέστι
3020 2992 3034 3012 ,
3085 2948 3546 3019 προρθὰσωμεν,
3576 2967 3594 2999 ι
3650 2947 4055 3017 προλάόωμεν.

2468 3042 2686 3112 Ἐπειδὴ
2720 3041 2829 3110 γάρ
2856 3038 3081 3109 εὐχερὲς
3116 3038 3311 3101 ἐδόκει,
3346 3038 3471 3098 τοὺς
3516 3035 3639 3088 τότε
3695 3036 4054 3104 φθασθέντας

2458 3137 2513 3187 ὲν
2546 3136 2680 3205 ζωῇ,
2725 3133 3058 3201 άλλαγέντας
3101 3132 3159 3184 ὲν
3182 3133 3317 3202 ῥιπῇ
3346 3127 3629 3200 ὀφθαλμοῦ
3689 3128 4055 3199 ἁρπασθῆναι

2459 3230 2603 3299 ἥπερ
2629 3229 2755 3290 τοὺς
2790 3228 2937 3280 κόνιν
2967 3225 3284 3294 γεγονότας,
3323 3224 3508 3293 φησὶν,
3543 3224 3625 3275 ὅτι
3648 3224 3697 3275 οἱ
3729 3222 3937 3286 ζῶντες
3988 3223 4055 3274 οὗ

2464 3325 2538 3396 μὴ
2581 3324 2939 3392 προερθάσωσι
2994 3324 3119 3385 τοὺς
3173 3321 3630 3388 τελευτήσαντας,
3659 3317 3900 3385 τοσαύτη
3951 3315 4057 3370 τοῦ

2457 3414 2786 3477 άνιστῶντος
2839 3416 2872 3484 ἡ
2920 3413 3170 3482 δύναμις.
3227 3430 3245 3461 ι
3284 3413 3407 3465 Ὀτι
3458 3410 3619 3472 αὐτὸς
3670 3410 3697 3460 ὁ
3748 3406 3990 3476 Κύριος.
4035 3426 4053 3457 ι

2460 3510 2572 3563 Καὶ
2597 3508 2699 3577 τὴν
2756 3506 2937 3560 αἰτίαν
2996 3506 3145 3571 λέγει
3194 3502 3289 3557 τοῦ
3357 3504 3432 3573 μὴ
3483 3500 3869 3573 προληφθῆναι
3919 3500 4063 3561 τοὺς

2459 3601 2967 3673 προαποθανόντας.
3002 3599 3210 3651 -ιῈν
3260 3596 3662 3665 κελεύσματι.»
3710 3590 3913 3664 [ΦΩΤ.]
3963 3594 4065 3645 Ἐν

2460 3694 2541 3761 τῷ
2569 3694 2731 3747 αὐτὸν
2760 3692 3039 3755 κελεῦσαι,
3090 3689 3184 3743 καὶ
3212 3691 3269 3742 ἐν
3300 3688 3379 3759 τῷ
3421 3685 3513 3740 τὸν
3551 3684 3899 3755 ἁρχάγγελον
3932 3702 4061 3750 qui.

2460 3786 2594 3845 νεῖν,
2624 3784 2718 3836 καὶ
2752 3784 2808 3836 ὲν
2837 3783 2914 3853 τῷ
2940 3782 3039 3846 τὰς
3072 3782 3385 3850 σάλπιγγας
3417 3782 3596 3849 ἠχεῖν,
3642 3776 4064 3847 καταϐήσεται.

2462 3876 2693 3929 Κελεύει
2724 3875 2824 3945 μὲν
2856 3878 2884 3928 ὁ
2917 3874 3141 3944 Κύριος,
3196 3873 3293 3925 καὶ
3328 3874 3500 3942 φωνεῖ
3527 3872 3555 3924 ὁ
3604 3868 3954 3940 ἀρχάγγελος
4003 3870 4071 3921 τὸ

2460 3965 2795 4020 Δεσποτικὸν
2828 3965 3135 4035 κέλευσμα,
3177 3964 3269 4018 καὶ
3328 3962 3555 4033 ἠχοῦσιν
3578 3964 3633 4015 al
3663 3961 3818 4015 ἄλλαι
3863 3962 4073 4025 τάξεις

2458 4060 2513 4111 αἱ
2551 4058 2825 4125 οὐράνιαι,
2855 4056 2921 4119 ἃς
2954 4055 3235 4125 τροπικῶς
3298 4054 3611 4123 σάλπιγγας
3650 4052 3824 4116 καλεῖ,
3859 4053 4071 4126 ῶσπερ

2459 4150 2633 4203 καὶτὸ
2663 4148 2913 4219 ἡχοῦσιν,
2945 4148 3106 4201 άλλ’ὁ
3137 4146 3233 4217 μὲν
3262 4145 3488 4217 Κύριος,
3522 4144 3659 4215 ὅπερ
3693 4144 3932 4211 ἔφημεν,
3967 4162 4075 4197 κε-

2455 4242 2622 4293 λεύει.
2667 4242 2725 4295 ’0
2755 4241 2811 4293 δὲ
2861 4239 3202 4310 ἀρχάγγελος
3257 4238 3321 4289 τὸ
3375 4235 3708 4288 Δεσποτικδν
3768 4235 4076 4302 κέλευσμα

2458 4331 2658 4401 μηνύει
2710 4332 2824 4393 τοῖς
2882 4328 2974 4382 ὑπ’
3016 4328 3216 4391 αὐτὸν,
3267 4329 3315 4380 οἱ
3368 4327 3426 4379 δὲ
3492 4324 3836 4379 διακονοῦσιν
3894 4324 4072 4387 αὐτὸ,

2456 4424 2550 4477 καὶ
2572 4421 2849 4493 διηχοῦσιν
2878 4422 2956 4483 εἰς
2982 4422 3050 4473 τὰ
3077 4420 3169 4472 τοῦ
3217 4419 3423 4488 κόσμου
3459 4418 3696 4485 πέρατα.
3730 4415 3843 4467 Καὶ
3866 4418 3917 4467 οἱ
3976 4434 4080 4467 νε-

2454 4517 2578 4587 κροὶ
2597 4516 2647 4568 οἱ
2672 4516 2735 4567 ἐκ
2755 4514 2937 4583 πάσης
2958 4511 3059 4578 τῆς
3079 4510 3405 4580 οἰκουμένης
3426 4509 3747 4562 ἀνίστανται
3776 4506 3877 4557 καὶ
3926 4523 4079 4558 συν-

780 4610 912 4649 vero
974 4594 1319 4649 Dominicum
1382 4596 1601 4665 jussum
1644 4597 1858 4650 nuntiat
1914 4597 2019 4650 sibi
2074 4597 2347 4651 subditis:

2456 4608 2700 4675 άγονται.
2726 4606 2871 4674 Ὅρα
2904 4604 2959 4656 δὲ
2988 4603 3102 4665 πῶς
3154 4601 3371 4667 εὐφυῶς
3391 4600 3484 4651 καὶ
3526 4596 3891 4665 λεπτομερῶς
3932 4598 4083 4649 ὑπο.

782 4699 946 4754 porro
980 4684 1033 4737 hi
1069 4684 1461 4738 administrant
1495 4686 1699 4753 ipsum,
1744 4692 1799 4739 et
1841 4699 2015 4753 usque
2040 4685 2108 4738 ad
2164 4683 2351 4738 mundi

780 4778 1045 4833 terminos
1091 4779 1365 4833 intonant.
1398 4778 1462 4833 Et
1512 4778 1714 4832 mortui
1768 4788 2038 4848 quotquot
2104 4788 2233 4834 sunt
2290 4793 2354 4832 ex

778 4870 1035 4921 universo
1058 4869 1210 4930 orbe,
1244 4878 1536 4939 resurgunt
1560 4885 1623 4923 ac
1642 4878 2062 4939 congregantur.
2084 4870 2354 4925 Animad-

777 4971 931 5013 verte
988 4968 1168 5013 autem
1212 4975 1375 5029 quam
1441 4962 1576 5015 scite
1629 4976 1691 5015 ac
1738 4962 2011 5016 subtiliter
2081 4964 2357 5018 describat

780 5063 1124 5105 mortuorum
1162 5052 1648 5118 resurrectionem,
1674 5070 1784 5123 quo
1811 5054 2124 5108 auditorum
2158 5058 2356 5109 menti-

780 5142 881 5195 hus
939 5142 1113 5211 magis
1155 5143 1521 5211 itnprimatur.
1564 5164 1581 5195 ι
1622 5145 1678 5198 In
1747 5162 1879 5200 voce
1932 5145 2281 5215 Atchangeli.
2331 5166 2348 5197 ι

784 5232 980 5286 \‘oecm
1062 5234 1195 5287 dicit
1251 5236 1561 5303 archangeli
1618 5251 1727 5305 qua
1788 5239 1852 5291 ad
1911 5240 2353 5309 congreganduin

786 5327 1052 5396 subjectis
1128 5328 1415 5397 pra-cipiat
1475 5330 1727 5398 angelis,
1785 5339 1843 5383 ut
1897 5345 2089 5384 omnes
2136 5341 2357 5400 paratos

783 5418 1012 5473 reddant
1065 5428 1323 5489 tanquam
1361 5420 1685 5475 adveniente
1720 5421 1923 5488 judice.
1954 5422 2236 5495 Siquidem
2276 5440 2353 5485 ut,

784 5526 922 5578 quos
978 5513 1230 5581 accepit,
1288 5522 1431 5566 terra
1503 5512 1693 5567 reddat
1771 5515 1824 5567 in
1887 5516 2352 5569 immortalitatem

785 5612 1191 5663 ronunutatos,
1252 5602 1304 5656 id
1365 5604 1566 5658 Christi
1633 5616 1961 5675 pneceptum
2020 5607 2179 5659 ellicit
2232 5622 2245 5659 :
2302 5615 2359 5660 ut

786 5702 967 5746 autem
1023 5695 1116 5761 qui
1174 5694 1239 5745 ad
1301 5706 1575 5762 postrema
1634 5713 1807 5765 usque
1869 5699 2055 5750 mundi
2118 5699 2235 5751 loca
2272 5698 2357 5750 tli-

866 5872 942 5924 "l
971 5872 1073 5927 Cor
1137 5892 1219 5937 λι,
1261 5878 1347 5928 .32.

2460 4696 2780 4768 γράφειτὴν
2821 4696 2932 4748 τῶν
2966 4694 3179 4763 νεκρῶν
3224 4693 3548 4752 ἀνάστασιν,
3586 4690 3673 4741 ἵνα
3704 4689 3911 4760 μᾶλλον
3936 4692 4084 4751 ταῖς

2459 4788 2569 4840 τῶν
2591 4784 2877 4853 ἀκροατῶν
2895 4783 2981 4851 εἴη
2997 4780 3417 4851 ἐντετυπωμένη
3438 4778 3724 4839 διανοίαις.
3750 4777 3874 4829 ιἘν
3900 4782 4081 4848 φωνῇ

2460 4877 2824 4949 ἀρχαγγέλου.
2864 4894 2884 4926 ι
2917 4872 3105 4944 Φωνὴν
3156 4872 3499 4943 ἀρχαγγέλου
3555 4872 3708 4938 φησὶ,
3736 4871 3837 4935 τῖιν
3880 4870 3986 4921 ἐπὶ
4014 4873 4085 4923 τὸ

2468 4971 2722 5037 συνάγειν
2762 4966 3118 5035 τεταγμένοις
3155 4964 3407 5031 ἀγγέλοις
3432 4960 3889 5030 ἐγκελευομένην.
3919 4963 4085 5014 πάν-

2464 5080 2561 5124 τας
2596 5059 2849 5130 ἑτοίμους
2902 5059 3097 5121 ποιεῖν,
3129 5055 3204 5118 ὼς
3265 5053 3359 5107 τοῦ
3385 5053 3575 5123 κριτοῦ
3612 5052 3949 5121 φθάσαντος.
3999 5055 4091 5107 Τὸ

2470 5154 2569 5221 μὲν
2611 5152 2719 5220 γὰρ
2740 5148 3028 5202 ἀναδοῦναι
3052 5147 3151 5215 τὴν
3184 5146 3289 5213 γῆν
3314 5144 3408 5208 οὓς
3444 5142 3663 5209 ἐδέξατο
3689 5144 3745 5195 ἐν
3766 5142 4091 5215 ἀκαθαρσίᾳ

2470 5240 2912 5311 μεταϐληθέντας
2932 5279 2943 5297 ,
2961 5236 3022 5289 τὸ
3040 5236 3319 5305 κέλευσμα
3348 5236 3492 5286 ποιεῖ
3506 5232 3599 5285 τοῦ
3622 5234 3662 5284 Χ
3676 5231 3888 5302 ριστοῦ.
3908 5234 4000 5287 Τὸ
4019 5235 4091 5289 δὴ

2468 5334 2594 5393 τοὺς
2618 5332 2697 5391 είς
2720 5330 2817 5391 τὰς
2843 5330 3099 5399 ἐσχατιάς
3124 5327 3217 5380 τοῦ
3258 5328 3465 5395 κόσμου
3489 5324 3968 5394 διεσπαρμένους,
3990 5329 4092 5394 εἰς

2464 5420 2520 5473 ἓν
2537 5419 2895 5489 συναχθῆναι,
2908 5420 3132 5487 ἄγγελοι
3152 5416 3683 5487 παρασκευάζουσιν,
3701 5415 4091 5483 ἀρχαγγέλου

2465 5511 2623 5565 τοῦτο
2652 5511 3098 5580 ἐγκελευομένου.
3138 5510 3279 5561 «Καὶ
3308 5509 3365 5559 ἐν
3391 5508 3655 5573 σάλπιγγι
3686 5505 3843 5559 Θεοῦ.
3880 5527 3897 5558 ι
3921 5510 4092 5563 Τοὺς

2467 5622 2577 5657 των
2607 5603 2719 5673 ἄρα
2746 5604 2853 5656 τῶν
2888 5602 3207 5667 σαλπίγγων
3239 5600 3409 5663 τύπος
3441 5595 3583 5669 ἦσαν
3630 5599 3687 5652 αἱ
3720 5599 3775 5650 ὲν
3807 5598 3890 5666 τῷ
3941 5600 4097 5670 ὄρει

2472 5697 2624 5750 Emi.
2662 5696 2793 5751 ’Λτε
2826 5695 2934 5767 γὰρ
2964 5694 3227 5765 βασιλέως
3258 5692 3643 5763 έιξισταμένον,
3674 5690 3901 5752 εἰκότως
3927 5695 4097 5746 σα),-
