4158 6432
775 411 877 475 115

834 609 1200 664 Adiuirandus
1249 609 1539 664 habebitur
1574 605 1716 662 Deus
1751 608 1896 674 quod
1952 609 2090 661 fides
2137 607 2326 659 habita

765 705 834 757 sit
867 712 1058 758 nostro
1094 717 1230 772 erga
1261 718 1356 757 vos
1384 702 1705 756 testimonio
1736 716 1799 756 ac
1829 699 2222 770 pratdicationi.
2273 697 2337 749 Et

764 790 1042 864 quomodo
1073 811 1137 850 ex
1156 811 1222 850 eo
1269 793 1416 863 quod
1466 794 1570 863 ipsi
1603 794 1933 849 crediderint
1967 790 2333 859 praedicatioui

764 903 978 952 eorum,
1037 887 1388 941 admirandus
1446 887 1736 942 habebitur
1796 885 1980 939 Deus?
2027 883 2164 949 Quia
2229 882 2333 935 nisi

765 993 887 1038 nos.
929 979 1136 1046 inquit,
1191 978 1526 1043 audissetis,
1576 991 1911 1046 nequaquam
1979 984 2127 1029 tanta
2196 974 2334 1027 bona

767 1070 1347 1140 accepisSt-tis:porro
1433 1085 1538 1124 non
1630 1069 1960 1138 accipientes
2043 1084 2103 1122 ea
2191 1067 2332 1120 bona

766 1177 1109 1232 nequaquam
1146 1178 1331 1217 ansam
1367 1161 1679 1224 dedissetis,
1743 1169 1801 1215 ut
1849 1159 2254 1231 gloriticaretur
2281 1167 2334 1212 et

768 1257 1119 1310 admirationi
1152 1255 1447 1309 haberetur
1479 1254 1733 1309 Christus
1774 1254 1845 1308 ob
1891 1268 1953 1306 ca
2009 1253 2206 1322 quibus
2237 1266 2334 1305 vos

764 1347 1148 1416 glorificasset.
1198 1366 1214 1398 ι
1255 1346 1312 1400 In
1344 1346 1431 1401 die
1494 1347 1607 1399 illo.
1650 1365 1666 1397 ι
1705 1346 1760 1399 In
1810 1361 1875 1400 eo
1915 1346 2007 1414 qui
2038 1355 2168 1399 tunc
2219 1344 2325 1397 erit

765 1441 875 1504 die,
901 1437 1255 1494 manifestum
1303 1438 1393 1491 fiet
1417 1437 1560 1508 quod
1593 1437 1977 1491 credideritis:
2011 1451 2154 1490 nunc
2187 1437 2331 1489 enim

769 1532 927 1583 multi
981 1545 1200 1599 quoque
1268 1530 1424 1584 fidem
1476 1530 1762 1592 simulant,
1798 1546 1816 1579 ‹
1849 1529 1913 1582 ad
1961 1527 2108 1596 quod
2167 1528 2328 1582 etiam

767 1638 1012 1678 oramus.
1059 1641 1076 1673 ›
1113 1621 1170 1675 In
1229 1622 1333 1676 huc
1389 1623 1596 1692 ipsum,
1649 1623 1848 1691 inquit,
1926 1636 2229 1690 precamur,
2273 1627 2332 1672 ut

763 1716 930 1767 etiam
966 1714 1018 1766 in
1048 1715 1205 1768 vobis
1229 1715 1567 1783 gloriﬁcetur
1597 1723 1650 1768 et
1680 1712 2028 1767 admirationi
2065 1712 2332 1766 habeatur

767 1803 932 1859 licus.
959 1823 977 1854 ι
1000 1802 1070 1857 Ut
1103 1819 1197 1858 vos
1225 1804 1419 1874 dignos
1441 1805 1637 1859 habeat
1660 1807 1762 1858 ista
1795 1804 2102 1857 vocatione.
2134 1821 2152 1853 ι
2187 1803 2326 1868 Quid
2363 1844 2403 1900 Β

763 1897 948 1952 enim?
982 1911 1050 1952 an
1087 1912 1196 1951 non
1243 1905 1397 1951 erant
1448 1897 1558 1963 jam
1613 1898 1827 1950 vocati?
1872 1899 2058 1966 utique
2091 1913 2104 1951 :
2137 1911 2327 1951 omnes

767 2005 1004 2058 namque
1037 1990 1214 2044 vocati
1248 2005 1463 2054 sumus,
1507 1990 1598 2044 sed
1641 2006 1747 2044 non
1773 2005 1962 2044 omnes
1993 1990 2328 2059 ingredimur

765 2081 928 2148 idque
953 2080 1309 2136 manifestaut
1339 2083 1584 2151 quinque
1611 2080 1958 2151 virgines',et
2007 2082 2052 2136 is
2082 2081 2174 2150 qui
2208 2096 2327 2133 sur-

765 2171 892 2224 dida
937 2170 1531 2227 habuit‘vestimenta‘-
1565 2173 1720 2242 192
1760 2171 2104 2226 Vocationem
2147 2173 2329 2240 itaque

760 2263 897 2316 dicit
923 2279 1041 2319 eam
1070 2280 1191 2334 quae
1214 2265 1377 2319 etiam
1407 2267 1710 2332 ingressum
1753 2264 1978 2319 haberet
1999 2266 2327 2334 adiunctum

761 2353 1065 2409 Prccamur
1097 2362 1308 2419 autem,
1339 2355 1435 2417 ait,
1481 2363 1538 2408 ut
1577 2354 1846 2423 compleat
1877 2353 2018 2408 Deus
2047 2369 2208 2408 omne
2231 2355 2328 2409 bo-

763 2459 890 2496 num
920 2459 1050 2512 erga
1075 2459 1172 2498 vos
1194 2445 1510 2501 consilium.
1549 2442 1852 2499 Consilium
1885 2459 2013 2497 vero
2042 2459 2105 2498 ac
2134 2458 2330 2514 propo-

762 2536 926 2589 situm
967 2535 1059 2590 Dei
1110 2543 1213 2598 est,
1268 2546 1325 2588 ut
1367 2551 1560 2605 omnes
1615 2537 1862 2590 homines
1904 2536 2038 2590 salvi
2098 2536 2229 2588 fiant
2277 2545 2330 2589 et

763 2635 962 2680 :vterua
990 2635 1357 2695 assequantur
1383 2627 1546 2681 bona.
1575 2628 1880 2697 Complebit
1902 2636 2082 2682 autem
2106 2635 2160 2682 et
2189 2643 2326 2697 opus

762 2719 881 2771 fidei
919 2719 972 2772 in
1008 2720 1158 2774 vobis
1191 2735 1283 2788 per
1311 2721 1588 2788 propriam
1615 2721 1934 2791 potentiam.
1961 2720 2098 2774 Nam
2123 2736 2188 2775 ex
2218 2721 2326 2776 hoc

769 2812 899 2865 illud
955 2827 1172 2882 quoque
1201 2813 1575 2882 subsequitur.
1609 2814 1665 2867 Si
1699 2814 1844 2866 enim
1892 2815 2160 2882 compleat
2191 2829 2326 2882 opus

760 2906 883 2961 ﬁdei
914 2921 1010 2960 vos
1050 2905 1358 2976 pet-ficiens,
1406 2907 1633 2961 omnino
1665 2923 1825 2961 suum
1876 2908 2039 2962 etiam
2079 2909 2326 2977 proposi-

761 3011 876 3054 tum
925 3001 1236 3070 complebit.
1315 3001 1704 3057 Animadverte
1767 3009 1950 3056 autem
2014 3003 2159 3070 quod
2215 3017 2325 3055 non

761 3094 962 3146 dixerit
997 3093 1175 3158 fidem,
1213 3093 1305 3149 sed
1339 3109 1479 3163 opus
1513 3093 1656 3148 fidei.
1695 3114 1714 3145 ι
1746 3094 1820 3149 Ut
1869 3093 2204 3163 glorificctur
2229 3109 2326 3148 no-

1857 407 2254 469 (ECUMENII
2287 407 2331 464 T
2342 406 2386 463 Β
2401 405 2577 465 [CCzE
2614 408 2952 468 EPISCOPI

665 565 678 582 .
763 517 1110 588 illunqjuxta
1125 517 1353 587 gratiam
1380 517 1713 570 Deinostriet
1739 514 1948 569 Domini
1969 516 2096 570 Iesu
2117 513 2326 569 Christi.

2442 515 2604 585 ὑμῖν,
2629 517 2724 570 καὶ
2750 518 2920 587 ὑμεῖς
2947 519 3017 572 ἐν
3038 518 3196 584 αὐτῷ
3219 517 3367 572 κατὰ
3389 517 3502 582 τὴν
3532 519 3708 587 χάριν
3733 517 3836 572 τοῦ
3862 521 4007 572 Θεοῦ

3912 410 4007 470 116

2438 608 2610 677 ἡμῶν
2633 610 2730 663 καὶ
2752 613 2975 679 Κυρίου
3018 611 3211 676 Ἰησοῦ
3252 611 3528 677 Χριστοῦ.

2509 702 2971 772 Θαυμασθήσεται
2996 701 3052 754 δὲ
3085 703 3112 754 ὁ
3139 701 3290 764 Θεὸς,
3333 701 3520 772 ἐπειδὴ
3571 700 3864 770 ἐπιστεύθη
3924 702 4008 768 ἐς)

2440 796 2637 864 ύμᾶςή
2670 794 3040 866 διαμαρτυρία
3067 794 3224 864 ἡμῶν
3281 796 3375 847 καὶ
3437 795 3498 846 τὸ
3555 796 3833 863 κήρυγμα.
3900 795 4008 846 Καὶ

2437 889 2555 950 πῶς
2583 889 2646 940 ἐκ
2675 889 2766 940 τοῦ
2789 888 3074 940 πιστεῦσαι
3107 886 3304 949 αὐτοὺς
3339 886 3417 955 τῷ
3467 885 3782 956 κηρύγματι
3831 885 4013 938 αὐτῶν

2441 977 2823 1046 μέλλειὸΘεδς
2875 977 3293 1044 θαυμάζεσθαι;
3349 976 3550 1030 Ὅτιεί
3617 977 3690 1046 μὴ
3738 977 4009 1045 ⁴ἠκούσατε

2436 1069 2468 1137 ἡ
2480 1068 2617 1137 μῶν,
2651 1068 2836 1137 φησιν,
2859 1070 2960 1122 οὐκ
2987 1069 3241 1138 ἐμέλλετε
3261 1068 3532 1121 τοσούτων
3564 1068 3788 1135 ἀγαθῶν
3821 1066 4007 1130 ἀξιοῦ-

2439 1159 2699 1222 σθαι.Μὴ
2728 1158 3041 1230 ἀξιούμενοι
3074 1161 3152 1226 δὲ,
3201 1161 3301 1212 ούκ
3357 1160 3422 1213 ἃν
3477 1160 3747 1229 πρόφασιν
3797 1158 4010 1221 605,010-

2436 1252 2560 1318 γίας
2587 1253 2683 1306 καὶ
2708 1251 2987 1322 θαύματος
3016 1252 3095 1320 τῷ
3156 1252 3376 1323 Χριστῷ
3435 1251 3739 1320 παρέσχετε
3790 1252 3876 1318 ἐφ’
3930 1246 4012 1312 οἷς

2438 1345 2580 1413 ὑμᾶς
2615 1344 2885 1408 ἐδόξασεν.
2931 1364 2948 1396 ι
3004 1344 3092 1396 Ἐν
3125 1346 3191 1414 τῇ
3236 1345 3419 1414 ἡμέρᾳ
3448 1343 3653 1415 ἐκείνῃ.
3687 1363 3705 1393 ι
3769 1343 3861 1397 Ἐν
3900 1342 4009 1411 γάρ

2435 1435 2500 1501 τῇ
2553 1433 2674 1486 τότε
2708 1433 2891 1503 ἡμέρᾳ
2927 1435 3214 1501 γενήσεται
3251 1435 3486 1504 φανερὸν
3515 1435 3596 1486 ὅτι
3625 1433 4007 1485 ἐπιστεύσατε.

2433 1524 2548 1577 Νῦν
2579 1524 2686 1593 γὰρ
2719 1525 2900 1577 πολλοί
2935 1525 3028 1578 καὶ
3055 1526 3440 1593 ὑποκρίνονται
3493 1528 3594 1593 τὴν
3625 1527 3828 1577 πίστιν.
3864 1543 3882 1574 ι
3917 1525 4011 1587 Εἰς

2433 1614 2460 1667 ὃ
2489 1616 2581 1668 καὶ
2613 1616 3043 1685 προσευχόμεθα.
3080 1635 3098 1668 ι
3144 1619 3236 1680 Εἰς
3271 1616 3427 1670 τοῦτο
3455 1617 3606 1679 αὐτὸ,
3645 1617 3802 1685 φησι,
3830 1633 4009 1685 προσ-

2434 1709 2727 1778 ευχόμεθα,
2765 1711 2852 1762 ἵνα
2883 1711 2977 1762 καὶ
3024 1714 3082 1762 ἐν
3120 1712 3248 1780 ὑμῖν
3300 1710 3525 1779 δοξασθῇ
3581 1712 3673 1762 καὶ
3715 1709 4011 1778 θαυμασθῇ

2435 1804 2632 1866 ὁΘεὸς.
2673 1821 2694 1855 ε
2727 1805 2844 1858 ’Ἱνα
2879 1805 3020 1874 ὑμᾶς
3045 1805 3249 1875 ἀξιώσῃ
3279 1805 3377 1871 τῆς
3407 1804 3671 1873 κλήσεως.
3714 1822 3732 1854 ι
3765 1803 3828 1854 Τί
3852 1804 3967 1871 γάρ
3994 1821 4008 1861 ;

2434 1896 2534 1948 οὐκ
2563 1889 2703 1964 ἦσαν
2752 1895 3080 1965 κεκλημένοι
3107 1914 3120 1960 ;
3147 1897 3256 1949 ναί.
3300 1896 3410 1948 Καὶ
3435 1895 3542 1964 γὰρ
3573 1894 3773 1954 πάντες
3799 1893 4012 1959 κεκλή-

2435 1989 2592 2056 μεθα,
2626 1988 2739 2042 ἀλλ’
2803 1989 2863 2042 0b
2891 1989 3091 2052 πάντες
3114 1987 3491 2057 εἰσερχόμεθα.
3529 1988 3637 2040 Καὶ
3691 1984 3849 2039 τοῦτο
3915 1985 4017 2052 δε-

2429 2081 2613 2133 λοῦσιν
2644 2083 2699 2133 αἰ
2726 2081 2885 2134 πέντε
2916 2082 3199 2151 παρθένοι,
3267 2083 3359 2135 καὶ
3383 2081 3412 2132 ὁ
3437 2079 3505 2132 τὰ
3551 2077 3769 2148 ῥυπαρᾶ
3813 2076 4012 2146 ἰμάτια

2430 2174 2584 2242 ἔχων.
2613 2173 2819 2241 Κλῆσιν
2849 2168 2943 2225 οὖν
2975 2189 3128 2241 φησι,
3162 2171 3260 2242 τὴν
3294 2171 3477 2224 καὶτὸ
3531 2169 3791 2222 εἰσελθεῖν
3845 2168 4008 2234 ἔχου-

2431 2280 2547 2316 σαν.
2581 2264 2867 2333 Εύχόμεθα
2894 2264 2951 2317 δέ
2980 2281 3168 2333 φησιν,
3203 2263 3290 2316 ἴνα
3323 2261 3589 2332 πληρώσῃ
3633 2261 3812 2313 πᾶσαν
3837 2258 4012 2311 αὑτοῦ

2427 2356 2526 2424 τὴν
2547 2356 2758 2424 ἀγαθὴν
2791 2355 2985 2426 βουλὴν
3009 2357 3088 2419 εἰς
3129 2356 3275 2425 ὑμᾶς
3306 2357 3334 2407 ὁ
3367 2355 3519 2416 Θεός.
3577 2353 3752 2421 Boniti;
3799 2351 3856 2404 δέ
3914 2353 4015 2403 καὶ

2429 2448 2645 2500 εὐδοκία
2674 2445 2834 2510 Θεοῦ,
2895 2447 2956 2500 τὸ
3009 2448 3218 2509 πάντας
3251 2444 3571 2513 ἀνθρώπους
3621 2443 3861 2510 σωθῆναι
3917 2441 4015 2493 καὶ

2427 2540 2535 2592 τῶν
2559 2540 2790 2593 αἰωνίων
2821 2541 3005 2608 τυχεῖν
3034 2537 3275 2605 ἀγαθῶν.
3307 2537 3590 2606 Πληρώσει
3613 2535 3670 2588 δὲ
3719 2535 3814 2587 καὶ
3841 2532 4015 2600 ἔργον

2429 2633 2669 2694 πίστεως
2698 2634 2755 2685 ἐν
2780 2631 2928 2699 ύμῖν,
2954 2633 3010 2682 ἐν
3037 2633 3104 2701 τῇ
3137 2629 3317 2700 οἰκείᾳ
3350 2630 3599 2698 δυνάμει.
3666 2627 3838 2680 Τοῦτο
3895 2625 4014 2692 γὰρ

2429 2723 2640 2774 ἐκείνου
2671 2721 2994 2790 γεννητικόν
3014 2722 3187 2772 ἐστιν.
3233 2721 3357 2772 Ἐὰν
3383 2719 3492 2788 γὰρ
3514 2715 3778 2787 πληρώσῃ
3829 2714 3894 2768 τὺ
3927 2717 4018 2783 Ep-

2429 2830 2522 2881 γον
2556 2813 2789 2876 πίστεως
2837 2813 2980 2880 ὑμᾶς
3046 2812 3376 2872 ἐπιτελέσαι,
3430 2811 3646 2870 πάντως
3691 2806 3852 2860 αὐτοῦ
3913 2807 4016 2859 καὶ

2426 2907 2525 2974 τὴν
2557 2905 2802 2957 εὐδοκίαν
2833 2903 3129 2974 πληρώσει.
3159 2904 3298 2971 Ὀρα
3351 2902 3428 2965 δὲ,
3461 2902 3560 2954 οὒκ
3619 2897 3736 2952 εἷπε
3796 2898 4012 2959 πίστιν,

2427 2997 2542 3050 ἀλλ’
2572 2997 2733 3067 ἔργον
2766 2996 3023 3057 πίστεως.
3063 3014 3080 3046 ι
3121 2995 3308 3056 Ὅπως
3367 2991 3658 3063 ἐνδοξασθῇ
3719 2991 3778 3042 τὸ
3830 2991 4016 3058 ὄνομα

2430 3088 2525 3140 τοῦ
2556 3089 2784 3157 Κυρίου.
2825 3105 2843 3137 ›
2880 3086 3069 3154 Εἱγάρ
3103 3086 3275 3139 ταῦτα
3310 3085 3558 3152 γένηται,
3592 3082 3778 3151 φησὶν,
3809 3080 4016 3150 ὥσπερ

763 3201 886 3238 men
917 3184 1153 3239 Domini.
1197 3204 1216 3237 ι
1247 3185 1304 3240 Si
1342 3187 1487 3240 enim
1509 3187 1625 3240 hmo
1659 3187 1809 3252 flant,
1854 3187 2052 3256 inquit,
2093 3188 2233 3240 sicut
2270 3187 2322 3239 in

2431 3181 2618 3241 ἐντοῖς
2649 3179 2824 3245 ἁγίοις
2848 3177 3013 3230 αὑτοῦ
3055 3174 3506 3245 ἐνδοξισθήσεται
3546 3176 3574 3226 ὁ
3627 3173 3781 3236 Θεὸς,
3815 3171 4015 3231 καθὼς

761 3278 968 3332 sanctis
1014 3277 1131 3332 suis
1191 3278 1595 3347 glorificabitur
1643 3277 1808 3342 Deus,
1863 3278 2322 3347 quemadmodum

759 3371 1013 3435 superius
1043 3369 1199 3433 dixit,
1236 3371 1307 3422 ita
1340 3379 1392 3423 et
1423 3370 1476 3423 in
1524 3369 1678 3426 vobis
1706 3386 1720 3422 :
1779 3368 2114 3439 gloriﬁcatur
2154 3369 2321 3434 enim,

763 3460 923 3512 veluti
958 3475 1178 3530 quoque
1222 3461 1475 3530 superius
1523 3461 1786 3527 diximus,
1847 3477 1970 3516 cum
2003 3460 2132 3514 talia
2186 3461 2324 3514 bona

763 3551 1006 3617 impartit
1033 3552 1207 3606 servis
1259 3554 1394 3607 suis.
1436 3552 1612 3622 Ipsius
1637 3569 1767 3608 vero
1817 3554 1983 3608 etiam
2016 3554 2190 3622 gloria
2220 3555 2326 3608 erit

761 3628 1076 3708 hujusmodi
1102 3641 1259 3695 bonis
1292 3642 1505 3696 donari.
1536 3645 1643 3697 Aut
1690 3645 1791 3698 hoc
1808 3645 1985 3697 modo
2026 3644 2269 3713 intellige
2303 3664 2317 3699 :

762 3728 818 3782 Si
889 3730 1194 3799 impleverit
1249 3747 1390 3801 opus
1447 3733 1567 3788 fidei
1619 3745 1815 3788 vestra:
1863 3749 1959 3804 per
2002 3736 2322 3803 potentiam,

757 3822 863 3876 hoc
896 3832 1000 3886 est,
1025 3838 1121 3891 per
1145 3823 1491 3878 tolerantiam
1518 3824 1897 3890 atilictionum,
1923 3828 2324 3896 glorificabitur

760 3913 816 3965 in
855 3913 1009 3967 vobis
1036 3915 1178 3982 quod
1209 3923 1460 3983 potentes
1490 3915 1556 3968 ad
1586 3917 1688 3971 hoc
1714 3918 1926 3983 fecerit,
1955 3929 2008 3974 et
2031 3936 2227 3977 nervos
2255 3923 2321 3977 ad

758 4004 865 4057 hoc
899 4005 1154 4058 tribuerit
1181 4020 1194 4057 :
1223 4015 1276 4058 et
1303 4022 1402 4060 vos
1432 4007 1485 4060 in
1516 4007 1648 4070 Deo,
1693 4010 1838 4078 quod
1868 4014 2115 4080 vosipsos
2132 4013 2324 4083 dignos

755 4094 1124 4149 cxltibueritis
1160 4095 1349 4151 divino
1379 4112 1566 4152 amore
1617 4108 1670 4153 et
1699 4101 1925 4154 auxilio.
1966 4119 1983 4152 ι
2010 4103 2173 4158 Juxta
2202 4119 2324 4172 gra-

755 4187 885 4240 tiam
922 4186 1012 4241 Dei
1047 4190 1242 4242 nostri.
1284 4207 1304 4241 ι
1349 4189 1472 4243 [late
1509 4191 1653 4245 enim
1684 4192 1869 4246 omnia
1906 4191 2115 4247 Christi
2151 4196 2321 4262 gratia

743 4289 847 4326 ρει.
881 4273 1158 4344 Siquidem
1189 4293 1293 4332 non
1319 4293 1532 4342 sumus,
1551 4280 1649 4342 ait,
1671 4278 1850 4332 idonei
1884 4278 1998 4332 sive
2020 4279 2189 4348 digni,
2215 4283 2309 4336 sed

743 4367 923 4434 gratia
952 4367 1072 4435 ejus
1095 4382 1190 4436 per
1219 4382 1317 4422 nos
1349 4371 1530 4423 omnia
1562 4368 1743 4425 eﬂicit.

1358 4479 1586 4536 CAPUT
1667 4480 1731 4536 II.

829 4569 904 4623 De
934 4570 1038 4638 ﬁne
1069 4571 1158 4639 qui
1190 4573 1289 4624 erit
1325 4581 1443 4638 post
1492 4574 1879 4627 Antichristum
1901 4578 2211 4631 mittendum
2248 4597 2314 4632 aa

753 4638 1546 4710 Iudaeorumiredargutionem,
1573 4645 1660 4708 qui
1691 4645 1904 4698 Christo
1947 4662 2050 4700 non
2079 4650 2316 4703 credide-

754 4720 899 4762 Tum.

827 4820 894 4883 If,
931 4822 981 4884 1,
1013 4822 1046 4874 2
1073 4821 1340 4891 Rogamus
1365 4835 1538 4876 autem
1572 4841 1680 4885 ros.
1734 4826 1947 4891 fratres,
1981 4834 2070 4891 per
2125 4831 2317 4884 adven-

756 4923 866 4965 tum
902 4914 1113 4967 Domini
1147 4916 1320 4968 nostri
1353 4913 1484 4968 Jesu
1511 4917 1735 4980 Christi,
1765 4929 1813 4971 et
1844 4921 2014 4972 nostri
2041 4936 2318 4991 congrega-

754 5002 944 5053 tionem
973 5004 1028 5053 in
1045 5003 1233 5067 ipsum,
1260 5020 1321 5056 ne
1338 5004 1440 5056 cito
1470 5004 1836 5058 dimoveamini
1863 5025 1893 5058 a
1918 5021 2179 5067 menteme
2208 5023 2316 5063 tur-

753 5092 962 5152 bemim‘,
997 5109 1155 5160 neque
1208 5110 1298 5158 per
1345 5097 1613 5162 spiritum.
1651 5113 1811 5165 neque
1863 5114 1953 5165 per
2006 5116 2314 5163 sermonem,

751 5199 912 5249 neque
933 5198 1021 5248 per
1044 5185 1316 5250 epistolam
1346 5196 1594 5254 tanquam
1627 5188 1772 5241 nobis
1820 5190 2141 5256 auctoribus,
2171 5197 2320 5261 quasi

752 5275 913 5327 instet
938 5277 1050 5328 dies
1107 5275 1334 5329 Christi.

828 5367 982 5435 193
1018 5366 1060 5421 0
1090 5367 1207 5420 laus
1266 5369 1467 5421 eximia
1490 5373 1839 5424 sanctorum!
1887 5370 2139 5427 Ostendit
2170 5376 2317 5429 enim

753 5456 894 5520 quod
936 5464 990 5507 et
1015 5457 1113 5524 ipsi
1150 5473 1271 5508 cum
1299 5457 1521 5511 Christo
1559 5462 2041 5528 congregahuntur
2069 5477 2122 5517 ut
2153 5467 2314 5519 etiam

755 5545 855 5614 ipsi
887 5546 1045 5599 simul
1076 5562 1198 5600 cum
1233 5564 1298 5602 eo
1345 5560 1664 5618 appareant,
1697 5559 1746 5604 ct
1788 5570 1891 5606 una
1928 5570 2049 5607 cum
2074 5572 2139 5610 eo
2182 5573 2315 5612 con-

751 5637 989 5688 veniant.
1031 5655 1048 5686 ι
1084 5634 1160 5689 Ne
1192 5637 1322 5690 cito.
1367 5656 1384 5687 ι
1451 5637 1590 5704 Quid
1631 5651 1810 5694 autem
1849 5659 2108 5709 rogamus
2136 5664 2229 5702 vos
2260 5661 2314 5704 et

751 5724 1144 5777 exhortamur?
1191 5724 1264 5778 Ne
1298 5727 1428 5790 cito,
1465 5727 1660 5793 inquit,
1707 5734 2016 5785 terreatnini
2061 5749 2123 5788 ac
2154 5737 2310 5793 timc-

833 5821 848 5848 '
887 5817 1076 5872 Matth.
1115 5832 1241 5881 xxv,
1294 5817 1309 5870 i
1377 5835 1528 5888 seqq.
1608 5821 1833 5876 ’Matth.
1871 5841 1999 5889 xxii,
2052 5827 2116 5880 i'.’

2354 4502 2401 4560 D

2428 3271 2540 3323 ἂνω
2571 3267 2745 3332 εἶπεν,
2777 3269 2948 3330 οὕτως
2982 3266 3078 3320 καὶ
3109 3268 3167 3318 ἐν
3197 3267 3346 3336 ύμῖν.
3388 3265 3679 3329 Δοξάζετσι
3731 3264 3863 3330 γὰρ,
3902 3280 4015 3313 κα-

2429 3364 2534 3425 θὼς
2564 3364 2659 3415 καὶ
2691 3363 2803 3416 ἄνω
2821 3363 3069 3429 εἴπομεν,
3096 3360 3353 3413 τοιούτων
3388 3356 3554 3421 ἀξιῶν
3605 3357 3728 3416 τοὺς
3779 3354 4015 3413 δούλους

2426 3455 2618 3509 αὺτοῦ.
2644 3456 2755 3507 Καὶ
2783 3453 2966 3515 αὐτοῖς
2984 3453 3038 3505 δὲ
3065 3450 3188 3515 δόξα
3211 3450 3390 3510 ἔσται,
3415 3448 3478 3501 τὸ
3519 3446 3778 3500 τοιούτων
3829 3444 4017 3513 ὴξιῶο

2430 3549 2573 3602 σθαι.
2608 3548 2677 3600 Ἦ
2700 3545 2874 3608 οὕτως
2901 3546 3094 3614 νόησον
3116 3560 3129 3574 ο
3167 3543 3227 3595 Εἰ
3255 3539 3535 3611 πληρώσει
3587 3537 3650 3591 τὸ
3682 3538 3842 3606 ἔργον
3903 3537 4018 3603 τῆς

2426 3641 2662 3701 πίστεως
2720 3637 2875 3707 ὑμῶν
2929 3637 2987 3688 ἐν
3023 3634 3272 3703 δυνάμει,
3319 3633 3620 3693 τουτέστιν,
3651 3633 3707 3681 ἐν
3749 3630 4015 3696 ὑπομονῇ

2428 3731 2771 3803 πειρασμῶν,
2790 3727 3383 3798 δοξασθήσεταιόθεδς
3415 3727 3472 3778 ἐν
3512 3726 3660 3793 ὑμῖν,
3709 3722 3791 3773 ὅτι
3837 3720 4019 3773 δυνα-

2425 3826 2550 3888 τοὺς
2579 3825 2880 3892 κατέστησε
2915 3821 3050 3890 πρὸς
3081 3819 3237 3873 τοῦτο
3264 3817 3358 3870 καὶ
3386 3815 3676 3886 ἐνεύρωσε,
3712 3813 3807 3866 καὶ
3837 3812 4018 3878 ὑμεῖς

2425 3919 2484 3970 ἐν
2515 3917 2592 3986 τῷ
2621 3914 2761 3985 Θεῷ,
2797 3916 2879 3968 ὅτι
2902 3913 3088 3977 ἀξίους
3133 3911 3372 3976 ἐδείξατε
3418 3908 3644 3969 ἑαυτοὺς
3693 3906 3791 3974 τῆς
3845 3907 4019 3957 θείας

2425 4009 2645 4076 ἀγάπης
2675 4007 2771 4058 καὶ
2800 4005 3142 4073 ἐπικουρίας.
3180 4020 3198 4052 ι
3223 4002 3381 4054 Κατὰ
3413 4000 3510 4068 τὴν
3545 3999 3704 4068 χάριν
3738 3997 3832 4048 τος
3861 3995 4018 4049 Θεοῦ

2426 4098 2602 4168 ἡμῶν.
2644 4117 2661 4149 ι
2694 4098 2867 4166 Χάρις
2896 4095 3005 4165 γὰρ
3035 4095 3206 4148 ταῦτα
3240 4094 3417 4147 πάντα
3469 4088 3727 4159 Χριστοῦ.
3763 4089 3837 4140 Οὐ
3892 4090 4020 4154 γὰρ

2424 4192 2607 4260 ἡμεῖς,
2640 4189 2794 4257 φησι,
2835 4187 2973 4257 πρδς
2997 4186 3357 4252 ταῦτάέσμεν
3411 4181 3643 4250 ἰκανοίἣ
3683 4180 3848 4246 ἄξιοι,
3887 4178 4017 4232 ἀλλ’

2429 4284 2462 4351 ἡ
2495 4282 2651 4351 χάρις
2679 4278 2844 4333 αὐτοῦ
2871 4280 2938 4332 δι’
2961 4278 3119 4347 quch
3157 4277 3335 4330 πάντα
3357 4273 3635 4343 κατορθοῖ.

3049 4477 3298 4533 ΚΕΦᾹΛ.
3339 4477 3381 4529 Β
3401 4515 3416 4530 .

2434 4577 2572 4642 Περί
2628 4575 2864 4637 τέλους,
2935 4573 3023 4642 ὅτι
3061 4571 3211 4639 μετὰ
3275 4570 3687 4642 ’ᾼντίχριστον
3714 4566 4022 4642 τὼν-πεμ-

2496 4637 2759 4712 πόμενον
2794 4642 2890 4695 ὲπί
2917 4637 3145 4711 ἐλέγχῳ
3174 4639 3492 4703 Ἰουδαίων,
3522 4637 4024 4704 ἀπιστησάντων

2495 4713 2742 4779 Χριστῷ.

2506 4826 2841 4894 Ἐρωτῶμεν
2865 4825 2933 4878 δὲ
2958 4824 3133 4892 ὑμᾶς,
3157 4821 3428 4891 ἀδελφοὶ,
3450 4821 3602 4888 ὑπὲρ
3631 4821 3739 4887 τῆς
3773 4837 4026 4887 παρου-

2425 4921 2564 4983 σίας
2582 4919 2687 4972 τοῦ
2702 4917 2923 4985 Κυρίου
2946 4915 3113 4984 ἡμῶν
3152 4915 3358 4981 Ἰησοῦ
3401 4914 3656 4981 Χριστοῦ
3683 4917 3778 4966 καί
3825 4914 4027 4981 ἡμῶν

2424 5010 2886 5080 ἐπισυναγωγῆς
2924 5010 3015 5061 ἐπ’
3045 5008 3252 5069 αὐτὸν,
3271 5010 3357 5072 εἰς
3382 5008 3447 5059 τὸ
3475 5006 3558 5074 μὴ
3607 5007 3833 5073 ταχέως
3885 5025 4024 5060 σα-

2419 5101 2708 5168 λευθῆναι
2743 5100 2898 5169 ὑμᾶς
2919 5099 3037 5154 ἀπὸ
3065 5099 3169 5153 τοῦ
3203 5099 3364 5163 νοὸς,
3393 5099 3544 5167 μήτε
3566 5098 3870 5161 θροεῖσθαι
3904 5099 4027 5153 διὰ

2422 5195 2778 5257 πνεύματος.
2805 5191 2955 5259 μήτε
2973 5191 3067 5244 διὰ
3088 5194 3295 5259 λόγου,
3321 5191 3466 5256 μήτε
3485 5189 3910 5254 δι’ἐπιστυ.ἰῆς
3925 5193 4028 5257 ὡς

2420 5284 2494 5336 δι’
2524 5281 2710 5349 ἡμῶν,
2741 5282 2820 5346 ὡς
2841 5281 2929 5333 ὅτι
2954 5280 3286 5345 ἐνέστηκεν
3315 5280 3350 5345 ἠ
3373 5280 3558 5346 ἡμέρα
3575 5277 3677 5331 τοῦ
3705 5279 4023 5344 Χριστοῦ.

2489 5373 2557 5426 Ὦ
2591 5373 2865 5441 ἐγκώμιον
2894 5372 3187 5437 τῶνὰγίων
3212 5373 3224 5424 !
3259 5371 3426 5435 ἔδειξε
3456 5374 3562 5438 γάρ
3594 5371 3675 5422 ὅτι
3699 5373 3794 5421 καὶ
3836 5373 4028 5425 αὐτοὶ

2424 5463 2949 5532 ἐπισυναχθήσονται.
2976 5462 3052 5529 τῷ
3084 5461 3323 5530 λριστῷ,
3357 5462 3431 5523 ώς
3465 5463 3556 5513 καὶ
3614 5461 3815 5523 αὐτοὺς
3876 5466 4027 5532 μετ’

2423 5555 2585 5609 αὑτοῦ
2626 5554 2930 5623 φαίνεσθαι,
2963 5555 3054 5605 καὶ
3082 5553 3200 5621 ἅμα
3238 5553 3383 5621 αὐτῷ
3414 5553 3697 5622 συνῆχθαι.
3757 5554 3855 5616 Εἰς
3915 5558 4029 5621 τὸ,

2426 5668 2444 5699 ι
2474 5647 2562 5701 Mi»
2591 5647 2823 5716 ταχέως.
2855 5665 2873 5697 ι
2910 5645 2974 5697 Τί
3005 5645 3058 5697 δὲ
3092 5643 3386 5715 ἐρωτῶμεν
3405 5644 3548 5713 ὑμᾶς
3598 5647 3689 5696 καὶ
3726 5659 4028 5713 uaga-1.2-

2420 5736 2616 5810 λούμεν
2646 5756 2659 5803 ;
2692 5738 2864 5802 Εἰς-τὸ
2897 5739 2967 5807 μὴ
2993 5739 3220 5807 ταχέως,
3282 5737 3432 5805 φησι,
3494 5733 3819 5803 σαλευθῆναι
3888 5739 4032 5798 ἀει-..δ
