4158 6432
761 397 863 461 119
1862 398 2257 460 (ECUMENII
2282 402 2573 462 TRlCCdZ
2608 405 2949 467 EPISCOPI
3912 409 4007 471 1‘20

757 530 881 568 nem
906 513 997 581 qui
1016 511 1215 567 dicitur
1238 510 1381 565 Deus
1406 518 1499 565 aut
1526 525 1747 566 numen.
1778 530 1797 563 ι
1823 511 1885 566 In
1920 514 2124 582 templo
2158 512 2272 567 Dei.
2309 531 2327 564 ι
2365 521 2399 575 Α

2365 521 2409 575 Α
2442 518 2735 586 λεγόμενον
2759 520 2891 572 Θεὸν
2923 519 2955 590 ἦ
2976 519 3246 589 σέϐασμα.
3272 538 3290 569 ι
3316 519 3409 583 Εἰς
3428 519 3520 574 τὸν
3541 520 3665 574 ναὸν
3690 521 3787 575 τοῦ
3818 520 4006 577 Θεοῦ.)

756 605 876 659 Non
922 603 1053 657 dicit
1102 604 1362 670 templum
1404 604 1547 673 quod
1597 613 1715 656 erat
1757 604 2177 675 Hierosolymis,
2236 604 2331 658 sed

2436 608 2511 659 Οὐ
2543 607 2632 659 τὸν
2682 607 2740 659 ἐν
2779 606 3133 676 Ἰερουσαλὴμ
3168 606 3340 673 λέγει,
3370 606 3487 660 ἀλλ’
3520 607 3601 668 εἰς
3640 607 3739 670 τὰς
3791 609 4016 678 Ἐκκλη-

760 696 1033 749 Ecclesias
1063 691 1180 747 Dei.
1219 711 1237 743 ι
1274 691 1589 748 Ostentans.
1633 711 1651 745 ι
1685 691 1803 749 Νυη
1834 691 1909 749 ait
1945 713 1959 749 :
1998 694 2332 759 Dicens,sed

2439 698 2557 761 σίας
2615 697 2710 750 τοῦ
2760 697 2917 752 Θεοῦ.
2950 718 2969 750 ι
3026 698 3468 752 Ἀποδεικνύντα.
3520 717 3539 751 ι
3587 699 3701 752 Οὐκ
3735 694 3884 760 εἶπε,
3917 702 4014 754 Λέ-

759 782 1078 846 Ostentans,
1131 783 1235 837 hoc
1272 791 1380 845 est,
1424 782 1703 851 cperibus,
1737 784 1909 853 signis
1950 798 2014 838 ac
2049 784 2333 840 miraculis

2435 807 2621 857 γοντα,
2668 790 2783 843 ἀλλ’
2846 789 3286 855 Ἀποδεικνύντα,
3338 791 3608 855 τουτέστι,
3673 790 4014 861 πειρώμενον

761 877 943 931 nitens
972 874 1285 936 ostendere,
1314 874 1459 943 quod
1492 876 1563 929 sit
1587 873 1748 930 Deus.
1772 875 2127 931 Extrinsecus
2150 885 2331 930 autem

2434 883 2712 949 ἀποδείξαι
2741 882 2807 936 δι’
2832 882 3011 953 ἔργων
3059 881 3153 935 καὶ
3195 882 3439 951 σημείων
3468 882 3563 934 καὶ
3592 881 3912 950 θαυμάτων,
3936 884 4013 935 ὅτι

758 965 1197 1020 subaudiendum
1250 973 1374 1019 est:
1427 964 1784 1035 Nequaquam
1839 963 2023 1018 veniet
2062 962 2333 1019 adventus

2435 977 2548 1029 ἔστι
2576 976 2727 1039 Θεός.
2761 975 2998 1039 Ἐξωθεν
3024 972 3416 1039 ὑπακουστέον,
3447 974 3521 1027 Οὐ
3556 974 3630 1045 μὴ
3657 974 3807 1048 ἔλθῃ,
3828 976 4014 1043 φησίν.

760 1056 1001 1113 Domini.

2435 1069 2468 1137 ἠ
2508 1066 2779 1136 παρουσία
2805 1064 2900 1118 τοῦ
2938 1064 3164 1136 Κυρίου.

827 1149 892 1214 ll,
932 1148 1044 1202 5-8.
1086 1146 1170 1202 Att
1193 1164 1296 1201 non
1322 1146 1631 1201 meministis
1658 1145 1798 1216 quod
1828 1162 1945 1199 cum
1974 1146 2144 1199 adhuc
2164 1162 2330 1199 essent

2506 1160 2589 1212 οὐ
2629 1158 3038 1226 μνημονεύετε
3077 1158 3165 1209 ὅτι
3195 1157 3281 1211 ἔτι
3308 1155 3393 1209 ὢν
3420 1156 3570 1224 πρὸς
3610 1156 3785 1223 ὑμᾶς,
3829 1158 4016 1211 ταῦτα

757 1244 900 1312 apud
923 1258 1032 1303 ros,
1068 1242 1178 1296 lucc
1211 1241 1446 1294 dicebam
1474 1239 1615 1293 vobis
1646 1240 1672 1293 ι
1694 1240 1761 1293 Et
1796 1256 1933 1292 nunc
1953 1238 2076 1307 quid
2104 1239 2333 1292 detineat

2434 1248 2649 1317 ἔλεγον
2675 1248 2852 1314 ὑμῖν;
2901 1247 2997 1299 καὶ
3042 1247 3160 1299 νῦν
3198 1247 3265 1299 τὸ
3307 1247 3567 1315 κατέχοι·
3591 1246 3919 1311 οῖδατε.εἱς
3954 1250 4014 1299 τὸ

759 1337 928 1394 scitis,
956 1333 1026 1387 ad
1056 1332 1153 1387 hoc
1180 1342 1238 1385 ut
1268 1332 1359 1384 ille
1389 1328 1643 1384 reveletur
1680 1332 1733 1384 in
1771 1349 1867 1385 suo
1909 1340 2154 1397 tempore.
2187 1330 2330 1383 Nam

2432 1339 2937 1409 ἀποκαλυφθῆναι
2988 1339 3176 1395 αὐτὸν
3206 1341 3276 1392 ἐν
3316 1338 3396 1403 τῷ
3453 1339 3670 1393 ἑαυτοῦ
3704 1339 3909 1406 καιρῷ.
3951 1341 4017 1393 Τὸ

758 1426 1071 1497 mysterium
1096 1424 1214 1492 jam
1254 1424 1526 1491 peragitur
1546 1422 1844 1490 iniquitatis
1877 1438 1895 1476 :
1942 1422 2111 1475 solum
2145 1433 2218 1474 est
2241 1422 2330 1489 qui

2433 1433 2543 1502 τὰρ
2567 1431 2910 1501 μυστήριον
2948 1430 3065 1499 ἤδη
3094 1431 3418 1499 ἐνεργεῖται
3462 1430 3573 1499 τῆς
3592 1431 3867 1499 ἀνομίας,
3898 1432 4018 1484 Md-

764 1518 915 1570 modo
942 1516 1131 1567 retinet
1166 1510 1374 1564 donece
1396 1509 1565 1565 medio
1588 1510 1813 1564 tollatur
1836 1526 1855 1564 :
1894 1520 1943 1562 et
1971 1518 2092 1562 tunc
2119 1509 2330 1577 pate/iet

2431 1542 2543 1578 γον
2568 1528 2602 1579 ό
2640 1527 2910 1593 κατέχων
2961 1523 3091 1592 ἄρτι
3123 1522 3233 1589 ἕως
3262 1524 3328 1577 ἐκ
3368 1524 3565 1592 μέσου
3604 1522 3867 1591 γένηται,
3919 1524 4017 1577 καὶ

760 1609 970 1676 iniquus
997 1605 1106 1667 ille,
1132 1620 1281 1673 quem
1320 1603 1577 1656 Dominus
1610 1603 1849 1671 conﬁciet
1884 1603 2077 1671 spiritu
2103 1602 2209 1654 oris
2244 1600 2329 1654 sui

2431 1618 2566 1671 τότε
2622 1616 3202 1685 ἀποκαλυφθήσεται
3241 1618 3274 1670 d
3330 1615 3575 1684 ἄνομος,
3617 1614 3690 1669 ὃν
3726 1618 3759 1669 d
3804 1617 4020 1682 Κύριος

758 1712 805 1756 εί
837 1699 1060 1754 σθοίεθίί
1098 1697 1358 1752 ⁶¹⁸⁰¹’ίί⁰¹ε
1385 1696 1639 1751 “dum”
1664 1696 1770 1748 ""3
2430 1710 2729 1766 ἀναλώσει
2759 1708 2838 1775 τῷ
2869 1709 3161 1777 πνεύματι
3178 1708 3285 1762 τοῦ
3318 1709 3618 1776 στόματος
3672 1706 3884 1769 αὐτοῦ,
3916 1708 4018 1759 καὶ

2435 1803 2795 1872 καταργήσει
2818 1801 2891 1869 τῇ
2912 1801 3233 1871 ἐπιφανείᾳ
3280 1798 3388 1865 τῆς
3407 1799 3751 1867 παρουσίας
3801 1797 4017 1852 αὐτοῦ.

829 1881 999 1935 Multa
1048 1881 1229 1950 itaque
1266 1893 1374 1933 non
1425 1877 1629 1947 scripta
1673 1874 1920 1930 tradebat
1968 1873 2246 1945 mysteria.
2278 1885 2332 1927 et
2366 1873 2407 1911 υ

2377 1873 2407 1910 ’ί
2507 1897 2653 1965 ’Λρα
2681 1893 2947 1962 ἀγράφως
3000 1892 3172 1945 πολλὰ
3208 1892 3496 1962 παρεδίδου
3522 1890 3631 1943 τῶν
3671 1890 4019 1960 μυστηρίων,

756 1990 867 2029 non
900 1974 1076 2029 solum
1104 1986 1201 2041 per
1229 1970 1492 2041 epistolas
1526 1986 1539 2023 :
1576 1977 1838 2038 tanquam
1877 1967 2085 2022 diceret
2123 1984 2137 2021 :
2188 1965 2332 2019 Nihil

2434 1986 2532 2039 καὶ
2563 1986 2625 2038 οὐ
2660 1982 2727 2036 δι’
2759 1981 3058 2036 ἐπιστολῶν
3105 1981 3284 2051 μόνον,
3316 1980 3448 2033 ὡσεὶ
3479 1977 3650 2033 εἶπεν.
3675 1979 3841 2032 Οὐδὲν
3868 1979 4020 2043 ξένον

759 2082 959 2119 novum
992 2065 1115 2119 dico
1144 2082 1157 2117 :
1192 2064 1283 2118 sed
1308 2060 1455 2130 quod
1484 2076 1724 2131 prmsens
1747 2059 2015 2114 dicebam.
2043 2077 2061 2110 ι
2094 2057 2160 2111 Et
2188 2072 2333 2111 nunc

2434 2077 2567 2148 ἐρῶ,
2602 2075 2716 2129 ἀλλ’
2745 2074 2774 2127 ὃ
2804 2073 2997 2143 παρὼν
3024 2073 3234 2141 ἔλεγον.
3268 2093 3285 2124 ι
3322 2073 3430 2125 Καὶ
3462 2071 3558 2125 νῦν
3589 2071 3649 2124 τὸ
3677 2072 3909 2140 κατέχον
3939 2071 4020 2122 οἷ-

757 2157 888 2228 quid
928 2156 1169 2218 detineat
1200 2154 1374 2209 scitis.
1412 2172 1433 2205 ι
1470 2152 1723 2206 Detinere
1752 2150 1887 2205 dicit
1912 2149 2056 2220 quod
2086 2148 2337 2220 prohibet

2433 2170 2581 2223 δατε.
2619 2188 2638 2221 ι
2671 2167 2917 2237 Κατέχον
2975 2167 3131 2236 φησὶ,
3174 2166 3235 2218 τὺ
3290 2165 3501 2219 κωλῦον
3554 2165 3654 2218 καὶ
3702 2164 4017 2234 ἐμποδίζον,

758 2251 841 2303 vel
889 2247 1280 2317 impedimento
1316 2252 1420 2299 est.
1466 2242 1739 2307 Quidnam
1796 2250 1976 2296 autem
2015 2248 2100 2295 est
2152 2239 2339 2293 illud?

2435 2264 2501 2316 Τί
2541 2262 2595 2315 δὲ
2649 2261 2841 2324 τοῦτος
2900 2259 3094 2313 Πολλοὶ
3155 2259 3216 2312 τὸ
3268 2259 3493 2326 Πνεῦμα
3540 2259 3602 2310 τὸ
3636 2258 3791 2323 ἅγιόν
3830 2275 4020 2325 φασιν,

762 2341 914 2394 .‘tlulti
937 2338 1203 2409 Spiritum
1235 2346 1484 2391 sanctum
1513 2335 1705 2389 dicunt
1742 2350 1755 2388 :
1788 2334 1877 2387 alii
1910 2348 2038 2388 vero
2068 2332 2339 2385 [tertiano-

2435 2353 2583 2409 ἄλλοι
2617 2352 2791 2419 δὲτὴν
2831 2348 3118 2419 Ῥωμαίων
3144 2348 3338 2418 ἀρχὴν,
3374 2348 3423 2400 οἳ
3459 2349 3552 2400 καὶ
3583 2347 3792 2417 βέλτιον
3823 2348 4024 2415 λέγου-

762 2446 883 2485 rum
935 2430 1246 2499 imperium,
1291 2428 1383 2497 qui
1438 2426 1604 2482 etiam
1656 2425 1851 2480 melius
1906 2425 2194 2479 sentiunt:
2232 2422 2337 2476 nisi

2439 2463 2541 2499 σιν.
2578 2446 2676 2498 “Av
2705 2444 2813 2512 γὰρ
2873 2442 2948 2511 μὴ
3010 2440 3152 2511 αὕτη
3193 2441 3350 2511 λυθῇ,
3384 2442 3589 2504 ἐκεῖνος
3625 2428 4027 2509 οὐχ’ῆξει.“Διά

761 2526 907 2579 enim
944 2524 1045 2576 hoc
1084 2521 1334 2576 solvatur
1356 2561 1372 2585 ,
1404 2519 1494 2573 ille
1527 2534 1633 2571 non
1673 2518 1874 2573 veniet.
1908 2516 2065 2587 195
2097 2515 2230 2569 Nam
2270 2516 2339 2569 ob

2436 2539 2547 2609 γὰρ
2568 2535 2725 2589 τοῦτο
2758 2535 2853 2588 καὶ
2869 2533 3042 2595 οὕτως
3075 2533 3555 2601 συνεσκιασμένως
3595 2525 3749 2584 εἷπεν
3775 2532 3805 2585 ὁ
3835 2531 4025 2609 μακά-

764 2618 816 2671 id
854 2628 1073 2685 quoque
1102 2614 1237 2667 adro
1265 2612 1479 2667 obtecte
1514 2611 1725 2664 loeutus
1769 2617 1854 2663 est
1896 2610 2086 2663 beatus
2115 2607 2335 2668 Paulus,

2442 2604 2552 2699 ριος
2582 2626 2817 2691 Παῦλος,
2854 2625 2928 2697 μὴ
2958 2624 3286 2695 βουλόμενος
3314 2624 3515 2693 ἔχθρας
3545 2622 3811 2693 ἀκαίρους
3825 2604 4028 2677 ivga"

764 2708 958 2761 nolens
989 2707 1336 2776 importunos
1365 2718 1429 2757 ac
1464 2701 1769 2773 superfluos
1810 2701 2057 2771 accipere
2084 2699 2340 2754 inimicos

2439 2720 2629 2791 χεσθαι
2651 2717 2803 2789 παρὰ
2825 2717 2935 2769 τῶν
2960 2715 3271 2787 Ῥωμαίων.
3301 2714 3567 2785 Ἐμελλον
3594 2715 3699 2784 γὰρ
3724 2712 4026 2778 ἀκούοντες

763 2800 904 2852 inter
941 2796 1239 2851 Romanos.
1271 2795 1324 2849 Si
1357 2794 1503 2849 enim
1536 2794 1822 2849 audissent
1850 2790 1995 2863 quod
2033 2790 2340 2846 dissolven-

2438 2790 2521 2865 ὅτι
2572 2808 3009 2879 καταλυθήσεται
3068 2808 3103 2877 ἡ
3172 2806 3463 2875 Ῥωμαίων
3513 2803 3678 2876 ἀρχὴ.
3708 2805 3804 2857 καὶ
3852 2803 4028 2857 αὐτὸν

763 2892 892 2945 dum
932 2888 1135 2943 diceret
1175 2886 1461 2956 imperiunm
1504 2882 1972 2947 Romanorum,et
2003 2884 2180 2950 ipsum
2211 2879 2315 2935 aﬂli

2440 2903 2646 2958 κακοῦν
2675 2901 2770 2955 καὶ
2816 2902 2943 2963 τοὺς
2978 2899 3205 2961 πιστοὺς
3236 2899 3502 2960 ἅπαντας.
3536 2896 3610 2960 ὡς
3640 2897 3741 2965 τὴν
3782 2897 4028 2950 κατάλυ-

764 2982 976 3035 ιίεεειιι
1022 2987 1075 3033 ct
1113 2977 1401 3031 universos
1448 2976 1754 3038 credentes,
1805 2982 2062 3044 tanquam
2112 2986 2206 3025 eos
2246 2970 2337 3040 qui

2443 3015 2527 3051 σιν
2555 2995 2728 3065 αὐτῆς
2775 2992 3209 3064 προσδοκῶντας.
3242 2991 3302 3044 Εἰ
3335 2990 3446 3062 γὰρ
3472 2989 3547 3061 μὴ
3576 2983 3730 3051 οὗτος
3753 2991 3927 3058 φανῇ,
3961 2989 4026 3041 οὗ

764 3079 1147 3143 exspectarent
1189 3071 1336 3124 illam
1364 3068 1804 3124 dissolutionem.
1836 3064 1972 3120 Nam
2009 3063 2057 3121 si
2098 3064 2186 3119 hic
2228 3078 2336 3118 non

2443 3063 2694 3156 φαίνεται
2730 3084 2759 3137 ὀ
2778 3063 3033 3154 Χριστός.
3062 3081 3160 3134 Δια
3184 3076 3277 3134 οὖν
3300 3080 3362 3134 τὸ
3389 3083 3621 3149 φανῆναι
3647 3079 3740 3132 τὸν
3782 3081 4029 3148 Χριστόν

766 3166 1107 3239 apparuerit,
1152 3181 1257 3219 non
1294 3161 1737 3219 manifestabitur
1765 3159 2018 3217 Christus
2047 3175 2064 3215 :
2098 3172 2230 3227 ergo
2271 3172 2339 3214 ex
2367 3182 2408 3239 ο

2389 3182 2576 3247 Σφησι
2620 3176 2904 3248 βούλεσθαι
2956 3174 3119 3228 αὐτὸν
3169 3172 3308 3243 ταχὺ
3370 3172 3568 3236 ἐλθεῖν,
3604 3174 3700 3225 καὶ
3748 3172 3849 3238 τῆς
3886 3172 4031 3224 Ῥω-

764 3277 831 3315 co
859 3258 1003 3330 quod
1041 3257 1227 3313 statim
1260 3255 1489 3325 cupiant
1520 3253 1858 3309 manifestari
1892 3252 2196 3316 Christum,
2225 3266 2339 3305 vu-

2442 3268 2622 3338 μαίων
2651 3266 2949 3337 ἡγεμονίας
2982 3264 3281 3318 κατάλυσιν
3314 3263 3589 3331 γενέσθαι.
3617 3264 3679 3315 Et
3704 3262 3760 3315 δὲ
3788 3257 3859 3333 ἦν
3891 3262 4031 3332 περὶ

769 3354 890 3408 lunt
941 3355 1104 3406 etiam
1148 3352 1331 3405 statim
1386 3348 1502 3403 ﬁeri
1534 3346 1953 3403 dissolutionem
1997 3344 2338 3414 principatus

2439 3359 2532 3413 τοῦ
2561 3359 2717 3426 ἁγίου
2753 3356 3092 3427 Πνεῦματος,
3141 3355 3197 3409 τί
3242 3355 3481 3408 ἐκώλυεν
3512 3354 3674 3406 αὐτὸν
3704 3354 3881 3406 εἰπεῖν
3924 3370 4029 3406 σα-

770 3446 1163 3499 Rotttnnorum.
1201 3441 1260 3497 Si
1291 3452 1471 3496 autem
1502 3440 1570 3496 de
1602 3438 1812 3510 Spiritu
1853 3448 2048 3495 saneto
2076 3436 2337 3506 intellige-

2442 3448 2577 3517 φῶς,
2603 3448 2685 3501 ὃτι
2710 3448 2744 3517 ἡ
2777 3445 2870 3500 τοῦ
2900 3443 3215 3517 πνεύματος
3240 3445 3406 3499 αὐτὸν
3437 3445 3598 3514 χάρις
3625 3444 3849 3513 κατέχει
3881 3445 4030 3514 πρὸς

768 3546 853 3591 ret,
887 3577 900 3600 ,
954 3534 1081 3605 quid
1132 3533 1441 3603 prohiberet
1478 3532 1775 3602 quominus
1818 3538 2002 3600 aperte
2054 3529 2258 3583 diceret
2322 3545 2337 3581 :
2440 3540 2501 3591 τδ
2527 3538 2602 3609 μὴ
2630 3538 2901 3607 (pavitant;

767 3627 954 3681 Gratia
996 3626 1223 3694 spiritus
1260 3624 1436 3692 ipsum
1475 3621 1684 3676 detinet
1719 3635 1785 3674 ne
1816 3618 2237 3673 manifestatur?

845 3736 863 3768 ι
906 3716 971 3771 Et
1016 3730 1163 3769 nunc
1206 3712 1336 3787 quid
1382 3712 1623 3767 detineat
1672 3711 1846 3765 scitis.
1886 3729 1903 3761 ι
1940 3707 2014 3764 Ne
2040 3722 2185 3762 nunc
2224 3707 2341 3775 ipse

2520 3734 2538 3765 ι
2574 3714 2686 3768 Καὶ
2707 3713 2802 3769 νῦν
2823 3713 2884 3767 τὸ
2906 3714 3137 3785 κατέχον
3160 3712 3327 3784 φησὶν
3359 3712 3561 3767 οἴδατε.
3604 3731 3623 3765 ι
3671 3711 3872 3784 [ΦΩΤ.]
3931 3714 4035 3774 Εἰς

772 3809 1174 3875 manifestetur,
1207 3808 1300 3863 sed
1327 3807 1381 3860 in
1406 3819 1509 3861 suo
1542 3812 1786 3873 tempore
1814 3820 1826 3855 :
1864 3803 1963 3856 hoc
1988 3809 2093 3863 est,
2125 3801 2342 3870 quando

2442 3807 2502 3859 τὸ
2535 3805 2608 3875 μὴ
2635 3805 2731 3859 νῦν
2786 3805 3240 3874 ἀποκαλυφθῆναι
3284 3804 3466 3867 αὐτὸν,
3495 3805 3611 3858 ἀλλ’
3635 3806 3693 3856 ὲν
3719 3804 3797 3873 τῷ
3824 3806 4034 3858 ἑαυτοῦ

773 3902 1097 3968 pra-[initum
1130 3900 1230 3969 ipsi
1258 3914 1320 3952 ac
1347 3897 1675 3967 permissum
1710 3910 1740 3947 a
1764 3895 1871 3948 Deo
1896 3902 2109 3962 tempus
2134 3900 2341 3947 statua-

2444 3896 2639 3966 καιρῷ.
2666 3890 2791 3949 Οἴου
2817 3896 2948 3949 ὃταν
2982 3896 3012 3948 ὁ
3030 3895 3273 3966 ὀρισθεὶς
3321 3895 3471 3965 αὖτῷ
3500 3895 3594 3949 καὶ
3643 3897 4035 3966 συγχωρτῄεὶς

772 4004 859 4047 tur
889 4011 901 4047 :
937 3993 1040 4047 nisi
1069 3993 1213 4047 enim
1235 4006 1379 4046 nunc
1408 3988 1762 4049 detineretur,
1791 3989 1977 4055 utique
2004 3986 2167 4040 etiam
2196 3999 2344 4038 nunc

2445 3990 2550 4042 ὑπὸ
2603 3987 2742 4042 Θεοῦ
2773 3988 2966 4057 χρόνος
3009 3988 3228 4057 ἐπιστῇ.
3262 3987 3325 4039 Et
3368 3987 3425 4039 δὲ
3471 3987 3546 4056 μὴ
3578 3986 3880 4056 κατείχετο,
3930 3989 4040 4041 καὶ

774 4087 1102 4151 immineret,
1135 4087 1271 4140 adeo
1301 4099 1519 4154 semper
1546 4084 1810 4137 adversus
1838 4080 2127 4134 credentes
2159 4076 2347 4132 conci-

2447 4083 2543 4136 νῦν
2591 4081 2658 4135 ἂν
2710 4081 2935 4151 ἐπέστη.
2965 4079 3153 4143 Οὕτως
3188 4079 3275 4132 ἀεὶ
3313 4077 3456 4131 κατὰ
3482 4079 3587 4130 τῶν
3623 4078 3829 4130 πιστῶν
3858 4080 4036 4149 ὀργᾷ,

772 4186 941 4242 tatur,
987 4186 1041 4232 et
1085 4192 1275 4231 eorum
1327 4175 1671 4246 pravitatem,
1707 4188 1831 4226 cum
1863 4173 1975 4239 ipse
2012 4173 2083 4225 sit
2124 4183 2343 4239 pravus,

2448 4174 2541 4227 καὶ
2600 4172 2698 4242 τὴν
2744 4172 2988 4224 κάκωσιν
3022 4170 3204 4225 αὐτῶν
3229 4170 3257 4221 ὁ
3294 4169 3527 4239 πονηρὸς
3564 4169 3840 4237 ἐπιθυμεῖ,
3887 4170 4042 4223 ἀλλὰ

774 4270 1136 4339 concupiscit,
1164 4269 1258 4324 sed
1290 4268 1566 4323 detinetur
1591 4280 1655 4319 ac
1693 4264 2033 4333 prohibetur.
2065 4292 2134 4302 —
2160 4260 2343 4316 Aliud.

2447 4262 2738 4332 κατέχεται
2769 4263 2865 4315 καὶ
2894 4259 3189 4313 κωλύεται.
3215 4261 3419 4314 Ἄλλο.
3463 4256 3759 4330 [ΣΕΥΗΡ.]
3788 4260 4044 4329 Κατέχει

778 4362 993 4416 Detinet
1023 4376 1085 4415 ac
1116 4359 1367 4429 prohibet
1402 4358 1572 4427 iniqui
1605 4357 1755 4411 illius
1784 4354 2071 4408 adventum
2109 4352 2346 4421 Spiritus

2449 4354 2545 4406 καὶ
2575 4351 2773 4405 κωλύει
2818 4350 2914 4404 τοῦ
2964 4350 3170 4420 ἀνόμου
3199 4350 3299 4417 τὴν
3324 4351 3649 4420 παρουσίαν,
3695 4350 3755 4402 τὸ
3797 4349 4042 4420 Πνεῧμα

776 4460 1023 4505 sanctus.
1049 4447 1343 4518 Postquam
1370 4446 1536 4516 igitur
1564 4445 1649 4498 hic
1672 4449 1893 4512 propter
1914 4440 2191 4493 hominum
2223 4452 2350 4507 pec-
2388 4517 2403 4518 ί

2453 4447 2626 4511 ἅγιον,
2675 4442 2875 4495 Ἐπειᾶ
2924 4442 2990 4495 ἂν
3018 4438 3132 4499 οὖν,
3181 4442 3335 4511 φησὶ,
3363 4440 3521 4494 τοῦτο
3552 4440 3637 4493 διὰ
3664 4439 3763 4510 τὴν
3790 4439 3903 4492 τῶν
3940 4444 4048 4493 ἁν-

775 4553 895 4595 cata
926 4542 992 4595 de
1025 4517 1207 4593 medio
1237 4539 1325 4593 liet
1352 4547 1404 4592 et
1438 4536 1702 4601 discedet,
1746 4543 1877 4587 tunc
1917 4533 2095 4585 locum
2129 4530 2348 4583 habebit
2383 4517 2417 4569 ι]

2406 4519 2689 4603 )θρώπων
2740 4533 2941 4586 κακίαν
2972 4534 3035 4585 ὲκ
3092 4536 3257 4599 μέσου
3289 4532 3517 4600 γένηται
3562 4531 3654 4582 καὶ
3694 4532 3939 4601 ἀποστῇ,
3978 4535 4048 4585 τὸ

775 4633 999 4699 iniquus
1032 4630 1151 4691 ille,
1187 4636 1243 4680 ut
1278 4626 1550 4681 reveletur
1590 4634 1643 4677 ct
1677 4624 1943 4690 insurgat,
1980 4620 2132 4673 nullo
2164 4618 2348 4687 prohi-

2451 4625 2750 4695 τηνικαῦτα
2770 4623 2952 4693 χώραν
2980 4622 3091 4687 ἔξει
3116 4623 3144 4675 ὁ
3173 4622 3394 4690 ἄνομος,
3428 4620 3884 4690 ἀποκαλυφθῆναι
3937 4628 4049 4677 καὶ

775 4724 962 4776 bente.
1001 4720 1145 4773 Dixit
1172 4726 1353 4772 autem
1384 4717 1528 4785 quod
1559 4717 1722 4771 etiam
1754 4716 1968 4768 initium
2004 4712 2208 4781 accepit
2235 4726 2350 4781 my-

2450 4716 2843 4783 ὲπαναστῆναι,
2892 4713 3119 4783 μηδενὸς
3172 4713 3495 4775 κωλύοντος.
3530 4713 3673 4783 ’Ἔφη
3714 4713 3772 4765 δὲ
3805 4713 3889 4765 ὅτι
3938 4722 4050 4768 καὶ

778 4812 1006 4864 sterium
1053 4807 1367 4877 iniquitatis
1410 4824 1424 4860 :
1468 4804 1909 4875 quandoquidem
1954 4810 2008 4855 et
2067 4801 2347 4855 Manichzei

2451 4806 2624 4877 ἀρχὴν
2654 4805 2844 4874 εἴληφε
2868 4804 2930 4857 τὸ
2963 4806 3263 4873 μυστήριον
3297 4804 3398 4871 τῆς
3430 4804 3677 4873 ἀνομίας,
3710 4803 3906 4874 ἐπειδὴ
3941 4811 4054 4859 καὶ

778 4908 1039 4955 uixerunt
1071 4900 1349 4953 diabolum
1382 4914 1503 4954 esse
1542 4897 1709 4951 Deum
1736 4896 1887 4966 legis,
1921 4904 1973 4949 et
2004 4892 2241 4947 Marcion
2276 4892 2351 4944 ait

2453 4899 2741 4966 Μανιχαῖοι
2781 4893 2932 4947 εἷπον
2984 4894 3075 4947 τὸν
3133 4894 3379 4947 διάϐολον
3407 4893 3538 4947 θεὸν
3575 4893 3671 4947 τοῦ
3708 4895 3904 4964 νόμου,
3941 4902 4053 4950 καὶ

777 4993 993 5047 Patrem
1021 4991 1222 5047 Christi
1251 5006 1357 5044 non
1386 5005 1507 5044 esse
1536 4988 1702 5044 Deum
1730 4990 1883 5050 legis.
1915 4986 2056 5053 Quin
2086 4996 2138 5039 et
2164 4984 2349 5038 Manes

2453 4988 2720 5056 Μαρκίων
2762 4987 2926 5055 φησὶν
2966 4985 3029 5037 οὐ
3078 4984 3169 5037 τὸν
3210 4984 3429 5053 Πατέρα
3479 4979 3619 5039 εἶναι
3658 4984 3753 5037 τοῦ
3784 4987 4054 5056 Χριστοῦ

779 5085 1023 5153 s--ipsum
1056 5082 1189 5135 dicit
1231 5096 1354 5135 esse
1392 5079 1667 5134 Christum
1701 5093 1763 5133 ac
1789 5076 2125 5130 Par-acletum
2154 5088 2167 5124 ε
2200 5080 2253 5127 et
2285 5088 2350 5127 ex

2452 5080 2543 5131 τὸν
2578 5078 2711 5132 Θεὸν
2732 5080 2828 5131 τοῦ
2860 5079 3046 5146 νόμου.
3084 5077 3249 5145 Λέγει
3286 5078 3342 5129 δὲ
3395 5078 3488 5131 καὶ
3517 5077 3753 5148 Χριστὸν
3776 5079 3988 5133 ἑαυτὸν
4025 5085 4057 5136 ὁ

780 5195 844 5231 eo
885 5187 1129 5243 tempore
1179 5174 1458 5227 hominum
1494 5160 1929 5225 incredulitatem
1967 5168 2217 5221 diabolus
2267 5166 2352 5219 in-

2454 5171 2643 5239 Μάνης
2674 5169 2767 5221 καὶ
2795 5168 3165 5238 παράκλητον,
3192 5169 3284 5221 καὶ
3303 5168 3491 5221 ἔκτοτε
3513 5170 3610 5239 τὴν
3633 5171 3899 5223 ἀπιστίαν
3928 5175 4057 5226 τῶν

782 5268 1035 5322 ducebat.
1063 5283 1080 5315 ι
1110 5264 1239 5318 Nam
1268 5266 1580 5334 mysterium
1603 5265 1712 5330 jam
1740 5264 1944 5332 peragit
1972 5260 2290 5330 iniquitatis.
2328 5277 2344 5307 ι

2453 5261 2757 5331 ἀνθρώπων
2809 5262 2836 5311 ὁ
2886 5260 3130 5324 διάϐολος
3164 5263 3405 5331 εἰσῆγεν.
3440 5261 3513 5313 Τὸ
3560 5262 3669 5331 γὰρ
3725 5266 4058 5334 μυστήριον

782 5357 1101 5428 hlystcrium
1162 5356 1471 5426 iniquitatis
1517 5355 1651 5408 dicit
1696 5353 1988 5417 Neronem,
2037 5366 2093 5406 ut
2144 5350 2235 5420 qui
2282 5350 2353 5403 sit

2454 5353 2553 5423 ἥδη
2583 5354 2885 5422 ἐνεργεῖται
2909 5352 3007 5421 τῆς
3030 5352 3280 5423 ἀνομίας.
3328 5352 3642 5420 Μυστήριον
3666 5353 3763 5420 τῆς
3796 5356 4062 5425 ἀνομίας

782 5459 945 5520 typus
978 5446 1323 5501 Antichristi.
1360 5446 1569 5499 Etenim
1594 5445 1735 5500 Nero
1762 5453 1813 5497 et
1845 5458 2129 5513 perversus
2160 5450 2276 5496 erat
2302 5452 2353 5494 rt

2453 5447 2542 5497 τὸν
2573 5446 2801 5516 Νέρωνα
2851 5445 3024 5511 λέγει,
3057 5446 3129 5505 ὡς
3149 5446 3227 5506 εἰς
3261 5444 3429 5496 τύπον
3467 5444 3596 5498 ὄντα
3623 5444 3716 5497 τοῦ
3760 5446 4063 5517 ’Λντιχρῑ-

787 5541 932 5595 Deus
956 5539 1063 5593 dici
1108 5538 1379 5608 cupiebat.
1402 5537 1711 5608 Mysterium
1749 5547 1927 5590 autem
1962 5545 2119 5589 vocat
2154 5536 2350 5602 ipSnm,

2456 5555 2605 5591 στου.
2636 5538 2744 5590 Καὶ
2775 5538 2881 5607 γὰρ
2912 5536 3006 5589 καὶ
3048 5539 3075 5589 ὁ
3122 5536 3313 5606 Νέρων
3344 5537 3547 5605 φαῦλός
3577 5555 3634 5590 τε
3658 5533 3746 5607 ἦν,
3778 5541 3879 5593 καὶ
3904 5541 4065 5609 Θεὸς

786 5631 931 5700 quod
965 5632 1170 5697 absque
1205 5631 1410 5700 pudore
1440 5632 1641 5685 faceret
1668 5627 1811 5684 Nero
1830 5643 1949 5699 qua:
1982 5628 2353 5681 Antichrisms

2456 5630 2637 5696 ἐζήτει
2696 5628 2971 5695 λέγεσθαι.
3021 5629 3338 5698 Μυστήριον
3376 5630 3431 5682 δὲ
3465 5630 3628 5683 αὐτόν
3662 5647 3817 5699 φησι,
3856 5631 3958 5686 διὰ.
3991 5637 4068 5689 τὸ

788 5722 1035 5780 facturus
1058 5722 1336 5787 esset,sed
1367 5736 1526 5793 parce
1554 5736 1619 5776 ac
1642 5731 1798 5781 tecte,
1830 5720 2019 5790 inquit,
2054 5718 2350 5791 peragitur,

2458 5720 2533 5791 μὴ
2561 5718 3093 5789 ἁπηρυθριᾳσμὲνως
3129 5721 3298 5772 ποιεῖν
3322 5719 3414 5772 τὸν
3446 5720 3674 5789 Νέρωνα
3694 5715 3778 5773 οἷα
3799 5722 3831 5773 ὁ
3856 5721 4066 5777 Ἄντί-

790 5828 981 5883 nempe
1016 5813 1117 5868 sub
1152 5814 1354 5867 Satana
1390 5831 1402 5867 :
1432 5814 1548 5884 ipse
1588 5826 1824 5883 namque
1854 5812 2090 5867 Satanas
2122 5826 2216 5881 per
2243 5826 2352 5866 mc-

2456 5828 2671 5883 χριστος
2698 5810 2914 5881 ποιήσει
2944 5826 2954 5833 ·
2994 5811 3107 5864 ἀλλ’
3148 5810 3455 5881 ὑφειμένως
3490 5812 3611 5882 ἥδη,
3654 5810 3846 5882 φησὶν,
3876 5815 4066 5886 ἐνερ-
