4158 6432
775 451 875 514 1‘23
1831 443 2222 503 GiCUMENIl
2269 443 2557 502 'l‘lthC.-E
2596 443 2926 502 EPISCOPI
3929 438 4027 497 ῑῖιόα

772 571 921 626 runt,
955 575 1130 627 neque
1165 559 1264 627 ipsi
1294 559 1643 613 crediderunt
1679 579 1690 614 :
1723 559 1867 627 quod
1896 559 2059 610 etiam
2086 558 2342 612 Christus
2373 603 2379 615 .

2484 557 2788 627 ιόματιτοῦ
2825 554 3032 628 Πατρός
3067 573 3193 622 μου,
3228 556 3322 607 καὶ
3365 555 3464 606 οὐκ
3491 553 3744 617 ἐδέξασθέ
3786 571 3875 622 με·
3914 554 4033 623 ἣξει

769 653 910 708 dixit
960 653 1041 707 eis
1081 669 1094 705 :
1135 671 1152 703 ι
1199 652 1308 722 Ego
1363 653 1483 706 veni
1539 653 1590 704 in
1649 651 1868 705 nomine
1915 649 2093 704 Patris
2137 651 2261 712 mei,
2291 658 2346 701 et

772 761 881 801 non
926 746 1222 813 excepistis
1269 761 1400 800 me:
1442 745 1621 800 veniet
1660 745 1802 800 alius
1847 745 1900 798 in
1951 743 2170 798 nomine
2215 757 2345 812 pro-

773 838 917 906 prio,
938 847 996 890 et
1030 838 1207 906 ipsum
1245 836 1618 906 suscipietis'.
1657 857 1674 889 ι
1708 867 1775 876 -
1806 835 1869 889 Et
1903 846 2185 906 propterea
2224 835 2350 887 mit-

774 939 848 982 tet
882 928 991 982 illis
1023 928 1183 982 Deus.
1222 946 1239 977 ι
1270 926 1427 993 Quod
1460 928 1535 982 ait
1569 948 1581 982 :
1621 928 1813 988 Mittet.
1849 943 1954 981 non
1985 929 2056 981 ita
2085 927 2346 996 accipias.

774 1022 931 1090 quasi
982 1020 1124 1082 Deus
1178 1022 1440 1084 mitteret,
1469 1022 1562 1076 sed
1607 1022 2023 1089 permissionem
2057 1036 2178 1089 qua:
2207 1031 2290 1074 est
2320 1036 2349 1074 a

777 1111 888 1165 Deo
923 1115 1061 1166 solet
1105 1113 1178 1166 ita
1223 1129 1420 1167 vocare
1462 1113 1681 1166 Paulus.
1717 1112 2023 1166 Eiiicaeiam
2059 1128 2188 1166 vero
2219 1113 2352 1165 dicit

778 1205 1071 1269 iITusioiiis,
1099 1205 1203 1258 hoc
1237 1213 1338 1267 est,
1367 1205 1678 1259 illusionem
1707 1204 1978 1258 efﬁcacem
2009 1215 2064 1258 et
2092 1205 2352 1258 seducere

780 1307 1077 1365 luiteutem.
1112 1297 1498 1351 Animadverte
1530 1305 1710 1349 autem
1739 1312 1903 1366 quam
1940 1305 2102 1351 caute
2132 1313 2352 1365 expres-

780 1403 874 1441 sus
911 1389 982 1442 sit
1017 1404 1218 1443 sermo.
1245 1388 1361 1441 Non
1389 1387 1529 1442 dixit
1562 1409 1574 1444 :
1608 1385 1677 1442 Ut
1719 1389 2053 1458 puniantur:
2081 1388 2352 1457 siquidem

783 1480 1042 1549 puniendi
1089 1489 1246 1535 erant
1275 1496 1470 1536 omnes
1508 1483 1600 1551 qui
1638 1482 1691 1535 in
1721 1481 1998 1536 Christum
2032 1496 2138 1534 non
2179 1481 2354 1535 credi-

783 1572 1004 1633 derunt,
1036 1586 1348 1639 quanquam
1390 1587 1498 1625 non
1543 1573 1781 1625 venisset
1823 1572 2216 1636 Antichristus,
2251 1587 2356 1626 nec

785 1659 887 1726 ipsi
917 1661 1281 1714 credidissent
1313 1678 1326 1714 :
1358 1662 1474 1723 sed,
1507 1660 1575 1715 Ut
1606 1659 1945 1730 iudicentur,
1977 1661 2029 1714 id
2057 1669 2161 1727 est,
2190 1662 2353 1715 etiam

789 1750 838 1801 iu
869 1751 969 1804 hoc
1001 1753 1458 1814 condemnentur,
1490 1761 1543 1806 et
1581 1754 1823 1821 ipsorum
1873 1769 1966 1806 ora
2003 1753 2070 1812 ad
2116 1753 2216 1807 hoc
2261 1755 2357 1807 oh-

787 1848 1093 1896 struantur.
1122 1841 1261 1907 Quid
1299 1843 1444 1894 enim
1485 1844 1670 1897 dicere
1699 1851 1952 1911 poterunt
1997 1858 2098 1896 cur
2136 1841 2357 1895 Christo

2447 650 2604 715 ἄλλος
2632 653 2689 704 ἐν
2721 651 2799 723 τῷ
2832 653 3018 723 οἰκείῳ
3045 653 3291 721 ὀνόματι,
3323 653 3416 704 καὶ
3442 651 3607 703 αὑτὸν
3644 650 3888 714 δέξεσθε,
3913 667 4036 725 ιρι]-

2450 743 2521 797 σί.
2565 763 2584 796 ι
2611 775 2679 787 —
2707 763 2725 796 ι
2754 745 2853 798 Διὰ
2883 746 3042 800 τοῦτο
3067 744 3269 813 πέμψει
3298 745 3476 807 αὐτοῖς
3495 746 3520 796 6
3543 743 3695 806 Θεός.
3736 763 3754 795 ι
3781 743 3855 796 T6
3893 745 4034 812 πέμ-

2450 834 2561 903 ψει,
2592 836 2666 908 μὴ
2698 836 2840 891 οὔτω
2857 835 3002 908 δέξῃ,
3034 836 3110 899 ὡς
3134 836 3226 889 τοῦ
3255 835 3388 889 Θεοῦ
3414 836 3745 903 πέμποντος,
3772 835 3914 887 ἀλλὰ
3938 836 4038 904 τὴν

2451 927 2568 982 ἀπὸ
2610 929 2703 982 τοῦ
2757 929 2893 982 Θεοῦ
2934 930 3302 999 συγχώρησιν,
3362 927 3535 991 οὕτως
3581 928 3699 991 ἔθος
3742 928 3931 981 καλεῖν
3962 928 4028 996 τιῖ

2451 1021 2668 1091 Παύλῳ.
2698 1022 3013 1093 Ὲνέργειαν
3034 1023 3088 1076 δέ
3114 1041 3246 1092 φησι
3277 1021 3505 1090 πλάνης,
3536 1022 3806 1081 τουτέστι,
3829 1021 4026 1087 πλάνῃ·

2452 1112 2674 1182 ἐνεργὸν
2728 1113 2824 1167 καὶ
2884 1113 3157 1181 πλανῆσαι
3219 1111 3528 1181 ἰσχύουσαν.
3572 1113 3715 1182 Ὅρα
3756 1113 3811 1164 δὲ
3862 1114 4026 1178 ἅσσά

2453 1205 2602 1259 λειαν
2626 1206 2808 1274 λόγου.
2856 1207 2970 1260 Οὐκ
3010 1201 3198 1258 εἶπενο
3231 1204 3344 1258 Ἰνα
3373 1203 3737 1257 κολασθῶσιν.
3770 1204 4026 1272 Ἐμελλο·

2453 1298 2562 1366 γὰρ
2593 1297 2918 1362 κολάζεσθαι
2950 1299 3146 1361 πάντες
3175 1297 3224 1350 ot
3258 1299 3662 1365 ἀπιστήσαντες
3692 1295 3768 1365 τῷ
3794 1296 4019 1364 Χριστξι

2457 1391 2560 1442 κᾶν
2582 1390 2611 1441 6
2629 1389 2998 1460 Ἀντίχριστος
3031 1389 3106 1459 μὴ
3131 1389 3402 1459 ἐληλύθει,
3425 1388 3558 1459 μηδέ
3589 1387 3886 1456 ἐπιστεύθη
3911 1405 3952 1439 π
3973 1405 4028 1456 ίρ

2457 1482 2658 1547 αὐτῶν,
2688 1481 2801 1535 ἀλλ’
2835 1482 2922 1534 ἴνα
2947 1480 3202 1552 κριθῶσι,
3225 1481 3497 1543 τουτέστι,
3537 1478 3917 1549 κατακριθῶσι
3948 1477 4038 1531 xa‘

2459 1575 2514 1624 ἐν
2579 1573 2771 1643 τούτῳ.
2817 1575 2911 1627 καὶ
2966 1574 3224 1643 ἐμφραγῇ
3286 1571 3466 1625 αὐτῶν
3530 1571 3627 1624 καὶ
3675 1574 3754 1633 εἰς
3786 1571 3948 1623 τοῦτο
3981 1572 4048 1620 τὲ

2461 1666 2726 1734 στόματα.
2756 1666 2820 1717 Τί
2869 1666 2975 1735 γὰρ
3022 1666 3248 1727 είποιεν,
3287 1664 3377 1716 διὰ
3418 1664 3469 1716 τί
3506 1664 3579 1732 μὴ
3613 1664 3946 1715 ἐπίστευσαν
3973 1661 4040 1728 te?

2460 1756 2712 1826 Χριστῷ;
2752 1759 2892 1820 Ὅτι,
2946 1759 3132 1825 φασιν,
3161 1757 3395 1827 εἴρηται,
3431 1774 3448 1805 ι
3486 1753 3686 1822 Κύριος
3716 1755 3743 1804 6
3777 1753 3914 1814 Θεὸς
3952 1769 4051 1803 σου

2463 1850 2665 1916 Κύριος
2717 1843 2794 1910 εἷς
2847 1850 3016 1901 ἐστιν.
3067 1867 3084 1900 ι
3134 1848 3273 1900 Ἀλλ’
3321 1849 3647 1901 ἀκούσονται
3695 1847 3916 1915 πρῶτον
3950 1848 4052 1913 μὲν

791 1951 899 1986 non
937 1934 1304 1987 crediderint?
1335 1934 1472 2001 Quia
1504 1937 1710 1990 dictum
1737 1944 1843 1997 est,
1880 1935 2154 2004 inquiunt,
2198 1952 2216 1985 ι
2259 1934 2356 1987 Do-

2484 1942 2620 1993 τοῦτο
2642 1941 2910 2009 φανερῶς.
2943 1941 3053 2012 Τὴν
3075 1941 3281 2011 Τριάδα
3307 1940 3593 2009 κηρύσσει.
3628 1939 3774 2008 Πλὴν
3791 1939 4054 2005 ἐάσωμεν

794 2027 974 2081 minus
1016 2027 1161 2082 Deus
1197 2039 1345 2093 tuus,
1377 2029 1515 2082 Deus
1562 2045 1704 2084 unus
1746 2030 1908 2083 est“:
1949 2047 1967 2080 ι
2001 2028 2095 2082 sed
2141 2029 2362 2080 audient

795 2120 1032 2186 primum
1069 2119 1213 2187 quod
1246 2120 1348 2173 hoc
1383 2136 1515 2174 sane
1549 2118 1805 2174 Triadem
1840 2128 2025 2189 aperte
2057 2118 2312 2188 praedieat
2346 2135 2359 2170 :

795 2227 982 2264 vi-rum
1027 2212 1378 2266 concedendo
1430 2213 1784 2267 admittamus
1822 2211 1965 2281 quod
2011 2211 2364 2282 prmcipiatur

795 2305 1018 2358 unicutn
1064 2308 1249 2360 colere
1299 2306 1598 2374 principem
1651 2322 1666 2358 :
1719 2305 1991 2374 quomodo
2035 2320 2165 2374 ergo
2208 2303 2366 2356 Anti-

794 2397 1006 2449 (ltrislo
1042 2405 1296 2466 tanquam
1339 2396 1445 2450 Deo
1473 2397 1820 2450 credidistis?
1857 2395 2022 2451 Vides
2048 2395 2191 2466 quod
2227 2412 2365 2465 pne-

796 2489 1097 2541 cluduntur
1139 2503 1328 2542 eorum
1382 2489 1685 2558 responsa?
1726 2488 1945 2542 Christo
1988 2487 2204 2557 quidem
2259 2503 2366 2540 non

797 2578 1154 2633 crediderunt
1209 2581 1352 2649 quod
1418 2580 1560 2635 Deus
1620 2589 1805 2644 esset,
1855 2580 2195 2635 Antichristo
2242 2593 2370 2632 vero

801 2684 1061 2742 tanquam
1093 2671 1198 2725 Deo
1227 2682 1280 2726 et
1308 2672 1534 2725 credent
1559 2683 1611 2726 et
1638 2673 1813 2742 ipsum
1838 2673 2144 2726 adorabunt
2172 2691 2185 2726 :
2211 2672 2373 2742 idque

804 2765 1090 2819 manifeste
1137 2765 1342 2819 dicenti
1380 2785 1392 2820 :
1425 2766 1540 2835 Ego
1591 2782 1710 2819 sum
1757 2765 1918 2820 Deus.
1951 2765 2091 2830 Quid
2138 2767 2374 2835 amplius

804 2856 1021 2910 dicent?
1053 2856 1199 2926 quod
1225 2859 1377 2927 signa
1408 2857 1603 2912 faciat?
1631 2857 1735 2913 Sed
1772 2859 1925 2928 plura
1960 2873 2022 2911 ac
2063 2859 2271 2927 majora
2303 2857 2378 2910 fe-

804 2951 876 3002 cit
927 2949 1202 3004 Christus.
1237 2949 1317 3004 An
1369 2951 1553 3004 dicent
1584 2949 1728 3018 quod
1764 2964 1791 3002 a
1832 2949 2131 3020 Scripturis
2167 2951 2372 3006 fereba-

808 3050 896 3094 tur
938 3041 1006 3096 de
1051 3042 1144 3096 illo
1186 3045 1562 3097 testimonium
1598 3043 1622 3097 τ
1663 3043 1826 3112 Atqui
1871 3043 1937 3096 de
1984 3042 2206 3098 Christo
2247 3057 2379 3098 sane

808 3149 1066 3202 umquam
1111 3135 1177 3190 de
1222 3135 1505 3190 Saivatore
1539 3135 1724 3190 datum
1753 3143 1836 3188 est
1871 3135 2240 3189 testimonium
2273 3154 2285 3188 :
2315 3137 2380 3190 de

2464 2033 2606 2086 κατὰ
2643 2033 3010 2101 συγχώρησιν,
3049 2032 3110 2084 τὸ
3144 2032 3443 2102 μοναρχίαν
3471 2032 3579 2083 δεῖν
3613 2030 3792 2083 σέϐειν
3833 2048 4055 2099 παρεγ-

2467 2127 2624 2193 γυᾷν.
2659 2125 2782 2185 ῐῐῶς
2811 2120 2904 2176 οὗν
2926 2123 3001 2193 τῷ
3029 2123 3382 2193 Ἀντιχρίστῳ
3403 2122 3478 2184 ὡς
3505 2120 3623 2190 Θεῷ
3644 2121 4014 2173 ἐπιστεύσατε
4044 2138 4058 2178 ;

2467 2219 2597 2285 ὁρᾷς
2623 2217 2702 2268 ὅτι
2737 2215 3114 2268 ἀποκλείονται
3141 2231 3155 2278 ς
3190 2214 3265 2281 τῷ
3293 2215 3391 2281 μὲν
3423 2212 3640 2283 Χριστῷ
3676 2213 3774 2264 οὐκ
3799 2211 4029 2263 ἐπίστευ
4055 2248 4061 2253 ι

2471 2327 2570 2361 σαν
2619 2310 2700 2361 ὅτι
2733 2308 2849 2359 ἔστι
2887 2306 3040 2370 Θεὸς,
3074 2305 3150 2375 τῷ
3185 2305 3242 2358 δὲ
3293 2303 3644 2374 Ἀντιχρίστῳ
3687 2305 3761 2367 ὡς
3801 2304 3923 2371 Θεῴ
3963 2307 4062 2356 καί

2470 2398 2826 2452 πιστεύσουσι
2862 2400 2955 2451 καὶ
2977 2399 3438 2468 προσκυνήσουσι,
3457 2395 3734 2449 καὶταῦτα
3752 2395 4062 2466 διαρρήδην

2469 2491 2702 2558 λέγοντι,
2731 2492 2811 2544 ὅτι
2857 2491 2988 2560 Εἰμὶ
3017 2490 3170 2553 Θεός.
3203 2490 3269 2543 Τί
3313 2489 3499 2543 λοιπὸν
3543 2487 3794 2558 spe-33w;
3835 2488 3919 2539 ὅτι
3961 2505 4064 2554 ση-

2476 2587 2604 2652 μεῖα
2651 2586 2827 2648 ποιεῖς
2887 2583 3021 2635 ἀλλὰ
3068 2585 3160 2636 καὶ
3212 2583 3382 2635 πλείω
3403 2582 3498 2635 καὶ
3534 2581 3703 2650 μείζω
3739 2579 4006 2648 ἐποίησεν
4040 2581 4066 2631 6

2475 2677 2728 2746 Χριστός.
2773 2676 2910 2728 Ἀλλ’
2942 2679 3020 2728 ὄτι
3063 2675 3212 2744 παρᾶ
3239 2676 3346 2726 τῶν
3391 2673 3625 2744 Γραφῶν
3656 2673 4028 2743 ἐμαρτυρεῖτο
4054 2692 4064 2736 ;

2478 2770 2655 2820 καίτοι
2687 2768 2713 2818 6
2745 2767 2842 2836 μὲν
2885 2766 3140 2836 Χριστὸς,
3172 2766 3244 2829 ὡς
3268 2765 3480 2833 Σωτὴρ,
3515 2767 3542 2818 6
3574 2764 3628 2816 δὲ
3659 2765 4068 2832 Ἀντίχριστος,

2478 2861 2552 2923 ὡς
2590 2860 2806 2931 λυμεὼν
2835 2860 3273 2932 μεμαρτύρηται.
3307 2861 3373 2913 Τί
3401 2861 3456 2912 δὲ
3488 2861 3622 2923 ὅλως
3657 2862 3747 2914 καὶ
3781 2861 4069 2912 καταελα-

2479 2954 2568 3022 ipsi
2599 2959 2720 3016 τοὺς
2755 2955 2979 3016 πιστοὺς
3011 2956 3042 3021 ἡ
3096 2953 3371 3023 παρουσία
3414 2953 3611 3015 αὐτοῦς
3644 2953 3749 3006 Καὶ
3782 2953 4072 3020 πρόφασις

2481 3049 2663 3105 αὐτοῖς
2695 3047 2895 3116 μᾶλλον
2928 3047 3212 3114 στεφάνων
3234 3046 3485 3115 γένηται.
3518 3044 3788 3105 Ἐκείνους
3821 3045 3874 3097 δὲ
3915 3048 4071 3098 ἀπα-

2481 3143 2661 3209 τήσει,
2681 3141 2807 3202 τοὺς
2829 3141 2923 3192 καὶ
2949 3140 3142 3192 τούτου
3172 3141 3339 3208 χωρὶς
3358 3139 3859 3208 αὑτοκατακρίτους
3878 3138 4074 3199 ὄντας.

811 3228 1152 3283 Amichristo
1180 3244 1308 3283 vero
1337 3237 1599 3298 tanquam
1630 3228 1698 3282 de
1730 3236 2072 3298 corruptore.
2107 3227 2250 3293 Quid
2281 3244 2379 3282 au-

2485 3234 2620 3300 ψτ,σὶ
2652 3233 2780 3298 γὰρ,
2817 3233 2895 3283 ὅτι
2928 3232 2985 3284 ἐν
3035 3233 3147 3293 τοῖς
3204 3230 3598 3298 ἀπολλυμένοις
3639 3230 3810 3298 ἰσχύει
3853 3231 4074 3300 μόνοις.

811 3329 918 3373 tum
967 3321 1154 3377 afferet
1196 3323 1423 3377 omnino
1457 3323 1773 3376 nocumenti
1819 3321 2071 3376 fidelibus
2123 3321 2386 3378 adventus

813 3415 1025 3485 ipsius?
1073 3416 1184 3470 imo
1235 3415 1366 3485 ipsis
1405 3416 1626 3470 occasio
1667 3416 1828 3470 etiam
1878 3415 2222 3484 praemiorum
2264 3417 2386 3478 erit,

814 3508 938 3562 illos
983 3522 1112 3561 vero
1155 3505 1396 3577 decipiet
1435 3507 1527 3577 qui
1573 3506 1737 3560 etiam
1781 3507 1986 3574 absque
2030 3521 2094 3559 eo
2124 3521 2153 3559 a
2195 3504 2391 3573 seipsis

815 3599 1164 3652 condemnati
1206 3607 1412 3653 erant:
1445 3599 1521 3651 ait
1569 3598 1712 3652 enim
1748 3596 1890 3664 quod
1931 3597 1982 3649 itt
2021 3595 2088 3650 iis
2133 3596 2264 3648 solis
2299 3595 2391 3662 qui

818 3701 1050 3761 pereunt
1092 3692 1235 3747 vires
1266 3690 1452 3745 habet.
1492 3708 1511 3742 ι
1557 3689 1663 3744 Sed
1701 3689 2142 3759 approbaverunt
2176 3688 2393 3756 injusti-

819 3787 974 3838 tiatn.
1007 3804 1025 3836 ι
1061 3782 1209 3837 Multi
1237 3784 1382 3838 enim
1416 3793 1659 3854 quaerunt
1700 3799 1862 3852 quam
1909 3783 1978 3835 oh
2012 3797 2235 3837 causam
2266 3797 2394 3834 ven-

821 3887 983 3932 turus
1014 3879 1086 3934 sit
1134 3878 1540 3931 Antichristus?
1579 3877 1656 3930 Ad
1691 3876 1820 3944 quid
1867 3875 2220 3937 enim,aiuut,
2247 3875 2397 3926 utilis

821 3979 907 4023 est
961 3971 1233 4024 adventus
1285 3968 1490 4039 ipsius?
1532 3967 1596 4022 Et
1652 3967 1891 4020 dicimus
1930 3967 2073 4034 quod
2119 3975 2176 4019 ut
2226 3967 2259 4018 ii
2307 3965 2398 4034 qui

828 4061 1039 4130 probati
1071 4069 1197 4114 sunt
1225 4059 1498 4114 manifesti
1524 4058 1711 4111 fiant'.
1735 4055 1888 4123 Quod
1919 4057 1962 4110 si
1994 4057 2138 4109 hunc
2168 4071 2275 4109 non
2307 4073 2402 4109 su-

828 4154 1032 4222 scipias
1087 4167 1416 4213 sermonem,
1446 4153 1632 4219 accipe
1673 4148 1993 4217 Apostoium
2034 4163 2257 4201 causam
2297 4148 2407 4202 fere

828 4247 1098 4300 dicentem
1137 4264 1149 4300 :
1188 4245 1350 4315 198
1390 4241 1458 4298 Ut
1489 4243 1828 4312 iudicentur,
1861 4241 2054 4310 inquit,
2085 4255 2275 4294 omnes
2313 4241 2404 4309 qui

834 4355 942 4390 non
973 4337 1330 4398 crediderunt
1360 4335 1592 4389 veritati.
1628 4331 1897 4398 Quoniam
1941 4332 2084 4386 enim
2116 4329 2285 4384 Judaei
2315 4331 2406 4400 qui

833 4432 1053 4483 Christo
1099 4445 1206 4483 non
1240 4429 1594 4482 crediderunt
1623 4433 1875 4496 poterant
1908 4424 2274 4477 velamentum
2308 4424 2406 4476 oh-

835 4523 1060 4577 tcudere
1090 4537 1152 4576 ac
1177 4521 1360 4574 dicere
1388 4537 1401 4573 :
1435 4518 1724 4586 Propterea
1757 4532 1862 4570 non
1892 4515 2230 4569 credidimus
2261 4513 2413 4567 Chri-

2503 3324 2639 3376 Ἀλλ’
2660 3324 3047 3391 εὐδοκήσαντες
3079 3325 3134 3375 ἐν
3158 3326 3221 3391 τῇ
3257 3321 3662 3392 ἀδικία.Πολλο“ι
3687 3322 3794 3389 γὰρ
3819 3322 4075 3389 ζητοῦσι,

2492 3417 2544 3468 τί
2576 3417 2773 3485 δήποτε
2814 3414 3033 3484 ἔρχεται
3065 3415 3092 3466 6
3137 3412 3535 3482 ’Λντίχριστοςς
3573 3416 3652 3475 είς
3692 3413 3742 3464 τί
3782 3413 3889 3481 γὰρ
3929 3414 4081 3480 ὠιρέ-

2494 3510 2655 3576 λιμος
2682 3511 2714 3576 ἡ
2741 3508 3013 3578 παρουσία
3045 3507 3208 3560 αὐτοῦ
3229 3489 3374 3568 ς’καὶ
3407 3506 3606 3574 φαμέν,
3644 3504 3761 3558 Ἶνα
3776 3506 3824 3556 ot
3856 3505 4084 3572 δόκιμοι

2499 3603 2719 3672 ςανεροί
2750 3601 3038 3667 γένωνται.
3101 3599 3162 3650 Εἰ
3190 3599 3244 3650 δὲ
3281 3596 3354 3667 μὴ
3385 3598 3514 3669 δέχῃ
3544 3596 3635 3648 τὸν
3659 3597 3816 3661 λόγον
3859 3596 4082 3654 τοῦτον,

2503 3695 2650 3757 δέξαι
2706 3692 2798 3745 τὸν
2844 3690 3170 3744 Ἀπὸστολον
3227 3689 3422 3760 μικροῦ
3467 3688 3565 3757 τὴν
3597 3688 3774 3741 αἰτίαν
3821 3687 4089 3754 λέγοντα.

2504 3783 2628 3834 Ἵνα
2665 3781 2897 3848 κριθῶσι
2926 3780 3147 3841 πάντες,
3177 3780 3362 3846 φτδσλν,
3392 3779 3440 3829 οἱ
3475 3776 3550 3846 μὴ
3584 3776 3986 3839 πιστεύσαντες
4025 3782 4093 3846 ,ᾗ

2504 3871 2752 3940 ἀληθεία.
2780 3871 3000 3935 Ἐπειδὴ
3025 3869 3132 3938 γὰρ
3161 3870 3206 3921 οἱ
3231 3868 3303 3937 τῷ
3331 3866 3550 3937 Χριστῷ
3584 3866 3658 3936 μὴ
3683 3866 4095 3928 πιστεύσαντες

2518 3964 2777 4025 Ἰουδαῖοι,
2813 3957 2954 4028 εἶχον
2974 3962 3030 4012 ἐν
3069 3963 3133 4029 τῇ
3175 3959 3351 4029 κρίσει
3379 3957 3897 4027 προ6ἁ>.λεσθαι.διὰ
3924 3961 4100 4012 τοῦτο

2507 4058 2607 4108 οὐκ
2653 4053 3054 4120 ἐπιστεύσαμεν
3104 4047 3358 4104 εἶναιτδν
3389 4050 3625 4120 Χριστὸν
3675 4049 3807 4101 θεὸν
3860 4051 3950 4102 ὅτι
4005 4054 4104 4118 75'-

2507 4162 2770 4215 γραπται·
2808 4165 2826 4196 t
2859 4139 2949 4207 Εἷς
2987 4143 3117 4206 Θεὸς
3155 4142 3213 4207 ἐξ
3241 4137 3301 4196 οὗ
3331 4143 3398 4193 τὰ
3429 4141 3625 4204 πάντα,
3655 4159 3673 4192 ι
3698 4141 3810 4203 καὶ,
3847 4160 3864 4190 ι
3893 4141 4105 4211 Κυρίῳ

2508 4242 2585 4308 τῷ
2624 4239 2741 4307 Θεῷ
2774 4257 2866 4291 σου
2899 4237 3324 4306 προσκυνήσεις,
3372 4234 3466 4286 καὶ
3503 4233 3650 4304 αὑτῷ
3676 4232 3820 4302 μόνῳ
3849 4233 4105 4301 λατρεύ-

2515 4347 2647 4392 σεις.
2683 4348 2700 4380 ι
2736 4329 2855 4380 Ἵνα
2890 4326 2982 4380 οἷον
3047 4327 3179 4396 μηδὲ
3223 4323 3396 4378 ταῦτα
3435 4325 3821 4394 προῖσχωνται.
3862 4325 3888 4376 6
3914 4327 4112 4375 Ἀντί-

2515 4435 2730 4490 χριστος
2760 4417 2939 4471 αὐτῶν
2967 4415 3276 4488 ἀπορράψει
3317 4415 3383 4466 τὰ
3418 4413 3680 4482 στόματα.
3717 4412 3873 4475 Πῶς;
3907 4413 4108 4466 Ὀταν

2516 4513 2622 4579 γὰρ
2653 4509 2730 4580 τῷ
2771 4509 2870 4578 μὲν
2899 4507 3121 4577 Χριστῷ
3174 4508 3272 4559 οὐκ
3313 4506 3639 4558 ἐπίστευσαν
3680 4505 3760 4556 ὅτι
3793 4505 3906 4556 ἔστι
3941 4506 4117 4569 Θεὸς,

837 4574 1146 4669 stum—esse
1176 4611 1342 4665 Deum
1383 4609 1528 4679 quod
1545 4574 1818 4678 scriptum
1853 4608 1924 4662 sit
1958 4624 1971 4660 :
2013 4625 2031 4657 ι
2073 4603 2223 4659 Unus
2265 4604 2370 4658 Den

2484 4584 2490 4620 ’
2634 4574 2806 4651 ταυτα
2831 4574 3127 4669 διαρρήδην
3159 4596 3406 4662 λέγοντος
3431 4592 3667 4664 Χριστοῦ
3689 4596 3768 4646 ὅτι
3786 4592 3923 4656 Θεός
3964 4598 4018 4647 εἰ
4028 4615 4118 4662 μι,

836 4725 900 4760 ex
951 4722 1059 4775 quo
1104 4703 1344 4766 omnia',
1388 4720 1407 4754 ι
1443 4714 1548 4756 etc.
1584 4717 1598 4753 :
1648 4720 1665 4752 ι
1705 4700 1994 4753 Dominum
2043 4696 2212 4750 Deum
2252 4706 2403 4749 tuum

838 4797 1098 4852 adorabis
1138 4805 1190 4851 et
1231 4796 1382 4848 illum
1429 4794 1606 4848 solum
1654 4792 1856 4846 coles’.
1890 4809 1908 4842 ι
1947 4790 2016 4846 Ut
2064 4805 2192 4857 ergo
2234 4804 2409 4857 neque

841 4893 957 4944 lucc
1005 4887 1365 4957 praetendant,
1417 4885 1792 4938 Antichristus
1839 4887 2081 4954 ipsorum
2133 4883 2414 4937 obturahit

841 4999 959 5036 ora.
994 4979 1310 5046 Quomodo?
1340 4977 1609 5044 Quoniam
1648 4984 1794 5030 certe
1830 4976 2054 5030 Christo
2095 4991 2198 5028 non
2234 4975 2412 5027 credi-

844 5075 1045 5124 derunt
1078 5069 1224 5138 quod
1258 5068 1398 5122 Deus
1438 5075 1613 5130 esset,
1645 5066 1809 5134 idque
1835 5080 1956 5119 cum
1997 5065 2172 5135 palam
2205 5065 2414 5119 diceret

845 5164 1120 5220 Christus.
1144 5160 1256 5228 Ego
1279 5175 1396 5213 sum
1426 5157 1590 5212 Deus.
1622 5155 1962 5210 Antichristo
1990 5171 2120 5209 vero
2155 5165 2410 5224 tanquam

852 5256 962 5308 Dco
1009 5254 1362 5307 crediderunt
1418 5261 1472 5306 et
1522 5267 1646 5305 eum
1688 5251 2077 5305 adoraveruut.
2113 5248 2252 5314 Quid
2303 5247 2413 5315 jam

849 5348 1070 5402 dicent?
1097 5346 1242 5417 quod
1274 5346 1428 5414 signa
1455 5342 1711 5404 faeiehat,
1736 5341 1830 5396 sed
1866 5351 1918 5395 et
1943 5341 2093 5411 plura
2126 5349 2180 5393 et
2212 5339 2416 5406 majora

2519 4690 2598 4760 τῷ
2651 4689 2708 4742 δὲ
2771 4688 3146 4756 Ἀντιχρίστῳ,
3203 4687 3278 4749 ὡς
3328 4685 3445 4753 Θεῷ
3483 4686 3572 4737 καὶ
3615 4684 3955 4737 πιστεύσωσι
4022 4693 4118 4739 καὶ

2523 4782 2963 4851 προσκυνήσωσι,
2995 4781 3048 4833 τί
3075 4780 3259 4834 λοιπὸν
3290 4777 3534 4848 ὲροῦσιν;
3560 4778 3640 4831 ὅτι
3667 4781 3871 4846 σημεία
3892 4781 4121 4839 sto-'22:

2533 4874 2697 4926 Ἀλλὰ
2734 4874 2827 4926 καὶ
2861 4873 3027 4925 πλείω
3067 4873 3158 4924 καὶ
3204 4871 3374 4941 μείζω
3409 4872 3579 4922 ἐποίει
3602 4872 3629 4923 6
3656 4871 3914 4939 Χριστός.
3971 4870 4126 4922 Ἀλλ’

2525 4967 2605 5017 ὃτι
2638 4966 2786 5032 παρᾶ
2837 4965 2946 5017 τῶν
2999 4964 3229 5034 Γραφῶν
3287 4965 3680 5032 ἐμαρτυρεῖτος
3730 4961 3912 5013 καίτοι
3944 4965 3975 5015 6
4023 4965 4127 5030 μὲν

2521 5058 2780 5126 Χριστὸς,
2818 5058 2892 5118 ὡς
2924 5057 3138 5125 Σωτὴρ,
3183 5058 3210 5108 6
3252 5055 3307 5106 δὲ
3331 5054 3718 5124 ’Λντίχριστος,
3759 5053 3834 5114 ὡς
3865 5053 4128 5120 λυμεὼν.

2524 5151 2632 5201 Καὶ
2654 5149 2836 5211 ἁπλῶς
2864 5148 2960 5218 τὴν
2990 5147 3101 5200 ἄνω
3131 5146 3502 5217 παραγραφὴν
3527 5143 3823 5211 ἀνάγνωθι.
3861 5144 4129 5214 Εὑίοκή.

2526 5257 2715 5302 σαντες
2743 5241 2820 5302 δὲ,
2847 5236 2958 5292 οἷον
2989 5239 3534 5308 συνυπουργὴσαντες
3554 5239 3647 5288 καὶ
3677 5236 4133 5304 συμπράξαντες

2522 5337 2588 5402 τῇ
2622 5332 2826 5401 ἀδικία,
2866 5332 3110 5384 τουτέστι
3138 5330 3216 5400 τῷ
3246 5330 3627 5398 Ἀντιχρίστῳ.

854 5442 1090 5496 iaciebat
1115 5438 1391 5494 Christus.
1427 5438 1508 5490 An
1551 5437 1735 5491 dicent
1770 5437 1914 5504 quod
1950 5450 1980 5488 a
2020 5434 2318 5504 Scripturis
2354 5427 2629 5484 ferebatur
2654 5429 2720 5481 de
2747 5427 2865 5495 ipso
2892 5425 3308 5482 testimonium?
3369 5424 3531 5492 Atqui
3592 5421 3656 5475 de
3715 5421 3945 5475 Christo
4007 5425 4136 5494 qui.

856 5537 978 5588 do-m
1014 5541 1073 5587 ut
1104 5533 1170 5587 de
1201 5533 1504 5594 Saivatore,
1536 5532 1602 5585 de
1632 5529 1984 5584 Antechristo
2006 5543 2135 5582 vero
2164 5535 2422 5595 tanquam
2464 5525 2531 5578 de
2583 5527 2923 5587 corruptore.
2993 5518 3234 5586 Denique
3311 5517 3476 5569 etiam
3528 5514 3641 5583 lege
3693 5515 4139 5570 annotationem

860 5629 1116 5696 superius
1164 5628 1419 5696 positam.
1466 5625 1853 5696 Approbarunt
1901 5631 2117 5687 autem,
2163 5622 2264 5675 hoc
2311 5627 2423 5683 est,
2467 5631 2569 5670 una
2617 5612 2828 5682 operati
2873 5619 3003 5665 sunt
3054 5620 3107 5663 ct
3153 5625 3258 5663 una
3347 5607 3727 5662 ministrarunt
3802 5604 4142 5677 injustitiae,

865 5729 966 5776 hoc
997 5732 1078 5775 est
1101 5719 1458 5773 Antichristo.

3087 5886 3105 5909 ο
3141 5882 3295 5936 Deut.
3333 5875 3521 5943 ‘1’”),
3557 5873 3744 5928 Matth.
3786 5888 3863 5938 iV,
3910 5874 4018 5931 ll).

941 5906 961 5936 '
1007 5903 1160 5959 Joan.
1232 5921 1281 5968 ν,
1325 5900 1400 5957 i5.
1496 5901 1693 5957 ‘Dcut.
1738 5915 1808 5963 vi,
1849 5897 1884 5950 l.
1966 5898 1984 5926 "
2027 5897 2040 5951 I
2102 5896 2226 5950 Cor.
2265 5907 2321 5958 ll,
2383 5891 2506 5944 l‘J.‘
2545 5888 2558 5942 ι
2615 5890 2740 5942 (Zur.
2782 5902 2896 5951 vni,
2956 5885 3007 5936 6.
