4158 6432
839 429 936 499 131

1915 432 2313 493 (ECUMENII
2353 432 2642 492 TRICCE
2673 432 3014 493 EPISCOPI

3975 433 4070 495 132

840 546 1132 611 Christum,
1165 557 1218 599 ut
1253 563 1369 600 eum
1399 548 1569 618 quiete
1608 553 1899 612 operantes,
1947 560 2100 596 suum
2165 544 2396 611 ipsorum

2502 543 2676 608 στοῦ,
2734 544 2834 596 ἵνα
2877 544 3029 610 μετὰ
3089 544 3351 611 ἡσυχίας
3389 542 3781 613 ἐργαζόμενοι,
3809 545 3913 598 τὸν
3943 545 4074 599 eav-

838 653 1021 704 panem
1049 636 1227 690 edant.
1264 635 1366 690 Vos
1390 645 1584 695 autem.
1618 634 1831 702 fratres,
1869 649 1928 685 ne
1953 632 2315 702 defatigemini
2344 629 2398 682 in

839 727 1228 787 benefaciendo.
1260 728 1412 794 Quod
1443 729 1486 780 si
1520 726 1636 794 quis
1674 742 1778 778 non
1808 724 1978 779 obedit
2028 724 2256 778 sermoni
2301 739 2398 776 no-

837 833 970 881 stra.
997 837 1089 888 per
1127 819 1421 888 Epistulam
1451 818 1590 870 hunc
1615 822 1888 882 adnotate,
1919 825 1968 869 et
2013 833 2116 870 non
2145 831 2399 868 commer-

840 912 977 962 rium
1009 909 1248 962 habeatis
1285 926 1405 962 cum
1455 909 1572 974 illo,
1624 919 1681 962 ut
1720 909 1916 976 pudore
1966 908 2309 975 sulfundatur
2377 926 2395 960 :

839 1021 999 1072 neque
1020 1004 1180 1057 veluti
1209 1003 1481 1056 inimicum
1511 1001 1770 1066 habeatis,
1799 1001 1889 1054 sed
1920 1000 2191 1052 admonete
2208 1008 2262 1050 ut
2286 999 2399 1066 fra-

839 1104 986 1148 trem.

910 1184 1071 1253 203
1105 1182 1266 1240 Vides
1300 1198 1460 1250 quam
1506 1181 1810 1237 terribilem
1849 1180 2161 1236 exhibuerit
2197 1181 2399 1235 adhor-

839 1278 1141 1330 tationem?
1175 1276 1276 1329 Per
1300 1274 1612 1339 Dominum,
1643 1275 1843 1344 inquit,
1875 1274 1980 1328 hoc
2013 1283 2118 1337 est,
2167 1274 2285 1343 ipse
2314 1282 2398 1328 est

837 1367 929 1436 qui
964 1365 1242 1436 praecipit,
1271 1367 1386 1434 ipse
1409 1366 1500 1434 qui
1532 1366 1871 1430 exhortatur,
1887 1381 1995 1420 non
2031 1381 2149 1435 ego.
2206 1383 2223 1416 ι
2260 1365 2396 1420 Cum

836 1458 1018 1523 quiete
1044 1467 1354 1525 Operantes.
1385 1474 1402 1506 ι
1438 1454 1555 1510 Non
1583 1456 1762 1511 solum
1797 1457 1976 1525 quiete
2002 1471 2180 1524 agere,
2207 1471 2396 1510 verum

836 1550 995 1602 etiam
1022 1549 1235 1617 operari
1277 1547 1452 1616 jubet.
1482 1547 1675 1600 Adhuc
1722 1547 1791 1600 de
1833 1546 2028 1601 otiosis
2058 1561 2239 1601 sermo
2265 1555 2348 1600 est
2380 1563 2396 1601 :

845 1650 999 1713 aptat
1037 1651 1214 1694 tamen
1250 1641 1421 1703 illum,
1455 1649 1513 1694 ut
1549 1647 1602 1694 et
1631 1638 1698 1694 de
1741 1638 1827 1693 his
1855 1638 2072 1693 dicatur
2105 1638 2195 1708 qui
2225 1637 2399 1692 delin-

834 1743 1028 1800 quunt.
1072 1750 1088 1781 ι
1133 1730 1300 1785 Suum
1334 1731 1575 1797 ipsorum
1629 1745 1845 1799 panem.
1903 1750 1920 1782 ι
1985 1729 2103 1784 Non
2159 1730 2395 1785 alienum

834 1821 1252 1877 emendicando.
1291 1840 1308 1874 t
1354 1820 1461 1876 Vos
1513 1830 1716 1887 autem,
1772 1821 1984 1877 fratres.
2023 1841 2041 1874 ι
2096 1823 2396 1878 Considera

2501 635 2623 689 τῶν
2682 637 2865 704 ἄρτον
2915 637 3222 691 ἐσθίωσιν.
3288 636 3484 704 Ὑμεῖς
3535 636 3622 700 δὲ,
3687 637 3961 705 ἀδελφοὶ.
3987 638 4070 706 μὴ

2498 726 2882 794 denuntiante
2926 727 3417 792 καλοποιοῦντες.
3469 731 3536 782 Ei
3561 727 3627 781 δέ
3660 746 3748 794 τις
3773 731 3886 796 οὐχ
3918 733 4071 784 ὐπα-

2498 817 2661 869 κούει
2688 814 2951 884 τῷλόγῳ
2993 815 3182 885 ἡμῶν,
3237 816 3335 869 διὰ
3379 817 3488 886 τῆς
3531 815 3901 884 Ἐπιστολῆς
3939 819 4069 872 τοῦ·

2499 923 2604 961 τον
2625 907 3008 975 σημειοῦσθε,
3063 910 3161 962 καὶ
3201 909 3284 975 μὴ
3324 912 3862 980 συναναμίγνυσθε
3885 909 4068 975 αὐτῷ,

2499 999 2598 1051 ἵνα
2636 997 2924 1067 ἐντραπῇ.
2974 1001 3080 1054 Καὶ
3134 1001 3218 1070 μὴ
3271 1001 3351 1067 ὡς
3377 1001 3595 1070 ἐχθρὸν
3621 1002 3883 1072 ἡγεῖσθε,
3916 1005 4075 1057 ἀλλὰ

2497 1090 2830 1144 νουθετεῖτε·
2846 1090 2925 1156 ὡς
2945 1090 3230 1160 ἀδελφόν.

2582 1181 2746 1249 Ὀρᾶς
2777 1182 2894 1244 πῶς
2947 1180 3185 1254 φοϐερὰν
3223 1185 3519 1256 εἰργάσατο
3552 1184 3650 1255 τὴν
3688 1185 4072 1255 παράκλησινς

2499 1273 2598 1324 Διὰ
2636 1271 2729 1324 τοῦ
2789 1272 3016 1342 Κυρίου,
3067 1275 3222 1343 φησὶ,
3285 1276 3588 1336 τουτέστιν,
3648 1274 3809 1337 αὑτός
3865 1277 4075 1327 ἐστινό

2501 1363 2920 1434 παραγγέλλων,
2952 1365 3113 1428 αὐτὸς
3142 1368 3170 1418 6
3204 1365 3558 1436 παρακαλῶν,
3584 1366 3681 1419 οὐκ
3705 1366 3835 1433 ἐγώ.
3871 1385 3889 1417 ι
3919 1368 4075 1420 Μετὰ

2501 1453 2728 1523 ἡσυχίας
2777 1454 3153 1524 ἐργαζόμενοι.
3184 1474 3203 1507 t
3235 1456 3310 1510 Ού
3370 1457 3530 1525 μόνον
3579 1457 3893 1526 ἡσυχάζειν,
3937 1457 4072 1509 ἀλλὰ

2500 1545 2594 1596 καὶ
2656 1545 2981 1614 ἐργάζεσθαι
3025 1547 3258 1602 κελεύει.
3323 1549 3443 1602 Ἔτι
3511 1549 3640 1618 περὶ
3671 1548 3780 1600 τῶν
3833 1549 4074 1618 ἀργῶνὸ

2499 1635 2689 1702 λόγος·
2729 1637 2983 1707 Ἀρμόζει
3018 1639 3076 1692 δέ
3129 1639 3222 1693 καλ⁵
3281 1641 3409 1712 περὶ⁵
3465 1639 3576 1692 τῶν
3642 1641 4071 1709 ἁμαρτανόντων

2500 1726 2774 1795 λέγεσθαι.
2813 1748 2830 1779 ι
2854 1729 2957 1781 Τὸν
2985 1730 3198 1783 ἑαυτῶν
3245 1731 3423 1801 ,ἄρτον
3482 1751 3500 1783 t
3545 1732 3634 1800 Μὴ
3666 1731 3756 1783 τὸν
3792 1730 4073 1798 ἀλλότριον

2500 1819 2585 1874 διὰ
2641 1819 2736 1873 τοῦ
2779 1821 3044 1874 ἐπαιτεῖν.
3107 1839 3126 1873 s
3162 1822 3349 1891 Ὑμεῖς
3414 1823 3471 1875 δὲ
3539 1822 3779 1888 ἀδελφοί.
3833 1839 3849 1871 t
3930 1822 4072 1890 Ὅρα

833 1926 1059 1985 paterna
1083 1915 1310 1968 viscera.
1359 1912 1474 1966 Non
1508 1913 1600 1966 diu
1633 1914 1891 1982 produxit
1939 1916 2393 1984 increpatiouem,

2503 1911 2780 1981 σπλάγχνα
2845 1910 3109 1981 πατρικά.
3142 1913 3215 1964 οὐ
3263 1912 3581 1982 προήγαγεν
3618 1913 3709 1964 ἐπὶ
3764 1911 3898 1964 πολὺ
3971 1913 4071 1980 τὴν

835 2013 1081 2057 metuens
1110 2020 1175 2056 ne
1200 2003 1343 2057 fame
1368 2003 1608 2071 perirent
1636 2003 1954 2057 inordinati.
1983 2004 2047 2056 Et
2071 2005 2147 2056 ait
2177 2013 2235 2058 ut
2265 2006 2401 2060 sub-

832 2096 1030 2148 ducant
1058 2094 1276 2163 quidem
1313 2108 1371 2146 se
1404 2094 1473 2147 ab
1505 2094 1662 2162 ipsis,
1715 2092 1818 2146 hoc
1851 2099 1957 2157 est,
2023 2103 2395 2164 scgregentnr,

833 2196 884 2238 et
923 2200 1018 2254 per
1043 2185 1442 2254 separatinnem
1473 2183 1864 2253 corripiantur.
1894 2182 2033 2237 Dum
2064 2195 2241 2238 autem
2273 2201 2399 2240 cor-

836 2278 1112 2347 riguntur,
1151 2276 1345 2343 inquit,
1385 2274 1581 2328 tradite
1635 2275 1744 2328 illis
1793 2276 2102 2330 necessaria
2136 2291 2203 2330 ne
2257 2276 2398 2332 fame

837 2377 1170 2437 premantur.
1211 2366 1416 2420 Sanicit
1450 2367 1671 2435 quidem
1705 2365 1784 2420 eis
1813 2366 1906 2434 qui
1953 2381 2060 2420 non
2108 2368 2397 2437 corrigun-

834 2469 921 2514 tur
960 2460 1257 2530 increpatio
1273 2474 1368 2528 per
1398 2459 1502 2513 hoc
1527 2458 1671 2526 quod
1696 2457 2015 2513 subducatis
2034 2473 2130 2513 vos
2151 2459 2220 2512 ab
2240 2459 2393 2528 ipsis.

838 2573 856 2605 ε
899 2553 1050 2618 Quod
1079 2553 1124 2606 si
1155 2553 1278 2621 quis
1313 2567 1421 2605 non
1453 2551 1640 2605 ohedit
1668 2551 1907 2605 sermoni
1940 2561 2126 2604 nostro
2155 2567 2250 2621 per
2280 2551 2396 2621 epi-

834 2649 1057 2700 stolam.
1101 2663 1118 2694 ι
1159 2646 1268 2696 Aut
1318 2657 1413 2710 per
1440 2642 1753 2711 epistolam,
1793 2651 1945 2710 puta,
1980 2641 2248 2710 loquenti,
2302 2651 2397 2696 aut

833 2735 1074 2789 sermoni
1111 2749 1207 2803 per
1241 2732 1544 2803 Epistolatn
1581 2734 1773 2787 misso.
1815 2743 1852 2784 s'
1875 2731 2030 2786 Hunc
2056 2733 2332 2789 adnotate.
2373 2752 2391 2785 ι

833 2828 908 2881 Ne
951 2843 1047 2881 vos
1080 2828 1265 2880 lateat.
1303 2825 1533 2880 Maxima
1585 2834 1667 2880 est
1697 2833 1878 2880 autem
1914 2825 2167 2880 confusio
2207 2841 2398 2881 omnes

835 2921 1035 2974 habere
1059 2933 1305 2974 aversos.
1345 2939 1362 2969 ι
1400 2917 1588 2987 Neque
1616 2918 1758 2973 velut
1779 2917 2056 2972 inimicum
2078 2919 2344 2973 habeatis.
2371 2936 2392 2972 ι

832 3012 968 3065 Cum
1007 3011 1260 3078 superius
1292 3009 1524 3064 dixisset
1550 3023 1655 3062 non
1680 3017 1936 3078 oportere
1969 3009 2131 3065 edere
2156 3025 2280 3065 eum
2305 3011 2396 3080 qui

844 3102 1057 3155 otiusus
1088 3108 1189 3164 est,
1219 3101 1420 3154 veritus
1448 3115 1516 3154 ne
1543 3097 1684 3153 fame
1716 3100 1941 3168 periret,
1978 3101 2260 3168 adjunxit:
2292 3101 2397 3157 Vos

833 3203 1038 3251 autem.
1081 3191 1301 3254 fratres,
1339 3206 1406 3244 ne
1439 3189 1811 3259 defatigernini
1857 3189 1911 3242 in
1948 3189 2345 3246 benefaciendo
2381 3211 2393 3244 ε

835 3284 904 3334 ita
940 3291 990 3336 et
1012 3281 1100 3334 hic
1130 3295 1252 3334 cum
1286 3280 1516 3334 dixisset
1549 3298 1563 3333 :
1597 3278 1674 3333 Ne
1695 3279 2187 3344 commisceamini,
2216 3281 2399 3334 timuit

833 3389 900 3428 ne
933 3377 1249 3440 segregatus
1290 3370 1687 3425 absorberetur
1719 3370 2114 3425 vehementiori
2153 3370 2394 3436 tristitia,

832 3466 976 3533 (μιοά
1033 3463 1098 3516 ad
1151 3462 1471 3517 Corinthios
1523 3460 1743 3530 scripsit
1777 3461 1820 3492 "
1855 3481 1869 3515 :
1904 3461 2024 3517 ideo
2061 3463 2344 3532 snbjungit
2381 3482 2395 3518 :

831 3561 906 3613 NP.
939 3569 994 3612 ut
1026 3561 1306 3613 inimicum
1341 3559 1614 3623 habeatis,
1665 3558 1759 3614 sed
1795 3558 2103 3624 admonete,
2141 3560 2290 3615 ac'si
2316 3561 2399 3615 di-

829 3642 977 3707 ceret
1014 3670 1028 3706 :
1057 3652 1330 3721 Corripite
1366 3651 1587 3720 quidem
1619 3651 1797 3719 ipsum
1827 3665 1936 3704 non
1982 3651 2148 3706 veluti
2175 3653 2396 3708 inimico

829 3745 1150 3806 irascentes,
1178 3742 1272 3799 sed
1298 3750 1556 3812 tanquam
1581 3740 1805 3796 fratrem
1840 3741 1895 3795 in
1917 3741 2184 3798 charitate
2211 3744 2400 3798 admo-

833 3844 1042 3889 DCIIICS.

1419 3924 1652 3980 CAPUT
1700 3923 1789 3979 Vl.

1105 4009 1349 4065 Precatio
1379 4028 1474 4080 pro
1497 4029 1643 4080 pace,
1683 4028 1800 4081 qua'
1826 4021 1900 4064 est
1929 4029 1958 4064 a
1990 4011 2118 4067 Deo.

905 4101 1206 4165 111,16-18.
1257 4103 1377 4171 Ipse
1423 4113 1600 4156 autent
1649 4103 1905 4157 Dominus
1932 4106 2077 4171 pacis
2129 4105 2213 4159 det
2254 4107 2392 4160 vobis

830 4212 1007 4264 pacem
1043 4210 1243 4261 semper
1271 4195 1512 4248 omnibus
1540 4195 1729 4248 modis.
1760 4193 2019 4248 Dominus
2054 4197 2121 4249 sit
2150 4213 2265 4249 cum
2288 4215 2397 4251 om-

832 4289 984 4339 nibus
1021 4285 1186 4344 vobis.
1224 4285 1496 4340 Salutatio
1546 4302 1661 4339 mea
1704 4303 1863 4340 manu
1901 4286 2080 4346 Pauli.
2127 4291 2264 4356 quod
2316 4299 2392 4345 est

830 4382 1036 4447 signum
1092 4379 1146 4429 in
1199 4379 1343 4430 omni
1387 4377 1628 4439 epistola.
1673 4375 1763 4430 Ita
1798 4378 1991 4432 scribo.
2045 4377 2234 4434 Gratia
2286 4380 2394 4435 Da-

829 4468 958 4520 mini
1002 4468 1171 4520 nostri
1216 4465 1342 4519 Jssu
1397 4466 1598 4520 Christi
1639 4468 1707 4520 sit
1755 4484 1874 4520 cum
1937 4468 2178 4523 omnibus
2223 4471 2387 4536 t'obis,

826 4561 1014 4612 Amen.

897 4649 1059 4721 204
1091 4650 1229 4714 Quia
1261 4650 1411 4703 novit
1444 4666 1507 4705 ex
1537 4651 2008 4706 admonitionibus
2051 4663 2105 4708 et
2133 4655 2387 4724 objurga-

830 4743 1072 4796 tionibus
1102 4757 1309 4811 pugnas
1336 4756 1398 4796 ac
1446 4743 1833 4796 contentiones
1875 4743 2030 4807 oriri,
2072 4759 2192 4799 cum
2227 4746 2261 4798 ii
2294 4745 2385 4814 qui

827 4833 932 4887 hoc
956 4834 1235 4901 patiantur
1261 4844 1652 4901 exasperentur
1674 4833 1739 4886 ad
1760 4834 2233 4902 reprehensiones,
2261 4852 2387 4905 prc-

825 4933 984 4978 catur
1013 4924 1092 4977 eis
1126 4937 1312 4992 pacem
1340 4936 1372 4976 a
1408 4920 1514 4978 Deo
1541 4924 1714 4991 pacis.
1767 4943 1785 4974 ι
1829 4922 2096 4979 Omnibus
2133 4927 2328 4981 modis.
2363 4946 2380 4978 ι

833 5015 899 5068 Ut
933 5017 1079 5069 nulla
1111 5017 1456 5085 relinquatur
1500 5015 1865 5070 dissensionis
1895 5019 2136 5072 occasio.
2170 5036 2188 5069 ι
2228 5017 2388 5072 Salu-

831 5108 963 5161 talio
997 5122 1114 5161 mea
1147 5121 1310 5159 manu
1364 5104 1544 5160 Pauli.
1591 5126 1608 5156 ι
1652 5106 1766 5161 lloc
1805 5109 2022 5176 propria
2055 5125 2218 5161 manu
2260 5112 2389 5164 sub-

830 5198 1075 5266 scripsit,
1107 5206 1363 5265 tanquam
1414 5199 1601 5253 dicens
1637 5217 1650 5252 :
1686 5197 1874 5273 Saluto
1909 5214 2025 5261 vos,
2058 5211 2151 5254 aut
2183 5202 2385 5263 Valete,

826 5298 919 5341 aut
949 5289 1151 5356 aliquid
1186 5289 1520 5356 huiusmodi,
1553 5306 1619 5342 ne
1650 5289 2026 5344 adulterentur
2067 5292 2264 5346 litterae
2296 5301 2390 5347 aut

827 5390 1100 5449 corruptae
1138 5387 1418 5448 putentur.
1470 5377 1616 5430 Dixit
1667 5388 1849 5431 autem
1898 5378 1950 5430 in
2008 5380 2384 5448 superioribus

827 5470 969 5538 quod
993 5469 1304 5540 eﬂingentcs
1338 5471 1535 5524 missas
1567 5470 1633 5521 ab
1660 5470 1778 5538 ipso
1804 5469 2036 5534 litteras,
2067 5474 2384 5526 avertebant

825 5577 913 5615 Q30:-
952 5578 977 5608 ,ι
1014 5561 1177 5615 rectis
1205 5560 1497 5630 dogmatis.
1530 5577 1548 5610 ι
1586 5560 1740 5627 Quod
1793 5571 1877 5614 est
1908 5563 2122 5632 signum
2151 5563 2204 5617 in
2237 5565 2381 5618 omni

824 5653 1075 5722 epistola.
1104 5671 1122 5703 ι
1146 5652 1258 5705 Hoc
1274 5653 1421 5706 enim
1453 5654 1664 5723 signum
1695 5663 1813 5708 erat
1840 5670 1902 5709 nc
1921 5664 2380 5723 corrumperetur.

899 5839 939 5867 “
989 5831 1024 5884 εΙ
1067 5835 1196 5891 Cor.
1226 5854 1282 5902 tr,
1311 5835 1363 5886 7.

2499 2004 2835 2074 ἐπιτίμησιν,
2866 2003 3115 2066 δεδοικὼς
3151 2002 3226 2073 μὴ
3253 2003 3398 2074 λιμῷ
3445 2004 3724 2074 φθαρῶσιν
3745 2005 3794 2056 οἱ
3820 2006 4070 2064 ἄτακτοι,

2499 2094 2595 2145 καί
2646 2109 2810 2161 φησι,
2860 2092 3176 2145 στέλλεσθαι
3230 2094 3328 2164 μὲν
3394 2093 3488 2146 ἀπ’
3545 2093 3745 2159 αὐτῶν,
3795 2095 4070 2156 τουτέστι,

2500 2183 2876 2254 χωρίζεσθαι,
2921 2184 3018 2238 καὶ
3074 2185 3162 2238 διὰ
3209 2185 3300 2239 τοῦ
3345 2185 3629 2256 χωρισμοῦ
3683 2187 4068 2255 ἐπιτιμᾶσθαι.

2510 2275 2600 2327 Ἐν
2645 2275 2752 2345 ὅσῳ
2774 2275 2830 2328 δέ
2886 2275 3247 2345 διορθοῦνται,
3299 2279 3454 2347 φησι,
3515 2277 3825 2346 μεταδίδοτε
3858 2278 4071 2344 aurci,

2501 2365 2586 2416 ἵνα
2616 2364 2690 2433 μὴ
2714 2363 3079 2434 λιμώττωσιν.
3126 2367 3312 2434 ’Δρκεῖ
3364 2368 3472 2435 γὰρ
3505 2367 3578 2438 μὴ
3638 2367 4069 2437 διορθουμένοις.

2499 2458 2532 2526 ἡ
2566 2458 2880 2526 ἐπιτίμησις
2927 2455 3022 2508 τοῦ
3075 2457 3389 2510 στέλλεσθαι
3423 2459 3568 2526 ὑμᾶς
3616 2458 3931 2514 ἀπἀὐτῶν.
3971 2478 3989 2510 ι
4015 2459 4072 2510 ΕΞ

2500 2547 2553 2598 δέ
2589 2564 2673 2609 τις
2717 2546 2814 2616 οὐχ
2859 2545 3125 2599 ὑπακούει
3175 2547 3254 2614 τῷ
3301 2547 3442 2616 λόγῳ
3494 2546 3672 2616 ἡμῶν.
3700 2566 3718 2598 t
3757 2547 3823 2602 Ἦ
3849 2547 3929 2617 τῷ
3985 2549 4074 2600 διὰ

2498 2639 2595 2705 τῆς
2641 2636 2959 2704 Ἐπιστολῆς
3015 2630 3126 2688 οἷον
3167 2635 3438 2700 λαλοῦντι,
3469 2636 3603 2706 ἦτῴ
3635 2637 3722 2690 δια
3759 2637 3860 2706 τῆς
3911 2639 4072 2691 Ἐπι-

2485 2727 2695 2795 ·στολῆς
2748 2726 3130 2782 ἀποσταλέντι.
3196 2725 3442 2779 ιΤοῦτον
3493 2726 3844 2796 σημειοῦσθε.
3875 2747 3892 2779 t
3954 2729 4076 2781 Ἵνα

2501 2819 2577 2890 μὴ
2604 2819 2741 2890 λάθῃ
2789 2821 2951 2888 ὑμᾶς,
2990 2820 3141 2890 φησί.
3197 2819 3448 2889 Μεγίστη
3486 2820 3542 2871 δὲ
3568 2822 3820 2890 ἐντροπὴ,
3846 2821 3904 2873 τὸ
3934 2823 4077 2874 πάν-

2500 2927 2596 2972 τας
2641 2910 2785 2978 ἐχειν
2839 2911 3373 2980 ἁποστρεφομέ-.ους.
3444 2930 3462 2963 ι
3493 2914 3601 2966 Καὶ
3641 2912 3714 2982 μὴ
3771 2915 3842 2976 ὼς
3874 2916 4077 2983 ἐχθρὸν

2497 3001 2780 3070 ἡγεῖσθε.»
2838 3002 3048 3072 Ὠσπερ
3105 3003 3216 3057 ἄνω
3271 3003 3442 3056 εἰπὼν
3476 3005 3549 3074 μὴ
3598 3005 3707 3058 δεῖν
3749 3007 3837 3058 τὸν
3883 3008 4064 3076 ἁργδν

2501 3092 2726 3155 ἐσθίειν,
2759 3093 2939 3155 δείσας
2971 3097 3046 3162 μὴ
3077 3094 3220 3165 λιμῷ
3290 3096 3497 3166 φθαρῇ,
3536 3098 3836 3166 ἐπήγαγενο
3879 3084 4079 3167 ’Υμέῖς

2500 3182 2576 3243 δέ,
2605 3184 2846 3250 ἀδελφοὶ,
2883 3185 2958 3254 μὴ
2989 3187 3336 3256 ἐκκακήσητε
3388 3188 3830 3250 καλοποιοῦντες.
3889 3189 4079 3250 οὕτως

2502 3274 2595 3327 καί
2640 3268 2741 3326 ὧδε
2793 3274 2997 3326 εἰπών·
3052 3275 3145 3346 Μὴ
3208 3277 3700 3347 συναναμίγνυσθε,
3755 3279 3930 3331 ἔδεισε
3999 3285 4080 3350 μὴ

2500 3366 2894 3434 ἀποσχισθεὶς,
2956 3368 3023 3434 τῇ
3082 3369 3467 3438 περισσωτέρᾳ
3535 3368 3682 3439 λύπῃ
3744 3371 4079 3440 καταποθῇ,

2499 3457 2637 3528 ὅπερ
2684 3457 2819 3528 πρὸς
2878 3458 3202 3528 Κορινθίους
3268 3459 3517 3529 ἔγραψε·
3563 3459 3642 3512 διὸ
3689 3461 3923 3528 ἐπάγει,
3982 3463 4081 3532 Μὴ

2496 3549 2572 3612 ὡς
2610 3552 2802 3620 ἐχθρὸν
2848 3551 3090 3620 ἡγεῖσθε,
3118 3551 3255 3604 ἀλλὰ
3307 3551 3630 3615 νουθετεῖτε,
3680 3553 3754 3615 ὡς
3788 3555 3836 3606 εί
3867 3549 4036 3605 εἶπεν
4063 3571 4078 3585 υ

2510 3642 2829 3711 Ἐπιτιμᾶτε
2858 3643 2952 3712 μὲν
2985 3643 3156 3712 αὐτῷ,
3194 3643 3266 3714 μὴ
3293 3644 3366 3704 ὡς
3397 3643 3577 3716 ἐχθρῷ
3603 3644 3660 3698 δέ
3690 3645 4080 3715 ὀργιζόμενοι,

2496 3733 2610 3788 ἀλλ’
2639 3735 2714 3796 ὡς
2734 3733 2963 3802 ἀδελφὸν
2999 3737 3057 3788 ἐν
3077 3735 3271 3807 ἀγάπῃ
3303 3736 3696 3800 νουθετοῦντες.

3093 3918 3343 3971 xeiras.
3378 3917 3466 3984 cr.

2706 4009 2875 4076 Εὺχὴ
2897 4009 3030 4077 περὶ
3061 4009 3329 4077 εἰρήνης,
3361 4009 3472 4077 τῆς
3507 4013 3664 4079 παρὰ
3688 4013 3854 4067 Θεοῦ.

2565 4102 2758 4163 Αὐτὸς
2784 4101 2851 4153 δὲ
2877 4103 2909 4154 d
2935 4101 3142 4168 Κύριος
3178 4101 3287 4169 τῆς
3316 4103 3581 4170 εἰρήνης,
3622 4103 3738 4170 δῴη
3773 4106 3915 4173 ὑμῖν
3959 4108 4090 4173 τὴν

2494 4193 2740 4261 εἰρήνην
2793 4192 3121 4258 διαπαντὸς
3164 4194 3234 4246 ἐν
3266 4197 3444 4248 παντὶ
3500 4198 3716 4262 τρόπῳ.
3759 4197 3813 4249 '0
3845 4199 4088 4266 Κύριος

2489 4286 2637 4352 μετὰ
2672 4284 2914 4337 πάντων
2960 4283 3143 4353 ὑμῶν.
3186 4286 3250 4338 '0
3300 4287 3626 4355 ἀσπασμὸς
3655 4287 3728 4355 τῇ
3755 4287 3868 4356 ἐμῇ
3912 4295 4088 4358 xei-p1

2496 4377 2756 4439 Παύλου,
2787 4375 2821 4428 ὅ
2847 4376 2976 4428 ἑστι
3006 4379 3257 4444 σημεῖον
3295 4379 3364 4430 ἐν
3386 4379 3553 4446 πάσῃ
3596 4379 3910 4447 ἐπιστολῇ.
3959 4387 4091 4436 Οὓ-

2494 4483 2608 4532 τως
2662 4469 2882 4536 γράφω.
2926 4469 2997 4521 ’11
3032 4469 3204 4536 χάρις
3257 4469 3362 4523 τοῦ
3400 4472 3618 4538 Κυρίου
3652 4473 3816 4539 ἡμῶν
3856 4474 4091 4541 Ἰησοῦ

2420 4560 2464 4614 D
2495 4560 2748 4628 Χριστοῦ
2776 4561 2927 4628 μετὰ
2945 4560 3187 4614 πάντων
3205 4561 3391 4630 ὑμῶν,
3431 4563 3636 4628 Ἀμήν.

2578 4651 2794 4720 Ἐπειδὴ
2841 4647 2981 4703 οἶδεν
3019 4653 3083 4703 ἐκ
3125 4651 3220 4704 τοῦ
3273 4654 3639 4707 νουθετεῖσθαι
3679 4654 3769 4706 καὶ
3806 4657 4094 4726 emugi-

2500 4743 2672 4803 σθαι,
2731 4743 2874 4811 ἕρεις
2897 4742 3035 4798 ,μκαὶ
3091 4742 3267 4811 μάχας
3317 4745 3677 4811 τικτομένας,
3736 4747 3843 4797 τῶν
3903 4751 4096 4803 τοῦτο

2497 4835 2813 4904 πασχόντων
2878 4835 3013 4901 πρὸς
3077 4837 3203 4897 τοὺς
3267 4836 3522 4904 ἐλέγχους
3585 4840 4034 4905 τραχυνομένων
4078 4886 4092 4902 ,

2495 4927 2786 4994 ἐπεύχεται
2845 4926 3026 4988 αὐτοῖς
3081 4928 3339 4996 εἰρήνην,
3412 4926 3562 4997 παρά
3621 4928 3712 4980 τοῦ
3779 4929 3919 4982 Θεοῦ
3983 4935 4100 5002 τῆς

2494 5016 2738 5084 εἰρήνης.
2799 5033 2817 5065 ι
2857 5012 2945 5065 Ἐν
3011 5015 3174 5065 παντὶ⁷
3239 5015 3446 5082 τρόπῳ.
3501 5033 3518 5065 ι
3567 5015 3730 5067 Ὥστε
3787 5017 4098 5089 μηδεμίαν

2491 5106 2872 5174 ὑπολελεῖφθαι
2933 5106 3115 5175 μάχης
3167 5107 3442 5175 ἀφορμήν.
3520 5125 3536 5156 ι
3572 5106 3630 5159 Ὀ
3675 5110 3984 5177 ἀσπασμὸς
4023 5121 4099 5184 τῇ

2489 5201 2593 5266 ἐμῇ
2633 5200 2777 5266 χειρὶ
2850 5197 3128 5250 Παύλου.»
3185 5195 3354 5250 Τοῦτο
3407 5198 3690 5268 ἰδιόχειρον
3741 5201 4102 5272 ὑπέγραψεν

2488 5286 2622 5351 οἷον,
2676 5290 2756 5351 τὸ,
2823 5289 3162 5358 Ἀσπάζομαι
3219 5291 3381 5358 ὑμᾶς.
3413 5291 3444 5359 ἢ
3474 5291 3554 5351 τὸ,
3611 5290 3930 5362 Ἔρρωσθε,
3965 5299 4007 5365 ἦ
4041 5317 4102 5351 τι

2489 5384 2748 5446 τοιοῦτον,
2801 5382 2888 5434 ἵνα
2929 5383 3003 5451 μὴ
3041 5383 3380 5451 παραποιῆτε
3432 5384 3498 5434 τὰ
3538 5384 3867 5452 γράμματα-
3933 5385 4102 5444 [εἶπε

2492 5475 2597 5543 γάρ
2645 5475 2776 5535 ἀνω,
2810 5472 2884 5533 ὡς
2938 5472 3031 5523 ἀπ’
3088 5472 3250 5524 αὑτοῦ
3314 5474 3602 5535 ἐπιστολὰς
3670 5475 4103 5543 πλαττόμενοι,

2491 5565 2802 5632 διέστρεφεν
2850 5563 3044 5624 αὐτοὺς
3073 5565 3180 5616 ἀπὸ
3223 5563 3330 5616 τῶν
3379 5564 3554 5633 ὀρθῶν
3607 5565 3924 5632 δογμάτων.
3984 5575 4106 5627 σ”Ο

2494 5659 2606 5707 ἐστι
2639 5658 2858 5724 σημεῖον
2885 5656 2939 5708 ἐν
2968 5657 3110 5725 πάσῃ
3136 5655 3413 5718 ὲπιστολῆ.
3446 5677 3462 5709 t
3495 5657 3668 5709 Τοῦτο
3691 5658 3798 5727 γὰρ
3834 5669 4108 5730 σημεῖον
