4158 6432
764 410 863 476 151

1813 410 2205 472 (ECUMEN'II
2239 411 2527 471 TRlCCzE
2567 412 2903 474 EPISCOPI

3901 414 3995 475 15?.

766 527 915 580 niam
966 536 1097 595 ergo
1124 521 1409 593 Oportebat
1435 535 1557 575 eum
1600 521 1695 591 qui
1741 524 2061 578 conciliator
2110 524 2324 579 futurus

2439 527 2711 595 μετέχειν,
2749 526 2835 580 ῐνα
2885 526 2981 581 καὶ
3034 526 3354 597 μεσιτεῦσαι
3408 527 3631 598 δυνηθῇ,
3681 530 3710 579 6
3742 528 3866 592 Υίὶς
3912 528 4001 581 τοῦ

766 625 935 679 esset,
968 615 1254 670 amborum
1299 629 1422 669 esse
1470 614 1815 685 participem,
1861 627 1919 669 ut
1950 616 2115 669 etiam
2144 616 2333 669 conci-

774 710 893 763 iare
946 715 1155 776 posset,
1208 704 1380 760 Filius
1437 704 1529 759 Dei
1581 713 1708 760 ante
1763 707 1959 761 saecula
2014 706 2334 762 incarnatus

770 799 989 853 advenit
1033 798 1085 851 in
1112 797 1324 853 duabus
1360 798 1594 861 naturis,
1633 812 1826 866 nempe
1861 798 1915 852 in
1965 798 2250 852 divinitate
2280 807 2333 853 et

766 891 1110 946 humanitate
1149 890 1456 943 exsistens:
1499 898 1552 943 et
1598 890 1650 941 in
1688 890 1846 943 unica
1898 889 2178 959 hypostasi
2210 899 2335 960 post

764 983 1047 1045 unionem,
1099 983 1415 1038 intellectus
1446 992 1500 1037 et
1532 982 1812 1036 adoratus.
1845 980 1981 1035 Nam
2011 984 2053 1036 si
2100 984 2151 1035 in
2186 983 2332 1037 nuda

762 1073 1047 1125 divinitate
1100 1073 1443 1140 apparuisset
1478 1071 1639 1124 nobis
1693 1070 2038 1138 Unigeuitus,
2087 1086 2194 1125 non
2244 1085 2333 1138 po-

764 1164 957 1218 tuisset
1008 1179 1130 1218 cum
1181 1162 1323 1216 ferre
1353 1170 1640 1224 creatura;
1692 1164 1911 1231 quando
1964 1178 2144 1232 neque
2195 1162 2329 1218 Mosi

761 1257 954 1309 t'acicm
1008 1257 1189 1309 videro
1222 1264 1474 1323 poterant
1506 1255 1601 1308 ﬁlii
1654 1254 1815 1308 Israel
1842 1256 1905 1309 ".
1932 1255 2087 1320 Quod
2147 1264 2328 1310 autem

760 1348 873 1401 ait:
923 1347 1075 1402 Unus
1104 1347 1268 1414 Deus,
1325 1364 1429 1401 non
1467 1350 1530 1401 ad
1579 1348 1987 1402 distinctionem
2029 1348 2148 1402 Filii
2178 1349 2333 1417 poni-

762 1446 851 1491 tur
881 1447 975 1491 aut
1006 1438 1265 1508 Spiritus.
1293 1439 1484 1492 Absit!
1540 1437 1644 1492 Sed
1676 1450 1897 1508 pr0ptor
1930 1440 2050 1494 illos
2081 1440 2173 1507 qui
2223 1454 2329 1493 non

762 1536 915 1593 sunt,
943 1539 997 1583 et
1024 1537 1203 1583 tamen
1230 1528 1492 1581 dicuntur
1524 1528 1618 1582 dii.
1648 1527 1923 1593 Quaeritur
1951 1537 2131 1580 autem
2163 1543 2327 1593 quant

760 1622 830 1673 ob
862 1633 1083 1672 causam
1126 1620 1366 1688 Spiritus
1403 1636 1512 1673 non
1569 1620 1899 1673 meminerit.
1954 1618 2225 1683 Quoniam
2261 1621 2327 1676 de

759 1710 961 1764 Graecis
986 1724 1166 1764 sermo
1193 1720 1329 1772 erat,
1352 1711 1418 1764 de
1445 1712 1577 1779 ipsis
1604 1726 1839 1778 namque
1865 1710 2184 1764 dicebatur:
2212 1728 2229 1761 ι
2266 1710 2328 1764 Ει

759 1800 825 1851 ad
854 1800 1217 1870 cognitionem
1236 1801 1483 1855 veritatis
1501 1802 1705 1855 venire.
1738 1820 1755 1852 ι
1779 1800 1934 1870 Apud
1968 1803 2115 1870 ipsos
2144 1811 2324 1856 autem

758 1900 877 1944 erat
916 1893 1141 1946 deorum
1185 1892 1517 1947 multitudo:
1559 1903 1611 1947 et
1638 1894 1709 1945 ita
1758 1895 2159 1963 dispensatorie
2182 1898 2325 1947 cavit

758 1985 992 2053 Spiritus
1025 1985 1203 2039 facere
1221 1986 1575 2050 mentionem,
1620 2002 1686 2041 ne
1720 2002 1827 2055 quo
1856 1988 2022 2040 modo
2054 1989 2326 2041 videretur

757 2077 985 2129 deorum
1057 2076 1315 2131 inducere
1370 2077 1797 2132 multitudinem.
1850 2078 1989 2143 Quia
2056 2078 2145 2131 uhi
2200 2093 2323 2132 cum

758 2166 1011 2221 ﬁdelibus
1040 2168 1282 2231 disserit,
1316 2168 1572 2222 continue
1605 2169 1725 2235 ejus
1753 2170 2023 2234 meminit,
2069 2169 2323 2237 frequen-

758 2266 844 2312 ter
869 2258 1032 2310 etiam
1066 2258 1261 2319 solius,
1290 2258 1491 2311 nullam
1532 2260 1738 2313 faciens
1769 2261 2102 2313 mentionem
2143 2259 2324 2317 Patris

760 2356 815 2402 et
846 2348 985 2402 Filii.
1026 2368 1045 2401 ι
1090 2348 1262 2403 Homo
1297 2350 1549 2404 Christus
1574 2348 1757 2406 Jesus.
1791 2369 1808 2401 ι
1849 2350 2319 2416 Quemadmodum

758 2444 877 2488 crat
909 2436 1092 2497 homo,
1130 2437 1203 2489 ita
1228 2446 1341 2489 erat
1366 2447 1417 2491 ct
1445 2439 1611 2503 Dens,
1642 2439 2101 2506 inseparabiliter,
2137 2441 2325 2494 incon-

763 2531 905 2583 fuse.
943 2529 1105 2597 220
1165 2548 1181 2579 ι
1215 2529 1314 2594 Qui
1355 2528 1503 2583 dedit
1548 2531 1903 2598 semetipsum
1948 2532 2182 2599 pretium
2237 2547 2324 2585 re-

758 2621 1086 2688 demptionis
1134 2635 1232 2689 pro
1275 2622 1551 2675 omnibus.
1594 2640 1613 2673 ι
1678 2622 1856 2677 Etiam
1914 2622 2141 2678 Graacis.
2202 2622 2320 2692 lpse

759 2711 1030 2780 siquidem
1059 2728 1157 2779 pro
1177 2714 1433 2768 omnibus
1461 2724 1711 2770 mortuus
1747 2728 1870 2769 est:
1905 2724 1959 2767 tu
1993 2726 2171 2770 autem
2214 2731 2322 2769 non

757 2804 1048 2858 :idduceris
1072 2813 1125 2857 ut
1148 2806 1229 2859 vel
1256 2807 1495 2873 preceris
1522 2821 1621 2874 pro
1647 2806 1920 2861 omnibus.
1943 2806 2326 2861 Animadverte

757 2903 937 2949 autem
971 2895 1117 2965 quod
1142 2898 1253 2950 ait:
1293 2916 1312 2949 ι
1351 2897 1453 2962 Qui
1501 2897 1647 2951 dedit
1700 2900 2075 2967 semetipsum.
2126 2918 2143 2950 ι
2190 2897 2321 2951 Nam

756 2987 862 3040 hoc
883 2996 1075 3042 contra
1104 2989 1336 3044 Arianos
1368 2997 1453 3043 est
1475 2990 1566 3057 qui
1598 2990 1786 3044 dicunt
1816 2992 1957 3059 quod
1984 2991 2173 3044 nolens
2210 2999 2323 3043 tra-

757 3079 905 3132 ditus
955 3080 1043 3132 sit.
1100 3080 1241 3145 Quid
1276 3089 1359 3135 est
1399 3092 1580 3136 autem
1616 3083 1852 3151 pretium
1885 3082 2323 3150 redemptionis?

759 3169 1006 3223 Ubnoxia
1046 3180 1162 3223 erat
1183 3178 1376 3225 natura
1412 3181 1471 3225 ut
1500 3173 1719 3242 periret,
1746 3181 1801 3225 at
1840 3173 1928 3226 ille
1960 3173 2315 3241 semetipsum
2350 3186 2394 3248 ρ

760 3274 859 3327 pro
891 3261 1004 3330 ipsa
1028 3260 1195 3316 dedit.
1231 3281 1249 3312 ι
1297 3261 1717 3318 Testimonium.
1761 3282 1780 3315 ι
1822 3262 1933 3316 lloc
1959 3272 2065 3326 est,
2092 3279 2188 3332 per
2216 3274 2323 3318 tes-

758 3353 1045 3406 timonium
1080 3354 1196 3409 sive
1228 3357 1546 3425 martyrium
1577 3354 1756 3410 factus
1787 3366 1867 3410 est
1902 3355 2072 3410 Filius
2109 3357 2323 3410 redem-

756 3446 962 3512 ptionis
1010 3447 1276 3514 pretium:
1331 3447 1476 3515 quod
1535 3448 1904 3517 interpretans
1961 3448 2095 3503 dicit
2150 3464 2320 3514 nunc,

755 3536 897 3599 quod
932 3536 1164 3603 pretium
1194 3536 1586 3603 redemptionis
1610 3546 1765 3591 vocet
1791 3551 1937 3590 nunc
1967 3542 2321 3607 martyrium,

758 3624 860 3677 hoc
891 3632 974 3677 est
1003 3625 1340 3691 passionem.
1375 3622 1534 3678 Venit
1561 3626 1703 3679 enim
1733 3628 2111 3681 testimonium
2142 3627 2323 3681 ferens

757 3716 1011 3769 veritati:
1051 3732 1174 3769 nam
1229 3732 1324 3785 per
1353 3732 1417 3770 ea
1444 3733 1566 3785 qua:
1614 3717 1743 3771 fecit
1794 3728 2026 3773 testatus
2065 3729 2150 3773 cst
2176 3720 2321 3787 quod

753 3816 905 3861 esset
942 3808 1195 3862 Christus
1221 3808 1389 3862 Filius
1430 3808 1518 3865 Dei
1551 3824 1722 3877 usque
1756 3811 1821 3863 ad
1856 3820 2105 3863 mortem.
2140 3810 2325 3878 Siqui-

757 3901 880 3955 dem
929 3900 1044 3968 ipse
1086 3900 1301 3954 Patrem
1349 3900 1739 3964 manifestavit,
1775 3910 1830 3956 et
1882 3917 2075 3956 verum
2125 3902 2323 3970 dogma

757 4007 1055 4060 veramque
1128 3993 1297 4045 vitam
1381 3994 1750 4060 evangelicam
1809 3994 1927 4063 ipse
1992 3994 2319 4048 introduxit.

761 4104 779 4135 ι
818 4083 1180 4153 Temporibus
1223 4085 1360 4138 suis.
1398 4103 1416 4136 ι
1480 4084 1595 4139 Hoc
1638 4093 1742 4148 est,
1788 4086 2011 4154 quando
2064 4095 2210 4142 recte
2264 4103 2323 4142 se

758 4176 1031 4229 habebant
1064 4176 1316 4230 homines
1344 4180 1410 4229 ad
1441 4177 1621 4231 ﬁdem.
1655 4178 1733 4231 lta
1767 4180 1898 4232 dicit
1919 4178 2174 4235 Clemens
2201 4196 2322 4250 scp-

761 4269 895 4320 timo
948 4265 1395 4333 Informationum
1440 4268 1621 4322 libro:
1660 4288 1678 4319 ι
1721 4268 2084 4338 Temporibus
2115 4274 2252 4325 suis.
2292 4290 2312 4323 ι

756 4355 859 4409 Per
915 4355 1312 4414 testimonium.
1364 4355 1567 4425 inquit,
1616 4357 1732 4411 sive
1789 4361 2114 4430 martyrium
2171 4360 2320 4414 dedit

756 4447 1110 4512 semetipsum
1157 4449 1392 4512 pretium
1441 4448 1864 4516 redemptionis:
1929 4452 2032 4505 hoc
2078 4462 2183 4515 est,
2223 4468 2317 4521 per

756 4538 1089 4602 passionem.
1128 4535 1265 4590 Nam
1303 4538 1354 4592 in
1399 4554 1461 4591 ea
1495 4540 1820 4593 testiﬁcatus
1861 4550 1945 4593 est
1970 4543 2036 4595 de
2072 4542 2315 4599 bonitate

752 4625 954 4687 Patris.
983 4630 1124 4695 quod
1150 4628 1263 4696 ipse
1287 4630 1566 4697 preprium
1593 4629 2019 4684 dederitFilium
2048 4648 2061 4684 :
2086 4634 2186 4700 ipsi
2217 4649 2316 4687 au-

753 4727 862 4771 tem
899 4732 1005 4770 non
1055 4718 1381 4785 quieverunt
1416 4721 1484 4772 ab
1530 4721 1814 4773 inimicitia
1851 4737 2013 4790 quam
2046 4724 2313 4780 advorsus

754 4820 878 4859 eum
909 4806 1187 4875 gerebant,
1217 4807 1307 4860 sed
1344 4816 1396 4860 et
1421 4806 1616 4859 Filium
1648 4808 2060 4864 cruciﬁxerunt.
2096 4810 2157 4862 Et
2188 4813 2316 4879 quia

753 4899 870 4965 ipse
895 4898 1287 4965 promissiones
1320 4899 1400 4952 eis
1422 4900 1694 4967 complere
1726 4901 1896 4968 cupit,
1933 4902 2034 4969 ipsi
2064 4918 2192 4957 vero
2218 4918 2316 4955 no-

754 4990 905 5053 lunt;
954 4990 1152 5043 factum
1190 4990 1325 5043 dicit
1348 4993 1685 5058 temporibus
1721 4995 1861 5057 suis,
1895 4994 1997 5047 hoc
2022 5002 2104 5048 est
2130 4994 2311 5061 praeﬁ-

753 5081 961 5147 guratis
993 5089 1046 5133 et
1078 5089 1234 5133 antea
1271 5080 1506 5133 deﬁnitis
1547 5095 1576 5133 a
1606 5094 1796 5135 sancta
1841 5098 1904 5135 ac
1938 5084 2092 5136 beata
2127 5083 2315 5137 Trini-

753 5178 883 5221 tate.
919 5186 937 5219 ι
975 5168 1055 5220 Ad
1088 5168 1231 5236 quod
1268 5171 1478 5235 positus
1501 5186 1621 5223 sum
1654 5185 1775 5238 ego.
1826 5188 1844 5221 ι
1874 5171 1955 5224 Ad
1983 5171 2134 5239 quod
2159 5171 2313 5225 testi-

751 5258 996 5312 monium
1046 5265 1101 5310 ct
1151 5258 1487 5325 passionem,
1522 5274 1622 5329 ego
1666 5264 1891 5328 positus
1948 5276 2011 5314 ac
2054 5262 2313 5318 deﬁnitus

750 5366 869 5406 sum
908 5364 1104 5419 praco,
1152 5360 1209 5403 ut
1244 5353 1443 5419 ubique
1487 5351 1834 5405 manifestum
1884 5352 2077 5407 faciam
2129 5357 2313 5412 crucis

750 5442 1088 5513 mysterium.
1131 5442 1399 5506 Quoniam
1447 5452 1627 5496 autem
1663 5444 1916 5499 dicturus
1957 5454 2076 5499 erat
2121 5447 2308 5501 doctor

749 5536 1012 5604 gentium,
1048 5535 1369 5589 incredibile
1408 5546 1588 5589 autem
1625 5537 1910 5591 videbatur
1933 5539 2079 5607 quod
2130 5541 2308 5595 idolo-

752 5629 909 5684 latra:
932 5634 1122 5681 essent
1155 5628 1404 5682 advocati
1457 5628 1526 5683 ad
1569 5630 1824 5694 salutem,
1852 5630 1973 5686 ideo
2009 5632 2305 5705 praemittit,

2358 1862 2400 1916 Β

2351 4515 2393 4569 D

868 5801 911 5833 "'
936 5803 1106 5859 Exod.
1142 5820 1321 5875 ηυγ,
1357 5807 1456 5873 55;
1486 5806 1525 5861 ll
1552 5806 1671 5863 Cor.
1702 5823 1783 5876 ιιι,
1818 5809 1899 5863 l5.

2435 617 2571 670 Θεοῦ
2611 621 2640 672 6
2670 618 2994 688 προαιώνιος
3026 620 3220 687 Λόγος.
3273 620 3580 691 σαρκωθεὶς
3608 623 4001 690 παραγέγονεν,

2437 710 2500 762 ἐκ
2532 709 2624 762 δύο
2654 710 2890 778 φύσεων,
2924 705 3037 763 οἷον
3077 714 3141 764 ἐκ
3170 710 3427 780 θεότητος
3456 712 3548 765 καὶ
3590 712 4005 781 ἀνθρωπὸτητος

2438 801 2722 871 ὑπάρχων,
2753 802 2847 855 καὶ
2902 803 2958 853 ἐν
3001 803 3102 871 μιᾷ
3159 802 3455 854 ὑποστάσει
3492 800 3632 870 μετὰ
3683 800 3784 869 τὴν
3817 801 4007 852 ἕνωσιν

2436 892 2726 959 νοούμενος
2780 892 2875 944 καὶ
2912 892 3407 961 προσκυνούμενος.
3465 892 3526 944 El
3562 892 3672 961 γὰρ
3713 892 3896 959 γυμνῇ
3943 892 4005 957 τῇ

2437 980 2651 1049 θεότητι
2684 982 2926 1050 ἐπεφάνη
2962 982 3093 1050 ἡμῖν
3117 982 3144 1032 6
3172 980 3503 1051 Μονογενὴς,
3537 983 3637 1033 οὐκ
3681 980 3746 1032 ἂν
3777 981 4006 1048 ἤνεγκεν

2434 1074 2466 1140 ἡ
2488 1072 2662 1133 κτίσις
2680 1072 2865 1137 αὐτὸν,
2883 1073 3014 1125 ὅπου
3039 1090 3100 1139 γε
3119 1072 3177 1125 τὸ
3194 1073 3483 1140 πρόσωπον
3495 1071 3737 1133 Μωσέως
3758 1071 3886 1122 ἰδεῖν
3909 1070 4007 1122 οὐκ

2437 1164 2623 1232 ἴσχυον
2640 1163 2688 1214 οι
2713 1163 2818 1214 υίοὶ
2860 1163 3098 1233 Ἰσραήλ.
3132 1163 3203 1215 Τὸ
3223 1163 3300 1226 δὲ,
3339 1181 3357 1212 ‹
3396 1158 3488 1224 Εἷς
3516 1161 3668 1224 Θεὸς,
3718 1182 3736 1212 ο
3771 1161 3832 1211 οὺ
3873 1160 4008 1229 πρὸς

2434 1254 2839 1323 ἀντιδιαστολὴν
2894 1258 3071 1307 κεῖται
3109 1254 3200 1307 τοῦ
3256 1253 3383 1306 Υἱοῦ
3440 1253 3608 1322 ἢτοῦ
3664 1252 4003 1320 Πνεύματος,

2434 1348 2635 1414 ἄπαγεε
2660 1346 2793 1398 ἀλλὰ
2817 1346 2950 1416 πρὸς
2972 1347 3098 1408 τοὺς
3115 1346 3402 1407 οὑκδντας,
3418 1345 3740 1414 λεγομένους
3757 1345 3811 1395 δὲ
3830 1343 4007 1405 θεούς.

2433 1441 2687 1506 Ζητεῖται
2738 1438 2793 1491 δὲ
2839 1438 2927 1490 διὰ
2980 1438 3031 1490 τί
3085 1437 3178 1491 τοῦ
3227 1437 3542 1507 Πνεύματος
3591 1438 3691 1489 οὐκ
3736 1436 4007 1504 ἐμνήσθη.

2444 1532 2661 1602 Ἐπειδὴ
2692 1535 2819 1597 περὶ
2859 1531 3123 1600 Ἐλλήνων
3154 1531 3181 1582 6
3209 1531 3364 1597 λόγος
3527 1530 3659 1597 Περὶ
3691 1528 3870 1580 αὐτῶν
3900 1527 4012 1595 γαρ

2430 1621 2511 1685 τὸ,
2538 1639 2555 1671 ι
2590 1622 2791 1683 Καὶείς
2810 1622 3100 1686 ἐπίγνωσιν
3118 1619 3375 1690 ἀληθείας
3405 1620 3598 1672 ἐλθεῖν.
3629 1638 3648 1670 ι
3674 1618 3807 1685 Παρ⁸
3829 1616 4012 1669 αἰτῶν

2430 1713 2487 1765 δὲ
2539 1712 2799 1765 πολυθεῖα
2855 1708 2960 1780 ἦν,
3017 1712 3111 1763 καὶ
3161 1710 3462 1778 ἐφυλάξατο
3508 1708 3870 1774 οἰκονομικῶς
3914 1706 4010 1758 τοῦ

2432 1804 2750 1872 Πνεύματος
2784 1801 3108 1869 μνησθῆναι,
3159 1802 3231 1869 μή
3272 1818 3389 1863 πως
3414 1801 3540 1870 δόξῃ
3568 1798 3860 1851 πολυθεῖαν
3894 1798 4012 1847 εἱσ-

2431 1896 2602 1962 ἀγειν.
2643 1896 2797 1947 Ἐπεὶ
2825 1894 2951 1945 ἔνθα
2982 1896 3193 1955 πιστοῖς
3219 1893 3550 1959 διαλέγεται,
3577 1890 3816 1957 συνεχῶς
3843 1886 4012 1939 αὐτοῦ

2433 1986 2728 2054 μέμνηται,
2767 1983 3027 2058 πολλάκις
3075 1984 3167 2035 καὶ
3210 1983 3394 2051 μόνου,
3446 1981 3519 2050 μὴ
3565 1980 3743 2049 φέρων
3785 1983 4013 2047 μνήμην

2430 2074 2644 2142 Πατρος
2697 2073 2792 2125 καὶ
2844 2072 2995 2125 Υίοῦ.
3042 2090 3061 2123 ι
3089 2071 3408 2140 Ἀνθρωπος
3447 2070 3680 2138 Χριστος
3719 2066 3952 2136 Ἰησοῦς.
3990 2085 4007 2117 ι

2430 2165 2638 2233 ’Ὠσπερ
2668 2158 2735 2233 ἦν
2780 2162 3087 2234 ἄνθρωπος,
3128 2161 3299 2224 οὕτως
3343 2162 3407 2233 ἦν
3448 2163 3540 2214 καὶ
3574 2161 3726 2222 Θεὸς,
3761 2160 4011 2227 ἀδιαιρέ-

2428 2272 2555 2318 τως.
2593 2254 2936 2323 ἀσυγχύτως.
2978 2272 2995 2303 ι
3023 2252 3081 2306 Ὀ
3119 2252 3242 2314 δοὺς
3278 2251 3472 2303 ἐαυτὸν
3509 2252 3827 2318 ἀντίλυτρον
3868 2250 4013 2319 ὑπὲρ

2429 2347 2667 2407 πάντων,
2704 2366 2722 2397 ι
2754 2346 2847 2397 καὶ
2890 2344 3177 2414 Ἐλλήνων.
3216 2344 3449 2405 Ἐκεῖνος
3487 2344 3583 2413 μὲν
3613 2342 3702 2394 οὖν
3735 2342 4012 2396 ἀπέθανεν

2429 2437 2570 2506 ὑπὲρ
2598 2437 2836 2500 πάντων,
2873 2438 2935 2488 σὺ
2986 2435 3043 2487 δὲ
3092 2433 3352 2498 εὔξασθαι
3410 2437 3509 2487 οὐκ
3552 2435 3747 2504 ἀνέχῃς
3778 2435 3926 2501 "Ops.
3956 2433 4012 2484 δὲ

2428 2529 2508 2591 τὸ,
2555 2547 2573 2578 ‹
2596 2529 2725 2590 Δοὺς
2750 2526 2962 2579 ἑαυτόν.
2998 2545 3019 2579 ι
3047 2526 3204 2578 Κατὰ
3243 2525 3536 2595 Ἀρειανῶν
3562 2526 3670 2594 γὰρ
3694 2525 3874 2586 τοῦτο,
3901 2522 4015 2574 τῶν

2428 2618 2713 2686 λεγόντων,
2756 2619 2836 2670 ὅτι
2872 2618 3020 2671 ἄκων
3059 2616 3351 2686 παρεδόθη.
3382 2616 3446 2667 Τί
3490 2614 3545 2667 δέ
3593 2618 3736 2667 ἐστιν
3784 2615 4013 2666 ἀντίλυ-

2427 2728 2587 2783 τρον;
2623 2712 2842 2778 Ἔνοχος
2874 2706 2941 2779 ἦν
2997 2710 3029 2777 ἡ
3074 2709 3272 2776 φύσις,
3331 2706 3470 2758 ὥστε
3518 2707 3837 2764 ἀπολέσθαι,
3890 2705 4011 2756 ἀλλ’

2428 2805 2543 2856 ἀντ’
2576 2803 2791 2869 ἐκείνης
2828 2801 3022 2852 ἑαυτὸν
3051 2801 3237 2853 ἔδωκε.
3278 2820 3295 2851 ι
3321 2800 3394 2852 Τὸ
3431 2799 3745 2868 μαρτύριον.
3786 2816 3805 2848 ι
3836 2798 4013 2850 Τουτ-

2429 2894 2567 2959 έστι,
2597 2894 2681 2946 διὰ
2711 2893 2803 2945 τοῦ
2849 2892 3152 2961 μαρτυρίου
3188 2892 3408 2959 ἐγένετο
3435 2894 3461 2943 6
3493 2892 3619 2952 Υἱὸς
3662 2889 4012 2959 ἀντίλυτρον.

2435 2990 2498 3041 Ὃ
2528 2987 2941 3056 ἐφερμηνευων,
2972 2987 3128 3038 τοῦτό
3160 3004 3292 3055 φησι
3323 2986 3438 3047 νῦν,
3466 2986 3547 3037 ὅτι
3590 2984 3916 3053 ἀντίλυτρον
3948 2984 4013 3035 τὸ

2432 3078 2731 3148 μαρτύριον
2779 3077 2961 3144 λέγει,
3005 3079 3253 3129 τουτέστι
3304 3076 3365 3128 τὸ
3415 3075 3607 3137 πάθος.
3664 3070 3833 3125 Ἦλθε
3897 3074 4016 3142 γὰρ

2429 3169 2796 3238 μαρτυρήσων
2830 3162 2911 3238 τῇ
2946 3168 3191 3237 ἀληθείᾳ.
3248 3166 3630 3236 Ἐμαρτιίρησε
3677 3166 3785 3235 γὰρ
3824 3165 3897 3217 δι’
3935 3159 4014 3217 ὧν

2427 3260 2719 3327 ἔπραττεν,
2745 3261 2825 3312 ὃτι
2851 3261 3009 3322 αὑτός
3022 3262 3167 3311 ἐστιν
3196 3261 3223 3311 6
3248 3259 3480 3328 Χριστὸς
3514 3260 3541 3309 6
3565 3258 3690 3319 Υἱὸς
3720 3255 3813 3308 τοῦ
3840 3257 4015 3321 Θεοῦ,

2430 3351 2591 3421 μέχρι
2623 3351 2873 3405 θανάτου.
2921 3354 3028 3404 Καὶ
3074 3351 3182 3419 γὰρ
3220 3350 3381 3411 αὐτὸς
3426 3349 3517 3401 τὸν
3551 3348 3771 3416 Πατέρα
3802 3347 4017 3413 ἐφανέο

2431 3460 2595 3513 ρωσε,
2622 3444 2798 3496 καὶτὸ
2823 3444 3019 3512 ἀληθὲς
3033 3444 3208 3511 δόγμα
3237 3442 3331 3493 καὶ
3347 3442 3434 3492 τδν
3452 3438 3626 3507 άληθῆ
3650 3440 3744 3491 καὶ
3780 3438 4019 3505 ἀγγελι-

2426 3535 2521 3587 κδν
2556 3533 2670 3601 βίον
2712 3535 2871 3595 αὐτὸς
2893 3535 3246 3603 εἰσηγήσατο.
3282 3551 3299 3583 ι
3323 3534 3547 3597 Καιροῖς
3580 3530 3753 3592 ἰδίοις,
3788 3548 3806 3581 ι
3838 3530 4014 3597 φησί.

2425 3626 2739 3691 Τουτέστιν,
2775 3628 2866 3679 ὅτε
2902 3626 3225 3690 ἐπιτηδείως
3259 3621 3403 3695 εἶχον
3443 3623 3575 3693 πρὸς
3605 3623 3705 3693 τὴν
3733 3622 3925 3673 πίστιν
3959 3622 4017 3672 οἱ

2427 3716 2725 3786 ἄνθρωποι.
2769 3715 2953 3777 Οὖτως
2997 3718 3027 3767 ὁ
3070 3716 3300 3784 Κλήμης
3338 3717 3395 3767 ἐν
3426 3716 3468 3778 ζ’
3509 3712 4017 3766 Ὑποτυπώσεωνσ

2433 3825 2451 3857 ι
2489 3808 2715 3876 Καιροίς
2750 3808 2919 3869 ἰδίοις.
2958 3825 2976 3857 ι
3023 3807 3122 3858 Διὰ
3148 3807 3241 3858 τοῦ
3280 3808 3583 3876 μαρτυρίου
3627 3806 3828 3857 ἔδωκεν
3874 3806 4023 3857 ἐαυ-

2424 3898 2538 3963 τὸν,
2557 3899 2742 3967 φησὶν,
2772 3898 3103 3967 ἀντίλυτρον.
3132 3899 3229 3950 Διά
3252 3896 3344 3948 τοῦ
3379 3898 3701 3966 μαρτυρίου,
3724 3896 4020 3960 τουτέστι,

2427 3988 2520 4040 τοῦ
2549 3990 2753 4051 πάθους
2786 3991 2866 4053 (ἐν
2912 3988 3061 4057 αὑτῷ
3098 3991 3207 4057 γὰρ
3229 3988 3527 4058 ἐμαρτύρει
3548 3991 3614 4058 τῇ
3650 3988 3742 4039 τοῦ
3784 3988 4022 4056 [ἰατρὸς

2424 4079 2722 4149 ἀγαθότητι
2769 4081 2851 4133 ὃτι
2906 4082 3065 4142 αὐτὸς
3112 4082 3204 4131 καὶ
3247 4081 3334 4131 τὸν
3382 4080 3509 4133 Υἱὸν
3559 4081 3780 4132 ἔδωκεν.
3833 4083 4026 4132 Αὐτοὶ

2423 4171 2480 4223 δέ
2518 4171 2619 4239 τῆς
2662 4170 2800 4242 πρὸς
2858 4171 3021 4223 αὑτὸν
3080 4170 3277 4240 ἔχθρας
3315 4172 3413 4222 οὐκ
3476 4170 3806 4233 ἐπαύσαντο,
3862 4172 4023 4222 ἀλλὰ

2423 4266 2516 4317 καὶ
2541 4264 2633 4316 τὸν
2662 4264 2788 4315 Yle
2825 4264 3199 4332 ἐσταύρωσαν.
3240 4265 3347 4315 Καὶ
3377 4264 3459 4314 ὅτι
3493 4262 3650 4323 αὑτδς
3686 4263 3784 4323 τὰς
3816 4264 4025 4329 ἐπαγ-

2422 4356 2605 4422 γελίας
2642 4355 2823 4414 αὐτοῖς
2855 4353 3141 4423 πληρῶσαι
3176 4351 3340 4414 θέλει,
3387 4352 3541 4403 αὐτοὶ
3578 4350 3631 4402 δὲ
3677 4351 3736 4401 οὐ
3776 4350 4026 4419 βουλον·

2424 4450 2562 4511 ται),
2591 4444 2684 4496 τοῦ
2724 4447 2935 4512 καιροῖς
2977 4444 3149 4504 ίδίοις,
3181 4444 3334 4511 φησὶ,
3374 4445 3688 4511 γενομένου,
3721 4444 4027 4504 τουτέστι,

2430 4535 2945 4603 προτετυπωμένοις
2981 4535 3076 4585 καὶ
3106 4532 3509 4602 προορισθεῑσιν
3538 4531 3639 4583 ὑπὸ
3680 4530 3781 4594 τῆς
3834 4533 4032 4596 ἁγίας

2424 4630 2517 4679 καὶ
2550 4626 2825 4696 μακαρίας
2873 4624 3120 4692 Τριάδος.
3154 4642 3171 4673 ι
3199 4624 3287 4685 Εἰς
3328 4624 3354 4674 ὃ
3387 4624 3577 4690 ἐτέθην
3619 4621 3749 4687 ἐγώ.
3789 4641 3807 4672 ι
3847 4623 3961 4686 Εἰς
4002 4626 4037 4676 ὅ

2426 4718 2727 4786 μαρτύριον
2780 4715 2874 4767 καὶ
2913 4715 3103 4775 πάθος,
3141 4712 3252 4778 ἐγὼ
3302 4712 3491 4782 ἐτέθην
3534 4713 3627 4765 καὶ
3673 4712 4033 4785 ἀςωρέσθην

2422 4809 2619 4877 κῆρυξ,
2648 4808 2735 4859 ἵνα
2757 4806 3033 4875 πανταχοῦ
3065 4808 3350 4873 καταφανῆ
3382 4808 3592 4871 ποιήσω
3619 4805 3710 4856 τὴν
3736 4810 4037 4874 σταυρόν,

2435 4900 2651 4969 Ἐπειδὴ
2668 4901 2721 4953 δὲ
2735 4899 2923 4967 ἔμελλε
2936 4897 3513 4963 λέγεινβιδὰσκαλος
3536 4894 3748 4959 ἐθνῶν,
3766 4897 4038 4952 ἄπιστον

2423 4991 2477 5043 δὲ
2502 4991 2675 5043 ἐδόκει
2696 4990 3212 5060 είπροσεκλήθησαν
3233 4990 3282 5041 οἱ
3308 4988 3712 5057 εἰδωλολάτραι,
3741 5005 4038 5058 προανα-

2424 5086 2610 5152 φωνεῑ’
2624 5104 2640 5135 ι
2664 5084 2946 5154 Ἀλήθειαν
2963 5083 3125 5150 λέγω,
3141 5083 3201 5135 οὺ
3218 5081 3501 5149 ψεύδομαι.
3518 5099 3641 5132 ›-‹
3662 5081 4044 5148 Διδάσκαλος

2420 5175 2610 5227 ἐθνῶν.
2642 5193 2660 5225 ι
2719 5174 2933 5243 Ἐπειδὴ
2968 5174 3048 5225 ἔνι
3088 5174 3181 5225 καὶ
3222 5172 3680 5241 παρατρεχόντως
3725 5171 4040 5240 κηρῦξαι,

2420 5268 2689 5331 ἐπήγαγε,
2721 5265 3068 5326 Διδάσκαλος.
3099 5264 3173 5316 Οὐ
3206 5264 3322 5332 γὰρ,
3362 5261 3602 5332 ἐκήρυξα
3638 5261 3827 5330 μόνον.
3863 5264 4045 5320 ἀλλὰ

2420 5359 2513 5409 xxi.
2536 5358 2867 5426 παραμένων
2895 5359 3196 5411 ἐδίδασκον.
3217 5358 3389 5410 Τοῦτο
3407 5357 3464 5409 δὲ
3489 5356 3585 5426 τὴν
3614 5359 3741 5425 περὶ
3762 5358 3835 5409 τὰ
3875 5360 4047 5430 ἔθνη

2422 5450 2659 5519 σπουδὴν
2684 5449 2778 5501 τοῦ
2807 5449 2941 5500 Θεοῦ
2974 5449 3328 5501 ἐνδείκνυται.
3360 5465 3379 5496 α
3412 5448 3500 5499 Ἑν
3525 5448 3704 5499 πίστει
3732 5452 3833 5499 καὶ
3870 5451 4050 5521 ἄλη-

2420 5540 2556 5611 θείᾳ.
2587 5559 2605 5591 ›
2644 5541 2861 5610 Ἐπειδὴ
2890 5536 3063 5605 εἶπεν,
3090 5542 3180 5593 Ἑν
3202 5541 3403 5604 πίστει,
3431 5540 3516 5591 ἴνα
3545 5539 3618 5608 μή
3654 5555 3736 5600 τις
3767 5556 4046 5617 νομιση,

2421 5633 2502 5685 ὅτι
2534 5633 2716 5703 ἀπάτη
2755 5635 2921 5703 ἐστὶν,
2953 5634 3169 5703 ἐπάγει,
3209 5634 3297 5686 Ἐν
3332 5633 3581 5703 ἀληθεία.
3609 5633 3682 5685 Οὐ
3723 5634 4047 5703 κηρύσσω
