4158 6432
808 427 911 490 159

1862 427 2257 487 (ECUMENU
2298 425 2585 486 TRICCE
2620 423 2957 484 EPlSCOPI

3933 414 4037 477 160

808 545 863 586 et
920 532 1347 602 hospitalitatem
1396 536 1557 587 ctiam
1604 549 1734 601 ergo
1766 549 1860 587 eos
1913 536 2115 589 habere
2154 544 2372 605 oportet

2536 534 2627 603 Μὴ
2665 535 2942 603 πάροινον.
2984 550 3001 582 ι
3046 529 3362 597 Πάροινον,
3397 529 3455 581 οὗ
3501 526 3593 579 τδν
3638 526 3869 594 μέθυσον
3901 526 4051 591 λέγει

810 629 1011 695 quibus
1067 635 1266 694 prcest.
1312 626 1535 680 Addidit
1592 641 1721 694 ergo
1781 627 1926 695 quod
1965 628 2209 695 magistri
2244 641 2371 694 pro-

810 718 989 785 prium
1044 724 1151 781 esl,
1215 717 1422 771 dicens.
1468 718 1665 784 Aptunt
1712 718 1778 771 ad
1840 718 2167 772 docendum.
2212 716 2374 787 225

818 824 837 857 ι
880 803 995 858 Non
1030 806 1385 861 vinolentum.
1419 824 1437 858 ι
1470 807 1816 860 Vinolentum
1840 808 1954 861 sive
1986 809 2241 877 πάροινον
2268 823 2374 861 non

812 890 948 943 dicit
983 891 1295 944 ebriosum:
1333 891 1385 945 id
1429 894 1573 946 enim
1610 894 1775 946 nimis
1800 907 2049 947 crassum
2081 903 2249 958 esset,
2275 893 2377 948 sed

814 982 1274 1036 contumeliosum
1303 992 1357 1037 et
1394 983 1765 1052 prmfractum.
1812 982 2051 1038 Rursum
2084 1000 2381 1053 percusso-

815 1086 929 1124 rem
958 1086 1064 1124 non
1094 1087 1217 1126 eum
1243 1072 1372 1125 dicit
1399 1072 1491 1141 qui
1518 1073 1771 1127 manibus
1800 1074 1982 1137 ctetlit,
2006 1074 2100 1128 sed
2136 1075 2227 1143 qui
2262 1073 2373 1127 fra-

818 1169 960 1213 trum
995 1165 1231 1230 percutit
1260 1164 1677 1218 conscientiam.
1721 1183 1739 1216 ι
1771 1166 1872 1230 Qui
1898 1180 2008 1220 suae
2023 1166 2209 1220 domui
2244 1167 2381 1219 bene

817 1254 1024 1320 prmsit.
1060 1272 1077 1304 ι
1106 1253 1236 1304 Nam
1259 1255 1348 1319 qui
1380 1255 1556 1309 unica:
1591 1256 1775 1308 domui
1807 1271 2043 1323 praeesse
2078 1271 2185 1309 non
2207 1256 2380 1318 novit,

2481 626 2638 699 (πολὺ
2673 626 2779 694 γὰρ
2807 622 2876 695 ἦν
2911 623 3069 678 τοῦτο
3115 622 3305 691 παχὺ),
3340 620 3475 675 ἀλλὰ
3519 620 3611 671 τὸν
3641 618 3900 689 ὑϐριστὴν
3959 619 4055 670 καὶ

2483 718 2715 785 αὐθάδη.
2749 718 3005 786 Πλήκτην
3031 714 3214 779 πάλιν,
3254 713 3314 765 οὐ
3346 713 3435 764 τὸν
3468 714 3589 774 ταῖς
3614 710 3768 780 χερσὶ
3798 709 4055 772 παίοιτα,

2485 807 2623 861 ἀλλὰ
2650 807 2742 859 τὸν
2779 806 2877 876 τὴν
2936 806 3241 874 συνείδησιν
3291 802 3595 866 πλήττοντα
3633 800 3740 853 τῶν
3785 799 4055 865 ἀδελφῶν.

2489 899 2626 950 «Τοῦ
2659 898 2791 950 ἰδίου
2821 896 2971 947 οἴκου
2996 895 3175 955 καλῶς
3204 893 3623 963 προϊστάμενον.
3651 910 3669 943 ι
3708 891 3765 943 Ὀ
3797 891 3908 958 γὰρ
3940 888 4057 949 ἐνὸς

2482 988 2632 1039 οῐκου
2665 988 2969 1055 προστῆναι
2994 984 3070 1055 μὴ
3094 984 3266 1047 εἰδὼς,
3294 985 3327 1054 ἢ
3360 985 3485 1045 τοὺς
3516 981 3675 1049 φύσει
3701 982 3847 1042 υἱοὺς
3890 981 3985 1032 δύο
4024 979 4057 1048 ἢ

2482 1080 2630 1145 τρεῖς
2665 1078 2738 1146 μὴ
2784 1077 3007 1144 ἰσχύσας
3035 1074 3391 1143 οἰκονομῆσαι
3423 1074 3624 1139 καλῶς,
3663 1072 3779 1134 πῶς
3824 1071 4061 1138 Ἐκκλη-

2487 1166 2606 1229 σίας
2638 1166 2730 1217 καὶ
2762 1164 2892 1217 λαοῦ
2926 1165 3179 1216 τοσούτου
3221 1162 3489 1232 προσταίη
3526 1160 3790 1225 δεόντως;
3824 1161 3919 1212 Δεῖ
3950 1159 4062 1226 γὰρ

2487 1257 2651 1308 αὑτὸν
2690 1255 2901 1307 οἴκοθεν
2934 1254 3125 1323 ἔχοντα
3152 1253 3336 1321 φέρειν
3364 1252 3433 1304 τὰ
3471 1250 3913 1318 παραδείγματα.

817 1349 911 1391 aut
942 1344 1034 1410 qui
1073 1343 1208 1395 duos
1249 1344 1329 1395 vel
1359 1353 1469 1397 tres
1512 1352 1702 1395 natura
1755 1344 1892 1397 lilios
1947 1355 2092 1398 recte
2152 1344 2459 1413 gubernare
2492 1360 2597 1397 non
2650 1346 2849 1412 potuit,
2902 1343 3177 1410 quomodo
3237 1342 3499 1396 Ecclesia:
3545 1350 3806 1410 tantoque
3857 1342 4064 1411 populo

820 1435 1209 1483 convenienter
1246 1446 1477 1497 praeesse
1506 1432 1744 1499 poterit?
1780 1430 2175 1500 Oportetenim
2205 1436 2380 1501 ipsum
2423 1432 2616 1486 aderre
2647 1432 2947 1486 domestica
2982 1446 3100 1498 qua:
3141 1431 3301 1484 habet
3333 1430 3600 1498 exempla.

890 1524 970 1583 Ill,
1003 1525 1123 1577 5-7.
1162 1524 1313 1588 Quod
1349 1525 1394 1576 si
1420 1526 1531 1592 quis
1559 1526 1784 1593 propria:
1824 1527 2004 1586 domui
2033 1544 2255 1594 prmesae
2284 1543 2385 1579 non

2562 1529 2630 1579 El
2654 1526 2722 1578 δέ
2750 1544 2839 1590 τις
2864 1528 2968 1579 τοῦ
3003 1525 3156 1578 ἰδίου
3191 1525 3361 1577 οἴκου
3395 1523 3732 1591 προστῆναι
3763 1525 3872 1577 οὐκ
3913 1520 4064 1576 οἶδεν

820 1616 983 1674 norit,
1015 1615 1274 1683 quomodo
1322 1614 1615 1667 Ecclesium
1668 1616 1763 1668 Dei
1804 1616 2057 1669 curabit?
2091 1615 2213 1669 Non
2261 1633 2387 1668 neo-

2502 1613 2613 1679 τῶς
2648 1616 3013 1680 Ἐκκλησίας
3037 1614 3184 1667 Θεοῦ
3218 1613 3681 1681 ἐπιμελήσεται;
3715 1613 3809 1677 Μὴ
3842 1615 4066 1681 νεόφυ-

820 1706 1057 1775 pltytnm,
1119 1722 1180 1759 ne
1242 1708 1458 1774 inﬂatus
1513 1708 1567 1758 in
1643 1706 2130 1760 condemnationem
2188 1708 2387 1759 incidat

2502 1721 2609 1765 τον,
2644 1703 2844 1770 ἵναμὴ
2882 1704 3171 1770 τυρωθεὲς
3199 1705 3287 1765 εἷς
3330 1702 3508 1769 κρῖμα
3532 1702 3768 1772 ἐμπέσῃ
3799 1702 3903 1755 τοῦ
3934 1702 4065 1754 δια-

821 1796 1043 1849 diaboli.
1081 1796 1295 1863 Oportet
1329 1806 1502 1848 autem
1534 1796 1685 1848 illum
1723 1811 1771 1848 et
1806 1797 1996 1850 bonum
2034 1798 2220 1850 habere
2245 1798 2391 1850 testi-

2502 1794 2697 1846 δόλου.
2741 1789 2840 1843 Δεῖ
2868 1790 2936 1843 δὲ
2958 1791 3146 1843 αὑτὸν
3175 1792 3269 1843 καὶ
3303 1790 3637 1858 μαρτυρίαν
3666 1791 3866 1855 καλὴν
3900 1790 4071 1856 ἔχειν

823 1889 1057 1940 monium
1092 1888 1154 1939 ab
1199 1888 1484 1953 extraneis,
1525 1903 1586 1939 ne
1622 1887 1675 1939 in
1716 1889 1964 1956 probrum
1998 1889 2198 1940 incidat
2251 1898 2300 1941 et
2337 1888 2390 1940 in

826 1978 1069 2044 laqumm
1099 1976 1318 2029 diaboli.

894 2067 1066 2131 Quam
1083 2069 1152 2121 ob
1174 2083 1391 2121 causam
1407 2068 1675 2136 episcopis
1699 2068 1811 2121 haec
1824 2083 2008 2122 crassa
2032 2070 2307 2137 prtecepit,
2325 2085 2393 2124 ne

822 2173 893 2211 ne
930 2159 1239 2213 vinolentus
1279 2161 1450 2225 sit,ue
1484 2175 1791 2226 percussor,
1824 2160 1915 2214 sed
1958 2164 2395 2230 a3quus,a|iaque

827 2250 1333 2318 linjusmodi?cnm
1380 2250 1667 2319 discipulis
1720 2251 1996 2319 prarcipiat
2038 2268 2051 2304 :
2090 2271 2108 2302 ι
2166 2251 2392 2305 Mortiﬁ-

826 2349 946 2393 cate
997 2340 1417 2394 membravestra
1466 2343 1740 2395 terrestria
1767 2344 1829 2395 “.
1875 2362 1892 2393 ι
1922 2343 1989 2396 Ει
2024 2360 2079 2396 :t
2106 2344 2243 2397 Sunt
2287 2361 2423 2399 non—

830 2430 960 2483 nulli
1008 2431 1097 2497 qui
1168 2429 1371 2483 Christi
1406 2445 1629 2484 carnem
1694 2432 2085 2487 cruciﬁxerunt
2119 2435 2187 2488 ³⁸.
2225 2454 2243 2485 ›
2280 2437 2397 2505 Ipse

827 2535 1044 2589 quoque
1059 2520 1306 2574 Christus
1333 2536 1546 2574 crucem
1581 2522 1786 2585 tollere,
1808 2534 1861 2576 et
1883 2538 2001 2578 sese
2023 2525 2112 2593 qui
2142 2526 2398 2582 omnibus

831 2613 1096 2679 praecepit
1130 2612 1195 2666 ".
1217 2611 1326 2665 Cur
1352 2612 1495 2665 enim
1544 2629 1649 2666 non
1685 2616 1865 2681 potius
1900 2616 2124 2683 angelos
2154 2631 2247 2671 eos
2275 2633 2398 2671 esse

831 2703 1105 2771 praecpit,
1148 2704 1310 2757 veluti
1355 2704 1419 2757 ad
1474 2705 1814 2758 srenlarium
1863 2708 2399 2775 proportionem?Et

833 2792 1069 2847 dicimus
1104 2808 1228 2861 quia
1265 2807 1518 2860 suprema
1566 2794 1737 2846 virtus
1770 2809 2062 2862 paucorum
2091 2806 2177 2850 est
2209 2815 2222 2851 :
2261 2798 2401 2850 mul-

832 2890 920 2935 tos
970 2896 1096 2936 vero
1147 2885 1436 2948 episcopos
1495 2898 1615 2937 esse
1674 2886 1979 2952 oportebat,
2035 2886 2101 2939 ad
2159 2887 2400 2955 singulas

831 2972 1093 3027 CCCiESiS‘S
1137 2974 1402 3039 singulos.
1447 2973 1521 3027 Ne
1553 2990 1682 3043 ergo
1717 2990 1895 3029 rarum
1928 2984 2021 3029 aut
2060 2979 2402 3047 impossibile

835 3063 1085 3119 redderet
1110 3081 1309 3120 mut-ts
1343 3066 1723 3133 episcoporum
1756 3068 1848 3134 qui
1882 3071 2179 3122 necessarii
2222 3079 2397 3135 erant,

2496 1885 2612 1938 ἀπὸ
2640 1883 2757 1937 τῶν
2787 1884 3030 1947 ἔξωθεν,
3064 1882 3164 1935 ἵνα
3202 1882 3287 1949 μὴ
3322 1885 3408 1947 εις
3438 1882 3789 1950 ὀνειδισμὸν
3828 1882 4069 1951 ἐμπέσῃ

2496 1976 2590 2028 καί
2620 1974 2844 2042 παγίδα
2876 1974 2981 2026 τοῦ
3009 1972 3316 2026 διαϐόλου.

2569 2067 2633 2118 Τί
2661 2068 2860 2136 δήποτε
2892 2069 3006 2129 τοῖς
3030 2067 3352 2128 ἐπισκόποις
3386 2064 3451 2118 τὰ
3487 2064 3669 2133 παχέα
3726 2065 3903 2119 ταῦτα
3969 2067 4073 2118 ἐπ-

2498 2157 2682 2222 έταξε,
2736 2157 2825 2227 Μὴ
2853 2158 3130 2225 πάροινον,
3172 2157 3243 2225 μὴ
3265 2157 3532 2225 πλήκτην,
3569 2157 3681 2209 ἀλλ’
3731 2158 3951 2225 ὲπιεικῆ
3976 2160 4072 2211 καὶ

2498 2249 2565 2300 τὰ
2587 2252 2765 2317 ὅμοια,
2788 2251 2815 2300 ὁ
2837 2252 2948 2311 τοῖς
2970 2247 3239 2317 μαθηταῖς
3257 2250 3584 2312 ἐπιτάσσων,
3612 2266 3631 2300 ι
3655 2248 3984 2318 Νεκρώσατε
4004 2251 4073 2301 τὰ

2503 2338 2639 2406 μέλη
2668 2339 2821 2404 ὑμῶν
2846 2337 2915 2389 τὰ
2947 2338 3039 2389 ἐπὶ
3065 2338 3165 2405 τῆς
3212 2339 3314 2405 γῆς
3344 2353 3360 2367 ⁶
3393 2358 3413 2390 ι
3448 2338 3563 2403 καὶ,
3604 2359 3621 2390 ι
3653 2340 3770 2392 Εἰσί
3819 2358 3967 2403 τινες
4023 2342 4074 2393 οι

2499 2426 2596 2493 τὴν
2616 2426 2709 2478 τοῦ
2737 2427 2977 2495 Χριστοῦ
3010 2428 3189 2497 σάρκα
3219 2428 3610 2498 ἑσταύρωσανς
3643 2449 3661 2481 ι
3700 2432 3809 2484 Καὶ
3856 2433 3883 2484 ὁ
3931 2433 4073 2500 Χρι-

2503 2520 2626 2582 στὸς
2676 2519 2734 2571 δὲ
2784 2519 2959 2589 αἴρειν
2983 2520 3075 2573 τὸν
3126 2522 3359 2586 σταυρὸν
3397 2522 3491 2573 καὶ
3542 2522 3858 2575 ἀκολουθεῖν
3903 2528 4074 2579 πᾶσιν

2501 2611 2749 2674 ἐπέταξε.
2801 2615 2899 2664 Διὰ
2924 2613 2976 2664 τί
3008 2612 3114 2683 γὰρ
3150 2614 3221 2681 μὴ
3256 2613 3517 2679 ἀγγέλους
3551 2616 3745 2677 αὐτοὺς
3768 2610 3910 2669 εἶναι
3974 2620 4074 2670 ἑπ-

2500 2702 2708 2767 έταξεν,
2730 2705 2804 2766 ὡς
2831 2706 2966 2773 πρὸς
2984 2705 3206 2775 τὴντῶν
3237 2704 3441 2757 λαῖκῶν
3472 2707 3797 2774 ἀναλογίανς
3830 2710 3942 2761 Καί
3970 2728 4075 2777 φα-

2506 2811 2630 2863 μεν,
2668 2796 2746 2848 ὅτι
2766 2797 2798 2863 ἡ
2826 2796 3125 2864 ὑπέρτατος
3153 2797 3343 2865 ἀρετὴ.
3384 2797 3579 2864 ὀλίγων
3606 2799 3772 2851 ἐστίν.
3805 2800 4073 2853 Ἐπισκό-

2501 2900 2618 2937 πων
2655 2885 2710 2937 δὲ
2748 2886 2957 2938 πολλῶν
2984 2883 3051 2956 ἦν
3078 2888 3234 2955 χρεία
3286 2886 3409 2940 καθ’
3478 2889 3713 2955 ἑκάστην
3773 2890 4079 2960 ἐκκλησίαν

2505 2969 2646 3026 εἶναι
2680 2974 3022 3042 ὀφειλόντων.
3051 2978 3168 3029 Ἰνα
3188 2974 3281 3030 οὖν
3331 2978 3404 3048 μὴ
3468 2979 3694 3031 σπάνιον
3733 2980 3766 3049 ἢ
3803 2981 4078 3034 ἀδύνατον

2503 3064 2701 3133 ποιήσῃ
2733 3064 2794 3116 τδ
2825 3065 2932 3117 τῶν
2960 3067 3296 3132 ἐπισκόπων,
3337 3069 3611 3137 χρειωδῶν
3637 3071 3825 3134 ὄντων,
3856 3072 3959 3142 τὴν
3978 3074 4081 3144 με-

836 3155 1163 3210 mediocrem
1186 3157 1343 3223 jubet
1374 3160 1652 3222 virtutem,
1684 3173 1794 3211 rem
1832 3158 2003 3227 ipsam
2044 3160 2277 3215 reddens
2304 3177 2398 3214 ac-

2504 3170 2603 3223 σην
2629 3156 2908 3208 ῖπιτάσσει
2941 3158 3163 3226 ἀρετὴν,
3195 3159 3516 3227 εὐπρόσιτον
3546 3161 3716 3212 ποιῶν
3734 3161 3795 3213 τδ
3816 3142 4076 3233 πρᾶγμα.

835 3260 995 3301 cessu
1043 3246 1278 3300 facilem.
1318 3267 1335 3298 ι
1380 3246 1664 3311 Quomodo
1718 3248 2015 3304 Eet-lesiam
2069 3251 2185 3304 Dei.
2227 3271 2243 3303 ι
2294 3251 2398 3307 Ubi

838 3339 1043 3405 majora
1074 3339 1335 3406 pluraque
1363 3346 1489 3391 sunt
1520 3341 1754 3408 negotia.
1788 3358 1806 3391 t
1841 3340 1961 3394 Non
1988 3343 2342 3413 neophytnm.
2374 3362 2392 3395 ι

837 3428 989 3492 Quod
1033 3429 1404 3494 aitved-parov,
1438 3444 1542 3481 non
1581 3429 1848 3498 significat
1872 3431 2148 3498 juvenem,
2185 3433 2279 3487 sed
2314 3448 2400 3487 re-

839 3527 1026 3572 center
1057 3519 1107 3571 in
1156 3519 1259 3573 (ide
1289 3520 1633 3573 instructum.
1671 3521 1801 3573 Nam
1848 3529 1902 3575 et
1933 3521 2250 3579 Timotheus
2288 3527 2401 3594 ipse

838 3620 992 3669 a-tate
1019 3610 1464 3677 juniorerat,c:ui
1506 3610 1634 3665 dicit
1670 3610 1722 3663 in
1746 3613 2101 3681 sequentibus
2134 3630 2147 3665 :
2176 3631 2194 3664 ι
2232 3615 2401 3669 Nemo

833 3701 1168 3771 iuventutem
1210 3713 1354 3756 tuam
1387 3705 1650 3775 despiciat
1686 3725 1703 3755 ι
1745 3746 1757 3759 .
1796 3707 1964 3772 Quem
2027 3709 2171 3761 cnim
2227 3710 2403 3764 adhuc

839 3793 1173 3860 disr-ipnlnm
1201 3809 1323 3859 esse
1372 3804 1667 3863 oporteret,
1699 3797 1740 3848 si
1767 3798 1888 3864 quis
1923 3796 2081 3849 faciat
2112 3808 2407 3867 praet-opto-

841 3898 977 3939 rem.
1016 3882 1236 3937 inﬂatur
1290 3894 1341 3939 et
1391 3886 1688 3939 extollitur.
1726 3905 1744 3936 ι
1793 3884 1846 3938 In
1899 3888 2404 3942 condemnationem

841 3976 1046 4026 incidat
1068 3975 1287 4027 diaboli.
1329 3995 1346 4025 ι
1383 3974 1434 4027 ln
1466 3975 1709 4029 eamdem
1743 3990 1866 4028 cum
1898 3975 2115 4028 diabolo
2147 3977 2407 4031 condem-

842 4066 1137 4127 nationem,
1170 4066 1222 4118 in
1261 4082 1419 4133 quam
1448 4068 1534 4120 ille
1562 4081 1624 4120 ex
1668 4067 1974 4134 arrogantia
2013 4066 2233 4120 incidit.
2271 4088 2288 4119 ι
2324 4070 2405 4123 Ab

844 4159 1140 4212 extraneis.
1175 4177 1191 4208 ι
1222 4157 1523 4210 Extrancos
1551 4158 1683 4209 dicit
1712 4156 1948 4211 Graecos.
1984 4157 2114 4213 Vide
2150 4171 2405 4227 quantam

842 4244 1098 4299 adhibeat
1157 4246 1515 4315 diligentiam.
1565 4245 1701 4310 Quid
1760 4257 1937 4298 autem
1989 4246 2034 4299 si
2103 4248 2277 4302 malus
2316 4250 2406 4313 sit,

844 4334 1045 4388 bonum
1096 4347 1273 4387 tamen
1335 4335 1533 4387 habent
1586 4335 2075 4388 testimonium?”
2132 4337 2244 4390 ﬁeri
2300 4354 2409 4392 ncn

847 4435 1045 4495 poti-st.
1079 4428 1325 4482 Amabile
1362 4436 1446 4481 est
1474 4429 1616 4479 enim
1651 4436 1708 4479 nt
1735 4429 1825 4492 qui
1864 4429 2279 4494 probatissimus
2303 4441 2407 4492 est,

850 4518 1223 4569 testimonium
1262 4518 1328 4570 ab
1363 4517 1497 4585 ipsis
1527 4532 1743 4585 quoque
1786 4517 1922 4570 ierat
1964 4518 2220 4574 inimicis.
2249 4522 2410 4592 226

847 4606 1097 4660 Attamen
1128 4609 1227 4661 hoc
1268 4609 1407 4661 inter
1439 4620 1629 4661 caetera
1661 4611 1861 4674 expetit
1900 4610 2057 4662 bona.
2100 4609 2211 4665 Hoc
2240 4615 2406 4675 enim,

849 4695 1097 4762 designat
1117 4697 1455 4762 coniunctio,
1497 4697 1565 4749 Et
1598 4716 1611 4749 :
1647 4697 1785 4761 Quid
1816 4709 2018 4757 autem,
2051 4698 2119 4763 si,
2152 4714 2273 4752 cum
2315 4702 2408 4753 bo-

851 4803 955 4842 nus
986 4789 1077 4849 sit,
1105 4790 1249 4841 circa
1294 4792 1457 4841 vitam
1514 4788 1983 4857 reprehendatur?
2024 4788 2156 4843 Illud
2189 4792 2404 4858 quidem

850 4879 1067 4934 diﬂicile
1101 4890 1184 4933 est
1228 4897 1243 4932 :
1279 4895 1463 4933 verum
1503 4880 1547 4934 si
1581 4882 1705 4933 talis
1738 4882 1828 4942 sit,
1874 4895 1940 4933 ne
1972 4884 2062 4932 liat
2094 4881 2403 4949 episcopus.

851 4970 1003 5036 Quod
1038 4972 1081 5024 si
1116 4972 1181 5024 ab
1208 4973 1501 5033 extraneis,
1548 4973 1715 5024 multo
1747 4971 1917 5040 magis
1947 4989 1974 5023 a
2008 4971 2266 5024 fratribus
2314 4974 2409 5025 bo-

852 5077 980 5113 num
1020 5061 1178 5115 debet
1228 5061 1426 5113 habere
1456 5060 1851 5113 testimonium.
1889 5078 1905 5109 t
1941 5059 2013 5112 Ne
2058 5060 2108 5112 in
2150 5062 2407 5127 probrum

855 5150 1079 5202 incidat.
1126 5170 1142 5199 ι
1188 5150 1289 5214 Qui
1319 5151 1492 5202 malus
1524 5150 1704 5212 fuerit,
1738 5149 1993 5217 probrum
2031 5164 2096 5202 ac
2129 5160 2413 5204 contume-

855 5242 980 5293 liam
1018 5242 1326 5296 sustinebit.
1355 5260 1372 5290 ι
1408 5239 1470 5292 Ει
1505 5242 1555 5291 in
1584 5242 1830 5307 laqueum
1872 5239 2093 5293 diaboli.
2135 5258 2153 5290 ι
2189 5240 2317 5292 Nam
2364 5242 2411 5295 si

853 5330 909 5383 in
944 5332 1127 5396 aliquo
1155 5332 1330 5385 malus
1378 5330 1560 5391 fuerit,
1593 5332 1754 5383 alium
1790 5329 1947 5383 facile
1989 5330 2091 5384 sibi
2128 5331 2277 5384 addit
2326 5332 2408 5383 la-

2506 3265 2525 3297 ι
2558 3246 2681 3308 Πῶς
2710 3248 3036 3318 Ἐκκλησίαν
3083 3251 3217 3304 Θεοῦ
3244 3268 3258 3315 ;
3305 3270 3324 3303 ι
3356 3253 3527 3305 Ὅπου
3555 3254 3645 3305 καὶ
3683 3251 3872 3323 μείζω,
3915 3259 4079 3325 φησὶ,

2501 3339 2595 3390 καὶ
2626 3339 2796 3392 πλείω
2818 3340 2886 3394 τὰ
2930 3341 3252 3411 πράγματα.
3302 3362 3320 3395 ι
3346 3343 3440 3415 Μὴ
3490 3348 3769 3413 νεόφυτον.
3801 3365 3818 3396 ι
3858 3348 3935 3399 Οὐ
3982 3350 4084 3403 τὸν

2498 3429 2762 3500 νεώτερον
2808 3430 2973 3497 λέγει,
3008 3432 3142 3486 ἀλλὰ
3194 3432 3306 3487 τὸν
3341 3440 3765 3505 νεοκατήχητον.
3793 3438 3953 3490 Ἐπεὶ
3982 3442 4085 3492 καὶ

2500 3521 2660 3583 αὐτὸς
2688 3521 2948 3595 νεώτερος
2979 3519 3045 3594 ἦν
3070 3527 3097 3577 ὁ
3128 3526 3409 3596 Τιμόθεος.
3448 3545 3467 3578 ι
3488 3527 3692 3596 Μηδεὶς
3708 3529 3815 3596 γάρ
3849 3545 3947 3581 σου
3978 3530 4086 3599 τῆς

2502 3613 2751 3682 νεότητος
2790 3615 3199 3684 καταφρονείτω
3222 3657 3236 3681 ,
3275 3636 3292 3667 ι
3329 3617 3536 3685 προϊών
3563 3634 3714 3686 φησι.
3739 3618 3841 3671 Τδν
3864 3622 3975 3687 γὰρ
3997 3621 4088 3675 ἔτι

2508 3701 2754 3772 μαθητὴν
2784 3700 2921 3756 εἶναι
2954 3705 3239 3773 ὀφείλοντα
3274 3706 3435 3771 εἴτις
3457 3708 3774 3761 διδάσκαλον
3833 3712 4086 3778 ποιήσει,

2507 3795 2742 3853 φυσᾶται
2769 3796 2861 3846 καὶ
2885 3796 3191 3865 ἐπαίρεται.
3236 3817 3253 3848 ι
3280 3800 3373 3861 Εἰς
3406 3800 3580 3869 κρῖμα
3609 3800 3821 3870 ἐμπέσῃ
3845 3800 3940 3853 τοῦ
3967 3802 4089 3856 δια-

2507 3882 2684 3937 ϐόλου.
2715 3904 2734 3937 ›
2768 3887 2860 3946 Εἰς
2888 3887 2985 3956 τὴν
3041 3889 3229 3957 αὐτὴν,
3270 3889 3404 3958 φησι
3429 3930 3443 3953 ,
3475 3890 3552 3959 τῷ
3595 3891 3826 3963 διαϐόλῳ
3852 3893 4088 3946 καταδί-

2507 3990 2630 4041 κην,
2664 3977 2743 4037 είς
2771 3977 2838 4045 ἠν
2867 3978 2923 4040 ἐξ
2951 3979 3207 4037 ἀπονοίας
3252 3980 3445 4032 ἔπεσεν
3480 3982 3706 4043 ἐκεῖνος.
3744 4002 3763 4034 ι
3793 3984 3927 4035 Ἀπὸ
3965 3986 4088 4036 τῶν

2509 4060 2728 4123 ἔξωθεν.
2760 4081 2779 4113 ι
2817 4063 3076 4129 Ἔξωθεν,
3112 4066 3223 4117 τῶν
3271 4068 3537 4137 Ἐλλήνων
3582 4072 3764 4137 φησίν.
3800 4072 3939 4141 Ὅρα
3980 4073 4093 4142 τὴν

2510 4152 2815 4217 ἀκρίϐειαν.
2849 4154 2912 4205 Τί
2939 4154 3032 4206 οὖν
3058 4157 3106 4207 εί
3138 4157 3306 4217 κακός
3332 4159 3502 4221 ἐστιν,
3538 4160 3650 4229 ἔχει
3680 4161 3734 4212 δὲ
3768 4165 4094 4231 μαρτυρίαν

2511 4240 2717 4309 καλὴνς
2752 4242 2920 4294 Τοῦτο
2950 4244 3547 4316 ἀδύνατον.Ἀγαπητὸν
3588 4250 3697 4320 γὰρ
3726 4251 3816 4302 τὸν
3848 4253 4097 4320 ὀρθότα-

2509 4349 2601 4383 τον
2628 4335 3019 4401 μαρτυρεῖσθαι
3054 4336 3158 4388 ὑπὸ
3181 4338 3290 4389 τῶν
3316 4339 3543 4408 ἐχθρῶν.
3576 4341 3722 4411 Πλὴν
3753 4344 3912 4395 τοῦτο
3939 4348 4095 4412 μετὰ

2512 4421 2619 4473 τῶν
2638 4423 2808 4475 ἄλλων
2833 4426 3056 4477 ἀπαιτεῖ
3071 4426 3250 4478 καλῶν
3276 4442 3289 4457 ⁸
3306 4429 3334 4479 ὁ
3352 4429 3479 4497 γὰρ,
3521 4432 3637 4490 καὶ,
3670 4431 3965 4501 σύνδεσμος
3984 4434 4101 4504 δη-

2512 4513 2613 4566 λοῖ.
2647 4513 2709 4567 Τί
2734 4514 2790 4566 δὲ
2812 4517 2861 4567 εἰ
2892 4516 3055 4578 καλὸς
3085 4516 3162 4569 ὢν
3195 4517 3515 4590 λοιδορεῖται
3540 4521 3667 4589 περὶ
3694 4522 3784 4573 τδν
3807 4522 3953 4590 βίον;
3979 4526 4103 4575 Δυ-

2515 4605 2703 4672 σχερὲς
2728 4606 2847 4671 μὲν,
2880 4607 3018 4673 πλὴν
3041 4608 3068 4658 ὁ
3098 4607 3337 4669 τοιοῦτος
3399 4609 3472 4679 μὴ
3496 4611 3728 4675 γινέσθω
3756 4613 4097 4678 ἐπίσκοπος.

2512 4695 2574 4746 Εἰ
2608 4695 2664 4746 δὲ
2708 4695 2815 4747 ἀπὸ
2843 4695 2950 4747 τῶν
2979 4696 3196 4760 ἔξωθεν,
3230 4699 3408 4768 πολλῷ
3439 4700 3637 4769 μᾶλλον
3662 4703 3768 4754 ἀπὸ
3783 4702 3891 4755 τῶν
3922 4704 4099 4757 ἅδε).-

2514 4783 2649 4851 φῶν.
2676 4785 2821 4836 «Ἵνα
2844 4784 2917 4853 μὴ
2938 4787 3017 4846 είς
3052 4787 3357 4856 ὀνειδισμὸν
3387 4792 3656 4860 ἐμπέσῃ.»
3688 4792 3885 4845 Μέλλει
3909 4797 4103 4859 κακδς

2502 4873 2577 4924 ὢν
2591 4873 2942 4936 ὀνειδίζεσθαι
2960 4875 3052 4925 καὶ
3075 4874 3413 4945 ὑϐρίζεσθαι.
3441 4897 3457 4927 t
3480 4880 3588 4931 Καὶ
3614 4881 3819 4946 παγίδα
3834 4883 3931 4934 τοῦ
3958 4885 4101 4936 δια-

2505 4963 2684 5015 ϐόλον.
2718 4981 2736 5013 ι
2773 4964 2835 5015 Εἰ
2861 4964 2969 5032 γὰρ
3009 4959 3063 5035 ᾖ,
3105 4968 3258 5033 φησὶ.
3293 4969 3435 5019 κατά
3455 4986 3505 5020 τι
3556 4970 3745 5033 κακδς.
3773 4974 3870 5024 καὶ
3909 4974 4103 5043 ἄλλην

2507 5054 2655 5123 αὐτῷ
2702 5055 2939 5124 εὐχερῶς
2968 5056 3149 5123 τίθησι
3172 5058 3393 5123 παγίδα.
3434 5059 3495 5113 ΕΞ
3525 5062 3632 5129 γὰρ
3656 5064 3718 5112 ἐκ
3762 5062 3859 5115 τοῦ
3884 5064 4103 5119 ὀνειδί-

2510 5148 2696 5211 (sciat
2720 5150 2812 5199 καὶ
2835 5149 3147 5217 ὑϐρίζεσθαι
3173 5150 3250 5211 είς
3282 5151 3557 5218 ἁμαρτίας
3597 5154 3952 5223 ἐκτρέπεται,
3980 5158 4106 5226 ἐμ-

2517 5241 2706 5292 πίπτει
2740 5241 2817 5301 εἱς
2842 5240 3026 5304 ἕτερον
3053 5238 3223 5300 πάθος
3250 5238 3352 5307 τῆς
3376 5240 3544 5309 ὀργῆς
3565 5244 3658 5293 καὶ
3682 5241 3782 5309 τῆς
3814 5261 4109 5313 μνησικα-

2516 5331 2639 5393 κίας
2663 5347 2675 5359 ·
2711 5332 2881 5392 οὐδεὶς
2919 5330 3027 5397 γὰρ
3046 5329 3277 5397 ἀοργητὶ
3299 5329 3484 5397 φέρειν
3507 5332 3806 5399 ὀνειδισμὸν
3833 5334 4101 5390 δύναται,

854 5440 1075 5493 queum.
1106 5422 1235 5475 Nam
1268 5423 1312 5475 si
1347 5438 1408 5476 ex
1453 5423 1554 5476 hoc
1593 5424 1734 5491 quod
1767 5423 1961 5490 probra
1995 5424 2199 5491 patitur
2227 5431 2279 5476 et
2320 5424 2541 5491 injuria,
2576 5423 2643 5475 ad
2693 5430 2913 5490 peccata
2943 5419 3199 5477 deﬂectit.
3236 5420 3286 5472 in
3322 5422 3483 5473 aliam
3513 5421 3703 5477 incidit
3736 5422 4107 5485 aﬂectionem

854 5519 950 5573 irae
972 5526 1023 5569 et
1058 5517 1330 5569 memoriae
1371 5516 1692 5585 injuriarum
1727 5532 1740 5567 :
1771 5531 1928 5568 nemo
1959 5515 2102 5568 enim
2171 5516 2427 5583 probrum
2496 5517 2638 5570 ferre
2701 5507 2876 5584 potest
2915 5514 2994 5569 sic
3025 5521 3082 5566 nt
3120 5513 3266 5567 nulla
3307 5522 3557 5583 tangatur
3589 5516 3688 5570 ira.

929 5608 1015 5670 ΙΙΙ,
1046 5608 1196 5661 8-H).
1249 5607 1512 5662 Diaconos
1547 5607 1725 5662 itidem
1759 5607 2094 5675 compositos,
2123 5622 2223 5659 non
2254 5607 2415 5659 bilin-

931 5788 973 5819 υ
1010 5784 1222 5842 Coioss.
1250 5802 1328 5849 ill,
1353 5785 1403 5839 5.
1481 5784 1523 5814 "’
1557 5782 1731 5838 Ca‘at.
1776 5800 1823 5846 ν,
1855 5784 1944 5838 Ἠ.

2596 5608 2921 5670 Διακόνους
2976 5605 3261 5669 ὡσαύτως
3320 5606 3607 5673 σεμνοὺς,
3645 5606 3731 5676 μὴ
3774 5605 4115 5677 διιότους,

2022 5786 2066 5817 ³⁸
2094 5785 2283 5841 Matth.
2318 5804 2428 5853 xvt,
2468 5786 2548 5841 Η.
