4144 6456
103 369 182 432 ²υι
935 380 1320 443 conamur.
1368 381 1448 440 ιχ
1489 377 1726 439 El’lST.

935 380 1320 443 COMMENT.
1368 381 1448 440 ΙΝ
1489 377 1726 439 ΕΡΙΞΤ.
1757 376 1813 436 II
1851 378 1951 437 AD
1992 376 2316 440 ΤΙΜΟἸἸῙ.

3203 377 3308 442 Ξοὲὶ

113 483 264 544 Καλῶς
293 482 345 535 δὲ
381 485 694 556 συνίστησιν
711 489 920 552 ἑαυτὸν,
961 490 1045 544 ἵνα
1075 493 1167 546 καὶ
1207 491 1268 546 τὸ
1303 492 1522 562 ἀγαπᾷν
1542 491 1633 544 τὸν
1665 511 1708 563 Α
1738 505 1749 539 t

1674 511 1708 563 Α
1738 486 2196 558 quemadmodum
2250 486 2407 543 multi
2455 487 2548 558 qui
2603 487 2788 559 gloria:
2826 488 3127 558 cupiditate
3157 493 3310 549 duct.

111 575 331 644 Τιμόθεον
362 576 508 651 δείξῃ
530 580 831 650 ἀληθεύων,
866 582 959 634 καὶ
983 583 1056 653 μὴ
1081 583 1273 650 ἀφίλου
1297 584 1433 653 λάϐῃ
1454 582 1630 648 δόξαν,

112 667 170 735 μὴ
204 665 438 718 ἀπελθὼν
483 669 618 739 πρὸς
649 671 832 736 αὐτὸν,
877 674 972 725 καὶ
1019 672 1191 726 ταῦτα
1244 673 1630 744 ὑποσχόμενος.

116 774 130 806 ι
167 756 238 818 Ὠς
263 756 616 810 ἀδιάλειπτον.
642 779 661 812 ›
694 761 908 831 Ἐπειδὴ
948 762 1312 818 ἀδιάλειπτον.
1364 764 1485 817 «Ἑν
1516 768 1637 827 ταῖς

107 848 289 918 δεήσεσί
317 866 439 919 μου.
467 869 486 900 ι
540 852 654 922 Οὐχ
702 853 888 916 ἁπλῶς
926 854 1233 925 μέμνημαι,
1276 846 1390 908 ἀλλ’
1420 857 1478 907 ἑν
1518 860 1636 920 ταῖς

109 938 311 1006 δεήσεσι,
365 941 459 991 καὶ
515 941 710 1004 νυκτὸς
759 942 853 994 καὶ
909 943 1144 1013 ἡμέρας.
1195 945 1548 998 ιἘπιποθῶν
1576 963 1635 999 σε

111 1030 230 1082 ἰδεῖν.
256 1047 273 1079 i
303 1029 533 1094 Οὐκοῦν,
571 1016 727 1100 φησι,
764 1033 1034 1104 τοσαύτης
1067 1034 1259 1105 ἡδονῆς
1288 1037 1430 1091 ἑκὼν
1463 1040 1637 1108 ἐμαυ-

111 1121 180 1171 τὸν
207 1121 565 1192 ἁπεστέρησα.
611 1125 888 1179 Φιλεῖσθαι
919 1127 1027 1197 γὰρ
1061 1129 1208 1194 ἄξιος
1235 1130 1523 1200 ὑπάρχεις,
1551 1131 1640 1184 διά

107 1224 152 1259 τι
175 1208 234 1259 τὰ
259 1208 488 1280 δάκρυα,
520 1213 610 1266 διά
639 1229 698 1264 τε
721 1213 815 1284 τὴν
844 1214 940 1285 σὴν
973 1217 1067 1267 καὶ
1094 1215 1193 1286 τὴν
1227 1218 1335 1268 τῶν
1359 1220 1638 1288 προγόνων

109 1300 269 1353 πίστιν.
293 1301 434 1367 Ὅρα
450 1303 530 1368 δὲ,
560 1304 622 1355 ού
654 1305 904 1375 βούλεται
937 1307 1098 1359 αὑτὸν
1125 1309 1189 1360 ὲκ
1212 1310 1512 1378 προοιμίων
1544 1309 1638 1361 λυ-

109 1392 246 1454 πῆσαι
265 1390 334 1451 ὡς
362 1393 439 1460 μὴ
466 1395 779 1464 ἐρχόμενος,
812 1396 927 1449 ἀλλ’
958 1397 1148 1452 ἐλπίδα
1174 1401 1356 1454 δίδωσι
1392 1400 1485 1452 τοῦ
1511 1401 1639 1455 ίδεῖν

106 1481 253 1533 αὐτόν.
293 1484 436 1552 Πρὸς
474 1486 550 1554 τῷ
577 1487 720 1540 τέλει
751 1489 829 1550 δὲ,
873 1489 935 1542 τὸ
976 1491 1051 1561 μὴ
1104 1492 1230 1545 ἰδεῖν
1257 1494 1418 1546 αὑτὸν
1455 1495 1534 1548 ἔτι
1583 1498 1641 1548 ἐν

107 1572 240 1635 σαρκὶ
264 1569 432 1638 δηλοῖ,
465 1571 656 1626 εἰπών·
685 1574 858 1643 «Ἐγὼ
880 1577 986 1648 γὰρ
1014 1579 1114 1650 ήδη
1132 1581 1444 1651 σπένδομαι.
1462 1603 1480 1634 ι
1501 1582 1560 1635 Ἠ
1583 1582 1639 1636 δὲ

108 1661 227 1725 τάξις
252 1662 407 1731 αὕτη·
445 1665 640 1734 Χάριν,
682 1671 866 1738 φησιν.
902 1671 1010 1740 ἔχω
1035 1672 1111 1742 τῷ
1145 1675 1280 1744 Θεῷ,
1327 1676 1512 1748 ἐπειδή
1545 1693 1639 1730 σου

108 1751 372 1838 μέμνημαι,
415 1756 691 1809 ἐπιποθῶν
709 1776 768 1811 σε
801 1760 950 1825 ἰδεῖν,
990 1762 1073 1814 ἵνα
1111 1768 1283 1834 χαρᾶς
1339 1768 1636 1838 πληρωθῶ.

1736 577 1988 634 haeresim
2029 585 2304 643 statuunt,
2340 593 2549 649 magnae
2587 580 2985 635 imbecillitatis
3027 581 3132 635 sibi
3177 597 3314 636 Cun-

1737 669 1858 724 scii.
1894 668 1960 722 Et
1994 679 2140 724 recte
2171 668 2411 738 seipsum
2445 670 2813 734 commendat,
2841 678 2902 723 ut
2935 671 3097 725 etiam
3137 672 3191 726 in
3229 672 3315 725 di-

1737 761 1954 831 ligendo
1991 762 2277 817 Timotheo
2320 761 2572 816 ostendat
2612 777 2669 815 se
2717 778 2824 816 non
2871 778 2992 817 esse
3035 763 3309 828 fallacem,

1739 868 1918 924 neque
1960 853 2078 919 eius
2122 869 2284 924 quem
2329 867 2438 907 non
2491 852 2742 924 diligeret
2786 863 3009 925 captare
3059 857 3311 926 gloriam,

1739 958 1864 998 cum
1903 944 1969 997 ad
2011 959 2134 998 eum
2178 943 2460 1013 proiectus
2511 958 2619 996 non
2665 953 2833 1007 esset;
2889 945 3018 998 licet
3065 954 3223 998 antea
3267 947 3318 998 id

1741 1036 2108 1104 promisisset.
2150 1054 2168 1088 ι
2203 1037 2360 1103 Quod
2394 1037 2533 1090 citra
2573 1036 2736 1090 ullam
2770 1037 3257 1091 intermissionem.
3290 1058 3306 1086 ι

1739 1128 1896 1195 Quod
1959 1130 2164 1200 absque
2232 1131 2665 1184 intermissione.
2729 1147 2747 1181 ι
2799 1130 2855 1183 In
2913 1131 3322 1198 precationibus

1740 1223 1896 1276 meis.
1932 1240 1950 1273 ι
1974 1220 2090 1276 Non
2119 1222 2350 1292 vulgari,
2379 1223 2475 1287 ait,
2502 1224 2662 1276 modo
2693 1222 2940 1287 memini,
2973 1223 3070 1277 sed
3107 1223 3161 1276 in
3199 1240 3322 1292 prc-

1742 1312 2081 1377 eationibus,
2104 1322 2159 1368 et
2189 1322 2350 1368 nocte
2376 1328 2441 1366 ac
2465 1313 2578 1367 dic.
2609 1331 2627 1364 ι
2653 1312 2979 1368 Desiderans
3006 1325 3054 1369 te
3076 1315 3260 1368 videre
3297 1335 3315 1365 ι

1742 1403 2092 1476 Nequaquam
2144 1406 2312 1474 igitur
2363 1411 2516 1458 tanta
2559 1403 2840 1473 voluptate
2889 1419 2976 1457 me
3011 1407 3322 1459 voluntarie

1742 1498 1971 1566 privavi.
2019 1495 2178 1566 257
2233 1495 2435 1565 Dignus
2484 1495 2632 1551 enim
2679 1510 2740 1549 es
2785 1496 2878 1564 qui
2933 1497 3155 1560 ameris,
3205 1505 3321 1549 tum

1742 1597 1964 1657 propter
1991 1597 2113 1641 tuas
2151 1590 2442 1657 lacrymas,
2496 1597 2608 1641 tum
2651 1597 2871 1657 propter
2908 1597 3054 1640 tuam
3100 1604 3162 1640 ac
3205 1604 3320 1640 ma-

1736 1681 1922 1749 jorum
1950 1685 2167 1730 tuortnn
2194 1679 2376 1732 Iidem.
2398 1679 2790 1734 Animadverte
2815 1691 2994 1734 autem
3020 1680 3165 1750 quod
3189 1682 3326 1734 noiit

1742 1767 1806 1823 in
1829 1769 2054 1822 exordio
2082 1784 2203 1823 eum
2237 1772 2563 1824 contristare
2589 1772 2747 1840 quasi
2784 1787 2890 1826 non
2935 1773 3003 1825 sit
3037 1782 3322 1834 venturus,

107 1833 212 1932 ξίτα
247 1840 330 1893 διὰ
362 1843 532 1932 μέσου
560 1862 573 1874 ·
613 1864 629 1897 ι
655 1848 1018 1918 Μεμνημένος
1049 1868 1141 1905 σου
1171 1833 1282 1907 τῶν
1311 1833 1583 1926 δακρύων.
1618 1877 1634 1909 ι
1675 1871 1718 1926 Β

1689 1872 1718 1926 Β
1749 1861 1842 1914 sed
1873 1862 2052 1930 potius
2081 1862 2272 1916 tribuit
2302 1878 2451 1932 spem
2471 1863 2682 1917 videndi
2714 1879 2770 1918 sc
2799 1908 2804 1914 .
2833 1863 2985 1931 juxta
3015 1862 3173 1916 ﬁnem
3197 1880 3325 1918 vero

108 1920 215 2022 Είτα
250 1929 330 1981 ἶνα
373 1931 450 2002 μὴ
509 1933 638 2004 δόξῃ
690 1938 811 2007 είκῆ
852 1937 1050 2008 φιλεῖν,
1093 1939 1244 2008 λέγει
1291 1945 1387 1996 καὶ
1417 1920 1524 2016 ’τὴν
1558 1949 1644 2000 αί-
1675 1920 1715 1926 —

1757 1953 2028 2016 insinuat,
2058 1954 2202 2023 quod
2232 1970 2338 2009 non
2391 1955 2462 2011 sit
2506 1971 2633 2010 eum
2683 1956 2919 2026 amplius
2960 1956 3012 2009 in
3039 1973 3202 2013 carne
3245 1958 3325 2008 vi-

112 2031 216 2068 τίαν.

1755 2059 1940 2106 surus,
1987 2047 2180 2101 dicens
2230 2063 2242 2098 :
2285 2065 2303 2096 ι
2344 2045 2456 2116 Ego
2497 2049 2643 2101 enim
2698 2048 2810 2115 jam
2855 2049 3087 2115 delibor,
3145 2069 3164 2102 ι
3203 2051 3321 2104 siw.

105 2113 450 2168 immolorJist
483 2125 663 2170 autem
707 2117 792 2171 hic
825 2120 1261 2176 ordo:Gratiam
1305 2124 1481 2181 habeo
1523 2129 1636 2186 Deo
1664 2135 1925 2203 quoniam
1969 2138 2047 2190 tui
2087 2137 2329 2202 memini,
2356 2113 2676 2192 desiderans
2700 2113 2760 2194 ite
2799 2139 3002 2208 videre,
3037 2113 3096 2198 ut
3125 2144 3325 2213 gaudio

105 2206 299 2273 replear,
333 2207 537 2264 Deinde
574 2226 693 2279 qua:
734 2213 784 2264 in
823 2215 998 2267 medio
1063 2217 1249 2271 relicta
1289 2229 1419 2274 sunt
1455 2239 1468 2274 :
1515 2240 1533 2272 ι
1567 2221 1775 2280 Memor
1837 2229 2202 2300 lacrymarum
2258 2238 2498 2286 tuarum.
2527 2250 2546 2284 ι
2600 2233 2984 2299 Pustmodum,
3015 2251 3084 2289 ne
3123 2245 3323 2290 temere

105 2310 259 2350 amare
295 2299 571 2365 videatur,
614 2302 767 2355 addit
801 2313 855 2356 et
884 2319 1131 2360 causam.

162 2412 176 2439 ι
206 2394 568 2462 Μεμνημένος
608 2411 721 2455 σου,
765 2399 920 2464 φησὶ,
965 2400 1073 2450 τῶν
1108 2399 1380 2467 δακρύων.
1423 2421 1441 2454 i
1494 2403 1652 2468 Ἴσως

104 2487 188 2553 γαρ
214 2486 579 2555 χωριζόμενος
623 2489 718 2540 τοῦ
757 2490 971 2545 Παύλου
998 2492 1172 2557 οὕτως
1217 2495 1394 2562 ἤλγει,
1429 2496 1505 2558 ὠς
1555 2500 1650 2551 καὶ

103 2573 342 2639 ἰακρύειν.
365 2575 442 2628 Τὸ
472 2577 528 2629 δὲ
560 2577 888 2644 ὑπερϐατὸν,
922 2600 940 2632 ι
973 2581 1289 2636 Ἐπιποθών
1311 2603 1368 2636 σε
1397 2587 1522 2639 ίδείν
1563 2588 1650 2641 ἵνα

105 2667 248 2731 χαμὶς
274 2665 606 2735 πληρωθῶμ
635 2668 711 2731 ὡς
741 2670 838 2736 τῆς
881 2671 1008 2734 Θέας
1027 2673 1194 2744 μόνης
1220 2679 1397 2745 χαρᾶς
1429 2678 1650 2748 πληρω-

101 2758 230 2824 τικῆς
262 2759 642 2830 ὑπαρχούσης.
675 2780 692 2814 ι
727 2762 1116 2837 ’Λνυποκρίτου
1145 2769 1400 2834 πίστεως.
1429 2790 1446 2820 ι
1493 2774 1652 2842 Ἐμε-

106 2853 290 2918 μνήμην
325 2867 446 2918 σου,
481 2856 668 2922 φησιν,
710 2855 767 2908 ὲν
811 2859 928 2921 ταῖς
976 2865 1304 2930 προσευχαῖς
1340 2881 1466 2930 μου,
1513 2866 1648 2916 ὑπο-

107 2945 524 3013 μιμνησκόμενος
575 2948 684 2999 τῶν
733 2967 788 3002 τε
827 2950 1082 3021 δακρύων
1134 2971 1226 3006 σου
1254 2957 1343 3007 καὶ
1388 2959 1489 3023 τῆς
1519 2958 1636 3010 ἀνυσ

104 3038 331 3103 πικρίτου
385 3037 651 3102 πίστεως.
702 3042 962 3110 «Πρῶτον
1009 3046 1066 3096 ὲν
1104 3050 1168 3115 τῇ
1223 3047 1422 3118 μάμμῃ
1471 3065 1586 3102 σου.
1627 3069 1644 3102 ι

108 3124 240 3176 Ἄλλο
311 3127 637 3197 ἐγκώμιον
673 3131 755 3182 ὅτι
805 3132 925 3185 οὗτε
985 3134 1044 3198 ἐξ
1106 3136 1375 3206 Ἑλλήνων
1404 3142 1462 3192 τὸ
1513 3142 1650 3212 πρὸς

106 3218 278 3285 μητρὸς
321 3220 482 3286 γένος
531 3217 621 3290 ἦν,
651 3222 764 3275 ἀλλ’
795 3226 853 3287 ὲξ
899 3225 1169 3279 Ἰουδαίων
1206 3232 1649 3285 πεπιστευκότων

103 3306 311 3378 Χριστῷ.
374 3310 435 3363 '0
479 3311 540 3365 δὲ
580 3312 773 3366 τούτου
814 3315 995 3385 πατὴρ
1041 3316 1242 3388 Ἕλλην
1283 3321 1380 3384 ὢν,
1425 3323 1512 3376 διὰ
1559 3324 1650 3379 τὸν

103 3399 236 3461 siem
261 3400 364 3451 τῶν
404 3400 681 3454 Ἰουδαίων
710 3407 1072 3477 περιετμήθη.
1120 3427 1138 3459 ι
1175 3409 1285 3462 Καὶ
1323 3413 1381 3463 ὲν
1423 3416 1486 3483 τῇ
1547 3433 1650 3485 μη-

102 3490 171 3556 τρί
200 3506 307 3544 σου.
345 3510 365 3543 ›
400 3492 486 3545 Τὰ
522 3493 632 3545 τῶν
660 3497 939 3563 προγόνων
967 3498 1239 3569 ἐγκώμια,
1275 3502 1403 3556 ὅταν
1438 3506 1538 3574 μὲν
1558 3508 1652 3561 καὶ

101 3586 233 3647 ipsi;
277 3586 464 3640 αὑτῶν
505 3588 841 3657 μετέχωμεν,
893 3593 971 3654 εἰς
1014 3592 1172 3657 δόξαν
1211 3597 1340 3665 ἡμῖν
1391 3599 1647 3665 γίνεται*

103 3675 204 3727 ὅταν
217 3677 266 3729 δὲ
280 3679 377 3746 μὴ,
395 3682 726 3752 κατακρίνει
748 3681 946 3751 μᾶλλον
965 3685 1132 3754 ἡμᾶς.
1152 3682 1320 3752 Οὗτος
1334 3690 1388 3742 δὲ
1406 3707 1471 3758 με
1481 3694 1646 3761 τείχε.

105 3786 118 3814 ι
167 3769 468 3841 Πέπεισμαι
514 3775 648 3842 γὰρ,
697 3774 880 3845 φησὶν,
949 3776 1031 3829 ὅτι
1088 3779 1183 3830 καὶ
1221 3782 1278 3831 ὲν
1346 3783 1448 3836 σοί.
1493 3801 1512 3833 ι
1562 3784 1652 3836 Εἰ-

102 3865 239 3927 >6τως
274 3865 368 3921 οὖν
399 3869 778 3940 ἀνυπόκριτον
802 3872 1005 3941 ταύτην
1026 3873 1190 3943 ἔχεις,
1231 3875 1306 3939 ὡς
1331 3877 1539 3932 ἄνωθεν
1564 3897 1653 3934 τε·

103 3958 487 4033 θεμελιωμινην
539 3966 637 4018 καὶ
662 3966 984 4020 σαλεύεσθαι
1015 3970 1115 4021 οὐκ
1148 3970 1398 4040 ἔχουσαν.
1442 3993 1460 4026 ι
1486 3977 1564 4028 Δι’
1585 3976 1652 4046 ἣν

101 4054 261 4106 αἰτίαν.
283 4074 301 4106 ι
341 4055 576 4125 Ἐπειδὴ
602 4056 773 4109 ταῦτα
800 4075 880 4110 σοι
925 4059 1161 4123 σύνοιδα,
1220 4065 1402 4132 φησίν.
1436 4083 1454 4115 ι
1497 4066 1652 4119 Ἀνα-

102 4141 338 4212 ζωπυρεῖν
354 4146 420 4198 τὸ
442 4147 724 4217 χάρισμα.
753 4166 771 4198 ι
807 4148 1158 4218 Χαρίσματος
1179 4147 1246 4222 ἦν
1278 4157 1649 4225 πνευματικοῦ

99 4234 386 4304 ἠξιωμένος,
428 4238 534 4292 καὶ
553 4239 909 4308 συμϐουλεύει
941 4242 1089 4312 αὑτῷ
1116 4245 1274 4298 τοῦτο
1295 4247 1650 4320 σφοδρότερον

101 4327 168 4376 ni
187 4330 576 4400 ἐνεργέστερον
609 4332 887 4387 ἀποτελεῖν
923 4334 1010 4388 διὰ
1041 4338 1368 4408 προθυμίας,
1397 4343 1484 4396 διὰ
1516 4361 1652 4415 προ⁸

102 4421 250 4488 ειχής,
295 4425 384 4476 διὰ
431 4428 684 4493 νήψεως.
723 4427 805 4479 Τὰ
849 4429 956 4498 γὰρ
985 4432 1202 4484 ἐναντία
1246 4433 1471 4502 τούτων,
1509 4437 1650 4489 ἁποι

103 4514 315 4578 μαραίνει
355 4516 522 4578 αὐτὸ,
577 4517 652 4578 ὡς
685 4516 915 4586 ἀλλαχοῦ
954 4536 1116 4589 φησι·
1153 4540 1171 4572 ι
1195 4523 1267 4574 Τὸ
1313 4525 1530 4594 πνεῦμα
1576 4527 1651 4596 μὴ

1833 2428 1851 2461 ι
1884 2409 2088 2465 Memor
2122 2412 2486 2484 lacrymarum
2522 2423 2761 2470 tuarum.
2799 2435 2818 2468 ι
2861 2415 3136 2477 Fortassis
3180 2425 3325 2478 enim

1755 2500 1892 2556 adeo
1925 2502 2235 2557 dolebat-eo
2259 2505 2402 2574 quod
2435 2521 2464 2559 a
2504 2505 2674 2561 Paulo
2721 2519 3006 2578 separatus
3040 2522 3207 2576 esset,
3270 2529 3327 2571 ut

1751 2589 1913 2642 etiam
1943 2589 2360 2660 lacrymaretur.
2393 2591 2489 2648 Est
2522 2605 2698 2650 autem
2731 2595 3096 2666 hyperbaton.
3120 2620 3136 2652 ι
3171 2602 3328 2657 Desi-

1751 2677 1952 2734 derans
1992 2688 2044 2735 te
2069 2681 2254 2736 videre
2287 2691 2345 2735 ut
2380 2685 2580 2752 gaudio
2612 2688 2846 2754 replear,
2871 2708 2887 2738 ι
2917 2699 3174 2762 tanquam
3209 2696 3262 2766 ip
3299 2718 3328 2749 ιε

1752 2779 2006 2840 aspectus
2035 2772 2235 2840 gaudio
2271 2776 2497 2842 repleat.
2538 2793 2557 2826 ι
2594 2775 2740 2831 Fidei
2776 2795 2882 2833 non
2942 2783 3234 2840 simulatae.
3301 2809 3318 2840 ι

1759 2862 1884 2926 Tui,
1951 2863 2151 2932 inquit,
2213 2865 2542 2919 mentionem
2615 2865 2715 2921 feci
2741 2869 2793 2921 in
2858 2871 3114 2939 precibus
3164 2878 3325 2940 meis,

1755 2949 2070 3004 admonitus
2110 2958 2224 3004 tum
2254 2952 2509 3022 lacrymis
2542 2954 2671 3021 tuis,
2702 2966 2815 3010 tum
2848 2959 2950 3016 ﬁde
3003 2979 3110 3018 non
3152 2967 3327 3021 simu-

1755 3043 1885 3095 lata.
1926 3060 1942 3090 ι
1997 3042 2243 3098 Primum
2305 3046 2356 3098 in
2409 3048 2527 3101 avia
2586 3057 2698 3103 tua.
2740 3069 2758 3101 ι
2805 3053 2964 3107 Aliud
3015 3062 3326 3114 encomium

1755 3135 1901 3204 quod
1926 3150 2103 3204 neque
2132 3151 2199 3190 ex
2223 3135 2429 3193 Grzecis
2457 3154 2485 3192 a
2515 3151 2765 3197 materno
2784 3159 2984 3214 genere
3012 3158 3168 3204 ortus
3184 3161 3323 3210 erat.

1758 3225 1855 3279 sed
1905 3240 1969 3279 ex
2013 3224 2220 3281 Judaais
2275 3229 2369 3298 qui
2405 3231 2566 3283 etiam
2611 3232 2664 3285 in
2695 3233 2976 3290 Christum
3005 3241 3322 3296 credebant.

1756 3315 1930 3371 Porro
1947 3331 2071 3370 cum
2111 3328 2263 3388 pater
2321 3320 2443 3389 ejus
2473 3320 2697 3379 Graecus
2721 3334 2886 3391 esset,
2922 3337 3069 3383 metu
3106 3329 3328 3387 Jud.ro-

1756 3423 1876 3462 rum
1908 3410 2267 3466 circumcisus
2336 3421 2441 3466 est.
2478 3432 2496 3465 ι
2531 3414 2596 3466 Ει
2625 3425 2798 3469 matre
2824 3424 2935 3472 tua.
2971 3437 2988 3469 ›
3058 3421 3321 3491 Majoruu

1753 3502 2028 3568 encontia,
2057 3504 2274 3572 quando
2307 3512 2362 3558 et
2392 3520 2494 3561 nos
2526 3505 2744 3562 illorum
2780 3526 2974 3567 sumus
2997 3516 3322 3584 participes.

1755 3591 1822 3645 ad
1852 3594 2083 3663 gloriam
2121 3595 2282 3650 nobis
2319 3601 2683 3664 proveniunt:
2709 3600 2754 3654 si
2789 3617 2916 3656 vero
2952 3606 3019 3660 ab
3054 3607 3133 3660 eis
3163 3608 3323 3661 alieni

1755 3701 1970 3744 sumus.
2001 3689 2173 3756 magis
2203 3704 2301 3743 nos
2329 3692 2701 3748 condemnant
2739 3713 2751 3746 :
2791 3694 2879 3751 hic
2919 3705 3108 3752 autem
3153 3704 3326 3769 parti-

1753 3785 1883 3842 ceps
1932 3781 2069 3826 erat.
2131 3793 2150 3827 ι
2187 3779 2385 3834 Certus
2429 3788 2609 3834 autem
2655 3797 2816 3848 sum,
2859 3786 3004 3855 quod
3054 3789 3219 3842 etiam
3273 3792 3328 3845 in

1757 3875 1827 3920 te.
1870 3885 1887 3916 ι
1947 3868 2138 3924 Merito
2200 3872 2364 3941 igitur
2417 3872 2558 3928 bane
2608 3875 2776 3931 habes
2824 3894 2933 3933 non
2988 3883 3322 3947 simulatum,

1756 3969 1944 4030 utpote
1966 3976 2200 4032 superne
2227 3963 2532 4034 fundatam,
2564 3976 2616 4021 et
2651 3986 2774 4037 quae
2811 3976 3032 4028 concuti
3053 3990 3162 4029 non
3196 3993 3324 4046 pos-

1755 4054 1845 4107 sit.
1888 4071 1905 4104 t
1968 4055 2139 4119 Quam
2193 4057 2264 4111 ob
2316 4072 2562 4113 causam.
2614 4060 2927 4127 iQuoniam
2987 4066 3100 4121 haec
3159 4071 3211 4122 in
3277 4083 3327 4125 te

1754 4158 1877 4198 esse
1903 4148 2048 4201 novi.
2093 4165 2111 4198 ι
2154 4148 2219 4204 Ut
2246 4151 2480 4206 suscites
2532 4151 2738 4207 donum
2799 4156 2912 4209 Dei.
2954 4177 2974 4209 ι
3028 4158 3328 4228 Spiritualc

1757 4247 2042 4307 receperat
2095 4239 2323 4306 donum,
2347 4253 2401 4297 et
2441 4244 2636 4299 suadet
2697 4253 2753 4300 ut
2782 4248 2911 4302 illud
2946 4251 3114 4305 animi
3146 4269 3329 4321 pregn-

1757 4329 2047 4398 ptitudine.
2080 4334 2379 4388 attentione
2414 4345 2468 4389 et
2495 4337 2777 4405 vigilantia
2811 4341 3008 4396 eﬂiciat
3036 4346 3330 4400 vehemen-

1759 4422 1868 4475 tius
1890 4432 1944 4476 et
1983 4422 2274 4479 cﬂicacius.
2308 4425 2441 4480 Nam
2476 4427 2672 4482 hormn
2707 4438 2986 4486 contraria
3012 4436 3328 4507 languidum

1757 4514 1890 4567 illud
1919 4513 2634 4586 redduntquemadmodum
2700 4522 2828 4576 alibi
2860 4525 2992 4580 dicit
3030 4546 3042 4581 :
3106 4548 3122 4580 ι
3159 4533 3330 4598 Spiri-

102 4600 368 4658 σϐέννυτε.»
389 4637 466 4647 —
492 4625 511 4657 ι
543 4608 644 4658 Διὰ
671 4608 765 4676 τῆς
788 4610 1081 4672 ἐπιθέσεως
1115 4613 1221 4665 τῶν
1244 4615 1442 4686 χειρῶν
1474 4634 1596 4686 μου.
1627 4639 1643 4670 ›
1686 4619 1725 4672 D

1687 4619 1725 4672 ι)
1759 4613 1869 4658 tum
1898 4620 1965 4659 ne
2023 4608 2447 4675 exstinguatis'.
2488 4628 2506 4660 ι
2563 4640 2634 4651 -
2682 4631 2699 4664 ι
2765 4612 2869 4667 Per
2923 4617 3323 4686 itnpositioncm

102 4689 217 4757 ’Ᾱμα
236 4696 340 4766 γαρ
364 4695 528 4765 αὐτῷ
555 4700 742 4765 χεῖρας
772 4699 800 4749 ὁ
828 4699 1034 4762 Παῦλος
1059 4703 1292 4773 ἐπέθηκε
1325 4709 1647 4776 χειροτονῶν

100 4783 379 4849 ἐπίσκοπον,
424 4790 530 4839 καὶ
573 4789 820 4858 χάρισμα
844 4791 1076 4859 ὲπῆλυεν
1117 4795 1202 4846 ἐπ’
1237 4796 1405 4866 αὐτῷ,
1437 4800 1516 4862 είς
1550 4817 1648 4870 ση-

103 4874 233 4936 μείων
264 4879 514 4949 ποίησιν,
554 4881 637 4939 εἰς
663 4878 1029 4948 διδασκαλίαν,
1064 4885 1143 4945 είς
1182 4891 1520 4954 προστασίαν
1551 4892 1649 4961 τῆς

108 4966 418 5040 Ἐκκλησίας.

146 5152 211 5202 Οὐ
247 5153 356 5220 τὰρ
412 5151 658 5204 ἔδωκεν
689 5149 834 5217 ἡμῖν
873 5155 904 5205 ό
952 5153 1097 5219 Θεὸς
1146 5154 1343 5223 «sima
1397 5155 1647 5221 δειλίας,

101 5235 221 5290 ἀι.ιά
241 5239 590 5308 δυνάμεως,
638 5239 731 5290 καὶ
766 5239 1022 5306 dmum,
1059 5242 1155 5292 καὶ
1197 5245 1644 5312 σωφρονισμοῦ.

101 5329 170 5395 Μὴ
201 5328 304 5385 οὖν
343 5331 779 5398 ἐπαισχυνθῇς
817 5333 876 5384 τὸ
903 5334 1233 5400 μαρτύριον
1271 5335 1375 5388 τοῦ
1423 5337 1646 5402 Κυρίου

100 5420 247 5485 ἡμῶν,
283 5425 440 5492 μηδέ
480 5421 603 5492 ἐμὲ
643 5424 748 5474 τὸν
774 5423 1024 5493 δέσμιον
1059 5426 1264 5479 αὑτοῦ.
1299 5428 1472 5480 Ἀλλὰ
1504 5445 1652 5497 συγ·

103 5517 496 5587 κακοπάθησον
540 5512 631 5578 τῷ
663 5517 1020 5583 Εὑαγγελίῳ,
1055 5519 1201 5572 κατὰ
1224 5519 1481 5588 δύναμιν
1502 5521 1651 5574 Θεοῦ

105 5607 177 5656 rei.
193 5610 500 5674 σώσω-τος
526 5605 717 5676 ἡμᾶς,
737 5610 832 5660 καὶ
857 5612 1230 5675 καλέσαντος
1254 5612 1465 5679 κλήσει
1489 5612 1651 5679 ἁγίᾳ,

161 5798 208 5846 ¹1
250 5798 424 5847 Ini-ss.
463 5810 522 5856 ν,
563 5790 652 5844 19-

385 5893 678 5951 Ρληιοι..
731 5890 836 5944 [ἴε.
882 5885 1109 5946 CXIX.

1756 4709 2014 4747 manuum
2079 4711 2345 4750 mearum.
2390 4717 2407 4749 ι
2462 4698 2635 4753 Simul
2688 4703 2832 4756 enim
2895 4715 2953 4758 ut
3013 4707 3212 4765 Paulus
3251 4712 3326 4763 illi

1759 4804 1955 4844 manus
2009 4792 2269 4860 imposuit
2316 4791 2579 4850 ordinans
2627 4797 2806 4864 ipsum
2842 4800 3180 4870 episcopum,
3227 4805 3326 4858 do-

1760 4895 1889 4932 num
1949 4895 2170 4950 quoque.
2254 4882 2308 4935 in
2361 4898 2484 4936 eum
2551 4888 2868 4954 supervenit
2927 4887 2993 4942 ad
3046 4890 3326 4958 signoruni

1759 4973 2171 5039 operationem,
2221 4975 2288 5028 ad
2339 4974 2648 5030 doctrinatn
2697 4986 2751 5032 et
2813 4979 2880 5033 ad
2926 4982 3327 5050 prmsidendum

1758 5061 2032 5118 Ecclesiae.

1831 5154 1874 5214 l,
1906 5152 2030 5206 7-9.
2070 5150 2192 5207 Non
2226 5155 2365 5206 enim
2387 5153 2530 5206 dedit
2561 5155 2713 5209 nobis
2747 5157 2888 5210 Deus
2919 5160 3159 5226 spiritum
3187 5162 3330 5213 tinti-

1759 5246 1969 5310 ditatis,
2007 5245 2098 5298 sed
2127 5247 2371 5314 potentia:
2407 5263 2467 5299 ac
2532 5247 2835 5304 dilectionis
2892 5261 2940 5303 et
3000 5252 3324 5307 sobrietatis.

1760 5336 1842 5390 Ne
1874 5338 2038 5407 igitur
2068 5348 2113 5391 te
2144 5341 2336 5406 pudeat
2365 5342 2654 5393 testimonii
2694 5341 2858 5411 258
2898 5342 3112 5396 Domini
3161 5346 3326 5396 nastri

1761 5446 1922 5498 neque
1951 5433 2051 5485 mei
2072 5434 2162 5499 qui
2205 5449 2320 5484 sum
2352 5433 2556 5486 vinctus
2587 5434 2730 5487 illius
2763 5451 2778 5487 :
2804 5434 2895 5487 sed
2928 5437 3188 5504 particeps
3217 5447 3327 5489 esto

1762 5521 2103 5590 aﬂiictionnm
2134 5522 2408 5593 Evangelii
2431 5524 2594 5593 juxta
2618 5528 2904 5592 potentiam
2936 5526 3052 5594 Dei,
3094 5526 3183 5596 qui
3217 5527 3328 5580 sal-

1766 5629 1851 5664 vus
1887 5613 2009 5680 fecit
2071 5631 2163 5667 nos
2191 5626 2237 5666 et
2270 5618 2469 5668 rocarit
2502 5618 2771 5671 vocatione
2816 5627 3021 5681 saneta,
3081 5634 3183 5670 non
3246 5632 3327 5668 sc-
