4144 6456
740 404 800 463 ει
824 404 835 462 1
1799 407 2192 466 (ECUMENll
2229 407 2517 466 TRICCi
2554 407 2891 468 EPISCOPI
3874 408 3981 468 212

813 517 1000 587 l'apel
1043 524 1242 585 quanta
1304 516 1544 587 dignitas
1601 519 1829 573 militem
1871 536 1991 576 esse
2050 520 2248 574 Cbristi
2286 521 2302 572 ι
2336 533 2380 587 Α

2340 533 2380 587 Α
2481 522 2677 584 Βαὸαὶ,
2733 523 2855 575 ὅσον
2912 522 2972 573 τὸ
3011 521 3250 590 ἀξίωμα,
3296 522 3628 594 στρατιώτην
3671 519 3808 577 εἶναι
3841 525 3976 594 Χρι-

745 607 976 678 Signum
1014 618 1194 661 autem
1225 608 1510 662 militisest
1539 609 1680 664 ferre
1698 611 1947 667 adversa.
1983 632 2001 663 i
2024 611 2195 666 Nemo
2210 611 2302 682 qui

2410 613 2534 666 στοῦ
2562 632 2575 679 ;
2611 615 2814 682 Δεῖγμα
2835 613 2901 665 δὲ
2930 614 3260 682 στρατιώτου
3285 614 3344 666 τὸ
3368 615 3718 669 κακοπαθεῖν.
3790 636 3808 668 ι
3876 619 3978 670 0-3-

745 702 960 754 militat.
997 719 1015 751 ι
1051 698 1240 756 Militis
1276 699 1408 756 fecit
1449 702 1805 766 mentionem,
1845 705 2141 758 ostendens
2159 705 2301 773 quod

2407 705 2515 766 δεὶς
2566 705 3009 774 στρατευόμενος.
3079 724 3096 756 ι
3159 705 3499 774 Στρατιὼτου
3554 707 3819 776 ἐμνήσθη,
3864 709 3974 760 δει-

745 799 1055 858 promptum
1089 800 1142 844 et
1194 793 1456 846 audacem
1506 809 1627 848 esse
1653 793 2133 862 oporteatCln-isti
2197 810 2302 849 ser-

2407 797 2536 857 κνῦς
2565 797 2637 855 ῶς
2679 795 2955 865 πρὲθυμον
2981 796 3077 847 καὶ
3110 796 3404 864 τολμητὶαν
3434 794 3572 850 εἶναι
3603 798 3684 851 δεῖ
3713 799 3804 850 τὸν
3833 801 3971 867 Χρι-

743 898 922 936 rum:
981 884 1194 936 athletae
1235 899 1362 938 vero
1427 886 1637 947 dicens,
1682 885 1808 937 Ἐὰν
1886 885 1944 938 δὲ
2015 887 2108 938 καὶ
2167 887 2301 955 ἀθλῇ

2412 887 2538 938 στοῦ
2580 886 2764 938 δοῦλον
2793 902 2805 914 ’
2833 885 3066 953 ἀθλητοῦ
3129 886 3208 947 δὲ.
3252 887 3462 950 δεικνὺς
3542 889 3622 940 ὅτι
3690 889 3976 957 ἀσκήσεως

740 992 842 1039 τις,
876 975 924 1029 id
953 985 1052 1036 est,
1080 976 1232 1040 Quod
1258 977 1300 1030 si
1335 986 1504 1030 certet
1534 977 1695 1031 etiam
1729 978 1950 1046 aliquis,
1973 991 2029 1031 ut
2051 979 2305 1033 ostendat

2406 976 2552 1043 αὖτῷ
2581 979 2737 1045 χρεία
2771 976 3071 1046 διηνεκοῦς.
3109 978 3169 1029 Ei
3197 973 3312 1038 οῦν,
3351 980 3535 1048 φησὶν,
3569 981 3597 1031 6
3629 981 3704 1048 τῷ
3745 981 3973 1047 ὲπιγεέῳ

745 1066 890 1132 quod
916 1081 1036 1118 esse
1053 1065 1248 1120 debeat
1276 1068 1327 1120 in
1349 1075 1606 1120 continuo
1623 1068 1829 1123 labore.
1852 1068 1907 1122 Si
1933 1085 2082 1138 ergo,
2103 1069 2299 1138 inquit,

2409 1066 2618 1136 βασιλεῖ
2641 1069 3089 1136 στρατευόμενος,
3150 1068 3246 1119 οὐκ
3291 1068 3622 1134 ἐμπλέκεται
3683 1068 3973 1135 πράγμασι

741 1160 789 1209 is
830 1158 920 1225 qui
959 1167 1180 1211 terreno
1231 1161 1339 1228 regi
1389 1161 1606 1223 militat,
1646 1176 1750 1214 non
1799 1161 2113 1229 implicatur
2141 1162 2304 1216 rebus

2405 1162 2517 1221 τοῖς
2567 1159 2893 1222 ἀφέλκουσιν
2922 1159 3084 1210 αὐτὸν
3116 1157 3222 1209 τῶν
3253 1158 3452 1220 ὅπλων,
3487 1159 3636 1224 πόσῳ
3697 1159 3900 1227 μᾶλλον
3946 1162 3973 1210 6

739 1265 859 1314 qu'e
880 1249 1211 1303 abstrahunt
1238 1265 1359 1302 eum
1395 1253 1462 1304 ab
1496 1253 1685 1313 armis,
1742 1261 1948 1319 quanto
1991 1253 2161 1319 magis
2210 1251 2300 1318 qui

2407 1248 2482 1315 τῷ
2509 1248 2742 1316 οὐρανίῳ
2779 1248 2985 1316 βασιλεῖ
3019 1248 3208 1301 ἑαυτὸν
3263 1248 3480 1310 ἀναθεὶς
3541 1249 3635 1300 καὶ
3681 1249 3971 1316 στρατολο-

741 1340 951 1395 caelesti
980 1341 1092 1409 regi
1136 1355 1260 1394 sese
1291 1341 1581 1407 dedicavit,
1609 1343 1841 1410 ejusque
1878 1341 2087 1395 militiae
2141 1341 2302 1396 addi-

2406 1341 2600 1407 γήσας.
2660 1357 2678 1389 ‹
2715 1339 2843 1390 Ἐὰν
2876 1339 2950 1408 μὴ
2981 1339 3222 1406 νομίμως
3249 1339 3475 1409 ἀθλήσῃ.
3510 1357 3527 1388 ι
3565 1339 3638 1391 Οὐ
3668 1339 3774 1408 γὰρ
3809 1340 3974 1408 ἀρκεῖ

740 1434 840 1486 xit.
897 1453 916 1484 i
951 1433 1064 1487 Nisi
1094 1433 1336 1499 legitime
1396 1435 1754 1488 certaverit.»
1805 1432 1922 1487 Non
1967 1434 2111 1487 enim
2170 1436 2303 1489 satis

2409 1431 2590 1498 μόνον,
2632 1431 2786 1501 φησὶ,
2818 1431 2878 1482 τὸ
2915 1429 3235 1498 ἀλείψασθαι
3291 1431 3324 1498 ἢ
3378 1431 3455 1492 εἰς
3513 1430 3737 1498 σκάμμα
3794 1427 3970 1481 εἰσελ-

738 1534 819 1576 est
865 1533 1075 1577 tantum
1105 1525 1318 1594 inungi,
1358 1525 1554 1593 inquit,
1585 1533 1680 1578 aut
1739 1526 1919 1578 locum
1985 1526 2303 1580 certaminis

2406 1529 2538 1591 θεῖν,
2569 1527 2602 1596 ἢ
2633 1526 3018 1596 συμπλακῆναι
3061 1524 3137 1595 τῷ
3201 1526 3500 1593 ἀντιπάλῳ,
3553 1524 3686 1576 ἀλλὰ
3727 1524 3810 1576 δεῖ
3874 1524 3975 1576 καὶ

741 1617 970 1684 ingredi.
992 1626 1083 1669 aut
1108 1633 1230 1670 cum
1265 1620 1425 1672 hoste
1455 1634 1747 1672 conserere
1775 1633 1990 1680 manus,
2024 1617 2118 1672 sed
2139 1633 2304 1686 opor-

2407 1618 2836 1686 ὲγκρατεύεσοαι
2923 1618 3016 1669 καὶ
3096 1616 3340 1684 νικῆσαι.
3403 1611 3570 1676 Οὗτος
3642 1617 3749 1685 γὰρ
3804 1616 3972 1682 νόμος

739 1715 816 1760 tet
847 1707 1010 1759 etiam
1043 1708 1286 1762 tolerare
1312 1724 1375 1761 ac
1403 1709 1621 1762 vincere
1652 1727 1665 1759 :
1728 1707 1844 1762 hac
1885 1709 2031 1762 enim
2091 1720 2171 1762 est
2221 1709 2303 1760 lex

2405 1712 2702 1778 ἀθλήσεως.
2763 1728 2781 1760 i
2844 1708 2947 1762 Τὸν
3009 1709 3283 1762 κοπιῶντα
3337 1708 3600 1779 γεωργόν.
3669 1727 3686 1758 ι
3747 1707 3822 1759 Οὐ
3879 1707 3973 1758 τὸν

738 1799 1080 1852 i-ertaminis.
1127 1817 1144 1848 i
1175 1799 1536 1852 Laborantem
1575 1799 1890 1868 agricolam.
1931 1818 1950 1850 ι
1981 1798 2096 1852 Νοη
2131 1799 2302 1867 negli-
2338 1859 2374 1872 _

2338 1859 2377 1872 λ
2406 1803 2602 1872 ἀμελῆ,
2637 1801 2769 1854 ἀλλά
2794 1802 2884 1853 τὸν
2929 1801 3223 1853 κοπιῶντα.
3274 1800 3384 1852 Καὶ
3429 1799 3538 1868 γὰρ
3579 1799 3673 1850 καὶ
3721 1797 3973 1849 διδασκα-

738 1898 952 1955 gentem
995 1909 1008 1942 τ
1042 1891 1136 1943 sed
1172 1906 1292 1943 eum
1336 1893 1427 1958 qui
1483 1890 1714 1944 laborat.
1754 1891 1966 1944 Etenim
1997 1899 2300 1960 praceptor
2337 1859 2374 1912 Β

2337 1859 2378 1912 Β
2405 1859 2492 1954 λος
2521 1893 2549 1945 6
2571 1859 2788 1944 ’κοπιῶν
2815 1891 2940 1961 περὶ
2957 1891 3080 1949 τοὺς
3110 1889 3374 1960 μαθητὰς,
3410 1859 3641 1957 ἀμοιϐὰς
3676 1887 3784 1950 ἕξει
3815 1886 3968 1954 παρά

738 1997 953 2050 quoque
974 1982 1064 2050 qui
1112 1982 1325 2035 laborat
1350 1983 1496 2035 circa
1529 1982 1849 2051 discipulos,
1889 1982 2108 2050 praemia
2139 1997 2168 2035 a
2192 1980 2300 2036 Deo

2403 1982 2536 2035 Θεοῦ
2597 1982 2737 2050 ὑπὲρ
2785 1981 2886 2048 τῆς
2935 1980 3042 2033 τῶν
3106 1978 3358 2049 μαθητῶν
3406 1977 3784 2044 ὠφελείας.-
3819 1994 3840 2025 i
3872 1977 3966 2026 Δεῖ

741 2074 961 2127 habebit
1010 2090 1109 2142 pro
1159 2077 1394 2129 utilitate
1421 2085 1473 2128 et
1531 2076 1822 2129 commodo
1876 2074 2296 2143 discipulorum.

2403 2071 2617 2140 πρῶτον
2649 2071 2756 2122 τῶν
2795 2071 3023 2140 καρπῶν
3080 2067 3537 2139 μεταλαμόἀνειν.
3582 2085 3601 2117 ι
3675 2065 3969 2137 [ΓΡΗΓΟ-

741 2183 760 2213 i
794 2162 1026 2232 Oportet
1053 2167 1287 2233 primunt
1320 2166 1389 2220 de
1417 2165 1686 2220 fructibus
1714 2166 2037 2236 participem
2119 2180 2292 2220 esse.»

2401 2164 2562 2215 ΡΙΟΥ
2596 2161 2910 2232 ΝΥΣΣΠΣ.]
2969 2162 3057 2222 Ὠς
3097 2159 3204 2212 τῶν
3246 2159 3579 2213 διδασκάλων
3638 2158 3854 2226 πρῶτον
3911 2159 3970 2208 ἐν

735 2253 890 2316 ρινιά
919 2264 1283 2325 praeceptores
1314 2257 1366 2309 in
1395 2258 1592 2324 seipsis
1627 2260 1860 2325 primum
1887 2257 2028 2310 bona
2059 2273 2296 2326 operen-

2400 2255 2611 2316 ἑαυτοῖς
2641 2253 3044 2322 κατορθούντων
3072 2253 3216 2322 ἆπερ
3263 2249 3596 2306 διδάσκουσι.
3633 2249 3802 2303 Τοῦτο
3853 2250 3967 2317 γάρ

733 2357 824 2399 tur
859 2361 977 2413 quae
1009 2349 1224 2399 docent.
1262 2346 1424 2416 264
1453 2345 1585 2398 Nam
1611 2349 1712 2400 hoc
1739 2355 1844 2410 est,
1873 2348 2104 2417 primum
2137 2362 2298 2416 opor-

2400 2345 2538 2407 ὲστι,
2583 2346 2642 2397 τὸ
2684 2344 2792 2396 δεῖν
2819 2344 3035 2413 πρῶτον
3072 2342 3178 2394 τῶν
3204 2342 3432 2411 καρπῶν
3500 2340 3967 2410 μεταλαμϐάνειν,

734 2449 846 2490 tere
884 2436 1160 2490 fructuum
1191 2439 1482 2506 participes
1513 2455 1654 2502 esse,
1684 2455 1820 2506 quos
1861 2440 1963 2493 sibi
2001 2439 2135 2505 ipsis
2181 2441 2288 2504 pri-

2400 2428 2474 2486 ὧν
2507 2434 2610 2502 πρὸ
2645 2433 2751 2485 τῶν
2779 2434 2953 2485 ἄλλων
2985 2435 3196 2494 ἑαυτοῖς
3240 2432 3327 2484 διὰ
3371 2431 3478 2483 τῶν
3529 2432 3733 2500 ἀρετῶν
3782 2447 3969 2496 γεωρ-

735 2542 881 2579 mum
910 2536 1033 2580 ante
1057 2527 1194 2580 alios
1227 2543 1322 2595 per
1352 2531 1474 2580 virti
1503 2538 1581 2580 tes
1617 2529 1824 2580 colunt.
1859 2526 2048 2580 Militis
2077 2528 2292 2593 quidem

2398 2527 2604 2594 γοῦσιν.
2669 2525 2740 2579 Τὸ
2773 2527 2870 2594 μὲν
2895 2525 2990 2578 τοῦ
3021 2527 3349 2594 στρατιώτου
3392 2525 3480 2576 καὶ
3531 2523 3761 2591 ἀθλητοῦ
3791 2522 3971 2590 παρά-

743 2628 798 2671 et
835 2619 1050 2671 athleta:
1084 2620 1390 2684 exemplum
1450 2621 1613 2672 etiam
1671 2619 1955 2687 discipulis
1997 2618 2229 2687 quadrat
2277 2634 2290 2671 :

2397 2619 2618 2686 ὃειγμα.
2684 2619 2778 2670 καὶ
2832 2617 3101 2686 μαθηταῖς
3165 2617 3415 2686 ἁρμόζει,
3480 2615 3540 2667 τὸ
3577 2614 3632 2666 δὲ
3687 2613 3964 2681 γεωργοῦ,

733 2709 985 2776 agricolae
1010 2723 1160 2770 vero,
1196 2708 1326 2760 solis
1345 2707 1793 2777 praeceptoribus.
1826 2706 2291 2771 Quemadmodum

2396 2707 2732 2770 διδασκάλοις
2764 2708 2963 2776 μόνοις.
3000 2708 3206 2777 Ὥσπερ
3238 2707 3364 2776 γὰρ,
3399 2706 3582 2772 φησὶν,
3635 2705 3661 2755 6
3718 2703 3968 2770 γεωργὸς

732 2801 896 2863 enim,
943 2801 1140 2870 inquit,
1185 2801 1447 2870 agricola,
1481 2808 1640 2854 terra:
1670 2814 1731 2852 ac
1771 2798 2043 2852 fructuum
2101 2814 2290 2852 curam

2396 2800 2496 2868 τῆς
2529 2801 2632 2869 γῆς
2685 2804 2778 2855 καὶ
2806 2801 2913 2852 τῶν
2943 2801 3171 2870 καρπῶν
3219 2802 3451 2852 ποιεῖται
3513 2795 3786 2867 ςροντίδα,
3817 2795 3967 2847 οῦτω

735 2893 922 2955 habet,
959 2893 1031 2945 ita
1062 2901 1115 2946 et
1145 2901 1199 2945 tu
1232 2892 1627 2962 discipulorum
1661 2905 1724 2944 ac
1781 2889 2203 2958 praedicationis.
2231 2887 2292 2940 Et

2400 2895 2494 2945 καὶ
2530 2896 2593 2946 σὺ
2653 2893 2761 2944 τῶν
2803 2893 3060 2962 μαθητῶν
3113 2893 3206 2944 καὶ
3269 2891 3365 2943 τοῦ
3428 2890 3802 2958 κηρύγματος.
3853 2886 3967 2939 Καὶ

730 2983 855 3037 vide
882 2982 1155 3052 quomodo
1191 2983 1538 3051 respondeat.
1577 2979 1908 3045 Prmeeptor,
1951 2978 2149 3046 inquit,
2179 2978 2291 3046 pri-

2396 2986 2495 3054 ὅρα
2512 2986 2608 3055 τὴν
2637 2985 2921 3036 ἀντίδοσιν.
2938 2985 3047 3051 Τῆς
3069 2983 3354 3050 ὡςρελείας,
3381 2981 3532 3048 φησὶ,
3558 2980 3664 3031 τῶν
3681 2977 3964 3046 μαθητῶν,

732 3091 855 3128 mus
887 3075 1120 3128 utilitate
1197 3074 1620 3141 discipulorum.
1661 3070 1859 3124 fruitur
1907 3069 2048 3139 apud
2098 3069 2288 3132 Deum,

2396 3077 2613 3146 πρῶτος
2665 3078 2692 3127 ὁ
2725 3075 3040 3137 διδάσκαλος
3067 3074 3324 3125 ἀπολαύει
3384 3071 3532 3141 παρὰ
3570 3071 3710 3139 Θεῷ,
3769 3069 3964 3138 ὥσπερ

731 3165 1192 3234 quemadmodum
1223 3165 1460 3232 agricola
1493 3164 1787 3217 fructibus.
2318 3189 2361 3247 ο

1493 3164 1787 3217 fructibus.
2318 3189 2361 3247 ς
2395 3168 2502 3221 τῶν
2539 3167 2766 3236 καρπῶν
2801 3169 2829 3218 6
2855 3167 3116 3233 γεωργός.

802 3259 867 3321 ll,
901 3258 1054 3311 7-10.
1115 3256 1414 3312 Considera
1447 3273 1562 3324 qua:
1601 3256 1740 3308 dico.
1777 3255 1876 3306 Det
1898 3253 2040 3307 enim
2071 3252 2165 3304 tibi
2189 3251 2266 3303 Do

2465 3263 2601 3313 Νόει
2649 3259 2688 3311 d
2728 3259 2904 3326 λέγω.
2941 3256 3062 3322 Δῴη
3095 3256 3205 3325 γάρ
3237 3271 3335 3309 σοι
3371 3258 3402 3308 d
3438 3255 3654 3321 Κύριος
3691 3253 3962 3306 σύνεσιν

729 3353 902 3403 minus
951 3353 1002 3402 in
1067 3349 1309 3401 omnibus
1365 3348 1714 3400 intellectum.
1795 3344 2056 3398 Memento
2106 3342 2290 3395 Jesum

2393 3356 2461 3408 ἐν·
2475 3354 2645 3408 πᾶσι.
2660 3353 3011 3421 Μνημόνευε
3039 3351 3271 3417 Ἰησοῦν
3293 3348 3547 3406 Χοιστὸν
3565 3344 3965 3414 ἐγηγερμένον

729 3437 996 3494 Christum
1031 3437 1382 3490 resurrexisse
1413 3451 1476 3488 ea:
1507 3435 1731 3487 mortuis
1765 3448 1830 3487 ea:
1874 3433 2073 3486 semine
2115 3429 2289 3482 David

2393 3448 2459 3501 ἐκ
2480 3446 2706 3514 νεκρῶν
2735 3447 2800 3498 ἐκ
2832 3443 3168 3510 σπέρματος
3190 3442 3369 3495 Δαιοὶδ
3425 3439 3572 3493 κατὰ
3596 3441 3659 3490 τὸ
3698 3437 3965 3502 Eua-n.6-

728 3528 1012 3582 secundum
1049 3527 1388 3596 Evangelium
1421 3542 1610 3590 meum,
1663 3525 1715 3577 in
1751 3540 1850 3593 quo
1880 3523 2034 3575 malis
2093 3520 2294 3590 afﬂigar

2393 3541 2529 3592 λιόν
2558 3556 2698 3605 μου,
2719 3538 2788 3588 ἐν
2817 3529 2863 3600 ᾧ
2887 3535 3203 3588 κακοπαθῶ
3229 3533 3401 3601 μέχρι
3433 3528 3669 3597 δεσμῶν
3719 3529 3798 3592 ὠς
3857 3545 3963 3578 κα-

729 3622 881 3684 ῃιιαεὶ
905 3620 1238 3688 [αεὶηονοειη
1263 3635 1424 3686 usque
1450 3617 1518 3670 ad
1532 3619 1760 3677 vincula,
1790 3625 1844 3667 at
1875 3631 2045 3668 sermo
2079 3613 2170 3666 Dei
2189 3629 2292 3665 non

2394 3630 2665 3698 κοῦργος,
2699 3630 2832 3682 ἀλλ’
2863 3631 2895 3681 ὀ
2926 3629 3107 3694 λόγος
3129 3626 3234 3679 τοῦ
3273 3623 3417 3678 Θεοῦ
3442 3625 3511 3676 οὺ
3564 3621 3809 3674 δέδεται.
3856 3620 3962 3671 Διὰ

727 3721 804 3763 est
845 3712 1062 3762 cinctus.
1102 3708 1387 3777 Propterea
1413 3709 1590 3761 omnia
1618 3707 1813 3774 διιπενο
1840 3716 2052 3773 propter
2077 3705 2289 3766 electos,

2392 3725 2565 3776 τοῦτο
2603 3723 2796 3774 πάντα
2826 3721 3099 3788 ὑπομένω
3128 3720 3225 3773 διὰ
3251 3719 3393 3782 τοὺς
3453 3715 3800 3777 ἐκλεκτοὺς,
3855 3714 3961 3764 ἳνα

730 3812 786 3855 ut
821 3813 870 3855 et
903 3802 1003 3869 ipsi
1030 3801 1253 3854 salutem
1270 3809 1676 3868 consequantur,
1703 3815 1819 3868 qua:
1846 3808 1921 3851 est
1950 3795 2146 3850 inlecti
2175 3811 2291 3848 cum

2394 3815 2489 3866 καὶ
2525 3814 2695 3866 αὐτοὶ
2723 3814 3019 3878 σωτηρίας
3048 3812 3294 3877 τύχωσι,
3323 3808 3431 3876 τῆς
3469 3807 3538 3859 ἐν
3575 3803 3804 3872 Χριστῷ
3846 3805 3967 3869 Ἰη-

723 3892 893 3960 gloria
910 3902 1124 3944 αέενηα-
2393 3904 2509 3957 σοῦ
2529 3903 2679 3972 μετὰ
2707 3903 2890 3967 δόξης
2921 3903 3184 3954 αἰωνίου.

798 3984 1068 4048 Quoniam
1102 3984 1285 4036 omnia
1322 3981 1535 4037 dixerat
1560 3984 1612 4035 in
1645 3981 1918 4051 parabolis
1937 3997 2058 4050 qua
2084 3981 2150 4034 de
2177 3980 2282 4033 mi-

2476 3996 2687 4064 Ἐπειδὴ
2723 3995 2897 4046 πάντα
2926 3996 2980 4044 ὲν
3018 3991 3348 4058 παραϐολαῖς
3388 3987 3528 4051 εἶπε,
3567 3988 3633 4040 τὰ
3664 3985 3756 4038 τοῦ
3791 4003 3958 4054 στρα-

726 4073 819 4126 lite
848 4081 1024 4132 erant,
1062 4072 1129 4124 de.
1153 4073 1350 4123 athleta
1380 4081 1433 4124 et
1489 4072 1556 4125 de
1610 4071 1870 4140 agricola,
1922 4073 1998 4122 ait
2050 4086 2195 4124 nunc
2268 4083 2282 4124 :

2390 4085 2603 4143 τιὼτου.
2648 4085 2713 4136 τὰ
2742 4084 2831 4135 τοῦ
2879 4081 3137 4150 ἀθλητοῦ,
3201 4081 3268 4132 τὰ
3331 4078 3424 4130 τοῦ
3479 4077 3748 4146 γεωργοῦ,
3781 4076 3916 4142 φησί
3943 4092 3959 4105 ·

731 4183 750 4212 i
791 4163 1088 4216 Considera
1109 4177 1228 4229 qua:
1246 4163 1368 4215 dico
1393 4179 1405 4215 :
1437 4181 1453 4212 ι
1482 4162 1639 4229 cujus
1663 4177 1830 4214 eausa
1850 4162 2027 4213 dicam
2053 4178 2064 4214 :
2089 4161 2146 4214 In
2173 4177 2290 4214 om-

2398 4194 2415 4225 i
2459 4175 2588 4227 Νόει
2610 4172 2647 4226 ἃ.
2677 4173 2838 4238 λέγω.
2885 4191 2902 4221 ι
2937 4170 3094 4231 Τίνος
3116 4172 3275 4238 χάριν
3307 4169 3454 4232 λέγω
3485 4183 3496 4194 ·
3550 4186 3567 4216 i
3611 4167 3700 4217 Ἐν
3732 4166 3891 4222 πᾶσι,
3937 4182 3955 4213 ι

726 4254 886 4307 nibus
919 4270 932 4306 :
975 4273 994 4304 ι
1036 4253 1103 4306 Ut
1130 4260 1184 4306 et
1217 4253 1492 4320 intelligas
1521 4259 1578 4305 ut
1608 4259 1821 4319 oportet
1878 4260 1930 4304 et
1951 4259 2146 4304 cetera
2203 4251 2287 4303 fa-

2391 4267 2575 4335 φησῖν,
2631 4265 2717 4316 ἵνα
2747 4263 2838 4315 καὶ
2868 4263 3036 4314 ταῦτα
3065 4265 3190 4331 νοῇς
3220 4261 3294 4322 ὡς
3320 4259 3444 4327 χρὴ,
3470 4261 3560 4310 καὶ
3585 4257 3749 4309 τᾶλλα
3783 4261 3965 4322 πρατ-

729 4349 845 4399 cias
864 4354 922 4398 ut
945 4346 1121 4399 decet.
1156 4364 1172 4394 i
1211 4345 1480 4397 Memento
1527 4343 1712 4397 Iesum
1770 4345 2048 4398 Christum
2101 4358 2288 4396 resur-

2389 4372 2484 4427 τῃς
2507 4355 2579 4416 ὡς
2601 4355 2697 4406 δεῖ.
2740 4373 2757 4404 ι
2788 4355 3105 4420 Μνημόνευι
3153 4351 3356 4418 Ἰησοῦν
3381 4348 3611 4424 Χριστὸν
3644 4347 3961 4414 ἐγηγερμέ-

722 4438 954 4491 rexisse.
988 4455 1004 4485 ι
1031 4435 1201 4488 Simul
1225 4437 1386 4487 etiam
1405 4434 1670 4488 adversus
1687 4435 1973 4488 haereticos
1993 4435 2283 4487 firmiorem

2393 4465 2502 4498 vov.
2555 4465 2571 4496 ι
2611 4447 2764 4513 Ἀμα
2825 4445 2916 4496 καὶ
2988 4442 3121 4511 πρὸς
3187 4441 3501 4510 αἱρετικοὺς
3551 4438 3965 4506 ἀσφαλέστερον

721 4531 902 4584 reddit
955 4539 1008 4583 et
1037 4531 1242 4582 excitat
1290 4542 1598 4581 sermonem
1638 4544 1650 4579 :
1703 4526 1997 4580 ostendens
2028 4526 2172 4594 quod
2233 4533 2287 4580 et
2320 4537 2357 4591 ι]

2326 4537 2534 4590 Βποιεῖ
2592 4536 2686 4588 καὶ
2749 4535 3024 4603 διεγείρει,
3088 4532 3300 4593 δεικνὺς
3347 4533 3422 4593 ὡς
3477 4532 3567 4581 καὶ
3618 4531 3646 4580 6
3720 4528 3962 4596 Χριστὴς

719 4621 974 4674 Chrisms
1014 4636 1108 4687 per
1149 4618 1497 4672 alliictionem
1535 4618 1770 4681 venerit,
1821 4628 1873 4671 et
1913 4631 2138 4671 mortem
2191 4633 2286 4685 per

2388 4629 2474 4680 διὰ
2557 4625 2897 4694 παθημάτων
2973 4620 3123 4692 ἦλθε,
3213 4623 3306 4673 καὶ
3368 4621 3456 4671 διὰ
3546 4619 3778 4670 θανάτου
3866 4617 3962 4667 τὺν

721 4719 954 4763 mortem
988 4710 1268 4762 devicerit.
1309 4726 1326 4757 i
1377 4709 1450 4761 Ex
1479 4708 1687 4761 semine
1708 4706 1899 4759 David.
1927 4727 1944 4757 ι
1991 4706 2108 4760 Iam
2136 4707 2281 4760 enim

2388 4721 2614 4772 θανατον
2648 4716 3075 4786 κατηγωνίσατο.
3115 4730 3133 4764 t
3200 4713 3294 4764 Ἐκ
3327 4712 3638 4779 σπέρματος
3696 4709 3883 4760 Δαυίδ.
3933 4726 3951 4758 ι

721 4803 968 4855 nonnulli
1001 4801 1378 4854 luereticorum
1403 4799 1470 4852 ab
1491 4815 1557 4854 eo
1584 4811 1826 4867 tempore
1872 4801 1964 4854 Dei
2015 4801 2284 4868 negabant

2390 4811 2528 4878 Ἤδη
2623 4810 2732 4877 γὰρ
2830 4807 2888 4870 ἐξ
2983 4805 3193 4858 ἐκείνου
3260 4803 3402 4864 τινὲς
3465 4802 3574 4852 τῶν
3659 4799 3959 4868 αἱρετικῶν

720 4895 1201 4960 dispensationem,
1221 4893 1310 4960 qui
1339 4893 1692 4962 ignominiam
1719 4893 2124 4946 arbitrabantur
2140 4892 2284 4960 quod

2385 4902 2481 4971 τὴν
2558 4903 2866 4967 οἱκονομιαν
2937 4895 3200 4965 ἠρνοῦντο
3232 4935 3246 4957 ,
3324 4894 3372 4946 οἶ
3460 4891 3718 4958 αἰσχύνην
3767 4890 3958 4956 ἐνόμι-

722 4987 892 5040 ῐῖιιὶιιε
939 4986 1027 5038 Dei
1062 4995 1359 5053 pateretur,
1394 4992 1447 5037 et
1476 4995 1760 5052 propterea
1793 4984 2047 5038 fortassis
2106 4986 2282 5052 phan-

2387 4993 2497 5056 ζον,
2533 4993 2592 5043 τὸ
2623 4993 2710 5043 τὸν
2751 4990 2874 5041 Υἰὸν
2908 4989 2999 5041 τοῦ
3047 4986 3182 5040 θεοῦ
3224 4985 3434 5038 παθεῖν.
3492 4985 3600 5036 Καὶ
3657 4983 3744 5034 διὰ
3797 4981 3958 5034 τοῦτο

722 5078 914 5130 tastica
957 5075 1307 5134 induxerunt,
1338 5075 1654 5143 ignorantes
1686 5074 1830 5143 quod
1868 5090 2096 5129 summae
2125 5076 2286 5129 henc-

2389 5084 2517 5146 ἴσως
2569 5082 2668 5150 τὴν
2701 5080 2998 5147 φαντασίαν
3040 5077 3276 5144 εἰσῆγον,
3333 5073 3651 5139 ἀγνοοῦντες
3703 5072 3788 5123 ὅτι
3855 5072 3961 5138 τῆς

720 5167 973 5221 γοίοηιὶεη
1005 5183 1064 5217 ac
1104 5167 1365 5220 bonitatis
1413 5183 1524 5220 sua:
1581 5169 1794 5235 signum
1844 5169 1942 5221 hoc
1976 5168 2282 5221 tradiderit.

2385 5174 2560 5242 ἄκρας
2612 5171 2776 5223 αὐτοῦ
2814 5169 3221 5238 φιλανθρωπίας
3267 5165 3361 5217 καὶ
3402 5163 3738 5231 ἀγαθότητος
3799 5162 3962 5214 τοῦτο

725 5277 743 5308 i
788 5258 1098 5311 Set-nudum
1129 5255 1481 5323 Evangelium
1524 5274 1726 5311 meum.
1769 5275 1784 5307 ι
1821 5256 2088 5322 Quoniam
2119 5257 2281 5310 etiam

2390 5266 2620 5333 μάλιστα
2646 5263 2842 5329 δεῖγμα
2867 5262 3190 5328 καθέστηκε.
3233 5277 3252 5309 ι
3307 5258 3462 5309 Κατὰ
3512 5257 3570 5307 τὸ
3617 5254 3962 5320 Εὑαγγέλιὸν

722 5347 1124 5416 pseudapostoli
1169 5346 1516 5408 Evangelinm
1544 5349 1934 5414 prmdicahant,
1987 5347 2081 5402 sed
2117 5349 2278 5411 male,

2389 5373 2509 5423 μιν.
2544 5373 2560 5403 ι
2601 5354 2817 5420 Ἐπειδὴ
2856 5354 2946 5403 καὶ
2977 5353 3025 5402 οι
3073 5348 3494 5417 ψευδαπόστολοι
3540 5346 3968 5413 εὐηγγελίζοντο

720 5452 777 5492 ιιι
809 5456 1008 5496 meum.
1042 5440 1240 5507 inquit,
1276 5439 1627 5507 Evangelittnt
1663 5451 1971 5494 attestatur.
2007 5459 2023 5491 ι
2072 5441 2124 5494 ln
2173 5457 2282 5507 quo

2387 5442 2592 5503 κακῶς.
2627 5443 2700 5503 ὡς
2753 5445 2812 5493 τὸ
2861 5441 2991 5509 ἐμὸν
3028 5443 3310 5509 κήρυγμα,
3374 5439 3558 5504 φησὶν,
3619 5437 3963 5503 ὑπογραιῖρει.

723 5532 882 5582 malis
913 5531 1138 5599 afﬂigar.
1171 5550 1188 5580 ι
1223 5529 1499 5599 Evangelii
1524 5535 1804 5585 veritatem
1839 5532 2100 5585 exhibent
2127 5533 2279 5586 Pauli

2391 5554 2408 5584 i
2445 5535 2531 5585 Ἐν
2629 5533 2946 5584 κακοπαῦῶ.
2979 5551 2996 5580 ι
3026 5532 3097 5582 Τὸ
3123 5530 3319 5598 ἀληθὲς
3336 5527 3426 5579 τοῦ
3452 5526 3786 5591 [εὐαγγελίου
3810 5542 3965 5594 παρ-

721 5621 1059 5676 affliaioncs.
1099 5642 1114 5671 ι
1165 5621 1221 5674 ln
1248 5639 1357 5691 quo
1415 5621 1699 5691 Evangelia
1753 5626 1912 5680 malis
1977 5627 2206 5696 amigor.
2256 5646 2274 5678 ι

2391 5625 2589 5693 ιστησι,
2624 5625 2690 5676 τὰ
2718 5624 2927 5674 Παύλου
2955 5621 3271 5690 παθήματα.
3305 5639 3323 5669 i
3355 5620 3444 5670 Ἐν
3571 5619 3932 5683 Edam-aliqu
3954 5635 3967 5646 ·

720 5714 853 5774 (‘luis
878 5713 1020 5766 enim
1055 5729 1159 5766 non
1191 5728 1312 5766 vera
1361 5715 1680 5782 prmdieans,
1716 5726 1766 5768 et
1797 5715 1864 5771 de
1928 5720 2125 5786 quibus
2168 5735 2273 5772 non

2388 5715 2706 5770 κακοπαθῶ.
2740 5735 2756 5764 ι
2789 5715 2883 5775 Τίς
2929 5714 3034 5781 γὰρ
3071 5712 3144 5780 μὴ
3180 5710 3348 5780 ἀληθῖ·
3379 5711 3666 5776 κηρὶσοων
3710 5710 3808 5760 καὶ
3881 5708 3966 5775 ἐτ’

717 5814 854 5856 "foci
891 5808 1067 5857 lactus
1126 5803 1344 5856 mnuino
1367 5805 1583 5869 certior,
1661 5808 1781 5860 talia
1828 5810 1936 5874 pati
1993 5809 2215 5876 eligeret
2261 5811 2281 5863 ?

2388 5802 2460 5867 οἱς
2500 5807 2571 5874 μὴ
2606 5805 3104 5874 τκπληςτιξόρηταε,
3136 5802 3296 5855 ἕλοιτ’
3432 5800 3650 5852 τοιαῦτα
3678 5801 3913 5868 πάσχεκ.
3948 5821 3960 5866 ;
