4144 6456
725 395 835 456 235

1780 398 2171 456 CECUMENII
2210 399 2499 458 TRICCE
2533 401 2868 463 EPISCOPI

3863 406 3968 468 5-315

732 520 828 567 net
879 518 932 564 et
990 525 1148 564 verax
1194 508 1248 561 in
1302 508 1386 564 bis
1416 524 1537 579 quae
1587 509 1765 578 ipsum
1823 519 2183 575 concernuut,
2238 520 2292 566 et

2419 515 2759 583 ιρνήσασθαι,
2817 519 3085 582 τουτέστι,
3151 519 3460 588 ψεύσασθαι
3491 517 3685 571 ἑαυτὸν
3714 517 3774 570 ού
3805 518 3964 570 δύια-

735 615 955 671 negare,
1006 600 1108 654 hoc
1153 609 1236 654 cst
1270 601 1588 655 mendacem
1625 600 1856 656 reddere
1903 603 2145 670 seipsum
2183 618 2290 657 non

734 701 935 762 potest,
968 701 1025 746 ut
1055 707 1162 746 non
1200 700 1509 762 resurgeret
1537 701 1631 747 aut
1662 693 1808 748 Deus
1837 709 1945 746 non
1972 701 2136 748 esset.
2158 693 2290 748 Cum

732 786 878 837 enim
904 782 972 837 de
1002 784 1184 853 seipso
1217 784 1650 847 annuntiaverit,
1680 801 1785 839 non
1824 792 2005 854 potest
2051 785 2292 854 seipsum

733 874 1049 928 mendacem
1105 873 1350 938 reddere,
1410 890 1517 928 non
1550 876 1873 945 complendo
1899 889 1960 930 ea
2000 891 2118 945 qua:
2164 890 2294 945 pro-

732 965 902 1021 misit.
937 965 1118 1036 Neque
1149 968 1295 1020 enim
1336 967 1379 1020 si
1409 968 1706 1031 credimus,
1735 966 1905 1021 Deum
1959 968 2134 1036 ipsum
2181 965 2295 1020 eili-

733 1059 949 1112 cimns:
989 1072 1162 1126 neque
1201 1059 1245 1113 si
1289 1059 1554 1112 increduli
1583 1074 1797 1122 sumus,
1840 1059 2077 1114 divinam
2117 1058 2186 1112 ab
2232 1072 2298 1112 eo

733 1159 987 1205 naturam
1041 1151 1394 1218 repellimus:
1435 1151 1530 1206 sed
1580 1159 1633 1203 et
1673 1151 2026 1205 credentibus
2057 1149 2215 1204 nobis
2243 1159 2299 1203 et

736 1257 849 1294 non
876 1241 1230 1296 credentibus
1262 1243 1377 1311 ipse
1411 1243 1552 1297 Deus
1589 1251 1693 1296 est.
1727 1241 1835 1295 Nos
1859 1241 2138 1311 igiturqui
2180 1255 2301 1294 cre-

734 1337 937 1396 dimus,
977 1335 1265 1388 utilitatem
1309 1335 1616 1390 referimus.
1653 1335 1810 1400 Quod
1853 1342 2036 1388 autem
2073 1335 2297 1396 dicitur,

751 1421 897 1475 «Non
925 1431 1157 1490 potest,»
1193 1423 1295 1476 hoc
1316 1431 1399 1477 est
1423 1441 1434 1476 :
1468 1421 1585 1477 Non
1615 1432 1698 1478 est
1722 1423 2000 1494 possibile.
2021 1442 2038 1474 ι
2062 1422 2155 1477 Ille
2176 1421 2303 1476 iide-

742 1513 810 1566 lis
849 1522 1051 1568 manet.
1100 1532 1118 1564 ι
1154 1512 1342 1584 Itaque
1373 1524 1597 1584 prepter
1629 1524 1874 1570 nostram
1894 1516 2126 1570 salutem
2147 1527 2306 1583 expe-

738 1605 968 1661 titnobis
1018 1615 1074 1659 ut
1132 1607 1179 1660 ei
1205 1607 1595 1669 assentiamus,
1619 1615 1672 1661 et
1697 1607 1748 1661 in
1775 1607 1952 1676 ipsum
1992 1606 2300 1660 credamus.

735 1693 922 1765 Neque
953 1696 1099 1751 enim
1149 1698 1412 1751 damnum
1449 1698 1618 1752 ullum
1652 1698 1848 1768 recipit
1894 1714 1956 1752 ex
1993 1706 2179 1753 nostra
2213 1711 2302 1750 ne-

737 1789 975 1857 gatione.
1030 1808 1048 1840 ι
1093 1788 1216 1843 Haec
1241 1789 1493 1844 admone.
1532 1811 1549 1841 ι
1588 1791 1668 1845 Ne
1705 1792 1828 1860 quis
1872 1791 2149 1845 existimet
2189 1788 2304 1841 haec

2393 621 2506 668 ται,
2538 608 2595 656 ἐν
2618 606 2692 675 τῷ
2749 609 2822 674 μὴ
2887 608 3185 679 ἑγηγέρθαι
3215 611 3246 678 ἢ
3275 610 3351 680 μὴ
3383 605 3522 661 εἶναι
3555 607 3712 668 Θεὸς.
3755 608 3966 672 Ἐπαγ-

2395 697 2714 766 γειλάμενος
2782 700 2892 768 γὰρ
2940 703 3070 770 περὶ
3125 702 3364 765 ἑαυτοῦ,
3431 702 3492 754 ού
3553 701 3779 754 δύναται
3843 702 3969 752 ἑαυ-

2394 789 2485 840 τὸν
2538 789 2840 858 ψεύσασθαι
2904 792 2997 843 καὶ
3056 793 3131 861 μὴ
3187 791 3477 860 πληρῶσαι
3533 791 3600 843 τὰ
3673 791 3968 858 ἐπηγγελ-

2400 881 2557 950 μένα,
2604 881 2740 935 Οὔτε
2771 883 2874 954 γὰρ
2905 884 3274 948 πιστεύοντες,
3307 882 3440 935 Θεὸν
3471 882 3635 935 αὑτὸν
3665 881 3972 948 ἀποφαίνο-

2399 989 2520 1039 μεν,
2566 971 2688 1024 οὕτε
2743 973 3104 1035 ἀπιστοῦντες
3158 973 3259 1040 τῆς
3290 971 3440 1035 Θείας
3494 970 3832 1039 ἐκϐάλλομεν
3871 969 3974 1036 φύε

2401 1077 2559 1124 σεως,
2597 1060 2733 1112 ἀλλὰ
2764 1062 2854 1113 καὶ
2884 1061 3255 1114 πιστευόντων
3285 1063 3317 1130 ἡ
3328 1060 3443 1129 μῶν
3472 1061 3562 1112 καὶ
3593 1058 3975 1112 ἀπιστούντων

2399 1151 2560 1213 αὐτὸς
2613 1151 2746 1214 Θεός
2801 1151 2940 1204 ἐστι.
2986 1151 3178 1218 Ἡμεῖς
3221 1152 3398 1204 τοίνυν
3453 1149 3806 1209 πιστεύοντες
3871 1149 3971 1218 τὴν

2400 1242 2666 1310 ὠφέλειαν
2685 1244 3068 1314 καρπούμεθα.
3098 1243 3171 1296 Τὸ
3183 1244 3239 1297 δὲ
3263 1263 3280 1294 ι
3311 1244 3384 1296 Ού
3404 1244 3648 1304 δύναται,
3678 1261 3696 1292 ι
3721 1241 3975 1303 ἀντιτοῦ,

2403 1335 2517 1387 Οὐκ
2586 1335 2881 1404 ἐνδέχεται.
2954 1354 2973 1386 ι
3011 1337 3251 1398 Ἐκεῖνος
3314 1336 3500 1398 more;
3553 1335 3769 1404 μένει.»
3811 1335 3976 1385 Ὠστε

2403 1425 2490 1477 διὰ
2517 1427 2615 1494 τὴν
2673 1426 2946 1496 ἡμετέραν
3003 1428 3281 1497 σωτηρίαν
3324 1429 3546 1480 ἀπαιτεῖ
3583 1427 3739 1495 ἡμῶν
3771 1427 3868 1496 τὴν
3896 1427 3977 1488 εἰς

2405 1515 2565 1568 αὑτὸν
2599 1516 3022 1582 συγκατάθεσιν.
3057 1519 3131 1570 oe
3161 1517 3269 1586 γὰρ
3293 1516 3755 1578 καταϐλάπτεται,
3784 1517 3977 1583 φησὶν,

2403 1605 2468 1655 ὲκ
2517 1604 2616 1672 τῆς
2661 1603 2939 1672 ἡμετέρας
2997 1605 3298 1673 ἀρνήσεως.
3368 1604 3602 1656 (Ταῦτα
3657 1605 3977 1672 ὑπομίμνηο

2408 1711 2528 1749 σκε.
2566 1714 2583 1746 ι
2622 1693 2737 1746 Ἰνα
2768 1694 2841 1764 μή
2869 1711 2952 1757 τις
2990 1695 3188 1766 νομίσῃ
3234 1694 3440 1746 τούτων
3489 1695 3698 1748 δεῖσθαι
3741 1694 3856 1747 τῶν
3887 1695 3980 1745 λό-

2407 1803 2516 1853 γων
2539 1784 2628 1836 τὸν
2658 1783 2942 1852 Τιμόθεον,
2973 1784 3127 1852 φησὶ,
3177 1783 3362 1836 Ταῦτα
3410 1782 3820 1852 ύπομίμνησιιε,
3856 1781 3983 1834 δια-

737 1896 876 1950 opus
906 1879 1078 1936 luisse
1107 1880 1414 1944 Timotheo,
1440 1882 1513 1935 ait
1537 1900 1548 1935 :
1584 1882 1707 1936 Ηιυο
1723 1858 1964 1936 admone
1990 1887 2306 1935 contestans

2419 1875 2856 1947 μαρτυρούμενος
2914 1874 3147 1928 ἐνώπιον
3205 1873 3300 1926 τοῦ
3361 1873 3586 1944 Κυρίου.
3617 1872 3853 1943 Φοὸερδν
3895 1872 3978 1931 δὲ.

741 1987 928 2026 coram
992 1973 1242 2027 Domino.
1284 1992 1301 2024 ι
1337 1971 1701 2028 Tremendum
1749 1981 1832 2028 est
1883 1981 2062 2027 autem
2103 1970 2304 2036 dicere,

740 2070 879 2116 teste
946 2063 1073 2116 Deo.
1139 2081 1154 2113 ι
1201 2062 1277 2116 Ne
1323 2063 1511 2116 verbis
1568 2063 1925 2117 contendant.
1968 2082 1984 2113 ι
2037 2061 2306 2127 Quoniam

740 2153 1056 2208 aviditatem
1098 2152 1332 2208 aﬂ'erunt
1375 2155 1589 2223 negotia
1623 2195 1638 2217 ,
1697 2168 2024 2223 semperque
2064 2153 2178 2206 vult
2208 2152 2308 2204 liu-

740 2259 938 2300 manus
972 2247 1188 2298 animus
1223 2246 1569 2314 conquirere,
1617 2255 1670 2299 et
1712 2228 1894 2299 verbis
1949 2244 2304 2304 contendere,

739 2347 820 2402 tn,
855 2339 1055 2406 inquit,
1103 2345 1414 2392 contestare
1461 2339 1597 2408 ipsis
1654 2353 1840 2392 coram
1885 2339 1992 2392 Deo
2028 2355 2095 2392 ne
2127 2338 2307 2391 verbis

744 2429 1115 2482 contendant:
1173 2429 1276 2484 hoc
1328 2436 1433 2492 est,
1498 2429 1734 2498 praecipe
1770 2436 2058 2498 assumpto
2099 2428 2208 2481 Deo
2254 2428 2308 2480 in

747 2527 976 2573 testem:
1032 2529 1090 2573 ut
1132 2520 1309 2573 sciant
1339 2519 1482 2588 quod
1543 2520 1587 2574 si
1629 2531 1679 2574 te
1725 2520 2176 2588 contempserint,
2223 2518 2310 2572 ille

742 2609 1011 2671 jutlicabit
1057 2609 1227 2676 ipsos.
1286 2627 1301 2658 ι
1336 2608 1415 2661 Ad
1458 2608 1660 2661 nullam
1700 2608 2019 2662 utilitatem.
2061 2626 2078 2658 ι
2127 2607 2310 2677 Neque

745 2699 888 2750 enim
931 2698 1106 2751 solum
1146 2697 1294 2751 circa
1333 2699 1686 2767 quaestiones,
1722 2701 1966 2755 rationes
2000 2715 2063 2754 ac
2101 2715 2311 2769 pugnas

747 2789 1036 2840 verborum
1095 2787 1330 2851 involvi,
1374 2788 1580 2845 nullam
1636 2788 1798 2843 aﬂert
1843 2790 2162 2853 utilitatem,
2217 2789 2311 2844 sed

746 2879 810 2930 ad
855 2879 1112 2931 damnum
1141 2883 1303 2934 etiam
1343 2880 1400 2933 fit
1434 2880 1742 2934 auditorum
1787 2882 1879 2950 qui
1929 2881 2314 2936 imbecilliores

747 2980 894 3024 sunt.
941 2989 958 3020 ι
995 2971 1166 3025 Stude
1213 2973 1449 3042 teipsum
1482 2973 1771 3042 probatum
1804 2972 2062 3027 exhibere
2111 2972 2241 3027 Deo.
2290 2989 2308 3023 ι

748 3061 863 3113 Hoc
890 3068 994 3119 est.
1025 3060 1171 3113 nulla
1201 3061 1424 3130 dignum
1458 3060 1909 3129 reprehensione.
1950 3080 1967 3111 ι
1991 3059 2313 3130 Operarium

2409 1968 2491 2031 τὸ,
2556 1968 2648 2020 ἐπὶ
2705 1967 2940 2037 μάρτυρι
2985 1965 3104 2035 Θεῷ
3161 1964 3360 2032 λέγειν.
3420 1966 3552 2035 «Mi;
3577 1965 3920 2032 λογομαχεῖν.
3957 1982 3976 2013 ›

2421 2057 2639 2127 Ἐπειδὴ
2679 2057 2919 2126 λιχνείαν
2943 2056 3055 2126 ἔχει
3085 2057 3146 2108 τὸ
3171 2058 3432 2126 πρᾶγμα,
3472 2058 3566 2110 καὶ
3603 2056 3693 2109 ἀεὶ
3726 2054 3984 2123 βούλεται

2409 2153 2441 2218 ἠ
2475 2149 2790 2220 ἀνθρωπίνη
2843 2149 2990 2218 ψυχὴ
3057 2149 3310 2217 συζητεῖν
3366 2149 3460 2201 καὶ
3500 2147 3850 2217 λογομαχεῖν,
3894 2148 3982 2207 σὺ,

2409 2245 2563 2314 φησι,
2613 2242 2987 2312 διαμαρτύρου
3043 2242 3224 2303 αὐτοῖς
3283 2241 3513 2293 ἐνώπιον
3568 2239 3660 2291 τοῦ
3706 2237 3866 2298 θεοῦ,
3905 2237 3984 2304 μὴ

2410 2337 2756 2404 λογομαχεῖν,
2813 2333 2932 2386 ὸιντλ¹
2954 2331 3069 2394 τοῦ,
3104 2331 3479 2402 Παράγγελλε,
3515 2331 3770 2400 μάρτυρα
3798 2345 3987 2397 παρα·

2409 2425 2708 2494 λαμϐάνων
2755 2426 2846 2476 τὸν
2905 2424 3058 2482 Θεὸν.
3085 2425 3174 2476 ἶνα
3212 2424 3426 2476 εἰδῶσιν
3455 2423 3535 2474 ὅτι
3571 2423 3666 2480 ἐὰν
3693 2437 3788 2472 σου
3817 2436 3989 2471 κατα-

2413 2517 2703 2587 φρονῶσιν,
2767 2517 2973 2577 ἐκεῖνος
2996 2516 3194 2577 αὐτοὺς
3244 2516 3440 2583 κρινεῖ.
3495 2533 3511 2564 ι
3543 2513 3636 2574 Εἰς
3660 2511 3814 2564 οῦδὲν
3850 2512 3989 2579 χρὴ·

2415 2627 2637 2679 σιμον.»
2697 2608 2770 2659 Ού
2831 2608 2990 2676 μόνον
3053 2608 3161 2676 γὰρ
3223 2607 3283 2658 τὸ
3341 2605 3468 2674 περὶ
3531 2604 3825 2672 ζητήματα
3893 2602 3988 2653 καὶ

2413 2701 2704 2771 λογισμοὺς
2737 2702 2831 2753 κα)⁸
2885 2703 3062 2769 μάχας
3120 2698 3375 2751 είλεῖσθαι
3414 2697 3564 2750 οὐδὲν
3608 2696 3800 2763 ὗερελος
3851 2696 3991 2762 ἔχει,

2415 2792 2552 2845 ἀλλὰ
2608 2791 2704 2844 καὶ
2760 2792 2839 2852 εἰς
2881 2790 3085 2858 βλάϐην
3138 2789 3348 2857 γίνεται
3413 2789 3524 2849 τοῖς
3580 2783 3994 2853 ἀσθενεστέροις

2415 2883 2521 2936 τῶν
2581 2883 2909 2937 ἀκουόντων.
2946 2900 2963 2931 ι
2992 2881 3220 2933 Σεαυτδν
3259 2880 3506 2947 δόκιμον.
3547 2895 3564 2927 >
3607 2871 3752 2937 Οἷον,
3793 2873 3992 2926 ἀνεπί-

2416 2976 2641 3044 ληπτον.
2713 2991 2732 3024 ι
2759 2973 3031 3043 Ἑργάτην
3085 2971 3537 3039 ἀνεπαίσχυντον.
3572 2986 3588 3019 ›
3646 2966 3827 3020 Πολλὰ
3867 2965 3996 3030 περὶ

2417 3069 2515 3137 τῆς
2548 3068 2808 3138 αξσχύνης
2868 3067 3071 3134 ταύτης
3128 3064 3419 3134 διειλέχθη.
3485 3061 3647 3122 Εἰκὸς
3690 3059 3803 3127 γάρ
3838 3073 3995 3118 τινας

750 3168 857 3204 non
891 3153 1344 3206 erubescendum.
1389 3172 1407 3204 ι
1451 3152 1616 3206 Multa
1668 3153 1737 3207 de
1785 3152 1890 3206 hoc
1939 3158 2147 3220 pudore
2205 3153 2314 3208 dis-

2420 3160 2828 3228 ἀπολλυμένους
2885 3156 3311 3228 ἐπαισχύνεσθαι
3340 3156 3402 3208 τὸ
3439 3156 3734 3223 κήρυγμα,
3772 3151 3850 3210 ὡ;
3888 3148 3999 3200 τῶν

751 3246 944 3298 seruit.
977 3245 1138 3315 267
1161 3245 1469 3299 Verisimile
1500 3255 1583 3301 est
1613 3246 1755 3300 enim
1782 3246 1927 3313 quod
1953 3245 2164 3315 aliquos
2193 3260 2318 3315 per—

749 3337 894 3388 ditos
949 3337 1185 3405 pudebat
1233 3337 1658 3406 praedicationis,
1687 3337 1832 3406 quod
1882 3337 2114 3405 apostoli
2158 3337 2318 3392 malis

753 3427 1127 3493 :iilicerentur,
1168 3436 1222 3483 et
1247 3429 1390 3497 quod
1420 3428 1674 3484 Christus
1705 3443 1830 3483 cum
1862 3443 2027 3482 cruce
2064 3428 2320 3497 praedica-

753 3533 924 3587 rrtttt‘,
980 3523 1093 3577 sive
1130 3523 1276 3591 quod
1311 3523 1444 3578 viles
1495 3531 1549 3577 et
1576 3522 1773 3591 abjecti
1806 3530 1995 3577 essent
2051 3519 2320 3590 pradica-

756 3626 933 3669 tores:
967 3629 1161 3680 nempe
1205 3615 1408 3668 Paulus
1449 3621 1630 3668 textor
1691 3613 2200 3675 tabernaculorum,
2267 3615 2321 3664 et

757 3709 948 3760 Petrus
992 3720 1114 3758 cum
1153 3707 1276 3760 aliis
1327 3705 1576 3776 pluribus
1626 3707 1949 3774 piscatores.
1982 3706 2091 3758 Aut
2127 3718 2192 3758 ne
2221 3717 2318 3755 ru-

756 3802 891 3855 bore
929 3800 1266 3854 suﬂ'undaris
1302 3801 1372 3853 ob
1404 3799 1544 3852 mala
1572 3814 1692 3867 qua:
1727 3806 2028 3868 perpetres.
2094 3815 2113 3846 ι
2155 3794 2322 3849 Recte

758 3902 1030 3947 secantem
1065 3903 1371 3944 sermonem
1408 3888 1674 3943 veritatis.
1702 3906 1720 3939 ι
1755 3886 1976 3941 Securis
2005 3887 2059 3938 in
2096 3883 2319 3936 modum

689 3985 691 3987 ’
758 4004 886 4044 seca
936 3983 1211 4055 superﬂua
1247 3990 1301 4037 et
1348 3981 1657 4036 adulterina
1700 3979 1979 4048 dogmata,
2013 3992 2134 4045 quae
2169 3974 2320 4044 impii

757 4097 823 4135 ac
862 4078 1056 4149 perditi
1085 4076 1442 4131 commiscent
1474 4073 1880 4143 prcedicationi;
1933 4077 1986 4126 et
2017 4085 2112 4140 per
2142 4068 2322 4139 Spiri-

759 4183 874 4225 tum
906 4169 973 4222 ad
1007 4170 1056 4222 id
1086 4168 1228 4238 quod
1256 4174 1462 4220 rectum
1485 4172 1568 4219 est
1599 4163 1910 4233 perducito.

833 4261 897 4323 ll,
957 4260 1140 4314 1649.
1201 4257 1462 4311 Ca’terum
1519 4253 1774 4322 profanas
1837 4267 2017 4304 vocum
2067 4249 2324 4302 novitates

759 4355 1134 4420 praztermitte:
1166 4349 1234 4403 ad
1257 4350 1509 4416 majorem
1530 4349 1667 4400 enim
1685 4345 1959 4414 proﬁcient
1979 4343 2323 4408 impietatem,

761 4455 809 4498 et
844 4457 1013 4498 sermo
1046 4441 1258 4494 illorum
1296 4447 1351 4491 ut
1382 4453 1572 4489 cancer
1603 4435 1814 4489 morbus
1836 4434 2129 4499 pastionem
2165 4431 2327 4482 habe-

2421 3255 2739 3310 ἀποστόλων
2786 3252 2973 3314 κακῶς
3020 3250 3359 3317 πασχόντων,
3390 3246 3485 3300 καὶ
3515 3247 3589 3306 ὡς
3619 3242 3712 3296 τοῦ
3749 3238 3999 3309 Χριστοῦ

2423 3349 2561 3417 μετὰ
2581 3346 2675 3400 τοῦ
2695 3344 2928 3414 σταυροῦ
2965 3362 3032 3412 κη
3045 3341 3401 3412 ρυσσομὲνου,
3437 3341 3469 3408 ἢ
3494 3337 3622 3405 γοῦν
3649 3336 3724 3397 ὡς
3758 3333 4001 3386 εὐτελῶν

2419 3443 2588 3496 ὄντων
2644 3441 2752 3493 τῶν
2811 3439 3103 3508 κηρύκων,
3158 3432 3268 3489 οἷον
3320 3434 3396 3498 ὡς
3455 3431 3841 3501 σκηνοῤῥαφου
3902 3428 4001 3479 τοῦ

2420 3533 2658 3595 Παύλου,
2721 3533 2815 3584 καὶ
2877 3530 3074 3583 ἁλιέων
3103 3527 3211 3580 τῶν
3257 3527 3398 3594 ἀμφὶ
3433 3523 3524 3576 τὸν
3550 3523 3776 3591 Πέτρον.
3812 3517 3884 3570 Ἣ
3915 3519 4005 3570 ὅτι

2428 3626 2502 3696 μὴ
2526 3621 2948 3692 καταισχυνθῇς,
3007 3619 3093 3674 διὰ
3122 3618 3214 3671 τού
3253 3616 3455 3686 πρᾶξαί
3483 3633 3535 3668 τι
3567 3613 3788 3683 φαῦλον.
3831 3613 4002 3679 ιὈρ-

2425 3714 2757 3784 θοτομοῦντα
2779 3713 2868 3764 τὸν
2899 3712 3060 3778 λόγον
3099 3711 3198 3778 τῆς
3246 3707 3522 3778 ἀληθείας.
3551 3727 3567 3758 ι
3597 3705 3892 3772 Μαχαὶρας
3922 3704 4010 3754 ὄξ-

2425 3825 2526 3876 κην
2557 3807 2720 3874 τέμνε
2745 3806 2811 3858 τὰ
2837 3804 3073 3874 περισσὰ
3113 3804 3208 3856 καὶ
3232 3803 3362 3854 νόθα
3393 3802 3659 3870 δόγματα,
3680 3799 3715 3851 ἃ.
3748 3799 3794 3850 οῖ
3827 3798 4011 3850 ἀπολ-

2424 3898 2644 3967 λύμενοι
2702 3895 3134 3968 προσετρίψαντο
3176 3893 3254 3964 τῷ
3290 3892 3627 3964 κηρύγματι,
3676 3891 3768 3943 καὶ
3830 3891 3914 3952 είς
3947 3891 4012 3941 τὸ

2426 3991 2573 4054 εύθὲς
2611 3990 2708 4058 ἆγε
2741 3991 2826 4041 διὰ
2864 3989 2955 4041 τοῦ
2989 3986 3325 4056 Πνεύματος.

2503 4265 2612 4329 Τὰς
2669 4262 2736 4315 δὲ
2790 4260 3096 4325 ,ϐεϐήλους
3159 4257 3559 4324 καινοξσωνιάς
3619 4253 4015 4321 περιίστασο.

2459 4354 2570 4409 Eni
2625 4352 2836 4405 πλεῖον
2874 4351 2983 4418 γὰρ
3009 4348 3476 4415 προσκόψουσιν
3504 4343 3802 4406 ἀσεϐείας,
3838 4342 3945 4395 καὶ
3983 4347 4018 4395 d

2428 4447 2605 4513 λόγος
2632 4442 2829 4496 αὐτῶν
2844 4443 2922 4507 ὠς
2943 4441 3264 4508 γάγγραινα
3295 4436 3488 4505 νομὴν
3512 4435 3652 4498 ἔξει.
3683 4426 3792 4485 Ὧν
3832 4434 4023 4486 ἐστιν

759 4540 879 4595 bit:
920 4551 1142 4606 quorum
1185 4533 1249 4586 de
1299 4548 1516 4585 numero
1547 4539 1672 4583 sunt
1720 4528 2038 4598 Hymenaeus
2087 4533 2137 4578 et
2196 4523 2314 4578 ΡΙιίε

2443 4536 2738 4605 Ὑμέναιος
2779 4535 2875 4588 καὶ
2916 4531 3191 4597 Φιλητὸς,
3236 4530 3454 4592 οἵτινες
3519 4527 3649 4592 περὶ
3697 4526 3814 4589 τὴν
3854 4525 4024 4590 ἀλή-

763 4629 921 4690 letus,
952 4626 1040 4694 qui
1069 4625 1212 4677 circa
1258 4623 1532 4675 veritatem
1578 4619 1920 4678 aberrarunt,
1962 4617 2193 4668 dicentes
2241 4628 2326 4664 re-

765 4717 1145 4773 surrectionem
1174 4713 1291 4781 jam
1345 4727 1456 4763 esse
1503 4709 1734 4778 factam;
1787 4715 1837 4760 et
1871 4705 2175 4759 subvertant
2204 4718 2334 4771 quo-

767 4808 1014 4863 rumdam
1059 4806 1236 4875 Iidem.
1288 4800 1533 4855 Solidum
1574 4809 1747 4851 tamen
1789 4795 2192 4865 fundamentum
2239 4792 2334 4846 Dei

767 4911 895 4967 stat,
950 4898 1142 4951 habens
1175 4893 1507 4964 signaculum
1552 4891 1685 4944 hoc:
1729 4888 1892 4943 Novit
1945 4887 2203 4942 Dominus
2242 4886 2333 4954 qui

763 4995 871 5048 sint
894 4992 1001 5054 sui,
1020 4999 1094 5054 et,
1123 4987 1368 5042 Discedat
1397 4984 1460 5038 ab
1485 4984 1761 5054 iniquitate
1782 4982 1954 5036 omnis
1979 4981 2068 5051 qui
2095 4979 2333 5032 nominat

771 5101 958 5139 nomen
986 5081 1220 5135 Domini.

857 5197 874 5229 ι
916 5175 1185 5230 Prol'anas
1225 5187 1418 5227 vocum
1451 5170 1738 5226 vanitates.
1779 5188 1797 5220 ι
1853 5166 1909 5222 Si
1941 5168 2072 5237 quid
2131 5180 2334 5222 novum

771 5270 827 5325 in
860 5266 1250 5338 praedicatione
1282 5263 1448 5316 fuerit
1475 5259 1760 5316 inductum
1799 5275 1864 5314 ex
1895 5259 2201 5314 recentiore
2250 5258 2336 5311 in-

770 5371 971 5423 vento,
1024 5373 1248 5412 omnino
1289 5357 1543 5411 vitiosum
1571 5365 1654 5408 est
1705 5362 1760 5406 et
1813 5351 2126 5422 profanum.
2181 5349 2335 5416 Quod

771 5463 952 5506 autem
999 5451 1077 5504 ait
1128 5450 1468 5519 περιίστασο,
1503 5456 1595 5500 aut
1630 5448 1898 5517 significat
1956 5445 2198 5515 Espelle,
2246 5454 2340 5500 aut

773 5544 973 5596 acriter
1009 5541 1216 5596 obsiste
1251 5549 1308 5595 ut
1339 5541 1416 5593 illi
1449 5539 1608 5593 tinem
1640 5538 1890 5604 imponas
1931 5553 1992 5591 ac
2017 5537 2332 5605 prohibeas.

779 5655 797 5684 ι
833 5634 912 5688 Ad
966 5633 1228 5698 majorem
1273 5633 1418 5686 enim
1473 5629 1760 5701 proficient
1808 5628 2165 5698 impietatem.
2206 5646 2224 5676 ι
2283 5628 2337 5681 Si

776 5728 906 5796 quid
963 5725 1329 5779 adulterinum
1376 5723 1698 5793 ingreditur,
1735 5737 1951 5790 semper
1981 5722 2046 5774 ad
2099 5721 2341 5775 insolen-

779 5823 904 5876 tiam
948 5818 1121 5887 magis
1153 5818 1345 5883 tetulit,
1378 5827 1538 5887 atque
1569 5816 1760 5871 indies
1792 5814 1960 5883 magis
1991 5814 2223 5868 assumit
2257 5813 2336 5868 itt-

2434 4634 2599 4682 θειαν
2637 4627 3012 4693 ἠστόχησαν,
3068 4623 3349 4689 λέγοντες
3375 4619 3491 4684 τὴν
3513 4618 3859 4671 ἀνάστασιν
3895 4618 4026 4683 ἤδη

2435 4719 2770 4786 γεγυνέναι,
2831 4714 2928 4767 καὶ
2977 4710 3380 4777 ἀνατρέπουσι
3425 4709 3538 4774 τήν
3558 4724 3734 4760 τινων
3767 4708 4024 4760 πίστιν.

2449 4813 2502 4864 Ὀ
2526 4811 2640 4880 μέν
2662 4827 2749 4863 τοι
2769 4807 3013 4875 στερεὸς
3057 4806 3326 4873 θεμέ.-ῖιος
3368 4801 3472 4856 τοῦ
3521 4801 3669 4854 Θεοῦ
3719 4800 4028 4864 ἔστηκεν,

2434 4906 2590 4970 ἔχων
2631 4902 2744 4966 τὴν
2793 4898 3090 4968 σφραγῖδα
3113 4897 3356 4962 ταύτην·
3399 4895 3586 4957 Ἔγνω
3630 4893 3846 4958 Κύριος
3870 4894 4032 4957 τοί-ς

2437 4994 2615 5058 ὄντας
2652 4991 2860 5054 αὑτοῦ,
2902 4991 3022 5055 καὶ,
3068 4988 3409 5055 Ἀποστήτω
3437 4985 3555 5040 ἀπὸ
3577 4985 3813 5049 ἀδικίας
3844 4985 3980 5052 πᾶς
4000 4990 4034 5039 ό

2436 5082 2735 5154 ὀνομάζων
2760 5081 2828 5136 τὸ
2855 5082 3039 5149 ὄνομα
3066 5080 3305 5147 Κυρίου.

2516 5195 2534 5228 ι
2559 5176 2669 5238 Τὰς
2706 5174 2762 5228 δὲ
2794 5173 3054 5243 βεῦήλους
3113 5171 3499 5240 καινοφωνίας.
3520 5188 3539 5221 ι
3600 5168 3668 5222 Εἴ
3689 5185 3742 5220 τι
3775 5167 3909 5220 νέον
3975 5171 4040 5222 ἐν

2438 5267 2515 5338 τῷ
2577 5266 2891 5336 κηρύγματι
2919 5262 2979 5327 ἐξ
3025 5263 3268 5324 ἐπινοίας
3335 5261 3605 5329 νεωτέρας
3656 5259 4037 5328 ἑπεισαχθέν,

2438 5360 2658 5420 πάντως
2705 5355 2910 5424 φαῦλον
2953 5353 3049 5408 καὶ
3099 5353 3344 5422 βᾶϐηλον.
3391 5351 3466 5405 Τὸ
3489 5351 3567 5415 δὲ,
3604 5351 3973 5419 περιΐστασο,
4003 5354 4038 5421 ἢ

2441 5445 2730 5517 παραιτοῦ,
2771 5446 2805 5514 ἢ
2834 5441 3111 5514 περισσῶς
3157 5443 3346 5495 ἵστασο
3395 5441 3476 5503 είς
3536 5439 3599 5492 τὸ
3655 5439 3876 5491 παῦσαι
3937 5444 4047 5495 καὶ

2443 5538 2704 5594 κωλύσαι.
2743 5556 2759 5587 ι
2791 5536 2916 5588 Ἐπὶ
2943 5535 3129 5588 πλεῖον
3151 5534 3260 5606 γὰρ
3294 5533 3664 5603 προκόψουσιν
3689 5531 3996 5595 ἀσεϐείας.
4022 5553 4039 5581 ι

2443 5631 2506 5683 ΕΞ
2535 5629 2731 5696 τι.γὰρ
2767 5626 2919 5678 νόθον
2977 5625 3220 5693 εἰσήχθη,
3259 5625 3446 5693 φησὶν,
3505 5622 3591 5675 ἀεὶ
3623 5621 3833 5690 βαδίζει
3893 5627 4049 5692 τερα

2444 5721 2690 5775 ἀτοπίαν.
2727 5720 2836 5771 Καὶ
2898 5717 3118 5787 μείζονα
3150 5717 3246 5786 τὴν
3291 5717 3528 5768 ἐπίδοσιν
3562 5715 3841 5784 ὁσημέραι
3884 5717 4048 5784 λαμ-

2445 5813 2614 5866 εανει.
2694 5828 2711 5862 ι
2763 5799 2848 5873 Ὧς
2894 5809 3222 5878 γάγγραινα.
3261 5825 3277 5858 ›
3351 5807 3412 5860 Ἡ
3481 5807 3802 5876 γιὲγῃεαιιοα
3870 5808 4049 5872 Eliso;
