4144 6456
719 359 826 427 2223

1785 359 2183 422 (ECUMENII
2220 355 2509 417 TRICCE
2555 351 2891 415 EPISCOPI

3856 344 3958 407 224

725 480 955 534 avaritia
994 482 1173 535 oritur
1206 500 1218 534 :
1255 482 1414 548 huius
1452 485 1631 530 autem
1672 475 1815 530 fctus
1859 484 1988 529 sunt
2039 474 2214 529 fastus
2253 482 2304 527 et

2408 470 2747 538 γεννήματα.
2777 466 3066 529 ἀλαζονεία
3099 469 3191 522 καὶ
3223 465 3590 539 ὑπερηφανία,
3617 459 3734 516 εἶτα
3770 465 3832 516 ἐκ
3855 465 3979 516 τού-

726 572 1002 635 superhia,
1036 569 1232 625 deinde
1267 588 1330 624 ex
1377 571 1463 624 his
1499 569 1836 637 blasphemia
1879 586 1892 622 :
1935 577 2125 622 mutuo
2155 567 2299 621 enim

727 663 831 717 sibi
869 663 1072 715 luerent
1100 663 1238 714 mala
1266 661 1410 713 sicut
1447 669 1502 712 et
1547 661 1685 712 bona
1723 675 1824 712 :ex
1861 659 2129 711 charitate
2156 657 2301 710 enim

727 751 888 819 272
927 751 1168 818 procedit
1217 765 1380 803 omne
1425 750 1649 802 bonum.
1691 767 1707 797 1
1741 748 2068 802 Parentibus
2108 747 2304 797 immo-

727 843 914 908 rigeri.
953 860 970 892 ι
1000 839 1155 892 Nevit
1180 840 1328 892 enim
1366 841 1539 892 fastus
1569 840 1731 891 etiam
1762 839 2028 893 adversus
2054 846 2302 892 naturam

727 930 928 984 efferri.
963 949 980 980 1
1017 928 1244 999 Ingrati.
1312 950 1329 980 ι
1361 932 1518 983 Avari
1545 930 1708 981 etiam
1759 939 1885 983 sunt
1914 928 2135 996 ingrati.
2169 923 2303 980 Nam

729 1033 860 1076 tunc
893 1023 1069 1074 solum
1115 1024 1316 1089 gratias
1369 1030 1556 1088 agunt,
1593 1020 1812 1088 quando
1853 1035 2039 1073 eorum
2101 1034 2307 1073 concu-

729 1116 1054 1182 piscentiam
1087 1114 1449 1176 impleverim,
1490 1126 1765 1176 nunquam
1805 1097 1984 1162 autem
2024 1109 2082 1161 tit
2112 1118 2170 1161 ut
2203 1109 2305 1176 ipsi

731 1205 1018 1257 satientur.
1049 1204 1148 1266 Qui
1188 1219 1315 1255 vero
1344 1202 1468 1254 talis
1502 1210 1584 1254 est
1610 1201 1772 1253 etiam
1811 1200 2012 1267 impius
2045 1209 2148 1254 est.
2174 1199 2304 1252 Nam

731 1298 823 1363 qui
874 1295 1206 1348 benefacturi
1255 1293 1364 1348 Deo
1407 1292 1631 1360 gratiam
1668 1308 1773 1344 non
1821 1291 2005 1354 habet,
2037 1293 2308 1360 quomodo

731 1389 853 1441 aliis
888 1388 1117 1453 gratiam
1154 1385 1391 1438 referet?
1428 1403 1445 1434 1
1490 1384 1707 1437 Amoris
1740 1382 1936 1437 all'eetu
1982 1392 2250 1437 carentes.
2283 1401 2302 1434 ι

732 1476 844 1529 lloe
872 1487 951 1530 est
991 1478 1107 1530 siue
1137 1489 1320 1529 amore
1354 1474 1682 1528 exsistentes
1714 1487 1840 1541 erga
1877 1487 2028 1526 suos.
2071 1490 2088 1522 1
2127 1471 2306 1525 Nescii

733 1564 957 1618 ΐωάριοῐε
992 1580 1004 1614 :
1039 1581 1055 1612 ι
1098 1563 1231 1616 nulli
1264 1562 1535 1616 fanierati.
1575 1581 1591 1613 1
1632 1561 2070 1615 Caluumiatores
2101 1579 2114 1614 :
2146 1580 2164 1612 ›
2195 1577 2308 1614 ma-

734 1655 912 1706 ledici.
963 1654 1096 1706 Nam
1148 1653 1242 1721 qui
1286 1653 1390 1708 sibi
1444 1654 1648 1707 nullius
1698 1653 1824 1707 boni
1893 1654 2147 1708 conscius
2200 1663 2306 1718 est,

730 1745 988 1796 omnibus
1019 1745 1296 1798 maledicit
1325 1761 1388 1799 ac
1416 1745 1675 1806 detrahit,
1708 1746 1922 1814 sibiipsi
1955 1747 2007 1799 in
2045 1746 2145 1801 hoc
2174 1761 2306 1800 con-

731 1834 1054 1887 solationem
1106 1835 1344 1902 aliquam
1380 1835 1685 1890 inveniens.
1725 1853 1743 1885 1
1778 1835 2239 1904 Intemperantes:
2279 1856 2298 1889 ι

733 1941 927 1993 nempe
976 1926 1068 1992 qui
1125 1926 1366 1994 linguam
1415 1934 1770 1995 ventremque
1807 1934 1862 1978 et
1909 1943 1969 1981 ea
2027 1943 2148 1996 qua:
2202 1929 2305 1983 sub

732 2027 920 2069 ventre
956 2024 1084 2069 sunt
1121 2033 1225 2072 non
1265 2017 1570 2072 continent.
1610 2037 1627 2068 1
1676 2017 1936 2072 Immites.
1987 2037 2004 2070 ›
2038 2019 2306 2076 Crudeles

731 2105 1133 2173 qundamntodo
1158 2114 1211 2158 et
1234 2106 1535 2160 inhumani.
1564 2126 1582 2158 ι
1610 2106 1952 2176 Negligentes
1969 2109 2254 2164 bonorum.
2283 2129 2300 2162 ι

729 2197 836 2248 Aut
867 2196 1220 2263 ἀφιλάγαθοι,
1262 2198 1464 2250 inimici
1495 2199 1670 2250 omnis
1697 2198 1844 2250 boni.
1873 2218 1891 2250 1
1921 2198 2257 2264 Proditores,
2282 2219 2300 2253 ι

730 2286 984 2338 amititia:
1038 2295 1088 2339 et
1135 2287 1461 2340 sodalitatis.
1513 2305 1531 2338 1
1587 2285 1936 2356 Praecipites,
1977 2308 1994 2340 ι
2059 2289 2164 2344 hoc
2201 2296 2305 2356 est,

731 2378 1003 2428 temerarii
1049 2387 1101 2430 et
1129 2378 1262 2431 nillil
1317 2378 1514 2432 stabile
1572 2378 1856 2434 habentes.
1903 2399 1919 2430 1
1953 2379 2153 2446 Iuﬂati,
2189 2401 2207 2434 ι
2254 2385 2305 2438 id

728 2476 830 2524 est,
869 2469 1180 2537 arrogantia
1218 2468 1381 2535 pleni.
1417 2486 1435 2519 1
1465 2467 1813 2536 Voluptatum
1845 2479 2093 2525 amantes
2125 2473 2307 2540 potius

731 2573 891 2624 quam
943 2559 1053 2610 Dei.
1111 2577 1128 2608 ι
1183 2559 1596 2613 Commutantcs
1659 2559 1902 2613 divinum
1951 2576 2192 2616 amorem
2253 2565 2307 2617 in

731 2655 966 2715 turpem.
1001 2649 1116 2716 Ipsa
1139 2667 1266 2703 vero
1294 2651 1512 2718 pictatis
1541 2652 1711 2705 forma
1743 2661 1795 2704 et
1826 2652 2136 2722 hypocritas
2159 2653 2309 2719 ipsos

732 2741 952 2793 exhibet
979 2751 1030 2794 et
1052 2743 1390 2798 seductores.
1425 2765 1442 2794 ι
1471 2743 1740 2800 Habentes
1768 2743 1994 2798 formam
2026 2746 2260 2814 pietatis.
2285 2765 2302 2797 ι

735 2831 811 2886 Ex
842 2832 925 2884 bis
958 2850 1077 2901 qum
1122 2835 1442 2902 loquuntur,
1474 2836 1690 2904 pietatis
1738 2836 1977 2891 cultores
2014 2837 2307 2892 videntur:

733 2938 796 2975 ex
829 2923 909 2975 his
950 2932 1129 2976 autem
1165 2939 1283 2989 qua:
1310 2934 1629 2991 operantur,
1671 2925 1932 2978 contrarii
1968 2927 2311 2981 sermonibus

734 3015 1158 3068 etinveuiuntur
1173 3023 1224 3068 et
1239 3016 1660 3069 convincuntur.
1689 3035 1707 3066 ι
1736 3015 1801 3068 Et
1843 3016 1940 3069 hos
1972 3031 2246 3071 aversare.
2283 3035 2301 3066 ι

734 3107 1200 3171 Quemadmodum
1241 3117 1294 3162 et
1327 3109 1448 3162 illos
1492 3109 1558 3162 de
1602 3109 1800 3178 quibus
1841 3109 2095 3178 superius
2146 3109 2310 3163 latius

735 3198 1016 3252 disseruit.
1059 3199 1315 3253 Scribens
1361 3208 1542 3253 autem
1580 3200 1888 3262 Timotheo,
1917 3201 2004 3253 his
2041 3201 2133 3269 qui
2182 3211 2304 3269 post

736 3288 1082 3343 Timntheum
1139 3290 1302 3344 futuri
1336 3301 1512 3369 erant,
1543 3292 1838 3352 consuluit,
1882 3301 1938 3344 ut
1979 3292 2116 3345 tales
2149 3307 2304 3345 aver-

737 3390 1009 3435 sarentur.
1041 3383 1227 3450 Neque
1257 3383 1400 3438 enim
1446 3385 1619 3454 potuit
1653 3384 1739 3437 hic
1772 3383 1837 3437 ad
1889 3394 2163 3437 extremos
2188 3384 2306 3438 dies

2333 1796 2381 1856 B

2411 578 2521 613 των
2560 562 2590 630 ἡ
2630 558 2972 629 βλασφημία.
3020 559 3294 628 ’Δλλήλων
3344 559 3448 626 γὰρ
3492 556 3675 626 ἔχεται
3707 556 3772 607 τά
3813 557 3977 614 κακὰ,

2405 650 2594 718 ὥσπερ
2640 650 2736 702 καὶ
2784 648 2852 700 τά
2880 648 3040 702 καλά.
3075 649 3168 700 Ἐκ
3197 648 3306 716 γὰρ
3332 647 3572 714 ἀγάπης,
3605 646 3751 698 ἇπαν
3805 647 3979 698 τίκτε-

2406 757 2496 791 ται
2535 739 2720 792 καλόν.
2765 755 2784 788 1
2819 737 3073 790 Γονεῦσιν
3102 737 3367 800 ἀπειθεῖς.
3397 755 3415 788 ι
3453 733 3573 788 Οἵδε
3604 735 3713 804 γάρ
3765 737 3796 803 ἡ
3850 735 3980 787 ἀλα-

2408 832 2607 895 ζονεία,
2644 830 2908 884 καὶκατὰ
2944 829 3043 897 τῆς
3081 829 3294 898 φύσεως
3331 828 3734 891 ἐξανίστασθαι.
3775 847 3791 878 ι
3820 827 3980 896 Ἀχά-

2413 938 2603 990 ριστοι.
2644 940 2661 972 ι
2713 923 2776 972 Ui
2832 921 3160 990 φιλάργυροι
3207 921 3304 973 καὶ
3340 920 3646 989 ἀχάριστοι.
3692 920 3823 971 Τότε
3870 920 3980 988 γὰρ

2407 1011 2789 1080 εὐχαριστοῦσι
2860 1012 3040 1081 μόνον,
3076 1012 3206 1064 ὅταν
3259 1011 3440 1064 αὐτῶν
3499 1011 3831 1081 πληρώσωσι
3880 1012 3982 1080 τὴν

2408 1103 2724 1171 ἐπιθυμίαν,
2773 1105 2911 1174 ὅπερ
2938 1103 3191 1156 οὐδέποτε
3229 1103 3380 1157 ἔστιν
3411 1103 3605 1166 αὐτοὺς
3629 1103 3979 1171 κορεσθῆναι.

2425 1193 2481 1245 Ὀ
2508 1193 2564 1244 δὲ
2596 1193 2836 1257 τοιοῦτος
2862 1235 2875 1256 ,
2913 1196 3008 1248 καὶ
3035 1195 3272 1257 ἀνόσιος.
3316 1195 3374 1247 '0
3425 1194 3535 1266 γὰρ
3578 1194 3656 1263 τῷ
3715 1195 3984 1264 εὐεργέτῃ

2409 1284 2526 1353 Θεῴ
2573 1284 2733 1353 χάριν
2772 1284 2870 1337 οὐκ
2901 1284 3077 1348 εἰδὼς,
3130 1285 3246 1347 πῶς
3298 1285 3506 1355 ἑτέροις
3550 1285 3757 1337 εἴσεται
3787 1285 3982 1354 χάρινς

2417 1394 2436 1427 1
2476 1379 2786 1446 ’Δστοργοι.
2838 1396 2855 1428 ι
2919 1371 3045 1430 Οἶον
3101 1377 3281 1445 ἄφιλοι
3346 1377 3480 1447 πρὸς
3542 1380 3667 1439 τοὺς
3724 1378 3982 1440 οίκείους.

2415 1487 2433 1519 1
2451 1470 2758 1521 Ἀσπονδοι.
2773 1487 2791 1520 ι
2826 1468 2986 1538 Δηλοῖ
3004 1468 3194 1538 μηδενὶ
3213 1469 3626 1539 σπενδομένους.
3648 1489 3665 1520 1
3678 1470 3946 1525 Διάϐολοι.
3962 1490 3979 1520 ι

2411 1553 2536 1612 Οἷον
2580 1561 2906 1630 κακήγοροι.
2961 1559 3018 1611 '0
3048 1558 3158 1628 γὰρ
3191 1558 3358 1628 μηδὲν
3399 1559 3604 1625 ἀγαθὸν
3633 1560 3812 1629 ἑαυτῷ
3855 1578 3982 1612 συν-

2411 1648 2590 1713 ειδὼς,
2644 1651 2854 1712 πάντας
2899 1649 3194 1712 διαϐάλλει,
3243 1649 3422 1718 ἑαυτῷ
3470 1667 3592 1702 τινα
3631 1652 3986 1720 παραμυθίαν

2412 1739 2664 1792 ἐπινοῶν.
2698 1757 2716 1789 1
2763 1739 3066 1809 Ἀκρατεῖς.
3105 1759 3125 1792 ι
3161 1740 3443 1804 Τουτέστι,
3473 1742 3723 1813 γλώσσης
3756 1742 3848 1795 καὶ
3877 1761 3986 1810 γα·-

2411 1834 2571 1905 στρδς
2625 1834 2719 1887 καὶ
2765 1833 2875 1886 τῶν
2933 1834 3040 1886 ὑπὸ
3074 1833 3300 1903 ταύτην.
3338 1852 3356 1885 1
3403 1836 3715 1904 Ἀνήμεροι.
3756 1855 3774 1887 ι
3829 1837 3987 1905 Ὤμοί

2407 1941 2551 1988 τινες
2580 1925 2674 1978 καὶ
2707 1924 3090 1994 ἀπάνθρωποι.
3126 1943 3145 1975 1
3183 1926 3554 1993 Ἀφιλάγαθοι.
3593 1944 3612 1977 ι
3664 1926 3986 1988 Τουτὲστιν,

2409 2015 2594 2085 ἐχθροὶ
2639 2016 2840 2078 παντὸς
2897 2015 3127 2084 ἀγαθοῦ.
3186 2035 3204 2067 1
3237 2018 3526 2085 Προδόται.
3563 2036 3580 2068 ι
3640 2018 3825 2081 Φιλίας
3889 2023 3990 2071 καὶ

2408 2107 2698 2176 ἑταιρείας.
2736 2123 2754 2156 1
2797 2105 3112 2176 Προπετεῐς.
3138 2124 3155 2156 ι
3193 2098 3319 2157 Οἷον
3344 2106 3588 2172 θρασεῖς,
3627 2107 3779 2159 οὐδὲν
3815 2107 3987 2176 βεϐη-

2409 2197 2504 2260 κὸς
2540 2197 2773 2266 ἔχοντες.
2805 2214 2823 2246 1
2864 2196 3271 2263 Τετυφωμένοι.
3310 2214 3328 2247 ι
3369 2190 3496 2247 Οἷον
3541 2197 3802 2260 ἀπονοίας
3842 2199 3986 2266 πλή-

2412 2305 2552 2358 ρεις.
2591 2307 2608 2338 ι
2640 2287 2915 2355 Φιλήδονοι
2956 2285 3050 2339 καὶ
3079 2286 3139 2339 ού
3177 2286 3434 2353 φιλόθεοι,
3480 2304 3498 2336 ι
3539 2287 3602 2338 Οἱ
3653 2286 3990 2339 ἀντικαταλ-

2409 2379 2732 2449 λασσόμενοι
2788 2379 2882 2430 τοῦ
2940 2377 3085 2430 θείου
3121 2375 3290 2430 πόθου
3331 2375 3393 2428 τὸ
3437 2377 3679 2445 αἰσχρόν.
3723 2377 3786 2428 Ἠ
3821 2377 3880 2428 δέ
3921 2395 3989 2445 γε

2414 2473 2696 2541 μόρφωσις
2728 2471 2826 2539 τῆς
2853 2468 3158 2532 εὐσεϐείας,
3179 2469 3273 2521 καὶ
3296 2468 3599 2537 ὑποκριτὰς
3629 2468 3722 2521 καὶ
3750 2468 3990 2532 πλάνους

2411 2562 2614 2624 αὐτοὺς
2674 2560 3052 2630 παρατίθεται.
3125 2579 3142 2610 1
3178 2560 3433 2629 Ἔχοντες
3493 2559 3774 2628 μόρφωσιν
3833 2563 3992 2614 εὐαε-

2411 2652 2585 2714 6είας.
2630 2671 2647 2702 ι
2702 2653 2792 2717 Ἐξ
2828 2644 2903 2705 ὧν
2938 2653 3216 2720 λέγουσιν,
3271 2651 3514 2711 εὐσεϐεῖς
3541 2653 3700 2714 εἰσιν,
3742 2652 3801 2715 ἑξ
3824 2646 3900 2705 ὧν
3931 2654 3990 2706 δὲ

2413 2746 2765 2812 πράττουσιν,
2818 2745 3051 2797 ἐναντίοι
3108 2743 3216 2796 τῶν
3264 2742 3437 2809 λόγων
3486 2741 3830 2811 εὑρίσκονται
3893 2745 3993 2796 καὶ

2413 2837 2747 2907 ἐλέγχονται,
2786 2855 2805 2887 1
2852 2836 2962 2888 Καὶ
2992 2834 3215 2896 τούτους
3249 2832 3583 2902 ἀποτρέπου.
3632 2851 3649 2884 9
3702 2831 3788 2895 Ὧς
3833 2835 3992 2887 ὲκεί-

2413 2947 2557 2994 νους,
2620 2930 2749 2999 περί⁵
2808 2923 2883 2982 ὧν
2933 2929 3045 2980 ἄνω
3075 2926 3321 2994 διεξῆλθε
3382 2925 3604 2994 μᾶλλον.
3641 2925 3893 2995 Τιμοθέῳ
3931 2928 3992 2979 δὲ

2415 3021 2664 3089 γράφων,
2720 3020 2832 3081 τοῖς
2903 3017 3042 3085 μετά
3092 3016 3357 3084 Τιμόθεον
3421 3015 3806 3084 συμϐουλεύει,
3851 3020 3994 3070 ἀπο·

2413 3110 2708 3180 τρέπεσθαι
2760 3109 2886 3170 τοὺς
2916 3106 3214 3168 τοιούτους.
3265 3106 3338 3158 Ού
3399 3106 3507 3174 γὰρ
3552 3105 3618 3156 ἂν
3671 3098 3827 3167 οὗτος
3889 3107 3994 3166 τὰς

2411 3199 2643 3269 ἐσχάτας
2677 3198 2890 3268 ἡμέρας
2932 3194 3076 3267 εἶχεν
3119 3194 3463 3263 ἐπιφθάσαι,
3513 3195 3648 3247 ἀλλὰ
3691 3195 3788 3257 τὰς
3821 3194 3994 3257 εὐθὺς

2416 3289 2552 3357 μετά
2602 3286 2700 3356 τὴν
2733 3286 2942 3339 Παύλου
2997 3285 3276 3355 τελευτὴν,
3315 3284 3372 3334 εν
3399 3277 3487 3346 αἷς
3528 3289 3795 3355 περιεῖναι
3839 3285 3924 3337 ἔτι
3965 3288 3994 3337 ὁ

2413 3379 2679 3449 Τιμόθεος
2708 3378 2956 3447 ἔμελλεν.

736 3478 1095 3543 pertingere:
1138 3474 1235 3528 sed
1285 3489 1381 3530 eos
1427 3490 1722 3544 possumus
1775 3475 1939 3529 etiam
1993 3475 2298 3545 intelligere
2335 3473 2445 3529 diei
2479 3480 2775 3537 extremos,
2828 3471 2919 3541 qui
3010 3470 3162 3527 Pauli
3220 3472 3499 3528 interitum
3537 3472 3720 3526 statim
3797 3483 3996 3531 essent

735 3567 995 3624 secuturi,
1027 3565 1080 3617 in
1122 3565 1317 3631 quibus
1347 3564 1665 3620 Timotheus
1710 3565 1888 3621 adhuc
1915 3580 2194 3636 superstes
2226 3565 2442 3619 futurus
2466 3571 2606 3618 erat.

802 3659 890 3721 ill,
933 3657 1050 3711 6-9.
1091 3659 1172 3712 Ex
1222 3659 1300 3713 Itis
1334 3659 1472 3712 enim
1518 3669 1638 3713 sunt
1679 3661 1766 3729 qui
1802 3661 2021 3715 subeunt
2051 3663 2106 3714 in
2143 3662 2304 3729 {ami-

735 3752 855 3814 lias,
887 3763 932 3804 et
977 3753 1208 3819 captivas
1238 3751 1434 3804 ducunt
1469 3753 1808 3805 mulierculas
1844 3764 2093 3807 oneratas
2123 3769 2307 3820 pecca-

736 3842 824 3900 tis,
883 3858 998 3908 qua:
1049 3842 1316 3894 ducuntur
1359 3845 1792 3908 concupiscentiis
1848 3846 2006 3897 variis

732 3934 1010 3996 discentes,
1053 3949 1145 3984 nec
1176 3949 1403 4000 unquam
1433 3934 1500 3985 ad
1539 3936 1884 4001 cognitionem
1925 3938 2161 3989 veritatis
2212 3954 2299 3990 ve-

734 4024 846 4074 nire
872 4023 1116 4077 valentes.
1141 4025 1593 4089 Quemadmodum
1618 4028 1754 4078 enim
1774 4026 1970 4079 Janues
1992 4039 2039 4080 et
2060 4027 2304 4081 Jambres

737 4115 1053 4168 resistebant
1103 4114 1260 4179 Mosi,
1301 4117 1375 4167 ita
1424 4125 1472 4168 et
1517 4116 1570 4168 lii
1619 4118 1870 4168 resistunt
1916 4119 2123 4170 veritati
2161 4132 2178 4170 :
2210 4119 2305 4170 lio—

734 4208 898 4260 mincs
929 4216 1093 4260 mente
1121 4208 1375 4273 corrupti,
1408 4209 1613 4273 reprobi
1657 4209 1799 4260 circa
1857 4209 2039 4276 ﬁdem,
2073 4213 2161 4262 sed
2199 4227 2301 4265 non

733 4298 1004 4364 proﬁcient
1031 4297 1276 4362 amplius.
1298 4297 1568 4366 Siquidem
1591 4299 1823 4352 anientia
1844 4300 2077 4366 ipsorum
2093 4300 2299 4354 evidens

732 4389 832 4441 erit
863 4388 1126 4450 omnibus,
1159 4390 1292 4441 sicut
1319 4400 1367 4442 et
1397 4389 1613 4442 illorum
1645 4389 1771 4456 fuit.

804 4665 1187 4720 Animadverte
1249 4667 1522 4733 quomodo
1580 4675 1851 4720 secretum
1901 4683 2088 4722 eorum
2142 4667 2303 4736 273

732 4770 780 4809 et
813 4758 1196 4824 impudentiam
1225 4758 1549 4810 insidiarum
1580 4757 2030 4820 mauil'estaverit,
2067 4757 2258 4811 dicens
2288 4776 2301 4810 :

738 4867 756 4898 1
799 4847 896 4911 Qui
924 4847 1159 4899 subeunt
1189 4856 1242 4898 et
1272 4847 1515 4913 captivas
1541 4845 1749 4898 ducunt
1781 4845 2139 4900 mulierculas
2173 4859 2305 4898 one-

736 4946 880 4990 ratas
915 4937 1171 5005 peccatis.
1217 4955 1236 4986 ι
1277 4934 1441 4989 Vides
1495 4950 1587 4988 eos
1630 4933 1818 4987 fraude
1874 4935 1953 4987 uti
2010 4936 2304 5003 serpentis,

733 5043 836 5094 qua
881 5027 971 5078 ille
1005 5026 1270 5080 adversus
1302 5025 1473 5079 Adam
1501 5041 1633 5078 usus
1663 5025 1791 5078 est?
1821 5023 2130 5078 Verisimile
2158 5027 2302 5078 enim

729 5129 846 5173 erat
892 5127 945 5174 et
998 5120 1096 5172 hos
1154 5134 1247 5186 per
1302 5117 1560 5171 mulieres
1609 5117 1772 5169 etiam
1831 5117 1977 5170 viros
2015 5116 2300 5170 seducere.

733 5213 930 5266 Dicens
963 5220 1142 5263 autem
1179 5230 1191 5264 :
1225 5209 1593 5273 Mulierculas,
1625 5209 1806 5261 solum
1850 5207 2025 5260 innuit
2069 5207 2303 5261 facilita—

729 5312 836 5358 tem
861 5304 924 5357 ad
954 5304 1350 5371 deceptionem.
1378 5299 1481 5366 Qui
1505 5315 1634 5370 ergo
1661 5300 1965 5360 seducitur,
1992 5314 2304 5368 quanquam

729 5395 775 5448 is
805 5395 966 5448 fuerit
992 5395 1090 5455 vir,
1125 5392 1258 5446 nihil
1300 5393 1351 5444 in
1391 5392 1497 5444 huc
1534 5407 1560 5443 a
1606 5393 1831 5446 muliere
1875 5391 2075 5456 diﬂcrl,
2116 5408 2214 5447 nec
2241 5409 2303 5446 ea

732 5485 1082 5553 praestantior
1126 5493 1233 5537 est.
1267 5483 1421 5548 Quod
1456 5497 1584 5535 vero
1617 5482 1798 5536 subdit
1832 5501 1843 5534 :
1875 5483 2141 5537 Oneratas
2173 5499 2302 5552 pec-

733 5576 895 5641 catis,
935 5575 1338 5628 multitudinem
1369 5575 1619 5642 designat
1659 5589 1719 5626 ac
1769 5575 2143 5628 confusionem
2174 5591 2304 5643 pec—

736 5674 1005 5720 catorum.
1031 5664 1147 5719 Non
1174 5666 1320 5722 enim
1341 5667 1771 5735 qualescunque,
1814 5666 2009 5732 inquit,
2042 5666 2305 5720 seducunt

741 5758 992 5815 mulieres
1013 5756 1156 5828 (nam
1184 5766 1310 5814 sunt
1333 5766 1386 5814 ct
1404 5757 1657 5813 mulieres
1680 5757 1850 5812 virilis
1871 5765 2095 5823 naturae,
2119 5773 2277 5828 quem
2294 5788 2306 5797 ε

2493 3659 2594 3712 Ἐκ
2621 3659 2850 3712 τούτων
2877 3657 2990 3726 γάρ
3026 3659 3186 3711 εἰσιν
3235 3662 3286 3712 οἱ
3325 3658 3685 3724 ὲνδύνοντες
3739 3661 3827 3724 είς
3883 3661 3996 3726 τὰς

2406 3752 2650 3816 οἰκείας,
2686 3751 2782 3803 καί
2822 3748 3351 3819 αίχμαλωτίζοντες
3393 3751 3748 3817 γυναικάρια
3793 3766 3994 3805 σεσωο

2055 3860 2071 3896 .·
2110 3860 2308 3912 semper
2399 3842 2662 3910 ρευμένα
2719 3843 3053 3909 ἁμαρτίαις,
3097 3842 3359 3910 ἀγόμενα
3398 3842 3739 3909 ἐπιθυμίαις
3787 3846 3993 3896 ποικί-

2407 3936 2565 3996 λαις,
2623 3932 2882 3985 πάντοτε
2927 3931 3330 3999 μανθάνοντα,
3391 3932 3489 3985 καὶ
3533 3932 3839 3998 μηδέποτε
3901 3937 3993 3999 εἰς

2411 4025 2740 4093 ἐπίγνωσιν
2766 4026 3050 4091 ἀληθείας
3097 4025 3297 4077 ἐλθεῖν
3323 4024 3648 4093 δυνάμενα.
3687 4028 3796 4078 Ὃν
3855 4030 3993 4093 τρίτ-

2411 4134 2530 4172 πον
2554 4119 2622 4171 δὲ
2660 4118 2889 4185 Ἰαννῆς
2920 4120 3016 4171 καὶ
3055 4118 3331 4186 Ἰαμϐρῆς
3355 4119 3744 4184 ἀντέστησαν
3764 4120 3992 4187 Mch,

2409 4210 2596 4275 οὕτως
2635 4210 2734 4263 καὶ
2757 4206 2919 4264 οὗτοι
2943 4209 3329 4263 ἀνθίστανται
3359 4209 3433 4276 τῇ
3459 4211 3726 4278 ἀληθείᾳ,
3755 4212 3986 4280 ἀνορω-

2412 4318 2515 4354 ποι
2544 4299 3010 4368 κατεφθαρμένοι
3052 4301 3159 4354 τὸν
3185 4301 3354 4365 νοῦν,
3380 4300 3650 4370 ἀδόκιμοι
3698 4307 3832 4370 περὶ
3873 4306 3997 4370 τὴν

2406 4392 2634 4444 πίστιν.
2656 4391 2820 4444 Ἀλλ’
2847 4392 2919 4444 οὐ
2955 4392 3380 4458 προκόψουσιν
3415 4392 3510 4443 ἐπὶ
3543 4393 3773 4447 πλεῖον.
3791 4396 3856 4448 Ἡ
3879 4398 3996 4465 γὰρ

2331 4471 2577 4535 Dareta
2630 4481 2830 4536 αὐτῶν
2880 4482 3141 4550 ἔκδηλος
3191 4483 3362 4536 ἔσται
3409 4483 3622 4550 ὦσιν,
3680 4487 3762 4552 ὡς
3803 4489 3906 4541 καὶ
3955 4492 3993 4554 ἡ

2407 4571 2658 4624 ἐκείνων
2679 4570 2938 4638 ἐγένετο.

2479 4662 2621 4730 Ὅρα
2674 4660 2791 4722 πῶς
2827 4662 2889 4714 τὸ
2946 4661 3205 4730 λαθραῖον
3249 4665 3432 4717 αυτῶν
3482 4665 3575 4717 καὶ
3624 4667 3997 4736 ἀναίσχυντον

2405 4754 2506 4820 τῆς
2540 4753 2836 4822 ἑπιὸουλῆς
2872 4753 3108 4823 ιδήλωαε
3152 4755 3240 4807 διά
3268 4755 3361 4808 τοῦ
3385 4797 3398 4818 ,
3441 4775 3458 4807 1
3497 4757 3853 4822 Είσδύνοντες
3891 4765 3996 4814 καὶ

2408 4843 2901 4913 αἰχμαλωτίζοντες
2959 4845 3288 4916 γυναικάρια
3347 4850 3734 4918 σεσωρευμένα
3795 4852 3995 4922 ἀμαρ-

2407 4935 2571 4997 τίαις.
2617 4953 2634 4984 ι
2685 4933 2847 5004 Ὁρᾷς
2883 4935 3083 4996 αὐτοὺς
3113 4937 3178 5004 τῇ
3210 4933 3303 4988 τοῦ
3336 4936 3515 5003 ὄφεως
3544 4939 3728 5008 ἀπάτῃ
3777 4958 3990 5010 κεχρη-

2412 5026 2629 5094 μένους,
2724 5024 2866 5077 κατά
2891 5025 2984 5077 τοῦ
3030 5025 3197 5095 Ἀδάμ
3227 5026 3500 5096 ἐχρήσατο
3529 5045 3542 5091 ;
3576 5030 3734 5092 Εἰκὸς
3763 5031 3880 5100 γάρ
3919 5028 3999 5101 ἦν

2407 5117 2500 5168 καὶ
2531 5116 2758 5177 τούτους
2811 5114 2900 5167 διὰ
2961 5115 3069 5168 τῶν
3120 5118 3418 5182 γυναικῶν,
3480 5121 3571 5172 καὶ
3619 5123 3744 5182 τοὺς
3777 5123 4002 5192 ἄνδρας

2406 5208 2650 5276 ἀπατᾷν.
2699 5205 3035 5277 Γυναικάρια
3087 5206 3145 5258 δὲ
3179 5209 3369 5268 εἰπὼν,
3414 5210 3580 5278 μόνον
3616 5211 3676 5263 τὸ
3707 5214 4000 5278 εὐεξαπά-

2407 5314 2570 5363 τητον
2607 5295 2848 5365 ᾐνίξατο.
2891 5296 2949 5347 ὐ
2979 5297 3159 5348 τοίνυν
3186 5286 3570 5368 ἀπατώμενος,
3604 5302 3709 5354 κᾶν
3739 5305 3885 5374 ἀνὴρ
3925 5302 3996 5376 ᾗ,

2407 5387 2558 5440 οὐδὲν
2586 5388 2830 5454 διαφέρει
2876 5389 3017 5438 κατά
3065 5389 3242 5450 τοῦτο,
3275 5392 3553 5455 γυναικός.
3591 5393 3662 5444 Τὸ
3689 5392 3765 5455 δὲ,
3801 5396 4002 5449 Σεσω-

2413 5477 2650 5546 ρευμένα
2691 5479 3015 5547 ἁμαρτίαις,
3049 5479 3111 5530 τὸ
3144 5479 3349 5545 πλῆθος
3390 5481 3541 5549 δηλοῖ
3579 5483 3694 5535 καὶ·
3719 5485 3823 5554 τὴν
3851 5487 4006 5554 σύγ-

2410 5587 2567 5638 χυσιν
2593 5570 2701 5622 τῶν
2732 5571 3037 5639 ἁμαρτιῶν.
3058 5571 3130 5622 Ού
3154 5570 3261 5640 γὰρ
3295 5572 3500 5638 ἁπλῶς,
3528 5576 3685 5644 φησι,
3713 5580 4005 5644 γυναῖκας

2411 5663 2695 5716 ἀπατῶσιν
2755 5663 2882 5732 (εἰσὶ
2913 5663 3019 5734 γὰρ
3052 5665 3146 5716 καὶ
3176 5669 3433 5731 γυναῖκες
3457 5668 3708 5737 ἀνδρείας
3743 5672 4004 5738 φύσεως,

2412 5756 2603 5828 ῶσπερ
2639 5757 2730 5810 καὶ
2775 5757 2958 5827 ἄνδρες
3013 5759 3370 5828 γυναικείας),
3421 5761 3552 5816 ά).λά
3597 5763 3662 5814 τὰ
3710 5780 4007 5834 σεσωρευ-
