4144 6456
729 447 835 508 227

1795 436 2189 498 (ECUMEXH
2232 434 2521 494 TRICCE
2553 433 2892 496 EPlSCOl’I

3873 433 3977 494 228

719 560 838 614 Non
888 557 1090 623 solum,
1128 559 1325 628 inquit,
1362 554 1795 627 persecutionem
1842 551 2099 612 ferebam,
2133 546 2226 601 sed
2257 555 2309 600 et

2431 543 2548 598 ,ἴδεν
2583 548 2614 612 ἡ
2643 546 2870 616 συνεχὴς
2902 548 3088 617 μνήμη
3115 549 3222 600 τῶν
3256 548 3981 619 πειρασμῶν,παραθαῤῥυο

721 653 870 706 varia
931 653 1192 720 patiebar.
1247 647 1448 703 Deinde
1494 647 1658 701 etiam
1714 646 1767 696 in
1808 644 1989 712 specie
2042 647 2296 694 recenset

724 743 1070 800 afﬂictio-nes,
1126 741 1231 793 hoc
1296 737 1458 790 modo
1521 734 1852 802 discipulum
1921 730 2297 784 audentiorem

724 832 980 888 reddens.
1047 830 1202 885 Novit
1262 828 1432 890 enim,
1492 826 1666 887 novit,
1737 826 1982 891 inquam,
2041 820 2300 874 continua

725 923 1081 976 amictionum
1147 919 1410 972 memoria
1489 916 1689 970 addere
1763 917 2032 967 animum.
2093 910 2297 963 Horum

726 1025 908 1069 autem
983 1013 1158 1066 solum
1241 1010 1508 1071 meminit,
1586 1014 1680 1059 aut
1760 1005 1904 1074 quod
1966 1003 2301 1064 recentiora,

727 1114 818 1158 aut
885 1103 1030 1171 quod
1104 1102 1393 1156 Timotheo
1446 1107 1572 1153 nota
1633 1105 1852 1156 essent,
1921 1105 1974 1148 et
2040 1095 2142 1147 hoc
2210 1109 2305 1145 ve—

725 1197 1014 1249 risimilius
1077 1202 1178 1247 est.
1271 1211 1288 1242 (
1342 1189 1663 1242 Antiochiae.
1709 1206 1725 1237 ι
1826 1184 1943 1237 Non
2019 1189 2305 1237 enumerat

729 1289 1063 1340 tentationes
1105 1286 1156 1336 in
1191 1283 1375 1352 specie
1423 1301 1437 1335 :
1488 1295 1665 1348 neque
1699 1281 1844 1333 enim
1897 1277 1971 1329 illi
2007 1290 2188 1330 sermo
2221 1281 2308 1326 est

727 1376 797 1429 ad
839 1377 1088 1443 gloriam,
1150 1374 1244 1425 sed
1291 1371 1357 1424 ad
1413 1370 1811 1424 institutionem
1861 1366 2136 1434 discipuli.
2190 1363 2307 1416 Duo

729 1474 911 1517 autem
943 1465 1029 1517 hic
1070 1464 1205 1516 dicit
1239 1478 1360 1530 qua
1408 1469 1538 1514 sunt
1587 1461 1653 1512 ad
1703 1459 2141 1512 exhortationem
2187 1456 2306 1507 ido-

731 1571 854 1607 nea.
893 1554 1024 1622 Ego,
1061 1554 1256 1620 inquit,
1300 1552 1464 1603 animi
1517 1549 2003 1617 promptitudinem
2057 1545 2305 1607 exhibui,

733 1643 877 1696 Deus
903 1657 1031 1695 vero
1065 1643 1349 1694 auxilium.
1384 1667 1449 1678 --
1477 1637 1820 1689 Antiochiam
1852 1649 1980 1687 vero
2004 1634 2136 1686 dicit
2168 1632 2309 1684 1³ἰεί-

731 1737 854 1789 dire.
883 1734 1043 1802 275
1099 1752 1116 1784 ι
1157 1733 1200 1785 Α
1253 1731 1484 1802 Lystris.
1525 1747 1543 1778 ι
1589 1727 1839 1782 Arbitror
1880 1726 2025 1795 quod
2057 1741 2120 1778 ex
2169 1725 2310 1793 abje-

733 1829 915 1879 ctione
943 1826 1176 1893 quadam
1215 1824 1517 1876 novissimo
1570 1821 1691 1873 loco
1731 1819 1934 1871 dixerit
1983 1815 2212 1884 Lystris,
2239 1829 2305 1866 ex

734 1933 841 1986 qua
871 1917 1135 1968 oriundus
1169 1922 1284 1968 erat
1309 1912 1631 1972 Timotheus

2401 654 2511 688 νειν
2549 637 2746 706 ψυχήν.
2780 638 2999 689 Τούτων
3033 639 3087 690 δὲ
3123 641 3282 707 μόνον
3321 639 3563 709 ἐμνήσθη
3590 679 3605 703 ,
3653 641 3684 709 ἢ
3733 640 3809 701 ὡς
3856 656 3979 690 νεα-

2405 726 2679 797 ρωτέρων,
2712 728 2743 796 ἦ
2777 729 2849 790 ὡς
2879 731 2972 781 καὶ
3019 728 3096 796 τῷ
3130 727 3378 798 Τιμοθέῳ
3418 731 3802 797 ἐγνωσμένων,
3841 733 3980 797 ὅπερ

2402 819 2497 871 καὶ
2547 819 2792 887 ἄμεινον.
2835 838 2852 870 ι
2902 821 2990 872 Ἐν
3026 821 3346 892 Ἀντιοχείᾳ.
3388 841 3405 872 ι
3438 823 3552 873 Οὐκ
3579 823 3979 890 ἀπαριθμείται

2406 911 2525 963 κατ’
2553 907 2692 972 εἶδος
2728 911 2853 971 τοὺς
2879 913 3244 982 πειρασμούς.
3299 915 3374 965 Οὐ
3410 915 3519 984 γὰρ
3566 913 3716 982 αὑτῷ
3762 915 3789 964 ὁ
3821 913 3982 979 λόγος

2409 1003 2545 1071 πρὸς
2572 1003 2881 1071 φιλοτιμίαν
2904 1005 3025 1072 ὁρᾷ.
3049 1004 3181 1057 ἀλλὰ
3198 1004 3335 1073 πρὸς
3355 1005 3575 1073 όδηγίαν
3594 1006 3685 1057 τοῦ
3712 1003 3980 1073 μαθητοῦ.

2407 1094 2511 1147 Δὺο
2543 1095 2600 1147 δὲ
2633 1096 2864 1148 ἐνταῦθα
2900 1097 3046 1163 λέγει
3077 1101 3157 1159 εἰς
3201 1101 3514 1168 προτροπὴν
3541 1099 3981 1166 ὲπιτήδεια.”οτι

2406 1201 2465 1235 τε
2503 1184 2635 1250 ἐγὼ,
2694 1187 2850 1254 φησὶ,
2909 1187 3222 1255 προθυμίαν
3284 1189 3571 1256 παρέσχον,
3621 1189 3717 1240 καὶ
3769 1191 3797 1238 ὁ
3849 1187 3982 1248 Θεὸς

2412 1275 2686 1343 βοήθειαν.
2715 1306 2782 1316 -
2814 1277 3155 1349 [ΟῘΚΟΥΜ.]
3209 1279 3542 1347 Ἀντιόχειαν
3592 1279 3647 1330 δὲ
3695 1279 3793 1346 τὴν
3829 1278 3985 1329 Πισ-

2411 1365 2530 1427 δίας
2574 1366 2743 1432 λέγει.
2784 1386 2801 1416 ι
2848 1369 2936 1419 Ἐν
2972 1368 3258 1437 Λύστροις.
3305 1387 3322 1418 ι
3371 1368 3638 1435 Ἠγοῦμαι
3684 1367 3824 1418 κατά
3861 1381 3987 1417 τινα

2413 1451 2753 1519 εὐτελισμὸν.
2796 1454 3029 1523 ἐσχάτης
3061 1457 3220 1507 αὑτὸν
3244 1456 3342 1522 τῆς
3373 1456 3621 1524 Λύστρης
3653 1454 3983 1522 μνησθῆναι,

2415 1541 2474 1604 ἐξ
2507 1537 2572 1612 ἦς
2600 1540 2666 1612 ἦν
2700 1546 2727 1596 ὁ
2759 1545 3043 1612 Τιμόθεος,
3087 1547 3218 1598 ὡσεὶ
3245 1544 3363 1598 εἶπε
3392 1563 3404 1577 ο
3434 1548 3541 1599 Ναὶ
3561 1550 3639 1608 εἰς
3666 1549 3762 1608 τὰς
3811 1546 3985 1596 πολυ-

2413 1633 2734 1702 ανθρώπους
2781 1636 2981 1700 πόλεις,
3032 1636 3232 1688 ἔπαθον
3260 1638 3402 1705 ἅπερ
3434 1640 3654 1697 ἔπαθον,
3699 1638 3752 1688 τί
3793 1639 3886 1688 καὶ
3929 1638 3987 1686 ἐν

2415 1724 2716 1795 Λύστροιςς
2751 1729 2920 1780 Πόθεν
2950 1729 3253 1797 εὑρέθησαν
3286 1731 3332 1780 οἱ
3375 1729 3670 1791 κακοῦντες
3700 1745 3765 1796 με
3795 1730 3854 1779 ὲν
3885 1727 3989 1778 Λύ-

2414 1830 2563 1883 τροις
2598 1817 2692 1868 ἄνθ
2703 1835 2870 1884 ρωποι
2893 1837 2906 1881 ;

1675 1924 1789 1962 :ae
1821 1908 2097 1960 sidiceret
2135 1903 2424 1961 :Profecto
2463 1907 2515 1957 in
2569 1906 2951 1976 frequentibus
3017 1925 3079 1963 ac
3129 1912 3414 1980 populosis
3491 1910 3804 1963 civitatibus
3894 1927 3991 1980 pa-

736 2010 910 2062 tiebar
952 2023 1072 2075 qua:
1121 2020 1316 2074 passus
1371 2016 1540 2056 sum:
1581 1999 1675 2054 sed
1717 2015 1818 2053 cur
1871 1998 2035 2052 etiam
2097 1995 2309 2065 Lystris
2349 2010 2543 2064 passus
2585 2001 2750 2053 sum?
2798 1999 2948 2056 Unde
3000 2003 3206 2057 inventi
3258 2010 3389 2057 sunt
3431 2001 3682 2056 homines
3756 2003 3851 2071 qui
3904 2005 3993 2052 me

737 2101 948 2172 Lystris
980 2098 1322 2164 adﬂigerent?

812 2196 900 2253 Ill,
931 2193 996 2246 12
1029 2193 1112 2245 l7.
1168 2191 1270 2245 Sed
1301 2201 1348 2242 et
1389 2205 1567 2242 omnes
1595 2190 1683 2258 qui
1716 2187 1894 2240 volunt
1934 2186 2016 2252 pie
2063 2185 2227 2238 vivere
2257 2183 2313 2234 in

2495 2187 2600 2239 Καὶ
2655 2188 2880 2254 πάντες
2930 2189 2998 2242 δὲ
3049 2193 3102 2242 οι
3136 2189 3418 2254 θέλοντες
3467 2190 3735 2251 εὐσεϐῶς
3785 2187 3896 2255 ζῇν
3924 2189 3994 2240 ἐν

738 2285 950 2343 Christo
984 2282 1111 2336 Jesn
1181 2281 1588 2335 persecutione»:
1630 2280 1920 2347 patientur.
1976 2277 2148 2328 Porro
2186 2273 2316 2325 mali

741 2381 976 2432 homines
1007 2387 1052 2428 et
1084 2377 1393 2440 impostores
1424 2371 1700 2438 proﬁcient
1735 2370 1786 2420 in
1820 2367 1990 2434 pejus,
2024 2366 2150 2418 dum
2186 2375 2232 2417 et
2264 2365 2315 2417 in

740 2485 970 2523 errarem
1015 2465 1274 2517 adducent
1316 2473 1363 2515 et
1399 2463 1651 2514 errabant
1700 2461 1824 2526 ipsi.
1873 2458 1951 2511 Tu
2000 2473 2115 2510 vero
2149 2459 2200 2508 in
2238 2457 2317 2509 liis

739 2561 959 2628 persiste
998 2573 1112 2624 qua:
1166 2555 1421 2617 didicisti,
1465 2561 1514 2605 et
1566 2554 1618 2604 in
1668 2553 1854 2619 quibus
1905 2551 2096 2602 certior
2148 2547 2322 2600 reddi-

746 2658 829 2700 tus
863 2663 937 2707 es,
976 2647 1144 2698 sciens
1202 2658 1232 2692 a
1283 2659 1384 2710 quo
1432 2640 1704 2701 didiceris,
1759 2647 1806 2692 et
1869 2640 2006 2706 quod
2074 2653 2104 2688 a
2163 2651 2320 2702 puero

754 2755 937 2790 sacras
992 2734 1222 2787 Litteras
1278 2733 1501 2795 noveris,
1557 2746 1670 2796 qua:
1738 2740 1784 2781 te
1830 2738 2047 2795 possunt
2114 2729 2323 2780 erudire

747 2829 816 2881 ad
885 2827 1109 2879 salutem
1148 2841 1238 2891 per
1299 2824 1453 2890 fidem
1511 2838 1627 2891 qua:
1665 2832 1740 2874 est
1801 2821 1851 2872 in
1894 2820 2102 2874 Christo
2170 2818 2321 2870 Jesu.

750 2921 936 2974 Omnis
969 2918 1246 2984 Scriptura
1283 2917 1534 2968 divinitus
1570 2916 1830 2981 inspirata
1863 2923 1960 2974 est,
2003 2924 2050 2964 et
2083 2911 2226 2963 utilis
2255 2911 2322 2961 ad

747 3011 1069 3067 doctrinam,
1105 3006 1171 3058 ad
1226 3005 1667 3071 redargutionem,
1719 3005 1786 3056 ad
1834 3003 2225 3062 correctionem,
2258 3000 2325 3053 ad

748 3100 1130 3151 institutionem
1157 3112 1270 3163 qua:
1307 3105 1382 3148 est
1426 3095 1478 3145 in
1510 3095 1744 3162 iustitia,
1787 3103 1843 3146 ut
1891 3095 2087 3163 integer
2128 3093 2197 3146 sit
2235 3091 2328 3144 Dei

749 3190 901 3242 homo
929 3190 996 3240 ad
1025 3205 1173 3240 omne
1201 3201 1328 3253 opus
1357 3187 1547 3238 bonum
1578 3186 1861 3252 perfectus.

820 3279 884 3330 Et
934 3279 1066 3347 quid
1123 3279 1269 3339 dico,
1326 3278 1526 3346 inquit,
1579 3276 1645 3329 de
1710 3276 1941 3344 meipso,
1990 3289 2117 3328 cum
2163 3275 2327 3328 etiam

751 3385 942 3425 omnes
967 3374 1056 3438 qui
1081 3370 1271 3421 volunt
1301 3368 1388 3437 pie
1422 3368 1605 3421 vivere
1637 3367 2075 3435 persecutionem
2107 3364 2329 3434 passuri

752 3461 896 3514 sint?
943 3460 1078 3513 Dicit
1113 3473 1291 3513 autem
1343 3458 1787 3512 Persecutionem
1823 3473 1932 3512 non
1975 3459 2154 3512 solum
2210 3472 2332 3525 quae

755 3553 825 3606 ab
853 3550 1156 3604 idololatris
1190 3549 1445 3610 infertur,
1475 3564 1665 3601 verum
1700 3549 1865 3602 etiam
1900 3557 2131 3602 cunctas
2168 3547 2330 3600 alIlic-
2359 3524 2402 3581 ο

755 3642 932 3694 tiones
969 3655 1032 3693 ac
1078 3641 1432 3693 tentationes.
1468 3657 1482 3688 t
1527 3638 1624 3691 Est
1672 3637 1819 3690 enim
1844 3644 2075 3706 angusta
2100 3647 2153 3690 et
2188 3644 2336 3688 arcta

753 3734 839 3785 via
870 3747 990 3800 qua:
1019 3731 1171 3784 ducit
1205 3732 1268 3783 ad
1297 3732 1464 3782 vitam
1488 3729 1552 3780 ¹¹.
1590 3747 1608 3779 ι
1633 3758 1702 3767 -
1740 3746 1758 3778 ι
1800 3726 1856 3780 1η
1876 3727 2099 3786 Christo
2126 3727 2276 3780 Jesu.
2312 3745 2330 3778 ι

754 3821 890 3876 Nam
919 3822 1033 3875 sola
1064 3825 1176 3875 hanc
1211 3829 1295 3874 est
1317 3821 1403 3887 pia
1426 3823 1562 3883 vita,
1588 3834 1708 3885 qua:
1741 3828 1826 3871 est
1850 3818 1903 3870 in
1930 3818 2151 3872 Christo
2182 3816 2335 3871 Jesu.

763 3930 782 3964 ι
821 3911 1260 3966 Fersecntionem
1317 3911 1610 3979 patientur.
1654 3927 1672 3959 ι
1711 3906 1862 3961 Talis
1904 3915 1987 3961 est
2017 3915 2210 3960 natura
2250 3921 2338 3959 re-

759 4020 900 4063 rum,
940 4003 1196 4072 quoniam
1233 4016 1341 4054 non
1371 4007 1455 4054 est
1483 4015 1628 4053 nunc
1664 4000 1773 4052 vita
1807 4000 2045 4068 piorum,
2076 3999 2169 4052 sed
2219 4012 2340 4065 per-

759 4109 1068 4147 versurum.
1100 4093 1284 4161 Neque
1322 4093 1468 4146 enim
1511 4098 1687 4159 potest
1709 4091 1755 4143 is
1783 4089 1874 4158 qui
1916 4090 1967 4142 in
2004 4090 2144 4142 bello
2173 4096 2257 4142 est
2286 4098 2340 4138 et

761 4199 964 4252 pugna,
998 4185 1182 4250 quiete
1219 4182 1421 4234 vivere.
1459 4201 1476 4231 ι
1522 4181 1815 4235 Pruﬁcient
1857 4182 1908 4231 in
1947 4182 2121 4248 pejus.
2158 4198 2174 4228 ι
2209 4179 2342 4231 Pro-

764 4279 926 4327 ficere
971 4275 1115 4326 enim
1157 4289 1246 4325 res
1302 4274 1477 4326 inedia
1517 4281 1618 4333 est,
1659 4274 1774 4327 sive
1830 4273 2148 4326 indiderens
2191 4282 2242 4326 et
2275 4272 2341 4325 ad

765 4368 962 4421 melius
989 4375 1041 4419 et
1091 4365 1155 4418 ad
1193 4365 1372 4433 pejus.
1417 4366 1480 4418 Hi
1531 4366 1695 4435 igitur
1737 4367 1790 4418 in
1833 4367 1988 4434 pejus
2015 4366 2339 4434 proficient:

767 4473 890 4510 nam
946 4457 1358 4524 interpretando
1388 4456 1517 4524 quid
1564 4458 1634 4509 sit
1691 4455 1875 4522 Pejus,
1906 4459 2044 4511 dixit
2085 4459 2230 4525 quod
2288 4456 2342 4508 in

765 4565 1004 4603 errorem
1040 4550 1317 4601 adducent
1351 4559 1404 4601 et
1454 4547 1723 4600 errabunt
1773 4549 1898 4615 ipsi.
1942 4567 1958 4599 ι
1995 4549 2074 4601 Tu
2115 4564 2242 4601 vero
2290 4548 2345 4600 in

765 4642 849 4694 his
873 4641 1104 4709 persiste
1135 4655 1254 4707 qua:
1288 4639 1551 4693 didicisti.
1589 4659 1605 4690 ι
1637 4669 1705 4679 -
1739 4659 1755 4689 ι
1781 4641 1857 4693 Ne
1875 4641 2166 4703 asinuleris,
2192 4647 2246 4690 nt
2271 4639 2345 4690 ait

768 4732 959 4794 David,
1017 4740 1309 4798 cperantes
1342 4730 1712 4796 iniquitatem,
1739 4747 1912 4798 neque
1949 4731 2218 4783 hominem
2252 4732 2345 4798 qui

769 4835 1031 4890 prospere
1065 4819 1309 4872 ambulat
1341 4819 1393 4871 in
1421 4820 1504 4871 via
1525 4832 1623 4871 sua
1655 4819 1719 4871 ¹¹.
1760 4839 1778 4869 ι
1828 4838 1845 4868 ι
1887 4820 1949 4871 Et
1986 4823 2193 4873 certior
2221 4820 2343 4873 red-

767 4910 918 4962 ditus
955 4923 1013 4961 es
1043 4927 1054 4960 :
1085 4927 1104 4958 ι
1142 4907 1242 4960 huc
1267 4917 1369 4970 est,
1391 4908 1776 4961 certitudincm
1807 4909 2066 4962 didicisti.
2099 4927 2116 4958 ι
2157 4908 2348 4962 Sciens

769 5017 799 5053 a
841 5016 947 5069 quo
1005 4999 1286 5052 didiceris.
1327 5017 1343 5047 ι
1400 4999 1542 5052 Duas
1601 4998 1780 5051 reddit
1828 5016 2022 5054 causas
2074 5015 2174 5053 cur
2222 5018 2343 5054 eum

773 5092 986 5142 ﬁrmum
1016 5091 1217 5142 sistere
1257 5095 1529 5155 oporteat,
1554 5102 1653 5140 nec
1687 5087 1846 5142 facile
1876 5089 2045 5141 everti
2078 5106 2089 5141 :
2124 5091 2190 5143 Et
2220 5091 2348 5158 quia

772 5197 882 5233 non
919 5196 944 5230 a
993 5183 1190 5247 quovis
1239 5179 1448 5247 vulgari
1508 5179 1773 5243 didicisti,
1822 5180 1915 5233 sed
1965 5195 1992 5232 a
2045 5180 2213 5234 Paulo
2246 5199 2260 5236 :
2296 5191 2349 5236 et

775 5272 900 5340 quia
938 5273 990 5322 in
1027 5268 1356 5338 profundum
1390 5271 1541 5322 radix
1590 5271 1683 5324 tibi
1737 5272 1914 5338 posita
1969 5282 2050 5324 est
2100 5271 2350 5340 Scriptu-

777 5374 980 5418 rarum,
1027 5373 1148 5426 qua:
1204 5372 1232 5410 a
1299 5360 1485 5411 inultis
1539 5361 1880 5425 temporibus
1934 5363 2149 5429 scripta:
2195 5371 2347 5414 sunt.

777 5451 976 5504 Sacras
1009 5460 1187 5503 autem
1224 5449 1457 5503 Litteras
1492 5450 1625 5503 dicit
1663 5450 2001 5519 Scripturam
2029 5469 2148 5520 qua:
2179 5467 2207 5504 a
2243 5451 2350 5506 Deo

780 5542 1045 5608 inspirata
1083 5551 1184 5596 est.
1229 5564 1254 5589 ιι
1298 5543 1430 5606 Quae
1469 5551 1518 5594 te
1569 5551 1800 5610 possunt
1831 5544 2068 5596 erudire.
2117 5564 2133 5595 ι
2185 5546 2348 5614 276

777 5632 1128 5701 bit-quaquam
1161 5640 1211 5686 te
1255 5637 1569 5702 permittent
1606 5635 1930 5702 insipienter
1979 5651 2105 5706 erga
2143 5637 2344 5705 aliquid

855 5820 890 5847 '-'
933 5816 1122 5870 Matth.
1158 5833 1246 5879 \‘ll,
1293 5817 1374 5870 Η.
1458 5821 1498 5850 ¹²
1530 5820 1672 5875 Psal.
1724 5837 1905 5884 xxxvi,
1971 5821 2019 5873 i-

2417 2276 2647 2342 λζοιστῷ
2690 2280 2894 2344 Ἰησοῦ
2941 2279 3401 2346 διωχθήσονται,
3453 2281 3709 2344 Πονηροὶ
3765 2278 3834 2330 δὲ
3892 2279 3995 2330 ἆγ-

2419 2371 2637 2433 θρωποι
2690 2371 2786 2421 καὶ
2828 2371 3040 2437 γόητες
3078 2373 3503 2437 προκόψουσιν
3524 2372 3620 2422 ἐπὶ
3665 2371 3726 2422 τό
3769 2371 3993 2436 χεῖρον.

2420 2458 2768 2524 πλανῶντες
2814 2462 2909 2512 καὶ
2951 2462 3353 2529 πλανώμενοι.
3397 2463 3478 2514 Σὺ
3510 2461 3577 2513 δὲ
3607 2461 3754 2529 μένε
3795 2463 3868 2513 ἐν
3907 2457 3997 2523 εἷς

2419 2551 2632 2617 ἔμαθες
2663 2552 2758 2603 καὶ
2787 2554 3123 2618 ἐπιστώθης
3144 2596 3158 2617 ,
3191 2553 3360 2618 εἰδὼς
3386 2555 3543 2620 παρὰ
3573 2554 3736 2616 τίνος
3759 2552 3997 2619 ἔμαθες,

2421 2640 2520 2692 καὶ
2547 2641 2631 2693 ὅτι
2664 2642 3069 2711 άπόβρέερους
3098 2645 3167 2695 τὰ
3201 2646 3323 2710 ἱερὰ
3350 2647 3676 2711 Γράμματα
3711 2639 3906 2705 οἶδας,
3929 2642 4001 2693 τὰ

2422 2731 2723 2799 δυνάμενὰ
2749 2749 2822 2786 σε
2843 2736 3096 2801 σοφίσαι
3127 2738 3212 2799 εἰς
3264 2738 3585 2802 σωτηρίαν,
3618 2736 3712 2785 διὰ
3739 2736 4002 2796 πίστεως

2425 2822 2532 2886 τῆς
2554 2823 2622 2875 ἐν
2652 2825 2881 2891 Χριστῷ
2898 2827 3128 2892 Ἰησοῦ.
3159 2825 3330 2878 Πᾶσα
3356 2827 3564 2894 Γραςὴ
3595 2829 4003 2888 θεόπνευστος

2425 2913 2521 2964 καὶ
2550 2914 2843 2981 ὠφέλιμος
2889 2916 3038 2982 πρὸς
3062 2916 3483 2979 διδασκαλὰιιν,
3534 2924 3680 2985 πρὸς
3721 2919 4000 2985 ἔᾸεῖ-χωο,

2428 3005 2576 3073 πρὸς
2607 3007 3043 3072 ἐπανόρθωσιν,
3065 3008 3215 3074 πρὸς
3239 3009 3519 3061 παιδείαν
3539 3009 3654 3074 τὴν
3684 3011 3752 3062 ἐν
3786 3009 4006 3061 δικαιο-

2430 3100 2610 3162 σύνῃ,
2645 3098 2744 3148 ἵνα
2779 3098 2979 3163 ἄρτιος
3025 3093 3064 3166 ᾗ
3094 3102 3125 3150 ό
3153 3098 3259 3150 τοῦ
3303 3099 3451 3152 Θεοῦ
3489 3101 3819 3166 ἅνθρωπος,
3857 3102 4007 3166 πρὸς

2429 3187 2552 3242 πᾶν
2576 3189 2752 3255 ἔργον
2776 3189 3000 3255 ἀγαθὸν
3025 3190 3472 3257 ἐξηρτισμένος.

2504 3281 2611 3330 Καὶ
2646 3279 2697 3329 τί
2729 3279 2892 3345 λέγω,
2915 3282 3065 3348 φησὶ,
3103 3284 3232 3350 περὶ
3268 3282 3542 3348 sita-4:05;
3579 3283 3787 3344 Πάντες
3818 3283 3932 3350 γὰρ
3959 3284 4006 3333 οἱ

2435 3369 2682 3430 θέλοντες
2729 3370 2966 3431 εὐσεϐῶς
2999 3371 3121 3437 ζῇν,
3167 3371 3579 3440 διωχθήσονται.
3625 3374 3866 3439 διωγμὸν
3918 3374 4006 3424 λέ-

2433 3480 2567 3530 γων,
2617 3463 2675 3514 οὐ
2729 3465 2886 3530 μόνον
2923 3463 3072 3532 παρὰ
3117 3465 3228 3516 τῶν
3263 3465 3688 3530 εἰδωλολατρῶν,
3729 3467 3873 3518 ἀλλά
3912 3467 4008 3516 καὶ

2435 3551 2530 3610 τὰς
2577 3549 2781 3616 θλίψεις
2832 3553 2924 3602 καὶ
2959 3553 3083 3612 τοὺς
3123 3555 3484 3621 πειρασμους.
3536 3555 3700 3622 Στενῆ
3758 3557 3870 3622 γὰρ
3915 3559 4010 3608 καὶ

2434 3641 2824 3708 τεθλιμμένηή
2855 3639 2971 3701 ὁδὸς
3007 3640 3104 3708 τῆς
3140 3642 3304 3709 ζωῆς.
3342 3661 3359 3692 ι
3387 3643 3473 3694 Ἐν
3507 3645 3731 3712 Χριστῷ
3771 3645 4004 3712 Ἰησοῦ.»

2436 3729 2580 3796 Αὕτη
2613 3729 2721 3795 γὰρ
2757 3728 2892 3796 μόνη
2927 3727 3160 3795 εὐσεὸὴς
3193 3729 3328 3798 ζωὴ,
3359 3731 3390 3798 ἡ
3438 3733 3494 3782 ἐν
3539 3730 3760 3799 Χριστῴ
3805 3729 4008 3799 Ἰησοῦ.

2445 3840 2462 3872 ι
2489 3821 2916 3888 Διωχθήσονται.
2948 3837 2965 3868 ι
2995 3820 3182 3881 Οὕτως
3208 3823 3239 3888 ή
3273 3822 3433 3886 φύσις
3467 3821 3584 3873 ἐστὶ
3606 3822 3714 3872 τῶν
3747 3822 4014 3889 πραγμά-

2435 3930 2563 3964 των.
2609 3912 2826 3979 Ἐπειδὴ
2879 3912 2977 3962 οὐκ
3021 3910 3170 3961 ἐστιν
3233 3912 3264 3978 ἡ
3317 3911 3412 3962 νῦν
3450 3911 3562 3980 ζωὴ
3611 3912 3716 3964 τῶν
3744 3913 4012 3975 εὐσεϐῶν,

2437 4003 2573 4055 ἀλλὰ
2607 4002 2713 4053 τῶν
2763 4001 3034 4069 πονηρῶν.
3073 4002 3207 4052 Οὐδὲ
3246 4002 3354 4069 γὰρ
3406 4002 3484 4052 ἔνι
3533 4001 3879 4068 πολεμοῦντα
3921 4007 4017 4052 καὶ

2440 4093 2778 4146 πυκτεύοντα
2835 4094 2892 4142 ὲν
2939 4091 3123 4143 ἀνέσει
3173 4094 3293 4159 ζῇν.
3356 4111 3374 4142 ι
3407 4093 3778 4158 Προκόψουσιν
3817 4093 3918 4144 ἐπὶ
3957 4094 4019 4144 τὸ

2440 4189 2642 4254 χεῖρον.
2678 4203 2696 4234 ι
2751 4183 2816 4235 'H
2844 4183 2951 4250 γὰρ
2987 4184 3240 4251 προκοπὴ
3268 4182 3377 4233 τῶν
3406 4184 3586 4249 μέσων
3621 4184 3757 4245 ἐστὶ,
3797 4185 3894 4234 καὶ
3922 4184 4021 4233 ἐπὶ

2440 4277 2500 4328 τὸ
2529 4276 2733 4344 βέλτιον
2768 4275 2863 4326 καὶ
2909 4274 3001 4324 ἐπὶ
3047 4273 3107 4326 τὺ
3146 4277 3347 4342 χεῖρον.
3381 4266 3538 4325 Οὗτοι
3590 4275 3881 4342 τοιγαροῦν
3924 4276 4021 4325 ἐπὶ

2442 4363 2503 4415 τὸ
2535 4366 2714 4432 χεῖρον
2745 4362 3133 4431 προκόψουσιν.
3175 4362 3523 4430 Ἐρμηνευων
3558 4364 3685 4432 γὰρ,
3720 4365 3770 4415 τί
3803 4367 3922 4415 ἐστι
3962 4364 4023 4414 τὸ

2444 4457 2646 4521 χεῖρον,
2699 4447 2822 4505 εἷπε
2875 4453 3101 4522 πλανᾷν,
3135 4456 3226 4505 καὶ
3259 4454 3582 4506 πλανᾶσθαι.
3625 4473 3641 4504 ι
3685 4456 3756 4506 Σὺ
3789 4455 3844 4506 δὲ
3887 4457 4019 4523 μένε

2446 4545 2502 4594 ὲν
2531 4538 2608 4603 οἷς
2636 4542 2855 4610 ἔμαθες.
2899 4561 2917 4591 ι
2953 4571 3022 4580 ———
3043 4544 3267 4604 ’Ὅμοιον
3295 4546 3321 4594 ὁ
3357 4544 3653 4611 Auni?)th
3697 4544 4022 4612 παραζήὶ.ου

2446 4634 2502 4683 ἐν
2525 4634 3000 4700 πονηρευομένοις,
3029 4632 3162 4701 μηδὲ
3193 4635 3248 4683 ἐν
3282 4633 3551 4701 ἀνθρώπῳ
3571 4636 4022 4704 κατευοδουμένῳ

2447 4724 2504 4772 ὲν
2535 4722 2728 4792 τῇόὁῷ
2793 4723 3008 4774 αὑτοῦ.»
3062 4741 3079 4772 ι
3126 4725 3232 4774 Καὶ
3266 4724 3594 4790 ἐπιστώθης,
3631 4743 3648 4774 ι
3692 4728 3842 4792 φησὶ,
3867 4744 4025 4777 τουτ-

2450 4816 2584 4874 έστι,
2623 4815 2758 4882 μετὰ
2793 4815 3163 4883 πληροφορίας
3191 4814 3411 4880 ἔμαθες.
3447 4833 3464 4864 ι
3499 4815 3665 4876 Εἰδὼς
3692 4818 3842 4881 παρὰ
3875 4819 4026 4878 τίνος

2450 4906 2673 4974 ἔμαθες.
2718 4925 2735 4955 ι
2769 4904 2871 4955 Δύο
2903 4906 3082 4964 αἰτίας
3130 4905 3276 4970 λέγει
3317 4906 3410 4956 τοῦ
3468 4905 3576 4956 δεῖν
3631 4906 3794 4957 αὑτὸν
3824 4909 4030 4975 ἀπερί-

2448 5013 2681 5065 τρεπτον
2717 4996 2920 5064 μένειν.
2955 4996 3078 5047 ’Ὁτι
3114 5012 3172 5046 τε
3202 4997 3260 5046 οὺ
3307 4997 3456 5063 παρὰ
3481 4996 3572 5047 τοῦ
3605 4997 3856 5065 τυχόντος
3888 4998 4031 5066 ἱμα-

2451 5088 2562 5148 θες,
2595 5089 2730 5140 ἀλλὰ
2766 5088 2871 5139 ἀπὸ
2897 5089 3129 5149 Παύλου,
3153 5091 3244 5139 καὶ
3277 5089 3359 5140 ὅτι
3382 5089 3468 5140 διὰ
3501 5089 3693 5156 βάθους
3721 5092 3751 5156 ἡ
3787 5089 3917 5157 ῥίζα
3947 5107 4030 5142 σοι

2451 5182 2626 5232 κεῖται
2681 5179 2784 5229 τῶν
2843 5179 3094 5246 Γραφῶν,
3144 5181 3201 5229 ὲν
3265 5180 3442 5247 χρόνῳ
3489 5183 3762 5247 γραφεῖσα
3819 5181 4028 5244 πολλῷ.

2473 5269 2617 5336 Ἱερὰ
2647 5268 2704 5320 δὲ
2726 5267 3056 5336 Γραμματα,
3077 5270 3174 5335 τὴν
3203 5267 3563 5320 θεόπνευστον
3591 5270 3738 5334 λέγει
3771 5269 4028 5338 Γραφήν.

2462 5381 2478 5413 ι
2514 5361 2591 5411 Τὰ
2622 5359 2893 5428 δυνάμενά
2924 5377 2980 5410 σε
3016 5360 3256 5424 σοφίσαι.
3289 5378 3304 5407 ι
3341 5361 3454 5410 Οὐκ
3487 5359 3678 5424 ἀφίησί
3705 5377 3762 5410 σε
3791 5362 4031 5428 ἀνόητόν

2454 5474 2506 5506 τι
2537 5453 2750 5516 παθεῖν,
2809 5453 2904 5506 καὶ
2937 5449 3047 5504 οἷον
3094 5454 3142 5504 οἱ
3193 5453 3398 5507 πολλοί.
3452 5455 3510 5506 Ὀ
3539 5455 3646 5523 γὰρ
3670 5455 3765 5515 τὰς
3798 5455 4034 5522 Γραφὰς

2455 5543 2630 5605 εἰδὼς,
2680 5543 2753 5604 ὡς
2799 5543 2996 5594 εἰδέναι
3032 5543 3156 5611 χρὴ.
3198 5545 3296 5597 οὒκ
3351 5545 3416 5597 ἂν
3447 5545 3813 5613 περιτραπείη
3867 5549 4030 5598 ποτε.

2465 5656 2481 5683 ι
2516 5637 2604 5697 Εἰς
2638 5635 2910 5704 σωτηρίαν
2948 5636 3032 5688 διὰ
3067 5638 3301 5700 πίστεως
3333 5638 3430 5705 τῆς
3462 5641 3515 5689 ἐν
3550 5637 4028 5708 ΧριττῷΊησολι
