4144 6456
112 402 212 465 233

1096 397 1478 457 COMMENT.
1512 398 1592 457 IN
1632 398 1866 457 EI‘IST.
1904 398 1959 455 [ῐ
1993 398 2091 455 AD
2128 396 2442 457 ΤΙΜΟΤΗ.

3272 395 3378 459 234

114 511 312 574 an}qu
348 508 678 577 στέφανος,
716 507 787 559 ὃν
827 504 1127 559 ἀποδώσει
1144 524 1246 574 μοι
1294 510 1326 557 ὁ
1359 500 1578 571 Κύριος
1630 505 1699 557 ἐν

1807 506 2061 559 Dominus
2084 509 2139 558 in
2164 507 2261 559 illo
2289 506 2395 566 die,
2419 505 2508 572 qui
2534 514 2611 558 est
2629 503 2815 573 justus
2842 504 3013 572 jua'ex
3036 519 3053 555 :
3077 520 3180 556 non
3207 507 3377 559 solum

114 602 315 667 ἐκείνῃ
355 600 430 666 τῇ
453 601 665 667 ἡμέρᾳ,
714 602 748 652 ό
805 598 1035 662 δίκαιος
1060 596 1287 665 κριτὴς,
1319 599 1391 650 οὐ
1405 598 1597 665 μόνον
1627 596 1694 648 δὲ

112 693 261 761 ἐμοὶ,
293 692 460 745 ἀλλὰ
484 691 584 744 καὶ
608 689 763 744 πᾶσι
800 690 924 752 τοῖς
959 690 1303 756 ἠγαπηκόσι
1342 686 1459 754 τὴν
1487 687 1694 755 ἐπιφά-

112 800 280 839 νειαν
309 781 525 837 αὐτοῦ.

192 873 337 942 Ἐγὼ
359 874 494 940 γὰρ.
520 873 708 942 φησὶν,
766 871 866 941 ἤδη
895 870 1087 923 θυσίαν
1130 869 1365 939 ἐμαυτὸν
1401 870 1698 941 προσιεέρω

112 966 361 1036 Χριστῷ.
420 966 534 1019 Οὐκ
593 960 714 1017 εἷπε
748 966 805 1017 δὲ
849 963 1062 1026 θυσίαν,
1108 962 1245 1014 ἀλλὰ
1281 961 1584 1027 σπονδὴν,
1634 962 1695 1014 τὸ

112 1060 295 1111 πλεῖον
331 1057 512 1125 λέγων
574 1057 668 1110 καὶ
719 1055 1034 1126 ἱερώτερον.
1082 1055 1193 1122 Τῆς
1228 1052 1325 1121 μὲν
1353 1053 1458 1122 γὰρ
1504 1053 1695 1115 θυσίας

115 1149 277 1217 μέρος
309 1166 363 1200 τι
410 1149 573 1217 μόνον
608 1147 727 1215 Θεῴ
767 1149 847 1209 εἰς
898 1146 1150 1214 θυμίαμα
1190 1144 1499 1212 ἀφιεροῦτο.
1540 1144 1611 1196 Ἦ
1640 1143 1696 1195 δὲ

111 1240 311 1308 σπονδὴ
339 1240 532 1292 ἅπασα
578 1236 730 1307 αὐτῷ
777 1238 1072 1304 ἁφιέρωτο.
1110 1234 1280 1287 Τοῦτο
1302 1234 1359 1287 δὲ
1398 1236 1574 1287 ποιεῖν
1605 1234 1696 1287 καὶ

112 1330 273 1391 αὐτὸς
311 1331 430 1392 τοίς
456 1328 729 1399 μαθηταῖς
786 1327 1072 1379 ἐπιτάσσει
1103 1326 1310 1392 λέγων’
1344 1344 1363 1375 ‹
1400 1326 1695 1394 Παραστή-

110 1437 236 1474 σατε
274 1421 347 1472 τὰ
403 1418 543 1488 μέλη
597 1419 752 1487 ὑμῶν
780 1417 970 1469 θυσίαν
998 1415 1201 1479 ζῶσαν.
1244 1433 1264 1465 ι
1319 1414 1546 1468 Ἑαυτὸν
1587 1418 1694 1485 γὰρ

112 1513 389 1581 ἱερουργετ
420 1512 449 1562 ὁ
476 1510 619 1578 ὑπὲρ
644 1507 881 1579 Χριστοῦ
918 1506 1201 1575 θυόμενος.
1237 1508 1305 1558 Ἦ
1345 1506 1405 1557 τὸ
1434 1505 1695 1557 σπένδο-

104 1621 204 1672 μαι
224 1606 360 1668 νόει,
393 1598 534 1666 οἷον,
557 1600 815 1654 καταλύω
866 1600 957 1652 τὸν
1009 1598 1141 1667 πρὸς
1188 1597 1395 1659 πάντας
1437 1597 1692 1664 πόλεμον.

108 1698 240 1751 Οὔτε
268 1697 553 1767 πολεμῶν,
576 1695 700 1749 οὔτε
729 1693 1154 1764 πολεμούμενος,
1188 1688 1501 1758 τελειοῦμαι
1561 1688 1692 1754 γάρ.

106 1818 175 1829 -
202 1807 222 1840 ι
254 1788 371 1856 Τῆς
403 1788 547 1857 ἐμῆς
566 1786 900 1847 ἀναλύσεως.
946 1803 964 1834 ι
1015 1777 1358 1852 [ΟΙΚΟΥΜ.]
1412 1777 1695 1830 Ἀνάλυσιν

111 1880 223 1950 γὰρ
240 1880 396 1945 λέγει
412 1879 507 1931 τὸν
525 1877 776 1941 θάνατον,
793 1876 827 1945 ἢ
842 1874 930 1929 διὰ
948 1873 1008 1927 τὸ
1024 1871 1274 1925 ἀναλύειν
1294 1870 1353 1933 ἐξ
1366 1865 1435 1939 ἦς
1458 1868 1697 1937 ἐλήφθη-

110 1988 204 2041 μεν
262 1974 405 2039 γῆς’
473 1969 508 2038 ἢ
555 1971 693 2040 πρὸς
757 1966 848 2021 τὸν
910 1965 1391 2035 δημιουργήσαντα
1438 1960 1694 2030 Χριστόν.

114 2080 132 2111 ι
194 2060 306 2113 Τὸν
357 2060 572 2127 ἀγῶνα.
640 2079 659 2112 ι
697 2057 882 2112 Ταῦτα
941 2056 1127 2124 λέγει,
1169 2054 1231 2106 οὐ
1280 2052 1698 2122 μεγαληγορῶν,

118 2153 326 2218 ἄπαγε,
358 2152 498 2205 ἀλλὰ
534 2152 628 2204 τὸν
658 2149 906 2221 μαθητὴν
957 2144 1470 2217 παραμυθούμενος,
1507 2143 1581 2204 ὡς
1607 2143 1701 2195 ἐπὶ

110 2244 414 2311 στεφάνους
454 2243 636 2295 ἀπιὼν
674 2242 771 2294 καὶ
810 2240 1105 2301 ἀντιδόσεις
1144 2236 1385 2305 ἀγαθῶν,
1409 2235 1484 2297 ὼς
1510 2238 1558 2287 εἰ
1586 2234 1700 2285 ἕλε.-

114 2349 226 2401 γεν’
260 2335 499 2404 Χαὲρειν
533 2350 593 2386 σε
630 2332 829 2402 μᾶλλον
850 2331 929 2383 δεῖ
980 2332 1123 2400 ᾗπερ
1163 2331 1369 2395 ἀλγεῖν,
1408 2329 1488 2380 ὅτι
1516 2325 1700 2380 τοιαύ.

106 2443 199 2494 της
219 2427 584 2495 ἐπιτυγχάνω
616 2424 892 2490 τελευτῆς.
935 2439 953 2472 ι
989 2420 1091 2472 Τὸν
1124 2419 1290 2472 καλὸν
1326 2417 1694 2485 ἠγώνισμαι.»

112 2519 221 2580 Πᾶς
254 2516 371 2586 γὰρ
411 2518 441 2568 ὁ
467 2516 607 2584 ὑπὲρ
649 2512 887 2582 Χριστοῦ
917 2510 1091 2579 ἁγὼν,
1129 2509 1314 2572 καλὸς,
1354 2507 1454 2561 κᾶν
1478 2506 1698 2568 ἁλύσεις

118 2610 234 2678 ίκῐιι
264 2610 377 2660 κᾶν
401 2608 699 2675 διωγμοὺς,
728 2605 831 2656 κᾶν
862 2603 1145 2663 θανάτους.
1169 2601 1229 2652 ΕΞ
1251 2600 1343 2653 οὖν
1379 2598 1564 2664 καλὸς,
1600 2615 1702 2667 φη-

112 2702 213 2761 σὶν,
251 2697 526 2751 ἐπιλαθοῦ
548 2698 687 2765 δῆτα
724 2697 819 2748 καὶ
843 2696 904 2747 σὺ
941 2693 1125 2745 αὑτοῦ.
1168 2711 1186 2744 ι
1224 2692 1328 2744 Τὸν
1355 2691 1554 2761 δρόμον
1614 2706 1703 2741 τε-

110 2792 328 2844 τέλεκα.
359 2808 378 2841 ι
453 2788 799 2858 Περιέδραμε
846 2786 956 2854 γὰρ
1003 2784 1102 2853 τὴν
1155 2783 1503 2853 οἰκουμένην,
1564 2781 1700 2835 πάν-

112 2900 204 2943 τας
228 2883 315 2944 εις
351 2881 690 2949 θεογνωσέαν
747 2880 915 2945 ἄγων.
963 2878 1125 2928 Ὥστε
1174 2876 1282 2928 ἀπὸ
1353 2875 1704 2944 Ἰερουσαλὴμ

112 2977 202 3026 καὶ
255 2974 453 3042 κύκλῳ
490 2972 653 3040 μέχρι
699 2969 794 3023 τοῦ
833 2967 1133 3037 Ἰλλυρικοῦ
1177 2966 1604 3036 πεπληρωκέναι
1643 2965 1705 3018 τὸ

115 3061 473 3128 Εὖαγγέλιον.
506 3079 525 3111 ι
570 3061 681 3130 Τὴν
728 3060 914 3111 πίστιν
979 3058 1282 3127 τετήρηκα.
1329 3075 1347 3107 ι
1381 3056 1573 3109 Πολλοὶ
1593 3055 1703 3125 γὰρ

116 3153 282 3221 αὐτὴν
334 3152 572 3219 συλῆσαι
630 3151 768 3221 παρ’
823 3149 989 3203 αὑτοῦ
1036 3149 1244 3219 ἤθελον,
1287 3147 1430 3217 φίλοι
1464 3147 1701 3215 ψευδεῖς,
1732 3179 1774 3238 c

116 3242 319 3311 ἐχθροὶ,
352 3243 639 3313 Ἕλληνες,
686 3243 948 3295 Ἰουδαῖοι.
992 3259 1010 3292 ι
1046 3241 1248 3294 Λοιπὸν
1290 3239 1577 3293 ἀπόκειταί
1609 3256 1699 3307 μοι

116 3334 266 3402 ὁτῆς
319 3333 675 3404 δικαιοσύνης
741 3334 1024 3402 στέφανος.
1060 3351 1079 3385 ι
1130 3329 1264 3386 Εἶτα
1313 3333 1407 3385 καὶ
1454 3331 1562 3385 ἀπὸ
1589 3330 1699 3384 τῶν

122 3421 371 3475 ἐπάθλων
397 3422 808 3491 παραμυθεῖται
838 3423 1020 3476 αὐτόν,
1052 3421 1147 3485 Τίς
1186 3421 1295 3491 γὰρ
1318 3419 1384 3474 ἂν
1411 3420 1699 3490 ἀλγήσειεν

119 3511 206 3563 ἐπὶ
221 3510 297 3578 τῷ
314 3510 761 3578 ἀπολαμϐάνοντι
785 3510 1078 3577 στέφανον;
1105 3508 1463 3577 Δικαιοσύνης
1483 3507 1561 3571 δὲ,
1587 3504 1701 3560 οἷον

120 3602 211 3670 τῆς
234 3602 472 3655 καθόλου
504 3602 727 3672 ἀρετῆς.
752 3619 773 3654 ι
818 3603 914 3654 Ὃν
943 3600 1214 3655 ἀποδώσει
1244 3618 1334 3669 μοι
1359 3603 1387 3652 ὁ
1409 3600 1614 3666 Κύριος
1643 3598 1700 3651 ἐν

121 3696 295 3767 iusim
326 3699 398 3765 τῇ
453 3698 658 3765 ἡμέρα.
697 3713 715 3745 ι
744 3695 833 3764 Μὴ
855 3696 964 3764 γάρ
994 3711 1102 3764 μοι,
1130 3695 1285 3763 φησι,
1310 3692 1379 3745 τὰ
1404 3686 1507 3746 ὧδε
1541 3692 1701 3762 εἴπῃς

121 3789 184 3839 τὰ.
210 3788 555 3858 πρόσκαιρα,
592 3787 705 3855 ἐγὼ
737 3788 846 3856 γὰρ
870 3786 941 3840 τὰ
980 3787 1097 3838 ἐκεῖ
1128 3784 1296 3856 ζητῶ.
1328 3786 1469 3855 Ὅρα.
1495 3784 1551 3837 δὲ
1584 3784 1700 3847 πῶς

123 3879 274 3948 χρέος
302 3879 473 3931 αὑτὸν
492 3880 741 3943 ἀπαιτεῖ,
770 3878 859 3932 διά
879 3894 938 3929 τε
966 3876 1084 3941 τοῦ,
1117 3876 1417 3929 Ἀποδώσει
1450 3892 1561 3943 μοι,
1584 3874 1698 3927 ἀλλ’

125 3973 216 4024 οὐκ
240 3967 391 4035 εἷπε,
425 3969 622 4023 Δὼσει·
647 3970 805 4022 τοῦτο
834 3970 1010 4038 δηλῶν
1031 3970 1123 4021 καὶ
1136 3966 1223 4020 διὰ
1256 3968 1371 4031 τοῦ,
1408 3964 1467 4020 '0
1494 3968 1700 4029 δίκαιος

127 4063 333 4131 κριτής.
377 4079 395 4111 ι
430 4061 508 4112 Οὐ
566 4061 725 4129 μόνον
759 4060 816 4111 δὲ
848 4060 995 4130 ἐμοί.
1038 4076 1058 4110 ι
1110 4057 1375 4111 Ἐνταῦθα
1413 4058 1507 4109 καὶ
1536 4058 1701 4110 αὐτὸν

128 4150 387 4219 ἀνέστησε
410 4150 505 4201 τὸν
526 4149 813 4219 Τιμόθεον,
844 4150 949 4213 ὅτι,
981 4150 1137 4218 φησι,
1170 4149 1267 4202 καὶ⁹
1290 4151 1374 4200 σοὶ
1406 4147 1697 4200 ἀποδώσει.

134 4240 188 4291 Et
228 4242 343 4310 γὰρ
410 4241 548 4292 πᾶσι
602 4243 713 4302 τοῖς
747 4239 1003 4307 ἀγαπῶσι
1040 4239 1140 4308 τὴν
1182 4238 1503 4306 ἐπιφάνειαν
1536 4237 1700 4289 αὐτοῦ

130 4331 390 4401 στέφανον
442 4332 651 4397 δίδωσι,
690 4331 871 4401 πολλῷ
927 4330 1129 4400 μᾶλλον
1168 4330 1270 4383 σοί.
1302 4330 1397 4392 Τίς
1429 4330 1485 4381 δὲ
1512 4331 1702 4399 ἀγαπᾷ

129 4422 219 4489 τὴν
269 4423 606 4491 ἐπιφάνειαν
648 4422 853 4488 αὖτοῦ;
907 4422 965 4475 '0
1002 4420 1126 4486 ἄξια
1165 4423 1419 4490 πράττων
1456 4421 1699 4491 ἁμοιὸῶν

136 4512 403 4584 χρηστῶν.

1805 611 1980 649 autem
2021 597 2173 658 mihi,
2197 598 2284 650 sed
2314 608 2365 651 et
2395 598 2475 649 Itis
2506 598 2595 665 qui
2621 596 2851 664 diligunt
2881 596 3164 649 adventum
3192 599 3376 664 ipsius.

1880 858 2010 911 Nam
2045 873 2166 928 ego,
2207 858 2405 928 inquit,
2454 872 2538 909 me
2585 856 2762 926 ipsum
2800 856 2911 926 jam
2948 856 3117 910 offero
3157 858 3379 911 Christo

1807 952 2066 1005 ltustiarn.
2116 948 2234 1003 Non
2296 959 2476 1003 tamen
2537 948 2673 1002 dixit
2705 948 2961 1009 hostiam,
2998 949 3091 1001 sed
3125 948 3379 1017 σπονδὴν,

1807 1041 1858 1092 id
1901 1049 2004 1101 est,
2034 1039 2267 1092 libamen
2310 1038 2542 1106 (ponens
2604 1037 2750 1090 enim
2794 1036 3020 1089 verbum
3058 1035 3378 1105 σπένδομαι,

1807 1129 1855 1180 id
1879 1143 1980 1193 est,
2017 1128 2225 1181 tlt‘llbOl‘
2258 1127 2430 1196 punit,
2468 1136 2521 1179 et
2573 1140 2768 1181 nomen
2814 1126 2936 1195 ejus
2980 1127 3205 1196 σπονδὴ)
3233 1129 3378 1196 quod

1806 1220 2039 1286 anrplins
2066 1227 2148 1269 est
2178 1233 2239 1270 ac
2272 1220 2564 1271 sacratius.
2595 1217 2876 1285 Siquidem
2906 1218 3099 1271 hostiae
3128 1221 3374 1288 qut'edam

1806 1321 1931 1373 pars
1980 1314 2187 1357 tantum
2221 1305 2384 1374 279
2420 1304 2526 1357 Deo
2567 1306 2619 1357 in
2659 1307 2989 1358 sacrilicium
3022 1307 3375 1361 oﬂ'erebatur.

1804 1395 2120 1448 univcrsnm
2164 1409 2300 1447 vero
2352 1394 2583 1445 libamen
2632 1394 2735 1461 ipsi
2778 1393 3212 1447 sacriﬁcabatur.
3264 1395 3378 1445 IIm:

1805 1497 1993 1540 autem
2044 1495 2099 1539 et
2149 1487 2266 1555 ipse
2315 1485 2603 1553 discipulis
2646 1484 2827 1540 facere
2877 1484 3031 1553 jubet
3077 1500 3200 1538 cum
3251 1487 3323 1539 ait
3364 1501 3377 1535 :

1810 1592 1828 1624 ι
1878 1572 2121 1626 Praebete
2175 1587 2404 1642 corpora
2445 1582 2625 1625 vestra
2680 1571 2916 1626 hostiam
2967 1574 3317 1627 viventem".
3355 1592 3371 1620 ι

1806 1664 2059 1734 Seipsum
2085 1665 2227 1717 enim
2257 1663 2527 1717 sacriﬁcat
2552 1664 2642 1729 qui
2672 1678 2769 1730 pro
2792 1661 3011 1717 Christo
3037 1663 3375 1716 immolatur.

1804 1756 1912 1808 Aut
1947 1754 2245 1823 σπένδομαι
2274 1752 2513 1819 intelligo
2532 1750 2968 1815 Iteduszsattcio,
2989 1752 3091 1805 hoc
3113 1762 3197 1805 est
3221 1768 3235 1804 :
3261 1751 3374 1803 bel-

1742 1850 1783 1902 B
1812 1848 1924 1901 lum
1975 1848 2238 1900 adversus
2279 1847 2505 1914 quosvis
2544 1845 2782 1899 dissolvo
2812 1862 2826 1898 :
2862 1844 3069 1898 morior
3108 1846 3251 1897 enim
3284 1858 3379 1896 ne-

1801 1957 1907 2011 qttc
1944 1940 2083 1994 bello
2126 1939 2454 2008 impugnans
2500 1953 2674 2003 neque
2709 1936 2852 1991 bello
2903 1937 3277 2005 impugnatus.
3309 1962 3379 1974 ——

1808 2051 1824 2082 I
1868 2030 1993 2084 Mra:
2028 2028 2400 2085 resolutionis.
2437 2047 2455 2078 ι
2487 2026 2620 2079 Nam
2653 2026 3045 2081 resolutionem
3070 2024 3204 2078 dicit
3232 2038 3379 2077 rnor-

1802 2131 1909 2175 tem
1956 2139 1967 2172 :
2005 2135 2100 2173 aut
2130 2119 2255 2185 quia
2290 2119 2343 2171 in
2376 2127 2577 2171 terram
2614 2117 2942 2171 resolvimnr
2982 2116 3048 2170 dc
3089 2129 3193 2183 qua
3224 2128 3378 2168 sunt-

1804 2216 1878 2278 pti
1908 2227 2115 2273 sumus,
2143 2224 2235 2264 aut
2269 2209 2499 2263 reditum
2532 2206 2665 2262 dicit
2694 2206 2761 2261 ad
2792 2205 3072 2261 Christum
3109 2205 3200 2273 qui
3227 2216 3377 2256 crea-

1804 2309 1897 2359 vit.
1939 2325 1956 2356 ι
2009 2305 2316 2359 Certamen.
2373 2323 2390 2353 ι
2431 2301 2554 2355 Herc
2598 2301 2693 2361 ait,
2737 2314 2845 2353 non
2892 2312 3014 2352 sese
3055 2296 3316 2365 jactitans
3359 2313 3373 2347 :

1805 2398 2030 2451 minime
2091 2396 2332 2465 gentium
2382 2408 2394 2445 :
2446 2392 2538 2447 sed
2605 2392 2940 2459 discipulum
3000 2387 3372 2451 consolando,

1804 2490 1959 2558 quasi
2008 2487 2072 2540 ad
2128 2483 2470 2555 recipiendas
2518 2496 2753 2534 coronas
2812 2480 2970 2532 abeat
3008 2486 3062 2531 et
3111 2477 3377 2531 bonorum

1805 2595 2030 2651 operum
2086 2578 2499 2638 retributiones,
2541 2588 2605 2627 ac
2656 2572 2700 2627 si
2754 2570 2957 2624 diceret
3003 2583 3018 2621 :
3066 2566 3142 2621 'I‘e
3191 2567 3379 2636 potius

1806 2674 2043 2744 gaudere
2073 2678 2287 2739 oportet
2315 2682 2477 2736 quam
2513 2666 2717 2732 lugere,
2743 2660 2890 2731 quod
2927 2660 3086 2715 talem
3114 2671 3381 2727 assequar

1807 2765 1991 2817 linem.
2032 2781 2050 2813 ι
2089 2760 2301 2815 Bonum
2330 2755 2626 2812 decertavi.
2661 2772 2680 2805 ›
2710 2750 2884 2807 Omne
2915 2753 3061 2806 enim
3103 2758 3376 2803 certamen

1805 2871 1905 2924 pro
1948 2852 2169 2908 Christo
2208 2856 2546 2919 susceptum,
2584 2848 2785 2901 bonum
2835 2852 2922 2899 est
2957 2861 2971 2897 :
3002 2843 3117 2898 sive
3160 2840 3378 2894 vincula

1808 2945 2024 3002 habeat.
2057 2944 2172 2997 sive
2225 2940 2658 3012 persecutiones,
2691 2937 2805 2992 sive
2856 2943 3084 2989 mortes.
3116 2933 3175 2988 Si
3215 2934 3382 3004 igitur

1805 3038 2008 3093 bonum
2059 3044 2161 3100 est,
2217 3042 2270 3087 et
2316 3042 2372 3086 tu
2414 3045 2543 3101 ergo
2593 3029 2727 3084 illud
2773 3042 3018 3082 assume.
3069 3044 3087 3076 ι
3141 3022 3377 3078 Cursum

1810 3125 2209 3183 consummavi.
2244 3142 2262 3174 ι
2294 3121 2491 3178 Orbem
2517 3133 2755 3189 namque
2776 3116 3068 3188 percurrit,
3093 3130 3283 3171 omnes
3311 3113 3381 3168 ad

1810 3221 1907 3276 Dei
1936 3218 2304 3289 cognitionem
2342 3214 2644 3268 adducens.
2681 3212 2869 3282 Itaque
2897 3209 2965 3265 ab
2991 3208 3292 3264 Jerusalem
3324 3217 3383 3261 et

1810 3314 1864 3367 in
1898 3306 2421 3378 circumjaceutibus
2457 3303 2775 3375 regionibus
2806 3316 2981 3372 usque
3010 3298 3077 3354 ad
3106 3298 3380 3369 Illyricum

1809 3406 2130 3476 impleverat
2175 3400 2551 3469 Evangelia”.
2586 3414 2606 3448 ι
2658 3394 2843 3449 Fidem
2890 3392 3124 3449 servavi.
3168 3409 3186 3442 ι
3227 3389 3379 3443 Multi

1807 3498 1948 3553 enim
1999 3497 2141 3548 hanc
2168 3493 2236 3546 ab
2269 3491 2391 3560 ipso
2422 3487 2650 3558 praedari
2676 3483 3039 3546 conabantur,
3074 3481 3197 3537 falsi
3239 3481 3382 3534 ami-

1809 3592 1881 3655 ci,
1914 3588 2143 3650 inimici,
2170 3585 2363 3646 Judaei,
2394 3582 2589 3638 Grazci.
2632 3597 2651 3631 ι
2707 3579 2862 3645 Quod
2916 3581 3189 3646 superest,
3223 3586 3382 3641 repo-

1809 3685 1913 3737 sita
1953 3690 2038 3737 est
2075 3680 2206 3734 mihi
2259 3677 2488 3747 iustitia:
2533 3688 2757 3728 corona.
2813 3690 2831 3723 ι
2885 3668 3092 3723 Deinde
3136 3668 3299 3720 etiam
3349 3678 3382 3717 a

1809 3775 2047 3846 praemiis
2081 3769 2447 3826 certaminum
2476 3765 2794 3821 consolatur
2834 3763 3034 3833 ipsum.
3066 3758 3201 3825 Quis
3233 3758 3380 3811 enim

1808 3866 2012 3936 lugebit
2033 3880 2155 3917 eum
2188 3862 2281 3931 qui
2303 3874 2560 3914 coronam
2589 3856 2814 3925 accipit?
2836 3852 3073 3909 Justitia:
3100 3865 3250 3915 vero,
3276 3849 3382 3902 hoc

1806 3968 1893 4012 est
1915 3956 2241 4010 universalis
2266 3952 2507 4005 virtutis.
2540 3968 2560 4002 ι
2599 3949 2771 4015 Quam
2808 3947 2997 4001 reddet
3032 3943 3164 3998 mihi
3195 3942 3384 3994 Domi-

1807 4065 1913 4104 nus
1952 4049 2005 4101 in
2040 4048 2136 4101 illo
2183 4044 2320 4099 die.»
2340 4042 2525 4111 Neque
2562 4043 2705 4093 enim
2745 4038 2881 4091 mihi
2912 4037 3029 4089 haec
3059 4030 3383 4099 temporalia

1808 4141 2077 4212 proferas,
2092 4154 2215 4191 nam
2235 4152 2337 4206 ego
2352 4136 2533 4189 futura
2550 4148 2754 4202 quaero.
2772 4129 3071 4185 Considera
3090 4140 3219 4179 vero
3235 4120 3382 4191 quod

1808 4240 2067 4301 tanquam
2082 4230 2322 4285 debitum
2345 4226 2554 4296 expetit
2573 4224 2726 4289 illud,
2741 4237 2865 4277 cum
2884 4222 2981 4285 ait,
2999 4216 3207 4272 Reddet
3221 4213 3378 4276 mihi,

1807 4333 1986 4377 etnon
2004 4322 2156 4382 dicit,
2190 4318 2380 4373 Dabit:
2408 4316 2726 4393 signiﬁcans
2750 4313 2917 4368 etiam
2948 4311 3053 4365 hoc
3067 4324 3131 4363 ex
3151 4322 3215 4361 eo
3233 4305 3382 4375 quod

1810 4416 1919 4469 ait:
1944 4415 2135 4470 Justus
2162 4409 2516 4483 judex.rNon
2544 4408 2721 4464 solum
2751 4414 2931 4459 autem
2955 4401 3146 4455 mihi»
3172 4397 3274 4452 Hic
3297 4397 3382 4465 ip-

1732 4502 1786 4561 D
1814 4525 1934 4563 sum
1960 4523 2177 4577 quoque
2198 4506 2401 4559 excitat
2424 4503 2933 4562 Timotheum,nam
2961 4495 3127 4549 etiam
3158 4490 3382 4553 tibi,in-

132 4606 263 4671 quit.
296 4605 513 4657 reddet.
540 4603 598 4657 Si
628 4604 771 4658 enim
794 4602 1048 4656 omnibus
1070 4601 1164 4670 qui
1194 4601 1426 4669 diligunt
1464 4601 1756 4656 adventum
1796 4602 1968 4670 ipsius
1997 4601 2149 4654 dabit
2176 4611 2457 4660 coronam,
2484 4594 2654 4648 multo
2682 4590 2856 4656 magis
2877 4588 2997 4643 tibi.
3024 4585 3160 4656 Quis
3198 4596 3381 4639 autem

135 4699 304 4767 diligit
336 4699 634 4750 adventqu
663 4697 872 4765 ipsius?
901 4694 1004 4759 Qui
1045 4693 1205 4763 digna
1234 4701 1492 4762 cperatur
1516 4694 1687 4749 beatis
1718 4692 2271 4752 remunerationibus.

201 4785 571 4839 Σπούδασον
585 4785 788 4837 ἐλθεῖν
818 4786 970 4850 πρός
992 4798 1069 4851 με
1101 4783 1343 4850 ταχέως.
1376 4782 1573 4849 Δημᾶς
1599 4784 1709 4852 γάρ

130 4894 201 4944 με
243 4876 675 4946 ἐγκατέλιπεν,
714 4876 1036 4943 ἀγαπήσας
1083 4876 1140 4926 τί
1154 4891 1191 4927 ν
1235 4875 1352 4928 νῦν
1379 4873 1583 4937 αἰῶνα,
1612 4876 1711 4927 καὶ

137 4968 424 5032 ἐπορεύθη
455 4968 543 5031 εὶς
572 4966 1060 5029 Θεσσαλονίκην,
1092 4964 1375 5031 Ιφήσκης
1404 4968 1491 5029 εἰς
1512 4968 1702 5018 Γαλα-

137 5060 286 5117 τίαν,
356 5056 523 5120 Τῖτος
561 5060 650 5120 εἰς
686 5056 1047 5123 Δαλματίαν,
1084 5053 1323 5118 Λουκᾶς
1354 5056 1484 5107 ἐστι
1518 5057 1709 5123 μόνος

135 5149 255 5214 μετ’
268 5149 440 5214 ἐμοῦ.
470 5146 716 5214 Μάρκον
746 5146 1086 5208 ἀναλαϐὼν,
1120 5145 1227 5212 ἆγε
1249 5148 1398 5212 μετὰ
1424 5146 1708 5201 σεαυτοῦ.

144 5241 305 5294 Ἔστι
336 5240 448 5309 γάρ
480 5256 577 5308 μοι
598 5240 933 5307 εὔχρηστος
972 5241 1060 5304 εις
1088 5238 1419 5291 διακονίαν.
1459 5239 1712 5305 Τυχικὸν

138 5330 207 5383 δὲ
256 5331 588 5385 ἀπέστειλα
639 5334 723 5397 εις
772 5333 1059 5399 Ἔφεσον.
1110 5330 1221 5384 Τὸν
1287 5332 1585 5398 pauor-nr
1639 5330 1711 5383 ὃν

140 5422 437 5476 ἀπέλιπον
454 5424 527 5475 ἐν
556 5423 775 5490 Τρῳάδι
789 5428 947 5491 παρὰ
970 5423 1187 5490 Κάρπῳ
1198 5424 1519 5490 ἐρχόμενος
1548 5423 1710 5490 φέρε,

142 5513 239 5564 καὶ
272 5514 342 5565 τὰ
365 5514 599 5578 βιϐλία,
624 5514 888 5581 μάλιστα
913 5516 1018 5579 τὰς
1043 5512 1403 5581 μεμϐράνας.

213 5603 280 5655 ΤΞ
308 5605 370 5674 δή
404 5621 535 5657 ποτε
570 5606 667 5673 τὴν
695 5605 960 5674 Ἐφεσίων
982 5605 1314 5674 Ἐκκλησίαν
1340 5607 1710 5674 ἐμπεπιστευ-

218 5776 264 5805 ⁸⁸
287 5773 437 5831 ﬂom.
461 5792 563 5839 xu,
586 5778 636 5830 I.
747 5778 791 5809 "
832 5779 990 5831 Rom.
1020 5794 1112 5833 xv.
1146 5778 1229 5832 l9.

450 5872 698 5931 PATEOL
761 5874 876 5931 Gn.
912 5871 1137 5931 CXIX.

1883 4784 1972 4847 IV,
2003 4784 2152 4836 S-II').
2193 4782 2273 4833 Da
2304 4793 2514 4846 operam
2563 4786 2618 4827 ut
2659 4774 2835 4828 venias
2874 4771 2943 4825 ad
2976 4787 3056 4825 me
3093 4771 3380 4824 citomam

1811 4879 2005 4931 Demos
2028 4893 2107 4928 me
2135 4874 2408 4941 dereliquit
2440 4886 2557 4923 cum
2581 4868 2819 4934 diligeret
2845 4879 3074 4930 prmsens
3099 4862 3376 4923 steculum,

1809 4978 1859 5021 et
1902 4969 2162 5035 profectus
2200 4974 2277 5017 est
2316 4960 2780 5020 Thessalonicam,
2825 4955 3074 5009 Crescens
3118 4956 3171 5006 in
3214 4951 3380 5008 Gula-

1809 5062 1963 5125 tiam,
1988 5059 2137 5111 Titus
2170 5058 2222 5109 in
2251 5055 2415 5123 280
2453 5050 2778 5104 Dalmatiam
2816 5066 2829 5101 :
2864 5045 3038 5099 Lucas
3070 5060 3273 5097 mecum
3297 5052 3376 5098 est

1812 5153 1977 5205 solus.
2015 5151 2253 5203 Marcum
2281 5156 2611 5211 assumptum
2645 5141 2897 5195 adducito
2926 5155 3033 5192 una
3058 5148 3247 5191 tecum.
3280 5136 3379 5189 Est

1812 5242 1948 5292 enim
1974 5238 2100 5291 mihi
2129 5237 2367 5304 perulilis
2396 5236 2463 5285 ad
2498 5233 2866 5285 ministerium.
2895 5227 3066 5280 Porro
3097 5224 3377 5295 Tychicum

1816 5332 1938 5385 misi
1978 5330 2259 5398 Ephesum.
2304 5326 2566 5379 Penulam
2600 5339 2759 5391 quam
2791 5320 2976 5388 reliqui
3003 5319 3204 5372 Troade
3237 5314 3377 5384 apud

1814 5422 2048 5491 Carpam
2092 5424 2179 5474 ubi
2229 5421 2427 5473 veneris
2475 5417 2749 5485 conferas,
2783 5423 2832 5469 et
2874 5412 3107 5478 libellos,
3149 5412 3377 5462 maxime

1816 5527 1989 5568 autem
2022 5513 2377 5567 membranas.

1886 5605 2059 5671 Quam
2101 5607 2173 5660 ob
2226 5616 2448 5659 causam
2492 5616 2617 5657 eum
2660 5598 2729 5653 ad
2764 5612 2824 5654 se
2851 5607 3009 5653 vocat
3038 5595 3125 5649 cui
3153 5605 3377 5649 concre-

2948 5865 2989 5925 8
