4144 6456
764 411 831 470 35
1780 398 2173 460 (ECUMENII
2203 399 2490 459 TRICCAZ
2524 402 2861 463 EPISCOPI

3855 404 3955 471 236

721 519 834 570 dita
867 522 983 569 erat
1025 511 1385 582 Ephesiorum
1419 507 1698 562 Ecclesia?
1727 506 1862 572 Quia
1897 523 2020 561 cum
2065 509 2117 560 in
2163 520 2285 557 car-

2400 509 2581 576 μένον,
2615 510 2749 579 πρὸς
2784 511 2975 563 ἑαυτὸν
3007 512 3189 578 ualet;
3219 512 3342 566 Ὅτι
3367 513 3423 566 ἑν
3450 515 3661 583 φυλακῇ
3685 515 3760 566 ὣν
3779 517 3958 576 nam,

719 624 843 662 cere
894 617 1058 666 esset,
1102 604 1167 656 ad
1214 603 1365 655 illum
1410 598 1686 669 proficisci
1740 613 1846 652 non
1896 606 2124 668 poterat.
2169 594 2292 649 Vult

720 701 890 770 igitur
925 707 977 749 ul
1014 695 1334 748 Timotheus
1379 693 1441 746 ad
1485 706 1544 745 se
1586 691 1789 752 veniat,
1822 697 1934 741 tum
1963 690 2104 756 quod
2141 689 2292 742 solus

717 803 886 855 esset,
912 798 1023 841 tum
1056 795 1114 840 ut
1139 790 1321 856 aliqua
1355 786 1455 854 ipsi
1486 783 1824 854 praeciperet.
1854 799 1872 830 ι
1903 780 1983 834 Ad
2014 795 2099 832 me
2124 781 2285 834 cito.»

716 885 833 939 Non
890 883 1015 936 ait:
1052 880 1274 934 Interim
1321 879 1453 931 dum
1505 877 1630 929 vivo
1668 892 1680 926 :
1716 886 1890 942 neque
1935 873 2077 925 enim
2125 871 2293 924 voluit

713 992 837 1030 eum
891 975 1242 1028 contristare.
1288 990 1306 1022 ι
1354 970 1488 1024 Cum
1543 970 1790 1036 diligeret
1836 983 2077 1037 praesens
2121 981 2292 1019 sa-cu-

715 1065 848 1115 lum.
887 1079 905 1111 ι
945 1061 1000 1113 ld
1031 1069 1114 1113 est
1148 1059 1503 1113 securitatem
1553 1076 1565 1110 :
1602 1066 1655 1110 et
1692 1057 1764 1108 ita
1813 1056 1946 1126 fugit
1986 1057 2288 1123 perieulum

712 1164 771 1206 ut
799 1151 1155 1207 existimavit.
1197 1149 1365 1218 Magis
1398 1148 1541 1201 enim
1597 1149 1758 1216 elegit
1805 1148 1948 1201 domi
1986 1151 2038 1199 in
2079 1147 2288 1200 deliciis

720 1254 900 1306 agere,
946 1254 1109 1308 quam
1153 1253 1360 1291 mecum
1396 1236 1704 1305 defatigari.
1743 1236 1862 1289 Non
1903 1244 2079 1288 autem
2110 1237 2294 1289 inten-

718 1331 798 1383 dit
853 1330 999 1382 bunc
1044 1329 1350 1391 traducere,
1384 1328 1477 1380 sed
1525 1344 1624 1380 nos
1654 1329 1833 1396 potius
1866 1328 2192 1381 confirmare
2224 1343 2294 1382 ne

730 1419 1192 1474 mollescamus.'«
1226 1419 1493 1472 Crescens
1523 1421 1574 1471 in
1604 1419 1890 1472 Galatiam.
1924 1439 1940 1470 ι
1977 1417 2039 1470 lli
2070 1434 2166 1472 sua
2198 1434 2293 1472 vo-

718 1513 930 1566 luntate
959 1510 1353 1573 discesserant,
1379 1509 1498 1562 ideo
1528 1526 1634 1563 non
1674 1511 1823 1575 dicit,
1857 1509 2087 1578 Reliqui.
2118 1510 2290 1565 Porro

713 1599 874 1654 Titus
909 1601 1055 1653 inter
1094 1600 1388 1668 prmclaros
1430 1608 1544 1652 erat
1584 1600 1670 1652 cui
1710 1599 1882 1653 Creta‘.
1915 1603 2286 1668 episc-Opatum

709 1691 1036 1744 crediderat.
1077 1705 1094 1738 ι
1131 1686 1308 1740 Lucas
1336 1703 1546 1741 mecum
1592 1697 1674 1743 est
1703 1690 1874 1744 solus.
1925 1707 1944 1741 ι
1991 1689 2165 1743 Lucas
2197 1691 2284 1744 hic

707 1783 909 1849 estqui
944 1779 1298 1847 Evangelium
1339 1781 1554 1847 scripsit
1593 1787 1647 1832 ct
1684 1781 1816 1832 Acta
1858 1786 2225 1847 apostolorum
2265 1799 2279 1834 :

2400 602 2653 654 ἀπελθεῖν
2718 603 2818 653 οὐκ
2869 601 3120 670 ἠδύνατο.
3180 603 3434 656 Βούλεται
3492 604 3584 657 οὖν
3617 605 3791 656 ἐλθεῖν
3832 606 3964 672 πρὶς

2398 693 2560 748 αὑτὸν
2581 693 2670 746 τὸν
2700 693 2983 762 Τιμόθεον,
3007 692 3094 745 διά
3111 710 3170 744 τε
3194 696 3274 758 τὺ,
3297 695 3458 760 μόνος
3471 689 3630 754 εἶναι,
3647 697 3742 746 καί
3761 693 3851 744 διὰ
3877 694 3966 757 τὲ,

2397 784 2519 836 τινὰ
2538 784 2684 852 αὐτῷ
2710 782 3066 836 ἐντείλασθαι.
3090 802 3107 832 t
3138 784 3279 851 Πρός
3308 801 3374 850 με
3403 783 3631 851 ταχέως.
3655 802 3672 832 ι
3697 783 3773 834 Οὐ
3794 783 3965 848 λέγει,

2409 875 2496 926 Ἐν
2514 875 2622 942 ὅσῳ
2645 873 2722 936 ζῶ
2747 889 2759 901 ·
2789 873 2908 924 οὐδὲ
2935 872 3041 941 γὰρ
3066 872 3308 938 λυπῆσαι
3337 872 3546 940 ἢθελεν.
3577 891 3594 922 ι
3650 859 3964 938 ’λγαπήσας

2395 964 2487 1017 τὸν
2517 964 2610 1015 νῦν
2634 963 2827 1017 αἰῶνα.
2871 981 2889 1013 ι
2926 963 3032 1016 Τοῦ
3060 963 3336 1031 ἀσφαλοῦς
3382 963 3474 1014 καὶ
3526 962 3622 1015 τοῦ
3680 964 3964 1016 ἀκινδύνου

2395 1056 2705 1124 γενόμενος,
2770 1054 2845 1116 ὡς
2896 1055 3166 1122 ἐνόμισεν.
3212 1053 3400 1114 Εἵλετο
3453 1053 3562 1122 γὰρ
3600 1054 3801 1121 μᾶλλον
3828 1053 3964 1105 οἴκοι

2394 1149 2625 1216 τρυφᾷν,
2679 1147 2713 1214 ἢ
2750 1145 2866 1215 μετ’
2899 1145 3032 1213 ἐμοῦ
3063 1145 3547 1214 ταλαιπωρεῖσθαι.
3587 1144 3664 1197 Οὐ
3692 1146 3882 1196 τοῦτον
3909 1145 3966 1196 δὲ

2393 1236 2668 1289 διαϐαλεῖν
2730 1235 2892 1298 ϐέλει,
2931 1235 3045 1285 ἀλλ’
3073 1235 3217 1302 ἡμᾶς
3251 1234 3500 1303 στηρίξαι
3545 1233 3619 1301 μὴ
3665 1234 3966 1298 μαλακίζε-

2397 1329 2540 1380 σΘαι.
2581 1345 2598 1377 ι
2629 1326 2893 1394 Κρήσκης
2922 1326 3000 1386 είς
3024 1325 3311 1377 Γαλατίαν.
3335 1342 3353 1374 ι
3389 1317 3550 1376 Οὗτοι
3575 1322 3768 1393 γνώμῃ
3797 1322 3964 1374 αὑτοῦ

2393 1417 2852 1486 ἀπεληλύθεισαν,
2883 1416 2962 1467 διὸ
2984 1417 3044 1466 οὐ
3078 1416 3225 1480 λέγει
3250 1415 3378 1483 περὶ
3408 1414 3585 1465 αὐτῶν
3619 1416 3697 1475 τὸ,
3735 1413 3966 1478 Ἐγκιτ-

2392 1508 2595 1562 έλιπον,
2624 1509 2771 1569 Τέως
2812 1507 2917 1575 γὰρ
2944 1509 2971 1559 ὁ
2995 1507 3152 1568 Τῖτος
3180 1507 3288 1558 τῶν
3318 1505 3635 1573 θαυμασίων
3674 1500 3758 1572 ἦν,
3791 1505 3969 1570 τούτῳ

2391 1600 2485 1648 καὶ
2515 1597 2818 1666 ἐπισκοπὴν
2852 1595 3238 1648 ὲπεπιστεύκει
3281 1596 3376 1661 τῆς
3417 1595 3663 1660 Κρήτης.
3698 1611 3715 1642 t
3750 1593 3966 1650 Λουκᾶς

2391 1689 2506 1738 ἐστι
2556 1685 2713 1753 μόνος
2771 1687 2887 1752 μετ’
2941 1685 3096 1753 ἐμοῦ.
3137 1704 3155 1735 ι
3197 1685 3410 1737 Λουκᾶς
3445 1679 3598 1744 οὗτός
3645 1684 3790 1733 ἐστιν
3840 1684 3868 1733 ὁ
3906 1680 3968 1730 τὸ

2392 1776 2723 1841 Εὑαγγέλιον
2757 1775 2974 1844 γράψας
3027 1775 3121 1826 καὶ
3172 1776 3272 1836 τὰς
3329 1773 3558 1841 Πράξεις
3588 1773 3693 1824 τῶν
3725 1771 3966 1823 61:01:6-

709 1887 832 1922 cum
864 1877 1044 1921 autem
1079 1868 1322 1922 discendi
1355 1867 1586 1936 cupidus
1611 1875 1779 1930 esset,
1814 1877 2038 1923 sanctus
2072 1876 2124 1922 et
2152 1885 2282 1922 con-

2389 1868 2511 1919 λων.
2546 1865 2852 1935 Φιλομαθὴς
2884 1866 2938 1916 δὲ
2966 1864 3040 1917 ὣν
3072 1869 3098 1917 ὁ
3118 1864 3271 1931 ἆγιος
3302 1867 3392 1916 καὶ
3427 1865 3769 1932 καρτερικὸς,
3806 1864 3964 1915 ἀδια-

711 1969 888 2019 staus,
930 1973 1205 2026 nunquam
1241 1971 1270 2009 a
1317 1955 1486 2010 Paulo
1516 1958 1896 2013 divellebatur.
1941 1979 1959 2010 ι
2006 1960 2104 2013 Est
2136 1962 2282 2014 enim

712 2052 846 2105 mihi
904 2050 1180 2119 perutilis.
1231 2067 1250 2101 ι
1301 2048 1422 2103 Non
1453 2051 1517 2102 ad
1555 2066 1752 2112 meam,
1792 2051 1989 2119 inquit,
2019 2052 2284 2120 requiem,

714 2145 808 2195 sed
845 2140 909 2192 ad
944 2140 1310 2194 ministerium
1344 2139 1735 2207 evangelicum.
1773 2139 1912 2194 Sane
1941 2139 2282 2194 Timotheum

710 2250 929 2303 quoque
978 2234 1120 2286 hanc
1181 2232 1248 2285 ob
1289 2247 1512 2286 causam
1549 2235 1817 2295 vocabat,
1865 2245 1923 2287 ut
1963 2244 2083 2303 post
2131 2250 2282 2289 suam

713 2335 943 2378 mortem
977 2323 1359 2376 consolaretur
1394 2324 1607 2378 fratres.
1649 2343 1667 2375 ‹
1717 2326 1795 2377 Ad
1829 2326 2213 2380 ministerium.
2261 2345 2278 2377 ι

716 2417 990 2484 Evangelii
1023 2417 1296 2470 videlicet.
1337 2433 1354 2466 ι
1394 2416 1562 2468 Porro
1595 2414 1891 2484 Tyehicum
1923 2419 2068 2470 misi.
2105 2436 2122 2467 ι
2151 2416 2286 2470 Vide

713 2508 1084 2561 omnimodam
1137 2507 1507 2562 solitudinem.
1562 2524 1580 2558 ι
1629 2506 1887 2561 Penulam
1941 2525 2102 2578 quam
2155 2509 2286 2562 reli-

713 2596 830 2665 qui.
890 2614 908 2647 ι
968 2594 1367 2649 Vestimentum
1419 2597 1692 2664 quoddam
1741 2598 1827 2651 hic
1878 2596 2033 2650 dicit.
2083 2597 2288 2662 Qtuerit

716 2699 898 2740 autem
938 2687 1097 2751 illud,
1127 2702 1195 2740 ne
1235 2703 1399 2756 egens
1436 2688 1692 2754 cuiquam
1732 2689 1803 2741 sit
1837 2688 2117 2742 molestus.
2153 2687 2287 2742 Nam

716 2781 921 2849 ubique
959 2781 1059 2833 hoc
1086 2779 1185 2848 ipsi
1217 2795 1362 2833 cura:
1397 2789 1479 2833 est
1511 2781 1829 2848 plurimum.
1857 2810 1925 2820 —
1959 2781 2077 2834 Alio
2108 2781 2283 2834 modo.

713 2871 898 2924 Vestis
931 2885 1105 2938 genus
1132 2869 1220 2922 hic
1250 2869 1403 2922 dicit.
1437 2866 1670 2934 Quidam
1702 2885 1832 2923 vero
1861 2871 2073 2924 thecam
2114 2871 2287 2939 signi-

718 2960 868 3010 ticari
906 2957 1097 3011 volunt
1131 2957 1183 3010 in
1219 2971 1326 3025 qua
1359 2957 1526 3010 libelli
1575 2959 2000 3024 reponebantur.
2031 2959 2160 3023 Qua:
2193 2975 2291 3013 au-

716 3057 822 3103 tem
875 3049 980 3118 ipsi
1027 3048 1334 3102 libellorum
1380 3057 1496 3100 erat
1539 3050 1843 3104 necessitas
1883 3050 1977 3118 qui
2027 3051 2176 3104 brevi
2219 3051 2286 3104 ad

720 3140 886 3194 Deum
938 3141 1274 3210 migraturus
1322 3139 1472 3193 erat?
1511 3137 1669 3192 Certe
1717 3148 1846 3193 tunc
1877 3142 2111 3195 maxime
2149 3157 2285 3210 opus

2391 1958 2643 2018 σπάστως
2671 1959 2846 2025 είχετο
2871 1955 2964 2008 τοῦ
3004 1955 3238 2008 Παύλου.
3270 1974 3289 2006 ‹
3319 1955 3473 2006 Ἐστι
3503 1959 3608 2023 γάρ
3634 1970 3720 2023 μοι
3761 1952 3968 2021 εῦχρη-

2391 2068 2533 2111 στος.
2568 2069 2586 2101 δ
2629 2048 2744 2103 Οὐκ
2800 2052 2879 2110 είς
2915 2050 3013 2117 τὴν
3059 2048 3199 2117 ἐμὴν
3243 2049 3566 2106 ἀνάπαυσιν,
3623 2047 3810 2113 φησιν,
3845 2045 3964 2096 ἀλλ’

2386 2142 2466 2202 είς
2490 2140 2764 2193 διακονίαν
2799 2139 2891 2193 τοῦ
2932 2139 3286 2206 Εὑαγγελίου.
3317 2141 3460 2206 "Ap:
3511 2139 3604 2190 καὶ
3656 2138 3744 2188 τὸν
3790 2137 3970 2202 Τιμόκ

2385 2233 2503 2284 020v
2535 2233 2724 2286 τούτου
2775 2235 2937 2301 χάριν
2987 2233 3200 2296 ἐκάλει,
3252 2233 3340 2283 ἵνα
3368 2232 3508 2282 κατά
3546 2234 3643 2299 τὴν
3673 2229 3841 2281 αὐτοῦ
3875 2245 3971 2278 τε·

2386 2325 2600 2377 λείωσιν
2654 2322 3051 2393 παραμυθῆται
3087 2325 3212 2384 τοὺς
3262 2321 3544 2388 ἀδελφούς.
3585 2339 3601 2370 ι
3641 2321 3732 2381 Εἰς
3776 2321 3970 2370 dum.

2385 2417 2523 2470 νίαν.
2561 2435 2579 2466 ι
2608 2415 2712 2466 Τοῦ
2774 2414 3131 2480 Εὑαγγελίου,
3180 2417 3365 2482 φησίν.
3409 2431 3427 2461 ‹
3470 2411 3701 2480 Τυχικδν
3734 2411 3790 2462 δὲ
3830 2407 3970 2460 ’ἀττ-

2386 2505 2620 2558 έστειλα.
2649 2523 2667 2556 ›
2703 2507 2843 2573 Ὅρα
2873 2505 2959 2556 διὰ
2981 2503 3196 2557 πάντων
3229 2504 3326 2572 τὴν
3387 2505 3636 2572 μόνωσιν.
3672 2521 3689 2553 ι
3737 2503 3842 2553 Τὸν
3873 2519 3970 2567 ’ςε-

2385 2597 2542 2664 λόνην
2597 2595 2658 2648 ὂν
2708 2595 2987 2647 ἀπέλιπον.
3041 2612 3060 2646 ο
3112 2595 3348 2661 Ἰμάτιόν
3381 2611 3433 2646 τι
3474 2595 3620 2660 λέγει
3703 2591 3967 2643 ἐνταῦθα.

2386 2690 2548 2757 Ζητεῑ
2591 2687 2649 2739 δὲ
2694 2685 2874 2749 τοῦτο,
2902 2685 3043 2738 ὥστε
3081 2684 3154 2755 μὴ
3188 2685 3444 2753 δεηθῆναί
3479 2702 3640 2745 τινος.
3674 2684 3969 2751 Πανταχοῧ

2385 2780 2494 2847 γὰρ
2514 2777 2683 2839 πολὺς
2716 2779 2865 2847 αὐτῷ
2891 2778 3082 2831 τούτου
3121 2778 3298 2844 λόγος.
3329 2807 3398 2818 ——
3425 2779 3670 2840 Ἄλλως.
3708 2775 3967 2846 [ΊΩΔΝ]

2397 2868 2635 2936 Ἰμάτιον
2670 2868 2902 2921 ἐνταῦθα
2949 2867 3121 2935 λέγει.
3181 2869 3335 2930 Τινὲς
3372 2869 3518 2920 δὲτὸ
3573 2867 3969 2933 γλωσσόκομον

2386 2959 2516 3012 ἔνθα
2540 2960 2607 3013 τὰ
2637 2959 2818 3028 βιϐλία
2849 2960 3047 3014 ἔκειτο.
3077 2959 3142 3011 Τί
3175 2959 3231 3012 δὲ
3279 2960 3426 3023 αὑτῷ
3453 2960 3562 3011 τῶν
3601 2958 3824 3028 βιϐλίων
3855 2957 3967 3008 ἔδει

2392 3051 2635 3120 μέλλοντι
2697 3052 3000 3120 ἀποδημεῖν
3050 3053 3187 3122 πρὸς
3239 3052 3328 3103 τὸν
3381 3052 3548 3114 Θεόνς
3579 3053 3687 3102 Καὶ
3723 3051 3968 3119 μάλιστα

2389 3141 2515 3203 ἔδει,
2544 3139 2684 3193 ὥστε
2735 3142 2871 3194 αὐτὰ
2906 3144 3019 3203 τοῖς
3059 3144 3270 3204 πιστοῖς
3305 3141 3669 3210 παραθέσθαι,
3706 3145 3798 3192 καὶ
3842 3141 3967 3192 ἀντὶ

716 3239 855 3296 erat,
888 3242 946 3284 ut
972 3247 1066 3286 eos
1099 3230 1348 3284 fidelibus
1384 3231 1814 3292 commendaret,
1842 3240 1895 3286 et
1939 3240 1999 3285 ut
2038 3234 2158 3287 illos
2187 3249 2284 3302 pro

2389 3235 2486 3300 τῆς
2533 3231 2696 3284 αὐτοῦ
2741 3231 3089 3295 διδασκαλίας
3121 3232 3265 3304 ἔχειν
3299 3233 3458 3285 αὐτά.
3489 3232 3590 3284 Τὸν
3632 3232 3684 3283 δὲ
3719 3232 3961 3299 φελόνην

716 3324 892 3393 ipsius
929 3323 1182 3376 doctrina
1223 3322 1503 3375 haberent.
1533 3321 1792 3375 Penulam
1827 3339 1958 3377 vero
1985 3326 2282 3393 quaerebat,

716 3431 784 3468 ne
833 3413 940 3470 sibi
979 3428 1118 3482 Opus
1152 3422 1295 3466 esset
1331 3411 1397 3465 ab
1432 3413 1553 3464 aliis
1581 3414 1852 3481 accipere.
1881 3441 1949 3452 -—
1984 3432 2003 3464 ι
2055 3413 2285 3468 Maxime

719 3504 1084 3558 men-ibranas.
1134 3521 1153 3553 ι
1186 3500 1526 3555 Membranas
1573 3499 1764 3554 Latina
1799 3503 1972 3570 magis
2005 3519 2158 3566 voce,
2187 3518 2284 3557 vo-

717 3593 925 3648 lumina
967 3595 1085 3649 sive
1112 3593 1336 3647 chartas
1360 3591 1627 3644 volubiles
1657 3593 1950 3661 appellavit
1981 3609 1994 3646 ι
2024 3603 2283 3663 tanquam

717 3700 745 3737 a
816 3684 1062 3738 Romano
1119 3698 1222 3737 usu
1297 3681 1673 3736 indifferenter
1735 3683 1974 3737 dictione
2036 3685 2283 3748 abusus,

714 3776 874 3844 281
933 3790 996 3829 ex
1050 3788 1158 3843 qua
1210 3773 1344 3826 urbe
1381 3775 1546 3826 etiam
1597 3774 1820 3841 scripsit
1873 3773 2190 3841 Epistolam.
2225 3775 2284 3828 In

718 3866 1060 3935 complicatis
1085 3865 1226 3918 enim
1257 3871 1311 3917 et
1336 3863 1595 3918 involutis
1618 3864 1825 3918 chartis
1850 3865 2122 3918 habebant
2151 3866 2284 3918 olim

718 3973 837 4027 quae
868 3957 936 4010 ad
965 3955 1208 4010 divinam
1241 3955 1563 4023 spectabant
1596 3951 1938 4022 Scripturam
1969 3973 1982 4009 :
2020 3955 2283 4024 quemad-

720 4047 937 4101 modum
988 4044 1150 4098 etiam
1197 4043 1262 4096 ad
1303 4043 1446 4096 hunc
1473 4056 1642 4110 usque
1671 4042 1814 4094 diem
1854 4040 2024 4096 Judiei
2051 4043 2285 4111 plurima

720 4137 938 4188 habent.
981 4131 1220 4186 Libellos
1282 4140 1462 4184 autem
1510 4132 1647 4184 dixit
1699 4132 1970 4184 communi
2019 4133 2284 4186 vocabulo

717 4226 862 4295 quod
898 4226 952 4278 in
983 4224 1086 4276 alia
1122 4236 1339 4292 quoque
1371 4220 1544 4274 forma
1576 4220 1826 4275 habuerit
1857 4221 2104 4276 fortassis
2135 4223 2286 4276 libel-

721 4321 820 4370 los.
861 4332 880 4366 ι
926 4313 1158 4367 Maxime
1204 4314 1567 4366 membranas.
1612 4329 1631 4362 ι
1665 4312 1939 4366 Fortassis
1985 4321 2167 4365 autem
2205 4317 2285 4367 ha:

720 4405 939 4458 utiliora
973 4401 1220 4470 quaedam
1255 4401 1309 4453 in
1334 4415 1392 4454 se
1425 4402 1660 4468 reposita
1691 4399 1981 4452 habebant.
2018 4398 2155 4453 Sunt
2182 4415 2284 4454 au-

719 4506 825 4549 tem
873 4495 984 4546 risu
1027 4492 1176 4561 digni
1216 4491 1306 4559 qui
1343 4491 1445 4543 hoc
1489 4491 1607 4542 loco
1639 4490 1958 4556 Apostolum
1994 4489 2148 4542 aiuut
2191 4505 2286 4557 per

2388 3323 2598 3390 ἐζήτει,
2653 3320 2795 3376 ὥστε
2851 3323 2925 3392 μὴ
2964 3323 3222 3394 δεηθῆναι
3266 3324 3395 3391 παρ’
3427 3323 3856 3393 ἑτέρωνὶαϐεῖν.
3897 3351 3968 3362 —

2392 3430 2409 3463 ι
2439 3413 2691 3467 Μάλιστα
2715 3414 2811 3477 τὰς
2832 3414 3174 3486 μεμϐράνας.
3206 3433 3225 3467 ι
3255 3412 3587 3488 [ΘΕΟΔΩΡ.]
3619 3413 3969 3481 Μεμϐράνας

2395 3503 2864 3575 Ῥωμαῖκὼτερον,
2922 3505 2992 3558 τὰ
3062 3505 3254 3574 είλητὰ
3287 3503 3565 3567 ἐκάλεσεν,
3605 3505 3677 3566 ὡς
3717 3505 3826 3555 ἀπὸ
3860 3505 3969 3572 τῆς

2386 3593 2442 3645 ὲν
2475 3593 2659 3664 Ῥώμῃ
2719 3595 3005 3662 συνηθείας
3059 3594 3365 3666 ἀδιαςςόρως
3390 3597 3456 3663 τῇ
3502 3594 3642 3658 λέξει
3670 3611 3968 3666 καταχρη-

2387 3685 2638 3752 σάμενος,
2670 3685 2762 3753 ἀφ’
2791 3682 2856 3756 ἧς
2879 3685 2941 3756 δὴ
2975 3685 3068 3737 καὶ¹
3111 3665 3316 3754 ἐγραιξε
3347 3685 3444 3752 τὴν
3490 3665 3842 3751 Ἐπιστολὴν..
3868 3687 3970 3737 Ἐν

2385 3769 2619 3836 εἰλητοῖς
2649 3771 2755 3839 γὰρ
2787 3767 2932 3839 εἶχον
2952 3771 3014 3823 τὸ
3047 3773 3277 3823 παλαιὸν
3311 3774 3378 3826 τὰ
3402 3773 3500 3840 τῆς
3535 3772 3681 3834 θείας
3707 3773 3966 3842 Γραφῆς.

2384 3857 2573 3929 ὥσπερ
2623 3858 2713 3910 οὖν
2751 3861 2843 3912 καὶ
2876 3860 3003 3930 ἄχρι
3034 3861 3132 3929 τῆς
3173 3862 3332 3932 δεῦρο
3357 3863 3406 3913 οἱ
3433 3861 3674 3914 Ἰουδαῖοι
3703 3865 3769 3913 τά
3806 3863 3967 3913 πλεῖ-

2385 3964 2483 4000 στα
2519 3948 2723 4018 έχουσι.
2766 3949 2958 4002 Βιϐλία
2992 3951 3049 4003 δὲ
3085 3946 3208 4004 εἷπε
3256 3951 3398 4003 κατά
3428 3952 3631 4012 κοινοῦ,
3669 3951 3743 4012 ὡς
3769 3951 3841 4004 ἂν
3868 3950 3972 4002 καὶ

2383 4038 2441 4090 ὲν
2469 4039 2640 4109 ἑτέρῳ
2667 4041 2904 4110 σχήματι
2932 4042 3094 4110 τυχὸν
3125 4041 3264 4110 ἔχων
3288 4041 3488 4110 βιϐλία.
3525 4061 3543 4092 ι
3581 4042 3836 4094 Μάλιστα
3863 4044 3971 4102 τὰς

2388 4128 2725 4197 μεμϐράνας.
2764 4149 2783 4181 ι
2817 4131 2977 4193 Ἴσως
3019 4133 3128 4200 γὰρ
3152 4126 3310 4184 αὗται
3338 4130 3759 4202 ὠφελιμώτεραι
3791 4128 3968 4203 ἦσαν.

2385 4218 2613 4270 Γελάσαι
2642 4219 2789 4284 ἀξιον
2819 4221 2927 4274 τῶν
2957 4221 3195 4274 ἐνταῦθα
3247 4223 3548 4291 εἰρηκότων
3592 4225 3826 4289 φελόνην
3871 4225 3972 4274 τὶν

2397 4309 2738 4375 Ἀπόστολον,
2773 4315 2835 4364 οὐ
2865 4314 2926 4364 τὸ
2963 4314 3166 4382 ἔνδυμα
3200 4315 3406 4378 καλεῖν,
3448 4315 3584 4367 ἀλλά
3612 4331 3662 4365 τι
3697 4310 3840 4375 εἶδος
3884 4315 3976 4379 ξι-

2385 4400 2558 4462 ϐλίου,
2583 4403 2630 4454 οἳ
2663 4403 2723 4455 οὺ
2749 4403 3050 4474 προσέσχον
3080 4408 3144 4474 τῇ
3171 4408 3455 4474 ἐπαγωγῇ.
3486 4406 3742 4474 Περιττδν
3755 4406 3867 4471 γὰρ
3897 4401 3977 4473 ἦν

2386 4494 2581 4544 είπείν·
2612 4495 2721 4546 Καὶ
2767 4497 2836 4546 τὰ
2888 4495 3105 4563 βιϐλία,
3151 4496 3309 4564 εἴπερ
3360 4497 3423 4564 δὴ
3482 4497 3698 4548 κάκεῖνο
3751 4494 3975 4561 βιϐλίου

719 4583 969 4653 penulam
1008 4555 1113 4634 non
1149 4555 1352 4633 vestem
1387 4555 1749 4647 significasse,
1793 4579 1886 4631 sed
1920 4593 2089 4646 genus
2125 4555 2283 4632 libel-

2389 4579 2531 4644 εἶδος
2552 4579 2638 4652 ἦν,
2665 4585 2964 4653 δυνάμενον
2991 4588 3099 4646 τοῖς
3131 4585 3338 4647 λοιποῖς
3373 4583 3866 4653 συσσημαίνεσθαι.

719 4679 777 4736 li,
813 4676 906 4743 qui
941 4675 1133 4726 littera:
1167 4672 1362 4724 seriem
1396 4685 1501 4722 non
1531 4669 1903 4722 adverterunt.
1937 4669 2282 4736 Superlluutn
2321 4673 2466 4725 enim
2516 4673 2712 4727 fuisset
2761 4675 2944 4729 dicere
3000 4694 3013 4728 :

3097 4674 3164 4728 Et
3213 4676 3443 4739 libellos,
3515 4677 3560 4730 si
3611 4676 3772 4729 etiam
3827 4676 3976 4729 illud

716 4767 912 4820 fuisset
944 4754 1111 4818 libelli
1149 4779 1338 4832 genus,
1365 4777 1488 4814 cum
1527 4764 1794 4830 potuisset
1845 4776 1950 4812 una
1993 4776 2115 4813 cum
2162 4763 2283 4815 aliis
2323 4765 2638 4832 significari.

788 4857 878 4917 IV,
911 4856 1098 4909 14-18.
1129 4854 1429 4905 Alexander
1460 4853 1609 4919 faber
1648 4854 1872 4905 arurius
1915 4853 2093 4904 multis
2126 4853 2284 4904 malis

717 4967 797 5002 me
829 4949 1004 5015 affecit
1031 4961 1049 4998 :
1078 4946 1263 4997 reddat
1306 4944 1387 4995 illi
1426 4942 1682 4994 Dominus
1706 4941 1865 5008 juxta
1898 4942 2040 5010 facta
2072 4944 2236 5010 ipsius
2264 4961 2284 4998 :

714 5055 864 5109 quem
909 5046 957 5089 et
1005 5045 1058 5087 tu
1110 5049 1276 5088 cave:
1311 5033 1630 5086 vehementer
1669 5035 1804 5084 enim
1851 5033 2040 5084 restitit
2088 5034 2281 5086 nostris

714 5130 1061 5183 sermonibus.
1090 5125 1154 5178 In
1186 5127 1357 5190 prima
1387 5140 1500 5176 mea
1529 5124 1830 5190 defensione
1861 5139 2007 5175 nemo
2035 5124 2162 5175 nti/ii
2185 5123 2280 5175 ad-

715 5219 834 5287 fuit,
868 5217 955 5270 sed
1004 5230 1179 5268 omnes
1220 5230 1299 5266 me
1326 5217 1663 5265 deseruerunt
1693 5229 1712 5267 :
1743 5228 1804 5263 ne
1835 5212 1944 5263 illis
1973 5213 2281 5277 imputetur,

720 5311 974 5364 Dominus
1010 5316 1186 5359 autem
1222 5304 1348 5356 mihi
1389 5303 1585 5370 adfuit,
1620 5311 1669 5355 et
1702 5301 2059 5355 corroboravit
2090 5319 2190 5366 nte,
2227 5313 2282 5355 ut

715 5416 807 5470 per
861 5415 940 5452 me
983 5397 1294 5464 pradicatio
1341 5396 1656 5460 expleretur,
1708 5403 1758 5445 et
1804 5395 2047 5446 audirent
2105 5409 2280 5446 omnes

715 5499 886 5555 gentes
912 5501 930 5539 :
952 5496 998 5538 et
1021 5493 1228 5548 ereptus
1253 5480 1333 5550 fui
1355 5496 1419 5533 ea:
1452 5495 1540 5533 ore
1558 5479 1745 5544 leonis,
1767 5490 1815 5533 et
1844 5481 2028 5547 eripiet
2061 5497 2139 5533 me
2173 5481 2281 5532 Do-

717 5581 893 5629 minus
912 5576 974 5629 ab
995 5575 1135 5627 omni
1157 5575 1302 5641 “facto
1322 5572 1481 5637 malo,
1496 5579 1546 5625 et
1564 5571 1788 5625 servabit
1804 5573 1872 5624 ad
1888 5587 2102 5641 regnum
2125 5588 2276 5624 suum

716 5678 970 5722 «sternunt
997 5680 1014 5718 :
1041 5667 1126 5720 cui
1149 5665 1324 5735 gloria
1345 5662 1400 5717 in
1431 5662 1632 5717 sarcula
1656 5663 1996 5718 seculorum.
2022 5666 2204 5717 Amen.

2474 4857 2872 4924 Ἀλέξανδρος
2930 4861 2963 4911 ὁ
3012 4859 3277 4926 χαλκεὺς
3336 4857 3533 4912 πολλά
3557 4875 3656 4924 μοι
3688 4855 3844 4908 κακὰ
3868 4857 3982 4908 ὲν-

2389 4949 2656 5006 εδείεατο
2699 4948 2959 5017 (ἀποδῴη
3006 4950 3168 5014 αὐτῷ
3201 4956 3232 5003 d
3279 4953 3493 5016 Κύριος
3515 4950 3664 5002 κατὰ
3698 4947 3769 4999 τὰ
3807 4949 3977 5014 ἔργα

2388 5036 2619 5103 αὑτοῦ),
2692 5037 2765 5090 ὃν
2815 5037 2911 5089 καὶ
2967 5037 3049 5089 σὺ
3093 5038 3440 5106 φυλάσσου.
3481 5039 3632 5089 Λιάν
3665 5039 3775 5102 γὰρ
3817 5036 3983 5087 ἀνθ-

2386 5124 2606 5192 ἐστηκε
2635 5126 2757 5191 τοῖς
2790 5126 3092 5194 ἡμετέροις
3133 5129 3355 5194 λόγοις.
3399 5123 3586 5191 Ἐντῇ
3617 5126 3817 5190 πρώτῃ
3839 5141 3981 5190 μου

2383 5216 2700 5284 ἀπολογίᾳ.
2739 5219 2937 5280 οὐδείς
2963 5234 3060 5285 μοι
3083 5218 3586 5286 συμπαρετένετο,
3615 5217 3774 5270 ἀλλὰ
3803 5216 3983 5269 ,τάν-

2384 5321 2575 5373 τεςμε
2602 5307 3017 5373 ἐγκατέλιπον.
3059 5308 3154 5374 Μὴ
3196 5298 3399 5372 αὐτοῖς
3426 5307 3754 5376 λογισθείη.
3799 5305 3872 5358 '0
3908 5306 3986 5358 δὲ

2385 5397 2600 5462 Κύριός
2643 5415 2744 5465 μοι
2794 5400 3082 5465 παρέστη,
3125 5405 3223 5452 καὶ
3269 5397 3686 5466 ὲνεδυνὰμωσέ
3721 5412 3821 5464 με,
3867 5400 3987 5454 Ira

2385 5488 2457 5540 δι’
2483 5488 2628 5553 ἐμοῦ
2661 5488 2726 5540 τὸ
2765 5489 3036 5556 κήρυγμα
3075 5489 3523 5558 πληροφορηθῇ,
3574 5488 3672 5540 καί
3716 5489 3984 5559 ἀκούσῃ

2389 5576 2583 5628 πάντα
2596 5577 2664 5628 τὰ
2676 5577 2840 5642 ἔθνη.
2861 5580 2964 5630 Καὶ
2983 5579 3283 5645 ἐρῤὐσθην
3293 5580 3360 5632 ἐκ
3373 5581 3563 5647 στόμα
3572 5595 3667 5642 τος
3677 5577 3957 5646 λέοντος
3969 5623 3983 5635 .

2387 5667 2492 5720 Καὶ
2515 5669 2766 5733 ῥύσεταί
2793 5686 2868 5736 με
2889 5672 2920 5721 ό
2947 5673 3158 5736 Κύριος
3177 5671 3296 5724 ἀπὸ
3320 5672 3544 5735 παντὸς
3572 5671 3747 5737 ἕρτου
3763 5685 3988 5737 πονη-

709 5761 848 5831 ροῦ,
873 5762 967 5818 καὶ
1001 5760 1183 5814 σώσει
1217 5761 1302 5822 εις
1330 5757 1443 5826 τὴν
1463 5757 1790 5820 ,βασιλείαν
1811 5759 1997 5812 αὐτοῦ
2021 5757 2134 5826 τὴν
2163 5758 2422 5814 altor-tor.
2451 5755 2524 5828 '9
2553 5763 2588 5828 ἡ
2615 5761 2848 5825 δόξαεις
2882 5761 3022 5826 τοὺς
3058 5762 3275 5829 αἰῶνας
3303 5763 3421 5816 τῶν
3449 5763 3697 5817 altorum.
3739 5761 3982 5832 Ἀμήν.
