4144 6456
141 394 243 459 ΞΒἹ

1111 390 1489 453 COMMENT.
1530 390 1609 449 1N
1638 384 1875 447 El‘lST.
1923 384 1978 441 ll
2014 384 2111 441 AD
2135 376 2452 440 ΤΙΜΟἹΗ.

3281 365 3386 428 238

213 504 625 559 Ἀποδείκνυσιν
661 503 810 572 αὗτῷ
838 504 1039 566 καὶτὰς
1072 504 1179 556 ἀπὸ
1207 504 1316 555 τῶν
1347 502 1579 555 εὐτελῶν
1609 499 1719 552 θλί-

1895 493 2143 549 Ostendit
2192 493 2239 545 ei
2300 492 2527 543 viriliu-r
2592 484 2840 539 ferendas
2891 496 3013 535 esse
3069 478 3388 535 amictiones

142 598 287 666 ψεις,
317 598 588 664 γενναίως
645 596 853 665 φέρειν.
887 596 959 648 Τὸ
991 595 1098 666 γὰρ
1123 581 1425 648 ἀδικεῖσθαι
1452 590 1718 661 λυπηρὸν,

147 691 389 759 μάλιστα
414 690 468 743 δὲ
522 690 673 759 παρὰ
716 688 826 741 τῶν
879 687 1134 740 εὐτελῶν.
1171 705 1189 738 ι
1226 685 1475 756 Ἀποδῴη
1515 685 1661 754 αὐτῷ
1694 687 1723 738 ὁ

145 783 374 852 Κύριος.
410 800 430 832 ι
462 782 578 838 Οὐκ
615 780 802 849 ἐπειδὴ
852 779 1066 841 Παῦλος
1118 776 1305 848 ἔχαιρε
1352 780 1418 847 τῇ
1458 776 1720 847 τιμωρίᾳ,

145 872 282 925 om
337 870 431 923 διὰ
474 870 602 931 τοὺς
653 870 1083 938 ἀσθενεστέρους
1137 871 1194 920 ἰν
1232 870 1341 927 τοῖς
1372 868 1582 928 πιστοῖς
1618 866 1722 918 ἔδει

145 965 270 1025 τοὺς
312 962 457 1029 ἄγαν
518 959 962 1029 ἐναντιουμένους
1008 961 1237 1029 πάσχειν
1287 957 1491 1021 κακῶς,
1536 958 1635 1020 ἵνα,
1650 957 1725 1028 μὴ

144 1054 457 1121 ἀδυναμίαν
494 1052 809 1118 καταγνῶσι
854 1050 948 1102 τοῦ
980 1049 1357 1118 κηρύγματος.
1398 1066 1417 1099 ι
1457 1048 1613 1102 Κατὰ
1659 1050 1722 1100 τὰ

145 1142 283 1211 ἔργα
310 1141 505 1193 αὑτοῦ.
533 1158 552 1191 ι
580 1142 653 1193 Ἦ
678 1141 760 1193 ὅτι
789 1140 1093 1211 πρόρρησίς
1121 1141 1234 1191 ὲστι
1262 1138 1370 1189 τῶν
1400 1137 1721 1207 μελλόντων,

146 1232 245 1283 οὐκ
278 1232 417 1298 ἀρά.
455 1247 476 1280 s
523 1230 621 1280 Ὃν
672 1230 764 1282 καὶ
796 1229 860 1281 σὺ
891 1228 1190 1296 φυλάσσου.
1232 1246 1251 1278 ι
1292 1228 1406 1280 Οὐκ
1456 1224 1598 1288 εἷπε.
1631 1228 1727 1280 Τι-

148 1322 437 1390 μὼρησαι,
468 1320 699 1374 κόλασον
732 1321 849 1389 (καὶ
878 1320 986 1390 γὰρ
1018 1320 1144 1387 ἐξῆν
1178 1317 1339 1371 τοῦτο
1358 1321 1529 1371 ποιεῖν
1559 1319 1727 1387 Τιμο-

148 1412 254 1481 Θέῳ
320 1413 414 1464 διὰ
458 1412 555 1463 τοῦ
589 1411 951 1480 πνεύματος),
1011 1411 1167 1476 ἀλλὰ,
1214 1410 1513 1463 Φυλάσσου.
1563 1410 1726 1479 Ὁρᾷς

148 1505 227 1556 ὅτι
264 1503 370 1554 οὐκ
402 1504 682 1571 ἐπιτρέχει
706 1505 772 1571 τῇ
804 1502 1045 1573 τιμωρία
1067 1519 1082 1566 ;
1104 1503 1175 1553 Τὸ
1196 1501 1274 1565 δὲ,
1294 1502 1591 1568 Φυλάσσου,
1617 1497 1727 1555 οἷον

146 1593 445 1663 παραιτοῦ.
489 1613 508 1645 ι
546 1594 672 1656 Τοῖς
726 1595 1018 1664 ἡμετέροις
1044 1594 1244 1660 λόγοις.
1285 1612 1303 1645 ι
1343 1595 1467 1656 Τοῖς
1494 1595 1586 1647 τοῦ
1627 1612 1724 1662 κη-

148 1684 433 1753 ρύγματος
461 1683 685 1753 δηλαδή.
723 1701 743 1735 ι
784 1684 873 1737 Ἐν
910 1685 976 1753 τῇ
1012 1682 1202 1756 πρώτῃ
1232 1701 1332 1748 μου
1372 1684 1657 1754 ἀπολογία.
1703 1701 1720 1733 ι

151 1776 411 1845 Παρέστη
441 1776 545 1844 ἥδη
568 1775 647 1844 τῷ
682 1774 896 1846 Νέρωνι
951 1775 1048 1827 καὶ
1095 1775 1368 1843 διέφυγεν.
1410 1774 1553 1827 Ἀλλ’
1600 1777 1727 1828 ὅταν

1826 596 1945 652 qua:
1974 582 2135 635 etiam
2181 581 2249 631 ab
2295 579 2522 645 abjeetis
2554 574 2879 629 inferuntur.
2916 571 3201 624 Molestum
3243 571 3387 624 enim

1825 681 1909 727 est
1941 671 2139 738 injuria
2172 668 2331 730 allici,
2364 670 2429 720 ali
2466 667 2533 719 iis
2574 665 2877 734 praesertim
2917 665 3008 731 qui
3037 662 3174 715 viles
3208 670 3262 714 et
3292 661 3391 712 ali-

1822 762 1952 831 jecti
2002 768 2148 815 sunt.
2204 778 2222 810 t
2280 757 2491 813 Reddat
2551 759 2623 810 illi
2674 755 2960 808 Dominus.
3016 773 3034 804 »
3079 753 3196 807 Non
3248 751 3395 820 quod

1827 853 2037 907 Paulus
2064 852 2326 922 gauderet
2371 852 2599 908 ultione.
2625 849 2717 903 sed
2754 854 2971 916 propter
3010 844 3395 898 imbecilliores

1827 946 1919 1014 qui
1954 946 2096 999 inter
2136 943 2320 998 lideles
2343 950 2521 1008 erant,
2551 940 2837 1010 oportebat
2863 952 2958 991 eos
2990 936 3082 1005 qui
3119 935 3274 988 valde
3310 950 3397 987 re-

1827 1039 2145 1108 pugnabant
2180 1036 2317 1089 mala
2356 1038 2488 1103 pati,
2518 1050 2588 1088 ne
2617 1030 3043 1086 imbecillitatem
3072 1032 3399 1081 accusarent

1828 1129 2257 1199 prmdicationis.
2310 1144 2329 1178 t
2383 1125 2544 1180 Juxta
2593 1125 2733 1177 facta
2783 1123 2983 1191 ipsius.
3030 1139 3047 1171 ι
3101 1120 3206 1172 Aut
3252 1116 3398 1186 quod

1828 1234 2019 1272 eorum
2065 1235 2185 1289 qua:
2237 1218 2420 1272 futura
2463 1224 2621 1270 erant
2664 1215 2980 1268 vaticinium
3022 1212 3115 1271 sit,
3154 1226 3259 1263 non
3294 1210 3400 1263 im-

1830 1312 2091 1377 precatio.
2123 1329 2141 1360 ι
2174 1310 2343 1375 Quem
2367 1320 2421 1363 et
2447 1316 2502 1361 tu
2534 1322 2685 1361 cave.
2720 1323 2737 1355 ι
2765 1303 2883 1357 Non
2911 1303 3066 1365 dixit,
3103 1301 3397 1361 Ulciscere,

1829 1400 2023 1468 punito
2073 1399 2367 1469 (siquidem
2405 1399 2507 1451 line
2552 1398 2733 1451 facere
2768 1394 3036 1462 potuisset
3074 1392 3402 1446 Timotheus

1828 1504 1925 1558 per
1959 1490 2235 1560 spiritum)
2270 1488 2389 1551 sed,
2415 1488 2576 1542 Cave.
2612 1484 2845 1539 Videsne
2876 1483 3020 1552 quod
3048 1483 3115 1536 ad
3142 1481 3400 1535 ultionem

1829 1596 1936 1633 non
1967 1581 2246 1633 aetnrrat?
2288 1580 2465 1635 Cave:
2511 1593 2787 1632 aversare.
2827 1595 2845 1627 ‹
2882 1574 3096 1629 Nostris
3131 1572 3403 1629 sermoni-

1831 1672 1932 1726 bus
1960 1689 1973 1725 :
2005 1690 2023 1722 ι
2060 1671 2309 1725 videlicet
2338 1671 2432 1739 qui
2464 1668 2868 1737 praedicationis
2893 1673 3042 1722 sunt.
3079 1684 3095 1716 ι
3136 1666 3192 1718 In
3227 1664 3403 1733 prima

1832 1777 1945 1815 mea
1979 1761 2318 1816 defensione.
2373 1777 2391 1810 ι
2435 1760 2718 1813 Exhibitus
2751 1759 2862 1826 jam
2902 1757 3077 1810 luerat
3118 1753 3315 1808 Neroni
3347 1761 3402 1808 et

147 1869 236 1919 τὸν
268 1867 517 1935 οἰνοχόον
554 1865 719 1919 αὐτοῦ
744 1868 1048 1936 κατήχησε,
1067 1867 1188 1918 τότε
1211 1865 1373 1919 αὐτὸν
1404 1865 1723 1935 ἀποτέμνει.

1838 1858 2118 1906 evaserat:
2153 1850 2245 1904 sed
2280 1849 2370 1902 ubi
2411 1848 2786 1917 pocillatorem
2838 1842 2959 1913 ejus
3004 1845 3071 1897 ad
3116 1843 3273 1897 ﬁdem
3319 1842 3403 1895 in-

148 1957 284 2008 ϋῦδὲ
317 1956 431 2025 γὰρ
453 1955 599 2009 οὕτω
636 1957 774 2024 πρὸς
819 1957 889 2009 τὰ
916 1955 1114 2009 εἴδωλα
1143 1955 1307 2023 ζῆλον
1361 1950 1506 2025 εἶχεν
1538 1958 1565 2009 ὁ
1620 1956 1725 2008 Νέ-

152 2065 281 2114 ρων,
316 2047 493 2108 οὕτως
550 2043 619 2115 ἦν
656 2046 903 2115 ἐξίτηλος
957 2049 1014 2099 ὲν
1044 2049 1238 2101 πᾶσιν.
1285 2066 1303 2097 ι
1338 2046 1502 2099 Ἀλλὰ
1528 2048 1729 2109 πάντες

153 2156 221 2207 με
254 2139 641 2205 ἐγκατέλιπον.
690 2156 710 2189 ι
746 2139 811 2191 Ol
841 2137 1103 2204 Ἰουδαῖοι,
1174 2139 1357 2208 φησὶν,
1391 2140 1439 2191 οἱ
1484 2138 1725 2207 ἀδελφοί.

156 2248 175 2280 ι
198 2230 291 2299 Μὴ
326 2232 515 2292 αὐτοῖς
542 2230 840 2298 λογισθείη.
885 2248 904 2279 ι
956 2229 1118 2298 Ὁρᾷς
1168 2230 1331 2282 αὑτὸν
1367 2228 1441 2297 μὴ
1476 2228 1634 2297 μόνον
1668 2228 1728 2281 οὑ

152 2321 483 2390 βουλόμενον
535 2320 919 2389 τιμωρεῖσθαι,
950 2319 1088 2371 ἀλλὰ
1124 2320 1219 2371 καὶ
1261 2316 1609 2387 συγχώρησιν
1640 2318 1731 2371 εὖ·

151 2414 423 2481 κόμενον;
480 2412 675 2464 Καίτοι
712 2411 860 2462 δεινὰ
920 2409 1232 2462 ἐπεπόνθει.
1279 2409 1350 2460 Οὐ
1380 2409 1486 2476 γὰρ
1537 2408 1647 2460 ἴσον
1672 2408 1732 2459 τὸ

152 2503 243 2554 ἀπ’
303 2500 609 2567 ἀλλοτρίων
649 2498 1017 2568 προδίδοσθαι,
1081 2498 1205 2549 ὅσον
1256 2498 1317 2549 τὸ
1370 2496 1478 2547 ἀπὸ
1507 2496 1615 2548 τῶν
1648 2498 1730 2548 οἰ-

152 2593 337 2645 κείων.
375 2610 395 2642 s
441 2592 499 2643 '0
538 2591 593 2643 δὲ
621 2590 825 2659 Κύριός
860 2606 948 2657 μοι
982 2592 1251 2658 παρέστη.
1296 2606 1312 2639 ι
1349 2589 1451 2640 Τὸν
1486 2588 1593 2657 γὰρ
1629 2588 1734 2640 ὑπὸ

152 2684 464 2752 ἀνθρώπων
484 2683 1105 2750 ὲγκαταλιμπανὸμενον
1137 2683 1163 2732 ὁ
1200 2681 1400 2750 Κύριος
1434 2682 1531 2732 οὐκ
1570 2680 1734 2747 ἀξίη-

155 2793 255 2830 σιν.
289 2776 714 2842 Ἐνεδυνάμωσέ
765 2792 854 2842 με,
910 2773 1077 2842 φησί·
1118 2773 1384 2835 τουτέστι,
1422 2772 1733 2844 παῤῥησίαν

158 2868 480 2934 ἐχαρίσατο,
514 2865 611 2917 καὶ
644 2867 744 2917 οὐκ
793 2865 973 2933 ἀιρῆκε
1004 2866 1353 2915 καταπεσεῖν.
1393 2862 1556 2931 Ὁρᾷς
1604 2880 1736 2931 προ-

155 2958 367 3027 τροπὴν
402 2958 542 3026 πρὸς
571 2956 662 3009 τὸν
689 2956 957 3024 μαθητὴν,
1011 2956 1105 3007 καὶ
1139 2954 1300 3007 πάλιν
1330 2953 1521 3023 ἑτέραν
1557 2970 1736 3023 παρα-

161 3049 359 3113 μυθίαν
388 3066 403 3109 ;
448 3065 466 3098 t
503 3048 620 3099 Ἵνα
651 3046 718 3098 δι’
752 3047 886 3114 ἐμοῦ
904 3045 964 3097 τὸ
994 3045 1278 3113 κήρυγμα.
1324 3063 1342 3094 s
1379 3044 1521 3113 Ὅρα
1548 3060 1738 3096 ταπει-

1830 1942 2051 2005 struxit,
2082 1951 2208 1995 tunc
2265 1942 2442 2009 ipsum
2494 1939 2670 2008 capite
2705 1936 3002 1991 truncavit.
3039 1935 3221 2004 Neque
3254 1934 3399 1988 enim

1831 2048 2084 2102 magnum
2115 2046 2245 2098 erga
2280 2030 2418 2084 idola
2463 2028 2636 2083 zelum
2670 2027 2906 2081 habebat
2935 2024 3095 2087 Nero,
3126 2024 3261 2079 adeo
3285 2034 3404 2079 erat

1830 2122 2060 2191 ignavus
2120 2129 2172 2175 in
2216 2122 2493 2175 omnibus.
2549 2138 2569 2171 ι
2624 2118 2730 2173 Sed
2776 2133 2967 2173 omnes
3006 2133 3095 2173 me
3141 2118 3400 2172 deserue-

1831 2220 1981 2267 runt.
2026 2230 2045 2262 ›
2077 2210 2247 2265 Judaei
2283 2212 2481 2280 inquit,
2516 2209 2738 2265 fratres.
2772 2209 2935 2279 282
2979 2227 2998 2259 ι
3044 2207 3119 2262 Ne
3160 2208 3265 2261 illis
3298 2209 3401 2261 im-

1832 2311 2070 2373 putetur.
2113 2322 2132 2353 i
2187 2300 2349 2355 Vides
2400 2301 2551 2354 illum
2601 2314 2707 2353 non
2746 2300 2922 2352 solum
2964 2295 3259 2350 vindictam
3297 2310 3401 2348 non

1834 2404 2127 2464 petentem,
2161 2394 2255 2447 sed
2289 2394 2451 2446 etiam
2493 2392 2707 2445 veniam
2739 2389 3089 2459 precantem?
3120 2387 3283 2456 Atqui
3316 2387 3402 2440 in-

1836 2486 1998 2553 digna
2047 2500 2239 2553 passus
2292 2482 2491 2536 fuerat.
2541 2481 2725 2550 Neque
2769 2480 2911 2534 enim
2954 2494 3105 2548 atque
3141 2479 3404 2532 miserum

1836 2582 1918 2627 est
1953 2574 2104 2640 prodi
2141 2574 2210 2626 ab
2257 2572 2449 2625 alienis
2490 2572 2633 2626 sicut
2663 2585 2691 2622 a
2726 2569 3041 2624 domesticis
3084 2577 3138 2623 et
3168 2568 3404 2622 familia-

1836 2666 2009 2719 rilus.
2050 2683 2068 2714 ‹
2118 2664 2378 2717 Dominus
2426 2674 2605 2716 autem
2659 2662 2792 2715 mihi
2839 2661 3031 2715 adluit.
3078 2678 3097 2712 ι
3132 2659 3269 2715 Eum
3312 2659 3408 2729 qui

1839 2756 1905 2808 ab
1941 2756 2254 2810 hominibus
2298 2755 2593 2809 derelictus
2638 2762 2741 2815 est,
2771 2753 3034 2807 Dominus
3079 2769 3189 2807 non
3237 2753 3407 2807 relin-

1837 2849 1976 2916 quit.
2013 2847 2368 2900 Conlirmavit
2419 2862 2525 2907 me,
2566 2845 2767 2914 inquit;
2802 2845 2903 2899 hoc
2942 2852 3049 2910 est,
3081 2845 3295 2899 dicendi
3343 2845 3411 2897 li-

1839 2939 2049 2993 bertate
2118 2939 2383 3003 donavit,
2447 2952 2547 2991 nec
2611 2934 2859 3005 permisit
2918 2936 3192 2990 excidere.
3245 2934 3410 2989 Vides

1840 3030 2277 3085 exhortationem
2330 3032 2396 3083 ad
2452 3029 2823 3097 discipulum,
2872 3041 3199 3097 rursumque
3246 3027 3409 3081 aliam

157 3137 518 3204 νοερροσύνην.
579 3137 654 3187 Οὐ
688 3136 797 3204 γὰρ
850 3136 924 3197 ὡς
958 3134 1105 3198 ἄξιος
1146 3134 1461 3203 ἐπικουρίας
1500 3136 1734 3206 ἐϐοηθή-

1841 3122 2311 3175 consolatimiem?
2351 3140 2366 3171 ‹
2415 3118 2483 3174 Ut
2517 3136 2610 3189 per
2652 3134 2736 3173 me
2772 3118 3107 3187 praedicatio.
3157 3137 3177 3170 ι
3214 3118 3413 3174 Consi-

168 3229 287 3294 6ην,
323 3228 464 3279 ἀλλὰ
493 3228 581 3279 διὰ
633 3228 693 3279 τὸ
747 3228 1029 3296 κήρυγμα,
1073 3225 1161 3277 ἵνα
1202 3225 1461 3294 πληρωθῇ
1512 3227 1607 3279 καὶ
1657 3230 1735 3291 εἰς

161 3321 336 3388 πέρας
374 3317 528 3389 ἔλθῃ.
566 3335 583 3366 ι
626 3318 738 3370 Καὶ
786 3317 1012 3385 ἀκούσῃ,
1053 3317 1206 3383 φησὶ,
1241 3316 1419 3368 πάντα
1442 3319 1507 3368 τὰ
1532 3316 1679 3386 ἔθνη.
1713 3336 1733 3369 ι

161 3409 278 3460 Ἵνα
308 3409 469 3469 πᾶσιν
509 3409 664 3474 φησὶ.
701 3405 997 3475 κατάδηλος
1051 3405 1278 3472 γένηται
1318 3406 1412 3457 καὶ
1440 3405 1532 3457 τοῦ
1567 3407 1738 3474 κηρύ-

160 3515 369 3567 γματος
411 3498 714 3567 ἠδύναμις,
745 3498 838 3549 καὶ
878 3500 978 3565 τῆς
1011 3498 1139 3565 περὶ
1164 3498 1260 3565 ἐμὲ
1297 3497 1601 3565 προνοίαςή
1635 3516 1738 3567 κη-

161 3587 406 3657 δεμονία.
478 3588 607 3640 (Ἐκ
632 3586 894 3655 στόματος
926 3586 1159 3642 λέοντος.
1194 3604 1211 3635 ι
1245 3588 1472 3649 Λέοντα,
1511 3589 1599 3642 τον
1637 3590 1739 3641 Νέ-

163 3695 309 3744 ρωνα
340 3678 513 3745 λέγει,
539 3678 628 3730 διὰ
654 3677 715 3727 τὸ
746 3677 895 3744 ὠμὸν
923 3679 1015 3729 καὶ
1061 3677 1345 3746 θηριῶδες.
1377 3697 1395 3728 t
1442 3680 1551 3732 Καὶ
1582 3680 1740 3751 ῥύσε-

161 3769 245 3818 ταί
291 3784 359 3837 με
411 3768 442 3819 ὁ
491 3766 717 3835 Κύριος.
759 3787 775 3818 ι
810 3766 869 3817 Εἰ
911 3766 1156 3837 ῥύσεται,
1201 3768 1317 3830 πῶς
1352 3785 1535 3837 φησιν,
1597 3770 1741 3838 Ἐγὼ

162 3860 258 3927 ἢδη
282 3859 622 3927 σπένδομαις
658 3858 797 3911 Ἀλλ’
825 3858 946 3928 ὅρα.
976 3859 1109 3910 Τότε
1146 3858 1246 3924 μὲν
1271 3862 1334 3911 ὲκ
1368 3861 1460 3911 τοῦ
1488 3860 1740 3930 Νέρωνος

164 3952 485 4021 ἐρρύσατο,
547 3949 643 4001 νῦν
695 3950 751 4001 δὲ
804 3952 905 4001 οὐκ
956 3953 1035 4001 ἑτι
1083 3951 1148 4002 ὲκ
1208 3950 1300 4002 τοῦ
1340 3951 1611 4021 Νέρωνος,
1660 3954 1742 4020 (τὸ

166 4043 348 4094 ἱκανὸν
384 4042 496 4109 γὰρ
529 4041 607 4110 τῷ
629 4041 947 4108 Εὑαγγελίῳ
986 4042 1279 4109 ἐγεγόνει,)
1321 4042 1435 4094 ἀλλ’
1468 4044 1577 4096 ἀπὸ
1607 4061 1743 4096 παν-

164 4138 250 4195 τὸς
270 4134 700 4203 ἁμαρτήματος,
736 4134 1035 4193 τουτέστιν,
1070 4133 1169 4184 οὐκ
1216 4132 1418 4202 ἀφήσει
1452 4150 1739 4200 καταγνω-

169 4228 360 4279 σῢέντα
403 4227 465 4278 ἐν
510 4242 620 4276 τινι
662 4224 940 4277 ἀπελθεῖν.
986 4240 1006 4275 ι
1038 4222 1150 4275 Καὶ
1215 4222 1379 4275 σώσει
1413 4226 1495 4287 εἰς
1532 4225 1628 4294 τὴν
1648 4225 1742 4294 βα-

171 4320 368 4370 σιλείαν
396 4315 569 4370 αὑτοῦ
603 4316 703 4385 τὴν
738 4315 976 4369 αἰώνιον.
1010 4332 1029 4365 ι
1072 4314 1400 4384 Ἐξαρπάσει
1437 4332 1524 4383 με,
1556 4319 1742 4385 φησὶν,

169 4406 335 4469 ἔνθεν,
377 4406 479 4459 καὶ
526 4404 778 4472 φυλάξει.
812 4404 985 4457 Τοῦτο
1015 4403 1124 4473 γὰρ
1161 4403 1416 4472 σημαίνει
1440 4404 1524 4467 τὸ,
1571 4405 1742 4458 Σώσει

1840 3220 1971 3273 dera
2020 3218 2184 3271 animi
2232 3216 2577 3270 modestiam.
2614 3214 2731 3268 Non
2772 3214 2914 3282 quod
2967 3213 3171 3268 auxilio
3211 3214 3410 3283 dignus

1839 3324 2041 3372 essem,
2074 3307 2269 3376 inquit,
2296 3306 2516 3374 adjutus
2563 3320 2705 3369 sum,
2736 3303 2831 3358 sed
2882 3311 3102 3372 propter
3142 3304 3409 3371 praedica-

1844 3401 2071 3462 tionem,
2104 3405 2162 3451 ιιι
2201 3398 2512 3465 expleretur
2556 3405 2610 3451 et
2644 3397 2709 3448 ad
2748 3397 3043 3449 terminum
3080 3396 3410 3465 perveniret.

1849 3511 1867 3541 ι
1914 3491 1980 3543 Et
2018 3490 2271 3543 audirent
2300 3504 2489 3542 omnes
2524 3496 2733 3558 gentes.
2783 3507 2800 3538 ι
2840 3486 2908 3543 Ut
2941 3490 3197 3544 omnibus
3237 3492 3412 3545 mani—

1842 3581 1982 3636 festa
2040 3581 2192 3634 licret
2242 3580 2643 3648 prtedicationis
2695 3581 2934 3649 potentia
2987 3592 3037 3634 et
3088 3582 3414 3651 gubernatio

1840 3672 2196 3742 providentia:
2244 3672 2389 3725 circa
2432 3686 2516 3727 me
2567 3673 2783 3726 habitae.
2818 3692 2837 3724 ι
2883 3673 2965 3728 Ex
3009 3686 3106 3729 ora
3147 3673 3339 3730 leonis.
3389 3694 3408 3728 ι

1843 3765 2078 3819 Leonem
2118 3765 2249 3819 dicit
2280 3763 2548 3819 Neronem
2583 3763 2655 3817 ob
2696 3764 3075 3819 crudelitatem
3118 3778 3181 3819 ac
3221 3764 3412 3822 ferita-

1843 3866 1974 3911 tem.
2007 3876 2024 3907 ι
2062 3854 2128 3908 Et
2158 3857 2353 3924 eripiet
2386 3871 2469 3909 me
2505 3856 2787 3908 Dominus.
2825 3874 2843 3906 ι
2886 3854 2940 3908 Si
2980 3867 3266 3926 erepturus
3303 3874 3411 3919 est,

1845 3950 2115 4017 quomodo
2148 3949 2223 4000 ait
2259 3965 2272 3999 :
2306 3948 2417 4016 Ego
2452 3947 2561 4014 jam
2607 3946 2849 4000 delibor?
2879 3945 2983 4001 Sed
3020 3948 3412 4003 animadverte.

1846 4041 2001 4095 Tunc
2041 4041 2259 4108 quidem
2291 4054 2318 4090 a
2358 4037 2573 4092 Nerone
2618 4038 2721 4091 fuit
2772 4038 3055 4105 liberatus,
3098 4056 3243 4095 nune
3286 4056 3415 4096 vero

1841 4132 1954 4200 jam
1987 4147 2095 4183 non
2131 4145 2159 4183 a
2188 4129 2399 4183 Nerone
2433 4128 2748 4183 liberandus
2794 4138 2913 4182 erat
2958 4145 3083 4184 cum
3123 4130 3418 4203 Evangelia

1845 4225 2185 4277 satisfactum
2204 4231 2367 4284 esset,
2393 4221 2487 4275 sed
2506 4221 2574 4274 ab
2597 4221 2745 4274 omni
2766 4230 3012 4291 peccato,
3037 4223 3141 4278 hoc
3161 4233 3271 4289 est,
3302 4239 3413 4279 non

1847 4315 2124 4385 permittet
2153 4324 2212 4367 ut
2242 4314 2296 4366 in
2325 4313 2509 4382 aliquo
2542 4312 2942 4369 condemnatus
2965 4315 3263 4371 discedam.
3294 4337 3313 4369 ι
3347 4319 3416 4373 Et

1849 4409 2087 4461 servabit
2114 4408 2181 4460 ad
2213 4422 2435 4477 regnum
2464 4421 2622 4460 suum
2652 4414 2936 4461 aeternum.
2974 4425 2993 4459 ι
3030 4405 3188 4475 Hinc,
3216 4409 3413 4479 inquit,

170 4503 244 4560 εἰς
296 4500 398 4567 τὴν
449 4496 729 4566 βασιλείαν
797 4496 985 4549 αὐτοῦ.
1023 4495 1167 4562 Ἀρα
1201 4496 1233 4562 ἠ
1276 4492 1444 4557 ὅντως
1502 4497 1734 4567 σωτηρία

1854 4514 1938 4553 me
1987 4498 2180 4566 eripiet
2212 4508 2265 4551 et
2300 4497 2587 4551 custodiet.
2622 4496 2754 4549 Nam
2796 4495 2899 4550 hoc
2940 4498 3211 4567 signiﬁcat
3242 4512 3256 4556 :
3291 4500 3420 4554 Scr-

170 4588 304 4655 αὓτη
335 4588 511 4652 ἐστὶν,
552 4588 682 4638 ὅταν
716 4586 833 4639 εκεῖ
867 4584 1283 4653 διαλάμπωμεν.
1312 4601 1331 4634 ι
1366 4578 1488 4655 τῼή
1518 4585 1643 4651 δόξα
1668 4589 1748 4649 εἰς

168 4683 287 4742 τοὺς
309 4679 542 4741 αἰῶνας.
573 4679 771 4747 ’Δμήν.
810 4696 829 4728 s
870 4676 1013 4747 Ὅρα
1034 4673 1343 4741 δοξολογίαν
1364 4675 1519 4739 Υἱοῢ,
1553 4676 1628 4738 ὡς
1653 4677 1747 4729 καὶ

170 4770 259 4822 τοῦ
323 4769 569 4839 Πατρδς,
624 4768 720 4821 καὶ
760 4766 950 4820 ἄλλοτε
1005 4763 1345 4832 Πνεύματοςο
1393 4759 1549 4828 οὗτος
1584 4767 1746 4837 γὰρό

177 4863 405 4932 Κύριος,
440 4862 613 4931 ἧγουν
641 4861 670 4912 ὁ
701 4859 851 4922 Υἱός.

244 5046 559 5098 Ἄσπασαι
611 5040 988 5106 Πρίσκιλλαν
1018 5040 1117 5092 καὶ
1168 5038 1439 5102 Ἀκύλαν,
1494 5036 1590 5090 καὶ
1643 5036 1748 5089 τὸν

186 5133 595 5198 Ὀνησιφόρου
612 5124 800 5182 οἶκον.
812 5130 1109 5195 Ἷιραστος
1124 5128 1361 5195 ἔμεινεν
1375 5127 1444 5178 ἐν
1460 5126 1741 5191 Κορίνθῳ.

178 5223 479 5292 Τρόφιμον
524 5219 593 5271 δὲ
643 5219 942 5272 ἀπέλιπον
971 5219 1040 5270 ἐν
1067 5216 1309 5281 Μιλήτῳ
1349 5215 1743 5269 ἀσθενοῦντα.

176 5315 541 5370 Σπούδασον
573 5312 687 5379 πρὸ
721 5310 1011 5378 χειμῶνος
1047 5308 1266 5363 ἐλθεῖν.
1309 5306 1660 5365 Ἀσπάζεταί
1682 5322 1753 5359 σε

178 5406 489 5465 Εὔϐουλος
518 5400 619 5452 καὶ
654 5399 926 5466 Σπούδης
959 5397 1057 5450 καὶ
1089 5397 1288 5461 Δῖνος,
1328 5398 1428 5449 καὶ
1459 5396 1750 5461 Κλαυδία,

178 5498 270 5548 καὶ
306 5499 364 5548 οι
402 5490 656 5559 ἀδελφοὶ
696 5491 935 5554 πάντες.
979 5491 1033 5540 Ὀ
1079 5490 1290 5556 Κύριος
1334 5488 1577 5554 Ἰησοῦς
1622 5490 1754 5557 Χρι-

179 5589 325 5652 στὸς
373 5586 525 5655 μετά
577 5587 684 5639 τοῦ
759 5580 1095 5649 πνεύματός
1136 5594 1273 5632 σου.
1330 5579 1390 5631 Ἡ
1435 5578 1605 5646 χάρις
1627 5578 1756 5648 μεθ’

181 5680 369 5745 ἡμῶν.
414 5678 611 5747 Ἀμήν.

249 5765 410 5823 Οἷτοί
436 5772 576 5821 εἰσιν
593 5762 667 5819 ὧν
694 5767 926 5837 συνεχῶς
959 5767 1228 5837 μέμνηται
1250 5759 1356 5813 τῶν
1385 5758 1744 5829 σκηνοποιῶν.

1849 4590 1995 4644 vabit
2027 4589 2093 4642 ad
2125 4604 2349 4656 regnum
2383 4603 2564 4643 suum.
2598 4585 2724 4641 Haae
2760 4589 2943 4658 itaque
2969 4602 3054 4645 est
3082 4606 3209 4645 vera
3242 4594 3415 4660 salus,

1849 4687 1909 4733 ut
1951 4679 2024 4733 ibi
2057 4678 2327 4747 splendidi
2357 4680 2547 4732 simus.
2585 4695 2605 4729 ι
2642 4677 2744 4732 Cui
2792 4680 2961 4747 gloria
2995 4679 3049 4733 in
3080 4683 3275 4736 saecula
3312 4698 3417 4737 83!-

1848 4772 2118 4826 culorum.
2150 4772 2343 4823 Amen.
2391 4789 2409 4821 ι
2448 4770 2584 4822 Vide
2616 4770 2957 4838 doxologiam
2987 4786 3084 4839 pro
3108 4770 3245 4826 Filio
3274 4776 3418 4829 sicut

1855 4870 1908 4915 et
1944 4876 2041 4930 pro
2071 4861 2229 4913 Patre
2256 4860 2383 4912 alibi
2418 4869 2469 4913 et
2500 4874 2599 4927 pro
2636 4859 2863 4928 Spiritu,
2892 4860 2996 4925 hic,
3017 4864 3159 4916 enim
3199 4874 3282 4919 est
3312 4864 3419 4917 Do-

1854 4955 2058 5017 minus,
2095 4968 2291 5020 ncmpe
2330 4952 2523 5006 Filius.

1924 5043 2014 5107 IV,
2045 5044 2229 5097 iii-‘22.
2264 5043 2453 5098 Saluta
2487 5043 2794 5097 Priscillam
2824 5053 2874 5097 et
2904 5044 3170 5114 Aquilam,
3202 5056 3250 5100 et
3282 5048 3420 5103 One-

1853 5134 2052 5203 siphori
2088 5136 2369 5202 familiam.
2409 5134 2634 5188 Eraslus
2671 5138 2865 5189 mansit
2902 5134 3159 5192 Corinthi.
3199 5139 3423 5209 Troplti~

1855 5244 1997 5278 mum
2045 5238 2221 5279 autem
2255 5227 2441 5295 reliqui
2478 5226 2648 5280 Mileti
2691 5228 3045 5297 languentem.
3080 5228 3162 5282 Da
3208 5248 3420 5297 operam

1851 5325 1908 5368 ut
1948 5317 2123 5369 venias
2163 5326 2281 5368 ante
2323 5316 2564 5370 hiemem.
2594 5316 2811 5371 Salutat
2856 5328 2902 5370 te
2943 5317 3181 5372 Eubulus
3215 5332 3260 5372 et
3309 5318 3422 5373 Pu-

1854 5406 1979 5459 dens
2009 5416 2057 5459 et
2090 5405 2252 5459 Linus
2276 5416 2325 5459 et
2361 5406 2587 5461 Claudia
2622 5416 2671 5460 et
2702 5408 2898 5475 fratres
2930 5426 3128 5463 omnes.
3160 5408 3419 5464 Dominus

1851 5496 2005 5550 Iesus
2052 5496 2293 5551 Christus
2338 5513 2456 5549 cum
2506 5497 2696 5565 spiritu
2744 5509 2853 5551 tuo.
2898 5497 3085 5552 Gratia
3126 5500 3416 5556 nobiscum.

1854 5586 1892 5636 Α
1907 5602 2038 5637 men.

1927 5761 1990 5813 Ili
2041 5772 2188 5825 sunt,
2234 5778 2468 5817 auorum
2522 5762 2832 5834 frequenter
2882 5764 3010 5819 facit
3059 5765 3408 5830 mentionem,
