4144 6456
740 412 854 478 239

1805 419 2204 480 (ECUMENII
2246 423 2539 485 TRICC/E
2579 428 2917 490 EPISCOPI
3008 376 3015 380 Π

3882 429 4001 490 240

741 524 1212 578 tabernaculorum
1233 533 1494 589 textores,
1519 529 1654 597 apud
1681 545 1817 598 quos
1834 533 1994 585 etiam
2012 536 2316 593 diversatus

2431 543 2567 611 παρ’
2581 537 2659 605 οἷς
2678 547 2769 597 καὶ
2792 547 3058 615 κατήχθη.
3077 547 3186 615 Τῆς
3204 547 3256 599 δὲ
3272 546 3548 614 γυναικὸς,
3569 547 3640 607 ὡς
3672 547 4006 613 πιστοτέρας

739 625 839 668 t-st.
870 613 1065 670 Uxoris
1093 626 1271 670 autem
1297 627 1554 686 tanquam
1583 619 1845 674 fidelioris
1873 638 1936 676 ac
1957 625 2317 694 diligentioris

741 708 890 772 prius
920 708 1184 768 meminit,
1213 722 1336 760 nam
1371 719 1422 764 et
1443 709 1553 763 haec
1583 709 1760 778 ipsum
1793 711 1984 782 Apollo
2016 715 2070 767 in
2096 714 2198 769 fide
2229 716 2318 770 in-

740 799 957 851 struxit.
1001 796 1152 851 Facit
1184 807 1364 853 autem
1399 801 1804 868 salutationem,
1865 805 2029 858 simul
2091 813 2145 859 et
2183 821 2317 861 eon-

741 888 1024 944 solutionis
1054 891 1248 961 gratia,
1302 899 1358 944 et
1415 891 1677 947 honorem
1721 909 1784 949 ac
1837 895 2179 953 dilectionem
2224 917 2320 972 per

742 981 842 1033 hoc
868 979 1134 1035 exhibens
1161 997 1174 1032 :
1198 982 1451 1052 quodque
1480 985 1653 1053 majus
1672 993 1777 1052 est,
1814 989 1981 1042 multa
2015 993 2185 1061 replet
2204 1009 2318 1064 gra-

741 1075 815 1126 tiz.
844 1087 967 1126 eum
999 1074 1092 1142 qui
1127 1074 1420 1131 salutatur.
1451 1077 1611 1146 283
1645 1096 1663 1128 ‹
1706 1078 1771 1132 Ει
1800 1079 2127 1152 Onesiphori
2159 1084 2318 1138 fami-

739 1164 888 1218 liam.
944 1182 963 1216 ›
1016 1163 1393 1236 Onesiphorus
1435 1169 1579 1221 enim
1637 1167 1822 1225 Roma
1862 1183 1999 1227 erat.
2041 1174 2149 1229 Eos
2187 1190 2318 1245 ergo

737 1255 943 1306 salutat
985 1255 1081 1324 qui
1125 1265 1279 1311 erant
1307 1273 1370 1310 ex
1409 1257 1525 1325 ejus
1559 1257 1787 1324 familia,
1815 1262 1917 1316 hac
1947 1263 2033 1316 via
2070 1265 2317 1322 excitans

737 1344 804 1398 ad
842 1345 1073 1400 similem
1109 1346 1534 1411 attnulationetn,
1570 1350 1784 1417 qualem
1817 1351 2081 1406 habuerat
2119 1354 2318 1409 Onesi-

737 1436 967 1504 phorus.
1023 1456 1041 1489 ι
1100 1437 1330 1492 Erastus
1380 1441 1584 1493 mansit
1638 1440 1910 1498 Corinthi.
1967 1461 1982 1494 ι
2046 1445 2314 1510 Quoniam

741 1528 932 1580 horum
960 1528 1164 1581 nullam
1204 1529 1408 1584 fecerat
1436 1531 1791 1597 mentionem,
1822 1549 1968 1587 nunc
1991 1549 2181 1588 eorum
2208 1552 2318 1590 me-

743 1621 902 1674 minit
937 1629 995 1674 ut
1025 1623 1281 1676 ostendat
1323 1625 1468 1692 quod
1505 1623 1744 1692 undique
1771 1625 1923 1678 solus
1958 1627 2027 1680 sit
2066 1627 2316 1694 relictus,

737 1721 790 1766 et
821 1714 964 1782 quod
1008 1714 1109 1782 ipsi
1143 1715 1213 1768 sit
1245 1729 1382 1784 Opus
1415 1713 1728 1770 Timotheo.
1768 1733 1786 1766 ι
1827 1715 2186 1788 Trophimum
2214 1733 2314 1772 au-

738 1813 844 1857 tem
874 1805 1068 1874 reliqui
1097 1804 1284 1859 Mileti.
1322 1825 1340 1858 ι
1379 1805 1595 1862 Miletus
1627 1809 1932 1879 propinqua
1962 1820 2047 1864 est
2075 1810 2310 1880 Epheso.

2421 633 2513 685 καί
2532 636 2976 706 σπουδαιοτέρας,
2999 637 3219 706 πρώτης
3236 639 3524 707 μέμνηται.
3545 637 3650 688 Ka‘t
3672 638 3778 705 γάρ
3795 638 3886 687 καὶ
3911 638 4004 687 τὶν

2420 723 2660 776 Ἀπολλὼ
2697 727 2836 797 αὕτη
2863 730 3166 798 κατήχησε.
3199 727 3302 781 Τὸν
3321 731 3377 782 δὲ
3411 727 3701 797 ἀσπασμὸν
3735 731 3998 788 ποιεῖται,

2418 816 2552 884 ὁμοῦ
2578 817 2675 886 μὲν
2691 819 3200 889 παραμυθούμενος,
3219 821 3354 890 ὁμοῦ
3377 821 3430 872 δὲ
3456 820 3548 872 καὶ
3563 820 3730 889 τιμὴν
3748 820 3837 870 καὶ
3859 819 4003 884 ἁγά-

2421 925 2528 974 πην
2549 908 2956 979 ἐνδεικνύμενος
2980 911 3066 964 διὰ
3081 913 3290 977 τούτου,
3309 912 3369 964 τὸ
3388 913 3442 964 δὲ
3464 912 3668 980 μεῖζον,
3684 912 3774 963 καὶ
3792 909 4004 976 πολλῆς

2419 1000 2700 1069 ἐκπλήσας
2733 1003 2956 1072 χάριτος
2983 1004 3073 1056 τὸν
3105 1006 3670 1075 προσαγορευόμενον.
3712 1021 3728 1053 t
3767 1003 3877 1055 Καὶ
3906 1002 4001 1053 τὸν

2430 1089 2782 1162 Ὀνησιφόρου
2825 1090 2992 1149 οἷκον.
3030 1114 3048 1147 r
3094 1097 3154 1148 Ὀ
3193 1100 3302 1168 γὰρ
3333 1094 3682 1167 Ὀνησεφόρος
3710 1098 3766 1147 ἓν
3803 1095 4001 1163 Ῥώμη

2417 1176 2506 1252 ἦν.
2537 1182 2675 1246 Τοὺς
2723 1179 2816 1236 οὖν
2860 1187 2917 1238 ἐν
2955 1187 3033 1256 τῷ
3077 1186 3211 1257 οἴκῳ
3263 1188 3427 1241 αὐτοῦ
3459 1186 3783 1251 ἀσπάζεται,
3819 1190 4002 1256 ταύτῃ

2417 1271 2701 1342 διεγείρων
2754 1273 2890 1343 πρὸς
2948 1277 3039 1326 τὸν
3075 1277 3261 1345 ὅμοιον
3293 1277 3371 1346 τῷ
3419 1277 3760 1346 Ὀπιησιφόρῳ
3805 1277 3992 1343 ζῆλον.

2423 1383 2442 1414 ο
2486 1364 2754 1433 Ἔραστος
2803 1363 3020 1435 ἔμεινεν
3050 1369 3107 1419 ὲν
3150 1368 3421 1436 Κορίνθῳ.
3456 1386 3474 1419 ι
3525 1368 3742 1438 Ἐπειδὴ
3786 1365 4000 1417 τούτων

2416 1456 2515 1509 οὐκ
2537 1457 2806 1526 ἐμνήσθη,
2841 1460 2935 1511 νῦν
2967 1457 3262 1527 μέμνηται,
3301 1460 3387 1511 ἵνα
3438 1457 3588 1528 δείξῃ
3620 1459 3701 1508 ὅτι
3734 1452 3999 1504 πάντοθεν

2418 1549 2728 1617 μεμὸνωται
2760 1550 2851 1602 καὶ
2877 1549 3067 1619 χρῄζει
3096 1547 3190 1601 τοῦ
3240 1545 3528 1618 Τιμοθέου.
3575 1564 3592 1596 ι
3628 1545 3669 1595 Τ
3677 1545 3909 1612 ρὸφιμον
3941 1543 3999 1596 δὲ

2415 1639 2679 1690 ἀπέλιπον
2737 1641 2794 1690 ὲν
2841 1641 3086 1708 Μιλήτῳ.
3133 1658 3151 1691 ι
3203 1639 3266 1691 Ἦ
3325 1641 3566 1708 Μίλητος
3630 1634 3797 1702 ἐγγύς
3844 1635 3997 1685 ἐστιν

2429 1724 2675 1792 Ἐφέσου.
2717 1727 2857 1795 Ἀρα
2883 1723 2974 1778 οὖν
3007 1728 3094 1778 ὅτε
3145 1727 3413 1780 ἀπέπλεεν
3447 1730 3539 1779 ἐπὶ
3567 1727 3665 1794 τὴν
3705 1725 3994 1784 Ἰουδαίαν,

2417 1813 2628 1882 ἀφῆκεν
2661 1814 2823 1865 αὑτὸν
2851 1817 2906 1866 ὲν
2941 1815 3164 1886 Μιλήτῳ
3188 1818 3215 1867 ὁ
3253 1817 3482 1879 Παῦλος,
3515 1817 3547 1885 ἦ
3586 1818 3723 1884 μετὰ
3751 1817 3808 1867 τὸ
3845 1817 3998 1880 γενέο

741 1894 934 1949 Utrum
986 1898 1153 1966 igitur
1193 1898 1412 1967 quando
1455 1901 1745 1970 navigabat
1795 1901 1850 1954 in
1889 1879 2153 1965 Iudaeam,
2189 1904 2315 1956 reli-

2420 1901 2544 1953 σθαι
2583 1903 2641 1954 ὲν
2688 1902 2874 1973 Ῥώμῃ
2910 1903 3070 1955 πάλιν
3094 1907 3171 1966 είς
3197 1905 3370 1958 ταῦτα
3399 1906 3466 1957 τά
3495 1907 3656 1973 μέρη,
3675 1906 3772 1956 οὐκ
3795 1904 3998 1973 ξχομει

736 1992 919 2057 querit
943 2005 1066 2043 eum
1096 1989 1259 2043 Mileti
1286 1989 1507 2056 Paulus,
1538 2007 1606 2044 an
1641 2007 1861 2046 rursum
1893 2002 2178 2063 postquam
2208 1993 2316 2046 Ro-

741 2093 886 2131 mam
919 2085 1164 2143 venerat,
1196 2079 1259 2134 ad
1285 2095 1378 2135 eas
1407 2081 1702 2136 accesserit
1733 2083 2003 2152 regiones,
2035 2092 2184 2136 certo
2208 2096 2314 2134 non

738 2184 1035 2239 possumus
1071 2185 1344 2226 asserere.
1389 2191 1405 2223 ι
1449 2171 1840 2240 Languentem.
1878 2193 1894 2224 ι
1926 2175 2105 2238 Quare
2134 2181 2314 2227 autem

738 2260 918 2329 ipsum
966 2276 1073 2314 non
1120 2263 1354 2328 sanavit,
1402 2263 1495 2317 sed
1547 2279 1669 2316 eum
1719 2265 1974 2332 reliquit?
2021 2263 2159 2329 Quia
2211 2279 2316 2317 non

738 2351 921 2404 omnia
954 2353 1224 2406 faciebant
1254 2353 1454 2416 sancti,
1496 2368 1565 2406 ne
1595 2353 1774 2421 majus
1802 2355 2006 2422 aliquid
2037 2354 2312 2407 existima-

742 2454 930 2496 rentur
955 2452 1008 2498 et
1034 2459 1200 2513 supra
1227 2445 1509 2498 hominum
1543 2455 1818 2498 naturam.
1855 2465 1872 2495 ι
1909 2445 1982 2497 Da
2010 2461 2229 2514 operam
2259 2452 2319 2498 ut

743 2537 926 2590 venias
983 2545 1109 2590 ante
1145 2537 1397 2591 hiemem.
1440 2555 1458 2586 ι
1500 2536 1739 2601 Interim,
1775 2537 1970 2606 inquit,
2008 2537 2136 2590 dum
2172 2538 2316 2601 vivo,

739 2643 806 2682 ne
854 2628 1028 2682 hieme
1066 2629 1315 2683 detentus
1358 2642 1466 2681 non
1526 2628 1713 2683 videas
1749 2644 1854 2682 tne.
1899 2647 1916 2678 ι
1955 2629 2022 2682 Et
2061 2627 2252 2682 Linus.
2294 2647 2312 2678 ι

741 2719 895 2774 llunc
927 2721 1079 2774 aiunt
1127 2737 1249 2776 esse
1290 2719 1484 2774 Linum
1530 2721 1623 2791 qui
1663 2723 1904 2776 secundo
1938 2722 2060 2775 loco
2100 2730 2318 2776 creatus

739 2823 825 2866 est
869 2812 1055 2868 Romae
1095 2814 1387 2883 episcOpus
1417 2821 1540 2882 post
1565 2813 1813 2869 Petrum.
1855 2832 1872 2864 ι
1914 2811 1979 2865 Ει
2005 2813 2252 2866 Claudia.
2294 2830 2312 2862 ι

741 2903 906 2958 Vides
959 2904 1230 2973 quomodo
1277 2905 1440 2958 etiam
1489 2903 1750 2956 mulieres
1796 2917 1952 2956 acres
2000 2903 2206 2956 fuerint
2265 2909 2319 2956 et

742 2991 1015 3047 ferventes
1054 2992 1330 3047 crueifixa:
1374 2993 1620 3047 mundo?
1652 2991 1864 3046 Etenim
1911 3006 2084 3060 genus
2127 2991 2230 3044 hoc
2264 2991 2318 3045 in

742 3085 894 3140 nullo
934 3083 1068 3138 viris
1112 3083 1346 3138 inferius
1394 3091 1498 3145 est,
1533 3083 1694 3136 modo
1749 3083 1900 3136 velit.
1942 3100 1960 3132 ‹
2000 3081 2066 3135 Ει
2117 3082 2318 3136 fratres

2417 1996 2610 2046 εἰπεῖν.
2651 2013 2668 2045 ι
2706 1994 3081 2049 Ἀσθενοῦντα.
3127 2016 3144 2048 ι
3182 1996 3296 2049 Ἵνα
3338 1997 3389 2051 τί
3435 1998 3543 2066 γάρ
3579 1997 3651 2066 μὴ
3681 1999 3868 2050 ἰάσατο
3901 1998 3999 2048 αὖα

2416 2083 2528 2146 τὸν,
2565 2085 2680 2137 ἀλλ’
2733 2086 2920 2138 εἴασεν
2963 2087 3160 2152 adadv;
3204 2089 3324 2139 Ὀτι
3380 2089 3442 2140 οὐ
3484 2089 3658 2141 πάντα
3694 2088 3913 2138 ἐποίουν
3951 2087 3998 2136 εί

2418 2175 2586 2239 ἅγιοι,
2627 2174 2714 2226 ἵνα
2747 2173 2821 2243 μὴ
2871 2174 3166 2244 νομισθῶσι
3193 2176 3500 2246 κρείττονες
3538 2175 3571 2242 ἢ
3615 2174 3751 2226 κατα
3786 2170 4000 2238 ἀνθρὼ-

2418 2281 2525 2317 που
2582 2265 2764 2334 φύσιν.
2818 2285 2836 2316 ι
2891 2266 3202 2317 Σπούδασον
3249 2266 3355 2336 πρὸ
3411 2265 3677 2334 χειμῶνος
3734 2263 3989 2315 ὲ>.θεῖν.;

2421 2359 2564 2419 Ἕως
2594 2354 2674 2423 οὗ,
2705 2359 2857 2428 φησὶ,
2898 2356 2995 2422 ζῶ,
3035 2359 3120 2410 ἵνα
3165 2359 3239 2427 μὴ
3275 2359 3350 2426 τῷ
3383 2359 3616 2427 χειμῶνι
3655 2354 3997 2423 ἐπισχεθεὶῆ

2418 2449 2517 2501 οὐκ
2545 2451 2658 2520 ἴδῃς
2683 2466 2770 2518 με.
2809 2467 2826 2498 ι
2875 2450 2984 2501 Καὶ
3009 2449 3187 2511 Λίνος.
3229 2467 3247 2499 ι
3281 2449 3481 2502 Τοῦτόν
3513 2465 3645 2516 φασι
3681 2449 3771 2499 τὸν
3812 2449 3997 2506 Λίνον,

2417 2539 2670 2610 δεύτερον
2699 2539 2799 2608 τῆς
2839 2540 3059 2608 Ῥώμης
3090 2541 3384 2593 ἐπίσκοπον
3415 2543 3695 2608 γεγονεναι
3723 2538 3864 2607 μετὰ
3903 2537 4000 2588 τὸν

2419 2632 2646 2700 Πέτρον.
2687 2650 2704 2682 t
2750 2634 2857 2684 Kal.
2908 2633 3171 2685 Κλαυδία.
3209 2652 3225 2684 t
3267 2633 3427 2702 Ὁρᾷς
3469 2633 3585 2694 πῶς
3617 2633 3708 2684 καὶ
3732 2633 3999 2696 γυναῖκες

2418 2721 2667 2790 διάπυροι
2731 2717 2870 2790 ἦσαν
2928 2724 3021 2774 καὶ
3081 2722 3282 2792 θερμαὶ
3322 2725 3414 2775 καὶ
3465 2724 3881 2792 ἐσταυρωμέναι
3919 2719 3999 2788 τῷ

2420 2813 2644 2882 κόσμῳ;
2690 2813 2797 2864 Καὶ
2846 2813 2954 2882 γὰρ
2999 2813 3149 2866 οὐδὲν
3182 2814 3499 2866 ἐλαττοῦται
3536 2814 3594 2865 τὸ
3639 2815 3795 2880 γένος
3837 2809 3998 2864 τοῦτο

2419 2901 2526 2952 τῶν
2566 2900 2797 2968 ἀνδρῶν,
2835 2903 2930 2953 ἐὰν
2973 2902 3122 2973 θέλῃ.
3166 2921 3184 2953 t
3224 2904 3336 2956 Καὶ
3377 2905 3425 2954 ot
3453 2903 3672 2969 άδελςοὶ
3715 2903 3939 2962 πάντες.
3974 2918 3992 2949 ι

2421 2991 2484 3040 Ol
2545 2991 2805 3060 ὀνομαστὶ
2870 2991 3199 3059 μνησθέντες
3264 2990 3585 3060 θερμότεροι
3644 2991 3744 3058 τὴν
3810 2987 3996 3038 πίστιν

2418 3075 2580 3150 ἦσαν.
2619 3098 2638 3131 ι
2692 3080 2750 3132 '0
2776 3080 2979 3150 Κύριος
3014 3081 3223 3151 Ἰησοῦς
3268 3081 3502 3150 Χριστὸς
3530 3081 3666 3150 μετὰ.
3699 3078 3794 3130 τοῦ
3826 3077 3994 3129 πνεύ-

743 3189 956 3230 omnes.
999 3192 1017 3226 ι
1059 3172 1201 3227 Inter
1252 3172 1352 3226 hos
1397 3180 1579 3225 autem
1612 3171 1690 3224 illi
1722 3185 1953 3240 quorum
1996 3170 2316 3224 nominatim

2427 3173 2594 3241 ματός
2619 3189 2733 3225 σου.
2775 3191 2794 3223 ο
2829 3172 3000 3242 Διπλῆ
3057 3173 3090 3241 ἡ
3153 3172 3394 3242 βοήθεια,
3421 3173 3454 3241 ἠ
3482 3189 3540 3224 τε
3583 3171 3675 3223 τοῦ
3729 3168 3992 3238 Χριστοῦ,

743 3265 888 3321 facta
917 3271 1001 3318 est
1035 3263 1258 3326 mentio,
1289 3259 1651 3317 ferventiores
1688 3261 1742 3314 in
1792 3262 1896 3314 title
1937 3269 2116 3314 erant.
2153 3279 2172 3311 ›
2213 3259 2315 3313 Do-

743 3359 924 3413 minus
958 3354 1119 3411 Jesus
1163 3354 1414 3409 Christus
1460 3369 1582 3408 cum
1627 3353 1825 3422 spiritu
1876 3361 1993 3406 tuo.
2041 3371 2060 3402 ι
2108 3351 2315 3420 Duplex

742 3451 1030 3514 auxilium,
1063 3462 1257 3517 nempe
1304 3454 1359 3500 et
1396 3444 1601 3500 Christi
1643 3457 1697 3500 et
1730 3444 1967 3514 Spiritus
2001 3445 2175 3498 sancti
2213 3465 2223 3498 :
2256 3458 2320 3496 ac

744 3537 794 3593 si
849 3536 1060 3590 diceret
1111 3553 1125 3588 :
1169 3533 1305 3589 Cum
1367 3536 1790 3602 superventione
1847 3532 2084 3602 Spiritus
2142 3533 2321 3586 sancti

744 3645 909 3701 quem
939 3644 1085 3684 nunc
1115 3628 1303 3682 habes.
1363 3627 1446 3682 Sit
1477 3625 1740 3680 Dominus
1775 3623 1935 3680 Iesus
1959 3626 2211 3680 Christus
2237 3633 2320 3678 te-

748 3738 872 3776 cum
915 3742 930 3774 :
970 3722 1072 3776 hoc
1116 3731 1298 3774 autem
1345 3719 1444 3773 tibi
1490 3726 1776 3789 prasente,
1826 3732 1938 3771 non
1990 3717 2200 3787 lugebis
2247 3715 2319 3770 ob

747 3830 923 3868 meam
967 3813 1383 3867 resolutionem.
1425 3811 1556 3876 Aut,
1588 3811 1717 3879 quia
1756 3824 1866 3866 nou
1897 3817 2076 3878 potest
2113 3807 2320 3861 Christi

748 3907 858 3960 frui
894 3905 1183 3975 praesentia
1222 3905 1268 3958 is
1307 3903 1401 3974 qui
1442 3902 1512 3956 ob
1556 3903 1785 3972 gratiam
1829 3901 2169 3970 spiritualem
2211 3914 2317 3953 non

749 3998 994 4066 suspirat
1023 4013 1036 4050 :
1069 4007 1125 4050 ut
1165 3995 1239 4049 sit
1271 3995 1428 4064 juxta
1462 3993 1602 4047 hanc
1633 3993 2162 4063 interpretationem,
2193 3993 2318 4062 Spi-

748 4089 856 4142 ritu
893 4099 1005 4154 tuo,
1036 4089 1138 4142 hoc
1171 4095 1276 4150 est,
1306 4086 1580 4154 spirituali
1613 4086 1805 4155 gratia.
1855 4103 1875 4136 ι
1911 4085 2098 4140 Gratia
2134 4085 2322 4139 nobis-

751 4194 897 4234 eum.
945 4198 964 4232 ι
1009 4178 1114 4234 Pro
1183 4179 1363 4248 seipso
1401 4194 1616 4248 quoque
1658 4193 1763 4232 una
1804 4187 2082 4247 precatur,
2124 4186 2220 4230 aut
2260 4184 2320 4230 ut

751 4288 966 4343 semper
1011 4275 1149 4342 grati
1182 4271 1311 4336 sint,
1343 4283 1437 4326 aut
1481 4280 1540 4326 ut
1583 4285 1798 4340 semper
1832 4271 2037 4326 donum
2069 4269 2308 4325 habeant

752 4366 1060 4436 spirituale.

2422 3266 2514 3317 καὶ
2549 3266 2581 3333 ἡ
2613 3263 2706 3316 τοῦ
2735 3264 3051 3334 live-lipara;
3075 3264 3174 3317 τοῦ
3223 3266 3402 3332 ἁγίου,
3433 3264 3507 3327 ὡς
3553 3264 3601 3316 ει
3633 3263 3808 3330 ἔλεγε,
3841 3261 3994 3315 Μετὰ

2423 3359 2522 3427 τῆς
2591 3359 2988 3427 ὲπιφοιτήσεως
3038 3357 3132 3409 τοῦ
3197 3358 3357 3425 ἁγίου
3409 3357 3723 3420 Πνεύματος
3778 3348 3840 3406 οὗ
3901 3354 3996 3406 νῦν

2424 3446 2588 3516 ἔχεις.
2619 3447 2798 3499 Ἔστω
2836 3448 2930 3499 καὶ
2981 3448 3009 3498 ὁ
3061 3448 3264 3515 Κύριος
3319 3447 3526 3516 Ἰησοῦς
3563 3447 3795 3516 Χριστὸς
3857 3446 3996 3511 μετὰ

2425 3539 2538 3591 σοῦ.
2581 3537 2783 3590 Τούτου
2813 3539 2869 3589 δέ
2897 3555 2978 3590 σοι
3000 3538 3360 3608 ὑπάρξαντος,
3388 3539 3488 3590 οὑκ
3515 3539 3772 3605 ἀλγήσεις
3802 3537 3896 3587 ἐπὶ
3927 3538 3994 3606 τῇ

2422 3631 2528 3701 ἐμῇ
2551 3629 2828 3683 ἀναλύσει.
2862 3629 2930 3683 "ll
2962 3631 3043 3683 ὅτι
3067 3633 3168 3682 οὐκ
3198 3630 3275 3682 ἔνι
3301 3632 3399 3699 τῆς
3423 3631 3725 3700 παρουσίας
3759 3631 3997 3697 εὐπορῆ-

2426 3738 2516 3774 σαι
2547 3721 2888 3792 τοῦΧριστοῦ
2901 3723 2991 3776 τὸν
3019 3723 3093 3792 μὴ
3116 3723 3298 3791 χάριτι
3325 3725 3667 3790 πνευματικῇ
3690 3736 3993 3788 κατεστεμ-

2426 3811 2606 3880 μένον,
2647 3811 2734 3863 ἵνα
2880 3811 2953 3873 ὡς
2987 3811 3123 3872 πρὸς
3151 3811 3357 3880 ταύτην
3398 3811 3494 3880 τὴν
3522 3811 3844 3880 ἑρμηνείαν,
3885 3809 3995 3861 Τοῦ

2422 3901 2731 3971 πνεύματός
2756 3919 2873 3968 σου,
2905 3903 3175 3965 τουτέστι,
3207 3905 3304 3972 τῆς
3348 3902 3718 3969 πνευματικῆς
3750 3902 3993 3970 χάριτος.

2428 4013 2447 4045 ε
2485 3993 2550 4046 Ἦ
2600 3995 2757 4064 χάρις
2795 3994 2913 4064 μεθ’
2946 3994 3123 4063 ἡμῶν.
3166 4013 3184 4046 ι
3229 3995 3338 4046 Καὶ
3378 3993 3556 4063 ἑαυτῷ
3608 3994 3923 4061 ἐπεύχεται,
3962 3993 3993 4060 ἢ

2422 4083 2563 4137 ὥστε
2615 4086 2704 4138 ἀεὶ
2757 4085 3116 4155 εὐχαρίστους
3169 4081 3393 4154 εἷναι,ἢ
3427 4084 3567 4139 ὥστε
3604 4085 3691 4138 ἀεὶ
3744 4085 3992 4154 χάρισμα

2422 4175 2568 4246 ἔχειν
2606 4177 2996 4246 πνευματικόν.

757 4477 930 4542 Finis,
963 4476 1142 4534 divino
1172 4479 1374 4548 [arente
1413 4479 1635 4538 auxilio.
1666 4477 1973 4544 posterioris
2017 4477 2084 4529 ad
2134 4475 2315 4529 Timo-

2427 4477 2625 4542 Τέλος,
2663 4475 2784 4529 σὺν
2837 4474 2978 4540 Θεῷ,
3022 4475 3144 4548 τῆς
3186 4476 3347 4548 πρὸς
3381 4479 3659 4544 τιμόθεον
3708 4475 3994 4544 δευτέρας

1293 4551 1463 4603 tltetmt
1498 4549 1774 4617 Epistula.

755 4685 971 4759 Scripta
1003 4694 1088 4759 est
1121 4687 1189 4759 ab
1225 4685 1358 4759 urbe
1387 4683 1579 4759 Ro_m_a,
1608 4698 1729 4759 cum
1751 4683 2003 4759 secundo
2033 4679 2318 4736 sisteretur

1058 4756 1258 4812 Paulus
1281 4755 1480 4811 Neroni
1509 4753 1710 4810 Ctesari
1750 4751 2014 4808 Romano.

3021 4545 3403 4614 Ἐπιστολῆς.

2439 4679 2688 4753 Ἐγράφη
2729 4680 2839 4753 άπὸ
2897 4678 3115 4753 ’ξῴμης
3173 4679 3378 4753 ὅτε-ἐκ
3423 4681 3680 4753 δευτέρου
3740 4681 3990 4751 παρέστη

2639 4747 2850 4813 Παῦλος
2881 4747 2957 4819 τῷ
2987 4751 3227 4821 Καίσαρι
3271 4751 3486 4821 Ῥώμης
3511 4747 3752 4822 Νέρωνι.
