4144 6456
785 414 895 475 267
1817 411 2149 473 (ECUMEN
2162 410 2215 469 ΙΙ
2259 404 2554 467 TRICCIE
2593 407 2936 468 EPISCOPI
3930 416 4032 478 268

788 521 936 592 quod
970 520 1221 576 dominer
1254 521 1370 584 tibi,
1420 520 1514 575 sed
1551 529 1772 591 propter
1805 521 2121 575 charitatem
2174 533 2279 588 qua
2320 525 2359 571 cl

2479 514 2578 567 οὐκ
2613 518 2894 571 ἐπιτάσσω
2931 517 3010 571 δέ.
3043 519 3106 572 Εἰ
3141 519 3235 572 καὶ
3277 519 3557 590 φαίνωμαι
3611 522 3926 578 ἐπιτάσσειν
3961 543 4037 577 σοι

789 624 845 670 te
886 613 1054 682 diligo
1083 621 1136 666 et
1159 627 1187 663 a
1222 619 1274 666 te
1309 611 1526 682 diligor,
1578 611 1865 681 iujungere
1901 610 2116 678 quidem
2152 608 2359 674 videor,

2473 605 2540 657 δι’
2563 607 2818 678 ἀγάπην,
2853 610 2954 663 οὐκ
3010 611 3327 677 ἐπιτάσσω,
3362 614 3666 683 παρακαλῶ
3704 616 3760 668 δὲ
3817 615 4035 684 μᾶλλον.

788 719 976 759 verum
1007 718 1113 756 non
1140 701 1384 772 injungo.
1410 700 1543 756 Nam
1558 702 1669 756 etsi
1703 702 1892 756 videor
1921 701 2204 771 injungere
2235 715 2359 769 pro-

2473 697 2648 763 Οὕτω,
2669 701 2823 769 φησὶ,
2845 702 2975 772 περὶ
2997 701 3193 755 πολλοῦ
3217 702 3278 756 τὸ
3305 705 3452 774 πρᾶγ
3462 722 3537 774 μα
3556 705 3838 775 ποιοῦμαι.
3855 706 4038 760 Tomis-

789 801 906 862 pter
933 792 1256 848 charilatem
1293 831 1308 856 ,
1361 795 1470 846 non
1517 799 1701 847 tamen
1751 793 1998 862 injungo,
2041 791 2136 846 sed
2182 791 2359 860 potius

2471 805 2561 851 τος
2584 789 2680 855 ὢν,
2705 791 2781 852 ὡς
2805 793 3017 858 Παῦλος
3052 794 3388 867 πρεσϐύτης.
3415 797 3727 867 Παρακαλῶ
3752 799 3832 863 δὲ,
3863 799 4039 854 τοιοῦ-

786 898 955 954 rogo:
989 883 1147 949 adeo,
1167 885 1366 954 inquit,
1393 901 1506 940 rem
1542 870 1851 956 magniﬁco.
1889 903 1907 935 ι
1935 884 2072 937 Cum
2101 882 2359 947 talissim,

2469 880 2563 943 τός
2589 899 2670 945 τις
2693 883 2974 956 ὑπάρχων,
3004 882 3114 950 οἷός
3158 905 3242 950 τις
3266 887 3498 957 ὤφειλεν
3525 885 3684 954 εἶναι,
3717 890 3877 960 φησὶ,
3905 891 4042 962 πρὸς

786 991 982 1047 nempe
1011 975 1213 1032 Paulus
1249 992 1437 1032 senex.
1473 996 1491 1028 ι
1527 976 1680 1047 Rogo
1709 991 1832 1030 cum
1867 977 1992 1030 talis
2021 976 2148 1039 sim,
2185 976 2359 1046 qualis

2469 967 2529 1019 τὸ
2554 972 2759 1026 πεῖσαι.
2798 991 2817 1024 ι
2871 974 3102 1036 Παῦλος.
3141 994 3158 1026 ι
3200 978 3400 1046 Ἤρκει
3437 976 3492 1029 δὶ
3527 966 3655 1032 αὐτὸ
3685 978 3845 1031 τοῦτο
3877 981 4042 1048 μόνον

785 1069 1291 1140 deberetquispiam
1315 1084 1436 1123 esse
1460 1070 1524 1123 ad
1541 1068 2001 1138 persuadendum.
2038 1085 2056 1120 ι
2082 1067 2300 1121 Paulus.
2336 1083 2354 1117 ι

2468 1056 2605 1124 πρὸς
2627 1058 2688 1109 τὸ
2708 1062 2913 1126 πεῖσαι,
2943 1080 2961 1112 ι
2989 1062 3308 1133 Πρεσσύτης
3329 1064 3543 1134 δέσμιος
3570 1065 3712 1134 ὑπὲρ
3728 1067 3989 1137 Χριστοῦ.
4019 1087 4038 1118 ι

781 1159 1045 1217 Suﬁicere
1076 1171 1253 1216 autem
1284 1161 1509 1216 deberet
1555 1162 1661 1216 hoc
1703 1161 1879 1215 solum
1923 1163 1989 1215 ad
2023 1159 2358 1228 persuaden-

2481 1149 2647 1221 Ὁρᾷς
2670 1151 2791 1205 ὅσαι
2817 1154 2954 1224 πρὸς
2985 1155 3045 1207 τὸ
3084 1157 3268 1210 πεῖσαι
3291 1157 3538 1228 ἀφορμαί
3559 1174 3572 1224 ;

783 1252 934 1306 dum.
993 1269 1012 1303 ι
1048 1251 1223 1305 Senex
1265 1251 1482 1307 vinctus
1517 1265 1618 1320 pro
1659 1251 1900 1306 Christo.
1955 1270 1974 1304 ι
2022 1250 2187 1306 Vides
2226 1256 2359 1318 quot

785 1345 896 1399 sint
921 1343 986 1398 ad
1015 1345 1456 1415 persuadendum
1491 1344 1812 1400 occasiones
1840 1345 1863 1398 ?

1401 1459 1723 1516 ‘CAPUTII.
1797 1484 1802 1490 ι

3059 1455 3310 1511 ΚΕΦΔΛ.
3351 1455 3426 1509 B’.

779 1549 1180 1604 Commendatio
1228 1550 1463 1605 Onesimi
1510 1552 1720 1620 fugitivi
1758 1553 1913 1615 servi,
1963 1562 2012 1606 et
2061 1551 2354 1604 admonitio

2465 1545 2768 1610 Σύστασις
2798 1546 3119 1620 ὀνῃσίμου
3149 1547 3416 1620 φυτάδος
3447 1545 3823 1620 οἰκέτουηκαὶ
3849 1549 4043 1614 παρά-

944 1637 1038 1687 pro
1073 1623 1184 1688 ipso
1213 1622 1301 1690 qui
1334 1615 1518 1674 salvus
1542 1615 1715 1689 factus
1743 1633 1857 1676 erat
1889 1637 1982 1687 per
2003 1623 2180 1691 ﬁdem.

2557 1619 2780 1681 κλησις
2805 1615 2954 1682 ὑπὲρ
2989 1617 3176 1669 αὐτοῦ
3202 1616 3501 1683 σωθέντος
3525 1616 3620 1668 διὰ
3649 1618 3934 1681 πίστεως.

853 1705 1009 1762 Vcrs.
1039 1708 1221 1762 10-14.
1250 1708 1390 1778 Rogo
1413 1719 1588 1762 autem
1615 1726 1711 1776 pro
1739 1711 1851 1778 ﬁlio
1872 1727 1987 1764 meo
2019 1727 2169 1779 quem
2198 1712 2351 1780 genui

2530 1707 2861 1774 Παρακαλῶ
2883 1724 2956 1761 σε
2981 1708 3235 1776 περὶτοῦ
3251 1709 3397 1776 ἐμοῦ
3427 1708 3662 1770 τέκνου,
3683 1707 3713 1759 δ
3731 1706 4042 1774 ἐγέννησα

777 1803 831 1853 in
862 1800 1086 1854 vinculis
1118 1802 1245 1855 meis
1281 1800 1553 1868 Onesimo,
1576 1803 1836 1870 quondam
1871 1804 1966 1855 tibi
1992 1803 2188 1868 inutili,
2214 1820 2350 1856 nunc

2461 1796 2531 1849 ὲν
2569 1798 2692 1863 τοῖς
2740 1797 2984 1866 δεσμοῖς
3030 1817 3149 1866 μου
3186 1799 3543 1865 Ὀνήσιμον,
3575 1801 3680 1852 τόν
3737 1800 3884 1850 ποτέ
3936 1815 4042 1850 σοι

779 1909 895 1946 vero
923 1893 1016 1944 tibi
1042 1901 1089 1945 et
1114 1893 1240 1943 mihi
1265 1893 1500 1959 perutili,
1525 1909 1676 1962 quem
1696 1894 1896 1946 remisi.
1926 1893 2192 1947 Tuautem
2213 1910 2352 1959 eum,

2463 1886 2791 1955 ἄχρηστον,
2838 1888 2976 1941 νυνὶ
3021 1889 3088 1940 δέ
3117 1906 3215 1942 σοι
3249 1889 3348 1940 καὶ
3377 1889 3505 1957 ἐμοὶ
3551 1890 3911 1956 εὔχρηστον,
3967 1888 4045 1940 ὃν

769 1985 874 2036 Ιιοο
921 1991 1018 2044 est,
1060 1999 1173 2035 mea
1229 1983 1424 2034 viscera
1468 1983 1709 2050 suscipe:
1742 1999 1892 2051 quem
1940 2000 2029 2052 ego
2084 1985 2355 2051 cupiebam

2461 1978 2797 2048 ἀνέπεμψα.
2826 1981 2909 2035 Σὺ
2926 1979 2992 2033 δὲ
3007 1981 3210 2045 αὑτὸν,
3237 1983 3530 2045 τουτέστι,
3551 1982 3622 2034 τὰ
3650 1982 3762 2048 ἐμὰ
3784 1981 4037 2051 σπλάγ-

773 2074 914 2139 apud
937 2088 1014 2126 me
1032 2073 1272 2136 retinere,
1298 2082 1353 2125 ut
1386 2089 1481 2141 pro
1515 2084 1562 2128 te
1591 2075 1915 2128 ministraret
1944 2076 2073 2127 mihi
2100 2077 2154 2128 in
2178 2078 2355 2129 vincu-

2462 2089 2598 2140 χγα,
2629 2075 2998 2140 προσλαϐοῦ,
3026 2072 3098 2125 ὃν
3143 2073 3258 2142 ἐγὼ
3302 2073 3642 2142 ἐϐουλόμην
3677 2073 3826 2139 πρὸς
3847 2071 4042 2139 ἐμαυ-

771 2165 844 2216 lis
894 2163 1165 2234 Evangelii
1189 2179 1206 2217 :
1252 2165 1342 2218 sed
1383 2165 1579 2235 absque
1621 2175 1711 2219 tua
1746 2167 2003 2220 sententia
2048 2167 2180 2220 nihil
2214 2168 2354 2221 volui

2460 2163 2568 2216 τὸν
2603 2163 2897 2232 κατέχειν,
2926 2165 3025 2216 ἵνα
3067 2165 3217 2232 ὑπὲρ
3246 2165 3361 2218 σοῦ
3400 2162 3647 2230 διακονῇ
3671 2181 3771 2231 μοι
3809 2163 3878 2215 ἐν
3911 2161 4042 2226 τοῖς

775 2255 972 2318 facere,
1004 2271 1065 2308 ne
1088 2260 1224 2309 velut
1249 2272 1311 2308 ea:
1334 2258 1641 2310 necessitate
1675 2255 1864 2310 bonum
1891 2265 2036 2309 tuum
2073 2264 2227 2323 esset,
2264 2256 2352 2309 sed

2459 2254 2705 2324 δεσμοῖς
2731 2257 2835 2308 τοῦ
2862 2259 3257 2325 Etiamsi/av.
3285 2257 3469 2323 pric
3501 2255 3568 2307 δὲ
3593 2255 3702 2322 τῆς
3737 2254 3859 2321 σῆς
3886 2253 4045 2322 rubo

772 2355 1148 2414 spontaneum.

2458 2365 2575 2416 μης
2613 2347 2794 2400 οὐδὲν
2849 2347 3121 2413 ἠθέλησα
3153 2346 3426 2413 ποιῆσαι,
3463 2348 3563 2399 ἵνα
3604 2347 3690 2416 μὴ
3747 2347 3829 2412 ὡς
3882 2349 4045 2399 κατὰ

2458 2438 2731 2506 ἀνάγκην
2775 2438 2840 2490 τὸ
2892 2439 3118 2507 ἀγαθόν
3154 2454 3272 2490 σου
3309 2432 3369 2506 ᾖ,
3426 2438 3588 2491 ἀλλὰ
3650 2438 3802 2489 κατὰ
3852 2437 4043 2490 ἐκού-

2457 2548 2618 2584 σιον.

840 2622 1002 2692 307
1050 2621 1233 2675 Placat
1265 2630 1317 2676 et
1357 2623 1569 2693 mitigat
1609 2622 2000 2688 Philemonem,
2031 2623 2349 2681 collaudatis

2529 2621 2993 2692 Προκαταλεαῖνει
3041 2621 3133 2673 τὸν
3177 2621 3488 2691 Φιλήμονα,
3519 2619 3891 2688 ἐγκωμιάζων
3943 2619 4045 2670 τὸν

773 2729 987 2769 servum
1019 2712 1361 2778 Onesimum,
1391 2714 1637 2768 vocando
1670 2713 1863 2778 ﬁlium,
1897 2716 2024 2784 quia
2064 2725 2116 2770 et
2149 2717 2348 2785 ipsum,

2458 2715 2673 2782 οἰκέτην
2705 2715 2894 2767 τέκνον
2936 2714 3138 2774 καλῶν,
3168 2715 3247 2766 ὅτι
3297 2713 3391 2766 καὶ
3427 2713 3623 2770 αὐτὸν,
3668 2712 3857 2781 φησὶν,
3905 2710 4044 2763 ἐϐά-

772 2803 976 2872 inquit,
1005 2801 1300 2872 baptizavi.
1366 2801 1501 2856 Nam
1533 2802 1637 2856 hoc
1670 2802 1941 2872 signiﬁcat
1971 2822 1982 2857 :
2015 2803 2188 2858 Genui
2224 2821 2347 2859 cum

2458 2821 2643 2859 πτισα.
2667 2805 2838 2858 Τοῦτο
2862 2805 2970 2876 γὰρ
2989 2805 3068 2870 τὸ,
3099 2807 3393 2875 Ἑγιννησα
3415 2808 3473 2858 ἐν
3491 2808 3604 2868 τοῖς
3619 2805 3836 2873 δεσμοῖς
3853 2803 4045 2872 ὑπάρ-

773 2909 949 2950 essem
985 2896 1039 2948 in
1060 2895 1315 2949 vinculis.
1382 2892 1478 2948 llis
1505 2895 1671 2963 igitur
1702 2894 1888 2949 sedata
1922 2894 2097 2964 ipsius
2123 2897 2201 2948 ira
2227 2936 2241 2961 ,
2275 2898 2348 2951 ila

2458 2914 2585 2966 χων.
2633 2897 2731 2948 Διὰ
2783 2897 2991 2949 τούτων
3035 2896 3128 2950 οὖν
3178 2896 3651 2965 προκαταστείλας
3705 2896 3798 2947 τὸν
3856 2894 4044 2963 θυμὸν

775 2998 972 3039 nomen
999 2983 1329 3053 exprimens,
1353 2981 1630 3047 Onesimo,
1652 2985 1847 3054 inquit.
1886 3002 1904 3034 ι
1936 2984 2220 3049 Quondam
2249 2986 2345 3040 tibi

2458 2986 3157 3057 αὐτοῦ,οὓτωςιξονομάζει
3173 2989 3232 3040 ea
3245 2988 3416 3056 ὄνομα
3441 3005 3454 3017 ο
3485 2988 3801 3058 Ὀνήσιμον,
3825 2988 4036 3054 φησίν.

774 3073 980 3129 inutili.
1019 3091 1039 3124 ›
1080 3073 1196 3129 Scit
1229 3075 1373 3128 enim
1409 3073 1561 3127 illum
1586 3074 1678 3143 qui
1718 3076 2012 3129 conﬁtetur
2039 3085 2345 3144 peccatum,

2460 3097 2477 3129 s
2515 3079 2619 3131 Τόν
2648 3078 2778 3131 ποτέ
2812 3095 2892 3132 σοι.
2923 3079 3244 3148 ἄχρηστον.»
3281 3076 3400 3132 Οῐδε
3435 3080 3544 3149 γὰρ
3591 3077 4042 3148 ὁμολογούμενον

772 3166 912 3220 iram
963 3164 1170 3218 domini
1216 3167 1584 3234 exstinguere.
1656 3165 1784 3221 Ideo
1833 3167 2062 3221 subdit:
2125 3186 2143 3219 ι
2190 3167 2346 3224 Nunc

2458 3170 2512 3223 τὸ
2553 3169 2893 3239 ἁμάρτημα,
2929 3169 3209 3221 σϐεννύειν
3249 3170 3344 3222 τὸν
3390 3169 3562 3239 Θυμδν
3590 3169 3683 3221 τοῦ
3724 3169 4028 3222 δεσπότου.

773 3272 906 3313 vero
931 3257 1026 3313 tibi
1053 3268 1110 3312 et
1141 3257 1272 3311 mihi
1309 3257 1548 3326 perutili.
1588 3276 1606 3309 ›
1633 3287 1638 3292 -
1662 3257 1719 3312 Si
1757 3258 1924 3312 Paulo
1949 3260 2201 3328 perutilis
2227 3270 2346 3316 erat

2459 3276 2476 3308 ι
2511 3259 2646 3309 Νυνὶ
2665 3257 2720 3309 δὲ
2751 3258 2836 3311 σοὶ
2863 3258 2954 3310 καὶ
2984 3259 3108 3327 ἐμοὶ
3131 3259 3447 3330 εὔχρηστος.
3477 3278 3496 3309 ι
3520 3260 3580 3311 Ei.
3604 3259 3799 3327 Παύλῳ
3813 3258 4037 3328 εὔχρη-

771 3349 866 3419 qui
897 3356 1047 3403 tanta
1077 3347 1358 3416 diligentia
1382 3349 1688 3418 expetebat,
1709 3349 2054 3403 manifestum
2090 3358 2175 3405 est
2200 3349 2344 3419 quod

2458 3364 2577 3409 στος
2604 3346 2872 3417 τοσαύτην
2894 3347 3176 3417 ἀκρίϐειαν
3197 3347 3539 3411 ἀπαιτοῦντι,
3556 3348 3798 3417 δηλονότι
3826 3349 3929 3402 καὶ
3951 3349 4042 3417 τῷ

770 3440 934 3496 etiam
970 3439 1301 3495 Philemoni.
1340 3458 1359 3492 ι
1384 3440 1556 3506 Quem
1602 3441 1785 3495 remisi
1826 3459 1838 3494 :
1883 3459 1901 3491 ι
1938 3448 1996 3493 ιιι
2031 3440 2208 3509 ipsum
2242 3440 2348 3496 Do-

2458 3441 2734 3509 Φιλήμονι.
2777 3458 2794 3490 ι
2840 3441 2936 3490 ’ον
2973 3439 3282 3508 ἀνέπεμψα.
3325 3456 3343 3489 ι
3382 3439 3472 3507 Τῷ
3501 3437 3838 3508 παραδοῦναι
3863 3441 4050 3492 αὑτὸν

771 3532 925 3585 mino
947 3531 1224 3596 redderet,
1254 3533 1428 3602 magis
1459 3539 1639 3586 autem
1671 3539 1729 3584 ut
1761 3531 1895 3584 iram
1939 3533 2340 3600 exstingueret.

2458 3532 2530 3599 τῷ
2563 3533 2830 3601 Δεσπότῃ,
2859 3530 3061 3600 μᾶλλον
3111 3531 3204 3582 τὸν
3250 3530 3420 3598 θυμὸν
3458 3530 3706 3584 εσῦεσεν.
3738 3531 4047 3596 Τουτὲστι,

776 3636 796 3673 ι
839 3619 952 3676 Hoc
985 3634 1068 3676 est
1087 3637 1208 3676 mea
1236 3621 1465 3677 viscera.
1504 3641 1522 3674 ι
1559 3621 1700 3688 Quid
1728 3629 1905 3675 autem
1936 3622 2058 3676 dico
2083 3631 2139 3675 ut
2166 3623 2344 3692 ipsum

2458 3624 2520 3677 τὰ
2575 3625 2683 3692 ἐμὰ
2716 3623 3019 3693 σπλάγχνα.
3065 3641 3083 3673 ›
3131 3623 3196 3676 Τί
3251 3623 3396 3690 λέγω
3459 3623 3622 3675 αὐτὸν
3675 3622 4050 3692 προσλαῦοῢς

769 3715 1084 3784 suscipias?
1116 3715 1261 3768 hunc
1294 3714 1600 3783 suscipiens
1622 3728 1739 3769 mea
1777 3714 1980 3769 viscera
2007 3715 2341 3785 suscipiens.

2458 3714 2652 3768 Τοῦτον
2677 3715 3252 3784 προσλαμῦανόμενος,
3292 3714 3362 3767 τὰ
3390 3716 3498 3784 ἐμὰ
3536 3713 3820 3783 σπλάγχνα
3859 3731 4056 3782 προσ-

768 3805 943 3872 Adeo,
975 3807 1172 3876 inquit,
1204 3821 1329 3860 eum
1355 3805 1544 3876 diligo,
1571 3812 1631 3860 ut
1660 3821 1776 3861 mea
1813 3809 2078 3876 appellem
2108 3809 2341 3865 viscera.

2458 3807 2614 3878 λήψῃ.
2657 3807 2846 3868 Οὕτως
2869 3807 3033 3859 αὐτὸν
3059 3807 3277 3874 ἀγαπῶ,
3311 3807 3504 3876 φησὶν,
3537 3806 3612 3869 ὡς
3661 3807 3755 3858 καὶ
3815 3808 4054 3874 61:16:7-

768 3895 925 3962 Quod
951 3906 1154 3959 autem,
1187 3897 1284 3962 ait,
1321 3895 1574 3966 Suscipe,
1609 3898 1709 3952 hoc
1737 3909 1837 3962 est,
1864 3915 1986 3953 cum
2026 3915 2216 3956 amore
2248 3918 2343 3955 ac-

2458 3916 2554 3971 χνα
2605 3900 2811 3952 καλεῖν.
2844 3899 2916 3951 Τὸ
2960 3900 3044 3964 δὲ,
3075 3898 3420 3968 προσλαϐοῦ,
3466 3894 3577 3950 οἷον
3621 3899 3758 3966 μετὰ
3801 3899 4053 3967 ἀγάπης

769 3989 908 4057 cipe.
948 4005 966 4039 ι
1012 3988 1081 4042 Ut
1114 4002 1212 4056 pro
1245 3995 1300 4042 te
1335 3988 1676 4042 ministraret
1707 3989 1861 4042 mihi.
1897 4009 1915 4040 ι
1967 3988 2156 4044 Viden'
2195 3992 2341 4060 quod

2458 3991 2620 4055 δέξαι.
2668 4010 2685 4041 ι
2724 3991 2841 4043 Ἷνα
2885 3990 3025 4057 ὑπὲρ
3087 3989 3180 4042 σοῦ
3241 3989 3464 4058 διακονῇ
3521 4006 3631 4057 μοι.
3669 4008 3688 4038 ι
3725 3989 3897 4059 Ὁρᾷς
3953 3992 4054 4043 δτι

770 4079 1035 4148 paulatim
1075 4079 1252 4146 ipsum
1294 4079 1361 4131 ad
1395 4076 1612 4133 Domini
1650 4081 1828 4134 locum
1866 4079 2227 4150 produxerit?
2263 4082 2341 4136 ait

2458 4082 2590 4135 κατὰ
2633 4081 2827 4150 μικρὸν
2869 4083 2948 4142 εἰς
2986 4080 3078 4133 τὸν
3110 4080 3273 4131 τόπον
3296 4079 3461 4133 αὑτὸν
3489 4081 3663 4150 ῆγαγε
3689 4080 3784 4132 τοῦ
3815 4081 4051 4133 δεσπό-

766 4170 911 4224 enim
943 4187 959 4223 ι
1015 4167 1082 4222 Ut
1109 4184 1208 4238 pro
1244 4175 1296 4223 te
1333 4168 1691 4224 ministraret.
1739 4168 1837 4224 Hic
1875 4179 2056 4225 autem
2101 4172 2342 4227 ostendit

2458 4189 2578 4237 ron;
2608 4169 2725 4226 'lva
2745 4172 3045 4242 γὰρ,φηοὶ,
3080 4171 3218 4238 ὑπὲρ
3249 4171 3341 4223 σοῦ
3377 4189 3465 4240 μοι
3493 4171 4056 4238 διακονῇ.Ἐνταῦθα⁵

766 4259 911 4326 quod
943 4258 1159 4312 Domini
1195 4261 1378 4328 potius
1425 4259 1611 4326 cupiat
1646 4259 1958 4315 utilitatem.
1997 4260 2128 4314 Nam
2171 4263 2215 4318 si
2259 4272 2337 4328 tu,

2458 4266 2505 4318 εξ
2555 4265 2826 4318 δείκνυσιν
2875 4264 2956 4317 ὅτι
3002 4262 3080 4331 τῷ
3121 4265 3365 4335 Acan-6m
3433 4264 3713 4332 συμφέρον
3769 4264 4057 4330 βούλεται

767 4351 968 4420 inquit,
995 4351 1160 4405 debes
1197 4350 1532 4413 ministrare,
1574 4350 1664 4404 hic
1693 4359 1874 4404 autem
1906 4367 2005 4418 pro
2046 4363 2098 4407 te
2125 4353 2229 4407 hoc
2257 4353 2335 4406 iac

2458 4355 2675 4425 μᾶλλον.
2703 4354 2764 4407 Εἰ
2792 4353 2899 4423 γὰρ
2932 4353 3017 4414 σὺ,
3045 4353 3200 4421 φησὶ,
3229 4355 3521 4420 χρεωστεῖς
3553 4352 3844 4415 διακονεῖν,
3867 4350 4060 4416 οὗτος

768 4442 867 4506 cit,
910 4444 1099 4510 utique
1128 4441 1181 4494 in
1213 4447 1359 4494 tuam
1392 4450 1476 4495 est
1505 4441 1795 4494 utilitatem
1827 4443 1972 4510 quod
1997 4445 2193 4511 agitur.
2222 4461 2240 4493 ι
2279 4445 2336 4497 In

2458 4444 2503 4495 δὲ
2534 4443 2654 4496 ἀντὶ
2693 4440 2786 4493 σοῦ
2829 4439 2988 4492 τοῦτο
3036 4441 3208 4501 ποιεῖ,
3250 4440 3340 4491 σὺν
3366 4439 3556 4506 ὄφελος
3606 4439 3666 4490 τὺ
3704 4441 4054 4509 γινόμενον.

765 4531 998 4586 vinculis
1037 4531 1336 4599 Evangelii.
1371 4549 1389 4581 ι
1432 4531 1490 4585 In
1527 4531 1755 4586 vinculis
1775 4545 1895 4600 quae
1923 4545 2021 4598 pro
2045 4531 2335 4602 Evangelia

2458 4533 2584 4587 ιἙν
2611 4535 2722 4595 τοῖς
2775 4532 2992 4601 δεσμοῖς
3021 4531 3118 4584 τοῦ
3145 4531 3496 4597 Εὐαγγελίου.
3540 4548 3558 4580 ι
3593 4532 3680 4583 Ἐν
3735 4534 3849 4594 τοῖς
3882 4534 4060 4604 ὑπὲρ

763 4623 1001 4692 perfero.
1029 4644 1046 4676 ι
1080 4622 1186 4678 Sed
1221 4622 1428 4692 absque
1458 4633 1549 4678 tua
1581 4625 1871 4678 sententia.
1906 4642 1924 4675 ι
1957 4625 2075 4679 Hoc
2100 4625 2338 4680 maxime

2458 4626 2534 4680 τοῦ
2576 4624 2906 4693 Εὑαγγελίου
2943 4623 3184 4692 δεσμοῖς.
3220 4643 3238 4674 ι
3293 4624 3478 4690 Χιιιρὶς
3508 4624 3565 4675 δὲ
3599 4624 3698 4691 τῆς
3734 4629 3838 4691 σῆς
3879 4629 4060 4692 γνῶ-

765 4719 945 4786 ipsum
971 4716 1303 4779 emolliebat,
1336 4715 1480 4784 quod
1511 4729 1622 4768 rem
1652 4715 1790 4769 adeo
1825 4716 1928 4770 sibi
1965 4719 2335 4771 necessariam

2458 4733 2570 4786 ιης.
2602 4734 2620 4768 ι
2653 4714 2823 4767 Τοῦτο
2873 4714 3107 4783 μάλιστα
3151 4713 3313 4766 αὑτὸν
3363 4714 3592 4783 ὲχαύνου
3613 4754 3628 4778 ,
3663 4715 3746 4766 ὅτι
3780 4719 4060 4786 πρᾶγμα

763 4808 971 4877 absque
1006 4808 1126 4877 ejus
1171 4808 1437 4862 sententia
1483 4822 1588 4860 non
1638 4807 1849 4862 fecerit.
1914 4827 1931 4858 ι
1967 4807 2046 4863 Ne
2087 4810 2234 4863 velut
2271 4824 2340 4865 ex

2458 4807 2612 4868 n3th
2666 4806 2965 4872 ἀναγκαῖον
3016 4802 3197 4873 αὐτῷ,
3261 4805 3411 4872 παρά
3457 4803 3686 4873 γνώμην
3713 4805 3885 4856 αὑτοῦ
3927 4811 4062 4862 οὐκ

762 4899 1108 4955 necessitate.
1145 4919 1161 4950 ι
1185 4898 1302 4952 Non
1336 4899 1851 4968 dixitsimpliciter:
1881 4899 1955 4952 Ex
1982 4901 2333 4965 necessitate,

2458 4897 2712 4965 :noi'qasv.
2753 4914 2771 4947 s
2810 4896 2923 4948 Ἱνα
2957 4896 3031 4966 μὴ
3059 4895 3134 4958 ὡς
3179 4895 3316 4947 κατὰ
3366 4895 3630 4964 ἀνάγκην.
3664 4913 3684 4946 s
3719 4896 3837 4946 Οὐκ
3870 4893 4058 4961 εἶπε,

759 4992 855 5046 sed
883 5033 898 5057 ,
947 4991 1106 5046 Velut
1145 5007 1209 5046 ex
1257 4992 1607 5045 necessitate.
1645 4990 1876 5046 Perinde
1904 5006 1967 5045 ac
2002 4993 2047 5046 si
2076 4992 2286 5046 diceret
2320 5011 2332 5045 :

2458 4988 2598 5041 (ατὰ
2643 4988 2918 5055 ἀνάγκην,
2973 4984 3115 5047 ἀλλ’,
3161 4983 3250 5046 Ὠς
3294 4986 3435 5037 κατὰ
3491 4985 3774 5053 ἀνάγκην·
3836 4985 3926 5047 ὡς
3999 4992 4062 5040 εἰ

760 5081 1026 5136 Noveram
1078 5083 1221 5150 quod
1264 5083 1309 5136 si
1353 5084 1517 5136 etiam
1572 5090 1765 5151 praeter
1815 5091 1960 5137 tuam
2011 5083 2333 5138 sententiam

2458 5070 2634 5127 εἶπενο
2670 5074 2860 5144 ’ῌδειν
2898 5073 2981 5124 ὅτι
3025 5073 3121 5126 καὶ
3166 5073 3318 5140 παρὰ
3361 5071 3587 5141 γνώμην
3632 5087 3727 5123 σου
3757 5075 4059 5144 κατέχων

762 5176 944 5244 ipsum
983 5174 1296 5236 retinerem,
1333 5189 1677 5242 nequaquam
1713 5181 1764 5228 te
1789 5174 2212 5228 contristat-em:
2247 5183 2334 5227 at-

2458 5169 2620 5233 ιὺτὸν,
2654 5167 2754 5218 οὐκ
2798 5164 3028 5217 ἐλύπουν
3069 5181 3146 5217 σε.
3195 5163 3336 5215 ⁹Δλλ⁹
3367 5164 3452 5214 ἵνα
3479 5164 3553 5232 μὴ
3573 5162 3699 5231 δόξῃ
3747 5162 3825 5225 ὡς
3871 5170 4060 5220 κατὰ

764 5279 945 5321 tamen
975 5280 1042 5319 ne
1064 5264 1341 5319 videretur
1368 5265 1524 5328 quasi
1560 5278 1626 5316 ex
1647 5262 1976 5317 necessitate
2011 5262 2147 5325 ﬁeri,
2186 5262 2333 5316 nolui

2458 5260 2685 5328 ινὰγκην
2718 5257 2986 5325 γίνεσθαι,
3019 5255 3119 5307 οὐκ
3145 5253 3474 5324 ἠϐουλήθην,
3501 5253 3682 5321 φησιν.

765 5361 968 5417 facere.

838 5449 994 5506 Vers.
1037 5447 1227 5502 15°20.
1263 5445 1406 5499 Nam
1447 5455 1726 5514 propterea
1760 5447 1988 5514 forsitan
2019 5447 2223 5499 secessit
2263 5446 2332 5497 ad

2510 5439 2670 5508 Τάχα
2701 5439 2808 5506 γὰρ
2842 5435 2938 5488 διὰ
2970 5435 3147 5487 τοῦτο
3180 5433 3474 5502 ἐχωρίσθη
3506 5431 3656 5498 πρὸς
3684 5430 3873 5498 ἅψειν,
3928 5439 4066 5495 ἵνα

767 5542 973 5602 horam,
993 5550 1050 5592 ut
1078 5549 1328 5592 internum
1347 5555 1462 5591 eum
1482 5539 1755 5606 reciperes,
1780 5555 1880 5589 non
1889 5540 2004 5605 jam
2026 5547 2080 5589 ut
2107 5553 2330 5597 servum,

2458 5534 2671 5586 ιὶὼνιον
2711 5529 2897 5582 αὑτὸν
2925 5526 3178 5593 ἀπέχῃς,
3207 5526 3316 5577 οὐκ
3348 5523 3437 5576 ἔτι
3473 5524 3554 5588 ὡς
3582 5522 3830 5587 δοῦλον,
3873 5528 4065 5585 ἀλλ’

760 5634 852 5688 sed
888 5648 1051 5699 supra
1082 5647 1307 5693 sertum,
1340 5647 1518 5697 nempe
1553 5630 1772 5696 fratrem
1803 5628 2074 5691 dilectum,
2099 5629 2332 5681 maxime

2458 5624 2583 5692 νπὲρ
2613 5624 2859 5685 δοῦλον,
2899 5620 3168 5687 ἀδελφὸν
3196 5615 3524 5685 ἁπαπητὸν,
3546 5614 3816 5683 μάλιστα
3851 5619 4062 5688 stuc;-

765 5725 911 5788 milti,
947 5731 1142 5791 quanto
1183 5733 1356 5776 autem
1391 5722 1558 5789 magis
1597 5721 1688 5773 tibi
1717 5731 1762 5773 et
1795 5722 1846 5773 in
1876 5736 2032 5773 carne
2065 5729 2112 5773 et
2145 5721 2196 5771 in
2223 5718 2331 5772 Do-

2458 5717 2610 5778 Idmp
2637 5713 2705 5766 δὲ
2727 5711 2966 5781 μᾶλλόν
2995 5727 3093 5762 σοι
3129 5708 3224 5762 καὶ
3260 5708 3328 5760 ἐν
3359 5707 3534 5774 σαρκὶ
3568 5707 3663 5758 καὶ
3692 5707 3760 5757 ὲν
3784 5711 3857 5759 1ιί
3871 5717 4060 5781 ιρίῳ,

756 5819 903 5870 mino
933 5815 957 5871 .’
985 5814 1044 5870 Si
1078 5816 1239 5886 igitur
1287 5830 1364 5868 me
1401 5813 1558 5867 habes
1595 5825 1912 5879 consortem,
1948 5812 2149 5878 suscipe
2177 5809 2327 5863 illum

2458 5811 2497 5862 Ξὶ
2525 5802 2637 5861 οὖν
2668 5821 2738 5874 με
2769 5803 2928 5874 ἔχεις
2961 5801 3274 5866 κοινωνὸν,
3321 5797 3668 5867 προσλαϐοῦ
3696 5800 3923 5856 αὑτὸν
3957 5814 4064 5876 ὡς
