4144 6456
124 413 196 475 269
1048 402 1436 464 COMMENT.
1481 399 1563 460 ΙΝ
1592 399 1831 460 EPlST.
1867 400 1967 459 AD
2008 399 2323 459 PIIILEM.
3199 392 3308 457 270

126 522 208 589 ἐμέ.
234 520 289 573 El
321 514 389 570 δέ
426 532 484 569 τι
533 512 792 583 ἠδίκησέ
836 526 910 565 σε
939 510 977 579 ἢ
1014 512 1265 580 ὀφείλει,
1296 510 1471 564 τοῦτο
1500 509 1628 579 ἐμοὶ
1662 516 1702 568 Α
1734 519 1762 559 lt

1673 516 1702 568 Α
1734 519 1985 575 tanquam
2018 524 2116 562 me.
2148 506 2300 574 Quod
2323 507 2369 559 si
2397 505 2520 572 quid
2555 504 2733 559 nocuit
2762 503 2857 558 tibi
2887 513 2980 559 aut
3014 501 3183 570 debet,
3210 504 3309 560 hoc

129 613 315 679 ἐλλόγα.
359 607 510 676 Ἐγὼ
535 607 780 672 Παῦλος
806 606 1038 674 ἔγραψα
1060 603 1135 672 τῇ
1163 603 1277 673 ἐμῇ
1311 603 1481 671 χειρί,
1516 603 1631 671 ἐγὼ
1737 617 1765 654 tt

1737 600 1867 654 milii
1896 601 2119 668 imputa.
2154 597 2263 668 Ego
2298 597 2502 651 Paulus
2529 598 2717 665 scripsi
2739 614 2852 651 mea
2884 612 3067 663 manu,
3097 612 3190 666 ego
3218 596 3308 649 de—

126 703 347 760 dsorlaw.
391 700 492 752 ἵνα
518 699 608 767 μὴ
655 701 812 767 λέγω
842 697 943 751 σοι
975 696 1063 750 ὅτι
1096 698 1192 750 καί
1231 696 1495 750 σεαυτόν
1532 713 1632 765 μοι
1735 708 1762 760 p

1735 691 1959 760 pendam
1987 707 2005 744 :
2035 699 2092 742 ut
2118 706 2181 743 ne
2204 690 2378 741 dicam
2409 689 2502 741 tibi
2522 690 2661 758 quod
2689 690 2911 756 teipsum
2946 703 3149 759 quoque
3178 687 3308 740 mihi

126 791 508 862 προσοφείλεις.
547 790 659 845 Ναὶ
708 788 955 857 ἀδελφέ.
1015 788 1161 856 Ἐγώ
1209 803 1326 842 σου
1376 788 1634 856 ὀναίμην
1737 784 1762 837 i.

1737 784 1950 853 insuper
1979 782 2156 835 debes.
2194 780 2293 834 Νιε
2332 781 2518 849 frater.
2553 779 2735 834 Fruar
2762 797 2854 851 ego
2892 791 2940 835 te
2972 782 3028 835 in
3058 780 3306 835 Domino.

127 889 174 940 ἐν
196 885 376 953 Κυρίῳ,
412 881 776 937 ἀνάπαυσόν
799 898 917 951 μου
950 880 1023 935 τὰ
1052 880 1380 950 σπλάγχνα
1416 880 1485 933 ἐν
1512 883 1631 934 Κυ-
1736 875 1763 930 1

1076 880 1380 950 ιπλὰγχνα
1416 880 1485 933 ἐν
1512 883 1631 934 Κυ-
1736 875 1999 945 Refocilta
2033 891 2147 930 mea
2170 876 2367 929 viscera
2390 875 2444 927 in
2473 872 2712 927 Domino.

130 994 217 1045 βίφ·

185 1066 360 1136 Ἐπειδὴ
416 1067 446 1119 ὁ
516 1067 806 1137 Ὀνήσιμος
878 1065 987 1118 ἀπὸ
1042 1063 1356 1133 κακούργου
1409 1062 1634 1132 γνώμης
1810 1065 1821 1128 ε

1810 1060 1976 1131 308
2021 1058 2292 1127 Quoniam
2326 1057 2617 1115 Onesimus
2657 1074 2821 1130 prava
2860 1068 3040 1114 mente
3077 1067 3310 1130 tugerat,

132 1160 269 1227 ἔφυγε,
296 1157 655 1227 μεταστρέφει
687 1156 856 1225 αὐτὴν
884 1157 1050 1219 αὐτὸς
1083 1156 1177 1208 ἐπὶ
1215 1155 1276 1207 τὸ
1307 1154 1630 1223 ἀμφίϐολον,
1742 1152 1768 1221 ἱ]

1742 1152 1859 1221 ipse
1908 1167 2022 1206 rem
2072 1152 2127 1205 in
2174 1150 2400 1206 dubium
2448 1159 2713 1216 revocat,
2762 1160 3021 1221 tanquam
3058 1153 3310 1208 diceret:

130 1251 181 1311 ὠς
201 1251 238 1301 εί
262 1245 417 1301 εἶπεν·
444 1248 597 1318 Τάχα
622 1248 732 1318 γὰρ
757 1247 875 1301 κατ’
906 1248 1216 1317 οἰκονομίαν
1238 1246 1457 1316 ἔφυγεν.
1493 1264 1511 1296 ι
1538 1246 1638 1299 Διά
1743 1238 1766 1293 Ι

1743 1238 1998 1296 Forsitan
2033 1242 2444 1308 dispensatione
2475 1241 2707 1311 quadam
2739 1241 2896 1311 fugit.
2955 1260 2974 1296 ι
3018 1244 3313 1313 Pr0pterea

130 1341 245 1393 τοῦτο
284 1338 567 1410 ἐχωρίσθη.
635 1358 654 1391 ι
706 1340 954 1410 Εὑφήμῳ
1002 1339 1264 1410 ὀνόματι,
1317 1339 1416 1408 τὴν
1460 1337 1638 1407 φυγὴν
1742 1348 1765 1388 s

1742 1333 1987 1389 secessit.
2027 1352 2047 1384 ι
2090 1332 2296 1388 Fausto
2340 1332 2564 1387 nomine
2596 1332 2777 1402 fugam
2810 1334 3102 1403 appellavit
3131 1350 3315 1391 seces—

130 1431 341 1499 χωρισμὸν
368 1427 547 1492 εἶπεν,
584 1430 671 1483 ἵνα
698 1430 773 1501 μὴ
793 1433 860 1501 τῇ
890 1431 1081 1502 μνήμῃ
1108 1430 1209 1497 τῆς
1239 1431 1418 1499 φυγῆς
1471 1446 1639 1497 παρεο
1741 1440 1766 1480 s

1741 1427 1969 1491 sionem,
1992 1440 2057 1479 ne
2080 1424 2221 1479 facta
2256 1423 2396 1495 fugas
2430 1425 2704 1480 mentione
2732 1424 3020 1482 Dominum
3049 1430 3312 1486 irritaret.

132 1523 245 1592 γεέρῃ
272 1522 346 1573 τὸν
367 1522 658 1590 δεσπότην.
700 1518 831 1574 Εἶτα
861 1522 1069 1573 καὶτὸν
1114 1521 1306 1591 χρόνον
1337 1521 1637 1587 συστέλλει,
1743 1517 1768 1569 Ι

1743 1517 1949 1573 Deinde
1980 1526 2259 1573 coarctato
2296 1519 2459 1572 etiam
2496 1529 2737 1588 tempore
2765 1520 2986 1575 cohibet
3010 1520 3145 1575 iram
3174 1540 3190 1589 ;
3223 1530 3317 1577 aut

131 1613 393 1664 καταπαύων
440 1611 540 1681 τὴν
593 1613 847 1684 ὀργὴν,ἢ
898 1612 1035 1681 πρὸς
1073 1611 1221 1681 ὤραν
1255 1611 1408 1674 ἔτους
1466 1612 1637 1679 λέγ;ι.
1745 1611 1767 1663 l1

1745 1611 1934 1663 horam
1960 1611 2088 1664 dicit
2121 1626 2348 1664 annum.
2371 1629 2389 1660 ι
2421 1609 2494 1666 Ut
2524 1624 2782 1667 aeternum
2811 1629 2932 1667 eum
2961 1614 3252 1682 reciperes.
3293 1634 3311 1666 ι

133 1702 260 1753 (Ἵνα
287 1702 496 1755 αἰώνιον
540 1702 702 1754 αὑτὸν
761 1702 991 1773 ἀπέχῃς.
1055 1721 1074 1755 ι
1140 1702 1407 1770 Ἆπέχῃς,
1448 1702 1638 1772 ἧγουν,
1744 1700 1769 1755 I‘

1744 1700 1880 1755 Nam
1914 1702 2126 1773 ἀπέχῃς
2160 1702 2434 1772 signiﬁcat
2462 1702 2508 1757 Δ
2542 1703 2664 1774 fuga
2695 1706 2989 1774 reciperes.
3029 1725 3047 1758 ι
3084 1706 3187 1762 Sed
3223 1723 3318 1761 su-

139 1792 400 1862 ‘Amla'ﬁgc.
465 1793 646 1845 ι’Δλλ’
686 1794 826 1864 ὑπὲρ
864 1794 1071 1846 δοῦλον.
1110 1811 1128 1844 ι
1169 1793 1331 1862 Ὁρᾷς
1376 1794 1456 1854 Et:
1503 1793 1641 1862 πρὸς
1671 1847 1714 1864 ﬁ
1746 1806 1775 1861 β

1680 1847 1714 1864 ἢ
1746 1806 1844 1861 pra
1901 1807 2144 1846 servum.
2180 1811 2199 1845 ι
2251 1791 2417 1848 Vides
2460 1795 2605 1861 quod
2648 1794 2715 1849 ad
2750 1796 2920 1849 multa
2961 1797 3113 1851 utilis
3150 1781 3316 1852 fuerit

129 1883 255 1934 πολλᾶ
280 1847 548 1953 ὠξέλησεν
588 1887 621 1955 ὴ
657 1847 845 1955 (pura;
880 1886 1028 1938 Ἀντὶ
1082 1886 1194 1956 γὰρ
1438 1847 1639 1955 euri“,
1670 1847 1717 1908 Β

1678 1847 1717 1907 Β
1748 1847 1870 1952 iuga
1894 1883 1917 1935 ?
1945 1882 2048 1936 Pro
2081 1882 2216 1937 hora
2248 1847 3314 1958 enimfdgaehabes—ipsum—permtuum

130 1974 233 2040 ἔχεις
255 1975 396 2027 αὑτὸν
419 1974 660 2030 αίὼνιον.
694 1978 859 2047 (Ὦρα
886 1976 995 2046 γὰρ
1034 1977 1132 2046 μία
1155 1979 1187 2045 ἡ
1218 1976 1368 2047 φυγὴ
1400 1977 1475 2039 ὼς
1506 1977 1642 2046 πρὸς
1749 1975 1766 2045 (

1749 1975 1767 2045 (
1799 1974 1960 2028 unica
2004 1990 2242 2045 namque
2282 1976 2416 2030 hora
2446 1985 2531 2031 est
2553 1975 2693 2048 fuga:
2722 1985 2935 2048 tempus
2965 1981 3010 2033 si
3047 1979 3112 2033 ad
3145 1994 3317 2034 saecu-

128 2059 191 2111 τδν
233 2061 423 2132 αἰῶνα.)
462 2064 571 2115 Καὶ
627 2064 750 2115 ἀντι⁹
801 2064 989 2117 δούλου
1052 2065 1362 2135 ἀχρήστου,
1408 2066 1643 2138 χρηστὸν
1746 2067 1764 2121 l

1746 2067 1858 2121 lum
1885 2065 2181 2136 conferas)
2232 2073 2286 2121 et
2318 2082 2418 2137 pro
2457 2083 2615 2123 servo
2651 2068 2832 2123 inutili
2867 2068 3052 2123 utilem
3096 2070 3316 2125 fratrem

132 2149 306 2217 ἀδελφὸν
335 2152 662 2221 ἀπείληφας.
698 2173 714 2204 ι
736 2154 892 2224 Πόσῳ
919 2155 974 2208 δὲ
1008 2156 1208 2226 μᾶλλόν
1238 2174 1371 2210 σοι.»
1402 2158 1463 2210 Et
1495 2158 1642 2227 ἐμοὶ,
1746 2172 1768 2213 ι

1746 2158 2025 2228 recepisti.
2066 2175 2086 2209 ι
2124 2156 2341 2223 Quanto
2382 2166 2559 2213 autem
2599 2160 2771 2231 magis
2816 2159 2934 2213 tibi.
2980 2178 3000 2211 ι
3058 2158 3113 2213 Si
3159 2161 3316 2224 mihi,

131 2241 266 2310 πολλῷ
286 2244 477 2311 μᾶλλόν
504 2262 605 2304 σοι,
628 2247 722 2298 καὶ
744 2249 803 2298 ὲν
826 2250 944 2311 ταῖς
968 2251 1261 2317 κοσμικαῖς
1295 2248 1641 2319 ὑπηρεσίαις.
1747 2266 1767 2304 ι

1747 2250 1921 2304 multo
1965 2251 2136 2319 magis
2178 2250 2273 2306 tibi
2300 2260 2354 2305 et
2392 2251 2446 2305 in
2477 2250 2769 2305 mundanis
2799 2250 3158 2307 ministeriis:
3190 2266 3314 2306 nam

132 2334 260 2386 Τοῦτο
280 2338 379 2406 γὰρ
403 2338 486 2402 τὸ,
532 2338 618 2391 Ἐν
650 2338 832 2409 σαρκί.
862 2341 970 2393 Καὶ
992 2342 1049 2393 ὲν
1078 2344 1199 2403 ταῖς
1222 2344 1641 2411 πνευματικαῖς.
1749 2343 1765 2397 1

1749 2343 1855 2399 hoc
1896 2345 2193 2415 significat,
2238 2343 2296 2397 In
2341 2342 2539 2398 carne':
2570 2350 2622 2398 et
2647 2343 2701 2396 in
2749 2341 3124 2411 spiritualibus
3159 2360 3173 2396 :
3214 2341 3318 2396 hoc

130 2425 261 2478 Τοῦτο
287 2429 384 2498 γὰρ
414 2433 498 2494 τὸ,
542 2430 628 2482 Ἐν
662 2432 873 2502 Κυρίῳ.
904 2449 922 2483 ι
949 2433 1009 2485 Εἰ
1044 2428 1136 2486 οὖν
1167 2450 1233 2503 με
1274 2433 1417 2502 ἔχεις
1454 2451 1646 2487 κοινω-
1748 2450 1766 2489 ε

1748 2436 1895 2490 enim
1947 2435 2217 2507 designat,
2256 2435 2314 2489 In
2367 2433 2618 2489 Domino.
2656 2450 2675 2485 ι
2714 2431 2772 2488 Si
2821 2433 2986 2504 igitur
3017 2448 3102 2488 me
3151 2431 3318 2489 babes

131 2517 207 2570 νόν.
232 2536 251 2570 ι
277 2520 579 2584 Τουτέστιν,
610 2526 659 2576 εἰ
685 2523 752 2576 τὰ
787 2524 929 2577 αὺτά
951 2541 1041 2595 μοι
1070 2528 1291 2595 φρονεῖς
1316 2527 1406 2579 καὶ
1441 2526 1642 2596 βούλει.
1749 2542 1767 2582 t

1749 2534 2081 2583 consortem.
2124 2546 2143 2578 ›
2188 2526 2301 2581 lloc
2343 2533 2448 2592 est,
2480 2526 2525 2581 si
2571 2525 2758 2581 eadem
2804 2540 3018 2580 mecum
3059 2526 3232 2580 sentis
3266 2533 3321 2581 et

132 2610 439 2678 «Προσλαὸοὖ
477 2615 641 2667 αὑτὸν
693 2616 767 2677 ὡς
796 2616 914 2686 ἐμέ.
953 2635 972 2667 ι
1017 2618 1213 2684 Βαϐαῖ,
1254 2618 1347 2671 τοῦ
1382 2619 1645 2688 μεγέθους
1749 2633 1768 2672 ί

1749 2628 1924 2689 Optas.
1956 2638 1973 2669 ι
2003 2615 2234 2689 Suscipe
2256 2618 2407 2672 illum
2432 2626 2691 2687 tanquam
2724 2632 2829 2672 me.
2860 2635 2878 2668 ι
2902 2616 3079 2686 Papae.
3114 2624 3316 2687 quanta

128 2697 197 2749 τοῦ
219 2702 464 2769 ῥήματος.
507 2720 526 2753 ι
568 2703 630 2756 Et
676 2703 734 2756 δέ
778 2722 829 2757 τι
861 2704 1093 2776 ἠδίκησέ
1131 2722 1214 2759 σε.
1248 2724 1266 2757 ι
1306 2707 1420 2758 Οὐκ
1467 2700 1642 2771 εἶπεν,
1748 2725 1764 2760 1

1748 2708 1903 2763 verbi
1948 2708 2203 2777 dignitas.
2254 2727 2271 2760 ι
2305 2707 2459 2774 Quod
2498 2708 2543 2763 si
2594 2707 2724 2777 quid
2761 2708 2946 2762 nocuit
2979 2707 3093 2763 tibi.
3134 2727 3152 2759 ι
3201 2707 3319 2762 Non

130 2786 379 2857 Ἔκλεψεν,
440 2792 561 2847 ἀλλ’
617 2795 982 2866 ὑποτέμνεται
1032 2796 1093 2850 τὸ
1122 2796 1297 2867 ῥῆμα.
1357 2796 1645 2866 Ἠδίκησε,
1748 2820 1766 2857 ι

1748 2802 1886 2857 dixit
1920 2820 1933 2857 :
1970 2802 2210 2857 Furatus
2241 2810 2345 2867 est,
2381 2801 2476 2855 sed
2510 2799 2768 2855 diniinuit
2807 2799 3057 2854 verbum.
3097 2798 3317 2863 Nocuit,

128 2882 247 2950 φησὶ,
276 2884 304 2953 ἢ
335 2887 557 2955 ὀφείλει.
600 2907 616 2939 ι
641 2888 813 2942 Τοῦτο
854 2888 979 2959 ἐμοὶ
1010 2889 1242 2957 ὲλλόγει.
1274 2908 1293 2943 ι
1330 2886 1491 2953 Εἰκὸς
1537 2888 1645 2959 γὰρ
1749 2895 1764 2948 i

1749 2895 1952 2965 inquit,
1985 2904 2078 2949 ant
2108 2895 2289 2949 debet.
2325 2912 2343 2946 ι
2386 2893 2511 2947 Hoc.
2534 2893 2668 2946 mibi
2691 2893 2918 2961 imputa.
2951 2910 2968 2941 ι
3014 2890 3322 2948 Verisimile

126 2967 174 3041 ἦν
208 2977 380 3041 αὐτοὺς
426 2980 812 3035 καταναλῶσαι
863 2983 930 3037 τὰ
988 2982 1301 3046 κλαπέντα,
1343 2981 1435 3035 καί
1489 2999 1643 3053 φησι,
1748 3005 1762 3044 ι

1748 2986 1892 3044 enim
1921 2994 2040 3043 erat
2080 2985 2233 3057 ipsos
2274 2999 2385 3038 una
2418 2983 2833 3053 consumpsisse
2863 2996 2984 3052 qua:
3013 2982 3155 3037 furto
3190 2982 3321 3037 sub-

126 3064 257 3119 Τοῦτο
283 3069 397 3138 ἐμοὶ
420 3071 657 3140 ὲλλόγει,
686 3073 983 3139 τουτέστιν,
1012 3074 1138 3141 ἐμοὶ
1167 3073 1306 3126 αὐτὰ
1333 3073 1545 3142 λόγισαι
1566 3075 1647 3137 είς
1749 3078 1762 3133 1

1749 3078 1859 3133 lata
1902 3077 2143 3142 fuerant,
2187 3082 2239 3132 et
2273 3075 2414 3130 ait:
2468 3071 2581 3127 lloc
2620 3071 2753 3125 mihi
2793 3070 3025 3141 imputa,
3070 3071 3174 3126 hoc
3214 3080 3320 3136 est,

125 3158 264 3225 χρέος,
287 3160 413 3229 πρὸς
463 3164 568 3231 ἐμὲ
620 3163 709 3234 ἔχε
746 3164 846 3235 τὴν
897 3165 1144 3235 ὀφειλὴν.
1186 3184 1202 3218 ι
1233 3161 1375 3233 Ἐγὼ
1434 3164 1647 3227 Παῦλος
1674 3184 1719 3244 c
1755 3177 1761 3216 1

1682 3184 1719 3244 ε
1755 3161 1960 3217 referas
1984 3161 2116 3215 mihi
2148 3162 2201 3214 in
2227 3156 2797 3223 debitum,adversum
2828 3169 2912 3209 me
2935 3155 3133 3209 habeto
3154 3156 3318 3209 debiti

124 3244 308 3317 ῑτραψα.
339 3269 358 3302 ι
389 3253 547 3306 Μετά
580 3254 803 3324 χάριτος
855 3256 1231 3327 πνευματικῆς
1282 3255 1540 3327 ἔγραψεν,
1578 3255 1653 3320 ὡς
1757 3272 1760 3302 ρ

1757 3251 2049 3307 actionem.
2086 3268 2103 3301 ι
2136 3250 2249 3321 Ego
2280 3248 2484 3304 Paulus
2514 3248 2732 3319 scripsi.
2776 3266 2794 3299 ι
2833 3246 2968 3301 Cum
2996 3245 3177 3318 gratia
3206 3245 3323 3318 spi-

126 3336 294 3395 ιίείπε.
342 3344 483 3414 Πρὸς
515 3345 575 3397 δὲ
624 3346 927 3414 ἀσφάλειαν
962 3347 1045 3399 ὅτι
1074 3346 1340 3400 ἀποδώσω
1374 3347 1434 3402 τὸ
1466 3347 1652 3419 χρέος,
1755 3353 1762 3391 1

1755 3336 1941 3391 rituali
1971 3335 2215 3403 scripsit,
2257 3350 2322 3389 ac
2346 3336 2392 3390 si
2425 3334 2670 3389 diceret:
2698 3334 2776 3387 Ad
2811 3334 3155 3388 securitatem
3179 3332 3323 3404 quod

127 3427 338 3500 [διάκειρα
368 3435 657 3501 πεποίηκα
697 3433 766 3488 τά
811 3436 1135 3505 γράμματα.
1182 3454 1201 3487 ι
1233 3435 1351 3489 Ἵνα
1403 3437 1477 3507 μὴ
1512 3437 1655 3505 λέγω
1756 3444 1763 3483 ἲ

1756 3428 2072 3485 redditurus
2101 3430 2204 3483 sim
2238 3427 2507 3491 debitum,
2542 3425 2764 3497 propria
2801 3439 2968 3480 manu
3002 3424 3100 3479 has
3130 3425 3326 3493 scripsi

127 3523 185 3573 col
205 3522 275 3576 ὅτι
298 3526 389 3579 καὶ
416 3528 650 3580 σεαυτόν
683 3544 774 3598 μοι
798 3528 1196 3598 προσοφείλεις.
1224 3547 1243 3580 ι
1271 3530 1391 3584 Ἵνα
1420 3531 1496 3601 μὴ
1526 3530 1654 3602 δόξῃ
1757 3518 1763 3571 Ῑ

1757 3518 1968 3574 litteras
1994 3530 2249 3589 tanquam
2280 3516 2646 3588 syngrapham
2672 3531 2870 3570 meam.
2904 3533 2922 3566 ι
2958 3512 3024 3569 Ut
3057 3529 3123 3568 ne
3150 3514 3325 3568 dicam

123 3610 245 3662 αὑτὸν
294 3615 535 3685 ὑϐρίζειν
590 3618 674 3671 ὅτι
741 3618 843 3672 οὐκ
902 3618 1209 3690 ἐθάρρησεν
1260 3619 1400 3689 ὑπὲρ
1448 3620 1656 3691 κλοπῆς
1758 3626 1759 3633 “

1758 3611 1858 3665 tibi
1888 3610 2032 3681 quod
2070 3613 2301 3679 teipsum
2343 3624 2560 3679 quoque
2605 3607 2736 3663 mihi
2774 3606 2997 3676 insuper
3044 3605 3260 3659 debeas.
3304 3622 3322 3656 ι

124 3700 293 3756 ciuitati
320 3708 377 3758 ὲν
412 3708 705 3778 παρρησίᾳ
738 3707 897 3760 αὑτὸν
924 3709 1312 3780 παρακαλέσαι
1334 3707 1512 3779 (τοῦτο
1546 3709 1655 3779 γὰρ
1756 3704 1760 3757 ἶ

1756 3703 1835 3759 Νε
1868 3703 2115 3758 videatur
2150 3702 2373 3775 indigne
2411 3702 2477 3756 de
2510 3702 2603 3757 illo
2642 3700 2868 3763 sentire,
2906 3698 3050 3764 quod
3087 3712 3194 3753 non
3230 3712 3328 3753 au-

123 3788 236 3856 ὠμόν
252 3809 363 3848 τινα
403 3798 621 3850 ἐδείκνυ
648 3798 740 3850 τὸν
776 3798 1101 3871 Φιλήμονα),
1127 3800 1397 3852 δείκνυσιν
1424 3800 1508 3852 ὅτι
1557 3800 1653 3853 καὶ
1757 3828 1759 3839 ‹

1757 3796 1885 3851 deat
1921 3796 2089 3851 libere
2131 3796 2308 3867 ipsum
2360 3796 2569 3866 precari
2617 3794 2684 3850 de
2729 3793 3054 3848 remissione
3093 3782 3223 3848 furti
3263 3792 3332 3846 ab

125 3880 281 3952 σῗίδρα
311 3887 462 3956 αὐτῷ
502 3889 723 3959 θαρρεῖ.
755 3890 830 3943 Οὐ
864 3891 1025 3961 μόνον
1052 3891 1182 3962 γὰρ,
1215 3893 1369 3961 φησὶ,
1411 3892 1480 3945 τὰ
1527 3908 1658 3944 σαυ-
1760 3906 1761 3939 1

1760 3888 1935 3958 ipsius
1954 3902 2111 3943 servo
2128 3886 2407 3943 commissi
2440 3884 2588 3956 (nam
2621 3886 2727 3940 hoc
2754 3884 3032 3939 crudelem
3059 3883 3331 3954 quodam-

120 3971 208 4035 τοῦ,
231 3975 354 4028 ἀλλὰ
398 3979 495 4031 καὶ
532 3980 732 4031 σαυτόν
770 3997 861 4048 μοι
893 3979 1292 4049 προσοφείλεις.
1326 3999 1343 4030 ι
1366 3982 1473 4034 Ναὶ
1511 3980 1660 4034 ἀδελ-

1761 3980 1925 4035 modo
1976 3980 2382 4034 demonstraret
2422 3962 2839 4045 Philemonem),
2892 3975 3135 4029 ostendit
3184 3974 3332 4044 quod

121 4064 185 4127 ςέ.
207 4084 223 4116 ι
250 4061 408 4122 Ἦλθε
466 4071 637 4124 πάλιν
668 4070 775 4123 ἀπὸ
802 4070 895 4124 τοῦ
934 4072 1236 4141 χαρίεντος,
1267 4074 1348 4134 είς
1390 4071 1452 4125 τὸ
1491 4088 1657 4124 σπου-

1762 4071 2113 4126 vebementer
2154 4069 2223 4123 de
2269 4068 2389 4138 ipso
2429 4065 2687 4121 confidat.
2732 4064 2851 4118 Non
2887 4064 3087 4128 solum,
3134 4061 3333 4133 inquit,

120 4152 247 4210 δεῖεν.
288 4161 659 4229 Ναὶ,ς;ησὶν,
702 4162 920 4230 ἀδελφέ.
956 4163 1051 4227 Τίς
1096 4163 1411 4233 Προσλαδοῦ
1469 4164 1655 4219 αὐτόν.

1761 4176 1884 4231 qua:
1920 4171 2009 4216 tua
2044 4169 2195 4224 sunt,
2235 4159 2328 4214 sed
2363 4168 2415 4213 et
2450 4158 2685 4225 teipsum
2727 4155 2860 4208 mihi
2892 4156 3117 4223 insuper
3145 4153 3332 4211 debes.

128 4248 233 4314 Ἐγώ
257 4268 364 4317 σου,
402 4257 599 4325 ᾳησὶν,
633 4254 999 4322 ἀπολαύσαιμι
1032 4257 1090 4306 ἐν
1120 4258 1232 4319 τοῖς
1256 4255 1397 4309 κατὰ
1424 4253 1660 4324 Χριστὸν

1769 4273 1786 4305 ι
1823 4252 1919 4309 Na:
1956 4252 2147 4309 frater.
2188 4269 2207 4303 ι
2243 4250 2483 4306 Rursum
2532 4250 2602 4304 ab
2633 4264 2698 4303 eo
2729 4246 2873 4317 quod
2921 4247 3219 4318 gratiosum
3253 4256 3337 4301 est

123 4343 407 4412 πράγμασιν,
449 4345 660 4413 ι.⁹Εγώ
702 4362 796 4398 σου
827 4348 1112 4417 ὀναίμην.)
1148 4347 1296 4399 ’Δντὶ
1345 4344 1441 4399 τοῦ
1491 4347 1660 4400 Ἀπο-

1765 4346 1976 4401 accedit
1997 4346 2061 4398 ad
2081 4344 2135 4398 id
2154 4344 2298 4413 quod
2331 4343 2534 4398 serium
2571 4352 2678 4397 est.
2717 4339 2858 4404 «Nm,
2885 4339 3084 4408 inquit,
3113 4340 3330 4393 frater.»

119 4430 332 4503 λαύταιμί
354 4455 446 4490 σου
484 4438 601 4492 τῶν
630 4440 688 4490 ὲν
721 4439 943 4509 Χριστῷ
967 4438 1433 4510 κατορθωμάτων.
1458 4438 1655 4507 Ἵδοιμί
1693 4508 1710 4510 _

1700 4508 1710 4510 ἓ
1766 4438 1944 4505 Quid?
1982 4436 2213 4505 Suscipe
2242 4436 2442 4502 ipsum.
2472 4432 2698 4503 Capiam
2735 4446 2800 4487 ex
2829 4437 2883 4486 te
2909 4430 3254 4485 commodum
3282 4430 3336 4483 in

120 4540 161 4575 σε
180 4526 491 4584 πλουτοῦντα
522 4534 587 4584 ἐν
630 4531 805 4583 ἅπασι
835 4533 948 4594 τοῖς
978 4533 1373 4601 πνευματικοῖς
1407 4530 1651 4598 ἀγαθοῖς.
1691 4508 1732 4563 θ

1699 4508 1732 4563 D
1761 4531 1923 4585 rebus
1956 4543 2077 4595 qua:
2116 4525 2420 4581 secundum
2455 4524 2733 4579 Christum
2778 4531 2928 4577 sunt.
2968 4540 2986 4573 ι
3030 4521 3206 4575 Fruar
3235 4536 3335 4589 ego

125 4618 457 4675 «Ἀνάπαυσὸν
496 4640 606 4692 μου
662 4623 730 4676 τὰ
764 4623 1069 4691 σπλάγχνα.
1098 4641 1117 4674 ι
1153 4623 1492 4676 Ἀνάπαυσὸν
1529 4640 1652 4693 μου,

1761 4631 1835 4676 ιε.
1869 4640 1887 4673 ›
1948 4619 2061 4674 Hoc
2101 4626 2208 4684 est,
2258 4617 2496 4673 delecter
2541 4616 2651 4670 tuis
2697 4615 2972 4682 praeclaris
3012 4614 3066 4667 in
3109 4612 3338 4668 Domino

121 4710 233 4774 φησὶ,
264 4712 355 4783 τὴν
371 4715 505 4784 περὶ
533 4714 598 4765 σὲ
634 4712 856 4781 ἀγάπην
888 4712 975 4766 διὰ
1001 4713 1091 4765 τὸν
1116 4713 1374 4783 Χριστόν.

1760 4714 2043 4785 operibus.
2076 4711 2299 4767 Videam
2331 4724 2433 4778 ego
2472 4715 2524 4761 te
2564 4706 2919 4761 ditesccntem
2953 4706 3207 4758 omnibus
3238 4704 3337 4758 bo-

125 4803 189 4856 nis
217 4807 615 4873 spiritualibus.
656 4826 674 4857 ι
722 4805 985 4859 Refocilla
1024 4820 1141 4858 mea
1172 4804 1407 4859 \‘iscera.
1448 4823 1466 4855 ›
1544 4802 1833 4871 Refocilla,
1888 4804 2101 4873 inquit,
2154 4816 2329 4856 meam
2410 4813 2537 4870 erga
2616 4808 2668 4852 te
2707 4796 3056 4850 dilectionem
3119 4805 3340 4868 propter

120 4894 346 4952 Christum
386 4917 401 4953 :
451 4914 570 4953 non
610 4897 768 4963 mihi,
816 4898 913 4962 ait,
949 4897 1179 4968 gratiam
1222 4905 1511 4967 praestans,
1564 4896 1659 4951 sed
1698 4896 1943 4951 Christo.

172 4995 443 5060 Πεποιθὼς
489 4994 571 5061 τῇ
623 4992 866 5060 ὑπακοῇ
910 5008 1026 5046 σου
1058 4992 1294 5061 ἕῃοαψά
1332 5008 1455 5055 σοι,
1493 4991 1664 5056 είὶὼς

1839 4990 2005 5062 309
2046 4989 2202 5043 Vers.
2252 4986 2451 5042 21-25.
2509 4985 2754 5054 Conﬁsus
2804 4985 2868 5038 de
2908 4995 3000 5038 tua
3043 4985 3339 5038 obedientia

121 5082 181 5135 ἔτι
204 5088 285 5139 καί
316 5090 467 5155 ὑπὲρ
495 5087 528 5141 ὃ
569 5087 734 5154 λέγω
763 5085 1063 5151 ποιήσεις.
1094 5087 1249 5153 Ἅμα
1289 5084 1358 5136 δὲ
1389 5086 1487 5138 καὶ
1512 5085 1662 5137 ἑτοί-

1763 5084 1952 5151 scripsi
1968 5082 2084 5143 tibi,
2103 5081 2271 5135 sciens
2291 5079 2431 5149 quod
2444 5080 2603 5132 etiam
2628 5078 2772 5130 ultra
2787 5093 2946 5147 quant
2968 5078 3082 5131 dico
3099 5076 3339 5145 facturus

117 5175 222 5239 μαᾶ
240 5196 331 5249 μοι
362 5180 604 5245 ξενίαν.
646 5177 893 5237 Ἐλπίζω
935 5176 1043 5246 γὰρ
1070 5176 1158 5228 ὅτι
1188 5176 1285 5229 διὰ
1316 5174 1436 5229 τῶν
1472 5191 1662 5243 προσ-

1762 5176 1855 5229 sis.
1874 5172 2047 5228 Simul
2064 5183 2239 5226 autent
2268 5172 2423 5224 etiam
2444 5185 2688 5237 purpura
2710 5168 3155 5237 miltiltospitium.
3172 5166 3338 5235 Spero

122 5270 269 5336 ευχῶν
312 5273 480 5341 ὑμῶν
541 5252 997 5341 χαρισθήσομαι
1044 5267 1206 5337 ὑμῖν.
1272 5266 1665 5329 ’Δσπάζοντιιί

1762 5267 1901 5321 enim
1930 5266 2067 5336 quod
2107 5265 2310 5318 auxilio
2342 5278 2549 5331 precum
2588 5271 2882 5314 uestrarum
2912 5258 3151 5312 donabor
3173 5259 3336 5341 vobis.

122 5332 485 5435 ('6-"Exagop6c
541 5332 584 5419 ἓ
628 5332 1137 5431 -συγα-ιχιιὰνῖωτδς
1182 5377 1301 5429 μου
1330 5362 1401 5413 ἐν
1432 5360 1662 5429 Χριστῴ

1769 5332 2024 5412 Salutant
2068 5366 2116 5409 te
2154 5355 2434 5424 Epaphras
2476 5354 2809 5418 concaptivus
2850 5367 2991 5403 meus
3030 5352 3082 5402 in
3127 5332 3346 5405 Christ;

131 5451 310 5521 Ἰησοῦ,
356 5457 635 5526 Μάρκος.
682 5456 1085 5523 Ἀρίσταρχος,
1132 5450 1350 5519 Δημᾶς.
1402 5452 1661 5517 Λουκᾶς.
1763 5486 1767 5500 ·

1763 5451 1890 5503 Jesu
1916 5464 1933 5511 ,'
1967 5448 2203 5510 Marcus,
2236 5445 2597 5503 Aristarchus.
2620 5443 2834 5506 Demus,
2864 5440 3033 5495 Lucas
3069 5442 3338 5505 adiutores

124 5549 161 5595 εί
202 5552 465 5619 συνεργοί
529 5566 683 5617 μου.
727 5547 796 5599 Ἠ
849 5546 1012 5614 χάρις
1061 5542 1168 5597 τοῦ
1224 5543 1448 5609 Κυρίου
1495 5541 1663 5611 ἡμῶν

1766 5543 1885 5594 mei.
1923 5538 2112 5594 Gratia
2147 5538 2357 5592 Domini
2385 5540 2552 5590 nostri
2579 5534 2708 5588 Iesu
2748 5532 2948 5587 Christi
2979 5534 3045 5585 sit
3082 5548 3197 5585 cum
3232 5534 3341 5598 spi-

127 5635 284 5702 Ἰησοῦ
336 5641 604 5711 Χριστοῦ
680 5640 829 5708 μετὰ
902 5638 1006 5692 τοῦ
1062 5637 1403 5705 πνεύματος
1472 5632 1657 5704 ὑμῶν.

680 5640 829 5708 μετὰ
902 5638 1006 5692 τοῦ
1062 5637 1403 5705 πνεύματος
1472 5632 1657 5704 ὑμῶν.
1766 5633 1872 5683 ritu
1905 5639 2094 5682 uestro.
2126 5631 2311 5682 Amen.

137 5730 288 5787 Ἀμην.

192 5752 206 5784 ι
277 5775 288 5787 .

172 5751 505 5891 ἶηίὶποιοώς.
543 5844 564 5877 ›
602 5825 726 5878 Οὐκ
758 5823 902 5893 ἐμοὶ,
933 5823 1099 5891 φησὶ,
1132 5820 1229 5891 τὴν
1272 5830 1435 5889 χάριν
1478 5818 1657 5883 δίδως,

1856 5835 1871 5865 ι
1908 5811 2184 5869 Conﬁsus.
2228 5831 2244 5863 ι
2282 5811 2403 5865 Non
2425 5810 2579 5876 mihi,
2610 5810 2807 5878 inquit,
2840 5809 2941 5865 hac
2964 5815 3179 5877 gratum
3200 5803 3338 5861 facis
