4144 6456
121 418 202 478 ‘273
1067 424 1453 484 COMMENT.
1486 425 1566 484 IN
1602 423 1841 484 EPIST.
1883 425 1983 484 AD
2020 426 2314 487 I'IIILEM
3210 423 3315 487 274

123 528 231 579 πᾶσι
252 525 357 587 τοῖς
405 525 610 593 ἔθνεσι,
652 530 857 600 γράφει
890 548 1077 585 Αοιπον
1111 534 1207 585 καὶ
1238 535 1337 600 τὴν
1378 536 1443 585 ἐκ
1497 550 1653 604 περι-
1683 540 1728 594 Α
1758 562 1759 583 :

1704 540 1728 594 ι
1758 534 2094 603 scripsisset.
2134 536 2377 591 Hebraeis
2418 549 2639 606 quoque
2681 534 2778 606 qui
2813 548 2880 590 ex
2914 533 3340 591 circumcisione

121 617 259 685 τομῆς
309 618 666 673 πιστεύσασιν
718 621 986 694 Ἑϐραίοις
1021 625 1407 693 ἀποδεικτικὴν
1450 627 1656 695 ταύτην

1762 625 2111 680 crediderant
2177 636 2365 695 postea
2425 628 2618 683 scribit
2675 627 2816 682 hanc
2864 641 2974 697 qua
3010 640 3103 681 eos
3150 626 3343 682 doceat

122 708 390 779 ίπιστολὴν,
431 714 559 781 περὶ
585 714 685 783 τῆς
718 714 813 768 τοῦ
850 717 1085 787 Χριστοῦ
1115 718 1420 787 παρουσίας
1438 719 1531 772 καὶ
1561 720 1656 773 τοῦ

1762 716 2087 787 Epistulam,
2120 733 2226 788 qua
2268 718 2548 773 Christum
2604 719 2847 774 declarat
2882 720 3120 784 venisse,
3146 725 3197 772 ct
3219 734 3341 771 mn-

120 802 390 857 πεπαῦσθαι
430 806 532 874 τὴν
578 809 739 861 σκιάν
785 809 881 863 τοῦ
930 811 1118 879 νόμου.
1154 813 1265 866 Καὶ
1309 813 1525 882 πρῶτον
1558 813 1659 882 μὶν

121 895 433 948 ἀποδείκνυσι
462 899 589 963 τοὺς
635 904 924 971 προφήτας
957 904 1047 955 διά
1092 903 1252 957 τοῦτο
1298 906 1656 971 ἀπεστάλθαι,

124 988 189 1037 ἶνα
212 988 325 1054 π.ρὶ
350 988 446 1039 τοῦ
476 991 728 1060 Σωτῆρος
753 996 1156 1062 ἀπαγγείλωσι,
1189 998 1283 1049 καὶ
1315 998 1435 1066 μετ’
1462 998 1659 1061 αὐτοὺς

122 1081 252 1140 οὗτος
302 1081 451 1152 ἔλθῃ,
489 1083 713 1148 δούλους
763 1104 821 1140 τε
866 1085 1005 1141 εἶναι
1053 1090 1180 1153 τοὺς
1223 1091 1514 1161 προφήτας
1566 1090 1660 1145 καὶ⁵

127 1172 329 1227 mimi:
364 1176 465 1242 τῆς
492 1177 656 1229 αὑτοῦ
690 1179 1012 1246 παρουσίας,
1038 1181 1201 1234 αὐτὸν
1232 1182 1289 1235 δὲ
1312 1182 1400 1235 τὸν
1425 1182 1660 1252 Χριστὸν

124 1264 223 1314 Υἰῖν
269 1259 402 1318 εἶναι
434 1268 594 1328 Θεοῦ,
635 1269 703 1324 δι’
745 1266 806 1323 οῦ
858 1273 925 1325 τά
965 1274 1144 1326 πάντα
1176 1276 1389 1341 γέγονε·
1411 1293 1431 1326 ι
1457 1275 1552 1328 καὶ
1579 1276 1661 1328 δτι

121 1356 273 1409 τοῦτον
293 1361 375 1411 τὸν
411 1360 538 1413 Υίδιν
566 1364 674 1417 ἔδει
700 1364 987 1436 ἄνθρωπον
1024 1368 1300 1435 γενέσθαι,
1329 1369 1416 1422 ίνα
1448 1369 1535 1422 διά
1560 1370 1662 1440 τῆς

122 1447 194 1499 τοῦ
223 1449 466 1517 σώματος
499 1455 668 1507 αὑτοῦ
697 1456 887 1520 θυσίας
924 1461 1247 1531 καταργήσῃ
1281 1460 1374 1513 τὸν
1408 1460 1659 1517 θάνατον.

123 1539 293 1608 (ii-{ip
326 1542 391 1594 δι’
434 1543 670 1612 αἵματος
708 1548 908 1618 μόσχου
940 1549 972 1621 ἦ
1016 1551 1244 1621 τράγου,
1277 1551 1416 1605 ἀλλά
1469 1553 1536 1606 δι’
1575 1554 1662 1606 αῖ-

127 1648 263 1694 ματος
290 1634 553 1701 Χριστοῦ,
585 1637 805 1693 ἔσεσθαι
834 1644 947 1705 τοῖς
990 1644 1301 1714 ἀνθρώποις
1347 1645 1445 1716 τὴν
1482 1663 1661 1714 σωτη-

124 1721 237 1788 ρίαν.
266 1725 639 1781 ’Δποδείκνυσι
666 1730 722 1783 δὲ
751 1731 835 1784 ὅτι
859 1733 887 1785 ὁ
915 1734 1078 1801 νόμος
1102 1735 1292 1788 οὐδένα
1320 1735 1661 1800 ἐτελείωσεν,

1760 810 1917 864 bram
1936 811 2072 880 legis
2094 825 2372 867 cessasse.
2401 812 2465 864 Et
2493 812 2729 881 primum
2758 811 2975 879 quidem
2996 809 3343 864 demonstrat

1760 910 2051 972 prepterea
2083 905 2288 957 missos
2313 904 2479 958 fuisse
2515 902 2809 973 prophetas
2845 912 2897 955 et
2923 905 3342 958 annuntiatores

1762 993 2029 1048 adventus
2062 994 2258 1063 ipsius.
2310 995 2488 1063 ipsum
2539 1009 2671 1047 vero
2726 992 3008 1047 Christum
3061 1009 3183 1048 esse
3246 993 3340 1047 Dei

1760 1082 1981 1148 Filium,
2014 1100 2113 1154 per
2135 1101 2297 1155 quem
2321 1086 2506 1139 omnia
2537 1086 2683 1139 facta
2718 1094 2866 1139 sunt.
2898 1083 3162 1153 Quodque
3196 1082 3345 1138 hunc

1763 1172 1965 1229 Filium
2019 1176 2267 1245 oportuit
2328 1176 2445 1231 ﬁeri
2502 1177 2811 1243 hominem,
2846 1185 2905 1230 ut
2954 1191 3052 1245 per
3103 1176 3341 1230 hostian-

1762 1269 2016 1335 corporis
2070 1270 2155 1323 sui
2219 1269 2429 1324 deleret
2486 1277 2740 1324 mortem.
2802 1269 2991 1339 Neque
3046 1268 3194 1325 enim
3244 1283 3345 1338 per

1763 1362 2092 1430 sanguinem
2126 1363 2282 1415 vituli
2341 1371 2436 1415 aut
2496 1362 2661 1424 hirci,
2716 1362 2810 1417 sed
2840 1378 2937 1431 per
2976 1361 3345 1417 Cbristisau-

1761 1455 1980 1526 guinem
2025 1455 2210 1510 lutura
2267 1466 2389 1511 erat
2420 1456 2681 1511 omnibus
2736 1456 2909 1511 salus.
2960 1455 3215 1510 Ostendit
3242 1470 3343 1510 au-

1763 1558 1867 1601 tem
1905 1548 2052 1617 quod
2090 1549 2174 1604 lex
2228 1549 2505 1604 neminem
2562 1549 2876 1619 perfecerit,
2938 1548 3034 1604 sed
3090 1550 3342 1604 umbram

1763 1638 2002 1693 habebat
2030 1640 2343 1695 futurorum
2400 1641 2694 1696 bonorum.
2727 1641 2889 1712 312
2933 1640 3045 1696 Nec
3076 1641 3345 1709 requievit

1762 1732 1998 1799 populus
2029 1729 2318 1798 Judaicus,
2348 1733 2448 1788 sed
2499 1737 2869 1788 communiter
2893 1732 3152 1788 omnibus
3182 1732 3343 1787 nobis

120 1813 226 1866 ἀλλά
262 1817 414 1870 σκιάν
468 1814 582 1889 εἶχε
635 1822 748 1875 τῶν
789 1824 1097 1893 μελλόντων
1147 1826 1395 1893 ἀγαθῶν,
1446 1828 1541 1881 καὶ
1599 1828 1660 1881 οὐ
1696 1888 1728 1893 _

1709 1890 1728 1893 _
1766 1820 2000 1876 relictus
2069 1830 2157 1875 est
2224 1822 2341 1877 dies
2391 1824 2613 1893 quietis.
2667 1823 2940 1877 Praeterea
3003 1822 3345 1878 demonstrat

121 1906 428 1962 κατέπαυσεν
476 1912 504 1964 ὁ
536 1888 686 1978 λαὸς,
716 1888 853 1969 ἀλλά
887 1918 1038 1988 κοινὴ
1080 1888 1248 1972 πᾶσιν
1287 1888 1419 1989 ἡμῖν
1462 1919 1663 1973 ἀπολι-
1695 1888 1736 1942 Β

1706 1889 1931 1968 Betiam
1984 1914 2130 1985 quod
2186 1888 2533 1971 sacerdotale
2591 1915 2962 1971 ministerium
3032 1915 3103 1969 ab
3161 1915 3342 1969 Aaron

120 1996 301 2053 ὶειπται
325 2003 514 2074 ἡμέρα
544 2005 645 2075 τῆς
686 2010 1107 2074 καταπαύσεως.
1142 2011 1311 2064 Πάλιν
1347 2012 1403 2065 δὲ
1442 2012 1664 2066 ἀποδεί-

120 2104 275 2141 κιωσιν
299 2093 379 2145 δτι
418 2097 453 2163 ἡ
485 2099 847 2171 ἀρχιερατικὴ
896 2100 1210 2172 λειτουργία
1257 2104 1521 2175 μετετέθη
1555 2105 1665 2159 ἀπὸ

128 2179 301 2248 ’Δαρὼν
321 2185 400 2246 εἰς
431 2185 527 2237 τὸν
556 2186 813 2258 Χριστὸν,
854 2186 915 2245 οὗ
946 2195 1115 2256 τύπος
1153 2191 1221 2263 ἦν
1246 2197 1274 2247 ὁ
1305 2196 1662 2265 Μελχισεδὲκ,

117 2267 193 2323 οὐκ
232 2273 299 2326 ὣν
345 2277 408 2329 ὲκ
437 2278 535 2330 τοῦ
583 2282 732 2334 Λευί.
787 2283 978 2339 Πίστει
1017 2285 1072 2338 δὲ
1118 2286 1495 2341 δεδικαιῶσθαι
1538 2289 1665 2352 τοὺς

118 2366 323 2435 πατέρας
357 2373 644 2441 σημαίνει,
682 2377 773 2429 καὶ
814 2379 915 2431 οὐκ
969 2378 1029 2443 ἐξ
1077 2379 1256 2450 ἔργων
1306 2380 1492 2450 νόμου.
1531 2375 1664 2433 Εἶτα

119 2457 249 2508 πάλιν
277 2461 354 2523 είς
380 2464 449 2514 τά
493 2463 599 2534 ῆθη
636 2469 1086 2537 προτρεψάμενος
1135 2470 1225 2524 καὶ
1277 2470 1527 2535 τούτους,
1568 2473 1664 2525 καὶ

116 2548 493 2619 ἀποδεξάμενος
524 2554 707 2607 αὐτῶν
738 2558 834 2627 τὴν
859 2559 947 2611 διά
978 2561 1213 2629 Χριστὸν
1241 2562 1538 2631 ὑπομονὴν.
1569 2563 1663 2615 καὶ

121 2640 281 2703 πείσας
316 2646 485 2717 τιμᾷν
509 2650 637 2711 τοὺς
674 2651 1104 2724 πρεσϐυτέρους,
1136 2654 1335 2708 τελειοῖ
1368 2656 1467 2725 τὴν
1511 2656 1664 2708 Ἐπι-

120 2731 302 2802 στολήν.

568 2834 901 2888 ΥΠΟΘΕΣΙΣ
941 2837 1159 2890 ETEPA
1172 2879 1185 2892 .

171 2942 298 3009 Πρὸς
351 2944 644 3015 Ἐϐραίους
691 2947 1000 3019 Ἐπιστολὴ,
1053 2950 1201 3003 δοκεῖ
1238 2951 1335 3019 μὲν
1376 2952 1476 3004 οῦκ
1521 2947 1661 3005 εἶναι

116 3027 317 3095 Παῦλου,
344 3033 437 3087 διά
472 3052 535 3087 τε
570 3036 663 3089 τὸν
696 3043 1041 3110 χαρακτῆρα,
1078 3043 1171 3093 καὶ
1206 3042 1265 3094 τὸ
1298 3042 1373 3112 μὴ
1414 3045 1661 3113 προγρά-

117 3139 212 3187 φειν
234 3125 309 3187 ὡς
341 3128 398 3178 ὲν
426 3129 675 3191 ἀπάσαις
703 3132 821 3193 ταῖς
850 3131 1039 3197 ἄλλαις
1076 3135 1439 3201 Ἐπιστολαῖς,
1473 3138 1567 3191 καὶ
1599 3139 1661 3192 τὸ

1766 2005 2094 2060 translatum
2149 2008 2220 2062 sit
2268 2009 2323 2061 in
2368 2007 2647 2063 Christum
2695 2026 2708 2062 :
2773 2008 2933 2078 cujus
3000 2007 3170 2077 ﬁgura
3224 2014 3345 2062 erat

1769 2094 2191 2161 Melchisedech,
2234 2098 2327 2166 qui
2363 2114 2471 2152 non
2537 2098 2900 2153 descenderat
2930 2114 2995 2153 ex
3030 2098 3180 2153 Levi.
3213 2095 3344 2151 Fide.

1763 2203 1985 2257 quoque
2014 2188 2350 2256 justillcatos
2410 2190 2580 2245 fuisse
2614 2200 2799 2260 patres
2827 2192 3194 2260 signiﬁcat,et
3228 2204 3340 2243 non

1764 2295 1830 2333 cx
1860 2281 2121 2349 operibus
2158 2282 2315 2351 legis.
2352 2269 2558 2337 Deinde
2591 2281 2682 2337 ubi
2741 2283 2841 2337 hos
2864 2283 3028 2336 etiam
3075 2283 3142 2336 ad
3171 2283 3342 2336 bonos

1764 2387 1948 2427 mores
1982 2374 2307 2427 exhortatus
2335 2382 2442 2435 est.
2491 2382 2543 2429 et
2571 2374 2974 2428 commendavit
2995 2374 3341 2428 tolerantiam

1763 2462 2007 2530 ipsorum
2040 2472 2262 2532 pr0pter
2288 2464 2592 2528 Christum,
2639 2465 2921 2534 suasitque
2945 2472 3004 2518 ut
3029 2464 3342 2521 senioribus

1761 2550 2037 2607 deferrent
2074 2555 2363 2621 honorem,
2396 2556 2680 2612 concludit
2704 2556 3024 2627 Epistulam.

2164 2832 2375 2888 ALIUD
2419 2830 2936 2889 ARGUMENTUM.

1833 2940 2080 3012 Epistula
2112 2944 2179 2999 ad
2242 2943 2505 3001 Πρίηπος
2568 2946 2785 2999 videtur
2827 2946 3048 3015 quidem
3085 2960 3344 2999 nonesse

1762 3033 1939 3099 Pauli,
1970 3044 2084 3089 tum
2115 3048 2341 3106 propter
2384 3039 2662 3093 scribendi
2698 3038 3019 3098 dictionem.
3051 3047 3161 3092 tum
3191 3040 3341 3109 quod

1763 3141 1925 3180 suum
1980 3142 2089 3181 non
2152 3128 2451 3197 praelixerit
2504 3145 2726 3197 nomen,
2778 3131 3239 3200 quemadmodum
3283 3132 3339 3185 in

118 3212 284 3282 λέγειν,
315 3240 332 3270 ι
362 3219 491 3282 Πῶς
533 3223 566 3289 ἡ
578 3224 699 3289 μείς
727 3223 1124 3296 ἑκφευξώμεθα
1152 3229 1488 3300 τηλικαύτης
1520 3232 1660 3299 ἀμε-
1688 3236 1732 3296 C

1703 3236 1732 3296 ε
1763 3220 1977 3274 caeteris
2004 3220 2264 3275 omnibus
2295 3220 2559 3291 Epistolis
2585 3240 2597 3277 :
2626 3230 2739 3277 tum
2763 3221 2907 3293 quod
2942 3223 3087 3279 dicat
3109 3240 3157 3279 ει
3192 3222 3339 3291 Qun-

115 3306 345 3374 λήσοντες
372 3312 679 3383 σωτηρίας,
722 3317 756 3385 ἥ
787 3334 872 3379 τις
902 3318 1047 3389 ἁρχὴ
1099 3320 1341 3376 λαϐοῦσα
1380 3323 1658 3377 λαλεῖσθαι

116 3401 197 3450 ὑπὸ
215 3402 297 3454 τοῦ
333 3405 550 3473 Κυρίου
592 3408 682 3459 διά
709 3408 819 3461 τῶν
847 3410 1197 3464 ἀκουσάντων
1226 3415 1305 3473 εἰς
1358 3414 1504 3483 ἡμᾶς
1536 3415 1659 3467 ἑδε-

114 3490 307 3562 ίαιὼθη.
338 3499 951 3568 συνεπιμαρτυροῦντος
984 3502 1078 3555 τοῦ
1112 3503 1249 3557 Θεοῦ
1286 3510 1531 3575 σημείοις
1562 3509 1657 3561 καὶ

112 3581 287 3648 τέρασι.
319 3604 338 3636 ι
370 3584 485 3637 Τοῦ
525 3587 632 3654 μὲν
664 3586 757 3640 οῦν
781 3589 1043 3659 ἠλλάχθαι
1071 3592 1163 3645 τὸν
1202 3596 1528 3665 χαρακτῆρα
1556 3599 1655 3667 τῆς

122 3670 427 3746 Ἐπιστολῆς,
448 3679 672 3747 φανερά
699 3680 731 3749 ὴ
761 3681 931 3736 αἰτία.
951 3681 1093 3753 ηρδς
1117 3685 1227 3755 γὰρ
1264 3687 1554 3758 Ἐϐραίους
1586 3694 1653 3763 τῇ

114 3767 237 3828 σζῶν
266 3768 536 3838 διαλέκτῳ
564 3774 858 3840 γραφεῖσα,
892 3772 1120 3845 ὕστερον
1146 3777 1654 3850 μεθερμηνευθῆναι

112 3852 325 3923 λέγεται,
347 3860 424 3923 ὡς
472 3861 581 3929 μέν
612 3879 758 3925 τινες
793 3864 895 3916 ὑπὸ
926 3866 1131 3932 Λουκᾶ,
1183 3868 1258 3931 ὡς
1286 3870 1343 3922 δὲ
1382 3872 1432 3923 οἱ
1471 3873 1655 3928 πολλοὶ

113 3946 198 3999 ’διὸ
219 3950 551 4017 Κλήμεντος.
595 3950 797 4007 Τούτου
837 3956 947 4027 γάρ
1001 3958 1096 4011 καὶ
1152 3959 1315 4024 σώζει
1344 3963 1435 4015 τὸν
1479 3978 1655 4035 χαρα-

114 4039 393 4127 ιτῆρα.’ῐόῦ
406 4043 465 4097 δὲ
488 4044 569 4112 μὴ
590 4048 1035 4119 προγράνρειντὴν
1061 4051 1378 4123 Ἐπιστολὴν
1394 4056 1653 4127 τοῦνομα,

112 4126 251 4219 sirm
278 4135 309 4202 ή
339 4135 661 4189 ἀκολουθία.
709 4140 1028 4204 ’Δπόστολος
1055 4143 1163 4213 γάρ
1199 4145 1368 4198 ὲθνῶν
1402 4126 1653 4219 ὑπῆρχεν

110 4218 370 4289 ὀΠαῦλος,
399 4225 521 4279 ἀλλ’
574 4228 695 4296 οὐχὶ
735 4229 1042 4295 Ἰουδαίων,
1089 4232 1213 4284 ἐπεὶ
1248 4232 1428 4297 δεξιάς
1481 4218 1651 4292 εδωίκε

110 4309 170 4375 τῷ
195 4312 372 4383 Πέτρῳ
409 4318 510 4367 καὶ
544 4318 660 4378 τοῖς
683 4319 1001 4381 ἀποστόλοις
1028 4322 1339 4385 κοινωνίας,
1376 4324 1461 4376 ἵνα
1491 4328 1652 4385 αὐτὸς

113 4400 189 4465 μὲν
216 4406 300 4455 σῦν
327 4404 592 4476 Βαρνάϐα
624 4410 702 4470 εἰς
725 4409 792 4460 τά
813 4408 964 4479 ἔθνη,
996 4412 1043 4462 οἱ
1065 4410 1121 4463 δὲ
1148 4412 1277 4482 περὶ
1301 4412 1394 4466 τὸν
1426 4415 1649 4485 Πέτρον,

110 4492 170 4553 εἰς
189 4494 276 4563 τὴν
305 4499 638 4567 περιτομήν.
671 4498 889 4568 Ἐπειδὴ
915 4501 969 4552 δὲ
996 4502 1249 4555 κοινωνία
1276 4504 1336 4555 τὸ
1367 4506 1648 4575 κήρυγμα.

1766 3309 1929 3364 modo
1953 3309 2277 3379 ell‘ugiemus
2314 3313 2406 3381 qui
2456 3322 2660 3368 tantam
2717 3315 3053 3383 negleximus
3085 3313 3336 3371 salutem.

1767 3417 1888 3471 quae
1915 3412 2138 3473 sumpto
2171 3403 2430 3471 loquendi
2484 3404 2644 3457 initio
2701 3419 2731 3457 a
2762 3403 3014 3468 Domino,
3048 3404 3116 3458 ab
3137 3404 3223 3457 his
3246 3403 3338 3473 qnl

1765 3495 2052 3549 audierant
2106 3495 2158 3548 in
2187 3510 2287 3549 nos
2334 3496 2654 3549 conﬁrmata
2717 3495 2835 3557 fuit,
2890 3503 3180 3550 attestante
3227 3495 3339 3549 Deo

1763 3587 1937 3655 signis
1985 3594 2039 3641 et
2097 3587 2450 3656 prodigiis‘?
2509 3606 2527 3639 ι
2565 3587 2629 3641 Ει
2662 3588 2882 3657 quidem
2933 3588 3221 3644 manifesta
3255 3597 3338 3642 est

1765 3692 1932 3733 causa
1962 3693 2063 3732 cur
2109 3680 2285 3750 stylus
2317 3678 2480 3734 fuerit
2536 3680 2875 3736 immutatus.
2928 3678 3063 3733 Nam
3121 3680 3186 3733 ad
3232 3680 3332 3736 He-

1764 3767 1942 3823 brzeos
1983 3769 2211 3838 scripta,
2253 3771 2429 3839 patria
2465 3770 2707 3839 ipsorum
2747 3771 2953 3839 lingua,
2992 3770 3334 3839 postmodum

1761 3876 1922 3916 versa
1949 3862 2173 3921 dicitur.
2206 3872 2267 3917 ut
2323 3862 2544 3931 quidam
2591 3864 2835 3918 sentiunt
2885 3878 2914 3917 a
2948 3861 3113 3924 Luca,
3144 3869 3203 3916 ut
3231 3863 3337 3932 plc-

1763 3953 1949 4022 risqne
2004 3961 2189 4008 autem
2241 3954 2461 4008 videtur
2513 3967 2544 4007 a
2604 3955 2924 4009 Clemente:
2993 3953 3157 4023 hujus
3187 3954 3335 4008 enim

1763 4045 2137 4100 characterem
2166 4047 2331 4098 etiam
2381 4054 2585 4099 servat.
2641 4044 2795 4110 Quod
2828 4054 3008 4100 autem
3045 4062 3204 4101 suum
3238 4062 3337 4100 no-

1762 4148 1887 4188 men
1907 4150 2014 4189 non
2039 4133 2331 4203 prmﬁxet'it
2362 4131 2617 4201 Epistulae
2666 4132 2720 4185 in
2752 4146 2919 4187 causa
2955 4139 3040 4186 est
3060 4131 3197 4187 ordo
3232 4132 3333 4185 rei.

1763 4224 2043 4292 Siquidem
2074 4224 2277 4279 Paulus
2332 4225 2572 4293 gentium
2638 4225 2922 4292 apostolus
2968 4233 3108 4287 erat,
3135 4231 3189 4277 et
3223 4239 3333 4278 non

1759 4314 2092 4369 Judworum.
2122 4315 2253 4368 Nam
2296 4314 2580 4371 societatis
2639 4314 2864 4370 dextras
2894 4315 3123 4369 dederat
3172 4313 3335 4369 Petro

1761 4407 2085 4476 eaaterisquc
2137 4408 2427 4475 apostolis,
2461 4417 2519 4461 ut
2556 4406 2674 4476 ipse
2724 4422 2848 4460 cum
2892 4404 3142 4460 Barnaba
3191 4406 3334 4461 inter

1760 4514 1969 4572 gentes.
2021 4500 2215 4555 Petrus
2267 4516 2397 4555 vero
2444 4516 2566 4554 cum
2624 4499 2853 4567 reliquis
2913 4498 3333 4555 circumcisiOne

109 4585 182 4636 ni
221 4588 625 4656 κατηχηθὲντες
658 4588 901 4657 ὑπῆρχον
920 4590 968 4641 οἱ
1005 4590 1064 4654 ἐξ
1103 4590 1373 4645 Ἰουδαίων
1399 4595 1473 4656 ὡς
1520 4596 1652 4649 ἀποο
1689 4584 1731 4637 D

1695 4584 1731 4637 Ι)
1761 4594 2118 4661 ltiiigcrentur
2147 4593 2540 4660 apostolatum.
2584 4591 2854 4657 Quoniam
2878 4599 3059 4645 autem
3095 4592 3331 4646 societas

109 4678 300 4731 suam
352 4681 608 4734 διδάσκει
648 4679 893 4743 Παῦλος,
949 4681 1176 4743 εἰκότως
1239 4682 1335 4735 τοῦ
1386 4687 1649 4755 γνωρίσαι

107 4766 339 4836 χάριντήν
373 4770 706 4838 συμφωνίαν
739 4811 753 4834 ,
796 4769 1068 4841 Ἑϐραίοις
1119 4773 1445 4827 ἐπιστέλλει.
1506 4776 1545 4827 Γ
1550 4778 1651 4846 ράσο

110 4868 244 4917 φοντα
280 4858 332 4910 δὲ
370 4858 513 4928 πρὸς
547 4858 798 4921 τούτους,
835 4859 1178 4929 προγράφειν
1225 4862 1548 4915 Ἀπόστολον
1590 4865 1650 4917 οῦ

108 4944 253 5010 (ιὲμις.
282 4950 667 5019 Μαρτυρεῖται
703 4949 760 5000 δὲ
794 4952 884 5003 καὶ
920 4954 976 5004 ὲν
1000 4954 1109 5013 τοῖς
1143 4952 1269 5023 ἑξῆς
1302 4955 1333 5023 ἠ
1366 4955 1652 5026 Ἐπιστολὴ

107 5033 390 5107 ὑπάρχουσα
422 5041 650 5096 Παύλου
672 5041 750 5111 τῷ
778 5042 1031 5110 γράφειν,
1064 5044 1147 5096 δτι
1179 5045 1406 5108 καὶτοῖς
1433 5047 1651 5115 δεσμοῖς

110 5146 190 5191 μου
220 5134 659 5202 συνεπαθήσατε.
690 5135 828 5187 «Καὶ
854 5135 916 5187 ὲκ
931 5133 1022 5187 τοῦ
1039 5134 1242 5201 λέγειν,
1261 5136 1553 5206 Περισσότε
1564 5153 1652 5206 ρον

107 5218 295 5289 ιῦχεσθε
323 5225 408 5278 ἶνα
428 5225 627 5294 τάχιον
655 5224 1091 5278 ἀποκατασταθῶ
1122 5226 1252 5294 ὑμῖν
1285 5245 1303 5278 ι
1340 5229 1433 5280 καὶ
1462 5228 1527 5281 ὲκ
1556 5226 1653 5281 τοῦ

107 5310 282 5377 λέγειν·
319 5336 336 5368 ι
358 5316 680 5371 Γινώσκετε
705 5316 796 5367 τὸν
811 5317 1040 5385 ἀδελφὸν
1055 5316 1211 5386 ἡμῶν
1228 5315 1493 5386 Τιμόθεον
1516 5319 1651 5371 ἀπο-

106 5401 378 5472 λελυμένον,
400 5409 524 5478 μεθ’
540 5401 631 5469 οῦ,
652 5407 947 5475 ὲάϊτάχιον
968 5408 1215 5477 ἔρχηται,
1234 5406 1611 5478 stetimus;
1626 5428 1645 5462 ι

110 5492 265 5555 οὐδεὶς
292 5498 396 5565 γάρ
436 5498 505 5550 ἂν
554 5492 717 5565 οἶμαι
748 5495 1020 5549 ἀπέλυσεν
1058 5497 1139 5558 εἰς
1171 5496 1445 5550 διακονίαν
1476 5500 1646 5567 Τιμό-

110 5580 222 5647 θεον,
249 5590 292 5638 εί
323 5589 397 5658 μὴ
430 5588 677 5650 Παῦλος.
710 5588 819 5642 Καὶ
849 5588 1040 5641 τοῦτον
1083 5587 1269 5656 τάχιον
1310 5589 1645 5658 προσδοκῶν,

107 5673 185 5744 τὴν
216 5678 337 5731 ἰδίαν
370 5680 583 5743 αὐτοῖς,
625 5680 702 5741 ὡς
733 5678 851 5744 ἔθος
882 5679 1147 5750 πολλαχοῦ
1191 5680 1286 5734 σὺν
1328 5680 1475 5751 αὐτῷ
1508 5699 1645 5752 παρ-

514 5839 545 5859 η

167 5834 354 5893 'chr.
400 5856 461 5905 ιι,
514 5839 570 5893 ὖ.

1757 4692 1877 4740 erat
1913 4701 1965 4738 tn
1998 4683 2405 4753 prtedicatione,
2451 4692 2505 4737 et
2554 4682 2728 4736 Judaei
2782 4682 3070 4736 audierant
3101 4682 3329 4736 Paulum

1758 4774 2151 4830 discessionem
2176 4774 2375 4828 docere
2402 4773 2585 4841 aliquo
2627 4772 2787 4825 modo
2808 4786 2837 4825 a
2865 4771 3005 4839 lege,
3042 4771 3238 4824 merito
3264 4770 3329 4823 ad

1759 4865 2015 4919 Hebraeos
2040 4865 2234 4919 scribit
2304 4863 2632 4932 Epistulam,
2682 4869 2740 4916 ut
2810 4862 3066 4918 ostendat
3093 4877 3331 4916 consen-

1760 4970 1879 5010 sum
1911 4956 2317 5024 praedicationis
2350 4972 2367 5007 :
2416 4970 2540 5008 cum
2589 4964 2769 5008 autem
2814 4954 2879 5007 ad
2915 4968 3009 5008 eos
3039 4953 3330 5017 scriberet,

1755 5050 2075 5101 consultum
2118 5063 2226 5101 non
2250 5055 2366 5101 crat
2392 5057 2449 5101 ut
2490 5063 2548 5102 se
2579 5049 2632 5101 in
2672 5045 2833 5100 initio
2863 5046 3070 5101 diceret
3092 5045 3329 5114 Aposto-

1752 5139 1884 5192 lum.
1918 5138 2177 5193 Testatur
2207 5147 2387 5192 autem
2435 5138 2488 5192 in
2533 5138 2893 5207 sequentibus
2950 5135 3068 5205 ipsa
3107 5149 3329 5205 quoque

1751 5228 1990 5295 Epistula
2005 5228 2321 5298 313quud
2340 5226 2492 5281 Pauli
2512 5228 2684 5290 sit,ex
2713 5242 2777 5281 eo
2805 5224 2949 5296 quod
2966 5224 3098 5278 dicit
3120 5241 3131 5278 :
3152 5224 3325 5279 Etiam

1750 5316 2128 5380 aﬂlictionum,
2191 5333 2311 5384 qua:
2361 5333 2428 5371 ex
2486 5318 2721 5372 vinculis
2779 5317 2915 5371 meis
2955 5314 3325 5383 contigerunt,

1752 5408 2044 5478 participes
2080 5406 2281 5463 l‘nistis.
2322 5408 2389 5462 Et
2432 5422 2556 5461 eum
2587 5409 2749 5462 dicit:
2793 5406 2994 5477 «Magis
3030 5407 3327 5477 preccmini

1754 5511 1863 5567 quo
1899 5494 2133 5550 celerius
2166 5496 2422 5552 restituar
2461 5497 2648 5561 vobis;
2680 5516 2697 5548 ο
2730 5505 2988 5567 praeterea
3029 5512 3154 5552 cum
3203 5497 3277 5550 ait
3310 5514 3324 5548 :

1759 5586 1956 5642 «Scitis
1975 5587 2196 5642 fratrem
2216 5595 2461 5642 nostrum
2489 5584 2830 5641 Timotheum
2860 5589 3169 5646 dimissum,
3201 5601 3329 5639 cum

1750 5696 1879 5751 quo,
1898 5680 1943 5736 si
1958 5679 2192 5736 celerius
2211 5680 2408 5736 venerit
2426 5679 2635 5744 ,vidcbo
2661 5694 2808 5733 vos.»
2834 5677 3002 5733 Nemo
3023 5677 3169 5732 enim
3189 5688 3322 5743 pnu-
