4144 6456
749 410 856 474 975

1766 414 2168 477 (ECUMENII
2210 414 2501 476 TRICCE
2540 413 2884 474 EPISCOPI

3870 407 3981 469 276

754 540 834 581 ter
872 525 1121 592 Paulum,
1176 535 1236 582 ut
1297 528 1512 598 opinor,
1558 528 1838 583 dimiserat
1888 529 2234 584 Timotheum
2263 531 2316 584 in

2443 531 2608 582 »υσίαν
2633 527 3047 594 ἐπαγγέλλεται.
3071 523 3244 576 Πολλά
3271 523 3326 576 δὲ
3353 521 3446 574 καὶ
3470 521 3604 574 ἄλλα
3627 518 3995 590 γνωρίζουσιι.

753 615 1153 672 ministerium:
1187 629 1347 687 atque
1366 623 1511 674 hunc
1538 620 1771 674 celerius
1794 630 2141 689 exspectans,
2161 635 2318 674 suum

754 723 818 762 ac
853 708 999 763 illius
1045 711 1328 780 pollicetur
1357 712 1438 767 eis
1498 712 1812 777 adventum,
1854 713 2313 780 quemadmodum

2429 624 2559 690 ἡμῖν
2584 621 2748 675 αὑτοῦ
2778 619 3068 687 τυγχάνειν
3091 616 3188 686 τὴν
3219 613 3528 684 ἐπιστολὴν,
3551 613 3627 675 ὡς
3663 613 3758 665 καὶ
3791 613 3824 679 ὴ
3865 611 4000 664 ἀνά-

2429 729 2632 779 γνωσις
2655 711 2794 781 αὑτὴ
2825 708 3089 780 προϊοῦσα
3117 708 3378 760 διδάσκει.

756 801 1067 871 frequenter
1118 802 1297 856 facere
1350 806 1508 860 solet.
1553 805 1717 858 Multa
1778 819 1999 875 quoque
2079 805 2186 857 alia
2241 803 2538 860 ostendunt
2602 804 2766 858 nobis
2827 817 2948 858 esse
3013 801 3186 871 ipsius
3249 796 3569 868 Epistolam,
3638 793 3998 864 quemadmo-

754 896 882 950 dum
917 903 971 950 et
999 893 1158 948 lectio
1193 894 1308 965 ipsa
1348 895 1399 949 in
1430 913 1720 968 progressu
1759 901 1937 957 docet.

1309 1009 1773 1069 THEODORETI.

825 1119 999 1186 Quam
1048 1122 1119 1177 ob
1171 1139 1393 1177 causam
1422 1126 1647 1186 Paulus.
1686 1144 1808 1182 cum
1875 1130 2116 1198 gentium
2171 1139 2319 1184 esset

2961 1009 3432 1064 ΘΕΟΔΩΡΗΤΟΥ.

2490 1127 2644 1187 Τίνος
2687 1124 2870 1177 ἕνεκεν
2913 1123 3043 1194 [τῶν
3074 1122 3244 1174 ἐθνῶν
3280 1119 3299 1192 ]
3331 1119 3623 1181 ἀπόστολος
3677 1117 3943 1186 ὑπάρχων
3972 1119 4001 1170 ό

757 1217 1073 1285 Apostolus,
1102 1217 1167 1271 ad
1211 1217 1462 1273 llcbrmos
1495 1220 1688 1275 scribit
1731 1223 1753 1274 ?
1783 1222 1943 1292 idque
1967 1239 2087 1277 cum
2130 1226 2317 1280 odiose

2443 1215 2653 1278 Ῑαῦλος,
2702 1214 2973 1286 Ἑϐραίοις
3004 1213 3343 1278 animum;
3391 1212 3500 1265 Καὶ
3539 1209 3711 1262 ταῦτα
3744 1207 4002 1276 ἀπεχθῶς

759 1307 938 1360 σπεειὶ
969 1317 1152 1361 essent
1181 1323 1306 1376 erga
1352 1310 1526 1378 ipsum
1575 1313 1718 1378 quod
1757 1311 1923 1383 legem
1955 1313 2317 1368 dissolveret?

759 1399 952 1452 Petrus
983 1398 1127 1452 enim
1162 1414 1223 1453 ac
1255 1402 1436 1453 ca‘teri
1487 1403 1576 1470 qui
1613 1418 1734 1455 cum
1772 1405 1887 1472 ipso
1919 1411 2094 1468 erant,
2126 1404 2323 1458 demit-

760 1494 938 1541 tentes
972 1503 1090 1542 sese
1128 1488 1194 1541 ad
1247 1488 1567 1542 imbecillem
1597 1499 1815 1557 captum
1858 1490 2190 1554 Jndaaorum,
2222 1491 2326 1543 ali-

762 1579 1081 1648 quantulum
1168 1579 1537 1647 sequebantur
1596 1580 1758 1634 etiam
1806 1583 1996 1650 legem.
2061 1581 2324 1645 Dicimus,

762 1671 905 1736 quod
943 1668 1085 1722 sicut
1113 1683 1218 1722 non
1251 1677 1368 1723 erat
1397 1670 1498 1739 ipsi
1534 1671 1887 1726 commissum
1921 1671 2216 1740 baptizare,
2256 1687 2322 1726 ex

762 1760 1060 1814 abundanti
1094 1769 1271 1815 tamen
1309 1761 1615 1815 ministerio
1650 1762 1813 1815 etiam
1856 1762 2209 1830 baptizabat:
2245 1761 2316 1814 ita

2425 1308 2606 1378 ἔχουσι
2636 1307 2770 1376 πρὸς
2805 1307 2967 1359 αὑτὸν
3004 1304 3080 1374 τῷ
3118 1305 3208 1356 τὸν
3237 1305 3399 1372 νόμον
3434 1300 3729 1370 παραλύειν
3751 1318 3765 1364 ;
3790 1302 3853 1352 Ol
3887 1300 3998 1365 γὰρ

2427 1399 2571 1469 ἀμφὶ
2589 1399 2794 1466 Πέτρον
2828 1395 3352 1464 συγκαταϐαίνοντες
3373 1392 3769 1459 αὖτοῖς,ὴρέμα
3789 1391 4002 1456 εἴχοντο

2431 1491 2526 1542 καὶ
2580 1489 2672 1540 τοῦ
2698 1488 2885 1557 νόμου.
2912 1486 3098 1555 Φαμέν
3129 1503 3144 1517 ο
3178 1482 3662 1553 ὦσπερβαπτίζειν
3691 1483 3790 1533 οὐκ
3823 1483 4006 1532 ἐπιτε-

2433 1580 2738 1648 ταγμένος,
2791 1582 2854 1632 ἐκ
2920 1577 3235 1648 περιουσίας
3295 1575 3618 1639 ἐϐάπτιζεν,
3675 1572 3851 1633 οὕτως
3905 1572 4006 1623 καὶ

2448 1671 2722 1741 Ἑϐραίοις
2777 1669 3114 1732 ἐπιστέλλει,
3165 1667 3300 1738 πρὸς
3355 1667 3422 1719 τά
3475 1666 3600 1733 ἔθνη
3649 1663 4004 1724 ἀποσταλείς.

2442 1763 2696 1833 Ἐκήδετο
2716 1762 2823 1830 γὰρ
2855 1761 3054 1824 αὐτῶν,
3074 1760 3149 1821 ὡς
3175 1759 3267 1812 καὶ
3297 1757 3735 1825 λέγειν,Ἧθελον
3754 1755 4008 1822 ἀνάθεμα

766 1849 1004 1904 Hebraeis
1053 1865 1270 1920 quoque
1324 1851 1538 1915 scribit,
1598 1865 1722 1904 cum
1778 1852 1842 1905 ad
1900 1860 2087 1921 gentes
2123 1853 2327 1906 missus

2443 1851 2566 1908 εῖναι
2597 1854 2738 1921 ὑπὲρ
2765 1853 2944 1905 αὐτῶν
2964 1870 2976 1885 ·
3011 1852 3106 1904 καὶ
3133 1851 3328 1916 πάλιν,
3362 1869 3379 1901 ι
3407 1849 3716 1919 Πορεύομαι
3741 1849 3820 1908 είς
3850 1845 4009 1915 Ἰερο-

765 1948 932 1995 esset.
977 1941 1253 2010 Siquidem
1302 1943 1517 1996 anxiam
1568 1943 1784 1995 illorum
1846 1958 2032 1996 curam
2074 1943 2326 2007 habebat,

2443 1945 2645 2014 σόλυμα
2697 1944 3030 2012 διακονήσων
3086 1944 3199 2003 τοῖς
3233 1943 3426 2007 ἁγίοις.
3461 1959 3479 1990 ι
3519 1939 3856 1992 Ἐπιστέλλει
3905 1939 4007 2001 μέν

766 2033 902 2087 adeo
931 2034 1166 2086 utetiam
1191 2032 1398 2087 diceret
1428 2051 1442 2087 :
1503 2035 1744 2101 Optarim
1808 2034 2098 2088 anathema
2149 2048 2270 2087 esse
2302 2048 2331 2086 a

765 2122 984 2176 Christo
1008 2137 1104 2190 pro
1147 2123 1281 2192 ipsis
1311 2141 1325 2188 ;
1359 2131 1408 2176 ct
1433 2139 1646 2177 rursum
1677 2140 1690 2176 :
1731 2143 1749 2176 ι
1787 2123 2111 2179 Proticiscor
2145 2122 2337 2177 Hiero-

771 2212 980 2281 solyma
1052 2213 1462 2269 niinistraturus
1508 2215 1714 2270 sanctis
1744 2216 1783 2269 '.
1851 2233 1870 2266 ›
1913 2215 2118 2269 Scribit
2150 2215 2336 2284 itaque

772 2303 880 2357 illis
904 2303 1124 2372 quijam
1165 2306 1505 2359 crediderant
1545 2305 1937 2377 Hierosolymis
1972 2315 2024 2360 et
2079 2307 2130 2360 in
2161 2305 2332 2359 Palm-

771 2395 910 2448 Stina
943 2395 1170 2448 :scribit
1198 2404 1377 2450 autem
1416 2399 1749 2452 consolando
1769 2413 1862 2453 eos
1894 2397 2035 2468 quod
2074 2397 2337 2468 plurimas

771 2483 1090 2539 atllictiones
1117 2486 1267 2553 passi
1292 2498 1473 2540 essent
1500 2504 1526 2539 a
1553 2490 1788 2556 propriis
1806 2490 2207 2544 contribulibus
2244 2490 2334 2558 qui

775 2591 882 2632 non
923 2576 1293 2643 crediderant,
1323 2580 1782 2648 quemadmodum
1816 2590 1870 2634 et
1899 2581 2012 2649 ipse
2043 2580 2334 2651 signiﬁcat,

772 2669 982 2722 dicens.
1025 2687 1042 2720 ι
1083 2669 1272 2724 Manus
1307 2671 1565 2724 remissas
1615 2686 1676 2724 ac
1709 2686 1882 2741 genua
1925 2673 2100 2726 soluta
2154 2672 2338 2728 subri-

775 2761 884 2824 gite
905 2761 944 2808 ³.
991 2778 1008 2811 ι
1054 2759 1168 2813 Duo
1198 2772 1373 2814 autem
1419 2763 1757 2830 potissimum
1779 2763 1937 2818 ellicit
1965 2763 2019 2816 in
2054 2761 2292 2829 Epistola
2313 2775 2337 2821 ’.

776 2852 1092 2906 consolatur
1118 2868 1214 2908 eos
1247 2851 1394 2922 quod
1455 2854 1686 2908 viriliter
1735 2855 1958 2908 tulerint
1997 2853 2337 2919 aluit-tiones.

775 2955 828 2998 ιιι
849 2946 989 3015 quod
1023 2945 1159 2999 bona
1187 2946 1406 2999 dabitur
1443 2947 1512 2999 ob
1543 2947 1655 2999 haec
1697 2946 2005 3000 retributio.
2037 2946 2203 3000 Multa
2238 2962 2338 3000 au-

778 3048 884 3092 tem
917 3036 983 3091 de
1010 3036 1112 3090 [ide
1163 3036 1426 3105 disputat,
1471 3037 1766 3092 ostendens
1813 3035 2036 3093 Iudaica
2071 3039 2183 3108 jam
2231 3053 2337 3094 non

779 3139 900 3182 esse
954 3127 1374 3191 necessaria,ut
1425 3141 1547 3195 quae
1597 3126 1767 3197 ﬁgura
1816 3139 1974 3183 erant
2032 3130 2277 3184 veritatis
2320 3147 2334 3182 :

783 3223 969 3267 nostra
995 3229 1124 3268 vero
1177 3215 1490 3270 necessaria
1528 3231 1672 3282 esse,
1724 3227 1781 3270 ut
1807 3232 1926 3284 qum
1970 3219 2250 3272 veritatem
2286 3221 2337 3274 in

2439 2030 2531 2088 οὖν
2571 2036 2681 2096 τοῖς
2713 2035 2814 2104 ἠδη
2850 2033 3274 2085 πεπιστευκόσιν
3309 2033 3366 2083 ἐν
3393 2033 3457 2099 τῇ
3507 2029 3868 2098 Ἰερουσαλὴμ
3909 2031 4007 2079 καὶ

2439 2125 2791 2195 Παλαιστίνῃ.
2829 2123 3160 2177 Ἐπιστέλλει
3182 2122 3260 2186 δὲ,
3287 2119 3776 2190 παραμυθούμενος
3807 2120 4009 2180 αὐτοὺς

2440 2215 2664 2268 πλεῖστα
2710 2215 2856 2268 κακὲ
2911 2213 3250 2275 πεπονθότας
3282 2213 3384 2266 ὑπὸ
3436 2211 3546 2265 τῶν
3585 2211 3731 2263 ἰδίων
3783 2227 4009 2278 συμφυ-

2439 2306 2607 2360 λετῶν
2634 2306 2742 2359 τῶν
2782 2307 2856 2375 μὴ
2895 2305 3360 2366 πεπιστευκότων,
3398 2303 3473 2364 ὡς
3500 2303 3594 2354 καὶ
3625 2301 3787 2362 αὐτὸς
3835 2300 4009 2368 δηλοῖ,

2439 2401 2632 2467 λέγων.
2669 2418 2687 2450 ι
2712 2398 3062 2468 Παρειμένας
3105 2399 3316 2466 χεῖρας,
3357 2397 3451 2448 καὶ
3481 2395 3550 2447 τὰ
3587 2392 4010 2463 παραλελυμένσ

2440 2494 2641 2560 γόνατα
2670 2490 3034 2559 ἀνορθώσατε.
3065 2507 3082 2540 ι
3122 2487 3225 2540 Δύο
3247 2487 3304 2540 δὲ
3343 2487 3576 2555 μάλιστα
3604 2483 4013 2546 κατασκευάζει

2440 2587 2496 2636 ἐν
2526 2586 2591 2654 τῇ
2631 2581 2942 2650 Ἐπιστολῇ,
2975 2578 3382 2651 παραμυθεῖται
3436 2579 3633 2639 αὐτοὺς
3685 2576 3777 2629 τοῦ
3827 2577 4015 2643 ςέρειν

2439 2674 2702 2744 γενναίως
2759 2675 2886 2734 τοὺς
2940 2672 3301 2741 πειρασμοὺς,
3341 2670 3435 2723 καὶ
3491 2672 3572 2723 ὅτι
3607 2669 3756 2720 ἔσται
3799 2667 4014 2718 τούτων

2440 2767 2708 2828 ἀντίδοσις
2741 2764 2942 2831 ἀγαθή.
2990 2762 3166 2814 Πολλά
3198 2762 3255 2813 δὲ
3284 2762 3412 2830 περὶ
3449 2763 3548 2829 τῆς
3594 2759 3830 2819 πίστεως
3862 2757 4012 2824 φιλο-

2443 2859 2613 2924 σοφεῖ,
2637 2856 2848 2916 δεικνὺς
2875 2855 2940 2907 τὰ
2978 2853 3076 2922 μὲν
3109 2853 3374 2907 Ἰουδαῖκά
3407 2851 3604 2921 μηκέτι
3632 2850 3908 2918 ἀναγκαῖα
3941 2848 4013 2910 ὡς

2445 2949 2616 3002 τύπον
2637 2949 2764 3000 ὄντα
2796 2947 2896 3013 τῆς
2931 2945 3215 3014 ἀληθείας,
3242 2945 3310 2996 τά
3335 2944 3392 2996 δὲ
3430 2943 3673 3011 ἡμέτερα
3714 2942 4014 3006 ἀναγκαῖα,

2439 3042 2513 3104 ὡς
2541 3041 2665 3093 ὄντα
2689 3039 2966 3108 ἀλήθειαν.
2994 3039 3111 3090 Τίνι
3133 3038 3189 3090 δὲ
3217 3037 3402 3105 τρόπῳ
3429 3037 3529 3088 οὐκ
3553 3034 3716 3102 ἔθηκε
3744 3031 3842 3101 τὴν
3876 3031 4012 3083 ίδξαν

2441 3134 2738 3202 ὀνομασίαν
2795 3131 3064 3201 Ἑϐραίοις
3121 3129 3382 3198 γράφων,
3437 3127 3669 3194 Κλήμης
3745 3127 3804 3174 ἐν
3888 3125 4012 3183 ταῖς

2455 3223 2896 3278 Ύποτυπώσεσι
2930 3224 3130 3292 γράφει
3167 3221 3337 3287 λέγων
3371 3218 3578 3280 οὕτως’
3625 3214 3764 3281 Ἤδη
3799 3214 3856 3265 δὲ
3888 3213 3964 3274 ὡς
3994 3215 4018 3264 ὁ

782 3321 842 3358 se
872 3306 1205 3359 contineant.
1254 3293 1432 3372 Quare
1481 3316 1660 3362 autem
1724 3309 2004 3378 proprium
2043 3325 2150 3364 non
2184 3311 2333 3364 addi-

2450 3315 2717 3384 μακάριος
2787 3313 2938 3378 ἔλεγε
2972 3291 3385 3379 πρεσϐύτερος,
3449 3306 3570 3358 ἐπεὶ
3604 3307 3631 3357 ό
3687 3303 3896 3372 Κύριος
3946 3301 4018 3360 ὡς

783 3396 922 3449 derit
954 3412 1152 3450 nomen
1190 3412 1311 3450 cum
1353 3397 1418 3450 ad
1483 3396 1737 3454 Hebraeos
1769 3400 2053 3460 scriberet.
2090 3402 2343 3457 Clemens

787 3485 1332 3554 lninformationibus
1378 3488 1568 3542 scribit
1623 3489 1676 3543 in
1731 3489 1874 3544 hunc
1923 3491 2140 3544 modum
2176 3509 2189 3545 :
2224 3489 2342 3545 Jam

786 3592 915 3632 vero
949 3587 1006 3631 ut
1033 3577 1225 3633 beatus
1253 3580 1534 3648 presbyter
1592 3580 1768 3635 dicit:
1799 3579 1934 3637 Cum
1965 3581 2129 3652 31h
2158 3581 2343 3635 Domi-

790 3685 893 3724 nus
943 3677 1201 3740 tanquam
1248 3670 1339 3724 Dei
1398 3672 1790 3742 omnipotentis
1835 3673 2113 3742 apostolus
2142 3673 2206 3726 ad
2233 3672 2340 3728 He-

791 3763 964 3815 braeos
1017 3763 1220 3818 missus
1278 3769 1446 3829 esset,
1496 3777 1559 3816 ex
1611 3763 1874 3818 modestia
1924 3772 2107 3818 actum
2161 3771 2344 3818 estut

789 3850 993 3908 Paulus
1011 3857 1103 3922 qui
1136 3853 1200 3905 ad
1225 3863 1411 3923 gentes
1433 3855 1638 3908 missus
1660 3862 1800 3919 erat,
1847 3870 1956 3909 non
1992 3856 2260 3910 scriberet
2292 3870 2352 3909 se

2460 3405 2778 3465 Ἀπόστολος
2848 3403 2943 3456 τοῦ
3019 3402 3463 3471 Παντοκράτορος
3527 3394 3802 3462 ἀπεστάλη
3887 3391 4019 3459 πρὸς

2462 3496 2772 3566 Ἐϐραίους,
2802 3493 2889 3548 διὰ
2936 3493 3263 3563 μετριότητα
3297 3493 3325 3543 ὁ
3368 3488 3576 3549 Παῦλος
3606 3490 3679 3548 ὡς
3727 3487 3794 3538 ἂν
3845 3485 3930 3545 εἷς
3956 3483 4020 3532 τὰ

2453 3587 2579 3656 Εθνη
2612 3585 3045 3656 ἀπεσταλμένος,
3087 3585 3187 3636 οὐκ
3215 3583 3484 3652 ἐγγράφει
3518 3579 3707 3631 ἑαυτὸν
3750 3574 4021 3641 Ἐϐραίων

2451 3678 2766 3740 ἀπόστολον,
2801 3677 2889 3728 διὰ
2927 3677 3026 3746 τὴν
3058 3677 3191 3746 πρὸς
3231 3675 3324 3726 τὸν
3374 3671 3576 3741 Κύριον
3609 3667 3798 3737 τιμὴν,
3835 3666 3928 3718 διά
3964 3679 4023 3715 τε

2449 3770 2510 3822 τὸ
2541 3772 2602 3821 ἐκ
2628 3766 3146 3837 περιουσίας,ὲθνῶν
3177 3768 3391 3834 κήρυκα
3411 3764 3504 3816 καὶ
3534 3757 3830 3815 ἀπόστολον
3861 3751 4025 3817 εἶναι,

2465 3855 2771 3908 ἐπιστέλλει
2795 3855 2889 3906 καὶ
2925 3857 3038 3915 τοῖς
3074 3852 3366 3924 Ἑϐραίοις.

794 3942 1135 3997 Ιιειιτεοτυιη
1177 3942 1503 4013 apostolum,
1553 3945 1622 3999 ob
1667 3946 1926 3999 honorem
1959 3945 2199 4000 delatum
2243 3957 2372 4013 erga
2411 3942 2727 4000 Dominum.
2784 3943 3051 3996 Praterea
3104 3957 3171 3995 ex
3238 3941 3538 3996 abundanti
3607 3938 3881 3993 cbaritate
3944 3932 4024 3990 fa-

790 4043 936 4086 ctum
990 4043 1093 4096 est,
1151 4041 1210 4087 ut
1275 4034 1515 4104 gentium
1552 4037 1904 4092 concionator
1953 4046 2010 4091 et
2059 4037 2342 4104 apostolus
2379 4036 2541 4092 etiam
2574 4036 2840 4092 scriberet
2859 4034 2926 4088 ad
2951 4033 3222 4088 Hebraeos.
3262 4072 3265 4073 ν

829 4175 987 4246 315
1037 4172 1432 4229 EPISTOLIE
1475 4175 1569 4230 AD
1613 4173 1974 4234 HEBRIEOS
2027 4177 2316 4234 CAPITA.

2616 4174 2990 4233 ΚΕΦΑΛΔΙΑ
3050 4176 3189 4229 ΤΗΣ
3244 4169 3436 4225 ΠΡΟΣ
3486 4166 3857 4223 ΕΒΡΑΙΟΥΣ

3025 4244 3456 4298 ΕΠΙΣΊὈΛΗΣ.

798 4356 848 4406 1.
874 4354 1061 4407 Divina
1104 4354 1167 4407 de
1204 4352 1415 4408 Christo
1462 4353 1722 4418 doctrina,
1760 4356 1846 4408 cui
1884 4355 2010 4409 data
2054 4367 2133 4410 est
2185 4357 2333 4426 glorii

2457 4369 2524 4415 α’.
2571 4363 2855 4430 Θεολογτία
2897 4359 3153 4430 Χριστοῦ
3205 4358 3274 4410 ἐν
3311 4354 3458 4420 δόξῃ
3489 4351 3749 4418 Πατρός,
3784 4347 3884 4399 καί
3929 4347 4030 4410 ἐξ-

869 4446 1050 4499 Patris
1095 4463 1156 4498 ac
1213 4456 1443 4514 potestas
1475 4447 1728 4509 omnium,
1755 4463 1867 4499 cum
1898 4449 2209 4517 purgatione
2250 4466 2362 4503 om-

2531 4454 2711 4518 ουσΙᾳ
2742 4450 2861 4504 τῶν
2890 4452 3150 4513 πάντων,
3193 4445 3341 4515 μετὰ
3387 4442 3493 4510 τῆς
3537 4441 3884 4507 καθάρσεως
3916 4439 4029 4491 τῶν

867 4539 1010 4589 nium
1037 4552 1152 4606 qua:
1182 4546 1302 4589 sunt
1333 4536 1385 4588 in
1425 4545 1583 4600 terra,
1617 4553 1649 4589 α
1672 4552 1778 4606 qua
1805 4539 2042 4592 ascendit
2073 4541 2142 4593 ad
2171 4556 2333 4608 superi

2529 4542 2625 4595 ἐπὶ
2659 4541 2789 4611 τῆς.
2826 4541 2940 4609 Ἀφ’
2969 4537 3044 4610 ἧς
3073 4539 3256 4606 ἀνέϐη
3284 4539 3371 4597 εις
3400 4534 3518 4595 τὴν
3537 4530 3902 4598 ἐπουράνιον
3934 4529 4031 4581 δὸ-

865 4627 1115 4680 τωίεειεηι
1137 4627 1382 4695 gloriam.

794 4718 845 4772 2.
874 4717 1023 4783 Quod
1078 4735 1180 4770 non
1227 4720 1294 4770 sit
1352 4719 1717 4772 ministerialis
1769 4720 1939 4788 gloria
1984 4720 2208 4785 Christi,
2265 4721 2356 4775 sed

868 4811 1046 4864 divina
1073 4811 1326 4878 etc/ﬁcos:
1349 4827 1366 4863 :
1395 4810 1510 4863 ideo
1542 4827 1645 4864 non
1682 4813 1735 4864 in
1764 4813 2008 4879 pra’senti
2035 4813 2229 4865 sarculo
2261 4812 2358 4864 ha-

869 4905 1012 4964 bitet,
1042 4902 1096 4954 in
1119 4917 1217 4970 quo
1245 4909 1366 4955 sunt
1387 4901 1639 4966 ministri,
1670 4901 1760 4954 sed
1795 4903 1848 4954 in
1869 4901 2075 4968 futuro.

799 5082 850 5134 ’5.
873 5080 1024 5146 Quod
1059 5096 1264 5132 carnem
1304 5082 1646 5148 assumpserit
1674 5082 1836 5150 juxta
1867 5083 2259 5150 dispositionem
2306 5093 2357 5138 et

871 5171 1256 5223 rondolentiam
1305 5187 1365 5221 ac
1412 5171 1836 5238 familiaritatem
1877 5189 2031 5241 quam
2086 5190 2212 5242 erga
2262 5191 2357 5228 nos

870 5264 1075 5326 habuit,
1111 5271 1166 5314 ut
1194 5261 1453 5314 hominem
1475 5279 1505 5314 a
1529 5273 1692 5316 morte
1714 5279 1806 5332 per
1834 5265 2258 5331 familiaritatem
2292 5269 2360 5318 ad

870 5353 984 5414 ipsu
998 5369 1039 5402 ’τι
1058 5352 1320 5403 liberaret.

2530 4633 2666 4696 ξαν.

2462 4724 2528 4793 β’.
2573 4724 2702 4776 Ὀτι
2765 4722 2836 4775 οὐ
2865 4718 3241 4788 λειτουργικὴ
3279 4718 3316 4784 ἠ
3369 4716 3518 4779 δόξα
3550 4712 3821 4779 Χριστοῦ,
3871 4711 4033 4764 ἀλλὰ

2530 4813 2697 4879 θετκὴ
2735 4812 2832 4866 καί
2867 4811 3166 4877 ποιητική.
3200 4810 3297 4864 Διὸ
3323 4810 3433 4862 οὐκ
3469 4808 3565 4859 ἐπὶ
3603 4806 3708 4858 τοῦ
3733 4806 4030 4870 παρόντος

2532 4904 2766 4968 αἰῶνος,
2796 4903 2864 4955 ἐν
2893 4894 2940 4967 ᾧ
2974 4903 3027 4954 ol
3054 4898 3408 4967 λειτουργοί,
3435 4895 3574 4949 ἀλλ’
3605 4893 3702 4946 ἐπὶ
3742 4892 3850 4957 τῆς
3885 4899 4034 4961 μελ-

2533 4996 2767 5060 λούσης
2809 4992 3184 5058 οἰκουμένης.

2461 5093 2530 5154 γ’.
2577 5087 2704 5138 Ὅτι
2727 5084 3037 5151 ἐσαρκώθη
3065 5081 3214 5135 κατὰ
3235 5079 3506 5133 διάθεσιν
3535 5075 3632 5129 καί
3653 5074 4036 5143 συμπάθειαν

2537 5174 2635 5226 καὶ
2679 5173 3011 5236 οἰκειότητα
3066 5171 3180 5235 τὴν
3235 5169 3382 5236 πρὸς
3429 5165 3586 5234 ἡμᾶς
3626 5166 3720 5217 ἐπὶ
3767 5167 4037 5231 σωτηρίᾳ

2534 5263 2857 5331 ἀνθρώπων
2889 5261 2961 5329 τῇ
2999 5262 3066 5313 ἐκ
3097 5259 3376 5322 θανάτου,
3400 5257 3496 5310 διὰ
3527 5256 3636 5324 τῆς
3669 5257 3818 5322 πρὸς
3848 5254 4037 5309 αὑιὸγ

2539 5355 2914 5420 οίκειώσεως.

801 5443 850 5496 4.
880 5443 1030 5508 Quod
1064 5443 1270 5496 Christo
1309 5443 1619 5496 credendum
1649 5446 1714 5497 sit
1750 5446 2181 5515 quemadmodum
2225 5448 2333 5502 Mos

2465 5449 2530 5502 δ’.
2573 5449 2700 5500 Ὀτι
2745 5445 3100 5500 πιστευτέον
3130 5439 3361 5513 Χριστῷ
3390 5443 3470 5508 ὡς
3512 5439 3713 5494 Μωσεῖ
3749 5439 4037 5491 ἐπίστευο

873 5531 1225 5595 crediderant,
1260 5543 1507 5602 tantoque
1533 5535 1583 5587 id
1621 5535 1804 5588 melius
1832 5547 2024 5604 quanto
2058 5539 2266 5607 dignior
2287 5547 2365 5593 est

878 5623 1014 5679 Deus
1048 5624 1272 5678 homine.

877 5805 896 5835 '
928 5801 1084 5858 Rom.
1113 5799 1313 5869 “,25.
1392 5800 1410 5832 ³
1441 5800 1601 5858 llcbr.
1656 5817 1752 5870 xu,
1810 5802 1887 5856 12.

2542 5554 2681 5602 σαν,
2713 5540 2840 5592 καθ’
2888 5535 3194 5606 ὑπεροχὴν
3239 5534 3306 5587 δὲ
3362 5533 3476 5601 τὴν
3533 5531 3637 5586 τοῦ
3689 5530 3834 5585 Θεοῦ
3886 5529 4037 5597 πρὸς

2543 5629 2873 5696 ἄνθρωπον.
