4144 6456
123 407 225 472 177

1108 419 1495 480 ΟΟΜΜΕΝΤ.
1523 419 1602 478 1N
1638 421 1717 478 EE

1821 419 1876 478 Γ.
1909 419 2006 479 AD
2047 420 2377 481 PHILEM.
3284 423 3389 484 2'78

121 520 182 576 ι’.
217 521 536 589 Πρστροπῖι
561 522 910 578 σπουδάσαι
937 527 1023 591 εις
1059 526 1173 594 τὴν
1202 528 1701 598 προδηλουμένην

1821 528 1855 582 ἲ.
1879 527 2198 584 Exhortatio
2233 542 2290 585 ut
2318 547 2565 586 conemur
2596 530 2802 600 ingredi
2843 532 3071 600 requiem
3105 547 3220 599 qme
3254 547 3394 599 prte-

191 613 606 669 κατάπαυσιν.

125 708 198 767 ς’.
234 703 308 758 Τὸ
328 705 590 773 φοϐερὸν
618 706 732 774 τῆς
755 707 1008 774 κρίσεως
1040 708 1200 775 παρὰ
1231 707 1311 772 τῷ
1331 709 1492 777 λόγῳ
1514 707 1595 773 τῷ
1614 707 1713 761 διὰ

190 793 462 857 πάντων,
491 795 590 849 καὶ
617 798 684 850 τὸ
713 798 985 865 χρηστὸν
1005 797 1115 865 τῆς
1141 797 1382 867 χάριτος
1414 798 1521 866 τῆς
1554 801 1712 866 ιεραο

190 883 368 954 τικῆς
417 887 580 955 παρὰ
629 886 708 952 τῷ
747 887 1258 958 ὀμοιοπαθήσαντι
1303 889 1449 958 ἡμῖν
1487 890 1715 958 ἀνθρω·

191 978 406 1042 πίνως.

126 1068 189 1130 ζ’.
235 1069 608 1137 Ἐπιτίμησις
640 1068 764 1136 τοῖς
791 1069 1098 1138 δεομένοις
1132 1069 1486 1140 εἰσαγωγῆς.

130 1247 196 1317 η’.
239 1249 365 1301 Ὀτι
393 1249 611 1313 βεϐαία
639 1251 676 1318 ἠ
701 1251 1028 1319 ὲκαῃτελία
1055 1248 1162 1304 τοῦ
1191 1249 1362 1316 Θεοῦ,
1397 1250 1493 1303 καί
1527 1249 1713 1304 ταῦτα

191 1339 316 1390 σὺν
344 1338 525 1405 ὅρκῳ.

129 1429 194 1481 θ’.
239 1430 384 1496 Περὶ
419 1430 524 1484 τοῦ
559 1431 936 1501 Μελχισεδὲκ
964 1433 1070 1488 τοῦ
1109 1434 1197 1499 εις
1227 1432 1486 1501 Χριστὸν
1521 1434 1712 1488 τύπου

198 1522 353 1575 κατὰ
385 1522 452 1574 τὸ
497 1521 701 1591 ὄνομα,
734 1523 830 1577 καὶ
859 1524 974 1594 τὴν
1005 1527 1208 1592 πόλιν,
1242 1527 1341 1580 και
1383 1524 1498 1595 τὴν
1537 1525 1709 1595 ζωὴν,

199 1611 301 1664 καὶ
338 1613 459 1678 τὴν
482 1614 839 1680 ἱερωσύνην.

136 1707 184 1755 ι’.
226 1701 351 1755 Ὅτι
382 1704 676 1756 παύσεται
699 1706 738 1771 ἠ
763 1704 868 1758 τοῦ
904 1706 1128 1774 Ἀαρὼν
1149 1707 1443 1776 Ιερωσύνη
1471 1706 1571 1759 ἐπὶ
1598 1706 1712 1775 τῆς

199 1790 386 1856 οὖσα,
438 1795 674 1848 ἵσταται
725 1796 793 1848 δὲ
831 1797 869 1862 ἠ
919 1798 1200 1864 οὐράνιος
1248 1799 1286 1864 ἡ
1336 1797 1595 1864 Χριστοῦ
1642 1797 1710 1861 ἐξ

200 1884 413 1952 ἑτέρου
434 1885 670 1954 ¹γ-ιὲνους,
700 1888 772 1942 οὐ
796 1888 946 1942 κατὰ
973 1887 1189 1957 σάρκα,
1215 1886 1353 1943 οὐδὲ
1394 1887 1492 1942 διὰ
1528 1889 1715 1958 νόμου

200 1979 529 2046 σαρκίνου.

135 2069 222 2123 ια’.
274 2071 571 2142 ’Υπεροχὴ
605 2071 712 2138 τῆς
751 2072 1037 2142 δευτέρας
1070 2072 1366 2140 διαθήκης
1412 2072 1564 2141 ὑπὲρ
1604 2069 1720 2140 τὴν

203 2162 526 2230 προτέραν,
565 2166 636 2218 ἐν
670 2163 908 2234 Μασμῷ
945 2163 1045 2217 και
1073 2161 1366 2233 ἁγιασμῷ.

134 2253 216 2322 ιβ’,
263 2255 408 2322 Περὶ
463 2255 572 2310 τοῦ
607 2257 851 2324 αἵματος
903 2255 1011 2310 τοῦ
1049 2255 1343 2322 Χριστοῦ,
1377 2255 1448 2308 ἐν
1488 2248 1536 2321 ᾧ
1573 2249 1650 2322 ἦν
1679 2253 1716 2320 ἠ

199 2343 310 2396 νέα
338 2344 624 2411 διαθήκη,
655 2346 743 2398 ὅτι
773 2344 949 2398 τοῦτο
977 2343 1206 2411 ἀληθὲς
1231 2343 1564 2412 καθάρσιον
1592 2345 1718 2397 εἱσ-

198 2435 355 2504 dra,
406 2439 479 2490 οὐ
531 2437 605 2490 τὰ
637 2439 708 2491 ἐν
739 2439 949 2507 αἵμασι
1000 2437 1157 2497 ζώων
1195 2436 1496 2503 πολλάκις
1529 2450 1719 2506 προσ-

199 2530 529 2596 φερόμενα

135 2625 221 2683 ιγ’.
264 2618 580 2685 Μαρτυρία
631 2618 766 2687 περὶ
813 2617 925 2687 τῆς
969 2621 1166 2688 μόνης
1220 2619 1565 2687 καθάρσεως
1618 2618 1718 2672 καὶ

199 2710 609 2779 προσαγωγῆς
632 2711 783 2777 πρὸς
806 2713 973 2765 Θεόν.

136 2802 212 2855 ιδ’.
254 2801 575 2870 Προτροπὴ
609 2802 890 2870 σπουδῆς
919 2805 1068 2855 κατὰ
1093 2803 1283 2872 φόϐον
1322 2802 1430 2870 τῆς
1459 2803 1718 2869 μελλού-

199 2909 324 2959 σης
365 2896 642 2961 κρίσεως.

137 2985 214 3039 ιε’.
261 2987 404 3052 Περὶ
435 2987 538 3040 τοῦ
578 2988 778 3056 καλὴν
806 2987 1004 3056 ἀρχὴν
1031 2989 1117 3052 εις
1151 2986 1344 3039 καλέν
1371 2985 1545 3051 τέλος
1568 3000 1714 3054 προ-

198 3093 473 3146 amr-ur.

1888 631 2186 675 monstrata
2219 632 2316 676 est.

1815 714 1867 767 6.
1891 711 2082 769 Terror
2095 703 2469 782 judiciijuxta
2493 731 2806 780 sermonem,
2833 715 2924 784 qui
2959 730 3050 781 per
3075 729 3252 768 omnes
3283 714 3392 765 dis-

1885 808 2176 862 seminatus
2200 817 2297 873 est,
2318 818 2365 862 et
2393 807 2598 860 utilitas
2629 809 2814 876 gratia!
2841 806 3218 866 sacerdotalis,
3249 806 3391 869 apud

1884 914 2002 953 eum
2037 901 2127 968 qui
2163 900 2394 954 humano
2429 915 2572 954 more
2604 899 2823 966 aﬂ'ectus
2855 909 2930 952 est
2973 914 3079 952 una
3122 897 3397 952 nobiscum

1886 989 2128 1043 naturali
2163 990 2517 1044 condolentia.

1817 1079 1868 1133 7.
1891 1079 2204 1151 Objurgatio
2255 1082 2506 1136 adversus
2536 1083 2656 1137 illos
2703 1082 2893 1152 quibus
2937 1098 3066 1151 opus
3113 1091 3189 1136 est
3225 1081 3398 1148 prima

1887 1171 2265 1227 elementorum
2299 1174 2652 1228 institutione.

1813 1263 1866 1317 8.
1886 1262 2040 1329 Quod
2079 1266 2237 1333 ﬁrma
2277 1267 2349 1320 sit
2396 1264 2495 1319 Dei
2534 1265 2838 1332 promissio,
2893 1266 3048 1335 idque
3093 1283 3211 1320 eum
3248 1265 3397 1329 jura-

1889 1365 2086 1410 mento.

1814 1447 1867 1502 9.
1893 1446 1970 1502 De
1997 1447 2401 1509 Melchisedech,
2434 1448 2524 1518 qui
2552 1447 2749 1504 Christi
2782 1448 2954 1518 ﬁgura
2988 1447 3111 1516 fuit,
3148 1457 3196 1500 et
3226 1465 3258 1502 a
3300 1463 3394 1500 nc-

1887 1543 2046 1608 mine,
2080 1552 2129 1596 et
2154 1559 2186 1596 a
2210 1541 2443 1608 civitate,
2476 1550 2525 1595 et
2553 1558 2586 1596 a
2613 1543 2742 1608 vita,
2782 1551 2831 1595 et
2861 1559 2894 1594 a
2923 1540 3239 1595 sacerdotio.

1819 1719 1905 1775 10.
1930 1721 2085 1787 Quod
2100 1737 2307 1776 cessare
2319 1720 2783 1775 debeatterrenum
2802 1721 2984 1774 Aaron
3011 1719 3397 1786 sacerdotium,

1887 1811 2096 1879 ﬁrmum
2131 1812 2202 1865 sit
2224 1821 2402 1864 autem
2421 1810 2625 1864 caeleste
2665 1809 2866 1864 Christi
2912 1810 3287 1871 sacerdotium,
3320 1813 3403 1862 al-

1891 1899 2052 1953 terius
2101 1901 2304 1969 generis
2336 1939 2352 1964 ,
2394 1915 2498 1953 non
2568 1898 2734 1966 juxta
2797 1914 3048 1961 carnem,
3104 1914 3265 1967 neque
3309 1915 3401 1966 per

1893 1990 2057 2058 legem
2088 1991 2381 2043 carnalem.

1822 2077 1910 2132 Η.
1940 2076 2268 2132 Εεεειίειιιὶα
2296 2076 2414 2130 novi
2431 2077 2730 2130 testamenti
2758 2091 2916 2141 supra
2943 2074 3263 2146 316vetns
3279 2089 3402 2142 pro-

1890 2178 2004 2234 pter
2030 2167 2462 2236 propitiutionem
2492 2175 2542 2219 et
2571 2167 3003 2220 sanctimoniam.

1823 2258 1910 2312 12.
1937 2259 2010 2313 De
2048 2260 2307 2330 sanguine
2342 2259 2567 2324 Christi,
2617 2260 2670 2312 in
2711 2275 2812 2327 quo
2853 2259 3179 2312 eondebatur
3209 2276 3398 2313 novum

1890 2360 2282 2414 testamentum,
2300 2349 2392 2418 qui
2415 2365 2590 2402 veram
2615 2347 2820 2401 inducit
2833 2349 3276 2416 puriﬁcationem,
3295 2365 3400 2402 non

1890 2439 2190 2508 frequentia
2236 2438 2506 2507 sacriﬁcia
2554 2454 2671 2509 qua:
2713 2438 2905 2507 ﬁebant
2954 2453 3043 2506 per
3090 2440 3401 2509 sanguinem

1889 2532 2229 2587 animalium.

1823 2623 1907 2677 l3.
1931 2622 2310 2677 Testimonium
2345 2620 2410 2675 de
2438 2620 2551 2674 sola
2594 2620 2970 2689 puriﬁcatione
2998 2631 3047 2675 et
3083 2637 3296 2675 accessu
3331 2624 3400 2675 ad

1892 2716 2085 2771 Deum.

1820 2809 1907 2863 Η.
1942 2807 2262 2861 Exhortatio
2292 2805 2360 2859 ad
2392 2805 2634 2859 virtutem
2663 2820 2730 2859 ex
2775 2805 2960 2860 timore
2994 2805 3162 2873 futuri
3183 2804 3398 2874 judicii.

1821 2986 1906 3040 15.
1928 2985 2080 3050 Quod
2110 2985 2306 3039 bonum
2335 2985 2548 3039 initium
2583 2984 2652 3039 ad
2687 2984 2879 3039 bonum
2904 2985 3062 3054 ﬁnem
3095 2985 3327 3041 deducit.

135 3168 230 3232 ις’.
270 3170 416 3236 Περὶ
454 3170 712 3236 πίστεως
743 3169 854 3239 τῆς
883 3171 978 3223 καὶ
1025 3171 1166 3234 τοὺς
1201 3167 1499 3234 παλαιοὺς
1537 3167 1713 3233 δοξα-

1821 3166 1908 3221 16.
1937 3166 2008 3222 De
2037 3166 2139 3235 ﬁde
2171 3181 2288 3236 quia
2321 3175 2516 3222 veteres
2539 3183 2740 3238 quoque
2767 3168 3108 3239 gloriﬁcavit.

201 3262 437 3328 σὰσης.

142 3351 222 3416 ιζ’.
267 3355 414 3421 Περὶ
453 3349 761 3420 ὑπομονῆς
791 3352 860 3404 ἐν
887 3350 1296 3419 ἀκολουθήσει
1330 3351 1612 3418 Χριστοῦ.

139 3454 224 3513 ιη’.
269 3447 414 3512 Περὶ
454 3444 885 3512 σωφροσύνης,
916 3443 1021 3508 ἕως
1050 3442 1258 3509 καιρὸς
1281 3441 1720 3509 κατορθώσεως,

209 3539 294 3605 μὴ
343 3538 742 3606 ἁποτύχωμεν
777 3534 970 3602 αὐτῆς
1011 3535 1092 3601 ὡς
1131 3534 1347 3600 Ἠσαῦ,
1401 3533 1483 3603 μὴ
1533 3533 1726 3602 εὑρὼν

210 3633 409 3684 τόπον
437 3629 782 3697 μετανοίας.

144 3723 228 3774 ιον.
257 3723 386 3774 Ὀτι
421 3719 790 3788 φοϐερώτερα
827 3716 946 3770 τῶν
985 3716 1085 3770 ἐπὶ
1137 3715 1434 3781 Μωῦσέως
1468 3715 1540 3769 τὰ
1577 3716 1724 3784 μέλ-

207 3819 426 3875 λοντα,
463 3811 562 3865 καὶ
591 3812 874 3876 πλείονος
902 3809 1043 3874 ἀξια
1068 3807 1348 3875 σπουδῆς
1376 3807 1448 3862 τὰ
1480 3807 1615 3861 νῦν.

147 4005 211 4051 u'.
255 3996 402 4064 Περὶ
441 3994 842 4063 φιλαδελφίας
872 3993 970 4047 και
1001 3991 1369 4062 φιλοξενίας.

147 4089 251 4142 ua’.
294 4087 437 4155 napi
496 4086 603 4140 τοῦ
641 4086 727 4154 μὴ
765 4083 1114 4154 σωματικῶς
1151 4083 1260 4151 ζῆν
1305 4082 1454 4136 κατὰ
1495 4086 1718 4149 νόμον,

214 4182 384 4236 ἀλλὰ
423 4178 834 4246 πνευματικῶς
868 4176 1020 4230 κατὰ
1049 4177 1306 4244 Χριστὸν
1333 4175 1403 4227 ἐν
1436 4171 1636 4242 ἀρετῇ.

154 4274 250 4342 ιβ’.
305 4269 480 4339 Βετχὴ
523 4271 669 4337 πρὸς
701 4269 807 4321 τὸν
856 4269 1005 4322 Θεὸν
1043 4269 1175 4337 περὶ
1227 4265 1335 4334 τῆς
1373 4268 1458 4331 εις
1505 4263 1726 4334 ἀρετὴν

219 4360 469 4432 ἀγωγῆς
491 4360 588 4414 καὶ
619 4361 981 4429 οἰκονομίας.

1825 3355 1910 3408 ΓΙ.
1939 3353 2010 3408 De
2034 3354 2292 3422 patientia
2323 3368 2388 3407 ea:
2418 3353 2714 3430 imitatione
2749 3353 2970 3408 Christi.

1825 3446 1911 3502 18.
1942 3448 2015 3500 De
2050 3446 2423 3513 temperantia,
2449 3446 2574 3498 dum
2603 3447 2810 3500 occasio
2834 3447 2997 3499 datur
3025 3448 3364 3502 correctionis
3384 3464 3403 3502 :

1895 3556 1960 3595 ne
1987 3556 2264 3595 careamus
2297 3557 2361 3595 ea
2391 3539 2446 3593 in
2487 3539 2698 3593 modum
2733 3539 2900 3606 Esau,
2935 3541 3025 3610 qui
3065 3541 3401 3609 postmodum

1896 3643 1997 3680 non
2030 3627 2224 3681 invenit
2256 3627 2580 3695 paenitentia:
2606 3626 2802 3682 lorum.

1825 3719 1912 3774 19.
1937 3720 2092 3784 Quod
2123 3719 2576 3790 [ormidabiliores
2606 3721 2712 3773 sint
2745 3720 2940 3789 futura:
2969 3735 3134 3788 paena:
3160 3721 3269 3774 illis
3286 3736 3404 3790 qua:

1895 3809 1990 3863 sub
2024 3809 2165 3864 ,ποστ
2209 3811 2606 3880 inﬂigebantur,
2657 3819 2706 3864 et
2765 3810 2906 3880 quod
2942 3810 3160 3879 dignum
3215 3811 3282 3863 sit
3345 3819 3404 3863 ut

1893 3903 2038 3955 circa
2067 3902 2350 3970 prasentia
2397 3902 2568 3969 majus
2600 3902 2916 3954 adhibeatur
2951 3902 3208 3954 studium.

1824 3993 1915 4048 20.
1937 3993 2011 4047 De
2043 3992 2278 4060 fraterno
2308 4007 2488 4045 amore
2518 4008 2579 4044 ac
2609 3990 2991 4058 hospitalitate.

1829 4085 1922 4139 21.
1948 4084 2020 4137 οε
2051 4099 2154 4136 non
2177 4082 2390 4136 vii-endo
2411 4084 2706 4136 carnaliter
2734 4083 2895 4152 juxta
2920 4082 3104 4152 legem,
3133 4081 3224 4137 sed
3253 4082 3407 4152 spiri-

1903 4176 2122 4228 tualiter
2143 4175 2430 4227 secundum
2462 4173 2733 4228 Christum
2756 4175 2809 4226 in
2835 4175 3047 4228 uirtute.

1831 4265 1922 4319 ΞΩ.
1947 4263 2194 4318 Precatio
2235 4265 2304 4317 ad
2344 4265 2533 4333 Deum,
2566 4273 2624 4318 nt
2663 4264 2734 4318 ad
2779 4266 3019 4318 virtutem
3056 4263 3407 4318 instituantur

1835 4365 1884 4411 et
1913 4358 2079 4412 debite
2105 4357 2478 4427 gubernentur.
