4144 6456
770 448 875 513 282

1786 437 2182 502 (ECUMENII
2229 437 2520 498 TRICC/E
2555 435 2901 500 EPISCOPI

3923 429 4037 494 284

774 562 1080 629 appellatur
1117 557 1183 611 ad
1211 551 1611 611 ostendendum
1645 565 1929 622 egressum
1960 567 2024 608 ex
2056 553 2212 606 Patre
2241 566 2337 604 ve-

2470 551 2676 620 ηπαρξιν
2718 547 2888 618 ίδικὴν
2927 542 3433 617 ἐμφιλοχωροῦσαν.
3469 545 3657 607 Οὕτως
3692 546 3721 597 ό
3749 544 3807 596 ἐν
3849 539 4039 607 ἁγίοις

776 653 872 705 luti
923 647 1326 720 quodammodo
1374 645 1439 699 ad
1476 643 1775 709 exteriora,
1826 658 2002 711 neque
2046 641 2154 696 ullo
2185 642 2347 695 modo

779 749 1089 810 separatum
1123 754 1153 791 a
1203 749 1436 807 persona
1463 732 1606 788 unde
1652 740 1760 793 est.
1802 747 1983 801 neque
2011 730 2238 786 omnino
2268 730 2351 786 di-

781 833 1076 894 minutum,
1114 829 1208 884 sed
1235 827 1609 880 demittentem
1659 838 1781 878 sese
1813 830 1871 875 ut
1903 821 2152 877 subesset
2189 831 2242 874 et
2295 821 2348 874 in

780 940 878 979 sua
911 921 1214 978 substantia
1245 920 1656 972 immoraretur.
1691 917 1764 967 Ita
1800 914 1962 967 habet
1995 914 2155 975 divus
2175 912 2354 984 Cyril-

782 1017 867 1072 lus
893 1016 1034 1069 libro
1055 1013 1248 1084 quinto
1276 1010 1348 1064 De
1373 1009 1656 1063 Trinitate.
1685 1004 1954 1074 Splendor
1984 1004 2354 1059 consubstan-

784 1109 1063 1162 tialitatem
1104 1113 1158 1160 et
1181 1101 1613 1158 coaeternitatem
1670 1097 1964 1168 signiﬁcat,
1993 1097 2097 1152 hoc
2131 1104 2236 1162 est,
2267 1095 2354 1151 lu-

783 1215 899 1253 cem
926 1199 992 1253 de
1028 1198 1171 1252 luce.
1200 1196 1473 1264 Expressa
1500 1193 1679 1262 imago
1708 1191 1823 1246 sive
1847 1190 2150 1245 similitudo
2167 1189 2354 1258 gloriae

783 1291 964 1344 Patris
1009 1297 1092 1344 est
1139 1287 1331 1342 Filius.
1369 1284 1502 1339 Nam
1559 1283 1754 1338 similis
1791 1292 1847 1336 et
1886 1280 2272 1351 inseparabilis
2322 1295 2352 1334 a

785 1381 944 1436 Patre
997 1390 1079 1435 est
1113 1377 1308 1443 Filius,
1339 1389 1393 1433 et
1419 1377 1583 1432 veluti
1633 1390 1735 1430 una
1796 1374 1967 1445 ﬁgura
2027 1375 2082 1427 in
2123 1373 2356 1428 diversis

2452 641 2720 712 Κύριλλος
2753 641 2810 693 ἐν
2837 639 3028 709 βιϐλίῳ
3072 639 3311 709 πέμπτῳ
3340 636 3479 705 Περι
3513 635 3783 702 Τριάδος.
3823 633 4041 688 Ἀπαύ-

2456 749 2666 802 γασμα,
2699 731 2760 784 τὺ
2790 730 3074 799 όμοούσιον
3111 731 3207 782 καὶ
3237 729 3506 782 ωναῖδιον
3540 729 3710 796 δηλοῖ,
3754 721 3870 779 οἷον
3914 725 4040 795 φῶς

2456 826 2521 876 ἐκ
2550 826 2759 892 (proﬁc.-
2778 821 3103 891 Χαρακτὴρ,
3132 816 3242 874 οἷον
3271 820 3520 890 ὁμοίωμα
3542 819 3639 886 τῆς
3669 818 3829 887 δόξης
3851 817 3885 870 6
3909 813 4043 881 Υῦς

2459 916 2554 969 τοῦ
2610 915 2841 984 Πατρός.
2868 914 3097 980 Ὀμοιος
3121 914 3229 984 γὰρ
3259 913 3354 966 καὶ
3392 912 3811 982 ἀπαράλλακτος
3836 915 3863 965 ό
3905 912 4041 975 Υἱὸς

2456 1007 2551 1060 τοῦ
2579 1006 2811 1076 Πατρός,
2838 1005 2931 1058 καὶ
2953 999 3064 1058 οἷον
3089 1003 3170 1068 εἷς
3201 1003 3486 1074 χαρακτὴρ
3508 1006 3566 1057 ἐν
3587 1003 3866 1074 διαφόροις
3902 1004 4042 1056 ὕποο

2461 1099 2702 1154 στάσεσι.
2735 1116 2753 1149 ι
2778 1097 2966 1168 Φέρων
2985 1115 3044 1150 τε
3071 1097 3140 1151 τὰ
3169 1098 3366 1151 πάντα.
3386 1115 3405 1149 ι
3434 1091 3559 1150 Οἷον
3586 1097 3656 1150 τὰ
3693 1095 3904 1166 ἀόρατα
3945 1097 4045 1149 καὶ

2455 1191 2524 1242 τὰ
2573 1189 2744 1261 ὁρατὰ
2779 1189 2836 1242 ἐν
2861 1187 2938 1258 τῷ
2975 1190 3181 1258 ῥήματι
3217 1188 3533 1260 περιφέρων
3580 1189 3674 1240 καὶ
3728 1186 4042 1254 κυϐερνῶν.

2470 1281 2650 1350 Ῥἦμα
2683 1279 2742 1332 δέ
2775 1275 2918 1345 εἷπε,
2946 1279 3163 1342 δεικνὺς
3194 1279 3372 1333 πάντα
3401 1277 3639 1342 εὐκόλως
3676 1280 3848 1332 αὑτὸν
3883 1277 4046 1345 ἄγειν

2463 1374 2558 1426 καὶ
2590 1372 2797 1443 φέρειν.

788 1474 1052 1543 personis.
1080 1472 1730 1527 «Moderareturomnian
1756 1468 1870 1524 Hoc
1897 1477 1984 1525 est
2005 1468 2238 1523 visibilis
2273 1475 2327 1523 et
2347 1468 2641 1523 invisibilia
2668 1468 2834 1522 verbo
2857 1466 3253 1523 circumferens
3273 1477 3324 1522 et
3340 1467 3672 1537 gubernans.
3691 1466 4046 1521 Dixitautem

785 1565 984 1627 Verbo,
1001 1565 1297 1620 ostendens
1311 1563 1456 1632 quod
1480 1561 1640 1616 facile
1657 1570 1854 1616 cuncta
1871 1560 2037 1614 ducat
2055 1569 2110 1616 et
2156 1560 2315 1616 ferat.

857 1658 901 1718 l.
936 1657 1056 1709 5-4.
1087 1656 1187 1709 Per
1223 1655 1556 1722 semetipsum
1601 1654 1912 1722 purgatione
1941 1652 2085 1720 facta
2116 1659 2357 1717 peccato-

788 1765 902 1800 rum
935 1757 1258 1809 nostrorum,
1313 1747 1550 1800 comedit
1608 1746 1661 1798 in
1699 1745 1916 1798 dextera
1955 1745 2253 1812 majestatis
2303 1745 2358 1797 in

787 1837 1004 1890 excelsis
1039 1853 1056 1900 ;
1109 1847 1252 1890 tanto
1299 1838 1641 1905 prazstantior
1678 1836 1854 1903 factus
1907 1836 2129 1904 angelis,
2167 1846 2363 1904 quanto

2527 1562 2606 1614 Δι’
2627 1561 2846 1616 ἑαυτοῦ
2879 1561 3251 1630 καθαρισμὸν
3277 1560 3687 1627 ποιησάμενος
3716 1561 3834 1612 τῶν
3857 1561 4050 1629 ἁμαρ-

2458 1653 2598 1706 τιῶν
2627 1652 2815 1721 ἡμῶν,
2839 1652 3122 1706 ἐκάθισεν
3140 1652 3210 1706 ἐν
3247 1652 3421 1720 δεειᾷ
3461 1652 3573 1718 τῆς
3595 1654 4049 1721 μεγαλωσύνης

2459 1745 2530 1798 ἐν
2580 1744 2865 1813 ὑψηλοῖς,
2915 1746 3186 1809 τοσούτῳ
3231 1745 3514 1812 κρείττων
3545 1747 3868 1812 γενόμενος
3923 1742 4050 1799 τῶν

2464 1837 2740 1907 ἀγγέλων
2763 1877 2778 1902 ,
2804 1837 2932 1905 ὅσῳ
2959 1837 3394 1908 διαφορώτερον
3421 1839 3555 1906 παρ’
3577 1838 3800 1904 αὐτοὺς
3822 1838 4049 1906 κεκλη-

788 1928 1043 1982 ea‘celsius
1070 1943 1179 1994 pne
1206 1929 1315 1981 illis
1343 1928 1677 1980 Im'reditario
1696 1929 1820 1996 jure
1839 1937 2023 1981 nactus
2055 1936 2132 1981 est
2158 1944 2362 1982 nomen.

2470 1929 2804 1998 ρονόμηκεν
2839 1929 3047 1998 ὄνομα.

863 2019 1100 2073 Locutus
1138 2020 1204 2072 de
1255 2017 1399 2072 nudo
1455 2018 1545 2072 Dei
1584 2017 1780 2085 Verbo,
1819 2019 1964 2074 venit
2012 2017 2078 2072 ad
2115 2019 2372 2073 incarna-

792 2110 1015 2172 tionem,
1045 2125 1111 2164 ne
1135 2111 1204 2164 ob
1247 2125 1435 2164 eorum
1469 2126 1590 2178 quae
1618 2111 1762 2164 dicta
1803 2117 1933 2164 sunt
1971 2109 2366 2164 sublimitatem

792 2200 1177 2253 obruerentur.
1233 2198 1338 2253 Per
1395 2202 1658 2268 seipsum,
1719 2199 1919 2270 inquit,
1973 2200 2074 2253 hoc
2119 2209 2222 2265 est,
2254 2216 2364 2254 non

792 2290 961 2342 alium
1010 2291 1156 2344 misit
1197 2291 1530 2354 ministrum,
1579 2289 1675 2345 sed
1709 2305 1806 2359 per
1836 2291 2076 2359 seipsum
2107 2299 2366 2359 operatus

792 2386 877 2432 est
900 2380 1296 2448 purgationem,
1323 2394 1417 2447 per
1447 2394 1664 2434 crucem
1696 2385 1750 2433 et
1779 2388 2007 2432 mortem
2039 2393 2216 2442 suam,
2240 2393 2364 2432 cum

794 2483 895 2523 nos
944 2484 971 2522 a
1033 2473 1270 2538 peccatis
1321 2472 1373 2523 in
1431 2471 1757 2539 baptismate
1807 2469 2112 2524 liberasset.
2148 2487 2166 2520 ι
2205 2468 2372 2538 Maje-

795 2559 975 2620 statis,
1019 2577 1037 2609 ›
1089 2561 1192 2613 hoc
1231 2567 1335 2624 est,
1360 2560 1557 2615 Patris.
1617 2558 1781 2614 Facta
1828 2559 1972 2613 enim
2021 2557 2253 2627 primum
2283 2573 2372 2614 re-

797 2646 1058 2700 missione
1107 2659 1480 2714 peccatorum,
1533 2661 1656 2701 cum
1709 2661 1872 2701 carne
1899 2661 1995 2701 sua
2033 2646 2281 2701 consedit
2312 2648 2366 2701 in

796 2737 1018 2791 dextera
1053 2737 1169 2792 Dei.
1211 2757 1228 2789 ι
1271 2738 1326 2792 In
1363 2739 1617 2794 excelsis.
1649 2757 1667 2790 ι
1707 2737 1882 2805 Super
1910 2753 2122 2800 omnes.
2165 2739 2366 2807 inquit,

796 2829 1064 2894 ascendit,
1099 2829 1164 2882 ad
1198 2830 1373 2899 ipsum
1401 2838 1683 2898 paternum
1712 2829 1987 2883 thronum.
2035 2828 2158 2883 Haec
2183 2838 2364 2884 autem

797 2921 1424 2976 consubstantialitatem
1456 2921 1790 2991 signiﬁcant.
1835 2939 1854 2971 ι
1893 2920 2070 2975 Tanto
2104 2929 2370 2990 prastan-

798 3014 907 3066 tior
959 3013 1138 3067 factus
1183 3014 1411 3082 angelis.
1444 3031 1462 3064 ι
1496 3011 1569 3067 De
1587 3014 1994 3081 dispensatione
2045 3014 2146 3082 ipsi
2189 3029 2368 3070 sermo

797 3115 902 3156 εει.
937 3102 1066 3155 Nam
1103 3118 1232 3156 caro
1255 3103 1426 3171 ipsius
1463 3103 1606 3156 facta
1627 3112 1709 3158 est
1741 3119 1754 3154 :
1787 3101 1927 3157 Deus
1953 3104 2095 3157 enim
2131 3102 2366 3158 Verbum

801 3212 905 3249 non
931 3205 1013 3251 est
1040 3196 1268 3260 factum,
1302 3197 1393 3252 sed
1441 3197 1703 3264 genitum.
1733 3194 1909 3250 Tanto
1948 3211 2078 3264 ergo
2101 3205 2370 3265 praestau-

2545 2019 2795 2091 Είρηκὼς
2828 2020 2958 2089 περὶ
2981 2018 3192 2089 γυμνοῦ
3220 2019 3316 2072 τοῦ
3368 2018 3507 2073 Θεοῦ
3539 2019 3723 2087 λόγου,
3753 2015 3923 2090 ἦλθεν
3962 2019 4047 2083 είς

2470 2112 2572 2183 τὴν
2599 2111 3034 2182 ἐνανθρὼπησιν,
3075 2111 3162 2165 ἵνα
3213 2113 3286 2181 μὴ
3317 2111 3394 2182 τῷ
3428 2111 3554 2181 ὕψει
3594 2111 3703 2165 τῶν
3732 2111 4050 2180 εἰρημένων

2475 2205 2834 2273 ίλιγγιάσωσι.
2881 2203 2957 2256 Δι’
2984 2203 3205 2268 ἑαυτοῦ,
3247 2205 3403 2273 φησὶ,
3427 2202 3728 2265 τουτέστιν,
3761 2203 3862 2255 οὐκ
3883 2202 4049 2256 ἄλλον

2470 2295 2684 2366 έπεμψε
2716 2294 3090 2358 διακονοῦντα,
3143 2294 3280 2349 ἀλλὰ
3319 2294 3385 2348 δι’
3438 2293 3635 2347 ἐαυτοῦ
3694 2292 4048 2363 καθαρισμὸν

2470 2389 2786 2455 εἰργάσατο,
2820 2387 2909 2441 διὰ
2942 2385 3037 2439 τοῦ
3066 2387 3303 2457 σταυροῦ
3338 2386 3432 2439 καὶ
3462 2384 3557 2439 τοῦ
3595 2384 3832 2438 θανάτου
3851 2384 4044 2447 αὐτοῦ,

2476 2477 2848 2548 ἐλευθερώσας
2869 2478 2979 2530 τῶν
3005 2475 3292 2549 ἁμαρτιῶν
3315 2477 3461 2548 ἡμᾶς
3485 2479 3542 2531 ἐν
3567 2477 3646 2548 τῷ
3675 2475 4047 2546 βαπτίσματι.

2479 2591 2499 2625 ι
2536 2572 2648 2642 Τῆς
2685 2570 3094 2641 μεγαλωσύνης,
3130 2589 3148 2622 ι
3200 2563 3332 2634 οἷον,
3375 2570 3480 2622 Τοῦ
3532 2569 3766 2638 Πατρός.
3817 2569 4048 2639 Πρῶτον

2467 2663 2575 2733 γὰρ
2605 2661 2799 2730 ἄφεσιν
2839 2661 3123 2732 ἁμαρτιῶν
3149 2661 3515 2730 ποιησάμενος
3538 2658 3678 2729 μετὰ
3699 2659 3802 2728 τῆς
3833 2659 4047 2730 σαρκὸς

2473 2754 2635 2808 αὑτοῦ
2681 2755 2933 2809 ἐκάθισεν
2963 2755 3019 2807 ἐν
3051 2754 3199 2822 δεξιᾷ
3226 2751 3319 2806 τοῦ
3343 2751 3501 2806 Θεοῦ.
3541 2771 3559 2802 ι
3607 2752 3696 2804 Ἑν
3730 2751 3981 2820 ὑψηλοῖς,
4025 2771 4041 2802 ι

2470 2850 2687 2904 πάντων
2716 2850 2918 2915 ἐπάνω,
2947 2850 3130 2919 φησιν,
3151 2849 3228 2910 είς
3248 2846 3410 2900 αὑτὸν
3435 2847 3524 2898 τὸν
3551 2845 3809 2916 πατρῷον
3832 2847 4046 2914 θρόνον.

2473 2942 2655 2994 Ταῦτα
2679 2941 2734 2993 δὲ
2777 2942 2835 2994 τὸ
2872 2939 3156 3009 ὁμοούσιαν
3205 2938 3375 3005 δηλοῖ.
3413 2956 3432 2988 ι
3468 2937 3721 3005 Τοσούτῳ
3777 2938 4049 3006 κρείττων

2473 3033 2761 3102 γενόμενος
2779 3031 2886 3084 τῶν
2917 3030 3186 3098 ἀγγέλων.
3203 3048 3220 3079 ι
3244 3028 3380 3099 Περὶ
3392 3029 3488 3097 τῆς
3515 3027 3828 3095 οἰκονομίας
3845 3030 3872 3079 ό
3890 3025 4050 3092 λόγος

2474 3121 2642 3190 αὐτῷ.
2696 3120 2760 3173 Ἢ
2814 3119 2923 3189 γὰρ
2978 3119 3114 3189 σὰρξ
3145 3118 3311 3172 αὑτοῦ
3367 3119 3604 3186 ἐγένετο.
3651 3117 3710 3170 Ὀ
3751 3116 3862 3186 γὰρ
3917 3115 4048 3177 Θεὸς

2475 3215 2648 3280 Λόγος
2686 3213 2746 3265 οὐ
2780 3212 3028 3280 γέγονεν,
3085 3211 3223 3264 ἀλλὰ
3283 3209 3624 3278 γεγέννηται.
3675 3207 3926 3277 Τοσούτῳ
3960 3206 4053 3261 οὖν

800 3288 908 3340 tior
945 3289 1089 3341 facto
1134 3296 1218 3342 est
1280 3303 1411 3342 caro
1467 3288 1585 3356 ejus
1647 3287 1782 3356 ipsis
1833 3287 2076 3356 angelis,
2109 3297 2365 3356 quantum

2481 3303 2747 3372 κρείττων
2774 3304 2807 3371 ἡ
2849 3301 2984 3370 σὰρξ
3012 3300 3175 3353 αὐτοῦ
3203 3300 3382 3353 αὐτῶν
3414 3300 3604 3368 γέγονε
3638 3299 3747 3353 τῶν
3779 3300 4050 3367 ἀγγέλων,

801 3379 928 3432 licet
954 3395 1019 3432 ex
1059 3379 1380 3433 excellentia
1403 3379 1684 3432 numinum
1717 3393 2071 3448 cognoscere.
2101 3380 2208 3433 Aut
2229 3379 2374 3448 quod

804 3470 1009 3523 dicitur
1036 3468 1257 3532 Factus.
1305 3485 1413 3524 non
1460 3470 1529 3524 de
1586 3484 1753 3525 carne
1791 3471 2052 3539 accipias,
2087 3487 2155 3526 ne
2193 3472 2374 3540 ipsum

802 3578 867 3614 ex
905 3562 1009 3615 hoc
1059 3561 1228 3615 dividi
1284 3562 1568 3616 existimes
1602 3579 1616 3616 :
1660 3561 1751 3616 sed
1793 3560 1860 3615 de
1889 3562 2148 3628 Christo,
2192 3565 2285 3633 qui
2320 3565 2374 3617 in

802 3669 910 3707 una
940 3654 1222 3724 hypostasi
1258 3653 1520 3708 adoratur
1542 3655 1707 3709 etiam
1741 3671 1866 3709 cum
1885 3669 2049 3710 carne
2072 3670 2191 3710 sua.
2236 3654 2370 3710 Nam

803 3745 892 3798 ubi
919 3747 1086 3799 semel
1119 3746 1171 3799 id
1200 3745 1344 3814 quod
1369 3746 1799 3814 dispensationis
1820 3755 1904 3802 est
1938 3747 2136 3815 attigit,
2165 3748 2373 3816 absque

803 3833 1005 3886 timore
1043 3847 1166 3902 quae
1206 3842 1329 3886 sunt
1379 3833 1602 3886 humilia
1666 3835 1922 3902 loquitur.
1960 3853 1977 3884 ι
2023 3834 2377 3888 Ηαπεόίιατὶο

799 3928 926 3994 jure
964 3934 1159 3980 nactus
1206 3934 1288 3979 est
1331 3940 1545 3979 nomen.
1584 3943 1602 3974 ι
1649 3923 1881 3977 Verbum
1922 3925 2088 3989 enim,
2125 3939 2249 3978 cum
2305 3925 2373 3978 ab

808 4017 965 4070 initio
1003 4031 1202 4070 nomen
1241 4016 1398 4084 321
1434 4015 1661 4069 haberet
1695 4013 1840 4078 Filii,
1870 4013 2034 4067 etiam
2065 4028 2190 4068 cum
2209 4029 2374 4069 carne

806 4108 937 4160 illud
967 4106 1180 4161 habuit.
1220 4106 1408 4159 Merito
1453 4121 1579 4173 ergo
1630 4104 1830 4158 dicitur
1859 4102 2215 4158 Haereditario
2250 4105 2374 4172 jure

804 4207 1000 4252 nactus
1056 4205 1138 4252 est
1173 4237 1186 4262 ,
1240 4203 1460 4264 propter
1514 4196 1965 4249 incarnationem.
2017 4193 2223 4248 Nactus
2288 4205 2373 4249 est

805 4303 986 4345 autem
1057 4289 1240 4343 vorari
1303 4289 1557 4343 Christus
1610 4287 1724 4342 Dici
1791 4288 1956 4356 igitur
2023 4288 2091 4341 de
2149 4288 2370 4342 Christo

2474 3394 2598 3447 ὅσον
2637 3395 2772 3459 ἐστὶ,
2815 3395 3002 3462 φησὶν,
3059 3394 3123 3444 ἐκ
3175 3392 3276 3460 τῆς
3322 3391 3432 3444 τῶν
3461 3392 3746 3458 ὀνομάτων
3779 3390 4050 3460 διαφορᾶς

2479 3485 2681 3550 γνῶναι
2705 3481 3262 3556 [ΟΙΚΟΥΜΕΝΙΟΥ.]
3290 3512 3360 3522 -
3399 3483 3469 3534 Ἦ
3503 3482 3563 3534 τὸ
3591 3481 3913 3549 Γενόμενος,
3953 3483 4053 3534 οὐκ

2476 3576 2567 3628 ἐπὶ
2601 3577 2796 3645 σαρκὸς
2817 3575 3090 3638 ἐκλάὸοις,
3125 3576 3212 3627 ἵνα
3238 3575 3311 3645 μὴ
3345 3574 3575 3644 διαιρεῖν
3618 3572 3902 3643 νομισθῇς,
3931 3574 4045 3628 ἀλλ’

2476 3667 2567 3718 ἐπὶ
2608 3670 2700 3720 τοῦ
2735 3667 2972 3738 Χριστοῦ
3006 3667 3100 3719 τοῦ
3154 3667 3211 3718 ἐν
3239 3668 3334 3734 μιᾷ
3359 3666 3656 3718 ὑποστάσει
3705 3681 4053 3731 προσκυνου-

2487 3756 2671 3827 μένου,
2699 3759 2790 3810 καὶ
2833 3757 2970 3825 μετὰ
3003 3759 3101 3824 τῆς
3130 3754 3330 3824 σαρκὸς
3359 3753 3544 3809 αὑτοῦ.
3581 3752 3767 3816 Ἀπαξ
3805 3753 3916 3822 γὰρ
3954 3754 4053 3820 τῆς

2480 3850 2792 3919 οἰκονομίας
2827 3847 3241 3916 ἐπιλαϐόμενος,
3277 3846 3444 3908 ἀδεῶς
3469 3844 3536 3898 τὰ
3561 3843 3790 3897 ταπεινὰ
3820 3843 4057 3911 φθέγγε-

2477 3959 2588 3994 ται.
2659 3961 2674 3992 ι
2723 3940 3218 4010 Κεκληρονόμηκεν
3273 3939 3463 4005 ὄνομα.
3528 3954 3545 3987 ι
3607 3937 3680 3990 Τὸ
3716 3935 3849 4005 γὰρ,
3907 3936 4054 3998 Υἱὸς,

2475 4033 2644 4103 ὄνομα
2684 4033 2822 4102 ἔχων
2855 4031 2950 4085 ἀπ’
2980 4031 3155 4100 ἀρχῆς
3185 4031 3212 4082 ό
3243 4030 3434 4097 Λογὸς,
3477 4029 3571 4082 καὶ
3628 4028 3764 4096 μετὰ.
3798 4029 3898 4095 τῆς
3932 4046 4057 4096 crap-

2487 4125 2602 4187 κὸς,
2632 4123 2797 4177 αὐτοῦ
2853 4123 3031 4192 ἔσχεν.
3071 4121 3310 4182 Εἰκότως
3361 4118 3453 4172 οὖν
3497 4121 3580 4184 τὸ,
3615 4119 4056 4186 Ἐκληρονόμηστ

2477 4217 2682 4276 κεῖται,
2726 4215 2800 4276 ὼς
2853 4214 2939 4267 διὰ
2977 4213 3074 4282 τὴν
3137 4210 3572 4280 ἐνανθρώπησιν.
3616 4208 4055 4277 Ἐκληρονόμητε

2485 4307 2564 4369 δὲ,
2591 4307 2652 4358 τὸ
2681 4305 2935 4372 λέγεσθαι
2994 4303 3247 4374 Χριστός.
3291 4302 3592 4369 Ἐκτήσατο
3630 4297 3743 4362 οὖν,
3768 4300 3794 4351 δ
3824 4301 3922 4351 καὶ
3953 4303 4057 4352 7:5.-

805 4383 948 4453 quod
1013 4380 1356 4434 haereditario
1415 4380 1541 4446 jure
1605 4387 1801 4432 nactus
1872 4386 2009 4442 est,
2098 4379 2372 4446 signiﬁcat

2472 4399 2561 4451 λαι
2581 4393 2746 4466 εἶχεν.
2783 4400 3028 4462 Ἄλλως.
3065 4397 3128 4449 Ἣ
3153 4395 3484 4464 κληρονομία
3515 4394 3717 4462 κυρίως
3749 4391 3860 4444 τῶν
3895 4410 4060 4462 προσ-

809 4489 932 4526 eum
968 4471 1340 4540 acquisivissc
1371 4471 1501 4524 illud
1559 4470 1704 4539 quod
1768 4470 1878 4537 jam
1932 4471 2367 4525 olimhabuerat.

2473 4489 2719 4556 ηκόντων
2807 4487 3013 4554 γίνεται
3045 4529 3058 4550 ,
3113 4485 3228 4540 ἀλλ’
3280 4486 3341 4538 οὐ
3419 4485 3528 4538 τῶν
3589 4485 4053 4553 ἠλλοτριωμένων,

809 4564 928 4616 Alio
956 4562 1128 4616 modo.
1193 4560 1489 4614 Haereditas
1529 4574 1717 4614 eorum
1765 4566 1993 4627 estquae
2036 4559 2160 4627 jure
2206 4560 2365 4614 obve-

2484 4579 2949 4648 Ἐκληρονόμησεν
2988 4577 3100 4638 οὖν,
3138 4577 3276 4644 ὅπερ
3310 4575 3515 4629 ἄνωθεν
3568 4576 3695 4643 ἐνῆν
3744 4575 3823 4642 τῷ
3880 4577 4056 4644 Λόγῳ,

813 4657 988 4715 ηίυηῑν
1021 4661 1074 4708 ει
1106 4669 1214 4707 που
1255 4667 1376 4722 (ιυεε
1411 4653 1585 4706 aliena
1632 4659 1782 4705 δυηί·
1834 4651 2023 4721 "aque
2048 4653 2192 4720 Ψιοά
2218 4667 2248 4705 θ
2283 4669 2372 4708 δυ·
2401 4619 2445 4674 D
2482 4619 2680 4720 τοῦτόν
2701 4619 3024 4735 καῖενεχθέν
3060 4619 3127 4718 δί’
3161 4619 3349 4729 αὐτ-οὖ,
3417 4664 3512 4717 καὶ
3560 4665 3593 4734 ἡ
3647 4619 4057 4732 προσ-ληφθέντα

810 4749 994 4816 pernis
1040 4745 1217 4800 Verbo
1255 4744 1614 4798 conveniebat
1641 4743 1748 4811 9,ἱιΙ
1813 4743 2024 4798 inferne
2075 4744 2365 4797 deductum

2483 4757 2640 4826 σάρξ.
2657 4757 2722 4809 Τί
2751 4757 2806 4808 δέ
2830 4758 2944 4808 ἐστι
2977 4755 3134 4808 τοῦτο
3156 4772 3169 4819 ;
3195 4755 3268 4808 Τδ
3295 4755 3442 4820 Υίδς,
3478 4756 3540 4809 τὸ
3559 4755 3813 4823 λέγεσθαι
3835 4757 3931 4809 τὸν
3957 4757 4059 4809 τῶν

811 4843 1019 4910 accepit
1074 4857 1168 4910 per
1216 4841 1393 4909 ipsum
1452 4841 1614 4893 etiam
1681 4846 1960 4906 assumpta
2014 4853 2162 4892 caro.
2221 4836 2365 4903 Quod

2484 4847 2624 4899 ὅλων
2662 4846 2795 4899 Θεὸν
2836 4847 3057 4917 Πατέρα
3082 4847 3276 4916 αὐτῆς,
3317 4848 3377 4899 τὸ
3406 4847 3722 4916 Γεγέννηκά
3761 4865 3844 4899 σε.
3879 4849 3954 4900 Τὸ
3979 4849 4055 4906 δὲ.

810 4944 994 4987 autem
1036 4940 1120 4987 est
1169 4932 1340 4986 illud?
1397 4930 1587 4995 Filius,
1646 4930 1814 4985 Deum
1861 4931 2243 4984 universorum
2282 4931 2365 4998 qui

2491 4939 2763 5008 Σήμερον,
2787 4939 2848 4991 οὐ
2879 4939 3070 5009 χρόνου
3098 4939 3420 5009 δηλωτικὸν,
3458 4938 3593 4992 ἀλλὰ
3641 4937 3735 4990 τοῦ
3767 4941 3908 5007 μηδὲ
3933 4957 4057 4993 ποτε

813 5029 972 5080 Pater
1002 5033 1088 5079 est
1110 5026 1282 5094 ipsius
1305 5039 1521 5093 quoque
1543 5023 1723 5076 carnis
1746 5034 1848 5087 est,
1881 5023 2067 5075 dicere
2094 5021 2267 5076 Genui
2301 5029 2365 5074 te.

2482 5030 2816 5083 διεσπάσθαι
2868 5029 2957 5082 τὸν
2993 5029 3213 5099 Πατέρα
3245 5030 3343 5098 τῆς
3393 5030 3748 5099 γνησιότητος
3775 5030 3879 5098 τῆς
3931 5032 4058 5100 πρὸς

811 5114 968 5178 Quod
1000 5121 1180 5166 autem
1216 5113 1292 5165 ait
1326 5127 1339 5164 :
1379 5111 1571 5176 Hodie,
1616 5125 1723 5164 non
1762 5110 2024 5178 temporis
2053 5109 2365 5178 signiﬁcati-

2475 5119 2566 5172 τὸν
2595 5118 2741 5173 Υίόν.
2775 5111 2900 5171 Οἷον
2949 5118 3085 5182 Ἀεὶ,
3112 5117 3297 5187 φησιν,
3328 5113 3500 5179 οὕτως
3528 5115 3663 5186 πρὸς
3683 5115 3741 5170 σέ
3760 5116 4057 5189 διάκειμαι,

813 5219 940 5258 vum
967 5210 1073 5268 est,
1117 5202 1210 5255 sed
1246 5202 1386 5270 quod
1422 5216 1699 5270 nunquam
1749 5209 2032 5268 separatus
2087 5200 2188 5252 l'uit
2222 5197 2365 5251 Palul

2478 5210 2578 5280 οὐχ
2604 5210 2679 5272 ὡς
2707 5209 3080 5280 παρελθούσης
3103 5210 3203 5278 τῆς
3238 5210 3570 5278 γεννήσεως,
3597 5197 3805 5272 ἀλλ’ὡς
3835 5209 4057 5280 ἐνεστη-

815 5313 844 5349 a
887 5296 1123 5365 legitima
1174 5294 1436 5363 paternali
1485 5293 1801 5347 habitudine
1849 5306 2011 5361 quam
2053 5291 2216 5345 habet
2255 5305 2365 5358 erg:

2484 5301 2644 5363 κυίας
2694 5301 2984 5361 διαπαντὸς
3039 5301 3134 5353 καὶ
3165 5299 3288 5353 καθ’
3324 5300 3560 5367 ἑκάστην
3599 5299 3794 5369 ἀρχὴν,
3848 5301 3962 5353 ἀλλ’
4000 5302 4057 5353 οὗ

815 5389 1032 5442 Filium.
1079 5390 1155 5442 Ac
1214 5390 1259 5441 si
1306 5389 1551 5442 diceret:
1587 5386 1812 5455 Semper
1843 5387 1946 5439 hoc
1973 5384 2133 5438 modo
2163 5398 2291 5453 erga
2327 5393 2365 5437 ιε

2487 5393 2636 5455 τέλος
2663 5391 3068 5462 λαμϐανούσης.
3110 5392 3306 5444 Σκόπει
3327 5391 3404 5454 δὲ,
3449 5391 3521 5459 μή
3559 5406 3688 5441 ποτε
3716 5389 3924 5458 μᾶλλον
3963 5393 4053 5444 οὗ·

815 5482 1042 5537 aﬁ'ectus
1082 5497 1201 5536 sum
1231 5495 1244 5534 :
1281 5497 1386 5535 non
1419 5479 1574 5549 quasi
1609 5480 1905 5533 accesserit
1944 5479 2245 5548 generatio,
2283 5475 2365 5530 seti

2492 5497 2597 5544 τως
2619 5481 2854 5550 ἁρμόζῃ,
2885 5480 3053 5550 ἄμφω
3086 5480 3182 5548 μέν
3208 5477 3460 5547 εἰρῆσθαι
3482 5477 3576 5529 ἐπὶ
3598 5475 3693 5527 τοῦ
3715 5477 3979 5544 Χριστοῦ,
4002 5478 4057 5529 τό

813 5572 959 5640 quod
983 5579 1287 5640 perseveret
1309 5586 1520 5638 semper
1541 5579 1594 5624 et
1612 5570 1929 5624 continuum
1949 5570 2213 5623 sortiatur
2230 5567 2365 5637 prius

2490 5591 2550 5627 τε
2581 5574 2705 5635 Υἱός
2740 5590 2840 5642 μου
2870 5569 2920 5626 εἴ
2950 5574 3036 5636 σὺ,
3070 5573 3165 5625 καὶ
3194 5573 3276 5635 τὸ,
3316 5569 3458 5637 Ἐγὼ
3483 5570 3722 5638 σήμερον
3754 5570 4057 5639 γεγέννηκά

815 5665 1038 5732 cipium,
1075 5663 1394 5730 nullumque
1437 5661 1618 5715 ﬁnem.
1652 5661 1956 5715 Considera
1994 5675 2124 5714 vero
2179 5674 2245 5713 ne
2275 5674 2365 5728 qut

2495 5682 2574 5717 σε.
2618 5664 2779 5717 Ἀλλὰ
2835 5664 2896 5716 τὸ
2949 5664 3065 5732 μὲν,
3110 5663 3236 5726 Υἱός
3280 5679 3380 5729 μου
3418 5656 3489 5724 εἴ,
3546 5660 3680 5712 καθὸ
3731 5661 3927 5727 λόγος·
3964 5662 4057 5730 τὴν

817 5754 976 5806 modo
1035 5753 1107 5806 ita
1165 5767 1344 5821 potius
1397 5753 1633 5820 atlaptet,
1670 5760 1727 5804 ut
1762 5754 1920 5803 amho
1973 5749 2192 5819 quidem
2234 5748 2365 5802 dict:

2490 5755 2660 5807 ἀΐδιον
2705 5754 2814 5822 γὰρ
2858 5753 2946 5807 διὰ
2986 5753 3077 5806 τοῦ
3117 5749 3200 5816 Εἴ,
3238 5750 3489 5821 γέννησιν
3517 5750 3769 5817 σημαίνει
3808 5767 3822 5782 ο
3858 5751 3918 5803 τὸ
3963 5753 4043 5813 δὲ,

817 5846 924 5900 sint
957 5850 1021 5899 de
1053 5843 1294 5909 Christo,
1316 5851 1389 5908 ct,
1419 5841 1588 5897 Filius
1621 5857 1771 5898 meus
1794 5858 1851 5898 cs
1882 5850 1957 5907 tu,
1991 5851 2040 5898 et
2071 5841 2201 5911 Ego,
2228 5840 2365 5896 hodi:

2495 5845 2742 5916 Σήμερον
2793 5845 3098 5914 γεγέννηκά
3155 5860 3232 5910 σε,
3271 5842 3404 5896 καθὸ
3438 5841 3569 5912 σὰρξ
3613 5842 3708 5913 τὴν
3745 5844 3852 5912 γὰρ
3903 5845 4053 5912 πρόσ-
