4144 6456
144 401 260 462 295

1149 404 1538 464 COMMENT.
1590 403 1671 463 ΙΝ
1721 400 1961 463 EPIST.
2016 407 2116 466 AD
2156 407 2388 468 HEBR.

3302 410 3407 473 28'}

145 528 321 580 ςατον
347 487 893 582 γέννησινέμφαίνει.
943 512 1177 585 Εὑδοκίᾳ
1233 515 1341 582 γὰρ
1384 514 1477 567 τοῦ
1514 515 1718 585 [ἰατρὸς

1832 516 1993 583 genui
2034 523 2088 571 te
2122 534 2133 569 :
2171 519 2263 573 sed
2297 519 2453 587 illud,
2485 518 2657 574 Filius
2683 534 2837 576 meus
2867 537 2948 585 es,
2972 528 3243 589 quatenus
3268 522 3409 577 Ver-

144 604 502 672 γεγέννηται.
543 605 767 675 Πνεῦμα
813 606 945 675 γὰρ,
988 608 1155 676 φησὶν
1210 609 1238 660 6
1288 606 1540 674 ἄγγελος,
1571 607 1726 674 ἅγιον

143 696 509 749 ἐπελεύσεται
541 697 636 750 ἐπὶ
655 698 737 763 σὲ,
770 691 888 751 εἶτα
918 698 1013 751 καὶ
1052 697 1280 770 δύναμις
1320 698 1576 769 Ὑψίστου
1604 700 1727 752 ἑπι-

144 802 368 840 σκιασει
403 804 507 841 σοι.

744 1090 993 1146 ΚΕΦΔΛ.
1033 1091 1107 1146 Β⁴.

146 1207 278 1258 Ὀτι
303 1208 385 1277 ,οὐ
413 1206 791 1277 λειτουρτιίκὴ
808 1207 846 1273 ἡ
874 1206 1023 1269 δόξα
1052 1206 1329 1277 Χριστοῦ.
1365 1208 1526 1262 ἀλλὰ
1551 1209 1722 1277 Oetaei)

214 1276 318 1327 arat
345 1275 628 1344 ξοιητική
646 1294 659 1307 ·
694 1276 782 1328 διὸ
810 1277 920 1330 οὐκ
948 1277 1045 1329 ἐπὶ
1066 1276 1170 1329 τοῦ
1191 1278 1489 1343 παρόντος
1508 1275 1723 1344 αἰῶνος

213 1347 289 1397 ἐν
342 1338 393 1411 ᾧ
431 1349 485 1417 o_l
518 1345 870 1415 λειτουργυὶ,
909 1345 1047 1400 ἀλλ’
1076 1345 1173 1399 ἐπὶ
1230 1338 1341 1415 τῆς
1372 1338 1725 1417 μελλούσης

211 1414 598 1483 οἰκουμένης.

215 1527 340 1581 τίνι
366 1528 476 1599 γὰρ
506 1525 627 1581 εἶπέ
659 1544 795 1581 ποτε
817 1529 927 1582 τῶν
966 1528 1237 1596 ἀγγέλων,
1271 1529 1399 1591 Υίός
1426 1546 1528 1599 μου
1557 1525 1607 1583 εἴ
1634 1532 1719 1592 σὺ,

143 1621 255 1689 ἐγὼ
282 1622 530 1691 σήμερον
558 1620 866 1690 γεγέννηκά
885 1635 979 1673 σεο
1005 1621 1102 1673 καὶ
1123 1620 1288 1674 πάλιν
1314 1637 1329 1653 ”
1372 1621 1722 1692 Ἐγὼέσομαι

143 1711 299 1782 σὺτῷ
339 1714 422 1772 εἰς
474 1709 713 1780 Πατέρα,
767 1710 861 1763 καὶ
886 1710 1051 1774 αὐτὸς
1108 1711 1262 1765 ἔσται
1328 1730 1419 1781 μοι
1452 1715 1530 1776 είς
1571 1713 1717 1767 Υἱόν.

145 1803 318 1855 Ὅταν
356 1802 417 1854 δὲ
450 1802 612 1855 πάλιν
640 1802 910 1875 είσαγάγῃ
947 1804 1040 1855 τὸν
1100 1802 1447 1871 πρωτότοκον
1494 1804 1575 1865 είς
1620 1803 1719 1873 τὴν

139 1892 512 1962 οἰκουμένην,
579 1893 750 1960 λέγει,
821 1893 931 1946 Καὶ
960 1894 1501 1962 προσκυνησάτωσαν
1571 1892 1722 1963 αὐτῷ

142 1985 349 2046 πάντες
381 1985 605 2053 ἄγγελοι
638 1985 793 2039 Θεοῦ.
833 1987 945 2040 Καὶ
977 1986 1115 2059 πρὸς
1156 1985 1257 2057 μὲν
1296 1986 1425 2049 τοὺς
1453 1986 1723 2054 ἀγγέλους

141 2073 314 2140 λέγει’
363 2075 425 2125 ’0
451 2075 621 2128 ποιῶν
654 2076 780 2137 τοὺς
802 2074 1069 2145 ἀγγέλους
1100 2074 1266 2129 αὑτοῦ
1295 2074 1605 2145 πνεύματα,
1627 2075 1723 2129 καὶ

138 2167 270 2228 τοὺς
298 2165 656 2235 λειτουργοὺς
694 2166 858 2221 αὐτοῦ
886 2168 1060 2238 πυρὸς
1094 2167 1291 2235 φλόγα.

223 2255 576 2324 Ἦκούσαμεν
603 2258 696 2310 καὶ
727 2258 1006 2327 ἄνθρωποι
1046 2259 1173 2322 υίοὶ,
1201 2258 1337 2313 ἀλλά
1372 2260 1517 2315 κατά
1534 2261 1720 2335 χάριν.

140 2350 204 2403 Ol
232 2350 290 2404 δὲ
320 2350 546 2420 ἀγγελοι
568 2351 667 2405 οὐκ
690 2352 952 2422 ἥκουσαν,
984 2352 1071 2407 ἵνα
1101 2352 1177 2425 μὴ
1202 2353 1263 2407 τὸ
1301 2354 1589 2424 μεγαλεῖον
1628 2356 1723 2411 αὖ·

142 2441 273 2507 τῶν,
309 2442 386 2513 μὴ
419 2442 731 2510 ὲπιδέξηται
757 2444 818 2497 τὸ
846 2444 989 2499 κατά
1013 2444 1198 2516 χάριν,
1226 2446 1365 2501 ἀλλά
1386 2448 1529 2501 κατά
1559 2446 1723 2516 φύσιν

139 2534 404 2605 νομισθῇ.
441 2534 500 2589 '0
529 2536 588 2588 δὲ
627 2535 863 2606 Χριστὸς
900 2538 960 2591 οὑ
990 2537 1136 2592 κατά
1185 2539 1367 2611 χάριν,
1404 2540 1542 2593 ἀλλά
1579 2541 1723 2595 κατά

144 2626 330 2693 φύσιν.
371 2644 391 2678 ι
440 2626 581 2695 Ἐγὼ
613 2630 852 2698 σήμερον
888 2629 1198 2698 γεγέννηκά
1240 2648 1322 2685 σε.
1364 2652 1384 2685 ι
1413 2632 1723 2687 Οίκειοῢται

140 2720 170 2770 6
194 2718 393 2788 Πατὴρ
427 2718 527 2789 τὴν
581 2720 724 2773 κατά
777 2721 956 2790 σάρκα
994 2721 1248 2791 γέννησιν
1293 2722 1387 2777 τοῦ
1448 2723 1592 2777 ficii.
1624 2723 1722 2777 Διά

142 2807 301 2863 τοῦτο
325 2805 450 2862 εἷπε
486 2810 566 2875 τὸ,
590 2811 862 2882 Σήμερον.
898 2811 1085 2876 Οὕτως
1114 2813 1142 2865 6
1172 2814 1228 2865 έν
1275 2814 1453 2881 ἁγίοις
1497 2813 1725 2868 Ἀθανά-

146 2916 284 2961 σιος.
336 2919 357 2951 ι
401 2901 638 2971 Ἐσομαι
668 2902 817 2973 αὺτῷ
844 2905 924 2964 είς
949 2903 1191 2971 Πατέρα.
1233 2923 1251 2956 ›
1283 2904 1396 2959 Καὶ
1424 2904 1586 2958 τοῦτο
1618 2906 1723 2960 πά-

143 2993 227 3045 λιν
284 2994 440 3059 δέξαι
478 2994 555 3056 ὡς
596 2994 969 3063 οἰκειουμένου
1038 2995 1132 3049 τοῦ
1183 2997 1398 3065 Πατρδς
1439 2996 1539 3068 τὴν
1580 2997 1724 3050 κατὰ

144 3085 326 3155 σάρκα
374 3084 634 3154 γέννησιν
689 3084 785 3138 τοῦ
821 3084 973 3141 Υῐοῦ.
1004 3087 1079 3140 Τὸ
1111 3087 1243 3158 γὰρ.
1274 3086 1493 3155 ἔσομαι,
1532 3087 1722 3155 σαφῶς

1831 608 1957 662 bum
1985 618 2070 664 est
2100 628 2113 665 :
2148 620 2404 665 aeternam
2435 614 2579 668 enim
2613 613 2886 685 signiﬁcat
2930 618 3264 672 nativitatem
3302 618 3400 684 Es;

1831 698 1931 753 hoc
1975 708 2157 754 autem
2196 700 2367 756 Hodie
2397 706 2557 772 genui
2587 717 2659 771 te,
2710 706 2869 773 juxta
2910 721 3129 761 carnem
3166 725 3179 760 :
3213 724 3406 765 recen-

1830 795 1936 841 tem
1987 804 2223 859 namque
2270 791 2522 861 designat
2562 796 2923 851 nativitatem.
2958 797 3175 851 Etenim
3223 800 3403 855 Patris

1827 879 2170 949 beneplacito
2222 892 2382 938 natus
2416 894 2519 939 est.
2564 904 2581 936 ι
2622 886 2858 954 Spiritus
2908 898 3164 954 sanctus,
3226 892 3402 960 inquit

1828 974 2076 1041 angelus,
2102 978 2451 1044 superveniet
2482 977 2533 1030 in
2573 987 2681 1041 te;i
2720 978 2916 1034 deinde
2948 983 3109 1036 etiam
3138 1000 3150 1035 ε
3183 980 3403 1039 «Virtus

1824 1063 2089 1119 Altissimi
2129 1067 2475 1122 obumbrabit
2510 1070 2603 1122 tibi
2639 1072 2734 1124 Μ.
2774 1090 2793 1123 ι

2409 1160 2637 1216 CAPUT
2678 1162 2743 1218 ll.

1829 1244 1983 1311 Quod
2018 1263 2118 1298 non
2146 1249 2215 1300 sit
2235 1249 2602 1303 ministerialis
2643 1252 2817 1317 gloria
2847 1253 3069 1315 Christi,
3108 1255 3195 1307 sed
3222 1256 3401 1310 divina

1896 1325 1945 1367 et
1976 1317 2156 1382 efﬁcax
2190 1333 2209 1370 :
2240 1319 2355 1370 ideo
2408 1335 2509 1370 non
2563 1323 2809 1385 prazsenti
2854 1327 3046 1376 swculo
3076 1323 3296 1389 habitet,
3346 1329 3402 1379 in

1894 1400 1995 1451 quo
2027 1396 2148 1438 sunt
2181 1389 2539 1452 ministri,sed
2572 1391 2625 1442 in
2662 1391 2865 1458 futuro.

1896 1530 1938 1593 l,
1968 1528 2086 1584 5-7.
2129 1528 2270 1583 Nam
2300 1532 2387 1584 cui
2408 1532 2545 1585 dixit
2575 1549 2804 1603 unquam
2834 1537 3141 1603 angelorum
3172 1552 3191 1589 :
3232 1535 3401 1589 Filius

1829 1636 1972 1674 meus
2023 1637 2076 1674 es
2112 1632 2187 1686 tu,
2225 1639 2316 1690 ego
2349 1624 2502 1677 hodie
2533 1627 2689 1692 genui
2748 1626 2841 1679 te?
2871 1627 2948 1679 Ac
2986 1643 3197 1679 rursum
3228 1643 3245 1679 .·
3292 1627 3401 1696 Ego

1823 1725 1911 1763 ero
1933 1712 1979 1763 ei
2002 1710 2181 1775 Pater,
2217 1724 2265 1766 et
2299 1714 2388 1767 ille
2423 1717 2521 1767 erit
2560 1716 2685 1768 mihi
2708 1717 2878 1771 Filius
2902 1718 2924 1769 ?
2950 1715 3175 1771 Rursum
3200 1729 3399 1784 autem,

1828 1818 1945 1856 cum
2006 1804 2205 1857 inducit
2265 1805 2686 1875 Primogenitum
2751 1810 2805 1861 in
2870 1809 3043 1863 orbem
3097 1821 3399 1877 terrarum,

1827 1896 1996 1949 dicit:
2034 1894 2101 1948 Et
2131 1903 2347 1950 adorent
2372 1914 2491 1951 eum
2521 1916 2696 1953 omnes
2722 1901 2896 1968 angeli
2939 1901 3053 1955 Dei.
3087 1905 3155 1955 Et
3199 1904 3266 1953 ad
3296 1919 3400 1955 au-

1822 1984 1963 2055 gelos
1993 1985 2200 2055 quidem
2235 1989 2309 2040 ait
2340 2002 2361 2047 :
2393 1984 2499 2053 Qui
2525 1990 2656 2057 facit
2687 1993 2901 2062 angelos
2919 2008 3041 2046 suos
3066 1994 3315 2062 spiritus,
3349 2001 3399 2048 ct

1824 2076 2092 2129 ministros
2125 2093 2247 2131 suos
2264 2078 2537 2146 ﬂammam
2571 2082 2729 2146 ignis.

1891 2258 2052 2329 322
2091 2259 2416 2317 Audivimus
2475 2272 2530 2317 et
2583 2278 2683 2317 nos
2744 2265 2837 2333 qui
2875 2264 3122 2320 homines
3180 2282 3397 2333 sumus,

1823 2346 1943 2411 ﬁlii.
1975 2365 2159 2403 verum
2194 2366 2292 2420 per
2320 2354 2574 2420 gratiam.
2605 2352 2794 2424 Angeli
2831 2370 2959 2408 vero
2986 2357 3037 2408 id
3071 2372 3176 2410 non
3202 2358 3393 2412 audie-

1821 2450 1973 2505 runt,
2007 2458 2075 2496 ne
2114 2443 2425 2497 sublimitas
2482 2444 2728 2512 ipsorqu
2773 2459 2881 2498 non
2923 2460 2986 2498 ex
3037 2448 3210 2515 gratia
3250 2462 3391 2513 esse,

1824 2531 1921 2588 sed
1954 2548 2019 2588 ex
2068 2542 2263 2587 natura
2286 2534 2717 2592 existimaretur.
2750 2537 3012 2593 Christus
3038 2554 3164 2594 vero
3201 2545 3402 2593 non'ex

1821 2624 2018 2693 gratia.
2052 2625 2144 2679 sed
2176 2642 2238 2680 ex
2271 2634 2487 2681 natura.
2528 2644 2547 2678 ι
2585 2625 2697 2696 Ego
2746 2627 2906 2681 hodie
2932 2630 3095 2696 genui
3133 2639 3205 2685 te.
3239 2649 3255 2681 ι
3300 2631 3402 2700 Ap-

1822 2716 2066 2785 propriat
2105 2716 2209 2770 sibi
2243 2716 2402 2770 Pater
2432 2719 2770 2773 nativitatem
2817 2718 2937 2773 Filii
2971 2722 3125 2788 juxta
3150 2736 3396 2787 carnem,

1824 2814 2114 2876 propterea
2148 2806 2287 2861 dixit
2320 2824 2334 2860 :
2370 2809 2558 2863 llodie.
2616 2809 2693 2863 lta
2752 2810 2913 2865 habet
2945 2811 3102 2867 divus
3152 2814 3395 2867 Athana-

1824 2898 1962 2953 sius.
1997 2918 2015 2951 ι
2054 2898 2163 2968 Ego
2194 2916 2288 2955 ero
2318 2901 2366 2955 ei
2404 2900 2584 2956 Pater.
2636 2921 2653 2952 ι
2702 2902 2874 2955 Etiam
2912 2904 3011 2956 hoe
3045 2920 3262 2957 rursum
3301 2920 3397 2957 ac-

1822 2986 1992 3055 cipito
2023 2997 2280 3057 tanquam
2320 3005 2348 3042 a
2374 2989 2532 3045 Putre
2563 2992 2950 3061 appropriante
2974 2992 3075 3045 sibi
3103 2991 3217 3045 Filii
3237 2992 3399 3060 juxta

1824 3092 2041 3132 carnem
2085 3081 2447 3136 nativitatem.
2502 3083 2662 3149 Nam,
2710 3083 2839 3148 Ero,
2878 3083 3168 3137 manifeste
3201 3084 3407 3137 dicitur

146 3179 235 3230 ἐπὶ
283 3177 385 3230 τοῦ
413 3178 555 3231 κατά
582 3178 760 3248 σάρκα
792 3179 1028 3249 εἴρηται.
1071 3197 1090 3230 ι
1125 3178 1296 3232 Ὅταν
1352 3178 1407 3231 δὲ
1446 3178 1607 3232 πάλιν
1644 3180 1718 3231 ει-

1824 3168 1890 3223 de
1919 3186 1984 3225 eo
2015 3171 2156 3240 quod
2185 3173 2481 3227 secundum
2514 3187 2731 3227 carnem
2754 3185 2854 3228 est.
2892 3192 2910 3224 ι
2955 3171 3193 3226 Rursum
3219 3181 3399 3225 autem

146 3272 391 3341 σαγάγῃ.
440 3289 458 3323 ι
508 3271 691 3325 Πάντα
744 3271 899 3342 δέξῃς
944 3272 1083 3341 μετά
1136 3272 1237 3341 τὴν
1288 3271 1722 3342 ένανθρώπησιν.

143 3358 837 3433 τὸγὰρ,Είσαγάγῃ,οίον,
868 3363 1207 3434 Ἐγχειρίσῃ.
1233 3363 1582 3416 κείτσι.Τότε
1615 3362 1724 3434 γάρ

145 3456 422 3525 ἐκτήσατο
440 3456 633 3524 αὐτὴν,
657 3454 887 3508 ἑκοῦσαν
919 3457 1050 3525 παρ’
1074 3454 1240 3509 αὐτοῦ
1276 3453 1723 3525 βασιλευομένην,

144 3548 227 3601 ὅτε
247 3548 398 3615 ὑπὲρ
422 3548 624 3610 παντὸς
644 3547 904 3614 ἐγεύσατο
921 3547 1175 3611 Θανάτου,
1215 3548 1307 3599 καὶ
1324 3547 1412 3599 ὅτε
1430 3545 1722 3617 ἐπιστεύθη

143 3638 276 3701 Θεὸς
330 3637 432 3690 ὢν.
471 3638 892 3707 Εὐωράδεκτον
921 3639 976 3692 δὲ
1017 3637 1187 3692 ποιῶν
1241 3638 1332 3691 τὸν
1390 3638 1569 3706 λόγον,
1631 3638 1724 3691 τὸν

144 3731 366 3797 Πατέρα
396 3724 555 3782 εἶπεν
586 3730 950 3797 εἰσαγαγόντα
974 3730 1066 3782 τὸν
1107 3729 1258 3783 Υίόν.
1299 3729 1373 3782 Τὸ
1395 3730 1453 3781 δὲ
1484 3730 1718 3796 εἰσαγα-

146 3824 283 3883 γεῖν,
313 3821 451 3879 νόει.
488 3821 590 3872 οὐκ
625 3821 812 3889 ἐπειδὴ
870 3822 1035 3874 πάλαι
1066 3818 1170 3884 ἔξω
1205 3816 1273 3890 ἦν
1330 3820 1429 3889 τῆς
1491 3819 1721 3882 κτίσεως

144 3914 411 3974 τοπικῶς,
444 3911 587 3979 (πῶς
622 3912 731 3979 γὰρ
756 3912 784 3963 6
816 3913 995 3965 πάντα
1054 3912 1278 3981 πληρῶν
1301 3912 1341 3981 ς)
1372 3911 1488 3964 ἀλλ’
1525 3912 1605 3965 ὅτι
1631 3910 1721 3964 οὐ·

143 4004 227 4055 ὁὲν
260 3999 379 4072 εἶχε
406 4003 546 4071 προς
575 4001 743 4071 αὐτὴν
770 4002 951 4055 κοινὸν
982 4002 1113 4066 Θεὸς
1144 4002 1239 4056 ὢν.
1281 4002 1421 4056 Ἀλλ’
1440 4004 1527 4055 ὅτε
1560 4003 1721 4069 ἐσαρ-

144 4093 315 4161 κώθη,
357 4091 484 4144 τότε
518 4089 842 4158 ἐκοινώνησε
896 4093 961 4159 τῇ
1012 4089 1207 4151 κτίσει,
1258 4090 1474 4142 κτιστδν
1511 4090 1719 4153 ένὼσας

144 4184 339 4254 ἑαυτῷ.
366 4182 557 4239 Οὕτως
587 4185 616 4235 6
674 4184 731 4234 ὲν
772 4181 943 4250 ἀγίοις
977 4180 1264 4250 Κύριλ).ος,
1302 4184 1357 4234 ὲν
1393 4180 1491 4252 τῷ,
1529 4180 1659 4244 Θεὸς
1687 4182 1717 4235 6

146 4276 402 4342 Χριστὸς,
435 4275 711 4343 πονήματι
738 4290 752 4303 ·
811 4274 906 4325 καὶ
939 4275 968 4328 6
1026 4274 1084 4325 ὲν
1128 4272 1305 4338 ἁγίοις
1340 4271 1640 4341 Γρηγόριος
1687 4272 1716 4323 6

144 4367 367 4435 Νύσσης
401 4366 457 4416 ἐν
484 4366 596 4426 τοῖς
620 4362 764 4415 κατὰ
800 4363 1091 4431 Εὑνομίου.
1128 4364 1200 4415 Τὸ
1231 4362 1289 4415 δὲ
1340 4361 1713 4432 Πρωτότοκον,

144 4458 240 4512 οὐκ
281 4456 381 4510 ἐπὶ
400 4456 658 4526 δευτέρου
682 4453 850 4521 λέγει,
883 4454 1001 4507 ἀλλ’
1038 4454 1130 4506 ἐπὶ
1152 4452 1269 4514 ένδς
1303 4452 1399 4506 καὶ
1434 4454 1595 4522 μόνου
1619 4454 1712 4503 τοῦ

1828 3278 1949 3315 cum
1993 3263 2254 3317 inducit.»
2300 3264 2428 3319 Post
2474 3265 2832 3318 humanitatis
2868 3264 3240 3333 acceptionem
3275 3265 3399 3316 uni-

1828 3367 1985 3407 versa
2044 3354 2301 3424 accipito.
2380 3354 2660 3424 Siquidem
2714 3354 2963 3419 lnducit,
3027 3353 3251 3424 ponitur
3306 3369 3403 3423 pro

1826 3443 2132 3497 Couimittit
2165 3462 2178 3499 :
2215 3453 2342 3498 tunc
2371 3446 2516 3499 enim
2550 3445 2724 3510 ipsum
2755 3453 2949 3499 nactus
2982 3452 3063 3497 est
3089 3443 3276 3498 orbem
3303 3444 3396 3512 qui

1825 3533 2132 3589 voluntarie
2169 3536 2236 3589 ab
2269 3537 2386 3605 ipso
2416 3536 2728 3606 regebatur,
2767 3535 2985 3605 quando
3006 3550 3102 3603 pro
3135 3534 3395 3589 universo

1826 3626 1958 3678 orbe
1992 3632 2221 3678 mortem
2256 3628 2519 3695 gustavit,
2560 3635 2614 3680 et
2649 3626 2868 3694 quando
2892 3624 3133 3679 creditus
3172 3635 3403 3678 estesse

1826 3711 1988 3767 Deus.
2033 3712 2281 3767 Ellicieus
2311 3724 2491 3769 autem
2530 3724 2589 3769 ut
2620 3714 2778 3768 facile
2821 3728 3003 3769 sermo
3035 3712 3398 3782 suscipiatur,

1822 3805 1957 3859 disit
1987 3805 2202 3859 Patrem
2245 3807 2503 3862 inducere
2525 3806 2746 3861 Filium.
2776 3806 3039 3861 Indueere
3074 3822 3205 3861 vero
3239 3806 3400 3859 intel-

1821 3898 1959 3967 ligit,
1993 3912 2103 3950 non
2143 3897 2289 3965 quod
2345 3907 2503 3951 antea
2536 3897 2698 3952 fuerit
2740 3900 2986 3952 localiter
3020 3910 3171 3951 extra
3200 3899 3397 3952 condi-

1826 3996 1937 4041 tum
1962 3987 2223 4040 mundum
2258 4003 2273 4043 :
2316 3988 2591 4055 quomodo
2624 3988 2767 4040 enim
2821 3986 2871 4040 id
2920 4002 3108 4040 verum
3156 3994 3302 4039 esset
3334 3986 3401 4040 de

1821 4090 1887 4132 eo
1918 4075 2011 4146 qui
2047 4077 2477 4145 omniaimplet?
2515 4077 2609 4132 sed
2641 4077 2780 4147 quod
2833 4076 2968 4129 nihil
2999 4092 3123 4129 cum
3143 4086 3394 4130 creatura

1819 4180 2110 4219 commune
2159 4164 2406 4219 habuerit
2434 4181 2556 4219 cum
2596 4164 2736 4219 Deus
2767 4176 2935 4219 esset.
2975 4165 3264 4226 Caeterum,
3305 4166 3397 4220 ubi

1819 4270 2039 4311 carnem
2085 4254 2406 4323 assumpsit,
2440 4262 2572 4308 tunc
2616 4268 2741 4308 cum
2778 4260 3031 4306 creatura
3089 4254 3399 4305 communi-

1819 4344 1984 4410 cavit;
2013 4358 2136 4397 cum
2188 4344 2401 4412 sibiipsi
2461 4345 2668 4399 uuisset
2698 4345 2751 4397 id
2802 4343 2944 4412 quod
2981 4350 3222 4396 creatum
3256 4350 3407 4395 erat;

1821 4437 1896 4492 lta
1927 4437 2088 4492 habet
2121 4436 2279 4490 divus
2319 4434 2559 4505 Cyrillus
2605 4437 2659 4489 in
2704 4450 2891 4504 opere,
2928 4434 3069 4488 Deus
3096 4434 3391 4488 Christus:

142 4546 499 4615 γεννηθέντος
552 4524 615 4598 έκ
675 4544 769 4597 τοῦ
832 4546 1065 4614 Πατρός.
1105 4546 1447 4609 -Ἀλλωφ
1512 4540 1709 4615 [ΦΩΤ.]

1823 4539 1871 4585 et
1905 4530 2100 4585 beatus
2140 4528 2439 4597 Gregorius
2491 4527 2773 4599 Nyssenus
2831 4528 2884 4579 in
2923 4527 3079 4579 libris
3124 4527 3388 4579 adversus

150 4656 167 4686 ι
200 4638 374 4689 Ὅταν
396 4635 454 4687 δὲ
492 4634 653 4686 πάλιν
685 4633 951 4703 εἰσαγάγῃ
988 4633 1077 4685 τὸν
1107 4633 1478 4702 Πρωτότοκον.
1516 4650 1533 4683 ι
1575 4633 1712 4684 Του-

140 4729 341 4787 τέστιν,
384 4726 516 4777 ὅταν
543 4724 814 4794 ηὑδόκησε
852 4725 989 4792 μετὰ
1018 4723 1118 4790 τῆς
1149 4723 1349 4793 σαρκὸς
1373 4723 1713 4792 ἐμφανισθῆ-

142 4830 223 4866 ναι
256 4813 351 4865 τὸν
380 4812 737 4881 Πρωτότοκον
766 4812 930 4864 αὐτοῦ
965 4812 1091 4864 Υίὸν
1114 4815 1226 4873 τοῖς
1264 4811 1586 4865 κατοικοῦσι
1614 4812 1711 4882 τὴν

140 4905 494 4974 οἰκουμένην.
525 4902 665 4971 ⁸Ιθησὶ
688 4902 825 4973 γάρ’
862 4922 882 4955 ι
919 4904 1027 4957 Καὶ
1050 4904 1451 4974 προσελθόντες
1506 4904 1555 4956 ot
1608 4904 1712 4970 ἀγ-

141 4998 285 5061 γελοι
320 4994 610 5062 διηκόνουν
638 4993 845 5062 αὐτῷ.»
885 4996 1014 5057 Καὶ,
1056 5013 1075 5046 ι
1110 4994 1338 5063 ’Δπάρτι
1378 4993 1571 5062 ὄψεσθε
1588 4994 1714 5057 τοὺς

141 5087 412 5154 ἀγγέλους
459 5085 883 5149 καταϐαίνοντας
941 5087 1033 5138 ἐπὶ
1080 5085 1171 5138 τὸν
1208 5086 1338 5138 Υἱδν
1375 5086 1466 5138 τοῦ
1498 5086 1713 5156 ἀνθρώ-

144 5195 263 5230 που.
298 5196 317 5227 ι
381 5176 643 5228 Τουτέστι
679 5215 695 5238 ,
766 5176 901 5246 μετά
972 5176 1171 5246 σαρκὸς
1249 5177 1712 5248 προσκυνησάτω-

143 5284 239 5321 σαν
294 5269 346 5318 et
394 5266 618 5333 ἄγγελοι
666 5264 759 5318 τὸν
816 5265 961 5318 Υἱόν.
1014 5284 1031 5316 ι
1072 5266 1182 5319 Καὶ
1255 5266 1713 5335 προσκυνησάτω-

141 5374 235 5409 σαν
285 5355 458 5424 αὐτῷ.
508 5373 527 5405 ι
571 5354 662 5424 Τῷ
714 5340 849 5423 μετὶ
906 5353 1127 5423 σαρκός.
1174 5372 1192 5405 t
1240 5354 1300 5406 Ὀ
1372 5354 1544 5406 ποιῶν
1563 5351 1707 5417 ⁸τοὺς

140 5447 406 5515 ἀγγέλους
444 5445 611 5500 αὐτοῦ
653 5444 953 5514 πνεύματα.
999 5464 1017 5497 ι
1049 5444 1271 5515 κτίσμα
1306 5445 1415 5515 γάρ
1450 5447 1579 5511 εἰσι,
1618 5443 1706 5497 διὰ

140 5552 193 5587 τι
202 5535 322 5599 ῦτο,
354 5533 557 5588 Ποιῶν.

202 5785 273 5817 ⁸-⁵
306 5782 441 5838 Luc.
481 5796 520 5848 t,
551 5781 639 5838 35.
718 5782 737 5813 '
772 5779 962 5838 Matth.
994 5795 1069 5851 tv,
1116 5781 1202 5838 ll.
1279 5778 1478 5839 ‘loan.
1536 5797 1576 5851 ι,
1632 5782 1722 5837 51.

1819 4621 2167 4675 Eunomium.
2195 4618 2351 4686 Quod
2408 4630 2589 4673 autem
2643 4620 2762 4679 ait;
2804 4618 3230 4687 Primogenitus,
3286 4632 3394 4670 nou

1822 4722 2071 4780 respectu
2123 4709 2351 4764 secundi
2406 4708 2558 4774 dicit,
2592 4709 2683 4762 sed
2725 4709 2871 4776 quod
2906 4708 3101 4759 unicus
3149 4718 3203 4760 et
3242 4707 3396 4759 solus

1826 4806 1900 4860 sit
1924 4819 1991 4859 ex
2027 4801 2187 4856 Patre
2222 4802 2545 4871 genitus.—-
2568 4802 2686 4853 Alio
2718 4799 2900 4855 modo.
2967 4817 2985 4849 ι
3030 4798 3265 4852 Rursum
3296 4813 3398 4851 au-

1834 4906 1961 4958 tem,
2007 4909 2131 4947 cum
2172 4893 2382 4947 inducit
2421 4891 2877 4962 Primogenitum.
2920 4910 2939 4943 ›
2982 4889 3095 4945 Hoc
3133 4901 3241 4951 est.
3271 4904 3396 4943 cum

1822 4987 2224 5055 beneplaeimui
2268 4986 2441 5056 ipsius
2469 4984 2594 5044 fuit.
2635 4994 2693 5039 ut
2727 4999 2851 5038 cum
2904 4998 3072 5038 carne
3104 4990 3397 5052 appareret

1823 5078 2224 5146 l‘riniogenitus
2245 5093 2379 5133 suus
2410 5078 2498 5131 bis
2528 5076 2619 5147 qui
2658 5076 2844 5130 orbem
2865 5074 3264 5127 inhabitabant.
3304 5073 3396 5126 Ait

1820 5168 1961 5224 enim
1997 5186 2009 5222 :
2044 5188 2061 5219 ι
2084 5167 2335 5237 Etangeli
2366 5174 2715 5223 accesserunt
2737 5175 2788 5220 et
2823 5166 3209 5218 minisﬁuoant
3238 5164 3285 5217 ei
3312 5164 3387 5229 ';i

1819 5268 1906 5312 et:
1945 5278 1963 5311 ι
1993 5260 2226 5314 Posthac
2260 5260 2513 5315 videbitis
2548 5259 2773 5327 angelos
2808 5257 3200 5312 descendentes
3224 5269 3393 5322 super

1819 5350 2014 5405 Filium
2050 5352 2287 5407 hominis
2317 5353 2355 5405 ⁸.
2387 5369 2405 5403 ι
2436 5382 2501 5391 --
2530 5370 2548 5403 ι
2576 5351 2639 5405 Ει
2665 5351 2892 5405 adorent
2921 5363 3069 5413 eum,
3104 5365 3122 5398 ι
3154 5346 3227 5400 ita
3268 5361 3392 5400 cum

1817 5457 1983 5496 carne
2017 5452 2368 5512 apparentem
2412 5454 2427 5495 :
2476 5444 2579 5497 hoc
2625 5452 2747 5505 est,
2788 5456 2911 5493 cum
2946 5454 3112 5494 carne
3163 5437 3394 5492 adorent

1818 5533 1998 5602 angeli
2032 5532 2252 5587 Filium.
2306 5552 2323 5585 ι
2356 5535 2457 5600 Qui
2487 5534 2615 5588 facit
2646 5534 2866 5603 angelos
2891 5546 3023 5586 suos
3062 5531 3315 5599 spiritus.
3365 5547 3384 5581 ι

1811 5624 2073 5680 Creatura
2108 5641 2339 5698 namque
2362 5635 2512 5694 sunt,
2545 5626 2664 5682 ideo
2693 5626 2785 5689 ait,
2807 5625 2907 5692 Qui
2952 5623 3099 5678 facit.
