4144 6456
730 438 835 506 291
1789 430 2122 489 (ECUMEN
2134 430 2192 488 ll
2216 429 2514 489 TRICCA‘I
2555 427 2898 489 EPISCOPI
3872 409 3992 475 292

731 546 971 604 cundum
1040 542 1474 597 incarnationem
1546 549 1863 603 sumuntur,
1931 547 2147 607 oportet
2203 551 2337 597 nos.

2444 540 2846 609 vavtlp'mr-qstv,
2902 536 2983 588 δεῖ
3036 533 3184 604 ἡμᾶς
3217 527 3619 601 περισσοτέρως
3668 523 3995 595 προσέχειν.

727 633 1107 694 Vehementius
1140 632 1442 686 attendere.
1475 628 1584 681 Aut
1611 627 1742 681 dicit
1775 636 1835 681 ut
1873 628 2151 681 attendam
2176 625 2302 696 legi.

2444 645 2578 700 meo,
2613 628 2799 697 φησιν,
2831 626 2907 686 ὡς
2947 624 3313 696 προσείχομεν
3340 619 3418 691 τῷ
3444 619 3617 689 νόμῳ.
3677 634 3697 668 t
3721 616 3811 685 Μή
3851 628 3997 666 ποτε

740 746 759 780 t
788 725 867 781 Ne
911 724 1132 794 quando
1185 721 1537 793 perﬂuamus.
1586 737 1605 770 ι
1674 718 1787 771 lloc
1831 728 1938 783 est,
1988 717 2305 773 escidamus

2444 720 2879 793 εαραρῤυῶμεν.»
2908 718 3221 780 Τουτέστιν,
3251 714 3575 780 ἐκπέσωμεν
3596 706 3688 763 τοῦ
3714 707 4000 776 καθήκον-

735 818 805 873 ab
837 817 1063 870 honesto
1096 821 1147 867 et
1178 827 1207 863 a
1231 810 1317 863 via
1343 825 1465 879 qua:
1480 808 1630 862 ducit
1658 806 1725 860 ad
1757 807 2011 862 salutem.
2037 825 2055 858 ι
2083 805 2186 872 Qui
2212 820 2308 874 per

2448 832 2527 879 ος,
2562 814 2656 868 καὶ
2700 812 2803 883 τῆς
2852 812 2946 865 ἐπὶ
2999 809 3275 880 σωτηρίαν
3321 805 3464 860 ὁδοῦ.
3501 804 3603 856 «⁸ο
3639 801 3707 854 δι’
3739 798 4001 867 ἀγγέλων

734 905 959 976 angelus
1010 903 1192 957 dictus
1228 901 1406 954 fuerat
1448 912 1651 954 sermo.
1691 915 1710 949 ι
1745 897 1856 950 Aut
1883 897 1949 950 de
1979 898 2093 967 lege
2129 896 2308 966 loqui-

734 1003 825 1051 tur
858 992 1001 1065 quod
1032 1007 1128 1063 per
1161 992 1384 1060 angelos
1418 990 1541 1042 data
1575 987 1669 1053 sit,
1711 986 1855 1040 sicut
1880 986 2043 1039 etiam
2074 985 2210 1039 dicit
2253 985 2307 1038 in

737 1086 980 1156 Epistula
1053 1082 1120 1136 ad
1166 1080 1389 1135 Galatas
1441 1095 1455 1132 :
1503 1096 1524 1130 ι
1563 1078 1822 1132 Ordinata
1879 1090 1975 1146 per
2023 1076 2304 1145 angelos,»

738 1179 855 1234 sive
891 1174 1277 1231 administrata
1316 1187 1337 1235 ;
1367 1181 1463 1225 aut
1485 1170 1554 1225 de
1584 1170 1671 1224 his
1701 1182 1822 1237 quas
1864 1166 1988 1220 aliis
2006 1166 2155 1221 dicta
2183 1175 2309 1222 sunt

736 1270 804 1323 ab
825 1269 1033 1337 angelis
1068 1284 1081 1318 :
1117 1262 1578 1334 quemadmodum
1610 1262 1677 1313 de
1708 1259 2002 1314 Sodomitis
2032 1258 2096 1323 “,
2121 1274 2311 1329 quem-

739 1360 1031 1413 admodum
1054 1358 1120 1411 dc
1142 1358 1355 1425 planctu
1381 1356 1433 1407 in
1455 1354 1591 1406 libro
1619 1351 1898 1414 iudicum,
1916 1350 2137 1419 quando
2164 1350 2312 1403 venit

740 1450 969 1518 angelus
1024 1446 1237 1501 Domini
1288 1446 1354 1498 ad
1386 1445 1682 1506 lsraelitas,
1711 1453 1763 1497 et
1783 1443 2093 1511 objurgavit
2122 1456 2311 1495 eorum

742 1540 1241 1605 transgressionem
1260 1534 1325 1588 ".
1345 1533 1621 1604 Oportuit,
1642 1533 1841 1601 inquit.
1858 1547 2048 1586 omnes
2068 1533 2165 1585 has
2188 1546 2318 1602 gen—

744 1629 1061 1683 tesemedio
1094 1628 1614 1689 tollere,vos.atttctn
1643 1623 1845 1677 l'tedera
1865 1638 2084 1692 quoque
2107 1621 2317 1676 fecistis

746 1734 869 1773 cum
902 1719 1009 1773 illis
1046 1733 1060 1770 :
1100 1726 1385 1786 pr0pterea
1416 1732 1523 1769 non
1576 1714 1857 1783 disperdct
1889 1714 2155 1767 Dominus
2182 1727 2318 1782 gen-

746 1820 829 1865 tes
858 1825 977 1880 qua:
1000 1809 1271 1863 derelicta:
1297 1817 1446 1862 sunt.
1477 1806 1573 1859 His
1604 1806 1826 1869 auditis,
1855 1806 2184 1874 planxerunt
2213 1817 2321 1856 uno

2414 904 2668 974 λαληθεὶς
2694 903 2907 970 λόγος.»
2954 901 3026 953 Ἦ
3081 902 3207 970 περὶ
3247 896 3344 950 τοῦ
3381 896 3573 964 νόμου,
3602 892 3788 961 φησιν,
3810 891 3898 942 ὅτι
3924 889 3999 941 δι’

2415 995 2662 1063 ἀγγέλων
2700 995 2881 1065 ἐδόθη,
2927 992 3004 1056 ὡς
3044 993 3137 1044 καὶ
3171 992 3229 1043 ὲν
3266 991 3332 1059 τῇ
3364 986 3500 1057 πρὸς
3538 984 3783 1043 Γαλάτας
3830 980 3999 1049 φησὶ,

2424 1089 2741 1155 «Διαταγεὶς
2789 1087 2855 1139 δι’
2911 1084 3178 1153 ἀγγέλων,
3210 1101 3229 1135 ι
3292 1082 3461 1151 ἧγουν
3513 1075 3849 1147 διακονηθεξς
3886 1091 3902 1104 ⁸
3961 1074 4000 1140 ἦ

2420 1180 2679 1251 περὶτῶν
2724 1180 2817 1232 ὑπ’
2861 1178 3112 1246 ἀγγέλων
3165 1174 3346 1236 ἀλλοις
3394 1169 3754 1239 λαληθέντων,
3790 1167 3867 1229 ὡς
3904 1164 4003 1217 ἐπὶ

2419 1276 2527 1327 τῶν
2588 1270 2914 1340 Σοδομιτῶν,
2968 1269 3041 1331 ὡς
3095 1266 3187 1319 ἐπὶ
3236 1263 3331 1317 τοῦ
3385 1259 3735 1329 κλαυθμῶνος
3788 1259 3846 1309 ἐν
3878 1258 4003 1315 τοῖς

2422 1368 2673 1437 Κριταῐς,
2699 1365 2789 1418 ὅτε
2817 1360 2978 1434 ἦλθεν
3009 1358 3235 1428 ἄγγελος
3258 1355 3463 1427 Κυρίου
3499 1352 3632 1423 πρὸς
3655 1353 3778 1410 τοὺς
3818 1349 4005 1419 ἰσραε⁵

2423 1458 2612 1528 ῃλίτας
2646 1456 2741 1509 καὶ
2787 1451 3014 1525 ἦλεγξεν
3065 1449 3243 1505 αὐτῶν
3289 1447 3389 1518 τὴν
3430 1442 3792 1513 παρανομίαν.
3867 1440 4006 1491 Δέον

2424 1548 2551 1616 γὰρ,
2578 1546 2734 1615 φησὶ,
2766 1544 2976 1602 πάντας
3008 1540 3289 1610 ἀφανίσαι,
3323 1538 3474 1606 ὑμεῖς
3498 1534 3555 1586 δὲ
3594 1534 3683 1585 καὶ
3721 1528 4008 1598 συνθήκας

2426 1638 2611 1692 εθεσθε
2647 1637 2783 1704 πρὸς
2816 1633 3036 1697 αὐτούς.
3100 1631 3197 1683 Διά
3232 1628 3391 1682 τοῦτο
3423 1627 3523 1679 οὑκ
3574 1621 3948 1692 ἐξολοθρεύσει
3977 1620 4009 1670 ὑ

2427 1728 2558 1789 Θεδς
2617 1726 2685 1779 τά
2750 1724 3149 1793 ὑπολειπόμενα
3200 1720 3349 1789 ἔθνη.
3428 1715 3613 1769 Ταῦτα
3666 1714 4010 1771 ἀκούσαντες

2431 1820 2698 1873 ἔκλαυσαν
2727 1816 3089 1886 ὁμοθυμαδὸν.
3143 1811 3305 1865 Ὅθεν
3328 1809 3423 1863 καὶ
3464 1804 3754 1875 κλαυθμῶν
3780 1807 3808 1855 ὁ
3837 1802 4010 1861 τόπος

748 1903 932 1957 animo
964 1916 1193 1955 omnes:
1221 1900 1362 1953 unde
1418 1906 1472 1952 et
1502 1899 1655 1951 locus
1698 1896 1957 1951 Planctus
2003 1896 2183 1950 dictus
2222 1902 2322 1949 est.

2444 1910 2659 1981 ἐκλήθη.
2720 1910 2786 1961 '0
2823 1908 2881 1961 δὲ
2921 1907 3065 1975 λέγει
3092 1902 3331 1959 τοιοῦτόν
3364 1903 3510 1953 ἐστιν
3542 1916 3555 1928 ·
3585 1899 3645 1951 Ei
3671 1897 3801 1966 γὰρ,
3839 1894 4009 1961 φησὶ,

751 1994 907 2059 Quod
942 2001 1144 2056 autem,
1184 1992 1280 2055 ait,
1318 1989 1636 2057 bujusmodi
1662 1997 1791 2043 est:
1844 1988 2009 2057 326
2062 1986 2121 2040 Si
2180 1987 2325 2040 cnim

754 2099 874 2155 quae
929 2084 997 2136 ab
1025 2083 1235 2150 angelis
1284 2082 1544 2147 praedicta
1582 2090 1713 2136 sunt
1772 2082 2091 2133 acciderunt
2117 2090 2169 2133 et
2204 2078 2330 2133 elle-

755 2186 905 2232 ctum
946 2176 1137 2229 sortita
1169 2184 1319 2237 sunt,
1352 2182 1556 2242 quanto
1594 2173 1768 2241 magis
1806 2174 2118 2242 contingent
2143 2186 2262 2242 quae
2301 2186 2329 2224 ε

754 2268 896 2323 Filio
932 2268 1023 2322 Dei
1051 2268 1309 2336 pradicla
1345 2275 1513 2320 sunt:
1552 2264 1757 2317 ἔνδικον
1787 2263 2229 2333 μισθαποδοσίαν,
2277 2262 2328 2314 id

757 2369 867 2426 est,
902 2360 1106 2429 justam
1167 2358 1580 2413 retributionem
1632 2370 1695 2439 ac
1721 2357 1766 2411 si
1800 2356 1942 2409 dicat
1974 2372 1986 2408 :
2022 2357 2075 2409 Si
2105 2370 2167 2409 ea
2200 2369 2333 2408 con-

759 2454 1003 2518 tigerunt
1033 2466 1154 2521 quae
1178 2451 1246 2504 ab
1274 2450 1484 2520 angelis
1507 2451 1561 2502 in
1594 2448 1774 2503 Veteri
1813 2446 2169 2502 Testamento
2188 2447 2333 2501 dicta

758 2542 1000 2607 fuerant,
1064 2556 1364 2610 omnesque
1422 2548 1855 2609 transgressores
1935 2537 2109 2606 puniti
2185 2545 2334 2601 sunt,

759 2651 919 2705 quam
954 2635 1215 2688 habemus
1246 2646 1346 2687 nos
1374 2632 1586 2685 veniam
1619 2644 1742 2684 cum
1780 2630 1905 2683 illos
1964 2629 2189 2697 punitos
2244 2643 2334 2683 rc-

766 2728 1032 2797 spicitnus
1064 2740 1125 2778 ac
1162 2723 1505 2794 negligimus.
1542 2740 1561 2773 ι
1599 2720 1655 2774 Si
1689 2730 1897 2774 tantam
1938 2720 2339 2788 ncglescrimns

2430 2003 2499 2056 τὰ
2534 2003 2625 2054 ὑπ’
2677 2001 2925 2068 ἀγγέλων
2970 1996 3274 2067 λαληθέντα
3324 1992 3485 2061 ὲξέὁη
3514 1990 3607 2043 καὶ
3636 1990 3807 2055 πέρας
3850 1986 4010 2052 εῖτ-χε,

2433 2096 2584 2163 πόσῳ
2618 2093 2816 2164 μᾶλλον
2845 2092 2914 2143 τὰ
2949 2089 3099 2160 παρά
3129 2087 3223 2141 τοῦ
3256 2085 3388 2138 Υίοῦ
3412 2083 3504 2135 τοῦ
3530 2081 3663 2134 Θεοῦ
3700 2078 4011 2144 λαληθέντα

2433 2188 2763 2258 ὲκὸήσεταις
2825 2184 3104 2237 Ἕνδικον
3164 2178 3446 2249 (δικαίαν)
3490 2171 4009 2246 μισθαποδοσίαν.

2435 2279 2745 2340 Τουτέστιν,
2780 2275 3036 2346 ἀμοιϐήν.
3083 2276 3148 2326 ὐ
3179 2274 3234 2325 δὲ
3262 2272 3428 2338 λέγει,
3462 2267 3703 2321 τοιοῦτόν
3733 2267 3881 2317 ἐστιν
3914 2282 3928 2294 ο
3948 2264 4014 2314 ΕΞ

2435 2371 2506 2423 τὰ
2551 2370 2703 2439 παρά
2754 2368 3001 2437 ἀγγέλων
3034 2364 3337 2435 λαληθέντα
3376 2364 3433 2414 ὲν
3466 2363 3529 2429 τῇ
3572 2358 3779 2426 Παλαιᾷ
3824 2354 4013 2423 ὲξέεη,

2436 2463 2530 2515 καὶ
2574 2463 2623 2515 oi
2661 2460 3079 2531 ἀμαρτήσαντες
3112 2456 3310 2516 πάντες
3340 2450 3630 2515 ἀπέλαϐον,
3678 2449 3839 2501 ποίαν
3888 2447 4015 2511 ἕξο-

2442 2571 2543 2625 μεν
2570 2551 2900 2620 συγγνώμην
2920 2550 3080 2619 ἡμεῖς
3119 2546 3359 2608 ἐκείνους
3383 2542 3751 2604 ἀπολαϐόντας
3771 2541 4019 2611 ὁρῶντες

2441 2646 2534 2700 καὶ
2577 2641 2952 2712 ἀμελοῦντεςς
2991 2658 3009 2691 ι
3035 2637 3379 2708 Τηλικαύτης
3429 2634 3796 2704 ἀμελήσαντες
3836 2648 4019 2699 σωτη-

2444 2736 2588 2807 ρίας.
2619 2753 2637 2783 ι
2674 2734 2746 2785 Οὐ
2773 2731 2841 2785 τά
2874 2730 3056 2799 ἀγαθά
3084 2730 3180 2799 τῆς
3215 2721 3317 2797 γῆς
3358 2723 3863 2792 ὲπαγγελλομένης,
3906 2738 4019 2795 κα-

764 2823 1016 2874 salutem.
1062 2814 1242 2881 »ουκ
1297 2830 1406 2868 non
1447 2815 1607 2867 terra:
1669 2814 1813 2867 bona
1872 2811 2145 2882 promittit
2198 2811 2337 2865 sicut

2444 2827 2611 2895 θὼςή
2650 2823 2883 2886 Παλαιὰ,
2921 2822 3060 2891 ἀλλά
3112 2818 3386 2889 βασιλείαν
3416 2816 3659 2885 οὐρανῶν
3694 2815 3786 2867 καὶ
3836 2812 4021 2866 υἱοθε-

763 2910 934 2966 Vetus
961 2907 1397 2969 Testamentum,
1427 2905 1522 2960 sed
1555 2920 1781 2975 regnum
1807 2904 2075 2958 caelorum
2121 2919 2185 2957 ac
2208 2904 2337 2957 ado-

2445 2918 2586 2970 σίαν.
2619 2914 2901 2984 Σωτηρίας
2932 2913 2987 2965 δέ
3015 2928 3169 2981 φησς,
3189 2910 3292 2981 ςτῆς
3316 2907 3435 2961 ἁπδε
3453 2904 3686 2977 Χριστοῦ
3711 2904 4024 2972 δειχθείσης

763 3005 1008 3072 ptlonem
1046 3001 1101 3052 in
1123 2998 1281 3051 tilios.
1308 2995 1547 3050 Salutem
1570 3002 1752 3048 autem
1785 2993 1916 3047 dicit
1933 3008 2054 3063 qua:
2074 2991 2337 3047 aChristo

2444 3009 2539 3061 καὶ
2566 3004 2995 3075 φανερωθείσης,
3020 3001 3418 3067 murimuri;
3450 3002 3526 3061 είς
3560 2998 3722 3050 αὑτὸν
3747 2990 4020 3056 πίστεως.

767 3093 1140 3146 demonstrata
1179 3095 1262 3143 est
1303 3095 1357 3140 et
1402 3085 1774 3149 manifestata,
1825 3089 1930 3137 hoc
1958 3092 2062 3148 est,
2103 3083 2259 3137 ﬁdem
2285 3084 2337 3137 in

2445 3097 2664 3166 Ταύτην
2708 3095 2764 3147 δὲ
2799 3091 2917 3147 εἷπε
2950 3086 3485 3169 σωτηρίανίδεικνὺς
3512 3088 3579 3141 τά
3626 3090 3681 3140 ὲν
3711 3090 3776 3157 τῇ
3808 3087 4028 3156 Παλαιᾷ

770 3181 969 3249 ipsum.
1018 3174 1169 3229 lianc
1222 3184 1401 3229 autem
1435 3174 1565 3228 dixit
1601 3173 1856 3237 salutem,
1898 3174 2194 3227 ostendens
2221 3186 2337 3242 qua

2450 3190 2526 3262 μὴ
2575 3189 2749 3252 οὕτως
2794 3188 2925 3240 δντα
2969 3185 3244 3254 σωτήρια.
3287 3201 3305 3235 t
3334 3181 3626 3235 Λαλεῖσθαι
3661 3178 3883 3234 araxes
3908 3179 4031 3231 Κυ-

774 3272 830 3326 in
859 3270 1027 3325 veteri
1064 3272 1179 3338 lege
1208 3275 1367 3321 erant
1415 3282 1524 3321 non
1568 3264 1739 3319 fuisse
1787 3264 2070 3319 salutaria.
2114 3282 2132 3315 ι
2166 3262 2337 3317 Enar-

2451 3261 2591 3356 ρίου.
2621 3301 2639 3333 ι
2682 3276 2815 3335 Εἶτα
2846 3279 3087 3333 δείκνυσι
3120 3276 3182 3329 τὸ
3218 3274 3529 3339 ἀξιόπιστον
3557 3274 3744 3343 αὐτῆς.
3799 3272 3875 3324 Οὐ
3910 3274 4027 3338 γάρ

772 3363 885 3418 rari
926 3376 1020 3431 per
1073 3362 1246 3430 ipsum
1266 3358 1597 3414 tDominum.
1634 3376 1654 3409 ι
1690 3355 2180 3413 Ostenditdeinde
2208 3356 2337 3411 illud

2448 3355 2532 3437 τις
2558 3356 2959 3443 ἕτερος,’φησὶ,
2999 3369 3323 3439 διηκόνησεν
3355 3368 3495 3435 αὐτῇ
3534 3366 3785 3433 καθάπερ
3815 3364 4031 3433 Μωσῆς

774 3456 1000 3524 dignum
1033 3469 1156 3508 esse
1200 3454 1288 3506 cui
1326 3452 1459 3506 lldes
1487 3451 1833 3505 adhibeatur.
1874 3449 1992 3503 Non
2027 3449 2169 3504 enim
2204 3450 2337 3503 alius

2448 3468 2516 3536 τῇ
2555 3464 2786 3534 Παλαιᾷ,
2817 3461 2932 3516 ἀλλ’
2955 3461 3115 3523 αὐτὸς
3140 3462 3166 3512 ὀ
3194 3459 3454 3530 Χριστός,
3502 3474 3521 3509 ι
3543 3456 3678 3509 ’Υπδ
3700 3454 3811 3508 τῶν
3853 3456 4033 3507 ἀκου-

776 3547 1067 3617 quispiam,
1103 3548 1299 3615 inquit,
1337 3545 1403 3598 ad
1440 3544 1491 3598 id
1535 3542 1786 3597 minister
1815 3540 1941 3602 fuit,
1987 3542 2337 3611 quemadmo-

2453 3558 2714 3609 σάντων.ι
2762 3552 2899 3605 ’Υπὺ
2921 3551 3028 3603 τῶν
3056 3550 3401 3603 ἀκουσάντων
3443 3549 3522 3610 είς
3548 3548 3693 3617 ἡμᾶς
3720 3545 4031 3614 ἐνεχθεῖσα,

779 3641 904 3695 dum
930 3637 1108 3692 Moses
1135 3637 1189 3691 in
1209 3637 1401 3699 veteri,
1423 3637 1517 3690 sed
1540 3636 1652 3703 ipse
1676 3632 1948 3688 Christus.
1990 3650 2009 3685 t
2038 3633 2122 3687 Ab
2148 3631 2337 3702 bisqui

2452 3643 2753 3714 ἰσεδαιὼθη
2778 3643 2875 3695 καὶ
2899 3639 3397 3709 ἑπιστεύθηιιτίνες
3428 3639 3483 3691 δὲ
3514 3639 3564 3689 oi
3598 3636 3956 3699 ἀκούσαντεςς
3984 3638 4037 3688 οἱ

779 3732 1116 3785 audierant.)
1154 3727 1212 3780 D.
1232 3729 1335 3781 luta
1360 3726 1425 3780 ad
1448 3741 1544 3781 nos
1561 3727 1628 3779 ab
1654 3727 1738 3780 his
1760 3726 1850 3794 qui
1882 3724 2188 3787 audierant,
2215 3739 2337 3777 cnn-

2459 3735 2739 3795 ιὶεστιέσιοι
2767 3733 3011 3803 δηλονότι
3049 3731 3308 3803 μαθηταί.
3342 3730 3459 3782 Ἵνα
3483 3729 3539 3782 δὲ
3574 3727 3648 3798 μὴ
3674 3726 4037 3796 σκανδαλίσῃ,

782 3822 990 3875 [innata
1028 3828 1229 3874 suntet
1257 3818 1482 3873 credita.
1520 3816 1751 3882 Quinam
1786 3826 1965 3869 autem
2000 3826 2130 3869 sunt
2154 3817 2206 3868 lti
2252 3818 2344 3884 qui

782 3912 1097 3967 audierunt?
1116 3909 1417 3964 Veneramli
1436 3924 1566 3963 sane
1584 3907 1943 3978 dis-:ipuii.Ne
1956 3907 2345 3962 oﬂendiculum

2454 3826 2516 3877 οὐ
2556 3824 2705 3890 λέγει
2745 3826 2839 3875 καὶ
2887 3822 3076 3876 ἑαυτὸν
3116 3821 3584 3892 ἀκηκοέναιιπαρά
3616 3818 3876 3889 Χριστοῦ,
3917 3820 4043 3870 καί-

2457 3927 2539 3963 τοι
2595 3912 2846 3980 ἡκουσεν.
3150 3933 3175 3971 s

783 4004 1034 4072 patiaris,
1060 4017 1166 4054 non
1188 4000 1320 4053 dicit
1342 3999 1582 4067 seipsum
1610 4013 1828 4069 quoque
1864 3998 2086 4052 audisse
2108 4012 2138 4051 a
2166 3997 2410 4061 Christo.
2433 4016 2556 4054 cum
2585 4010 2763 4053 tamen
2799 3999 3059 4053 audisset.

851 4091 916 4155 ll.
954 4092 1068 4147 4'8.
1103 4094 1396 4145 Attestante
1430 4090 1533 4144 Deo
1584 4091 1746 4159 signis
1798 4101 1847 4142 et
1896 4090 2146 4159 arodigiis
2193 4090 2353 4143 simul

782 4183 1045 4252 variisque
1074 4182 1371 4244 virtutibus,
1419 4190 1467 4233 et
1520 4180 1754 4248 Spiritus
1795 4181 1967 4233 sancti
2016 4180 2352 4234 distributio-

785 4275 957 4337 nibus,
986 4273 1138 4338 iuxta
1164 4272 1328 4340 ipsius
1381 4270 1727 4326 voluntatem.
1779 4270 1902 4325 Non
1957 4273 2093 4325 enim
2153 4273 2353 4342 angelis

786 4365 1004 4432 subjecit
1050 4364 1223 4417 orbem
1285 4371 1436 4415 terra;
1497 4363 1758 4431 futurum,
1804 4364 1869 4416 de
1916 4379 2016 4432 quo
2067 4362 2352 4431 loquimur.

792 4455 1034 4513 Testatus
1063 4463 1139 4507 est
1176 4462 1351 4506 autem
1381 4453 1578 4505 alicubi
1615 4453 1830 4522 quidam
1856 4454 2032 4508 dicens
2065 4470 2082 4507 :
2114 4454 2255 4520 Quid
2279 4466 2356 4507 est

2530 4090 3196 4159 Συνεπιμαρτυροῦντος
3246 4087 3353 4142 τοῦ
3409 4089 3555 4143 Θεοῦ
3610 4092 3881 4157 σημείοις
3937 4096 4041 4146 καὶ

2456 4183 2662 4252 τέρασι
2702 4183 2800 4236 καί
2854 4182 3160 4246 ποικίλαις
3192 4181 3506 4249 δυνάμεσι,
3536 4182 3636 4235 καὶ
3688 4184 4047 4251 Πνεύματτς

2457 4276 2628 4341 ἁγίου
2674 4272 2989 4341 μερισμοῖς
3034 4272 3184 4325 κατὰ
3226 4274 3342 4336 τὴν
3391 4273 3578 4325 αὑτοῦ
3613 4272 3885 4337 θέλησιν.
3958 4282 4044 4330 υὺ

2460 4364 2568 4432 γὰρ
2621 4363 2895 4431 ἀγγέλοις
2934 4362 3195 4427 ὑπέταξε
3218 4363 3331 4429 τὴν
3362 4364 3721 4430 οἰκουμένην
3752 4364 3867 4429 τὴν
3891 4368 4049 4434 μέλ-

2456 4458 2695 4509 λουσσν
2720 4496 2733 4518 ,
2800 4454 2931 4521 περὶ
2982 4450 3050 4522 ἧς
3115 4454 3423 4520 λαλοῦμεν
3449 4472 3463 4486 ·
3501 4454 3935 4523 διεμαρτύρατο
3972 4460 4043 4512 δέ

789 4548 942 4599 homo
974 4544 1112 4615 quod
1143 4560 1341 4597 memor
1363 4561 1414 4597 es
1447 4544 1583 4611 ejus,
1622 4542 1801 4597 aut-F
1805 4543 1927 4596 ilius
1952 4544 2200 4609 hominis,
2233 4558 2335 4611 quo

2463 4547 2578 4598 πού
2615 4563 2703 4610 τις
2729 4544 2940 4613 λέγων,
2969 4545 3035 4599 Τί
3054 4546 3226 4599 ἐστιν
3254 4546 3565 4613 ἅνθρωπος
3594 4546 3682 4598 ὅτι
3719 4549 4048 4615 μιμνήσκῃ

790 4638 931 4691 niam
963 4636 1142 4688 invisis
1174 4634 1325 4686 illum
1360 4636 1382 4687 'I
1421 4632 1615 4693 Fecisti
1642 4634 1767 4705 διιεῖ
1810 4635 2083 4697 ὲιιιιίτιίιιηι
2136 4635 2359 4702 inferio-

792 4744 903 4781 rem
931 4726 1157 4794 angelis,
1191 4725 1364 4793 gloria
1387 4734 1434 4777 et
1464 4725 1656 4777 honore
1689 4726 1957 4791 coronasti
1990 4741 2127 4787 eum,
2160 4734 2207 4777 et
2231 4740 2357 4776 con-

793 4818 1015 4872 stituisti
1046 4833 1161 4869 eum
1190 4831 1347 4882 super
1373 4831 1529 4878 opera
1560 4831 1813 4867 manuum
1886 4827 2121 4869 tuarum.
2148 4815 2360 4867 *‘lmuia

798 4907 1075 4975 subjecisti
1139 4906 1233 4957 sub
1267 4906 1488 4968 pedibus
1533 4905 1669 4972 ejus.
1718 4905 1780 4959 In
1815 4904 1911 4958 Itoc
1950 4907 2085 4957 enim
2136 4905 2272 4972 quod
2317 4908 2369 4957 ci

794 4998 1011 5065 subjecit
1045 4999 1243 5061 omnia,
1270 4997 1400 5049 nihil
1433 4999 1610 5049 amisit
1631 4997 1712 5051 illi
1740 5016 1841 5065 non
1866 4998 2180 5067 subjectum.
2207 4998 2365 5052 Nunc

801 5107 919 5144 vero
973 5089 1204 5142 nondum
1257 5089 1490 5143 videmus
1528 5091 1703 5143 omnia
1733 5090 1813 5142 illi
1838 5107 1948 5143 esse
1969 5092 2223 5158 subjects.

864 5270 1067 5326 Deinde
1120 5286 1188 5325 ne
1248 5273 1461 5327 mentiri
1494 5272 1789 5327 credantur
1822 5273 1913 5342 qni
1956 5288 1984 5325 a
2019 5271 2239 5327 Christo
2268 5287 2366 5326 au-

799 5364 1035 5425 dierunt,
1069 5373 1123 5416 et
1156 5363 1259 5416 alia
1291 5378 1389 5433 pro
1420 5364 1543 5418 aliis
1568 5365 1754 5419 dicant
1793 5382 1807 5429 ;
1846 5378 1973 5429 non,
2004 5364 2200 5430 inquit.
2235 5362 2367 5416 Nam

799 5465 843 5507 et
878 5453 994 5523 ipse
1025 5454 1165 5509 Deus
1212 5471 1317 5508 una
1378 5471 1499 5508 cmn
1550 5456 1631 5511 eis
1694 5456 2060 5510 testimonium
2120 5456 2371 5525 perhibet

801 5543 1015 5595 veritati
1048 5558 1145 5613 per
1169 5544 1326 5614 signa
1360 5551 1415 5599 et
1474 5544 1737 5613 prodigia.
1798 5546 2087 5613 variasque
2137 5545 2369 5599 virtutes

802 5647 937 5702 quas
964 5648 1059 5702 per
1088 5648 1182 5689 eos
1217 5642 1495 5703 operatur.
1528 5653 1546 5684 ε
1578 5634 1643 5687 Ει
1678 5632 1915 5703 Spit-itus
1962 5634 2139 5689 sancti
2179 5634 2370 5689 disui-

880 5803 1347 5870 "Gulal.tn,19.
1426 5803 1471 5835 “
1500 5802 1636 5859 Gen.
1691 5817 1803 5868 ιιι,
1846 5804 1870 5856 l
1930 5817 2083 5872 seqq.

2460 4634 2681 4701 uinci),
2715 4635 2751 4703 ἢ
2786 4638 2917 4700 mc
2962 4636 3277 4704 ἀνθρώπου
3316 4635 3405 4689 ὅτι
3454 4636 3785 4703 ἐπισκέπτῃ
3816 4641 4051 4701 σὺτόν;

2469 4724 2675 4779 Ἥλάτῑ
2688 4739 2845 4789 ωσας
2878 4726 3065 4777 αὑτὸν
3085 4726 3287 4793 βραχύ
3318 4743 3372 4778 τι
3398 4727 3533 4793 παρ’
3554 4726 4051 4797 ἀηέλους,δόξῃ

2463 4817 2561 4869 καί
2606 4815 2745 4884 τι]ιῇ
2797 4816 3226 4883 ἐστεφάνωσας
3258 4820 3465 4882 αὑτὸν,
3510 4820 3709 4888 ετάντα
3734 4821 4053 4888 ὑπέταξας

2459 4907 2738 4960 ὑποκάτω
2767 4907 2883 4959 τῶν
2914 4906 3116 4959 ποδῶν
3139 4909 3346 4985 αὑτοῦ.
3390 4909 3492 4961 Ἐν
3510 4876 3621 4981 ὶὰρ
3645 4909 3724 4972 τῷ
3745 4913 4007 4976 ὑποτᾱξν
4037 4934 4054 4967 ι

2462 4995 2623 5061 αὐτῷ
2672 4998 2744 5050 τὰ
2777 4993 2993 5061 πάντα,
3050 4998 3231 5051 οὐδὲν
3268 5000 3499 5069 ἀφῆκεν
3532 5000 3693 5064 αὑτῷ
3735 5003 4053 5057 ἀνυπότα·

2469 5104 2634 5141 κτον.
2668 5088 2797 5141 Νῦν
2844 5089 2911 5142 δὲ
2939 5092 3103 5145 οὔπω
3132 5090 3359 5160 ὁρῶμεν
3384 5090 3541 5155 αὑτῷ
3571 5095 3641 5145 τὰ
3670 5092 3873 5147 πάντα
3903 5101 4054 5149 ὐπο-

2469 5184 2816 5251 τεταῃιένα.
2856 5192 2865 5211 ⁸

2543 5265 2674 5322 Εἶτα
2705 5269 2838 5321 ὡσεὶ
2870 5270 3155 5337 ψεύδονται
3184 5272 3232 5321 oi
3257 5269 3586 5332 ἀκούσαντες
3614 5269 3765 5336 παρὰ
3785 5272 4056 5338 Χριστοῦ,

2480 5362 2568 5412 καὶ
2599 5359 2731 5413 ἀλλα
2756 5360 2873 5411 ἀντ’
2908 5359 3083 5412 ἄλλων
3116 5360 3389 5425 λέγουσιν.
3440 5359 3514 5411 Οὔ
3554 5376 3720 5427 φησιν
3746 5376 3761 5390 ·
3797 5363 3896 5412 καὶ
3946 5364 4059 5429 γὰρ

2478 5452 2572 5503 καὶ
2599 5451 2761 5513 αὐτὸς
2788 5453 2815 5503 ὀ
2848 5450 2979 5513 Θεὸς
3013 5453 3281 5520 μαρτυρεῖ
3314 5453 3495 5510 αὐτοῖς
3521 5449 3797 5517 ἀλήθειαν,
3839 5451 3931 5503 διὰ
3964 5471 4060 5521 or;-

2480 5540 2647 5610 μείων
2673 5541 2773 5613 καὶ.
2792 5542 3034 5609 τεράτων
3062 5542 3155 5592 καὶ
3196 5539 3454 5593 ποικίλων
3478 5540 3761 5609 δυνάμεων
3792 5533 3875 5593 ὧν
3900 5543 4061 5610 ἔνερ-

2475 5634 2562 5698 γεῑ
2590 5632 2658 5683 δι’
2694 5632 2895 5685 αὐτῶν.
2955 5650 2972 5684 ι
3003 5633 3113 5686 Kal.
3150 5631 3466 5702 ῐῙνεύματος
3495 5632 3650 5700 ἁγίου
3690 5636 4015 5703 μερισμοῖς.
4035 5652 4053 5685 ι

2191 5807 2235 5837 ⁸³
2260 5802 2441 5857 Jndic.
2483 5819 2543 5869 tt,
2576 5802 2594 5856 l
2632 5818 2784 5869 seqq.
