4144 6456
81 397 171 461 293

1098 402 1482 464 COMMENT.
1526 402 1607 462 ΙΝ
1636 401 1873 464 EPIST.
1917 403 2018 463 AD
2057 402 2288 463 HEBR.

3230 399 3334 463 994

84 513 180 564 Καὶ
223 511 319 565 διά
363 512 724 583 χαρισμάτων
762 512 858 567 καὶ
906 512 1309 584 ὲπιφοιτὴσεως
1339 514 1659 583 Πνευματος

1775 512 2107 568 outionibus.
2148 529 2167 564 ι
2201 511 2363 582 337
2395 508 2460 566 Et
2486 525 2583 581 per
2609 511 2752 566 dona
2783 524 2846 565 ac
2878 509 3120 580 Spiritus
3161 513 3338 564 saucii

84 604 251 671 ἁγίου,
282 603 359 656 τά
382 604 486 674 τῆς
529 602 625 657 τοῦ
652 603 787 657 Θεοῦ
815 605 1127 676 μαρτυρίας
1154 605 1397 674 γένεται.
1455 607 1663 674 Μερισο

86 700 193 765 poi;
222 695 282 749 se
311 712 472 765 φησι,
503 696 593 750 διά
620 696 683 748 τὸ
710 691 822 748 οἷον
862 696 1329 768 καταμερίζεσθαι
1366 697 1465 768 τὴν
1500 714 1656 749 πνευ-

86 789 320 858 ματικὴν
346 791 533 859 χάριν,
574 789 717 856 κμτά
739 805 799 842 τε
824 788 887 841 τὸ
917 790 1118 859 μέτρον
1145 790 1399 853 ἑκάστου,
1443 790 1539 843 καὶ
1564 793 1662 858 τὴν

84 881 165 949 τῆς
206 880 459 942 πίστεως
510 879 832 948 ἀναλογίαν,
877 882 970 934 καὶ
1008 881 1159 944 ὅπως
1189 881 1339 949 αὑτῷ
1370 880 1659 950 συμφέρει.

88 970 266 1024 «Κατά
298 970 402 1041 τὴν
433 970 601 1024 αὑτοῦ
632 970 872 1041 θέλησιν.
900 990 919 1022 ›
966 970 1074 1024 Τοῦ
1106 971 1469 1042 Παρακλήτου
1510 971 1664 1041 δηλο-

85 1064 204 1117 νότι.
228 1062 519 1134 Διαιροῦν,
567 1065 755 1132 φησὶν,
790 1062 894 1133 ίδίᾳ
926 1064 1146 1133 ἑκάστῳ
1180 1063 1362 1126 καθὼς
1389 1062 1661 1133 βούλεται.

93 1155 181 1206 «οὑ
203 1156 323 1224 γὰρ
362 1154 621 1222 ἀγγέλοις
652 1155 889 1221 ὑπέταξε
920 1157 1019 1224 τὴν
1052 1156 1396 1227 οἰκουμένην.
1440 1175 1459 1207 ι
1488 1155 1661 1209 Τοῦτο

87 1246 373 1301 ἀκόλουθόν
416 1249 536 1300 ἐστι
610 1249 679 1317 τῇ
740 1247 853 1302 ἄνω
900 1247 1009 1300 τῶν
1050 1247 1301 1315 ἀγγέλων
1356 1249 1663 1317 συγκρίσει.

90 1336 221 1388 ἐδει
249 1336 370 1407 γάρ
398 1335 479 1405 τῷ
516 1336 763 1406 μεγίστῳ
790 1335 1054 1405 κτίσματι
1079 1338 1193 1398 τοῖς
1224 1336 1501 1403 ἀγγέλοις,
1535 1352 1669 1387 του-

87 1428 239 1491 τέστι,
288 1431 389 1481 τὸν
430 1429 573 1491 κατά
606 1429 786 1499 σάρκα
818 1428 1055 1498 Χριστὸν
1110 1426 1495 1497 συγκρίνοντα,
1547 1426 1668 1496 μεί-

90 1521 200 1584 (ova
222 1520 326 1573 άτε
381 1522 666 1590 Δεσπότην
685 1519 974 1575 δεικνύειν.
1035 1520 1355 1574 Μέλλουσαν
1395 1519 1452 1572 δὲ
1498 1522 1669 1573 οίκουο

92 1613 245 1682 μένην
278 1614 444 1681 φησὶ,
476 1612 569 1664 τὸν
597 1612 855 1681 ἐσόμενον
889 1613 1115 1682 κόσμον.
1168 1613 1305 1682 Περὶ
1349 1605 1429 1677 οὗ,
1480 1612 1667 1682 φησὶν,

87 1707 111 1756 ὀ
153 1706 303 1766 Ξιπας
338 1702 501 1771 λόγος
548 1705 703 1773 ἡμῖν.
763 1704 934 1766 Αὐτὸς
981 1690 1099 1772 γὰρ¹
1141 1701 1333 1773 κριτὴς
1369 1704 1396 1756 ὁ
1436 1701 1671 1771 Χριστὸς

88 1797 294 1866 ἐκείνης
327 1797 642 1849 καθεδεῖται
670 1798 771 1863 τῆς
809 1796 1156 1865 οίκουμὲνης.
1209 1794 1276 1850 Ol
1324 1795 1380 1849 δὲ
1422 1794 1666 1862 ἄγγελοι,

88 1891 152 1951 ὡς
182 1889 508 1956 λειτουργοὶ
546 1889 643 1941 καὶ
677 1886 855 1941 δοῦλοι
889 1888 1276 1958 παρίστανται.
1325 1884 1666 1955 «Διεμαρτύ-

90 1999 210 2051 pato
238 1982 299 2035 δέ
336 1980 444 2033 πού
480 1998 562 2044 τις
590 1981 817 2048 λέγων.»
871 1980 959 2044 Ὠς
986 1980 1120 2049 πρὸς
1156 1979 1365 2041 εἰδότας
1404 1978 1667 2047 τάςΓρα-

89 2075 183 2143 9‘1;
230 2072 650 2140 διαλεγόμενος,
700 2072 762 2123 οὑ
790 2071 976 2141 τίθησι
1007 2071 1118 2123 τῶν
1146 2070 1414 2138 λεγόντων
1459 2069 1528 2123 τὰ
1554 2068 1667 2121 ὀνό-

90 2185 249 2235 ματα.
302 2186 322 2217 «
352 2165 423 2219 Τί
476 2168 625 2217 ἐστιν
682 2164 1013 2234 ἀνθρωποςς
1045 2183 1063 2216 ι
1320 2161 1477 2224 Τίνος
1510 2163 1668 2231 χάριν

89 2257 321 2328 προάγει
347 2255 473 2317 νῦν,
510 2256 596 2319 τδ,
638 2255 691 2307 τί
744 2255 892 2307 ἐστιν
945 2254 1233 2326 ἄνθρωπος
1272 2255 1354 2307 ὅτι
1387 2253 1670 2323 μιμνήσκῃ

89 2351 287 2415 αὑτοῦ;
328 2349 563 2419 Ἐπειδὴ
607 2348 921 2402 άντιπίπειν
978 2347 1131 2416 αὑτῷ
1178 2346 1352 2401 ἐδόκει
1403 2346 1541 2416 πρὸς
1573 2348 1673 2416 τὴν

90 2444 369 2515 πρόθεσιν,
402 2442 453 2511 (ό
487 2441 589 2512 μιν
630 2440 739 2513 γάρ
801 2441 1023 2510 μείζονα
1047 2440 1284 2492 δεικνυει
1308 2439 1672 2509 τὸν.Χριστδν

88 2537 189 2589 τῶν
222 2533 533 2604 ἀγγᾶλων),
573 2532 637 2586 τὺ
666 2532 745 2597 δὲ,
781 2532 952 2603 βραχύ
976 2549 1029 2585 τι
1054 2529 1401 2601 ἡλαττῶσθαι
1430 2531 1559 2601 παρ’
1578 2530 1675 2583 αὑ-

90 2627 228 2690 τούς.
273 2626 370 2678 Διὸ
389 2623 610 2694 τίθησιν
645 2622 801 2687 αὑτὸ,
844 2623 931 2675 ἵνα
967 2622 1067 2691 τὴν
1090 2619 1355 2674 δοκοῦσαν
1401 2619 1674 2675 ἀντίθεσιν

92 2718 243 2788 λύσῃ.
276 2716 395 2768 Καὶ
430 2714 579 2767 λύων
600 2713 768 2783 φησὶν
794 2712 1045 2782 εἰρῆσθαι
1071 2711 1236 2765 αὑτὸν
1269 2710 1673 2781 ἠλαττωμένον,

92 2809 173 2862 διὰ
209 2810 271 2861 τὸ
316 2806 561 2876 πάθημα
590 2804 684 2858 τοῦ
737 2804 993 2857 θανάτου.
1034 2804 1302 2873 «Εἶδομεν
1351 2804 1459 2873 γάρ
1488 2802 1671 2867 αὑτὸν,

94 2902 182 2955 καὶ
201 2900 306 2954 οὐκ
337 2893 491 2968 εἶχεν
530 2892 670 2960 εἶδος
694 2896 816 2950 οὐδὲ
864 2895 1081 2958 κάλλος.
1098 2914 1117 2949 ι
1152 2895 1439 2964 Συγχωρεῖ
1464 2894 1520 2947 δὲ
1539 2894 1676 2959 τέως

93 2993 184 3048 καὶ
227 2993 291 3046 τὸ
348 2990 521 3063 ῥητὸν
568 2988 820 3059 εἰρῆσθαι
854 2989 948 3041 ἐπὶ
987 2987 1083 3040 τοῦ
1129 2987 1427 3049 Δεσπότου,
1482 2986 1671 3056 ἐπειδὴ

93 3086 465 3159 ἐχρησίμευεν
506 3082 657 3150 αὑτῷ
706 3084 801 3135 καὶ
833 3082 912 3144 είς
961 3082 1023 3135 τὸ
1067 3081 1307 3145 ἐκείνους
1346 3080 1678 3153 παραμυθή-

1764 602 2246 672 superventionem
2274 602 2411 657 liunt
2441 603 2529 656 illa
2550 618 2671 673 quae
2702 610 2830 659 sunt
2873 601 3044 656 divini
3096 602 3342 656 testium-

1763 696 1863 750 nii.
1912 694 2050 749 Dicit
2098 702 2281 749 autem
2335 692 2847 759 Distributionibus,
2879 711 2945 750 co
2972 696 3117 765 quod
3174 693 3341 749 veluti

1763 786 2130 842 distribuatur
2154 785 2461 855 spiritualis
2514 788 2710 855 gratia,
2766 795 2819 841 et
2856 789 3011 857 juxta
3074 786 3343 855 cujusque

1766 893 2105 946 mensuram,
2143 885 2200 933 et
2256 878 2412 949 juxta
2453 876 2577 932 ﬁdei
2632 880 3062 948 proportionem,
3103 889 3157 931 et
3194 879 3343 932 velut

1764 973 1867 1042 ipsi
1892 974 2190 1043 expediens
2240 979 2325 1026 est
2349 972 2415 1024 ¹⁶.
2460 989 2479 1023 ‹
2518 969 2682 1026 Juxta
2706 973 2876 1039 ipsius
2906 973 3278 1025 voluntatem:
3319 989 3337 1022 ι

1767 1066 2032 1120 Paracleti
2086 1064 2359 1119 videlicet.
2396 1063 2677 1128 Dividens,
2735 1064 2931 1132 inquit,
2986 1078 3083 1117 sua
3144 1060 3343 1132 cui'que

1774 1158 1921 1211 sicut
1950 1157 2083 1209 vult.
2123 1173 2142 1205 «
2180 1154 2297 1209 Νοη
2329 1156 2473 1209 enim
2505 1156 2711 1224 angelis
2736 1154 2967 1224 subjecit
2990 1155 3197 1225 ‘orhcm
3233 1164 3343 1207 ter-

1768 1264 1896 1303 rte.)
1934 1247 2051 1302 Hoc
2080 1262 2424 1316 consequens
2455 1257 2540 1302 est
2563 1248 2627 1300 ad
2665 1248 3146 1315 comparationem
3177 1261 3345 1314 ange-

1769 1339 1945 1393 lorum
1996 1352 2118 1406 qua:
2171 1337 2426 1406 superius
2488 1337 2666 1406 posita
2722 1344 2827 1391 est.
2887 1336 3136 1405 Oportuit
3199 1339 3341 1391 enim

1773 1430 2079 1501 potissimm
2127 1438 2417 1495 creaturae,
2488 1438 2619 1497 puta
2677 1429 2959 1497 angelicae,
3014 1429 3344 1483 conferendo

1768 1521 2045 1578 Christum
2080 1519 2381 1576 secundum
2434 1534 2686 1586 carnem,
2721 1518 3012 1573 ostendere
3054 1534 3177 1572 eum
3227 1535 3347 1574 esse

1772 1612 2034 1681 majorem
2072 1623 2331 1682 tanquam
2366 1613 2678 1668 Dominum.
2718 1612 2990 1667 Futurum
3043 1624 3220 1666 autem
3256 1628 3347 1668 or-

1772 1704 1894 1761 bem
1927 1716 2086 1760 terra;
2117 1706 2250 1759 dicit
2287 1706 2528 1760 futurum
2557 1708 2841 1762 mundmn.
2876 1705 2951 1761 De
2981 1723 3110 1776 quo,
3147 1708 3344 1776 inquit,

1773 1798 1954 1851 omnis
1979 1811 2161 1851 sermo
2189 1797 2350 1851 nobis
2383 1808 2486 1851 est.
2519 1798 2638 1865 Ipse
2668 1800 2810 1851 enim
2836 1796 3092 1853 Christus
3133 1798 3347 1851 sedebit

1769 1888 1936 1958 judex
1972 1890 2122 1945 illius
2149 1890 2299 1944 orbis
2326 1899 2484 1945 terra:
2511 1911 2523 1945 :
2556 1892 2731 1961 angeli
2759 1907 2889 1945 vero
2916 1900 3174 1960 tanquam
3204 1894 3344 1947 servi

1770 1996 1836 2037 ac
1897 1982 2135 2037 ministri
2194 1984 2439 2037 stabunt.
2495 2002 2513 2035 «
2548 1983 2803 2039 Testatus
2829 1991 2913 2037 est
2942 1992 3123 2039 autem
3148 1985 3347 2038 alicubi

1770 2073 1991 2143 quidam
2024 2075 2211 2127 dicens
2239 2114 2252 2126 .
2298 2094 2317 2125 ι
2352 2072 2630 2143 Tanquam
2664 2076 2733 2129 ad
2769 2090 2864 2129 eos
2892 2076 2983 2144 qui
3039 2074 3350 2143 Scripturas

1772 2174 2046 2220 noverant
2069 2165 2371 2229 disserens,
2406 2180 2514 2219 non
2548 2165 2701 2235 ponit
2727 2180 2918 2220 eorum
2981 2167 3202 2220 nomina
3254 2168 3350 2236 qui

1772 2257 2013 2317 dicunt:
2057 2276 2076 2308 «
2122 2256 2276 2325 Quid.
2301 2267 2384 2312 est
2434 2258 2652 2311 homo?
2694 2276 2712 2308 ι
2760 2256 2934 2323 Quam
2999 2258 3067 2311 ob
3127 2274 3349 2313 caushm

1772 2364 1918 2404 nunc
1952 2350 2104 2414 citat,
2136 2348 2277 2414 Quid
2305 2356 2386 2402 est
2418 2348 2582 2403 homo
2612 2349 2759 2418 quod
2794 2363 3003 2402 memor
3057 2358 3140 2403 est
3191 2350 3354 2417 ejus?

1773 2441 2043 2507 Quoniam
2099 2440 2321 2495 obstare
2372 2455 2474 2495 suo
2528 2441 2812 2509 proposito
2873 2440 3178 2507 ridebatur,
3237 2442 3352 2511 ipse

1772 2531 1918 2586 enim
1958 2530 2198 2585 ostendit
2224 2529 2506 2584 Christum
2539 2529 2744 2599 angelis
2793 2543 2915 2583 esse
2965 2529 3251 2597 majorem,
3286 2530 3351 2583 il-

1774 2623 1865 2679 lud
1887 2637 2013 2678 vero
2046 2623 2122 2676 ait
2152 2622 2435 2692 paululum
2462 2622 2671 2691 angelis
2698 2620 2900 2675 factum
2951 2636 3074 2676 esse
3117 2621 3348 2675 inferio-

1774 2729 1913 2770 rem.
1949 2713 2110 2769 Ponit
2142 2714 2326 2783 itaque
2353 2713 2477 2776 hoc,
2509 2722 2708 2766 uteam
2763 2727 2885 2780 quae
2914 2712 3153 2776 videtur,
3179 2713 3352 2768 solvat

1776 2805 2187 2876 objectionem:
2232 2813 2287 2858 et
2336 2806 2558 2860 solvens
2601 2805 2676 2858 ait
2723 2804 2928 2858 dictum
2978 2820 3099 2861 esse
3150 2806 3349 2860 factum

1777 2895 2095 2951 inferiorem
2132 2906 2354 2965 propter
2388 2896 2581 2950 mortis
2645 2897 2978 2965 passionem.
3045 2914 3063 2947 «
3106 2895 3353 2951 Vidimus

1777 2998 2016 3054 namque
2035 2999 2158 3037 eum
2193 2993 2246 3038 et
2282 2997 2389 3037 non
2422 2984 2656 3038 habebat
2682 2986 2914 3053 speciem
2962 3000 3138 3054 neque
3191 2986 3353 3040 dcco-

1777 3088 1893 3129 rem
1923 3076 1989 3129 ".
2021 3093 2040 3126 ι
2076 3074 2302 3129 Interim
2333 3085 2513 3129 autem
2539 3076 2790 3129 concedit
2830 3077 2996 3130 etiam
3028 3078 3080 3130 id
3136 3076 3344 3132 dictum

97 3175 282 3229 σασθαι
307 3215 324 3238 ,
378 3172 444 3226 se
475 3170 665 3226 Πάντα
709 3168 984 3233 ὑπέταξας
1028 3168 1289 3221 ὑποκάτω
1332 3168 1441 3221 τῶν
1495 3167 1673 3221 ποδῶν

1778 3164 1949 3220 fuisse
1993 3165 2061 3220 de
2083 3164 2334 3230 Domino,
2373 3166 2630 3235 quoniam
2651 3165 2757 3219 sibi
2789 3181 3008 3236 quoque
3065 3168 3355 3233 serviebat,

96 3266 270 3322 αὑτοῦ.
316 3266 482 3319 «⁸οτι
514 3264 800 3335 μιμνήσκῃ
827 3261 1048 3316 αὑτοῦ.)
1086 3258 1418 3333 [θΕΟΔΩΡ.]
1464 3260 1539 3315 Οὐ
1565 3260 1673 3331 γάρ

1780 3254 1989 3311 utillos
2024 3256 2427 3323 consolaretur,
2458 3255 2604 3325 quod
2650 3257 2897 3311 dicitur:
2962 3256 3155 3311 Omnia
3222 3259 3355 3313 sub-

101 3360 257 3426 μόνον
284 3358 373 3420 εἰς
404 3355 467 3409 τὸ
500 3350 641 3408 εἶναι
678 3355 1019 3423 παρήγαγες,
1058 3352 1232 3406 καὶτὸ
1255 3351 1314 3405 εὖ
1344 3346 1483 3406 εἶναι
1514 3350 1673 3405 δεδώι

1779 3347 1965 3419 jecisti
2002 3346 2109 3402 sub
2132 3348 2361 3419 pedibus
2388 3348 2531 3414 ejus.
2564 3348 2827 3414 -—rQuod
2852 3364 3060 3404 memor
3083 3364 3143 3403 es
3171 3350 3347 3418 ejus.»

100 3465 274 3519 ρησαι,
300 3447 407 3502 καὶ
438 3445 793 3518 μεμνημένος
826 3443 1111 3510 διατελεῖς,
1151 3445 1244 3497 καὶ
1268 3443 1454 3506 κακῶς
1471 3442 1677 3496 διακεί-

102 3558 252 3609 μενον
294 3538 645 3608 δεισιέπτῃ.
694 3555 714 3589 «
755 3536 1099 3599 Ἦλάττωσας
1139 3535 1323 3588 αὑτόν.
1348 3551 1369 3587 ι
1416 3531 1677 3587 Ἐνταῦθα

98 3631 190 3700 τῆς
212 3631 359 3701 μετὰ
382 3628 489 3699 τὴν
522 3626 835 3699 παράϐασιν
860 3626 1264 3696 ἐμνημόνευσεν
1296 3624 1677 3694 ἀποφάνσεως.

100 3720 182 3790 Τῷ
231 3719 424 3791 θνητῷ
451 3718 584 3790 γάρ,
632 3717 742 3771 τῶν
791 3717 1038 3785 ἀγγέλων
1102 3716 1439 3785 ἠλάττωται.
1490 3712 1680 3767 Ταῦτα

100 3810 326 3882 ἁρμόζει
364 3810 473 3881 μὲν
524 3811 621 3862 καὶ
649 3812 731 3872 τίς
760 3809 859 3880 τὴν
890 3807 1074 3879 κοινὴν
1099 3806 1519 3878 ἀνθρωπότητα,
1573 3804 1679 3875 μά-

101 3904 249 3957 λιστα
274 3904 333 3956 δὲ
362 3904 447 3964 εἰς
477 3901 571 3955 τὸν
601 3902 744 3956 κατά
773 3901 952 3971 σάρκα
971 3902 1226 3971 Χριστόν.
1269 3899 1414 3952 «Νῦν
1441 3899 1498 3952 δὲ
1520 3897 1677 3952 οὑπω

100 3994 307 4065 δρῶμεν
364 3992 521 4061 αὑτῷ
568 3992 637 4045 τά
697 3991 876 4047 πάντα
927 3991 1405 4061 ὑποτεταγμένα.)
1465 3989 1683 4062 Ἐπειδὴ

103 4087 202 4156 γὰρ
242 4078 431 4138 εἶπενο
460 4083 630 4136 οὐδὲν
663 4084 874 4151 ἀφῆκεν
906 4081 1055 4151 αὑτῷ
1096 4082 1493 4144 ἀνυπότακτον,
1536 4076 1683 4135 οὗτοι

106 4176 153 4229 δὲ
177 4175 370 4238 κακῶς
390 4176 635 4243 ἔπασχον
660 4175 755 4225 καὶ
782 4173 1087 4243 ἡρπάζοντο
1112 4174 1261 4245 παρά
1280 4172 1389 4226 τῶν
1418 4170 1684 4226 Ἰουδαίων

106 4269 205 4321 sint
247 4265 642 4337 ὲμμεινάντων
683 4267 749 4335 τῇ
781 4265 1033 4336 ἀπιστίᾳ,
1074 4264 1163 4318 ἵνα
1204 4264 1281 4337 μὴ
1330 4264 1685 4335 άμφιόάλωσι

109 4359 233 4428 πρὸς
266 4359 339 4411 τά
368 4356 666 4427 είρημένα,
698 4355 857 4425 φησί·
890 4356 982 4424 Μὴ
1013 4353 1351 4425 θορυϐεῖσθε.
1385 4352 1552 4407 Οὔπω
1576 4354 1685 4423 γάρ

111 4452 280 4505 πάντα
309 4448 465 4511 αὑτῷ
495 4447 882 4510 ὑποτέτακται,
933 4444 1089 4499 οὑπω
1122 4445 1182 4498 τὸ
1217 4446 1482 4515 κήρυγμα
1522 4442 1686 4497 κατέ-

114 4560 369 4614 σπαρται,
410 4538 569 4594 οὔπω
596 4538 897 4610 ἐκράτησεν
923 4538 952 4590 ό
984 4535 1239 4606 βασιλεὺς
1271 4534 1547 4605 καθαρῶς.

725 4828 975 4885 ΚΕΦΔΛ.
1008 4828 1079 4883 Ρ.

145 4951 237 5001 Οτι
270 4930 586 5010 ἐσαρκώθη
645 4939 795 4994 κατὰ
841 4939 1123 5010 διάθεσιν-ξ
1165 4938 1263 5010 agat
1302 4938 1681 5006 συμπάθειαν

181 5020 275 5069 καί
332 5006 671 5075 οἰκειότητα
724 5010 837 5075 τὴν
897 5008 1043 5075 πρὸς
1094 5006 1251 5075 ἡμᾶς
1285 5009 1382 5061 ἐπὶ
1426 5010 1687 5074 σωτηρΙᾳ

181 5085 510 5153 ἀνθρώπων
534 5079 606 5148 τῇ
638 5081 706 5133 ἐκ
739 5078 1017 5144 θανάτου,
1048 5077 1145 5131 διὰ
1184 5077 1292 5146 τῆς
1325 5078 1476 5145 πρὸς
1501 5077 1687 5131 αὐτόν

182 5154 556 5215 οίτειώσεως.

188 5268 291 5319 τὸν
316 5264 385 5316 δὲ
410 5260 616 5329 βραχύ
657 5276 709 5312 τι
740 5259 876 5327 παρ’
904 5257 1199 5328 ἀγγέλους
1245 5258 1687 5326 ἠλαττωμένον,

116 5359 424 5426 βλέπομεν
488 5351 734 5418 Ἰησοῦν
764 5351 863 5405 διὰ
900 5352 966 5405 τὸ
997 5352 1241 5419 πάθημα
1268 5349 1374 5403 τοῦ
1406 5350 1683 5414 θανάτου,

119 5448 257 5514 δόξῃ
279 5446 381 5500 καί
407 5443 550 5513 τιμῇ
583 5441 1097 5510 ἐστεφανωμένον,
1130 5440 1288 5505 ὅπως
1319 5440 1509 5509 χάριτι
1541 5440 1688 5495 Θεοῦ

120 5539 261 5606 ὑπὲρ
320 5536 557 5601 παντὸς
616 5534 902 5602 γεύσηται
958 5530 1238 5585 θανάτου.
1304 5532 1559 5598 Ἔπρεπε
1580 5531 1689 5600 γὰρ

119 5630 270 5695 αὐτῷ
296 5629 374 5683 δι’
406 5628 483 5682 ὃν
506 5625 580 5679 τὰ
604 5622 825 5687 πάντα,
861 5623 959 5677 καὶ
987 5622 1063 5676 δι’
1091 5617 1162 5677 οὗ
1206 5621 1275 5675 τὰ
1298 5621 1514 5688 πάντα,
1546 5625 1695 5676 πολ-

222 5807 263 5839 “
298 5808 315 5861 l
391 5805 523 5861 Cor.
560 5818 653 5870 xu,
691 5803 718 5859 1
767 5816 920 5873 seqq.
1001 5802 1043 5836 "
1078 5801 1186 5858 lsa.
1220 5816 1334 5867 Lm,
1372 5800 1425 5854 ἓ.

1779 3437 1965 3509 Neque
2000 3438 2143 3493 enim
2171 3438 2413 3494 tribuisti
2438 3449 2652 3494 tantum
2693 3448 2750 3494 ut
2792 3448 2958 3502 esset,
3008 3441 3104 3495 sed
3159 3440 3355 3495 dedisti

1776 3544 1999 3599 quoque
2048 3537 2109 3582 ut
2160 3528 2299 3584 bene
2353 3540 2524 3595 esset,
2581 3539 2635 3584 et
2682 3531 2942 3586 continue
2990 3546 3197 3586 memor
3236 3532 3357 3601 ejus

1780 3633 2102 3690 perseveras
2133 3626 2189 3673 et
2224 3620 2382 3675 malis
2412 3618 2666 3676 allectum
2702 3622 3043 3677 consideras.
3090 3639 3110 3673 «
3151 3622 3355 3676 Minui-

1781 3708 1853 3764 sti
1883 3724 2032 3765 eum.
2071 3726 2091 3760 ι
2121 3707 2219 3763 llic
2247 3711 2528 3765 sententia:
2552 3711 2800 3766 meminit
2834 3728 2956 3782 quae
3003 3721 3126 3781 post
3176 3722 3359 3768 trans-

1778 3799 2119 3869 gressioaem
2165 3801 2273 3854 lata
2307 3809 2393 3857 est
2447 3803 2824 3868 ;morta|itate
2856 3804 3002 3858 enim
3040 3805 3360 3860 imminutus

1780 3896 1865 3943 est
1890 3888 1958 3943 ab
1981 3889 2209 3956 angelis.
2232 3892 2361 3945 Haec
2380 3892 2599 3961 quidem
2617 3901 2767 3962 aptat
2795 3894 2958 3947 etiam
2991 3893 3059 3957 ad
3100 3909 3351 3949 commu-

1783 3992 1906 4033 nem
1926 3979 2341 4047 humanitatem,
2363 3982 2597 4037 maxime
2616 3995 2798 4037 autem
2824 3985 2889 4036 ad
2914 3984 3186 4039 Chrismm
3204 3986 3358 4055 juxta

1784 4084 2028 4125 carnem.
2066 4089 2083 4121 «
2116 4070 2277 4126 Nunc
2308 4086 2437 4126 vero
2477 4073 2715 4127 nondum
2742 4074 2990 4130 videmus
3051 4078 3233 4130 omnia
3283 4078 3358 4132 illi

1783 4175 1908 4215 esse
1929 4160 2206 4230 subjecta.
2252 4180 2272 4213 ι
2305 4160 2578 4227 Quoniam
2604 4166 2749 4219 enim
2790 4166 2968 4219 dixit:
3003 4164 3147 4220 Nihil
3179 4168 3363 4223 omisit

1786 4251 1865 4306 illi
1899 4266 2008 4305 non
2069 4252 2399 4320 subjectum,
2467 4253 2524 4307 hi
2582 4264 2763 4309 autem
2798 4258 2956 4310 malis
2989 4257 3364 4313 adiciebantur

1787 4351 1841 4397 et
1856 4342 2210 4411 rapiebantur
2225 4357 2412 4397 eorum
2429 4344 2571 4398 bona
2593 4359 2622 4397 a
2638 4344 2864 4412 Iudaeis,
2891 4348 2983 4415 qui
3018 4349 3071 4400 in
3114 4350 3366 4403 incredu-

1792 4432 2022 4487 dulitate
2044 4444 2461 4499 permanserant
2495 4452 2510 4489 :
2545 4450 2612 4489 ne
2645 4438 2792 4490 circa
2823 4452 2884 4490 ea
2917 4453 3038 4507 qua:
3067 4437 3211 4492 dicta
3235 4449 3365 4493 sunt

1723 4515 1767 4573 Ι)
1795 4525 2138 4589 haesitarent,
2163 4526 2239 4577 ait
2268 4526 2470 4596 :328
2490 4526 2567 4582 Ne
2596 4530 2891 4583 turbemini
2916 4548 2931 4585 :
2954 4532 3191 4585 nondum
3218 4536 3362 4587 enim

1788 4617 1970 4673 omnia
1989 4617 2063 4670 illi
2084 4616 2329 4685 subjecta
2346 4627 2493 4683 sunt,
2512 4622 2756 4675 nondum
2782 4622 3098 4692 praedicatio
3117 4625 3365 4695 dispersa

1790 4717 1894 4774 est,
1927 4708 2167 4764 nondum
2204 4724 2295 4762 rex
2328 4709 2612 4767 manifeste
2669 4714 2879 4784 acet-pit
2903 4716 3212 4783 imperium.

2420 4822 2646 4879 CAPUT
2679 4823 2765 4879 Ill.

1796 4936 1948 5002 Quod
1986 4954 2199 4991 carnem
2240 4941 2585 5007 assumpseril
2641 4939 2803 5007 juxta
2860 4941 3256 5005 dispositionem
3317 4953 3366 4995 et

1864 5007 2251 5080 condoleutiam
2311 5026 2373 5061 ac
2437 5010 2853 5077 familiaritatem
2909 5027 3064 5078 quant
3102 5027 3225 5080 erga
3274 5028 3367 5065 nos

1862 5077 2067 5148 liabuit,
2100 5088 2155 5130 ut
2186 5079 2444 5132 hominem
2480 5094 2511 5131 a
2537 5089 2703 5131 morte
2728 5095 2819 5144 per
2843 5077 3263 5148 fuiiiiliaritateiit
3298 5082 3367 5133 ad

1865 5147 2035 5215 ipsum
2061 5148 2331 5201 liberaret.

1867 5261 1953 5326 Η,
1989 5260 2042 5325 9,
2079 5262 2164 5316 10.
2197 5260 2332 5315 Eum
2359 5278 2478 5315 uero
2505 5263 2593 5331 qui
2625 5262 2900 5332 paululum
2923 5264 3216 5319 diminutas
3246 5267 3362 5335 fue-

1793 5341 1877 5405 rat
1901 5352 2043 5419 infra
2077 5354 2313 5424 angelos,
2347 5357 2613 5407 cernimus
2648 5353 2832 5408 Iesum
2889 5368 3101 5425 propter
3155 5363 3366 5412 crucia.

1794 5454 1902 5497 tum
1938 5446 2126 5498 mortis
2180 5446 2351 5515 gloria
2406 5458 2455 5500 et
2508 5446 2701 5501 honore
2753 5460 3108 5503 coronatum:
3164 5461 3222 5502 ut
3274 5467 3367 5517 per

1796 5537 2027 5607 gratiam
2090 5536 2184 5591 Dei
2240 5554 2333 5607 pro
2388 5540 2629 5592 universo
2663 5540 2786 5593 orbe
2825 5550 3060 5611 gustaret
3127 5552 3364 5595 mortem.

1802 5626 2189 5682 Decebatenim
2215 5644 2331 5683 eum
2363 5638 2575 5698 propter
2599 5645 2750 5698 quem
2770 5640 2891 5685 sunt
2949 5629 3149 5697 omnia,
3190 5640 3237 5683 et
3278 5648 3369 5685 θρι-
