4144 6456
87 400 168 462 997

89 513 219 581 ἡμεῖς
249 510 298 563 δὲ
332 509 497 563 θετοί.
564 509 622 563 '0
671 508 771 579 μὲν
811 505 994 572 σώζει,
1036 509 1198 578 ἡμεῖς
1227 508 1283 560 δὲ
1313 506 1623 578 σωζόμεθα.
1658 513 1704 565 Α

95 602 198 655 idib
228 600 566 670 παθημάτων
597 599 934 652 τελειῶσαι.»
980 598 1261 662 Τουτόστι,
1295 599 1358 651 τὸ
1385 598 1630 651 ἐλλεῖπον

89 692 643 764 αὺτῷνὰναπληρῶσαι.
676 692 741 744 Τί
767 691 826 744 δὲ
857 691 1104 745 ἐνέλειπε
1141 692 1219 762 τῷ
1249 691 1470 761 Χριστῷ
1497 690 1632 744 καθὸ

91 787 258 838 νοεῖται
284 785 602 854 ἄνθρωπος
652 785 714 836 τὸ
757 782 1027 836 ἀθάνατον
1059 782 1282 854 δηλαδὴ,
1308 784 1395 836 ἵνα
1424 783 1485 834 τὸ
1511 783 1630 836 κατ’

91 877 243 929 εἰκόνα
284 874 384 946 ἔχῃ
424 873 748 936 ἀνελλιπῶς.
804 873 1220 945 Ἀνεπλήρωσεν
1266 873 1358 926 οὖν
1397 873 1546 944 αὐτῷ
1572 875 1632 929 τὸ

90 967 241 1020 λεῖπον
278 969 306 1019 6
340 967 534 1036 Πατὴρ
574 966 665 1019 διὰ
703 967 802 1036 τῆς
848 967 1220 1029 ἀναστάσεως.
1248 966 1349 1019 Διὰ
1382 967 1548 1036 μέσου
1573 966 1630 1020 δὲ

92 1056 247 1118 αὐτοῦ,
285 1056 499 1119 πάντας
539 1055 864 1128 ἀνθρώπους
910 1056 1272 1126 ἀναπληρῶν,
1309 1057 1490 1120 καθὼς
1533 1058 1630 1111 καὶ

91 1147 285 1218 ἀλλαχοῦ
316 1165 486 1218 φησιν
531 1151 560 1201 6
587 1148 750 1211 αὐτὸς
780 1148 1135 1212 Ἀπόστολος’
1172 1149 1281 1203 Καὶ
1301 1148 1627 1214 τελειωθεὶς,

89 1244 246 1309 γέγονε
280 1244 392 1304 τοῖς
439 1244 520 1304 είς
561 1242 726 1296 αὑτὸν
758 1241 1037 1305 ιλπιζουσι
1065 1239 1324 1310 πρόξενος
1355 1239 1630 1311 σωτηρίας

91 1333 415 1386 ἀκαταλύτου.
449 1331 638 1396 οὕτως
660 1332 690 1384 6
723 1335 782 1386 tv
810 1333 989 1401 ἁγίοις
1028 1332 1296 1402 Κύριλλος
1337 1334 1432 1386 καὶ
1461 1332 1632 1402 Σευῆ-

89 1440 162 1494 ρος
183 1426 232 1477 iv
255 1426 330 1496 τῷ
349 1423 458 1493 956‘
488 1424 770 1496 κεφαλαίῳ
799 1425 894 1480 τοῦ
925 1424 1334 1495 Φιλαλήθους.

143 1727 206 1780 Ὀ
246 1743 304 1780 τε
333 1726 448 1794 γὰρ
493 1723 743 1795 ἁγιάζων
773 1727 869 1779 καί
903 1727 958 1779 οἱ
985 1723 1372 1795 ἁγιαζόμενοι,
1401 1726 1471 1790 ἐξ
1495 1727 1632 1792 ἑνὸς

88 1815 291 1881 πάντες.
307 1817 389 1869 Δι’
418 1813 501 1882 ῆν
521 1817 723 1869 αίτίαν
744 1817 855 1870 οὐκ
880 1799 1312 1884 ἐπαῖσχύνεται
1327 1814 1631 1884 ἀδελφοὺς
1665 1862 1706 1916 Β

86 1908 271 1973 αὐτοὺς
297 1907 531 1971 καλεῖν,
565 1905 782 1977 λέγων’
827 1907 1172 1976 Ἀπαγγελῶ
1195 1909 1258 1961 τὸ
1296 1906 1484 1976 ὄνομά
1512 1921 1630 1961 σου

86 1999 180 2065 τοῖς
226 2001 514 2069 ἀδελφοῖς
558 2019 698 2068 μου,
744 2001 813 2053 ἐν
840 2000 1009 2068 μέσῳ
1045 2000 1412 2065 Ἐκκλησίας
1442 1999 1630 2068 ὑμνήε

86 2107 153 2144 σω
177 2108 260 2146 σε.
315 2093 428 2147 Kal
473 2092 680 2145 πάλιν·
725 2091 868 2160 Ἐγὼ
919 2090 1132 2160 ἔσομαι
1188 2092 1483 2157 πεποιθὼς
1537 2092 1630 2146 ἐπ’

86 2183 232 2248 αὐτῷ.
283 2184 391 2238 Καί
445 2183 656 2238 πάλιν·
709 2183 866 2238 Ἰδοὺ
916 2182 1032 2252 ἐγὼ
1082 2184 1180 2237 καί
1233 2185 1305 2236 τὰ
1350 2185 1560 2238 παιδία
1595 2181 1634 2239 ἄ

82 2292 157 2340 μοι
194 2276 410 2330 ἔδωκεν
455 2280 488 2330 ό
523 2276 687 2340 Θεός.
761 2274 924 2328 Ἐπεί
946 2270 1060 2329 οὖν
1088 2273 1160 2327 τὰ
1190 2274 1399 2329 παίδιά
1437 2292 1632 2330 xsth-

83 2365 274 2433 ι’ώνηκε
324 2367 560 2436 σαρκὸς
606 2367 702 2420 καί
760 2367 1039 2435 αἳματος,
1095 2366 1191 2420 καί
1229 2367 1413 2433 αὐτὸς
1447 2383 1633 2436 παρα-

84 2459 320 2524 πλησίως
344 2459 614 2528 μετέσχε
640 2457 761 2510 τῶν
785 2457 1008 2520 αὐτῶν,
1042 2459 1142 2512 ἵνα
1173 2455 1271 2513 διὰ
1310 2460 1416 2514 τοῦ
1448 2461 1633 2514 θανά-

82 2566 164 2602 rcv
182 2551 527 2621 καταργήσῃ
568 2551 677 2604 τὸν
710 2550 777 2603 τό
807 2549 1026 2618 κράτος
1055 2551 1275 2618 ἔχοντα
1303 2552 1410 2606 τοῦ
1448 2555 1634 2608 θανά-

84 2657 182 2704 rcv,
210 2643 504 2704 τουτέστι,
537 2642 644 2695 τὸν
671 2641 976 2706 διάϐολον,
1011 2645 1108 2697 καὶ
1139 2643 1464 2713 ἀπαλλάξῃ
1496 2646 1634 2699 τού-

81 2747 192 2796 τους
238 2734 368 2786 ὅσοι
423 2735 592 2802 φόϐῳ
640 2733 902 2788 θανάτου
956 2731 1054 2787 διὰ
1104 2735 1332 2800 παντὸς
1389 2737 1497 2790 τοῦ
1528 2735 1636 2804 ζῆν

82 2820 244 2889 ἔνοχοι
268 2820 435 2890 ἦσαν
463 2823 766 2891 δουλείας.

142 2915 226 2966 ιὈ
271 2913 543 2982 ἁγιάζων,
605 2935 622 2966 ι
666 2916 963 2981 τουτέστιν,
1004 2919 1032 2971 6
1081 2915 1338 2989 Χριστὸς,
1389 2938 1406 2969 ι
1454 2918 1548 2972 καὶ
1586 2920 1634 2972 cl

84 3001 423 3073 ἁγιαζόμενοι,
470 3025 488 3057 ι
517 3007 801 3060 τουτέστιν
827 3009 875 3061 oi
903 3008 1202 3080 ἄνθρωποι,
1235 3009 1295 3074 ιε
1315 3010 1434 3073 ἑνός
1467 3012 1632 3080 ἐσμεν

81 3093 150 3144 τοῦ
173 3096 294 3149 Θεοῦ
329 3099 427 3150 καὶ
475 3099 707 3169 Πατρος.
758 3099 900 3152 Ἀλλ’
927 3101 957 3153 6
991 3101 1090 3170 μὶν
1125 3101 1359 3170 Χριστὸς
1391 3101 1466 3165 ὡς
1501 3103 1631 3166 Υίὸς

1081 392 1465 454 COMMENT.
1499 393 1575 452 ΙΝ
1618 391 1854 452 EPIST.
1897 391 1996 451 AD
2037 392 2268 456 HEBR.

3200 390 3307 453 298

1732 505 1867 560 Vide
1896 515 2079 560 autem
2105 508 2342 561 filiorum
2397 505 2770 560 diversitatem
2805 521 2818 561 :
2874 505 2990 574 ipse
3021 505 3163 559 enim
3209 523 3309 560 na-

1738 597 1936 653 turalis
1965 606 2074 659 est,
2134 612 2234 652 nos
2284 605 2465 651 autem
2519 598 2794 666 adoptati:
2829 599 2943 667 ipse
2977 598 3171 662 salvat,
3210 614 3311 652 nos

1735 699 1919 742 autem
2008 692 2310 743 salvamnr.
2375 705 2393 737 ι
2459 685 2560 740 Per
2616 686 2944 741 afﬂictiones
3005 686 3309 757 perfectum

1733 782 2006 839 redderet.
2041 803 2059 835 ι
2093 783 2206 837 Hoc
2227 793 2333 846 est,
2365 781 2510 852 quod
2541 782 2642 851 ipsi
2672 784 2858 837 deerat
2880 782 3139 852 expleret.
3167 782 3312 848 Quid

1735 887 1918 934 autem
1951 877 2174 932 Christo
2208 878 2393 933 deerat
2418 887 2690 946 quatenus
2753 877 2919 931 homo
2951 876 3315 944 intelligitur?

1737 969 2125 1024 lmmortalitas
2158 969 2429 1036 videlicet,
2481 980 2538 1026 ut
2590 968 2884 1034 imaginem
2944 968 3166 1022 haberet
3223 968 3312 1021 cui

1735 1064 1871 1118 nihil
1901 1064 2139 1118 deesset.
2173 1063 2476 1132 Complevit
2499 1064 2683 1132 itaque
2717 1061 2877 1116 Pater
2909 1061 3055 1131 quod
3121 1059 3312 1114 deerat

1733 1155 2338 1226 per,resurrectionem.
2372 1155 2471 1209 Per
2493 1156 2730 1209 medium
2767 1169 2896 1210 vero
2925 1153 3098 1224 ipsius
3124 1167 3316 1208 omnes

1733 1247 1974 1319 explevit
2007 1247 2280 1310 homines,
2315 1247 2479 1318 330
2507 1246 2969 1316 quemadmodum
2999 1246 3162 1300 etiam
3183 1245 3312 1299 alibi

1734 1340 1868 1394 dicit
1901 1341 2019 1410 ipse
2075 1339 2420 1410 Apostolus:
2492 1338 2664 1393 Porro
2726 1336 3007 1408 perfectus
3065 1337 3314 1390 redditus

1735 1430 1992 1484 omnibus
2027 1429 2123 1498 qui
2167 1429 2270 1484 sibi
2301 1427 2627 1483 obedierunt
2665 1426 2769 1481 fuit
2797 1441 2964 1481 causa
2997 1421 3196 1481 salutis
3228 1427 3315 1480 in-

1736 1520 2099 1576 dissolubilis.
2129 1521 2206 1574 lta
2240 1521 2402 1575 sentit
2454 1520 2612 1574 divus
2656 1519 2899 1590 Cyrillus
2963 1534 3025 1574 ac
3077 1518 3316 1574 Severus

1736 1613 2035 1667 centesimo
2080 1613 2648 1684 sesagesimo‘quarto
2680 1615 2858 1682 capite
2888 1612 3244 1683 Φιλαλήθους.

1811 1706 2024 1768 Η,-Ι5.
2056 1705 2494 1775 Quandoquidem
2529 1715 2578 1759 et
2621 1706 2711 1774 qui
2777 1707 3079 1774 sanctiﬁcat
3130 1714 3180 1758 et
3225 1705 3317 1774 qui

1739 1799 2152 1867 sanctificantur
2177 1814 2241 1853 ea:
2271 1816 2375 1851 una
2406 1808 2532 1852 sunt
2559 1815 2759 1852 omnes.
2794 1798 2969 1864 Quam
3001 1797 3063 1850 ob
3096 1814 3316 1850 causam

1736 1906 1837 1942 non
1864 1889 2120 1943 erubescit
2155 1890 2347 1958 fratres
2377 1892 2499 1944 illos
2527 1907 2737 1953 uocare,
2770 1889 2987 1945 dicens:
3015 1890 3318 1943 Annuntia-

1737 1980 1800 2031 bo
1833 1996 2021 2032 nomen
2057 1990 2204 2032 tuum
2248 1980 2508 2048 fratribus
2548 1982 2698 2042 meis,
2729 1983 2782 2034 in
2843 1983 3013 2035 medio
3062 1981 3316 2036 Ecclesia

1737 2070 1969 2124 laudabo
1994 2081 2059 2124 te.
2093 2069 2157 2123 Et
2179 2088 2432 2126 rursum:
2470 2071 2581 2141 Ego
2610 2089 2700 2126 ero
2755 2072 2922 2142 ﬁdens
2981 2076 3036 2126 in
3082 2074 3196 2128 illo.
3247 2074 3317 2128 Et

1735 2164 1964 2219 iterum:
1994 2162 2130 2218 Ecce
2166 2182 2260 2235 ego
2309 2176 2356 2218 et
2400 2165 2501 2235 ﬁlii
2557 2181 2686 2235 quos
2752 2167 2896 2219 dedit
2957 2166 3084 2219 mihi
3149 2167 3312 2222 Deus.

1738 2256 2180 2326 Quandoquidem
2213 2258 2375 2327 igitur
2396 2257 2500 2326 ﬁlii
2521 2259 2898 2311 commercium
2950 2257 3143 2311 habent
3195 2275 3315 2311 cum

1737 2365 1896 2402 carne
1940 2359 1990 2402 et
2041 2351 2320 2418 sanguine,
2362 2361 2411 2402 et
2455 2352 2565 2418 ipse
2631 2351 2998 2418 parilormiter
3052 2351 3316 2422 particeps

1740 2440 1914 2507 {actus
1948 2447 2027 2492 est
2060 2439 2385 2504 earumdem,
2418 2450 2475 2492 ut
2512 2455 2602 2508 per
2655 2450 2876 2495 mortem
2921 2443 3147 2496 aboleret
3196 2460 3317 2497 eum

1735 2528 1827 2596 qui
1847 2529 2034 2580 mortis
2089 2527 2252 2580 robur
2294 2527 2541 2593 habebat,
2608 2530 2703 2582 hoc
2743 2539 2844 2592 est,
2888 2529 3162 2584 diabolum
3188 2549 3206 2586 :
3264 2540 3315 2585 et

1736 2619 1928 2672 liberos
1956 2620 2197 2674 redderet
2229 2636 2337 2684 eos,
2361 2622 2657 2690 quicunque
2689 2629 2830 2675 metu
2867 2623 3056 2676 mortis
3075 2639 3168 2692 per
3202 2639 3316 2678 om-

1738 2727 1856 2765 nem
1880 2712 2043 2765 eitam
2073 2713 2286 2766 obnoxii
2307 2721 2458 2766 erant
2481 2713 2743 2768 servituti.

1813 2916 1831 2949 ι
1871 2896 1975 2964 Qui
2009 2903 2343 2964 sanctiﬁcat,
2386 2918 2405 2952 ι
2446 2899 2549 2956 Ιιοο
2573 2908 2677 2968 est,
2731 2901 3010 2968 Christus,
3058 2922 3077 2954 ι
3119 2913 3172 2960 et
3218 2908 3315 2976 qui

1738 2990 2174 3053 sanctiﬁcantur,
2213 3009 2230 3041 ι
2289 2991 2342 3045 id
2363 3001 2471 3055 est,
2523 2992 2795 3058 homines,
2849 3009 2914 3047 ex
2953 3010 3062 3048 uno
3123 3011 3315 3052 sumus

1740 3082 1849 3137 Deo
1870 3091 1922 3137 et
1953 3081 2134 3137 Patre.
2161 3083 2267 3137 Sed
2298 3082 2553 3138 Christus
2580 3083 2819 3154 quidem,
2846 3093 2907 3139 ut
2937 3083 3107 3140 Filius
3132 3095 3187 3140 et
3220 3102 3317 3141 na-

81 3183 150 3235 ui
171 3188 382 3253 γνήσιον
406 3189 662 3259 γέννημα
689 3191 786 3244 καὶ
816 3193 880 3244 ix
903 3191 1007 3261 τῆς
1036 3191 1226 3256 οὐσίας
1267 3192 1361 3245 τοῦ
1397 3195 1630 3264 Πατρὸς,
1662 3192 1687 3251 ί

1739 3173 1934 3228 turalia
1965 3175 2251 3244 progenies
2273 3182 2326 3228 et
2352 3191 2416 3227 ex
2451 3175 2757 3230 substantia
2782 3175 2981 3244 Patris,
3007 3193 3105 3233 nos
3134 3189 3314 3234 autem

82 3276 208 3341 ἡμεῖς
237 3280 289 3330 δὲ
316 3281 391 3343 ὡς
415 3281 630 3350 κτίσμα
659 3283 753 3334 καὶ
785 3282 1059 3345 υἱοθεσίας
1090 3283 1276 3354 χάριτι
1309 3283 1628 3353 ἠξιωμένοι.

85 3368 373 3437 casam-1.;
408 3373 616 3435 αὐτοὺς
665 3374 905 3426 καλεῖν.»
1194 3374 1346 3444 Ἀμα
1396 3375 1506 3445 γὰρ
1532 3375 1632 3446 τὴν

83 3459 225 3527 σάρκα
286 3462 473 3532 ἑαυτῷ
532 3463 735 3534 ἠνωσε,
792 3463 890 3517 καὶ
935 3463 1035 3535 τὴν
1073 3464 1410 3536 ἀδελφότητα
1445 3467 1628 3524 ἐνεδύ-

81 3565 200 3605 σατο.
222 3553 426 3618 Εἰπὼν,
467 3555 585 3608 Οὐκ
618 3555 1035 3625 ἐπαισχύνεται,
1061 3550 1230 3621 ἔδειξα
1261 3557 1324 3610 τὸ
1353 3557 1627 3631 διάφορον.

81 3643 136 3692 Οὐ
185 3647 283 3714 γὰρ
337 3647 490 3700 κατὰ
546 3646 713 3714 φύσιν
767 3646 995 3716 ἀδελφὸς
1045 3649 1222 3702 καίτοι
1290 3647 1366 3702 ὢν
1416 3650 1632 3720 ἀληθῶς

80 3734 323 3805 ἄνθρωπος
349 3782 364 3803 ,
403 3738 546 3792 ἀλλὰ
589 3738 733 3792 κατὰ
763 3737 1210 3810 φιλανθρωπίαν,
1270 3741 1458 3812 utubi;
1513 3743 1630 3796 ἐστι

79 3829 151 3875 καὶ
199 3829 407 3900 ἀληθῶς
469 3829 627 3893 Θεός.
696 3849 713 3881 ι
752 3829 896 3900 Ἐγὼ
950 3831 1149 3900 ἔσομαι
1205 3831 1485 3896 πεποιθὼς
1541 3835 1628 3885 ἐπ’

79 3917 241 3982 αὐτῷ.»
286 3921 520 3992 Ἐπειδὴ
549 3920 664 3973 ἂνω
695 3916 849 3974 εἶπεν
889 3922 1055 3974 αὐτὸν
1085 3922 1314 3991 ἀδελφὸν
1351 3926 1444 3976 καὶ
1477 3923 1630 3978 κάτω

81 4011 274 4080 πατέρα,
325 4014 385 4065 ἐν
427 4014 588 4082 μέσῳ
621 4013 898 4083 ισήμανεν
949 4014 1030 4066 ὅτι
1084 4013 1257 4067 ταῦτα
1305 4015 1404 4085 μὲν
1442 4017 1630 4084 φιλαν-

80 4101 284 4169 θρωπίας
337 4105 594 4175 ὀνόματα
630 4107 722 4158 καὶ
784 4104 1006 4175 χάριτος
1063 4108 1161 4176 τῆς
1225 4105 1414 4170 αὐτοῦ,
1462 4109 1528 4175 τῇ
1571 4105 1629 4158 δὲ

80 4191 203 4255 φύσει
233 4196 324 4248 καὶ
353 4196 584 4268 ἀληθῶς
612 4196 747 4260 Θεός
779 4198 914 4259 ἑστι,
950 4199 1102 4266 φησί.
1161 4197 1256 4260 Τίς
1289 4198 1397 4266 γὰρ
1437 4198 1630 4249 πέποι-

80 4281 150 4332 θεν
173 4286 252 4338 ἐπὶ
270 4289 449 4359 ἑτέρῳ
481 4287 616 4351 τινὶ,
646 4290 693 4340 ti
725 4289 798 4358 μὴ
821 4289 916 4340 ὶπὶ
946 4289 1093 4357 μόνῳ
1120 4288 1268 4358 Ostia;
1289 4288 1420 4340 ὡσεὶ
1443 4289 1593 4356 ελεγε
1613 4303 1625 4318 '

79 4371 147 4443 Μὴ
179 4377 467 4440 ἀκούοντες
509 4379 678 4432 αὑτὸν
709 4380 936 4447 ἀδελφὸν
971 4380 1067 4432 καὶ
1102 4381 1334 4450 πατέρα,
1371 4380 1628 4449 νομίσητε

80 4463 151 4517 ινα
168 4463 291 4523 εἶναι
321 4471 432 4524 τῶν
476 4469 697 4523 πολλῶν
719 4483 731 4498 ⁶
767 4470 900 4532 Θεός
931 4472 1068 4536 ἐστι,
1111 4472 1296 4539 φησὶν,
1330 4473 1414 4541 ιφ*
1451 4471 1508 4524 ὃν
1537 4470 1629 4540 γί-

80 4571 276 4624 ἴριπται
307 4560 640 4614 πεποιθίναι
670 4559 865 4628 χρεῶν.
906 4579 923 4610 ι
945 4533 1076 4613 Ἰδου
1267 4533 1467 4614 ω’τά
1502 4533 1629 4614 παι·
1661 4533 1704 4586 D

79 4648 159 4701 δία.
199 4671 213 4702 ι
267 4655 488 4723 Πατέρα
522 4653 618 4704 τὸν
651 4653 884 4722 Χριστὸν
934 4652 1190 4722 εποίησεν
1219 4654 1394 4721 ἡμῶν.
1445 4654 1518 4706 Τὸ
1549 4655 1627 4719 δὲ,

80 4739 265 4805 Ἔδωκε,
297 4747 390 4798 διὰ
424 4746 534 4814 τὴν
572 4743 984 4813 ἀνθρωπότητα.
1017 4743 1242 4812 Ὅμοιον
1269 4743 1388 4808 τοῦ,
1440 4747 1632 4815 «Αἴτη-

80 4847 146 4883 ααι
171 4839 285 4907 παρ’
318 4838 487 4908 ἐμοῦ,
524 4838 625 4889 καὶ
657 4835 814 4888 δώσω
851 4852 934 4888 σοι
968 4836 1098 4905 ἔθνη
1128 4837 1228 4906 τὴν
1260 4836 1627 4906 κληρονομίαν

80 4938 166 4977 σου.
192 4948 207 4978 ι
239 4958 299 4969 -
323 4950 339 4981 ι
366 4929 530 4983 Ἐπεὶ
552 4922 668 4988 οὗν,
691 4928 844 4995 φησὶ,
878 4925 945 4979 τὰ
980 4926 1189 4990 παιδία,
1217 4943 1236 4977 ι
1260 4927 1558 4991 τουτέστιν,
1579 4929 1629 4979 οι

80 5013 331 5086 ἄνθρωποι,
370 5038 390 5071 ι
417 5019 866 5088 κεκοινωνήκασι
898 5018 1100 5086 σαρκὸς
1132 5017 1226 5070 καὶ
1253 5017 1504 5087 αἵματος,
1529 5034 1627 5070 πα-

82 5110 370 5180 ραπλησίως,
393 5131 412 5163 ι
445 5109 760 5172 τουτέστιν,
793 5109 992 5178 ὁμοίως
1027 5109 1087 5172 ἐξ
1115 5109 1370 5178 ἀληθείας
1392 5109 1453 5161 οὐ
1487 5110 1623 5162 κατὰ

79 5206 333 5261 φαντασίαν
377 5203 532 5265 τινὰ,
580 5200 657 5264 ὦς
714 5217 856 5263 τινες
908 5201 1179 5270 αἱρετικοῖ
1231 5200 1485 5269 λέγουσι,
1529 5204 1623 5255 καὶ

81 5293 203 5354 αὐτὸς
230 5297 428 5362 σαρκὸς
470 5294 577 5347 καὶ
602 5293 832 5360 αἶματος
860 5293 1084 5361 μέτοχος
1111 5291 1355 5358 γέγονεν,
1406 5291 1493 5343 ἴνα
1531 5295 1624 5344 καὶ

80 5381 119 5431 ἐν
143 5384 291 5453 τούτῳ
316 5387 468 5455 δείξῃ
507 5385 576 5435 τὸ
603 5382 858 5450 φιλόπαις
893 5378 1046 5435 εἶναι.

133 5568 356 5633 Ἄλλως.
382 5564 689 5640 [KTPl.\.]
729 5567 938 5633 Ἡμεῖς,
968 5567 1016 5616 ot
1057 5567 1113 5617 tv
1143 5582 1351 5627 τεκνοις
1385 5566 1623 5636 ἠριθμη-

85 5655 220 5723 uim,
248 5660 379 5711 Θεοῦ
416 5657 915 5725 κεκοινωνήκαμεν
963 5658 1191 5725 αἵματος
1243 5656 1339 5708 καὶ
1397 5658 1621 5725 σαρκὸς,

134 5837 183 5867 ¹⁹“
210 5837 346 5896 Psal.
383 5860 446 5908 η,
481 5841 538 5895 8.

385 5944 672 6004 Parnm.
721 5940 835 5999 Ca.
881 5937 1102 5999 CXIX.

1741 3274 1799 3318 ut
1827 3273 2081 3320 creatura
2110 3273 2164 3320 et
2187 3267 2278 3333 qui
2315 3269 2545 3334 gratiam
2606 3266 2916 3338 adoptionis
2976 3272 3313 3342 accepimus.

1733 3387 1806 3402 η-
1833 3375 1854 3409 ι
1887 3355 2105 3413 Fratres
2141 3359 2260 3413 illos
2309 3375 2531 3416 vocare.
2571 3378 2588 3412 ι
2651 3359 2827 3415 Simul
2880 3363 3025 3416 enim
3087 3378 3313 3419 carnem

1735 3448 1946 3519 sibiipsi
1981 3450 2175 3516 nnivit,
2236 3457 2289 3504 et
2348 3450 2748 3507 fraternitatem
2804 3451 3002 3508 induit.
3059 3453 3258 3510 Dicens
3293 3473 3316 3513 :

1733 3538 1852 3595 Non
1871 3540 2164 3605 erubescit,
2182 3541 2812 3598 ostenditdivetsitatem
2836 3554 2889 3600 et
2913 3547 3290 3603 excellentiam
3313 3591 3315 3594 .

1737 3630 2017 3701 Siquidem
2051 3632 2203 3702 juxta
2236 3645 2485 3688 naturam
2520 3636 2690 3690 frater
2722 3650 2834 3691 non
2872 3647 3010 3705 erat,
3043 3639 3166 3694 licet
3185 3656 3314 3694 vero

1734 3724 1898 3779 homo
1941 3734 2138 3780 esset:
2200 3729 2295 3781 sed
2346 3741 2414 3782 ex
2464 3727 2820 3799 benignitate,
2870 3732 3313 3802 quandoquidem

1733 3818 1899 3869 etiam
1966 3832 2092 3871 vere
2120 3818 2266 3872 Dens
2317 3828 2456 3872 erat.
2496 3838 2512 3870 ι
2552 3821 2667 3888 Ego
2695 3835 2791 3874 ero
2824 3822 2997 3878 ﬁdens
3044 3826 3097 3878 in
3133 3827 3246 3880 illo.
3291 3846 3308 3876 ι

1733 3904 2006 3973 Quoniam
2028 3911 2278 3977 superius
2310 3909 2450 3965 dixit
2486 3913 2636 3965 illum
2698 3913 2921 3969 fratrem
2975 3925 3030 3971 et
3081 3918 3314 3974 inferius

1735 4007 1967 4069 patrem,
2010 4001 2061 4054 it:
2110 4001 2290 4056 medio
2346 4003 2675 4073 signiﬁcavit
2725 4005 2870 4076 quod
2927 4008 3042 4064 lmc
3091 4011 3311 4080 quidem

1735 4092 2088 4160 benignitatis
2123 4093 2343 4146 nomina
2376 4101 2504 4146 sunt
2543 4103 2596 4148 et
2627 4099 2815 4165 gratize
2870 4101 3065 4168 ipsius,
3116 4115 3312 4158 natura

1731 4192 1912 4235 autem
1966 4191 2020 4234 et
2071 4183 2299 4236 veritate
2349 4182 2487 4237 Deus
2522 4194 2626 4248 est,
2657 4186 2849 4257 inquit.
2893 4189 3027 4256 Quis
3080 4196 3223 4248 enim
3256 4197 3312 4251 in

1733 4273 1842 4326 alio
1867 4289 2139 4344 quoquam
2173 4275 2413 4330 ﬁditnisi
2447 4276 2499 4328 in
2533 4279 2652 4331 solo
2689 4279 2797 4332 Deo
2827 4281 2851 4333 ?
2882 4286 2959 4336 Ac
2991 4284 3034 4337 si
3068 4286 3310 4341 diceret:

1734 4370 1811 4424 Ne
1844 4371 2126 4424 audientes
2149 4370 2326 4437 ipsum
2357 4384 2477 4424 esse
2504 4369 2728 4426 fratrem
2765 4387 2828 4427 ac
2858 4385 3069 4444 patretn
3121 4384 3312 4435 existi-

1737 4463 1893 4516 metis
1929 4477 2097 4515 unum
2152 4462 2463 4531 quempiam
2489 4477 2614 4516 esse
2647 4478 2676 4517 e
2705 4465 2884 4531 vulgo,
2923 4466 3065 4522 Deus
3089 4479 3189 4532 est,
3227 4473 3314 4523 in-

1735 4556 1873 4623 quit,
1905 4554 1956 4606 in
1991 4569 2151 4623 quem
2187 4554 2449 4620 scriptum
2500 4564 2583 4609 est
2609 4565 2860 4624 oportere
2887 4558 3071 4614 ﬁdere.
3116 4580 3134 4612 ι
3175 4561 3312 4618 Ecce

1738 4661 1838 4716 ego
1871 4655 1924 4700 et
1964 4645 2079 4699 lilii.
2109 4664 2126 4696 ι
2169 4645 2379 4699 Patrem
2437 4655 2684 4701 nostrqu
2713 4648 2840 4703 fecit
2890 4649 3190 4709 Christum.
3226 4657 3313 4709 Ait

1740 4750 1957 4793 autem:
1998 4738 2175 4801 Dedit,
2210 4750 2428 4807 propter
2467 4740 2879 4806 humanitatem,
2929 4745 3091 4798 veluti
3123 4757 3207 4801 est
3246 4749 3311 4800 il-

1738 4829 1828 4883 lnd
1861 4848 1871 4882 :
1912 4846 1929 4879 ι
1979 4826 2202 4881 Postnla
2231 4845 2257 4880 a
2283 4844 2367 4882 me
2394 4837 2447 4882 et
2470 4829 2609 4883 dabo
2633 4831 2729 4884 tibi
2775 4842 2964 4901 gentes
3024 4835 3310 4890 haeredita-

1736 4931 1844 4974 tem
1883 4930 2030 4974 tuam
2064 4921 2150 4974 "‘.
2187 4939 2204 4970 ι
2240 4919 2436 4991 331(
2479 4921 2928 4992 Quandoquidem
2955 4927 3117 4994 igitur
3148 4931 3262 4992 lilii,
3285 4949 3304 4979 ι

1739 5015 1839 5066 hoc
1873 5023 1972 5073 est.
1995 5013 2264 5075 homines,
2293 5031 2312 5063 ι
2335 5015 2725 5068 commercium
2755 5015 2952 5070 habent
2990 5033 3113 5072 cum
3147 5039 3312 5074 carni:

1734 5115 1787 5160 et
1822 5106 2142 5175 sanguine;
2207 5104 2598 5172 paril’ormiter,
2637 5123 2656 5152 ι
2724 5106 2827 5159 hoc
2879 5119 2995 5169 est,
3060 5112 3312 5165 similiter

1733 5210 1786 5252 et
1821 5215 1964 5260 vere,
1993 5215 2097 5252 non
2133 5200 2286 5264 juxta
2331 5198 2672 5265 phantasiam
2704 5199 2965 5268 aliquam,
2997 5212 3053 5254 ut
3088 5203 3307 5271 quidam

1730 5293 1924 5345 dicunt
1965 5290 2240 5352 haeretici,
2269 5297 2325 5342 et
2357 5289 2472 5357 ipse
2499 5291 2685 5343 carnis
2731 5301 2783 5343 et
2818 5293 3101 5360 sanguinis
3135 5297 3306 5362 parti-

1730 5400 1855 5451 ceps
1892 5384 2066 5436 lactus
2094 5392 2219 5436 est:
2263 5391 2323 5434 ut
2354 5382 2407 5435 in
2467 5381 2566 5435 hoc
2623 5397 2842 5451 quoque
2905 5387 3308 5442 demonstraret

1731 5491 1886 5545 quem
1921 5489 2048 5542 erga
2085 5472 2225 5526 filios
2255 5473 2755 5525 liaberetamorem.

1802 5565 1922 5618 Alio
1979 5563 2155 5616 modo.
2194 5562 2302 5615 Nos
2363 5562 2456 5630 qui
2493 5561 2635 5614 inter
2689 5560 2834 5615 ﬁlios
2889 5561 2980 5615 Dei
3034 5569 3307 5622 numerati

1730 5672 1944 5720 sumus,
1979 5654 2375 5709 commercium
2432 5652 2699 5707 habemus
2765 5656 3051 5721 sanguinis
3089 5666 3139 5709 et
3180 5673 3308 5710 car-

2888 5937 2952 5995 IU
