4144 6456
805 421 908 482 303

1861 417 2256 476 (ECUMENH
2295 416 2584 476 TRICCE
2611 411 2949 476 EPISCOPI

3949 414 4065 480 30$

787 553 893 590 rem
927 534 1270 602 confessionis
1301 543 1492 588 nostra:
1517 532 1788 588 Christum
1822 532 2041 586 Iesum:
2075 535 2214 595 qum!
2242 536 2340 601 ﬁde

2476 531 2584 600 τῆς
2624 533 2946 601 ὁμολογίας
2983 530 3151 598 ἡμῶν
3191 529 3435 598 Ἰησοῦν
3493 530 3774 600 Χριστὸν.
3837 537 4081 588 πιστὸν

786 632 852 682 lis
883 630 952 682 sit
983 628 1030 680 ei
1077 628 1167 696 qui
1223 629 1393 696 ipsum
1423 627 1566 694 fecit,
1608 626 2050 695 quemadmodum
2104 625 2278 678 Moses
2312 629 2364 678 in

788 730 898 772 tota
927 721 1084 773 domo
1120 737 1239 773 sua.
1279 718 1446 772 Tanto
1478 735 1705 790 namque
1756 721 1959 788 majore
2005 719 2177 789 gloria
2205 737 2362 788 quant

783 810 961 863 Moses
988 810 1072 863 hic
1099 810 1285 879 dignus
1317 819 1395 864 est
1431 810 1670 874 habitus,
1706 818 1902 879 quanto
1928 809 2186 877 majorem
2210 810 2363 863 habet

781 903 1032 956 honorem
1111 902 1156 954 is
1228 901 1317 971 qui
1370 905 1669 956 construxit
1735 902 1950 954 domum
2007 919 2168 972 quam
2243 902 2360 967 ipsa

781 997 989 1049 domus.

854 1083 912 1139 Si
971 1087 1138 1156 igitur
1185 1087 1484 1156 participes
1539 1100 1603 1140 ac
1660 1086 1797 1142 socii
1852 1086 1988 1142 estis
2052 1087 2360 1142 vocationis

779 1176 1040 1240 calcatis,
1074 1191 1195 1245 quae
1265 1176 1336 1230 ibi
1385 1186 1514 1232 sunt
1567 1179 1818 1247 quaerite,
1876 1176 2137 1247 nullaque
2204 1178 2358 1231 vobis

781 1266 924 1321 ratio
953 1267 1022 1320 sit
1053 1281 1245 1319 eorum
1273 1283 1398 1337 quae
1429 1268 1517 1321 hic
1547 1274 1696 1321 sunt.
1735 1284 1752 1317 ι
1784 1267 2106 1336 Apostolum
2131 1277 2184 1322 et
2223 1283 2359 1337 pon-

779 1358 1002 1412 tiﬁcem.
1043 1375 1060 1410 ι
1097 1358 1188 1413 ubi
1239 1360 1306 1413 ad
1345 1359 1815 1428 dispensationem
1854 1360 2124 1428 pervenit,
2174 1358 2357 1411 omnia

777 1450 1041 1518 deinceps
1082 1450 1310 1504 humilia
1362 1450 1634 1520 intrepide
1689 1451 1990 1521 eloquitur.
2033 1450 2356 1520 Apostolum

777 1551 959 1595 autem
1002 1543 1118 1596 sive
1148 1542 1382 1610 legatum
1417 1541 1553 1594 dicit
1579 1541 1782 1610 ipsum,
1823 1541 1951 1610 quia
1985 1542 2186 1596 missus
2214 1549 2297 1596 est
2326 1556 2355 1594 a

775 1632 938 1689 Patre
998 1643 1258 1703 tanquam
1321 1633 1505 1688 homo.
1563 1633 1942 1689 Coniessionis
1996 1650 2161 1698 vero,
2207 1635 2352 1690 ﬁdei.

781 1747 797 1778 ι
830 1727 985 1793 Quod
1018 1726 1192 1780 ﬁdelis
1227 1727 1321 1780 sit.
1364 1743 1381 1776 ι
1420 1723 1628 1785 Fidem,
1662 1725 1866 1795 inquit,
1912 1727 2154 1782 servavit
2183 1727 2351 1782 bene-

772 1822 1074 1888 p‘acentem
1104 1817 1276 1880 Patri,
1302 1818 1553 1886 idemque
1571 1833 1694 1871 cum
1714 1834 1779 1872 eo
1799 1819 1970 1873 sensit
1997 1819 2062 1872 de
2083 1820 2352 1874 servando

2479 624 2623 677 ὄντα
2650 623 2727 688 τῷ
2757 623 3080 687 ποιήσαντι
3117 622 3306 676 αὑτὸν
3335 624 3415 689 ὡς
3444 623 3540 676 καί
3584 623 3807 692 Μωσῆς
3842 626 3913 678 ἐν
3939 627 4072 692 ὅλῳ

2475 713 2556 779 τῷ
2588 715 2731 778 οικφ
2765 711 2972 767 αὐτοῦ.
3007 713 3296 777 Πλείονος
3335 713 3444 780 ¹γὰρ
3472 712 3658 779 δόξης
3697 708 3875 780 οὗτος
3899 716 4072 782 παρὰ

2475 807 2705 876 Μωσῆν
2742 808 3008 874 ἠξίωται,
3044 805 3173 858 καθ’
3231 805 3384 859 ὅσον
3422 807 3679 860 πλείονα
3724 807 3906 877 τιμὴν
3937 808 4072 876 ἔχει

2475 917 2582 956 του
2612 901 2784 954 οῖκου
2814 901 2846 952 ὀ
2872 897 3343 964 κατασκευάσας
3383 900 3596 953 αὐτόν.

2543 1086 2605 1138 Ei
2635 1083 2726 1137 οὖν
2785 1082 3004 1153 μέτοχοι
3035 1083 3128 1135 καὶ
3187 1081 3436 1136 κοινωνοί
3485 1082 3609 1135 ἐστε
3648 1083 3749 1153 τῆς
3801 1084 4064 1155 κλήσεως

2471 1179 2572 1249 τῆς
2600 1176 2947 1246 ἐπουρανίου,
2984 1175 3051 1226 τε
3087 1176 3204 1228 ἐκεῖ
3253 1173 3466 1242 ζητεῖτε
3488 1215 3504 1241 ,
3531 1175 3627 1227 καὶ
3679 1175 3787 1226 τῶν
3820 1176 4069 1229 ἐνταῦθα.

2471 1271 2630 1339 λόγος
2664 1270 2790 1340 ὑμῖν
2817 1267 2956 1321 ἔστω
2990 1267 3200 1338 μηδείς.
3234 1286 3252 1319 ι
3282 1269 3386 1321 Τὸν
3413 1267 3714 1321 ἀπόστολον
3736 1271 3830 1321 καὶ
3858 1271 4064 1340 ἀρχιε-

2472 1364 2634 1434 ρέα.»
2673 1360 2876 1415 Ἐλθὼν
2911 1363 2991 1425 είς
3041 1359 3140 1431 τὴν
3199 1361 3536 1430 οἰκονομίαν,
3591 1361 3805 1416 ἅπαντα
3867 1363 4063 1417 λοιπὸν

2472 1453 2646 1515 ἀδεῶς
2683 1452 2753 1506 τὰ
2801 1452 3037 1506 ταπεινά
3077 1452 3399 1521 φθέγγεται.
3463 1451 3787 1506 Ἀπόστολον
3861 1454 3919 1507 δὲ
3950 1457 4062 1508 αὒ-

2464 1547 2555 1598 τόν
2585 1563 2738 1616 φησι,
2798 1547 2932 1599 διότι
2985 1546 3322 1599 ἀπέσταλται
3350 1547 3496 1615 παρὰ
3549 1546 3646 1598 τοῦ
3705 1547 3920 1616 [ἰατρὸς
3977 1549 4060 1611 ὡς

2463 1638 2774 1708 ἄνθρωπος.
2828 1637 3153 1707 Ὀμολογίας
3201 1638 3280 1700 δὲ,
3347 1639 3444 1706 τῆς
3502 1641 3761 1701 πίστεως.
3803 1659 3818 1690 ι
3852 1641 4058 1694 Ilioth

2461 1728 2644 1782 ὄντα.»
2681 1729 2953 1792 Εὖνοῖκδν,
2988 1729 3142 1798 φησι,
3170 1730 3353 1782 πίστιν
3382 1746 3506 1789 τετη
3519 1731 3722 1799 ρηκότα
3741 1730 3817 1800 τῷ
3847 1733 4053 1802 Πατρὶ,

2464 1823 2554 1873 καὶ
2575 1822 2634 1874 τὸ
2661 1822 2793 1876 αὐτὸ
2825 1822 3094 1892 φρονοῦτα
3117 1822 3267 1890 αὑτῷ
3299 1824 3426 1892 περὶ
3466 1823 3526 1875 τὸ
3560 1821 3753 1887 σώζειν
3779 1825 3869 1877 τὴν
3897 1823 4054 1878 λαόν.

775 1910 996 1979 pepulo.
1035 1909 1118 1976 Ei,
1155 1908 1356 1978 inquit,
1395 1910 1488 1977 qui
1518 1908 1699 1977 ipsum
1753 1907 1884 1962 fecit
1933 1909 2245 1979 apostolum
2288 1924 2340 1964 ac

2461 1913 2550 1984 Τῷ
2575 1914 2864 1984 ποιήσαντι
2918 1913 3102 1979 αὑτὸν,
3136 1912 3327 1983 φησιν,
3365 1913 3666 1966 ἀπόστολον
3712 1914 3805 1966 καὶ
3858 1915 4055 1984 ἀρχιεο

773 2001 1106 2070 pontiﬁcem,
1143 2000 1246 2054 hoc
1277 2011 1380 2063 e5t,
1422 1999 1569 2052 Patri
1605 2013 1727 2053 suo.
1772 1999 1920 2052 Nihil
1951 2008 2136 2054 autem
2176 2001 2354 2055 admi-

775 2096 1005 2147 randum
1046 2095 1091 2148 si
1127 2095 1200 2148 ita
1240 2094 1520 2162 loquatur,
1583 2092 1725 2146 facta
1756 2093 1866 2161 jam
1905 2093 2071 2147 semel
2128 2093 2354 2163 dispen-

773 2187 1004 2241 sationis
1047 2187 1347 2241 mentione.
1393 2204 1411 2236 ι
1471 2185 1532 2239 Ει
1565 2186 1656 2256 qui
1705 2186 1883 2254 ipsum
1949 2185 2095 2240 fecit.
2136 2205 2154 2238 ›
2211 2186 2350 2250 Quid

772 2280 942 2331 fecit?
969 2279 1289 2346 Apostolum
1337 2292 1401 2331 ac
1445 2279 1781 2346 pontiﬁcem.
1827 2275 1939 2331 Hoc
1982 2277 2100 2331 loco
2135 2294 2242 2332 non
2284 2277 2352 2332 de

769 2372 1080 2424 substantia
1143 2371 1390 2440 loquitur
1449 2385 1625 2438 neque
1664 2371 1731 2423 de
1778 2369 2087 2434 divinitate,
2139 2371 2233 2427 sed
2284 2372 2351 2425 de

767 2463 1133 2533 dignitatibus
1181 2463 1456 2518 humanis.
1497 2481 1514 2513 ι
1563 2461 2034 2528 Quemadmodum
2074 2463 2254 2518 Moses
2295 2466 2348 2517 in

769 2564 879 2606 iuta
921 2556 1083 2607 dumo
1120 2569 1240 2608 sua.
1279 2573 1296 2604 ι
1360 2553 1628 2607 Futurum
1679 2561 1765 2608 est
1825 2562 1884 2606 ut
1935 2554 1989 2607 in
2053 2571 2346 2625 progressu

765 2656 1045 2716 praeponat
1081 2647 1362 2703 Christum
1413 2649 1582 2703 Mosi:
1641 2663 1830 2703 verum
1868 2652 2128 2718 quoniam
2174 2652 2228 2705 hi
2280 2653 2345 2706 ad

766 2751 906 2805 quos
958 2746 1040 2791 est
1101 2754 1329 2800 sermo,
1396 2742 1499 2796 etsi
1552 2741 1740 2797 ﬁdeles
1785 2754 1979 2806 erant,
2044 2744 2343 2813 plurimum

764 2837 946 2880 tamen
976 2836 1027 2880 et
1058 2830 1244 2895 πῖθι-ἰαὶ
1276 2843 1327 2884 et
1364 2833 1592 2887 honoris
1620 2834 1800 2888 adhuc
1829 2834 1964 2888 Mosi
2002 2835 2341 2896 deferebant,

760 2935 830 2972 ne
895 2921 1148 2989 protinus
1210 2939 1337 2978 suas
1389 2926 1716 2979 obturarent
1775 2941 1959 2989 aures,
1995 2943 2101 2980 nun
2156 2929 2340 2981 statim

762 3014 1029 3079 praeponit
1057 3010 1339 3066 Christum
1367 3014 1526 3076 Mosi,
1553 3015 1650 3070 Sed
1678 3016 1896 3070 interim
1922 3028 2121 3086 aequat,
2146 3018 2343 3073 deinde

763 3105 815 3152 in
852 3117 1143 3170 progressu
1179 3103 1468 3172 praeponit.
1503 3105 1667 3156 Suam
1709 3113 1892 3158 autem
1926 3105 2149 3160 domum
2178 3121 2342 3159 voca-

761 3197 835 3246 vit
863 3195 1157 3263 populum:
1199 3211 1364 3265 porro
1410 3199 1668 3266 populum
1693 3197 1833 3250 dixit
1864 3197 2051 3262 Mosis,
2077 3199 2336 3268 quoniam

761 3286 895 3351 ipsis
928 3285 1218 3353 praefectus
1247 3296 1383 3342 erat.
1415 3287 1548 3340 Nam
1595 3300 1642 3343 et
1689 3288 1830 3342 Deus
1865 3291 1998 3344 dixit
2047 3294 2116 3346 ad
2173 3308 2336 3347 eum:

764 3395 781 3426 ε
822 3376 1071 3430 Peccavit
1104 3383 1334 3447 populus
1369 3383 1571 3433 tuus".
1611 3400 1714 3432 i—
1742 3401 1758 3431 ι
1785 3381 2253 3447 Quemadmodmn
2286 3393 2338 3438 et

761 3467 961 3532 Moses,
1001 3488 1017 3519 ι
1054 3471 1246 3536 inquit.
1284 3470 1509 3524 Frustra
1579 3474 1743 3542 igitur
1791 3491 1876 3528 mc
1934 3477 2339 3530 calumniantur

759 3563 901 3628 apud
962 3580 1076 3628 vos,
1143 3565 1232 3633 qui
1281 3581 1366 3618 me
1416 3566 1609 3620 dicunt
1663 3567 2026 3622 defectionem
2103 3585 2131 3622 a
2189 3568 2337 3623 Mose

755 3656 975 3720 docere,
1003 3665 1056 3709 et
1081 3672 1205 3727 erga
1236 3658 1416 3726 ipsum
1441 3659 1664 3712 inimico
1694 3659 1947 3713 affectum
1978 3677 2100 3716 esse
2126 3664 2332 3716 animo.

759 3746 871 3800 Hoc
927 3758 1108 3802 autem
1166 3750 1303 3802 t-lam
1359 3758 1412 3804 et
1469 3767 1577 3804 non
1631 3768 1696 3805 ex
1747 3754 2030 3821 proposito
2083 3768 2335 3808 sermone

757 3840 989 3904 itnlucit,
1019 3848 1076 3894 ut
1107 3842 1278 3908 magis
1312 3843 1674 3910 persuadeat:
1713 3859 1835 3897 nam
1865 3844 2010 3913 quod
2036 3845 2101 3898 ad
2148 3845 2334 3899 defen-

753 3932 964 3986 sionem
1014 3939 1264 4002 paratum
1315 3944 1416 3996 est,
1461 3935 1765 4002 suspicioni
1824 3937 1997 4006 magis
2056 3937 2327 4004 subjacet.

757 4042 774 4073 ι
819 4023 1008 4093 Majori
1034 4025 1208 4092 gloria
1243 4026 1331 4079 hic
1360 4026 1580 4094 dignus.
1631 4046 1648 4079 ι
1682 4027 1818 4082 Cum
1869 4029 2100 4083 dixisset
2139 4044 2330 4098 mqua-

753 4115 961 4169 litatem
997 4116 1203 4171 Christi
1264 4115 1332 4170 ad
1385 4116 1610 4181 Mosem,
1674 4133 1820 4172 nunc
1873 4119 2135 4188 paulatim
2194 4119 2330 4173 dixit

752 4207 1158 4261 excellentiam.
1218 4227 1236 4259 ‹
1296 4207 1502 4276 Majore
1568 4209 1674 4263 hic.
1728 4229 1747 4260 ι
1801 4208 1971 4276 Quis?
2014 4211 2119 4278 Qui
2169 4213 2327 4282 juxta

751 4312 971 4352 carnem
1006 4299 1330 4367 intelligitur
1362 4301 1634 4355 Christus.
1663 4318 1681 4352 ι
1721 4300 1928 4371 Majore
1963 4306 2136 4374 gloria
2163 4321 2324 4372 quam

751 4390 932 4446 Moses
987 4393 1074 4445 hic
1116 4393 1315 4462 dignus
1361 4403 1443 4447 est
1503 4393 1746 4459 habitus,
1789 4405 1996 4463 quanto
2059 4395 2325 4463 majorem

750 4485 912 4539 habet
944 4485 1204 4540 honorem
1241 4488 1290 4540 is
1321 4486 1412 4555 qui
1440 4486 1987 4542 construxitdomum
2019 4504 2178 4558 quam
2210 4489 2324 4556 ipsa

2464 2007 2582 2076 ρέα,
2619 2005 2888 2069 τουτέστι,
2929 2005 3009 2074 τῷ
3051 2005 3227 2074 Πατρὶ
3257 2004 3446 2058 αὑτοῦ.
3494 2004 3661 2057 Οὐδὲν
3706 2005 3762 2058 δὲ
3804 2005 4052 2058 ἐνταῦθα

2461 2096 2778 2166 θαυμαστὸν
2814 2097 2862 2148 εί
2890 2094 3032 2148 οὕτω
3076 2093 3251 2161 λέγει,
3279 2093 3425 2159 ἅπαξ
3463 2093 3561 2160 τῆς
3590 2095 3903 2162 οἰκονομίας
3928 2096 4054 2146 ὲπι-

2459 2186 2774 2255 λαϐόμενος.
2817 2205 2834 2236 ‹
2859 2185 2952 2257 Τῷ
2982 2186 3270 2255 ποιήσαντι
3326 2184 3510 2236 αὐτόν.
3542 2202 3558 2234 t
3589 2184 3655 2236 Τί
3711 2185 4005 2253 ποιήσαντι
4036 2203 4050 2246 ;

2456 2280 2756 2332 ἀπόστολον
2791 2280 2886 2332 καὶ
2921 2278 3186 2347 ἀρχιερέα
3220 2317 3236 2331 .
3282 2275 3552 2330 Ἐνταῦῡα
3581 2279 3641 2329 οὐ
3685 2277 3813 2347 περὶ
3857 2277 4052 2341 οὐσίας

2456 2373 2622 2441 φησιν
2648 2413 2660 2436 ,
2690 2371 2812 2423 οὐδὲ
2855 2370 2983 2438 περὶ
3046 2369 3320 2438 Θεὸτητος,
3349 2369 3485 2422 ἀλλὰ
3537 2370 3665 2438 περὶ
3715 2369 4049 2439 ἀξιωμάτων

2454 2463 2834 2532 ἀνθρωπίνων.
2873 2481 2890 2514 ι
2940 2462 3028 2522 Ὠς
3061 2463 3154 2514 καὶ
3183 2461 3389 2530 Μωσῆς
3423 2463 3480 2514 ὲν
3499 2461 3606 2531 ὅλῳ
3642 2461 3717 2530 τῷ
3758 2464 3893 2531 οἴκῳ
3945 2462 4045 2515 αὑ-

2455 2555 2571 2609 τοῦ.
2590 2575 2606 2604 ι
2634 2555 2835 2609 Μέλλει
2865 2553 3074 2624 προῖὼν
3101 2554 3192 2606 τὸν
3226 2554 3368 2607 κατὰ
3400 2554 3580 2623 σάρκα
3607 2553 3871 2622 Χριστὸν,
3909 2570 4047 2623 προ-

2452 2647 2658 2700 τιθέναι
2677 2647 2976 2710 Μωῡσέως,
2997 2644 3110 2697 ἀλλ’
3127 2645 3316 2714 ἐπειδὴ
3338 2645 3386 2696 εί
3412 2644 3506 2696 καὶ
3527 2645 3715 2696 πιστοὶ
3732 2639 3871 2712 ἦσαν
3893 2639 4044 2697 οὗτοι

2452 2737 2585 2806 πρὸς
2599 2735 2690 2800 οὓς
2717 2735 2933 2802 ὁλόγος,
2961 2735 3203 2803 μεγάλας
3227 2735 3308 2786 ἔτι
3341 2732 3498 2796 δόξας
3523 2728 3669 2802 εἶχον
3692 2733 3817 2801 περὶ
3833 2732 4038 2785 Μωσέ-

2449 2847 2542 2891 ως,
2572 2829 2659 2881 ῐνα
2692 2829 2767 2897 μὴ
2792 2829 2995 2890 εὐθέως
3022 2828 3413 2896 ἀποᾳράξωσιν
3451 2827 3630 2880 αὐτῶν
3666 2827 3732 2878 τὰ
3765 2821 3902 2890 ὦτα,
3940 2829 4041 2880 οέκ

2447 2921 2648 2985 εὐθέως
2687 2920 3239 2991 προτίθησιΜωσέως
3266 2920 3358 2972 τὸν
3392 2919 3650 2988 Χριστὸν,
3706 2919 3847 2973 ἀλλὰ
3899 2920 4040 2982 τέως

2448 3013 2639 3078 ἐξισοῖ,
2670 3008 2789 3065 εἶτα
2814 3011 3020 3082 προῖὼν
3049 3011 3392 3082 προτίθησιν.
3427 3009 3591 3063 Οἶκον
3618 3010 3674 3063 δὲ
3721 3009 3888 3064 αὐτοῦ
3943 3012 4038 3063 τοι

2445 3107 2574 3159 λαὸν
2603 3106 2882 3162 ἐκάλεσεν.
2914 3104 3089 3159 Αὑτοῦ
3118 3105 3174 3158 δὲ
3208 3106 3300 3158 τὸν
3329 3105 3456 3158 λαὸν
3489 3100 3610 3158 εἷπε
3641 3104 3734 3157 τοῦ
3760 3105 4030 3168 Μωσέως,

2445 3201 2578 3254 διότι
2610 3200 2942 3271 προειστήκει
2968 3199 3168 3252 αὐτῶν.
3205 3199 3315 3252 Καὶ
3345 3198 3453 3269 γὰρ
3478 3199 3504 3250 ὁ
3531 3197 3662 3260 Sed;
3697 3213 3830 3265 φησι
3899 3197 4036 3266 πρὸς

2455 3292 2637 3357 αὐτὸν,
2664 3311 2680 3342 ι
2707 3293 2764 3345 Ὀ
2778 3292 2900 3354 λαός
2917 3309 3010 3344 σου
3029 3293 3296 3360 ἥμαρτεν.
3313 3288 3648 3361 »-[ΦΩΤ.]«
3672 3289 3757 3351 Ὡς
3773 3291 3865 3340 καὶ
3879 3290 4039 3342 Misi:-

2451 3383 2550 3453 σῆς
2570 3400 2583 3414 ·
2610 3402 2627 3434 ι
2663 3383 2803 3436 ὥστε
2834 3383 3010 3451 μάτην
3026 3380 3482 3450 διαλοιδοροῶταί
3516 3398 3604 3449 μοι
3636 3380 3771 3447 πρὸς
3800 3379 3947 3447 ὑμᾶς
3977 3381 4024 3431 οἱ

2448 3479 2787 3531 ἀποστασίαν
2813 3495 2882 3546 με
2903 3477 3150 3544 λέγοντες
3182 3477 3286 3528 ἀπὸ
3321 3476 3565 3538 Μωσέως
3596 3475 3898 3536 διδάσκειν,
3931 3479 4026 3528 καί

2453 3570 2594 3641 πρὸς
2631 3571 2794 3622 αὐτὸν
2812 3570 3094 3639 δυσμενῶς
3123 3567 3448 3622 διακεῖσθαι.
3478 3567 3796 3636 Λεληθότως
3827 3567 3881 3618 δὲ
3909 3566 4033 3618 τοῦ-

2445 3680 2506 3716 το
2539 3664 2635 3715 καὶ
2671 3664 2730 3716 οὐ
2796 3663 2937 3714 κατά
2990 3660 3405 3732 προηγούμενον
3457 3660 3615 3727 λόγον
3663 3659 3903 3725 εἰσάγει,
3947 3660 4032 3711 ἶνα

2447 3754 2649 3823 μᾶλλον
2682 3753 2864 3825 πείσῃ.
2898 3753 2972 3805 Τὸ
3000 3755 3108 3822 γὰρ
3137 3754 3215 3814 είς
3247 3751 3542 3818 ἀπολογίαν
3570 3750 4034 3819 παρεσκευασμέ-

2444 3861 2534 3897 νον
2569 3843 2768 3913 μᾶλλον
2813 3843 3074 3896 ὕποπτον.
3108 3861 3128 3893 ι
3155 3843 3407 3903 Πλείονος
3434 3841 3542 3912 γὰρ
3587 3841 3747 3910 δόξης
3793 3837 3974 3905 οὗτος.
4008 3862 4025 3894 ι

2444 3936 2627 3989 Εἰπὼν
2658 3935 2754 4005 τὴν
2808 3935 2943 4006 πρὸς
2975 3935 3180 4003 Μωσῆν
3218 3935 3440 4002 ἰσότητα
3471 3933 3567 3984 τοῦ
3606 3932 3843 4001 Χριστοῦ
3868 3973 3884 3996 ,
3936 3934 4030 3987 νῦν

2438 4028 2623 4098 ἡρέμα
2651 4025 2749 4096 τὴν
2779 4025 3054 4096 ὑπεροχὴν
3085 4026 3252 4092 λέγει,
3302 4043 3318 4075 ι
3353 4025 3606 4086 Πλείονος
3638 4017 3848 4086 οὗτος.»
3890 4025 3988 4086 Ti;
4014 4042 4028 4086 ;

2439 4118 2466 4168 ὁ
2500 4118 2642 4170 κατά
2691 4118 2868 4187 σάρκα
2909 4117 3198 4186 νοούμενος
3251 4116 3508 4186 Χριστὸς.
3555 4134 3572 4166 ι
3621 4116 3778 4183 Παρὰ
3819 4116 4028 4183 Minoia

2435 4208 2593 4277 δόξης
2619 4207 2872 4276 ἠξίωται,
2908 4208 3028 4260 καθ’
3059 4208 3206 4272 ὅσον,
3234 4207 3388 4276 φησι,
3438 4207 3659 4258 πλείονα
3706 4206 3872 4276 τιμὴν
3913 4207 4025 4273 ἔχει

2436 4299 2530 4350 τοῦ
2558 4300 2732 4366 οἴκου,
2762 4301 3216 4362 ὁκατασκευάσας
3241 4298 3425 4353 αὐτόν.
3456 4317 3472 4349 ι
3511 4297 3624 4351 Νῦν
3654 4299 3752 4365 τὴν
3781 4299 4042 4368 ὑστάτην-

2441 4391 2742 4460 ὑπεροχὴν,
2769 4391 2865 4444 καὶ
2904 4394 3002 4462 ὅση
3040 4392 3175 4444 Θεοῦ
3205 4391 3341 4462 πρὸς
3373 4391 3663 4460 ἄνθρωπον
3721 4390 3892 4458 λέγει,
3932 4391 4025 4443 καί

2437 4499 2569 4551 φησι
2596 4500 2608 4512 ·
2647 4481 2841 4545 Πιστὸς
2871 4483 2968 4551 μὲν
2992 4479 3058 4552 ἦν
3095 4482 3297 4551 Μωσῆς
3331 4483 3472 4552 ὑπὲρ
3503 4482 3677 4534 πάντα
3715 4482 3804 4533 τὸν
3846 4478 4021 4547 οἷκον,

749 4574 966 4629 domus.
1007 4593 1024 4625 ›
1062 4575 1374 4630 Extremam
1413 4591 1561 4630 nunc
1621 4578 1776 4647 ponit
1829 4581 2321 4647 praaeminentiam,

2450 4575 2703 4638 τουτέστι,
2741 4576 2830 4626 τὸν
2866 4575 3014 4628 λαόν.
3052 4576 3200 4644 Πλὴν
3248 4576 3341 4628 καὶ
3381 4575 3544 4638 αὐτὸς
3582 4574 3673 4627 τοῦ
3733 4577 3881 4626 οἷκον
3931 4573 4019 4644 ἦν,

748 4665 909 4735 335
960 4676 1276 4737 quantaque
1330 4677 1416 4721 est
1472 4667 1566 4722 Dei
1628 4669 1696 4721 ad
1750 4669 2060 4733 hominem,
2106 4681 2159 4724 et
2209 4673 2321 4725 ait:

752 4757 953 4812 Fidelis
999 4761 1216 4827 quidem
1256 4771 1372 4813 erat
1406 4760 1582 4815 Moses
1640 4776 1806 4830 super
1856 4771 2026 4816 totam
2078 4763 2322 4823 domum,

751 4849 801 4900 id
837 4850 1251 4918 est,p0pulum,
1296 4851 1411 4919 ipse
1463 4860 1644 4903 tamen
1675 4852 1840 4905 etiam
1887 4868 1952 4906 ex
1989 4851 2154 4905 domo
2205 4862 2324 4906 erat

747 4947 801 4992 et
836 4956 979 4993 unus
1037 4956 1066 4994 e
1106 4940 1322 5010 populo.
1378 4938 1556 4994 Tanto
1619 4941 1786 5011 igitur
1851 4942 2110 4996 Christus
2165 4943 2322 5011 juxta

749 5043 967 5081 carnem
1025 5029 1231 5097 majore
1286 5030 1462 5098 gloria
1515 5029 1716 5099 dignus
1770 5040 1856 5083 est
1905 5030 2123 5085 habitus
2158 5047 2317 5097 quam

754 5117 952 5180 Moses,
986 5131 1214 5187 quanto,
1248 5122 1444 5190 inquit,
1476 5137 1693 5191 atquum
1725 5131 1811 5174 est
1839 5121 2155 5177 Creatorem
2187 5138 2322 5191 prte-

752 5209 946 5264 i-ellere
993 5220 1463 5277 creaturteznam,
1516 5225 1722 5284 quanto
1789 5213 2074 5282 majorem,
2124 5215 2323 5285 inquit,

2431 4668 2525 4718 καὶ
2563 4666 2656 4718 τοῦ
2685 4666 2812 4718 λαοῦ
2845 4660 2944 4728 εἷς.
2965 4665 3230 4718 Τοσοῦτον
3266 4663 3358 4720 οὖν
3390 4667 3638 4727 πλείονος
3672 4666 3833 4734 δόξης
3863 4669 3892 4718 ὸ
3924 4688 4021 4720 κα-

2426 4756 2495 4808 τὰ
2531 4756 2709 4824 σάρκα
2731 4755 2963 4825 Χριστὸς
2990 4756 3138 4826 παρὰ
3160 4757 3362 4826 Μωσῆν
3383 4757 3632 4826 ἠξίωται,
3663 4758 3788 4810 ὅσον
3831 4759 4007 4821 εἰκὸς,

2429 4850 2582 4918 φησι,
2620 4849 2711 4901 τὸν
2778 4849 3109 4919 δημιουργὸν
3152 4849 3244 4902 τοῦ
3292 4851 3778 4921 δημιουργήματος
3805 4889 3818 4904 .
3850 4852 4017 4905 Ὅσον

2427 4940 2700 5008 γὰρ,’ρησὶ
2730 4939 2949 4992 πλείονα
2969 4940 3138 5009 τιμὴν
3167 4940 3279 5010 ἔχει
3308 4939 3400 4993 τοῦ
3420 4941 3570 4992 οἴκου
3595 4943 3620 4992 ὁ
3650 4946 4012 4995 κατασκευα-

2431 5052 2528 5096 σας
2556 5034 2737 5086 αὐτόν.
2762 5030 2923 5085 Οἶκον
2949 5035 3058 5104 γὰρ
3090 5033 3346 5096 ἐνταῦθα,
3367 5034 3458 5086 τὸν
3482 5033 3607 5086 λαὸν
3642 5037 3737 5087 σὺν
3778 5037 3855 5104 τῷ
3891 5041 4014 5091 Μω-

2435 5128 2516 5176 σεῖ
2543 5125 2711 5191 λέγει,
2733 5125 2918 5192 ἐπειδὴ
2959 5126 3054 5177 καὶ
3083 5125 3307 5194 Μωσῆς,
3344 5120 3422 5188 εἷς
3455 5121 3518 5195 ἦν
3538 5125 3632 5178 τοῦ
3665 5127 3795 5180 λαοῦ
3823 5148 3832 5156 ο
3863 5150 4014 5199 ποίη-

2436 5216 2528 5285 τὴς
2560 5215 2613 5267 δὲ
2646 5215 2738 5266 τοῦ
2787 5218 2937 5268 οἰκον
2973 5216 3000 5266 6
3032 5216 3286 5285 Χριστός.

752 5301 910 5354 habet
947 5301 1206 5356 honorem
1289 5303 1334 5357 is
1382 5305 1474 5372 qui
1530 5304 1750 5359 domum
1801 5308 2129 5370 construxit,
2186 5325 2350 5377 quam
2394 5309 2507 5377 ipsa
2539 5308 2757 5362 domus.
2828 5308 3111 5377 Siquidem
3173 5308 3393 5363 domum
3449 5310 3549 5365 hoc
3583 5311 3703 5368 loco
3748 5318 4009 5385 populum

751 5397 1005 5465 appellat,
1040 5399 1129 5465 qui
1177 5413 1300 5451 cum
1337 5398 1482 5454 Μοεο
1548 5409 1702 5453 erat:
1758 5401 2196 5470 quandoquidem
2255 5414 2306 5456 et
2350 5401 2528 5454 Moses
2566 5417 2706 5452 unus
2742 5411 2908 5456 crate
2948 5404 3185 5471 populo:
3218 5394 3532 5457 exstructor
3611 5422 3740 5461 vero
3812 5410 4010 5465 domus

750 5495 866 5540 erat
905 5486 1179 5542 Christus.

823 5581 910 5640 Ill,
973 5580 1077 5632 i-(i.
1148 5581 1329 5634 Omnis
1403 5585 1539 5634 enim
1607 5584 1790 5636 domus
1854 5586 2194 5637 (οη-»ιὶιιιίιιιν
2253 5585 2315 5636 ab

750 5669 947 5737 afr'quo.
987 5672 1150 5720 Porro
1175 5674 1260 5740 qui
1286 5673 1520 5725 ειιιιάςάί(
1547 5675 1743 5736 omnia,
1775 5674 1910 5727 Deus
1935 5686 2029 5729 cst.
2066 5675 2318 5726 ’1'ther

1352 5858 1379 5876 ιη

861 5854 904 5885 ’³
950 5853 1116 5906 'rlxa-J.
1159 5870 1314 5919 χχιιι,
1352 5858 1398 5911 7.

2508 5585 2627 5651 Πᾶς
2658 5587 2764 5654 γὰρ
2797 5588 2959 5651 οἶκος
3007 5588 3505 5647 natatur-(iterat
3559 5592 3674 5641 ὑ.τό
3727 5608 3916 5658 τινος.
3952 5594 4008 5656 'n

2433 5677 2497 5728 δέ·
2535 5678 2602 5729 τὰ
2657 5679 2856 5732 πάντα
2905 5679 3367 5736 κατασκευάσας
3424 5682 3586 5744 Θεβς.
3621 5683 3726 5734 Kal
3781 5685 4005 5750 Μαί-ῆς
