4144 6456
712 399 818 464 319

1752 390 2150 453 GECUMENII
2188 388 2481 448 ΤΒΙΟΟᾹΞ
2520 381 2867 445 EPISCOPI

3869 382 3991 448 321i

711 510 1040 583 Accedamus
1083 503 1244 571 igitur
1283 518 1402 554 cum
1449 500 1645 570 ﬁducia
1688 501 1754 552 ad
1799 501 2044 551 thronum
2078 496 2286 566 gratia,

2403 494 2485 560 οίς
2508 492 2822 562 ἁμαρτίας.
2849 485 3324 556 Προσερχώμεθα
3349 479 3467 540 οὖν
3479 483 3628 553 μετὰ
3643 486 4007 560 παρρησίας

711 606 772 648 tu
799 611 1181 664 consequamur
1208 592 1650 654 misericordiam,
1692 600 1741 644 et
1784 591 2017 658 gratiam
2057 589 2294 641 inuenia-

716 703 833 740 mus
865 686 933 738 ad
968 695 1317 753 opportunum
1348 685 1645 742 ἀμηέπη..

786 777 863 832 Ne
892 792 1020 846 ergo
1063 775 1423 844 subjiciamur
1461 774 1756 827 tremendis
1787 773 1895 828 illis
1931 773 2134 842 pinnis,
2167 785 2293 826 cum

716 868 1014 922 habeamus
1065 883 1318 934 magnum
1364 866 1700 934 pontiﬁcem,
1752 875 2039 919 teneamus
2085 863 2296 932 profes-

713 962 945 1022 sionem,
969 961 1070 1012 hoc
1091 969 1194 1024 est,
1217 975 1283 1013 ne
1306 962 1683 1027 relinquamus
1708 957 1866 1012 iidem
1888 974 2009 1026 quae
2034 957 2086 1010 in
2115 958 2292 1026 ipsum

713 1059 819 1114 est,
854 1051 946 1105 sed
995 1050 1161 1105 semel
1206 1061 1486 1119 acceptam
1529 1051 1904 1115 astringamns
1945 1050 2118 1118 ipsam
2153 1051 2292 1117 apud

714 1142 987 1212 nosipsos.
1040 1141 1179 1206 Quid
1213 1153 1299 1196 est
1333 1153 1537 1205 autem,
1579 1142 1680 1207 Qui
1727 1142 2037 1213 penetravit
2079 1141 2297 1196 cmlos?

712 1233 831 1289 Non
871 1243 976 1296 est,
1016 1235 1217 1303 inquit,
1254 1235 1434 1303 qualis
1472 1233 1650 1290 Moses
1684 1235 1776 1305 qui
1827 1251 1934 1290 non
1973 1235 2150 1304 potuit
2187 1242 2296 1286 ter-

712 1340 829 1377 ram
870 1325 1253 1393 promissionis
1306 1323 1538 1394 ingredi,
1587 1339 1764 1393 neque
1813 1325 2071 1394 populum
2125 1326 2297 1376 intro-

711 1416 888 1479 duxit,
926 1414 1021 1470 sed
1060 1415 1316 1471 Christus
1363 1417 1527 1471 etiam
1566 1420 1738 1472 cmlos
1769 1416 2094 1486 penetravit,
2137 1424 2189 1468 et
2239 1415 2292 1468 in

712 1501 948 1556 Paterno
977 1502 1120 1558 sedit
1167 1503 1366 1558 throno
1411 1522 1426 1558 :
1476 1510 1658 1573 itaque
1707 1514 1889 1575 potest
1936 1520 2038 1560 nos
2078 1519 2295 1573 quoque

715 1592 1084 1648 introducere.
1125 1592 1446 1649 Pontiﬁcem
1485 1605 1667 1650 autem
1700 1604 1876 1661 vocat,
1905 1610 1972 1650 eo
2004 1595 2151 1664 quod
2187 1594 2296 1648 sei-

713 1698 873 1752 psum
910 1685 1192 1740 victimam
1236 1685 1501 1740 obtulerit
1546 1686 1655 1742 Deo
1695 1687 1865 1742 Patri.
1901 1687 2032 1742 Nam
2067 1704 2166 1756 pro
2195 1703 2295 1758 po-

714 1778 846 1846 pulo
870 1777 1072 1833 oderre
1100 1777 1333 1838 hostias.
1369 1781 1650 1851 proprium
1683 1789 1768 1836 est
1797 1781 2094 1836 sacerdoti.
2127 1800 2144 1833 ι
2174 1780 2292 1836 Non

2395 582 2477 648 τῷ
2506 585 2698 650 θρόνῳ
2726 579 2834 647 τῆς
2878 577 3146 646 χάριτος,
3201 576 3303 629 ἵνα
3330 574 3607 643 λάϐωμεν
3641 575 3845 642 ἔλεον,
3886 582 4004 636 καὶ

2396 674 2574 744 χάριν
2596 673 2859 740 εὕρωμεν
2887 671 2974 735 εις
3005 669 3290 736 εὔκαιρον
3314 665 3635 730 βοήθειαν.

2469 765 2590 818 ἰνα
2615 761 2709 815 οὖν
2743 761 2820 831 μὴ
2866 759 3235 828 ὕποπέσωμεν
3267 759 3390 818 ταῖς
3441 756 3702 826 φοϐεραῖς
3747 757 4006 825 ἐκείναις

2396 855 2670 917 εὐθύναις,
2727 852 2946 923 ἔχοντες
2981 849 3159 919 μέγαν
3213 845 3505 918 ἀρχιερέα,
3538 845 3834 914 κρατῶμεν
3891 849 4005 916 τῆς

2396 947 2703 1016 ὁμολογίας,
2764 943 3036 1006 τουτέστι,
3083 941 3158 1010 μὴ
3217 939 3467 1007 ἐάσωμεν
3523 938 3624 1004 τὴν
3694 939 3776 1000 εἰς
3825 940 4004 993 αὑτὸν

2396 1041 2602 1103 πίστιν,
2636 1035 2772 1090 ἀλλά
2810 1034 2963 1100 ἅπαξ
3015 1031 3297 1096 λαϐόντες,
3342 1026 3776 1096 ἀποσφίγξωμεν
3819 1030 4005 1101 αὐτὴν

2397 1131 2525 1199 παρ’
2557 1129 2793 1191 ἑαυτοῖς.
2811 1127 2878 1178 Τί
2901 1125 2960 1177 δέ
2988 1126 3128 1186 ἐστι,
3156 1120 3523 1191 Διεληλυθότα
3550 1120 3678 1182 τοὺς
3699 1122 4001 1190 οὐρανούςς

2396 1221 2510 1290 oux
2539 1219 2754 1289 ὥσπερ,
2789 1216 2946 1286 φησι,
2993 1215 3068 1286 μὴ
3107 1213 3334 1285 ἰσχύσας
3365 1213 3572 1281 Μωσῆς
3601 1212 3864 1266 εἰσελθεῖν
3910 1219 4004 1279 είς

2395 1311 2494 1381 τὴν
2527 1314 2630 1380 γῆν
2662 1311 2758 1380 τῆς
2793 1306 3152 1376 ἐπαγγελίας,
3209 1305 3332 1358 οὐδὲ
3377 1305 3469 1356 τὸν
3499 1302 3630 1357 λαὸν
3665 1304 3999 1372 εἰσήγαγεν,

2396 1403 2509 1456 ἀλλ’
2541 1405 2569 1456 ό
2598 1399 2831 1472 Χριστὸς
2859 1399 2953 1452 καὶ
2993 1397 3179 1468 διῆλθε
3201 1398 3328 1457 τοὺς
3357 1396 3642 1466 οὐρανοὺς,
3673 1395 3768 1447 καὶ⁵
3797 1396 4000 1448 exuet-

2398 1507 2490 1543 σεν
2569 1489 2662 1542 ἐπὶ
2727 1489 2818 1541 τὸν
2874 1489 3148 1557 Πατρικὸν
3222 1485 3434 1552 θρόνον.
3519 1484 3826 1555 Τοιγαροῦν
3895 1488 4002 1540 καὶ

2397 1583 2546 1652 ἡμᾶς
2571 1579 2744 1650 ἰσχύει
2773 1580 3107 1646 εἰσαγαγεῖν.
3149 1577 3447 1648 Ἀρχιερέα
3488 1575 3546 1629 δὲ
3594 1576 3758 1628 αὐτὸν
3807 1580 3998 1642 καλεῖ,

2397 1675 2487 1727 διὰ
2528 1673 2590 1727 τὸ
2631 1672 2823 1726 θυσίαν
2871 1671 3065 1724 ἑαυτὸν
3095 1669 3467 1740 προσενέγκαι
3515 1669 3657 1738 ὑπὲρ
3707 1669 3869 1739 ἡμῶν
3912 1671 4000 1740 τῷ

2403 1766 2600 1837 Πατρί.
2633 1765 2706 1819 Τὸ
2733 1765 2842 1835 γάρ
2884 1763 3219 1833 προσφέρειν
3257 1763 3402 1832 ὑπὲρ
3433 1761 3564 1815 λαοῦ
3605 1760 3818 1827 θυσίας,
3847 1763 3999 1816 ίδιον

715 1868 863 1923 enim
897 1869 1167 1926 habemus
1208 1850 1541 1939 pontiﬁcem.
1585 1891 1604 1925 ι
1647 1871 1955 1928 Tencamus
1999 1889 2130 1942 ergo
2169 1888 2298 1942 pro-

2403 1857 2614 1928 ἱερέως.
2655 1874 2675 1906 ι
2709 1857 2786 1909 Οὐ
2809 1853 2918 1927 γὰρ
2945 1854 3142 1924 ἔχομεν
3176 1853 3456 1924 ἀρχιερέα,
3494 1871 3513 1904 ι
3551 1853 3861 1925 Κρατῶμεν
3899 1850 4000 1909 οὖν

719 1959 1014 2015 fessionem
1048 1975 1112 2016 ac
1147 1955 1304 2015 ﬁdem
1350 1963 1408 2016 in
1455 1962 1636 2032 ipsum
1669 1980 1685 2018 :
1732 1979 1907 2034 neque
1941 1966 2086 2019 enim
2130 1967 2295 2018 talem

719 2050 984 2104 habemus
1028 2050 1339 2120 pontiﬁcem
1384 2052 1478 2123 qui
1527 2068 1637 2108 non
1692 2056 1900 2109 noverit
1949 2055 2083 2110 allici
2132 2072 2295 2114 sensu

717 2140 1097 2195 infirmitatum
1124 2152 1460 2198 nostrarum.
1481 2143 1660 2210 Novit,
1687 2145 1884 2213 inquit,
1905 2147 2047 2214 quod
2077 2155 2299 2216 propter

716 2234 920 2288 multas
949 2233 1276 2290 aﬂ'lictiones
1297 2235 1565 2290 deﬁciatis
1588 2246 1641 2290 et
1672 2237 1977 2293 imbecilles
2001 2239 2122 2294 sitis
2150 2256 2164 2291 :
2197 2253 2298 2307 po-

715 2332 823 2377 test
854 2339 983 2395 ergo
1023 2326 1329 2395 ignoscere.
1373 2323 1639 2382 Tentatus
1674 2334 1758 2381 est
1789 2328 1934 2381 enim
1971 2336 2027 2382 et
2061 2327 2297 2384 aﬂiictus

715 2431 815 2486 per
843 2417 1026 2472 omnia
1056 2418 1203 2473 sicut
1231 2426 1285 2473 et
1317 2434 1442 2474 nos.
1484 2419 1938 2476 Persecutionem
1979 2437 2178 2491 passus
2211 2432 2298 2478 est

715 2519 770 2563 et
810 2508 1006 2565 illusus
1049 2525 1114 2565 ac
1156 2518 1486 2582 computus,
1536 2511 1867 2582 tandemque
1905 2507 2072 2567 etiam
2111 2513 2297 2568 cruci-

718 2601 860 2655 ﬁxus
889 2611 994 2656 est.
1025 2599 1144 2668 Ipse
1175 2616 1305 2657 vero
1335 2617 1461 2656 cum
1499 2599 1612 2658 hac
1648 2617 1848 2672 passus
1881 2603 1974 2667 sit,
2008 2613 2294 2673 peccatum

719 2706 831 2746 non
865 2690 1011 2748 fecit.
1051 2691 1176 2748 Haec
1203 2701 1384 2750 autem
1421 2693 1612 2750 dicens
1647 2694 1922 2764 signiﬁcat
1954 2710 2050 2749 eos
2086 2696 2137 2750 in
2173 2709 2300 2764 pec-

718 2790 903 2837 catum
944 2780 1206 2840 incidisse
1237 2799 1301 2840 ex
1333 2783 1742 2848 afﬂictionibus,
1776 2799 1841 2840 eo
1880 2784 2027 2853 quod
2067 2785 2296 2839 nimium

717 2875 962 2931 enervati
994 2878 1108 2931 sint
1124 2885 1179 2931 et
1206 2876 1490 2932 inﬁrmati.
1513 2875 1729 2948 Dup'lici
1756 2884 1936 2931 autem
1967 2878 2148 2932 medio
2175 2892 2302 2946 pro-

715 2965 811 3021 bat
860 2966 1025 3039 356
1065 2966 1210 3037 quod
1265 2966 1536 3022 adiciatur
1576 2982 1742 3022 sensu
1785 2966 2162 3020 inllrmilatum
2199 2981 2297 3020 uo-

719 3064 984 3113 strarum.
1037 3056 1158 3114 Uno
1203 3060 1426 3128 quidem
1468 3058 1658 3124 modo,
1691 3059 1821 3129 quia
1866 3075 2098 3129 iuaguus
2129 3067 2214 3113 est
2247 3068 2301 3112 et

721 3153 942 3216 potens,
975 3153 1235 3217 tanquam
1268 3145 1442 3204 Filius
1478 3145 1567 3202 Dei
1607 3157 1661 3203 et
1702 3149 1846 3204 Deus
1885 3166 1901 3204 :
1936 3149 2112 3203 altero
2143 3161 2296 3214 vero,

718 3239 850 3308 quia
879 3248 934 3294 et
964 3240 1082 3310 ipse
1114 3247 1376 3312 tanquam
1407 3240 1573 3297 homo
1605 3249 1805 3311 passas
1832 3251 1938 3307 est,
1971 3250 2026 3297 et
2054 3243 2302 3298 afflictio-

718 3342 849 3381 num
882 3328 1048 3384 habet
1073 3329 1495 3400 experientiam,
1531 3338 1586 3386 et
1619 3332 1742 3402 ejus
1767 3347 1890 3403 qua:
1917 3349 2135 3389 carnem
2168 3349 2303 3388 eon-

718 3419 972 3488 sequitur
994 3420 1419 3477 imbecillitatis.
1446 3423 1511 3475 Et
1542 3431 1764 3493 propter
1786 3423 1984 3478 horum
2010 3434 2306 3496 utrumque

717 3509 947 3566 omnino
988 3509 1258 3569 aﬂicietur
1307 3529 1474 3569 sensu
1522 3513 1900 3569 inflrmitatum
1960 3527 2301 3572 nostrarum.

725 3620 746 3656 ι
780 3601 1006 3674 Absque
1049 3615 1296 3673 peccato.
1333 3626 1351 3658 ι
1397 3605 1541 3662 Dicit
1568 3606 1714 3676 quod
1751 3621 1877 3661 cum
1920 3606 2034 3662 haec
2074 3609 2304 3677 patitur,

720 3709 831 3750 non
863 3695 1066 3764 pendat
1101 3711 1292 3768 pinnas
1321 3706 1698 3769 peccatorum.
1727 3717 1746 3750 ι
1765 3695 2108 3754 Aecedamus
2138 3700 2308 3768 igitur

719 3801 846 3858 cum
892 3786 1113 3844 ﬁducia.
1154 3807 1172 3840 ι
1218 3788 1584 3852 Accedamus,
1637 3789 1836 3862 inquit,
1892 3789 1960 3845 ad
2005 3788 2302 3845 Paternum

719 3878 895 3952 ipsius
941 3881 1229 3945 thronum,
1275 3881 1330 3936 in
1375 3897 1485 3953 quo
1533 3881 1706 3939 sedet.
1753 3882 1890 3938 Cum
1939 3881 2162 3947 ﬁducia,
2210 3888 2307 3936 aut

722 3967 860 4025 nihil
894 3970 947 4022 in
987 3971 1090 4025 llde
1125 3971 1474 4038 haesitantes,
1524 3979 1619 4026 aut
1659 3973 1786 4042 quia
1838 3973 1968 4027 vicit
2015 3971 2304 4026 mundum.

721 4059 1079 4116 Manifestum
1111 4077 1242 4133 ergo
1271 4070 1357 4118 est
1391 4061 1538 4132 quod
1581 4063 1747 4120 etiam
1790 4063 1892 4118 bos
1925 4063 2178 4119 deviucet
2210 4065 2306 4133 qui

724 4165 874 4206 nunc
908 4150 1154 4221 atlllguut
1194 4167 1317 4209 nos.
1349 4151 1460 4207 Aut
1483 4152 1612 4222 quia
1647 4152 1878 4209 thronus
1907 4169 2053 4208 nunc
2083 4170 2192 4208 non
2220 4163 2307 4209 est

721 4240 959 4298 thronus
995 4242 1217 4312 iudicii,
1249 4244 1344 4300 sed
1382 4244 1572 4313 gratias
1603 4260 1618 4296 :
1649 4244 1851 4299 accede
1889 4260 2020 4314 ergo
2058 4247 2220 4300 etiam
2257 4245 2305 4300 si

720 4339 979 4401 peccator
1008 4327 1108 4389 sis.
1143 4351 1162 4384 ι
1188 4329 1271 4389 Λᾶ
1301 4333 1559 4389 thronum
1589 4336 1834 4405 gratim.»
1861 4331 2144 4389 Thronum
2178 4351 2306 4406 gra-

723 4425 810 4480 tiae
862 4425 999 4483 dicit
1047 4428 1310 4483 thronum
1358 4429 1592 4499 regium,
1655 4429 1722 4486 de
1770 4444 1881 4501 quo
1933 4432 2010 4486 ait
2072 4430 2245 4487 David
2287 4449 2301 4485 :

2399 1949 2499 2019 τὴν
2521 1949 2603 2012 είς
2634 1947 2800 2001 αὑτὸν
2829 1946 3129 2016 ὁμολογίαν
3159 1945 3252 1998 καὶ
3289 1944 3493 1997 πίστιν.
3531 1944 3608 1996 Οὐ
3665 1943 3776 2015 γὰρ
3813 1947 3999 1999 τοιοῦ-

2397 2056 2490 2093 τον
2515 2040 2732 2109 ἔχομεν,
2765 2039 2952 2106 φησὶν,
2976 2026 3262 2108 ἀρχιερέα,
3281 2035 3339 2098 ὃς
3366 2036 3466 2089 οὐκ
3496 2031 3606 2088 οῐδε
3630 2036 3999 2106 ωμπαθῆσαι

2398 2134 2520 2194 ταῖς
2543 2133 2852 2194 ἀσθενείαις
2877 2131 3063 2201 ἡμῶν.
3096 2125 3241 2193 Οἵδε,
3269 2130 3457 2198 φησὶν,
3493 2130 3576 2182 ὅτι
3599 2129 3686 2182 διά
3709 2131 3835 2192 τοὺς
3861 2130 4000 2183 πολ-

2399 2223 2525 2284 λοὺς
2564 2223 2907 2292 πειρασμοὺς
2941 2221 3235 2274 ἑκλέλυσθε
3257 2221 3352 2274 καὶ
3374 2219 3736 2291 ἡσθενήκατε,
3767 2220 3999 2277 δύναται

2398 2311 2492 2368 οὖν
2520 2311 2937 2382 συγγινώσκειν.
2961 2313 3298 2383 Πεπείραται
3314 2312 3444 2384 γάρ,
3477 2312 3634 2382 φησὶ,
3654 2313 3798 2365 κατά
3814 2313 4001 2369 πάντα

2399 2406 2588 2478 ὥσπερ
2634 2406 2816 2475 ἡμεῖς,
2842 2403 2939 2458 καὶ
2961 2403 3194 2475 έδιὼχθη
3241 2404 3337 2456 καὶ
3359 2403 3618 2475 ἐσκώφθη
3649 2403 3742 2456 καὶ
3765 2405 4002 2458 Eva-rmi-

2404 2499 2505 2566 σθη
2533 2516 2546 2530 ·
2566 2498 2720 2560 τέλος
2735 2497 2793 2550 δὲ
2819 2497 2915 2550 καὶ
2937 2494 3280 2568 έσταυρώθη.
3305 2496 3478 2559 Αὐτὸς
3500 2494 3750 2548 δὲταῦτα
3777 2495 3998 2554 παθὼν,

2400 2589 2591 2658 φησὶν,
2610 2591 2886 2659 ἁμαρτίαν
2902 2589 3001 2641 οὐκ
3017 2587 3336 2658 είργὰσατο.
3357 2585 3531 2641 Τοῦτο
3545 2586 3602 2640 δὲ
3627 2586 3798 2641 είπὼν
3815 2589 3975 2657 δηλοῖ
3980 2631 3994 2649 ,

2403 2681 2599 2744 αὐτοὺς
2628 2683 2706 2743 είς
2729 2679 3003 2750 ἁμαρτίαν
3038 2678 3414 2748 ἐμπίπτοντας
3442 2679 3508 2730 ἐκ
3531 2677 3640 2731 τῶν
3668 2677 4002 2749 πειρασμῶν

2402 2774 2480 2844 τῷ
2503 2775 2644 2842 ἀγαν
2689 2772 3006 2826 ἐκλελύσθαι
3051 2772 3145 2824 καὶ
3205 2770 3593 2841 ὴσθενηκέναι.
3662 2772 3887 2841 Διχόθεν
3940 2773 4000 2826 δὲ

2404 2862 2809 2929 κατασκευάζει
2839 2866 2920 2916 ὅτι
2944 2863 3299 2934 συμπαθήσει
3327 2864 3448 2926 ταῖς
3477 2861 3789 2926 ἀσθενείαις
3814 2863 3997 2931 ἡμῶν

2408 2958 2530 3013 καθ’
2565 2958 2661 3010 ἱνα
2697 2957 2795 3026 μὲν
2823 2955 3050 3027 τρόπον,
3106 2954 3188 3007 ὅτι
3223 2955 3396 3023 μέγας
3429 2954 3547 3006 ἐστὶ
3587 2954 3684 3006 καὶ
3735 2952 3996 3018 δυνατὸς,

2403 3049 2477 3111 ὡς
2509 3049 2640 3111 Υίὸς
2667 3046 2807 3100 Θεοῦ
2825 3047 2918 3100 καὶ
2936 3046 3071 3109 Θεός
3099 3060 3113 3074 ·
3143 3045 3266 3099 καθ’
3291 3046 3481 3116 ἕτερον
3501 3045 3580 3110 δὲ,
3605 3046 3689 3098 δτι
3713 3046 3806 3097 καὶ
3832 3045 3998 3109 αὐτὸς

2406 3141 2483 3204 ὡς
2500 3139 2788 3213 ἄνθρωπος
2810 3139 3002 3204 ἔπαθε,
3021 3138 3117 3192 καὶ
3131 3139 3332 3208 πεῖραν
3356 3137 3471 3209 ἔχει
3499 3137 3608 3192 τῶν
3647 3137 3880 3209 θλίψεων
3906 3139 4002 3191 καὶ

2406 3232 2506 3300 τῆς
2538 3229 2680 3283 κατά
2702 3229 2884 3299 σάρκα
2905 3228 3214 3293 ἀσθενείας,
3244 3227 3339 3281 καὶ
3361 3227 3429 3280 δι’
3455 3228 3624 3299 ἄμφω
3650 3228 3823 3282 ταῦτα
3855 3229 3999 3282 πάν-

2407 3337 2514 3385 τως
2547 3321 2842 3392 συμπαθὴς
2871 3320 3025 3374 ἔσται
3059 3321 3181 3383 ταῖς
3209 3317 3521 3382 ἀσθενείαις
3558 3318 3741 3390 ἡμῶν.
3782 3319 4002 3388 «Χωρὶς

2406 3413 2702 3483 ἁμαρτίας.
2741 3431 2759 3465 ι
2791 3411 3030 3481 Ὀτιοὺχ
3054 3409 3343 3481 ἁμαρτιῶν
3371 3410 3582 3462 ὲτίννυε
3612 3410 3768 3481 δίκην
3802 3408 4001 3474 ταῦτα,

2407 3506 2565 3576 φησὶ,
2607 3505 2855 3576 πάσχων.
2897 3522 2918 3557 ι
2952 3503 3400 3577 Προσερχώμεθα
3441 3499 3536 3557 οὖν
3581 3502 3724 3573 μετά
3778 3504 4002 3573 παρρη-

2409 3599 2551 3662 σίας.
2586 3597 3037 3670 «Προσέλθωμεν,
3070 3598 3225 3668 φησὶ,
3260 3595 3340 3666 τῷ
3375 3595 3624 3668 Πατρῴῳ
3673 3595 3843 3648 αὐτοῦ
3874 3596 4002 3666 θρό-

2406 3710 2504 3760 νῳ,
2524 3691 2654 3745 ἔνθα
2674 3690 2960 3746 κεκάθικε.
2993 3689 3179 3745 «Μετά
3197 3688 3569 3761 παρρησίας.»
3593 3687 3752 3741 Μετά
3780 3689 4004 3759 πειρῤη-

2411 3784 2531 3844 σίας
2568 3781 2648 3844 δε.
2683 3780 2717 3851 ἢ
2775 3780 2948 3851 μηδὲν
2978 3780 3117 3852 πρὸς
3170 3779 3272 3851 τὴν
3309 3779 3497 3833 πίστιν
3555 3777 3930 3842 διστάζοντες,
3964 3777 3997 3845 ἢ

2407 3875 2490 3927 ὅτι
2533 3873 2788 3944 νενίκηκε
2832 3872 2925 3927 τὸν
2955 3873 3183 3938 κόσμον.
3216 3872 3386 3942 Δῆλον
3416 3872 3510 3927 οὖν
3543 3873 3626 3927 ὅτι
3659 3872 3872 3942 νικήσει
3904 3871 3998 3925 καὶ

2406 3966 2534 4018 τοὺς
2565 3964 2661 4018 νῦν
2694 3965 2844 4034 ἡμᾶς
2866 3963 3170 4028 θλίϐοντας.
3207 3966 3278 4017 Ἦ
3296 3965 3380 4018 ὅτι
3406 3966 3508 4018 οὐκ
3535 3965 3651 4018 ἔστι
3685 3964 3781 4018 νῦν
3810 3968 3837 4018 ό
3869 3964 3998 4034 θρό-

2407 4074 2520 4120 νος,
2560 4056 2750 4134 θρόνος
2793 4056 3054 4126 κρίσεως,
3112 4056 3250 4110 ἀλλά
3295 4058 3543 4128 χάριτος.
3574 4057 3848 4127 Πρόσελθε
3875 4057 3993 4122 οὖν,

2406 4150 2512 4204 κᾶν
2535 4148 2859 4219 ἁμαρτωλὸς
2883 4145 2973 4221 ᾗς.
3000 4167 3019 4200 ι
3068 4148 3161 4219 Τῷ
3194 4148 3374 4219 θρόνῳ
3407 4149 3507 4220 τῆς
3539 4149 3782 4219 χάριτος.
3812 4167 3833 4200 ι
3861 4148 3998 4217 896-

2408 4259 2498 4296 vov
2515 4242 2757 4312 χάριτος,
2785 4242 2878 4296 τὸν
2905 4242 3097 4312 θρόνον
3125 4240 3219 4295 τὸν
3241 4241 3524 4305 βασιλικόν
3560 4257 3749 4312 φησιν.
3770 4242 3908 4310 Περὶ
3937 4232 3999 4294 οὗ

2410 4337 2616 4406 φησινό
2633 4335 2816 4389 Δαυίό·
2855 4354 2875 4388 ι
2909 4332 3118 4389 Εἷπενό
3140 4334 3345 4406 Κύριος
3357 4334 3438 4404 τῷ
3458 4334 3651 4405 Κυρίῳ
3667 4351 3794 4404 μου,
3811 4332 3997 4386 Κάθου

2410 4429 2475 4480 ὲκ
2507 4427 2700 4491 δεξιῶν
2734 4444 2861 4496 μου.
2907 4445 2924 4478 ι
2959 4425 3159 4498 Θρόνος
3188 4427 3299 4497 γὰρ
3334 4426 3556 4497 χάριτός
3585 4425 3841 4489 ἔστιν,οὑ
3877 4422 4000 4492 θρό-

725 4537 745 4570 ι
794 4517 946 4574 Dixit
1002 4518 1273 4576 Dominus
1329 4521 1565 4576 Domino
1631 4537 1775 4578 meo.
1806 4521 1951 4578 Sede
2003 4538 2034 4576 a
2087 4523 2297 4580 dextris

2410 4536 2501 4583 νος
2532 4520 2764 4591 κρίσεως
2788 4519 2902 4574 νῦν.
2927 4521 3029 4574 Διὰ
3047 4519 3227 4586 τοῦτο,
3266 4520 3423 4573 Μετά
3456 4518 3794 4589 παρρησίας.
3829 4535 3849 4569 ι
3881 4517 3998 4570 Ἵνα

721 4612 863 4668 meis
890 4610 956 4665 ”.
991 4632 1011 4666 ι
1046 4612 1303 4670 ‘l'hronus
1337 4616 1484 4669 enim
1518 4631 1664 4670 nunc
1697 4615 1934 4672 thronus
1968 4619 2158 4688 gratia:
2191 4626 2299 4682 est,

719 4719 827 4758 non
869 4694 1084 4775 iudicii.
1135 4703 1453 4776 Propterea,
1483 4704 1622 4763 Cum
1665 4695 1887 4774 ilducia,
1931 4709 2131 4780 inquit.
2174 4730 2191 4762 ‹
2231 4709 2302 4765 Ut

717 4809 1128 4867 consequamur
1174 4797 1636 4864 misericordiane,
1677 4807 1732 4854 et
1775 4801 2008 4870 gratiam
2049 4803 2297 4858 invenia-

718 4901 842 4941 mus
871 4886 938 4940 ad
963 4896 1333 4957 opportunum
1363 4888 1685 4944 auxilium.»
1718 4887 1884 4946 Recte
1910 4902 2094 4948 autem
2120 4893 2254 4947 dicit
2281 4911 2294 4947 :

718 4976 1100 5047 Opportunum
1147 4980 1437 5036 auxilium.
1485 4980 1544 5036 Si
1584 4997 1757 5048 nunc,
1811 4984 2012 5054 inquit,
2058 4987 2298 5052 accedis,

718 5069 951 5138 gratiam
1004 5069 1247 5140 accipies
1299 5081 1356 5128 et
1408 5071 1846 5128 misericordiam
1909 5091 1925 5129 :
1991 5087 2300 5147 opportune

715 5162 864 5218 enim
912 5162 1173 5230 accedis;
1229 5164 1274 5220 si
1322 5180 1453 5220 vero
1496 5173 1632 5221 tunc
1685 5170 2012 5236 accesseris,
2042 5185 2150 5224 non
2201 5169 2296 5232 ita,

716 5253 822 5308 erit
855 5255 999 5309 enim
1037 5255 1462 5327 intempestivus
1492 5273 1776 5315 accessus.
1812 5259 1918 5316 Ubi
1953 5263 2099 5316 enim
2135 5263 2299 5317 fuerit

715 5346 1141 5409 consummatio,
1171 5355 1303 5402 tunc
1331 5361 1589 5418 exsurget
1621 5352 1672 5404 in
1699 5352 1993 5421 judicium.
2040 5374 2059 5407 ι
2089 5353 2167 5409 Ad
2199 5371 2299 5424 op-

719 5444 1012 5505 portunum
1051 5439 1336 5493 auxilium.
1370 5459 1390 5492 ι
1429 5439 1564 5496 Nam
1603 5444 1694 5512 qui
1736 5461 1881 5499 nunc
1917 5447 2150 5512 accedit,
2181 5448 2290 5502 mi-

727 5527 1085 5584 sericordiam
1117 5532 1314 5601 accipit
1341 5540 1396 5587 et
1425 5530 1682 5604 gratiam,
1718 5537 1846 5606 quia
1874 5549 2218 5607 opportunus
2242 5550 2298 5594 et

717 5621 1054 5676 conveniens
1097 5633 1180 5677 est
1223 5639 1370 5678 nunc
1408 5639 1670 5682 accessus
1719 5611 1773 5683 et
1819 5631 2011 5699 petitio
2056 5631 2244 5685 auxilii
2279 5649 2293 5685 :

2409 4611 2670 4682 λάϐωμεν
2717 4610 2866 4664 ἔλεον
2915 4613 3012 4665 καὶ
3065 4613 3226 4682 χάριν
3286 4611 3542 4681 εὕρωμεν
3592 4612 3675 4674 είς
3739 4609 4000 4679 εὔκαιρον

2411 4702 2686 4775 βοήθειαν.
2729 4721 2749 4755 ι
2795 4702 2996 4766 Καλῶς
3046 4703 3104 4756 δὲ
3172 4698 3352 4764 εἶπεν,
3396 4701 3672 4771 Εῦκαιρον
3718 4700 3995 4771 βοήθειαν.

2407 4797 2506 4850 Ἀν
2564 4796 2659 4848 νῦν
2699 4794 3002 4867 προσέρχῃ,
3061 4796 3220 4865 φησι,
3279 4795 3428 4868 λήψῃ
3461 4797 3623 4866 χάριν
3667 4795 3762 4848 καὶ
3825 4793 3996 4847 ἔλεον.

2407 4887 2694 4956 Εὑκαίρως
2724 4887 2834 4958 γὰρ
2860 4887 3163 4960 προσέρχῃ.
3181 4890 3281 4942 “Av
3301 4887 3359 4942 δὲ
3384 4889 3508 4942 τότε
3536 4888 3866 4960 προσέλθῃς,
3897 4889 3998 4941 οὐκ

2407 4978 2510 5033 ἐτι.
2538 4978 2800 5049 ’Δκαιρος
2819 4979 2976 5050 γάρὴ
3001 4978 3288 5048 πρόσοδος.
3314 4980 3485 5034 ’σιαν
3506 4981 3615 5051 γάρ
3637 4982 3671 5051 ἡ
3688 4977 3994 5042 συντέλεια,

2403 5072 2526 5125 τότε
2552 5072 2825 5143 ἐγείρεται
2850 5072 2929 5135 είς
2961 5072 3166 5142 κρίσιν.
3206 5090 3224 5122 ι
3254 5073 3350 5136 Et;
3383 5072 3643 5144 εὔκαιρον
3681 5071 3990 5143 βοήθειαν.»

2404 5163 2521 5218 Νῦν
2546 5164 2657 5236 γὰρ
2685 5165 2713 5216 ό
2741 5163 2987 5235 προσιὼν
3028 5163 3297 5235 λαμσάνει
3336 5165 3488 5220 ἔλεον
3532 5169 3629 5219 καὶ
3674 5166 3852 5236 χάριν.
3890 5164 3995 5217 Εὖ·

2405 5273 2598 5329 καιρος
2637 5257 2746 5329 γὰρ
2779 5256 2877 5310 νῦν
2900 5257 2998 5311 καὶ
3029 5256 3314 5325 ἐπιτηδεία
3333 5261 3367 5327 η
3408 5258 3692 5328 πρόσοδος,
3721 5259 3818 5312 καὶ
3847 5259 3879 5327 ἡ
3903 5257 3996 5325 τῆς

2407 5347 2658 5419 βοηθείας
2689 5349 2928 5418 αἴτησις.
2969 5350 3058 5414 Ὠς
3101 5351 3136 5420 ἢ
3161 5367 3225 5416 γε
3265 5352 3324 5404 ὲν
3353 5353 3420 5423 τῇ
3449 5352 3746 5422 κρίσειιπὶ
3776 5348 3997 5420 βοηθείᾳ

2404 5441 2690 5513 πρόσοδος,
2753 5441 3006 5514 ἄκαιρος.
3061 5442 3213 5497 Ἐκεῖ
3277 5443 3389 5515 γάρ
3443 5445 3544 5498 οὐκ
3581 5443 3662 5496 ἔτι
3708 5442 3852 5496 κατά
3902 5440 3994 5510 χά-

2406 5553 2492 5606 ριν
2528 5535 2754 5606 παρέξει
2801 5536 2900 5606 τὴν
2931 5536 3188 5606 βοήθειαν
3236 5537 3429 5607 ὥσπερ
3491 5537 3608 5604 νῦν,
3669 5534 3809 5590 ἀλλά
3857 5535 3994 5587 κατα

2405 5625 2610 5696 κρίσιν.

720 5713 1182 5784 quemadmodum
1237 5718 1290 5771 in
1343 5717 1551 5788 judicio
1595 5735 1855 5779 accessus
1932 5725 1999 5781 ad
2046 5726 2334 5794 auxilium,
2377 5723 2751 5794 importunus.
2796 5721 2954 5780 Tunc
3032 5724 3180 5780 enim
3230 5740 3342 5781 non
3394 5724 3678 5801 praestabit
3731 5719 3991 5779 auxilium

721 5823 788 5860 εγ
825 5819 995 5853 graus
1037 5808 1171 5851 sicut
1220 5826 1360 5859 nun."
1422 5813 1517 5863 scd
1554 5811 1843 5869 iudicium.
