4144 6456
149 394 242 461 321

1218 397 1704 461 COMMENTJN
1729 395 1973 457 EPIST.
2015 397 2115 457 AD
2154 399 2389 460 IIEBR.
2430 384 2434 386 ⁷

3322 407 3431 469 392

207 513 337 581 Πᾶς
356 515 472 584 γὰρ
490 515 804 586 ἀρχιερεὺς
825 515 892 580 ἐξ
916 514 1247 585 ἀνθρώπων
1265 513 1722 584 λαμϐανόμενος

1927 512 1986 575 V,
2014 512 2125 567 1-6.
2171 512 2358 567 Omnis
2389 516 2523 568 enim
2556 519 2793 587 pontifex.
2818 516 2910 587 qui
2934 533 2997 571 ea:
3022 517 3322 574 hominibus
3348 537 3437 574 as-

139 608 288 675 ὐπὲρ
322 607 658 675 ἀνθρώπων
707 609 1060 663 καθίσταται
1106 608 1177 662 τὰ
1232 608 1381 677 πρὸς
1417 608 1524 661 τὸν
1567 605 1737 671 Θεὸν,

140 702 234 752 ἵνα
260 700 583 769 προσφέρῃ
607 698 767 767 δῶρά
793 717 857 753 τε
878 700 975 753 καὶ
1010 700 1229 765 θυσίας
1249 700 1401 768 ὑπὲρ
1417 697 1736 767 ἁμαρτιῶν,

134 790 561 860 μετριοπαθεῖν
588 789 930 860 δυνάμενος
966 791 1092 857 τοῖς
1135 790 1426 860 ἀγνοοῦσι
1459 789 1555 842 καὶ
1587 792 1738 841 πλα-

137 882 450 952 νωμένοις.
486 881 648 935 Ἐπεί
690 881 785 935 καὶ
829 882 1016 948 αὐτὸς
1050 882 1376 948 περίκειται
1392 880 1733 934 ἀσθένειαν.

137 976 237 1031 Kal
272 974 375 1028 διὰ
400 975 633 1039 ταύτην
656 973 909 1041 ὀφείλει,
937 971 1282 1038 καθὼς’περὶ
1308 970 1415 1023 τοῦ
1436 968 1614 1033 λαοῦ,
1640 968 1743 1021 οὒ-

138 1086 244 1133 τως
285 1066 549 1133 καὶπερὶ
582 1064 802 1118 ἑαυτοῦ
826 1062 1202 1132 προσφέρειν
1234 1059 1388 1128 ὑπὲρ
1412 1057 1735 1129 ἁμαρτιῶν.

138 1160 373 1229 Καὶοῠχ
391 1157 686 1223 ἐαυτῷτις
704 1157 994 1225 λαμϐάνει
1033 1155 1149 1221 τὴν
1188 1153 1391 1223 τιμὴν,
1436 1154 1598 1207 ἀλλὰ
1632 1170 1737 1206 κα-

136 1252 439 1325 λούμενος
454 1251 570 1305 ὑπὸ
588 1250 694 1304 τοῦ
711 1248 879 1312 Θεοῦ,
897 1246 1164 1315 καθάπερ
1182 1246 1280 1301 καὶ
1297 1245 1529 1313 Ἀαρών.
1542 1245 1740 1310 Οὕτως

138 1344 229 1397 καί
250 1347 283 1397 ό
301 1343 587 1411 Χριστὸς,
612 1344 725 1411 οὐχ
749 1341 971 1395 ἑαυτὸν
990 1340 1252 1403 ὲδόξασε
1270 1336 1601 1409 γενηθῆναι
1633 1338 1740 1404 ἀρ-

138 1435 359 1504 χιερέα,
391 1436 529 1487 ἀλλ’
563 1437 595 1487 d
637 1433 924 1499 λαλήσας
955 1432 1108 1500 πρὸς
1137 1430 1344 1494 αὑτὸν,
1384 1429 1511 1494 Υἱός
1538 1446 1659 1498 μου
1687 1423 1747 1481 εἷ

138 1526 235 1589 σὺ,
264 1524 386 1592 ἐγὼ
418 1522 689 1592 σήμερον
706 1521 1037 1592 γεγέννηκά
1063 1535 1157 1575 σε.
1194 1522 1399 1584 Καθὼς
1422 1516 1740 1588 καζὲνλέτέ-

131 1635 212 1684 ρῳ
236 1616 438 1684 λέγει’
471 1615 555 1669 Σὺ
582 1614 775 1684 ἱερεὺς
795 1617 883 1680 είς
910 1614 1018 1668 τὸν
1041 1612 1229 1667 αἰῶνα
1254 1611 1404 1665 κατὰ
1423 1611 1536 1679 τὴν
1565 1609 1741 1675 τάξιν

138 1707 520 1776 Μελχισεδέκ
530 1750 543 1763 .

201 1800 366 1853 Θέλει
394 1798 638 1854 ἐνταῦθα
657 1798 851 1864 δεῖξαι,
870 1800 953 1853 ὅτι
972 1797 1178 1870 μείζων
1197 1798 1230 1868 ἠ
1248 1795 1619 1866 ΝέαΔιαθήκη
1639 1794 1738 1864 τῆς

140 1891 413 1955 Πα).αιᾶ;.
447 1892 561 1944 Καὶ
585 1890 747 1944 τοῦτο
776 1892 921 1944 ποιεῖ
958 1889 1119 1953 τέως,
1149 1888 1225 1952 ὡς
1257 1887 1364 1941 ἀπὸ
1400 1885 1509 1940 τῶν
1538 1885 1731 1955 ἱερέων

136 1986 226 2051 τὴν
255 1982 517 2053 σῦκρισιν
555 1983 815 2050 εἰσάγων.
862 1983 988 2036 Ὀτι
1015 1980 1201 2050 ἐκείνη
1238 1978 1360 2049 μὲν,
1407 1977 1731 2047 ἀνθρώπους

134 2072 279 2146 εἶχεν
328 2077 539 2146 ἱερέας,
571 2075 708 2147 αὕτη
734 2075 792 2130 δὲ
824 2074 917 2127 τὸν
947 2073 1205 2146 Χριστόν.
1250 2091 1270 2125 ι
1305 2073 1393 2139 Ἐξ
1426 2070 1731 2143 ἀνθρώπων

134 2167 577 2238 λαμϐανόμενον.
605 2186 624 2219 ι
659 2165 947 2231 Τουτέστι,
978 2165 1450 2237 προϐαλλόμενον.
1489 2165 1551 2217 El
1602 2164 1658 2217 δὲ
1703 2164 1732 2215 6

132 2257 190 2321 ιε
208 2255 529 2326 ἀνθρώπων
559 2254 974 2326 λαμϐανόμενος
1024 2250 1386 2323 μετριοπαθεῖ
1420 2253 1534 2313 τοῖς
1566 2250 1730 2319 ἀγνο-

133 2348 249 2400 εὖσι
306 2347 409 2400 καὶ
467 2345 867 2417 πλανωμένοις,
906 2343 1060 2413 πόσῳ
1105 2341 1307 2413 μᾶλλον
1361 2341 1389 2394 6
1445 2340 1585 2408 μετὰ
1629 2340 1724 2394 τοῦ

134 2438 427 2509 ἄνθρωπος
477 2433 621 2492 εἶναι
676 2436 773 2490 καὶ
833 2435 968 2498 Θεὸς
1010 2433 1087 2489 ὢν
1148 2432 1578 2506 μετριοπαθήσει
1634 2434 1729 2487 καὶ

134 2534 289 2602 χεῖρα
337 2529 525 2602 ὀρέξει
561 2532 673 2594 τοῖς
702 2528 959 2598 ἀγνοοῦσι
985 2529 1082 2582 καὶ
1128 2527 1543 2595 πλανωμένοιςς
1585 2528 1648 2581 Εἰ
1684 2527 1729 2579 δ’

130 2625 307 2686 οὓτως
338 2623 587 2695 νοηθείη,
628 2622 724 2676 καὶ
748 2622 832 2687 τὸ,
865 2621 1321 2694 Λαμὸανόμενος,
1380 2622 1729 2690 ἑτοιμότερον

132 2717 548 2787 ἑκληφθήσεται
597 2717 719 2769 ἀντὶ
756 2715 873 2781 τοῦ,
927 2714 1369 2784 Ἀφοριζὸμενος.
1393 2707 1487 2777 Εἷς
1521 2711 1595 2765 ὢν
1620 2713 1730 2766 τῶν

131 2808 465 2880 ἀνθρώπων,
518 2809 611 2861 καὶ
656 2807 715 2874 ἐξ
753 2807 934 2860 αὐτῶν
970 2808 1051 2870 εἰς
1094 2806 1246 2876 ἱερέα
1295 2804 1727 2875 λαμϐανόμενος,

131 2902 316 2970 φησίν.
355 2919 373 2951 ι
422 2899 598 2969 Ὑπὲρ
644 2898 951 2970 ἀνθρώπων
994 2897 1323 2951 καθίσταται
1366 2897 1447 2959 εἰς
1492 2896 1561 2950 τὰ
1594 2897 1731 2966 πρὸς

128 2992 218 3044 τον
272 2991 435 3043 Θεὸν.
470 3008 489 3040 ι
545 2989 638 3053 Ἐξ
687 2988 1023 3062 ἀνθρώπων,
1081 2990 1239 3058 φησὶ,
1294 2986 1732 3059 προϐαλλόμενος

130 3082 273 3150 ὑπὲρ
305 3081 421 3132 τῶν
454 3079 913 3149 προϐαλλομένων
939 3077 1245 3150 ἀνθρώπων
1278 3078 1491 3147 γίνεται
1537 3080 1593 3131 ὲν
1621 3082 1731 3141 τοῖς

130 3177 209 3235 εἰς
270 3174 408 3226 Θεὸν
475 3173 740 3243 ἀνήκουσι
809 3173 1121 3242 πράγμασι.
1198 3172 1331 3224 Ποῖα
1391 3172 1449 3224 δὲ
1525 3171 1595 3225 τὰ
1652 3173 1731 3234 εἰς
1760 3164 1803 3223 (Σ

128 3266 263 3318 Θεὸν
329 3266 610 3335 ἀνήκοντα
672 3263 1011 3334 πράγματα,
1087 3263 1249 3326 αὐτὸς
1348 3263 1547 3332 φησὶν,
1614 3264 1733 3316 ’Ίνα

129 3354 427 3427 προσφέρῃ
479 3352 627 3423 δῶρα
688 3352 783 3404 καὶ
838 3352 1033 3415 θυσίας
1086 3352 1225 3423 ὑπὲρ
1274 3352 1384 3404 τῶν
1439 3351 1535 3405 τοῦ
1599 3350 1730 3404 λαοῦ

128 3446 578 3517 ἁμαρτημάτων.
609 3462 627 3494 ι
656 3442 1081 3513 Μετριοπαθεϊν.
1109 3463 1126 3496 ι
1160 3444 1367 3511 Ἤγουν
1401 3444 1728 3514 συμπαθεῖν.

134 3558 152 3590 ι
201 3539 318 3591 Καὶ
376 3537 821 3606 πλανωμένοις,›
873 3536 937 3588 ὲκ
991 3536 1087 3589 τοῦ
1144 3534 1299 3589 λαοῦ.
1361 3555 1379 3588 ι
1412 3536 1730 3606 Περίκειται

126 3627 445 3681 ἀσθένειαν.
478 3642 497 3676 ι
531 3627 711 3679 Μόνον
746 3626 856 3697 γὰρ
907 3626 1085 3697 τούτῳ
1127 3626 1380 3699 διαφέρει
1419 3626 1512 3681 τοῦ
1541 3628 1673 3681 λαοῦ
1703 3630 1732 3680 6

130 3720 321 3789 ἱερεὺς
374 3721 433 3771 ἐν
474 3717 553 3788 τῷ
586 3718 975 3789 μετριοπαθεῖν
1031 3718 1127 3771 καὶ
1176 3719 1573 3787 συγγινώσκειν
1616 3723 1730 3783 τοῖς

129 3812 539 3883 πλανωμένοις,
600 3812 725 3865 ἐπεὶ
790 3812 887 3865 καὶ
949 3813 1135 3878 αὐτὸς,
1194 3811 1350 3883 φησὶ,
1421 3812 1729 3880 περίκειται

126 3905 447 3971 ἀσθένειαν,
496 3904 800 3968 τουτέστιν,
834 3905 1132 3975 ἁμαρτίας,
1164 3906 1198 3976 ἢ
1232 3904 1441 3974 θλίψεις
1492 3905 1584 3958 καὶ
1610 3922 1732 3956 πει-

132 3998 407 4069 ρασμούς.
453 3996 617 4050 ’Δλλὰ
658 3996 740 4060 τὸ,
773 3997 909 4069 Περὶ⁸
957 3996 1264 4068 ἁμαρτιῶν,
1315 3997 1505 4061 εἰπὼν,
1545 3996 1730 4065 σαφῶς

127 4090 409 4157 ἐδήλωσεν
471 4088 552 4141 ὅτι
604 4089 891 4142 ἀσθένειαν
945 4089 1047 4159 τὴν
1097 4088 1376 4159 ἁμαρτίαν
1445 4074 1727 4143 ἐκάλεσεν.

131 4199 150 4232 t
178 4181 294 4234 Καὶ
328 4180 423 4232 διὰ
456 4179 664 4249 ταύτην
696 4178 926 4248 ὀφείλει.
959 4197 978 4231 ι
1019 4178 1240 4250 Ἐπειδὴ
1281 4180 1375 4231 καὶ
1403 4178 1586 4241 αὐτὸς,
1618 4195 1727 4247 φης

130 4275 240 4336 εἰν,
278 4271 393 4326 ὑπὸ
424 4269 706 4341 ἁμαρτιας
748 4270 889 4333 ἐστὶ,
926 4270 1023 4324 καὶ
1057 4270 1263 4340 ὀφείλει
1290 4270 1387 4340 τὴν
1411 4269 1728 4340 προσφορὰν

124 4363 319 4433 κοινὴν
356 4363 635 4416 ⁴ποιεῖσθαι
668 4362 810 4433 ὑπέρ
825 4380 885 4416 τε
909 4363 1017 4417 τῶν
1045 4363 1191 4416 ἰδίων
1218 4364 1312 4417 καὶ
1347 4362 1458 4416 τῶν
1479 4362 1572 4415 τοῦ
1595 4361 1726 4415 λαοῦ

125 4452 577 4523 ἁμαρτημάτων.
616 4469 633 4502 ι
661 4451 1004 4523 Προσφέρειν
1044 4449 1187 4522 ὑπὲρ
1223 4453 1531 4522 ἁμαρτιῶν.
1559 4470 1577 4503 ι
1615 4450 1727 4521 Τὴν

1846 604 2093 666 sumitur,
2128 618 2222 670 pro
2263 604 2563 660 hominibus
2609 609 2955 662 constituitur
2995 611 3047 661 in
3084 609 3164 663 Itis
3205 626 3323 680 qua:
3364 611 3438 664 ad

1852 688 2013 743 Deum
2043 704 2189 757 sunt,
2215 705 2271 747 ut
2300 696 2489 764 offerat
2515 696 2743 751 donaria
2770 708 2819 752 et
2851 700 3090 753 uictimas
3118 717 3213 769 pro
3244 717 3433 767 pecca-

1846 783 1936 848 tis,
1962 784 2051 851 qni
2084 785 2366 850 placabilis
2398 805 2508 841 esse
2531 790 2699 857 possit
2728 790 3097 858 ignorantibus
3123 803 3168 845 et
3196 794 3435 845 erranti-

1846 874 1961 938 bus,
1978 877 2396 944 quandoquidem
2419 890 2467 933 et
2490 881 2597 946 ipse
2619 880 2979 934 circumdatus
2996 893 3073 935 est
3100 884 3432 950 inﬁrmitate.

1845 964 1914 1019 Et
1960 978 2174 1034 propter
2218 969 2355 1022 Itane
2398 971 2569 1035 debet,
2611 973 3057 1042 quemadmodum
3090 990 3184 1040 pro
3218 976 3431 1041 populo,

1846 1056 1922 1110 ita
1950 1068 1998 1111 et
2025 1074 2120 1125 pro
2152 1060 2319 1126 seipso
2344 1061 2533 1129 oﬂ'crrc
2558 1078 2653 1128 pro
2678 1066 2929 1131 peccatis.
2961 1063 3023 1118 Et
3053 1082 3203 1118 nemo
3227 1067 3435 1132 sibiipsi

1846 1162 2063 1216 usurpat
2108 1151 2387 1215 honorem,
2432 1152 2521 1204 sed
2561 1154 2649 1221 qui
2693 1163 2911 1206 uocatur
2955 1171 2986 1207 a
3031 1153 3164 1217 Deo,
3211 1156 3346 1207 sicut
3384 1164 3434 1209 at

1843 1239 2043 1293 Aaron.
2094 1237 2183 1292 Ita
2224 1250 2273 1293 et
2312 1240 2555 1295 Christus
2593 1260 2697 1295 non
2736 1248 3067 1308 semetipsum
3112 1246 3436 1314 glori/icarit

1841 1340 1898 1383 ut
1928 1332 2169 1400 pontifex
2197 1332 2344 1401 tinet
2377 1351 2393 1387 :
2426 1332 2515 1386 sed
2549 1333 2593 1386 is
2625 1334 2715 1403 qui
2749 1333 2956 1387 dixerat
2987 1336 3067 1387 illi
3100 1353 3117 1389 :
3145 1336 3305 1407 347
3333 1336 3434 1389 Fi-

1843 1423 1943 1474 lius
1985 1439 2127 1475 meus
2170 1440 2220 1476 es
2263 1436 2341 1487 tu,
2388 1441 2479 1493 ego
2517 1423 2673 1477 hodie
2710 1426 2868 1493 genui
2909 1435 2975 1478 te.
3018 1426 3169 1479 Sicut
3209 1437 3260 1481 et
3304 1430 3435 1482 alibi

1841 1512 2006 1565 dicit:
2033 1512 2110 1565 Tu
2135 1530 2188 1566 es
2220 1516 2465 1569 sacerdos
2498 1517 2553 1568 in
2584 1526 2842 1569 a'teruum
2876 1518 3163 1571 secundum
3194 1517 3434 1573 ordinem

1840 1600 2213 1656 Melcltiscdec.

1915 1780 2042 1836 Vult
2060 1782 2146 1837 hic
2173 1784 2485 1849 ostendere,
2504 1783 2717 1840 Novum
2740 1786 3147 1842 Testamentum
3165 1798 3432 1858 prmstan-

1767 1867 1809 1921 Β
1841 1872 1951 1927 tius
1982 1889 2106 1929 esse
2133 1875 2313 1929 Veteri
2349 1892 2361 1927 :
2396 1877 2576 1930 ethoc
2609 1876 2827 1930 interim
2858 1876 3012 1942 facit,
3038 1878 3181 1933 velut
3210 1881 3431 1935 inducta

1836 1980 1865 2018 a
1902 1967 2287 2021 sacerdotibus
2337 1970 2788 2037 comparatione,
2833 1970 2979 2039 quod
3031 1971 3163 2024 illud
3201 1973 3423 2041 quidem

1832 2062 2085 2119 homines
2119 2063 2312 2117 habuit
2354 2065 2693 2132 sacerdotes,
2736 2067 2839 2122 hoc
2883 2078 3065 2124 autem
3113 2070 3426 2130 Christum.

1841 2175 1860 2208 ι
1898 2156 2000 2221 Qui
2036 2171 2099 2211 ex
2136 2156 2453 2212 hominibus
2484 2159 2807 2213 assumitur.
2835 2179 2854 2211 ι
2898 2160 3011 2215 Hoc
3035 2170 3140 2227 est,
3171 2162 3428 2234 designa-

1834 2256 1923 2299 tur
1952 2257 2004 2300 et
2034 2255 2279 2301 creatur.
2316 2246 2372 2301 Si
2403 2258 2584 2304 autem
2616 2252 2663 2305 is
2691 2252 2784 2320 qui
2816 2266 2879 2305 ex
2915 2253 3232 2306 hominibus
3266 2270 3426 2307 assu-

1834 2338 2024 2403 mitur,
2076 2341 2363 2409 placabilis
2406 2352 2489 2397 est
2528 2343 2915 2412 ignorantibus
2954 2354 3008 2401 et
3050 2348 3372 2401 errantibus
3407 2365 3422 2400 :

1834 2439 2041 2499 quanto
2082 2432 2256 2503 magis
2293 2433 2339 2486 is
2382 2434 2475 2504 qni
2516 2445 2570 2489 et
2616 2434 2781 2489 homo
2832 2437 2995 2491 simul
3040 2448 3125 2493 est
3162 2448 3215 2492 ct
3253 2440 3419 2505 Deus,

1835 2524 2120 2593 placabilis
2155 2525 2283 2588 erit,
2309 2542 2640 2597 manumque
2672 2529 2912 2599 porriget
2955 2530 3336 2596 ignoramibus
3366 2540 3420 2585 et

1834 2616 2187 2671 errantibus?
2210 2616 2364 2683 Quod
2399 2620 2443 2673 si
2481 2620 2554 2673 ita
2591 2621 2948 2691 intelligatur,
2983 2624 3290 2692 promptius
3320 2625 3425 2678 erit

1835 2716 1917 2771 ut,
1946 2708 2169 2763 Assumi
2194 2711 2448 2781 capiatur
2472 2727 2571 2781 pro
2601 2711 2912 2783 Segregari.
2939 2714 3075 2769 Cum
3108 2731 3250 2770 unus
3280 2726 3429 2772 esset

1835 2800 2146 2867 hominum,
2189 2818 2254 2857 ex
2301 2803 2436 2873 ipsis
2480 2803 2535 2857 in
2576 2805 2920 2860 sacerdotem
2967 2817 3284 2877 assumptus
3319 2819 3425 2864 est.

1841 2910 1858 2941 ι
1898 2891 2005 2944 Pro
2039 2892 2358 2949 hominibus
2396 2895 2758 2950 constituitur
2788 2897 2842 2951 in
2882 2898 2964 2950 his
2996 2914 3119 2968 quze
3148 2900 3214 2953 ad
3254 2900 3423 2956 Deum

1835 2992 1984 3039 sunt.
2021 3004 2037 3036 ι
2076 2984 2153 3038 Ex
2187 2975 2534 3052 hominibus,
2593 2989 2790 3058 inquit,
2823 3003 3064 3055 creatus,
3103 3007 3200 3061 pro
3234 2992 3301 3047 iis
3332 2995 3425 3064 qui

1838 3075 2014 3144 ipsum
2044 3084 2307 3151 crearunt
2338 3077 2659 3132 hominibus
2690 3080 2972 3146 statuitur,
3000 3083 3053 3134 in
3089 3084 3173 3137 his
3206 3099 3328 3152 quae
3357 3084 3425 3139 ad

1839 3167 2005 3221 Deum
2042 3168 2340 3238 pertinent.
2376 3168 2640 3234 Quaenam
2671 3172 2781 3225 sint
2809 3182 2991 3227 autem
3030 3190 3121 3229 res
3152 3176 3218 3228 ad
3255 3176 3427 3231 Deum

1836 3260 2196 3331 pertinentes,
2230 3259 2349 3330 ipse
2384 3261 2522 3314 dicit
2555 3261 2659 3317 :Ut
2691 3264 2886 3319 oﬂ‘erat
2915 3265 3145 3320 donaria
3180 3275 3233 3321 ct
3262 3268 3428 3323 victi-

1836 3364 1951 3403 mas
1998 3364 2096 3417 pro
2139 3350 2383 3417 peccatis
2421 3352 2630 3421 populi.
2681 3371 2697 3403 ‹
2734 3352 3033 3409 Placabilis
3065 3371 3206 3411 esse.
3238 3375 3255 3407 ι
3299 3356 3427 3411 Sive

1834 3457 1996 3497 sensu
2028 3441 2191 3496 allici.
2233 3460 2251 3493 ι
2285 3442 2351 3496 Et
2383 3444 2720 3510 errantibus,
2760 3464 2778 3498 ι
2816 3447 2929 3502 sive
2958 3448 3203 3503 seductis
3231 3466 3296 3504 ex
3329 3465 3427 3519 po-

1835 3534 1985 3604 pulo.
2022 3552 2040 3584 t
2071 3533 2465 3590 Circumdatus
2499 3543 2584 3590 est
2616 3537 2957 3593 inﬁrmitate.
2991 3557 3009 3590 ι
3053 3541 3109 3594 In
3140 3540 3245 3596 hoc
3275 3544 3424 3599 enitr.

1833 3626 1955 3679 solo
2004 3624 2188 3680 dill‘ert
2234 3642 2299 3680 ac
2349 3629 2700 3697 praestantior
2755 3640 2840 3683 est
2892 3632 3151 3687 sacerdos
3193 3635 3421 3703 populo,

1832 3719 1975 3788 quod
2005 3719 2293 3789 placabilis
2324 3720 2396 3774 sit
2420 3730 2475 3775 et
2506 3722 2753 3789 ignoscat
2786 3723 3143 3777 errantibus:
3171 3726 3421 3793 quando.

1830 3810 2053 3880 quidem
2081 3824 2134 3865 et
2169 3813 2308 3881 ipse,
2336 3812 2535 3881 inquit,
2564 3814 2943 3869 circumdatus
2968 3826 3053 3869 est
3082 3817 3420 3881 inﬁrmitate,

1832 3903 1934 3956 hoc
1969 3911 2075 3967 est,
2111 3904 2353 3972 peccatis
2387 3913 2481 3958 aut
2513 3904 2926 3960 alilictionibus.
2965 3906 3068 3961 Sed
3104 3909 3249 3977 quod
3284 3910 3417 3963 sub-

1832 3995 1983 4049 ditur
2017 4012 2043 4048 ιι
2093 3994 2200 4049 Pro
2246 3996 2511 4065 peccatis,
2559 3996 2846 4051 manifeste
2890 3997 3221 4067 signiﬁcavit
3270 4000 3417 4070 quod

1833 4086 2205 4140 inﬁrmitatem
2274 4088 2553 4141 vocaverit
2611 4098 2921 4156 peccatum.
3001 4108 3019 4140 ι
3068 4089 3135 4143 Et
3197 4102 3422 4161 propter

1830 4175 1972 4228 hanc
2003 4176 2185 4230 debet.
2224 4195 2242 4228 ι
2282 4176 2551 4242 Quoniam
2583 4186 2637 4232 et
2668 4178 2805 4248 ipse,
2835 4180 3036 4247 inquit,
3069 4192 3298 4248 peccato
3332 4188 3418 4236 cst

1830 4266 2123 4328 obnoxius,
2159 4266 2319 4321 debet
2357 4283 2574 4323 onmem
2624 4268 2806 4324 facere
2848 4271 3182 4326 oblationem
3224 4281 3278 4325 et
3318 4288 3418 4341 pro

1830 4360 1945 4412 suis
1974 4365 2028 4411 et
2057 4372 2156 4427 pro
2186 4358 2370 4427 populi
2398 4358 2663 4427 peccatis.
2703 4377 2722 4410 ι
2752 4358 2960 4414 OlTerre
2986 4375 3085 4429 pro
3116 4364 3411 4429 peccatis.)

1835 4450 2103 4515 llostiam,
2140 4451 2340 4519 inquit,
2380 4464 2477 4519 pro
2521 4452 2783 4519 peccatis.
2827 4468 2844 4502 t
2890 4450 2955 4505 Et
2998 4468 3158 4506 nemo
3197 4455 3415 4522 sibiipsi

126 4513 604 4614 περὶ-ἁμαρτιῶν,
644 4513 804 4612 φησι,
827 4513 1061 4597 θυσίαν.
1100 4561 1118 4594 ι
1147 4513 1383 4613 kal-06p
1418 4543 1597 4611 ἑαυτῷ
1640 4513 1722 4605 τίς

1832 4513 2136 4609 usurpat.)
2178 4513 2341 4592 Aliud
2381 4513 2543 4608 ponit
2586 4538 2893 4593 sacerdotis
2945 4540 3232 4606 indicium,
3267 4513 3415 4611 quod

126 4638 425 4709 λαμϐάνει.
469 4655 489 4688 ι
534 4637 766 4706 Ἕτερον
802 4636 947 4705 λέγει
984 4636 1276 4707 γνώρισμα
1312 4636 1523 4707 ἱερέως,
1552 4636 1612 4687 τὸ
1642 4634 1717 4705 μὴ

126 4728 311 4797 ἑαυτῷ
363 4726 610 4797 ὶκπηδᾷν
662 4727 801 4797 πρὸς
856 4728 955 4792 τὴν
1019 4728 1116 4797 τῆς
1173 4728 1477 4798 ἱερωσύνης
1527 4729 1715 4797 τιμήν.

126 4820 310 4891 Ὅπερ
345 4820 440 4872 καὶ
480 4820 850 4890 αἰνιττόμενος
885 4815 1005 4873 εἷπε
1048 4822 1175 4883 τοὺς
1223 4820 1404 4891 ἱερέας
1430 4821 1557 4883 τοὺς
1598 4820 1719 4872 τότε

123 4908 233 4961 τῶν
276 4906 578 4967 Ἰουδαίων,
623 4909 697 4978 μὴ
732 4908 890 4971 ὄντας
922 4911 985 4979 τῇ
1031 4909 1257 4978 δυνάμει
1314 4909 1513 4977 ἱερέας,
1546 4908 1633 4961 διὰ
1663 4910 1721 4961 τὸ

125 4997 332 5059 αὐτοὺς
378 4995 653 5065 ἐπιπηδᾷν
698 4996 795 5048 καὶ
827 4995 986 5049 ὢνιον
1036 4996 1400 5065 πεποιηκέναι
1427 4996 1526 5061 τὴν
1563 4997 1720 5064 ἱερω-

127 5085 323 5155 σύνην.
380 5101 399 5134 ι
427 5082 698 5157 Καθάπερ
754 5084 848 5137 καὶ
884 5084 1120 5155 Ἀαρών.
1151 5103 1169 5136 ι
1214 5084 1487 5155 Πολλαχοῦ
1537 5086 1643 5155 γὰρ
1696 5088 1721 5137 6

124 5175 349 5249 ’Διρὼν
389 5175 778 5246 ἐχειροτονήθη
811 5176 915 5229 ὑπὸ
940 5175 1098 5243 Θεοῦ,
1128 5176 1220 5230 ἐπί
1255 5194 1315 5229 τε
1353 5177 1453 5243 τῆς
1489 5178 1719 5247 βλαστη-

128 5272 307 5338 σὰσης
331 5268 558 5339 ῥάϐδου,
589 5274 684 5322 καὶ
733 5269 826 5322 ἐπὶ
855 5269 949 5322 τοῦ
992 5269 1166 5341 πυρὸς
1206 5270 1300 5323 τοῦ
1345 5268 1721 5332 ἀναλώσαντος

124 5364 252 5424 τοὺς
299 5360 691 5430 ὲπιπηόὦντας
720 5365 786 5431 τῇ
824 5362 1115 5433 ἱερωσύνῃ.
1150 5381 1167 5414 ι
1198 5362 1383 5424 υῦτως
1419 5364 1512 5415 καὶ
1539 5366 1565 5416 ὁ
1592 5364 1724 5432 Χρι-

127 5456 253 5518 στὲς
282 5454 385 5522 οὐχ
429 5452 625 5505 ἑαυτὸν
645 5452 863 5519 ὲδὸξασε
886 5454 1184 5525 γενηθῆναι
1217 5454 1536 5526 ἀρχιερέα.»
1574 5456 1723 5517 Τέως

124 5550 221 5601 καὶ
254 5546 420 5599 τοῦτό
447 5564 615 5615 φησιν
643 5563 656 5575 ·
693 5547 916 5616 Πρῶτος
954 5548 1250 5619 ἀρχιερεὺς
1292 5550 1320 5600 6
1358 5549 1611 5618 Χριστὸς,
1642 5550 1723 5601 ὅτι

128 5639 204 5707 μὴ
255 5639 353 5705 ἀφ’
407 5636 604 5691 ἑαυτοῦ
666 5638 745 5701 εἰς
798 5639 896 5710 τὴν
932 5639 1235 5711 ἱερωσύνην
1274 5639 1547 5708 εἰσῆλθεν,
1608 5640 1721 5692 ἀλλ’

126 5731 235 5782 ἀπὸ
298 5730 397 5782 τοῦ
448 5730 663 5801 Πατρὶς
709 5732 1249 5800 κεχειροτονημένος.
1300 5731 1575 5784 Δεικνὺων
1628 5726 1722 5784 οὖν

124 5822 182 5874 ἑν
207 5822 790 5892 φανεροῖςξξεώμασιν
834 5823 958 5877 ὄντα
1014 5825 1175 5877 αὑτὸν
1236 5824 1382 5894 ἱερέα
1444 5826 1581 5876 zzz-.3;
1630 5826 1724 5893 tif-1

1823 4645 1928 4683 non
1971 4643 2067 4698 per
2099 4628 2342 4697 seipsum
2384 4627 2601 4682 assiliat
2633 4626 2759 4696 quis
2792 4626 2858 4679 ad
2901 4628 3196 4681 sacerdotii
3235 4631 3413 4682 hono-

1822 4734 1958 4773 rem.
1996 4717 2151 4784 Quod
2201 4718 2414 4780 dicens,
2470 4716 2650 4770 innuit
2696 4731 2916 4786 quoque
2955 4717 3274 4772 sacerdotes
3317 4719 3411 4772 Ju-

1821 4811 2063 4865 daaorum
2089 4810 2182 4879 qui
2206 4819 2338 4863 tunc
2358 4817 2535 4871 erant,
2561 4824 2670 4863 non
2698 4823 2821 4863 esse
2843 4810 3047 4862 virtute
3071 4809 3410 4874 sacerdotes,

1820 4919 1885 4957 eo
1912 4902 2057 4972 quod
2091 4902 2375 4956 assilirent
2404 4910 2457 4955 et
2487 4900 2682 4956 venale
2715 4900 2982 4956 haberent
3010 4902 3407 4959 sacerdotium.

1828 5013 1845 5045 ι
1886 4994 2043 5049 Sicut
2073 5002 2127 5048 et
2152 4995 2356 5048 Aaron.
2391 5012 2408 5045 ι
2438 4992 2784 5063 Frequenter
2810 4993 2955 5047 enim
2986 4993 3166 5048 Aaron
3199 4996 3412 5050 electus

1821 5100 1903 5144 est
1934 5105 1959 5140 η
1988 5090 2117 5152 Deo,
2146 5095 2199 5143 et
2228 5104 2322 5157 per
2350 5088 2558 5157 virgam
2588 5101 2709 5156 quae
2737 5085 3004 5149 fronduit,
3028 5095 3082 5141 et
3109 5102 3202 5157 per
3231 5088 3409 5157 ignem

1821 5182 1914 5250 qui
1962 5179 2306 5248 consumpsit
2355 5193 2448 5231 eos
2497 5178 2591 5247 qui
2644 5178 2971 5232 assiliebant
3027 5177 3093 5230 ad
3146 5180 3395 5233 sacerdo-

1824 5271 1979 5324 tium.
2027 5289 2043 5321 ι
2072 5271 2145 5323 Ita
2179 5277 2231 5322 et
2253 5268 2511 5323 Christus
2547 5282 2654 5321 non
2694 5272 3048 5338 semetipsum
3086 5269 3412 5338 gloriﬁcmit

1824 5374 1883 5416 ut
1905 5362 2146 5432 pontifex
2174 5360 2381 5415 fieret.-
2414 5359 2634 5414 Interim
2674 5361 2773 5413 hoc
2805 5362 2967 5413 etiam
3002 5361 3077 5413 ait
3110 5378 3125 5414 :
3155 5360 3408 5415 Christus

1826 5469 2071 5509 summus
2107 5452 2352 5523 pontifex
2393 5461 2497 5517 cst,
2535 5452 2700 5522 3&8
2741 5452 2867 5520 quia
2907 5466 3013 5505 non
3052 5468 3078 5504 a
3119 5454 3300 5521 seipso
3338 5454 3405 5507 ad

1826 5543 2195 5598 sacerdotium
2235 5544 2493 5605 accessit,
2533 5541 2624 5595 sed
2659 5557 2685 5593 a
2722 5541 2881 5595 Patre
2911 5542 3121 5596 electus
3150 5549 3254 5596 est.
3288 5540 3405 5594 Ma-

1826 5636 2044 5691 nifeslis
2078 5636 2263 5706 itaque
2295 5634 2476 5688 verbis
2513 5632 2809 5687 ostendens
2846 5634 3025 5702 ipsum
3057 5648 3179 5689 esse
3215 5648 3408 5687 sacer-

1827 5731 2004 5784 dotem
2054 5730 2210 5799 juxta
2266 5727 2613 5781 sacerdotum
2664 5728 3146 5786 consxmtudinent,
3185 5727 3239 5779 in
3276 5727 3401 5778 reli-

1829 5825 1952 5893 quis
2009 5822 2272 5892 pra'ponit
2326 5821 2521 5883 illum,
2578 5829 2841 5889 quantum
2904 5818 3043 5873 Dens
3098 5818 3409 5872 hominibus
