4144 6456
776 445 880 511 327

1823 441 2222 504 (ECUMENIK
2261 443 2551 503 ΤΒΙΩΟίΕ
2597 445 2638 502 Ε
2652 443 2932 504 PISCOPI

3937 451 4045 513 328

779 579 941 634 quam
979 563 1360 620 auctoritatem
1391 561 1680 616 maximam
1712 561 1941 617 haberet
1971 572 2227 631 tanquam
2260 560 2340 614 Fi-

2459 564 2816 632 ακουσοῆναι,
2844 562 2940 614 ἆτε
2981 562 3276 632 σύνδρομον
3307 560 3444 631 ἔχων
3477 561 3536 614 τὸ
3577 561 3786 631 θέλημα
3818 563 3896 630 τῷ
3931 564 4047 616 Πα-

779 657 909 722 lius,
929 667 985 710 ut
1005 657 1208 726 absque
1233 654 1542 724 precatione
1564 667 1628 708 ac
1645 655 2035 722 postulatione,
2056 668 2153 707 sua
2175 654 2349 716 ipsius

779 751 1060 799 voluntate
1095 754 1147 798 et
1182 745 1504 798 auctoritate
1543 745 1726 796 omnia
1767 743 1969 797 faceret
2010 757 2351 812 quaecunque

778 835 939 890 Pater
973 836 1127 899 facit,
1158 845 1334 889 tamen
1367 835 1627 904 quoniam
1674 835 1729 887 in
1773 833 1964 886 diebus
1995 840 2113 887 erat
2147 835 2351 899 carnis,

779 929 1128 997 precationes
1168 942 1231 980 ac
1264 926 1702 996 supplicationes
1735 926 1955 980 obtulit.
2001 927 2188 981 Potest
2220 941 2355 996 quo-

775 1036 884 1088 que
910 1030 962 1076 et
991 1019 1146 1087 juxta
1182 1019 1453 1074 sermonis
1493 1019 1941 1086 consequentiam
1975 1028 2135 1089 prout
2167 1035 2225 1073 se
2257 1020 2353 1071 ha-

778 1112 890 1175 bet,
936 1113 984 1165 ei
1031 1111 1291 1180 conjungi
1323 1109 1483 1179 μιυοιί
1527 1110 1730 1164 dicitur
1773 1124 1789 1163 :
1840 1109 1903 1164 Et
1939 1109 2229 1166 exauditus
2268 1119 2353 1166 est

777 1219 877 1273 pro
909 1219 1006 1256 sua
1045 1203 1371 1266 reverentia,
1405 1209 1466 1255 ut
1513 1201 1583 1256 sit
1625 1217 1823 1256 sensus
1872 1215 1886 1254 :
1934 1200 2234 1256 Exauditus
2269 1210 2352 1256 est

774 1295 990 1350 tametsi
1017 1305 1164 1349 esset
1195 1292 1387 1357 Filius,
1409 1308 1508 1347 nec
1535 1308 1670 1362 opus
1704 1294 1777 1346 illi
1807 1302 1952 1348 esset
1984 1302 2040 1346 ut
2067 1295 2353 1348 exaudirc-
2387 1338 2393 1346 .

2367 1395 2409 1434 ῒ-
2539 1389 2917 1458 σταυρωθῆναι
2938 1388 3098 1441 αὑτὸν
3124 1388 3216 1441 καὶ
3237 1387 3552 1448 ἀποθανεῖν,
3581 1391 3675 1440 καὶ
3712 1389 4045 1458 ἀναστῆναι,

771 1396 884 1451 tur,
921 1397 982 1442 ut
1019 1390 1110 1457 qui
1148 1389 1484 1442 voluntatem
1520 1387 1746 1441 haberet
1788 1402 1894 1441 una
1951 1403 2074 1441 cum
2116 1387 2349 1441 Paterna

771 1483 1058 1534 voluntate
1083 1489 1529 1545 concurrentem,
1555 1487 1610 1534 et
1637 1494 1758 1548 quae
1789 1480 1999 1549 absque
2027 1479 2174 1532 omni
2211 1478 2349 1547 peti-

771 1573 921 1626 tione
960 1573 1288 1639 completur.
1325 1569 1480 1636 Quod
1522 1571 1566 1626 si
1608 1574 1770 1626 etiam
1816 1571 2173 1640 sequentibus
2214 1568 2348 1624 illud

773 1662 1152 1730 conjunxeris,
1197 1661 1506 1716 intellectus
1544 1660 1702 1716 facile
1740 1661 2017 1729 procedet.
2051 1659 2156 1715 Sed
2194 1661 2348 1731 prius

771 1752 1234 1806 considerandum
1265 1752 1394 1820 quid
1429 1753 1713 1822 signiticet:
1744 1751 1903 1821 351
1945 1750 2146 1804 Didicit
2170 1767 2234 1806 ex
2261 1751 2347 1806 bis

772 1859 893 1911 quae
924 1860 1119 1913 passus
1151 1857 1233 1900 est
1259 1846 1647 1900 obedientiam.
1675 1843 1868 1898 Utrtun
1890 1845 2033 1897 enim
2067 1843 2343 1913 signiﬁcat

2456 654 2630 725 τρικῷ
2661 655 2983 724 βουλήματι,
3041 655 3137 707 καὶ
3167 655 3335 724 χωρὶς
3378 654 3557 724 πάσης
3593 654 4048 725 ἐκπληρούμενον

2457 747 2750 815 αἰτήσεως.
2806 749 2866 799 Εἰ
2904 747 2959 800 δὲ
2987 747 3078 799 καὶ
3106 749 3219 809 τοῖς
3271 744 3473 815 ἑφεξῆς
3518 746 3650 798 αὐτὸ
3677 747 3957 815 συνάψεις,
4015 752 4046 800 ὁ

2457 839 2582 900 νοῦς
2633 839 3052 908 εὐοδωθήσεται.
3106 838 3267 890 Ἀλλὰ
3307 839 3576 908 πρότερον
3617 839 3668 892 τί
3725 839 3875 906 δηλοί
3911 857 4045 892 σκε-

2456 933 2622 984 πτέον
2655 932 2735 993 τὸ,
2780 930 3024 1000 ’Έμαθεν
3048 932 3140 998 ἀφ’
3169 925 3243 984 ὧν
3278 930 3445 984 ἔπαθε
3464 931 3560 1000 τὴν
3600 933 3861 1001 ὑπακοήν.
3889 927 4048 1002 ’Δρα-

2456 1022 2565 1092 γὰρ
2595 1022 2677 1075 ὅτι
2727 1022 2931 1090 ἔμαθεν
2963 1022 3128 1084 αὑτὸς
3157 1021 3248 1090 ἀφ’
3305 1014 3379 1076 ὧν
3409 1021 3579 1074 ἔπαθε
3611 1023 3686 1091 τῷ
3722 1025 3902 1093 “arpi.
3938 1024 4047 1076 ὑπ-

2455 1114 2696 1178 ακούειν,
2735 1114 2830 1167 καὶ
2869 1113 3038 1185 πείρᾳ
3072 1113 3170 1183 τὴν
3202 1113 3401 1181 γνῶσιν
3432 1113 3555 1183 ἔσχε
3587 1114 3681 1167 τοῦ
3723 1113 4050 1184 πειθαρχεῖν

2454 1204 2602 1276 αὑτῷ
2635 1205 2710 1274 ςῆ
2759 1203 2961 1272 μᾶλλον
3001 1205 3083 1256 ὃτι
3135 1205 3302 1275 πείρᾳ
3349 1203 3520 1272 ἔμαθε
3551 1203 3614 1256 τὸ
3669 1203 3899 1273 μέγεθος
3943 1207 4047 1274 τῆς

2453 1297 2703 1366 ὑπακοῆς
2738 1297 2925 1367 ἡλίκον
2961 1291 3050 1367 ἦν,
3084 1297 3394 1364 ὑπήκουσεν
3439 1296 3586 1366 αὑτῷ
3624 1297 3651 1348 ὁ
3685 1298 3895 1366 Πατὴρ,
3929 1292 4048 1350 οἷον

2452 1471 2546 1532 ἰξαὶ
2569 1481 2626 1532 ὲν
2646 1480 2798 1551 δεξιᾷ
2831 1479 2925 1532 τοῦ
2961 1480 3172 1551 [ἰατρὸς
3203 1479 3262 1532 τὸ
3295 1480 3634 1550 ἀνθρώπινον
3671 1480 3902 1554 φύραμα
3950 1483 4051 1535 ἀν-

2450 1570 2686 1640 υψῶσαι,
2717 1572 2812 1624 καὶ
2848 1571 3021 1624 σῶσαι
3049 1573 3109 1624 τὸ
3135 1573 3291 1640 γένος
3315 1572 3504 1642 ἡμῶνς
3543 1574 3726 1626 Ταῦτα
3753 1574 3863 1644 γὰρ
3889 1576 4048 1628 ὲκεί-

2451 1678 2552 1731 νης
2586 1662 2702 1715 ἐστὶ
2726 1663 2824 1732 τῆς
2850 1663 3094 1733 ὑπακοῆς
3121 1663 3225 1729 τῆς
3251 1663 3625 1734 γεγενημένης
3653 1667 3712 1717 ὲν
3726 1665 3803 1736 τῷ
3835 1667 4048 1734 λέγειν,

2449 1753 2652 1823 Πάτερ,
2670 1753 2888 1817 δόξασόν
2906 1770 3000 1807 σου
3021 1754 3112 1808 τὸν
3129 1755 3278 1809 Υἰόν.
3301 1755 3520 1824 Ταύτην
3538 1757 3646 1826 γὰρ
3669 1757 3764 1825 τὴν
3789 1758 4049 1828 ὑπακοὴν

2449 1844 2613 1915 ἡλίκη
2662 1846 3007 1915 καὶόση.καὶ
3058 1846 3165 1917 πρὸ
3203 1845 3295 1900 τοῦ
3337 1847 3755 1900 ὑπακοῦσαιτὸν
3796 1849 4047 1918 Πατέρα,

773 1936 918 2004 quod
951 1936 1144 1991 didicit
1181 1939 1291 2006 ipse
1323 1953 1386 1992 ex
1421 1937 1507 1990 liis
1542 1951 1662 2006 quae
1698 1949 1893 2004 passus
1921 1943 2006 1988 est
2037 1933 2180 1988 Patri
2214 1935 2340 1989 ohe-

2451 1937 2566 2009 ᾔδει
2612 1937 2712 2007 μὲν
2749 1939 2776 1991 ὁ
2802 1938 3035 2007 Χριστὸς
3063 1939 3139 2001 ὡς
3171 1939 3298 2001 Υἰὸς
3330 1940 3426 1992 καὶ
3455 1939 3616 2002 Θεὸς,
3667 1939 3923 2010 καθάπερ
3950 1943 4050 1993 καὶ

772 2029 911 2090 dire,
952 2038 1004 2083 et
1049 2046 1141 2098 per
1172 2031 1565 2098 experientiam
1607 2030 1796 2084 habuit
1839 2028 2210 2098 cognitionem
2245 2029 2344 2082 ob-

773 2123 1118 2191 temperandi
1158 2123 1278 2177 illi?
1312 2138 1379 2175 an
1413 2123 1616 2192 potius,
1652 2123 1780 2189 quia
1819 2136 1914 2189 per
1952 2122 2343 2188 experientiam

770 2212 963 2266 didicit
995 2225 1199 2282 quanta
1234 2227 1382 2268 esset
1419 2215 1743 2267 obedientia:
1783 2212 2122 2279 magnitudo,
2158 2212 2345 2265 obedi-

775 2308 851 2358 vit
884 2309 985 2375 ipsi
1016 2307 1199 2371 Pater,
1237 2323 1429 2376 nempe
1460 2317 1516 2360 nt
1552 2308 1670 2376 ipse
1694 2305 2115 2375 crucifigeretur
2147 2313 2200 2359 et
2234 2320 2350 2357 mo-

772 2406 986 2450 reretnr
1012 2413 1074 2452 ac
1099 2407 1499 2465 resurgeret,et
1527 2400 1579 2452 in
1601 2399 1820 2452 dextera
1849 2397 2024 2452 Patris
2055 2397 2347 2450 humanam

770 2502 1007 2542 massam
1057 2491 1372 2554 collocaret,
1437 2492 1789 2558 salvaretque
1839 2504 2012 2559 genus
2064 2487 2352 2540 nostrum?

769 2580 905 2634 Nam
941 2583 1054 2636 haec
1081 2583 1228 2636 illius
1259 2590 1386 2636 sunt
1413 2583 1736 2635 obedientiae
1763 2597 1882 2650 quae
1919 2581 2059 2634 facta
2090 2589 2171 2632 est
2205 2581 2255 2631 in
2287 2593 2353 2632 eo

768 2675 915 2744 quod
948 2675 1086 2728 dixit
1116 2675 1337 2737 :Pater,
1370 2673 1612 2743 glorifica
1633 2671 1828 2727 Filium
1864 2683 2036 2726 tuum.
2073 2670 2352 2741 Siquidem

769 2767 934 2820 etiam
992 2778 1284 2837 antequam
1337 2766 1499 2822 Pater
1543 2768 1842 2821 obsecutus
1885 2777 2051 2828 esset,
2119 2771 2348 2818 noverat

2455 2031 2483 2082 ὁ
2512 2031 2726 2101 Πατήρ·
2750 2031 3122 2094 εἰσακουσθεὶς
3142 2031 3219 2096 δὲ,
3253 2031 3458 2100 ἔμαθεν
3481 2030 3651 2101 αὑτὴν
3679 2032 3744 2083 δι’
3769 2025 3844 2084 ὧν
3871 2033 4049 2086 ἔπαθε

2455 2125 2550 2175 καλ⁵
2584 2125 2768 2194 πείρᾳ.
2810 2122 2896 2185 Ὠς
2928 2122 2993 2175 ἂν
3025 2121 3116 2175 οὖν
3140 2139 3224 2185 τις
3266 2122 3508 2189 ἐκλαϐοι,
3544 2122 3649 2192 ἐμὴ
3681 2123 3736 2174 δὲ
3774 2123 3978 2190 μᾶλλον
4012 2126 4047 2194 ἡ

2455 2215 2684 2284 δευτέρα
2735 2217 2911 2267 ἔννοια
2949 2214 3268 2283 συμϐαίνειν
3319 2214 3487 2269 δοκεῖ.
3541 2216 3812 2284 Οὑδεμέαν
3837 2215 3931 2268 οὖν
3966 2217 4050 2268 ἔτι

2454 2308 2723 2374 ἀσάφειαν
2768 2307 2879 2375 ἔχει
2912 2307 2994 2371 τὸ,
3048 2307 3265 2376 Καίπερ
3309 2305 3384 2358 ὢν
3418 2307 3566 2370 Υἰός.
3607 2327 3624 2360 ι
3660 2308 3768 2360 Καὶ
3818 2309 4046 2361 τελειω-

2456 2398 2568 2460 θεὶς
2590 2398 2805 2464 ἐγένετο
2856 2400 2968 2460 τοῖς
3008 2398 3373 2450 ὑπακούουσιν
3417 2398 3567 2466 αὑτῷ
3600 2401 3752 2452 πᾶσι.
3785 2418 3804 2449 ι
3867 2400 4048 2452 Τοῦτο

2455 2491 2562 2560 ἄρα
2593 2489 2868 2550 τελείωσις
2901 2490 2957 2540 ὲν
2978 2487 3306 2558 ἀνθρώποις,
3325 2489 3402 2551 τὸ,
3431 2487 3520 2542 διὰ
3547 2489 3889 2558 παθημάτων
3919 2491 4044 2542 ἐπι-

2455 2581 2719 2635 λαὸἐσθαι
2751 2581 3110 2648 τελειότητος.
3148 2579 3619 2652 Ἀνθρωποπρεπῆ
3653 2582 3708 2634 δὲ
3747 2584 3929 2636 πάντα
3962 2584 4044 2635 εἴ·

2463 2691 2650 2743 ρηκεν.
2687 2692 2704 2724 ι
2739 2673 2920 2736 Δῖτιος
2954 2673 3227 2744 σωτηρίας
3258 2671 3500 2727 αἰωνίου.
3547 2692 3566 2726 ι
3628 2672 3754 2726 Ίδοὺ
3789 2677 3884 2726 καὶ
3925 2675 4033 2728 θεο-

2456 2764 2688 2833 πρεπές.

771 2877 904 2916 sane
932 2861 1190 2920 Christus
1215 2865 1395 2934 qualis
1426 2872 1480 2920 et
1511 2873 1714 2933 quanta
1771 2871 1919 2920 esset
1956 2864 2072 2918 haec
2089 2863 2423 2926 obedientia,
2458 2871 2717 2930 tanquam
2755 2861 2924 2917 Filius
2967 2876 3030 2917 ac
3073 2861 3240 2928 Deus,
3317 2863 3464 2918 sicut
3525 2871 3580 2916 et
3643 2861 3820 2916 Pater.
3894 2863 4039 2917 Cum

769 2967 950 3010 autem
982 2959 1274 3013 exauditus
1300 2969 1463 3023 esset,
1491 2959 1680 3015 didicit
1708 2973 1827 3012 eam
1854 2973 1942 3027 per
1975 2971 2037 3011 ea
2069 2971 2188 3026 qua:
2219 2971 2415 3026 passus
2449 2955 2627 3011 fuerat
2653 2967 2708 3010 et
2735 2972 2828 3025 per
2896 2957 3310 3025 experientiam.
3381 2955 3589 3009 Poterit
3657 2956 3821 3026 igitur
3885 2960 4043 3024 quis-

767 3068 875 3122 que
906 3053 1156 3121 accipere
1197 3062 1256 3106 ut
1294 3053 1572 3108 voluerit:
1613 3067 1733 3106 meo
1763 3060 1945 3105 autem
1983 3049 2212 3119 judicio,
2245 3050 2484 3104 secunda
2518 3049 2878 3118 intelligentia
2939 3047 3110 3114 magis
3170 3047 3446 3116 quadrare
3511 3046 3750 3101 videtur.
3816 3047 4044 3102 Nullam

770 3144 957 3212 itaque
987 3145 1385 3200 obscuritatem
1471 3145 1579 3214 iam
1626 3143 1790 3198 habet
1867 3141 2014 3212 quod
2059 3141 2283 3204 dicitur,
2352 3139 2593 3196 Tametsi
2648 3139 2821 3194 Filius
2876 3147 3014 3194 erat.
3077 3159 3095 3190 ι
3139 3139 3206 3194 Et
3262 3138 3534 3208 perfectus
3585 3139 3859 3205 redditus,
3936 3142 4038 3194 fuit

766 3239 1024 3294 omnibus
1058 3241 1150 3308 qui
1191 3241 1294 3294 sibi
1341 3241 1688 3295 obedierunt.
1729 3257 1747 3289 ι
1795 3237 1848 3292 Id
1895 3253 2028 3293 sane
2073 3237 2336 3307 perfectio
2377 3247 2459 3292 est
2500 3239 2552 3292 in
2591 3236 2931 3302 hominibus,
2966 3243 3027 3290 ut
3063 3252 3160 3305 per
3232 3235 3558 3290 amictiones
3625 3238 4039 3306 apprehendatur

767 3335 1178 3402 perfectionem.
1208 3336 1399 3388 Omnia
1431 3343 1613 3390 autem
1637 3333 1776 3388 dixit
1808 3342 2069 3402 tanquam
2135 3332 2375 3386 humano
2417 3347 2587 3388 more.
2631 3351 2649 3384 ι
2684 3331 2864 3386 Causa
2913 3329 3109 3385 salutis
3139 3339 3377 3384 aeterna.
3413 3348 3432 3381 ι
3479 3327 3618 3383 Ecce
3651 3331 3816 3384 etiam
3889 3331 4038 3403 quod

766 3427 1038 3482 divinitati
1070 3428 1415 3496 respondeat.

1365 3517 1592 3574 CAPUT
1632 3518 1746 3574 Ἧι.

768 3629 1048 3698 Obiuratio
1081 3632 1328 3685 adversus
1371 3631 1489 3684 illos
1527 3631 1716 3711 quibus
1752 3645 1881 3711 opus
1918 3637 1995 3682 est
2029 3628 2201 3696 prima
2233 3628 2340 3682 ele-

1216 3713 1510 3755 mentorum
1549 3704 1898 3754 institutione.

836 3795 901 3860 ν,
952 3794 1140 3848 H-H.
1197 3793 1270 3847 De
1312 3811 1413 3858 quo
1464 3793 1612 3846 nobis
1660 3793 1828 3844 multa
1873 3791 2044 3858 forent
2095 3790 2339 3851 dicenda,

762 3903 927 3956 eaque
953 3886 1221 3948 explicatu
1251 3884 1508 3952 diﬁcilia,
1544 3882 1964 3950 quandoquidem
1999 3895 2178 3947 segnes
2210 3880 2340 3947 facti

761 3981 888 4033 estis
941 3978 1179 4032 auribus.
1231 3975 1438 4030 Etenim
1488 3992 1608 4029 cum
1655 3975 1908 4028 deberetis
1950 3989 2043 4040 pro
2092 3972 2340 4038 temporis

763 4071 969 4124 ratione
998 4071 1238 4122 doctores
1279 4084 1413 4130 esse,
1453 4083 1666 4120 rursum
1698 4067 1837 4120 vobis
1879 4081 2007 4133 opus
2037 4075 2114 4118 est
2152 4074 2209 4116 ut
2239 4063 2340 4116 do-

762 4176 976 4215 ceamus
1009 4177 1095 4212 vos
1125 4175 1241 4228 qum
1269 4161 1375 4210 sint
1398 4158 1653 4211 elementa
1679 4156 1819 4208 initii
1846 4155 2171 4220 eloquiorum
2203 4153 2298 4206 Dei
2320 4169 2339 4205 .°

765 4253 994 4321 factique
1023 4253 1148 4306 estis
1189 4252 1227 4304 ii
1264 4252 1450 4319 quibus
1487 4265 1616 4318 opus
1656 4251 1721 4302 sit
1765 4248 1899 4301 (arte
1938 4259 1987 4301 et
2029 4263 2132 4299 non
2163 4245 2336 4298 solido

763 4344 898 4398 cibo.
931 4344 1071 4395 Nam
1106 4343 1342 4411 quisquis
1383 4341 1537 4394 lactis
1574 4351 1650 4394 est
1686 4341 1976 4409 particeps,
2006 4340 2051 4392 is
2083 4339 2231 4391 rudis
2258 4347 2336 4391 est

763 4436 1024 4490 sermonis
1045 4435 1279 4503 justitiw
1315 4452 1333 4489 :
1369 4433 1546 4502 infans
1580 4435 1716 4486 enim
1748 4443 1846 4486 est.
1883 4432 2048 4486 Porro
2083 4431 2336 4499 perfecto-

763 4543 878 4578 rum
912 4535 989 4579 est
1021 4527 1224 4580 solidus
1252 4528 1421 4588 cibus,
1452 4539 1631 4589 nempe
1665 4525 1850 4576 horum
1880 4525 1967 4592 qui
2007 4530 2216 4590 propter
2241 4520 2335 4571 Im-

763 4617 929 4669 bitum
955 4616 1144 4670 habent
1177 4633 1358 4670 sensus
1383 4617 1697 4670 exercitatos
1725 4613 1792 4667 ad
1815 4614 2183 4667 discretionem
2213 4613 2332 4664 boni

761 4710 960 4775 pariter
988 4725 1048 4760 ac
1079 4707 1230 4761 ntali.

833 4799 992 4868 352
1036 4818 1051 4848 σ
1094 4800 1163 4851 De
1194 4813 1322 4866 quo.
1360 4797 1596 4859 Christo,
1635 4796 1804 4849 multa
1850 4795 2029 4848 forent
2073 4792 2326 4854 dicenda,

3041 3511 3293 3566 ΚΕΦᾹΔ.
3335 3513 3407 3566 Ζ’.

2458 3624 2829 3690 Ἐπιτίμησις
2854 3624 2976 3687 τοῖς
2998 3622 3303 3702 δεομένοις
3323 3619 3436 3689 τῆς
3461 3620 3884 3688 στοιχειώδους
3911 3628 4035 3679 εἰσ·

3097 3708 3356 3760 αγωγης.

2516 3773 2648 3852 Περί
2712 3781 2784 3840 οὗ
2822 3783 3014 3850 πολὺς·
3056 3784 3200 3852 ἡμῖν
3259 3787 3292 3838 d
3338 3784 3544 3852 λόγος,
3594 3785 3689 3837 καί
3727 3784 4034 3854 δυσερμή-

2441 3893 2657 3942 νευτος
2683 3876 2907 3945 λέγειν,
2926 3874 3056 3928 ἐπεί
3083 3875 3292 3941 νωθροὶ
3333 3877 3612 3943 γεγόνατε
3637 3876 3762 3942 ταῖς
3793 3879 4029 3945 ἀκοαῖς.

2441 3966 2550 4020 Καί
2601 3966 2710 4035 γὰρ
2753 3967 3103 4034 ὀφείλοντες
3154 3962 3309 4018 εἶναι
3363 3965 3721 4020 διδάσκαλοι
3770 3967 3869 4021 διὰ
3924 3975 4035 4024 τον

2449 4057 2692 4126 χρόνον,
2730 4057 2918 4110 πάλιν
2949 4057 3156 4125 χρείαν
3177 4058 3347 4124 ἔχετε
3375 4058 3484 4111 τοῦ
3509 4058 3819 4112 διδάσκειν
3847 4061 4032 4129 ὑμᾶς,

2440 4150 2573 4200 τίνα
2602 4146 2674 4201 τὰ
2701 4147 2969 4216 στοιχεῖα
2995 4147 3104 4215 τῆς
3128 4148 3322 4217 ἀρχῆς
3349 4149 3467 4202 τῶν
3482 4152 3700 4219 ,λογίων
3724 4153 3830 4206 τοῦ
3853 4155 4028 4208 Θεοῦ.

2439 4241 2548 4294 Kal
2595 4242 2875 4309 γεγόνατε
2912 4241 3121 4308 χρείαν
3156 4241 3404 4309 ἔχοντες
3445 4241 3761 4312 γάλακτος,
3811 4245 3910 4298 καί
3956 4250 4029 4300 οὐ

2439 4328 2689 4397 στερεᾶς
2733 4329 2976 4398 τροφῆς.
3031 4331 3155 4396 Πᾶς
3181 4333 3291 4399 γὰρ
3321 4333 3354 4385 d
3387 4331 3653 4400 μετέχων
3699 4336 4029 4404 γάλακτος,

2437 4420 2684 4487 ἄπειρος
2735 4423 2924 4490 λόγου
2980 4420 3394 4487 δικαιοσύνης.
3437 4423 3666 4490 Νήπιος
3707 4425 3816 4492 γάρ
3863 4427 4025 4483 ἐστι.

2443 4511 2693 4564 Τελείων
2732 4511 2799 4564 δέ
2827 4511 3001 4565 ἐστιν
3033 4513 3069 4579 ἡ
3091 4513 3304 4580 στερεὰ
3328 4513 3542 4580 τροφὴ,
3602 4513 3720 4567 τῶν
3755 4517 3854 4570 διὰ
3909 4520 4027 4585 τὴν

2435 4603 2566 4667 ἕξιν
2601 4604 2673 4658 τὰ
2694 4604 3050 4672 αἰσθητήρια
3087 4605 3548 4673 γεγυμνασμένα
3583 4607 3846 4674 ἐχόντων
3871 4613 4026 4678 πρὸς

2435 4695 2731 4762 διάκρισιν
2770 4695 2961 4748 καλοῦ
2992 4712 3056 4748 τε
3085 4695 3180 4747 καί
3211 4696 3424 4750 κακοῦ.

2512 4805 2529 4836 ι
2564 4787 2696 4852 Περὶ
2719 4781 2779 4839 οὗ
2807 4785 3066 4856 Χριστοῦ,
3095 4786 3261 4849 πολύς
3284 4789 3430 4839 ἐστιν
3456 4789 3481 4839 ὁ
3510 4789 3662 4853 λόγος
3705 4792 3798 4842 καὶ
3824 4792 3885 4844 ευ
3899 4811 4022 4862 ςερ-

761 4904 932 4956 eaque
958 4887 1232 4955 explicatu
1263 4884 1556 4940 dilIicilia.»
1591 4883 1817 4953 Propter
1847 4890 2105 4946 vestram,
2127 4883 2324 4951 inquit,

2443 4879 2716 4946 μήνευτος.
2749 4897 2767 4928 ι
2814 4879 2913 4930 Διὰ
2944 4877 3041 4948 τὴν
3084 4879 3256 4946 ὑμῶν,
3308 4880 3495 4947 φησὶν,
3547 4883 3749 4943 αἰτίαν,
3797 4886 3877 4936 ὅτι
3917 4906 4020 4938 νω-

760 4994 1006 5038 causam,
1039 4979 1166 5047 quia
1211 4992 1407 5046 segnes
1449 4977 1603 5040 estis,
1638 4985 1692 5029 et
1735 4991 1854 5045 quia!
1903 4975 2229 5045 perfectiora
2264 4977 2330 5029 de

761 5071 879 5140 ipso
909 5074 1036 5125 s'unt
1070 5085 1175 5122 non
1213 5069 1430 5137 capitis.
1462 5067 1597 5122 Cum
1630 5068 1774 5121 cnim
1806 5077 1914 5119 tam
1951 5067 2119 5119 multa
2157 5066 2331 5119 humi-

761 5165 829 5216 lia
871 5163 1100 5217 dixisset
1142 5177 1260 5229 quae
1305 5160 1736 5214 incarnationem
1770 5159 2195 5220 eoncernebant,
2235 5174 2323 5212 vo-

758 5254 857 5306 luit
893 5252 958 5305 ad
997 5268 1057 5306 ea
1094 5266 1313 5319 quoquc
1360 5251 1596 5304 transire
1629 5259 1751 5318 quae
1786 5249 2127 5303 divinitatem
2166 5250 2328 5302 decc-

756 5343 885 5395 bant
909 5359 923 5394 :
949 5342 1041 5395 sed
1065 5355 1188 5394 cum
1219 5339 1518 5392 imbecilles
1542 5338 1720 5390 adhuc
1746 5345 1928 5391 essent
1957 5335 2021 5388 ad
2048 5352 2187 5404 quos
2210 5349 2328 5392 erat

755 5446 954 5495 sermo,
994 5445 1100 5483 non
1145 5435 1414 5497 poterant,
1458 5425 1782 5495 perfectiora
1821 5427 2008 5478 audire
2043 5425 2322 5494 dogmata.

760 5540 778 5571 ι
809 5521 1075 5585 Quoniam
1108 5535 1302 5586 segnes
1329 5519 1454 5572 facti
1481 5519 1616 5571 estis
1642 5517 1884 5569 auribus.
1903 5534 1919 5566 ι
1947 5517 2322 5579 'I‘entationes,

755 5613 951 5680 inquit,
1001 5621 1052 5662 et
1097 5609 1413 5662 amictiones
1459 5608 1814 5662 reddiderunt
1844 5624 1937 5662 vos
1971 5625 2184 5678 segnes,
2223 5626 2320 5664 nec

752 5699 983 5766 potestis
1021 5697 1292 5766 perfectos
1323 5698 1514 5750 audire
1547 5713 1850 5752 sermones.
1886 5717 1902 5747 ‹
1943 5700 2152 5752 Etenim
2191 5715 2314 5751 eum

754 5789 1026 5840 deberetis
1059 5789 1307 5839 doctores
1333 5804 1473 5840 esse.
1503 5807 1518 5836 ι
1550 5787 1682 5840 Cum
1721 5789 1877 5842 laude
1905 5791 2109 5857 profert
2140 5793 2320 5858 objur-

752 5879 1044 5946 gationetu.
1097 5878 1302 5946 Segnes
1356 5883 1498 5930 enim
1549 5888 1597 5930 et
1659 5880 1836 5948 ignavi
1879 5872 2036 5946 estis,
2085 5885 2258 5950 inquit
2303 5903 2314 5942 ;

2431 4968 2548 5037 θροί
2576 4970 2723 5033 ἐστε,
2754 4968 2849 5022 καὶ
2877 4967 2947 5020 τὰ
2973 4970 3282 5038 τελειότερα
3326 4975 3450 5039 περί
3472 4973 3638 5025 αὑτοῦ
3670 4976 3730 5026 οὺ
3761 4981 4018 5045 χωρεῖτε.

2431 5059 2612 5112 Εἰπὼν
2639 5061 2749 5129 γὰρ
2765 5062 2832 5114 τὰ
2861 5061 3098 5114 τοσαῦτα
3122 5063 3356 5114 ταπεινὰ
3384 5064 3481 5132 τῆς
3516 5065 4016 5135 ινανθρωπήσεως,

2427 5151 2684 5220 ἠϐούλετο
2718 5150 3016 5220 μετασῆναι
3039 5152 3132 5204 καὶ
3161 5153 3253 5203 ἐπὶ
3283 5156 3350 5205 τὰ
3379 5153 3679 5224 θεοπρεπῆ,
3703 5158 3821 5210 ἀλλ’
3851 5162 4017 5214 ἀσθε-

2427 5243 2537 5301 νεῖς
2567 5241 2645 5292 ἔτι
2685 5241 2837 5304 ὅντες
2870 5241 3005 5310 πτὸς
3049 5240 3141 5304 οὓς
3170 5245 3197 5296 b
3223 5242 3401 5311 λόγος,
3452 5247 3550 5298 οὑκ
3597 5249 3783 5315 ἴσχυον
3815 5252 4016 5305 τελείου

2433 5330 2610 5398 τέρων
2661 5329 2880 5382 ἀκούειν
2935 5331 3240 5400 δογμάτων.
3287 5331 3483 5385 ΓΕπεί
3508 5335 3706 5404 νωθροὶ
3749 5342 4026 5404 γεγόνατε

2431 5424 2550 5482 τοῖς
2596 5422 2806 5481 ἀκοαῖς.
2849 5441 2866 5472 ι
2907 5423 2969 5474 (λί
3000 5425 3318 5491 πειρασμοὶ,
3357 5426 3510 5492 φησι,
3564 5428 3657 5479 καὶ
3699 5429 3752 5477 αἰ
3778 5429 4014 5497 Oli-ben,

2428 5512 2666 5580 νωθροὺς
2716 5513 2862 5581 ὑμᾶς
2910 5514 3191 5581 ἐποίησαν,
3241 5515 3334 5567 καὶ
3402 5518 3462 5569 οὑ
3512 5518 3738 5570 δύνασθε
3788 5523 4016 5576 τεὶεῗωτι

2427 5603 2643 5656 ἀκούειν
2668 5605 2863 5671 λόγων.
2905 5625 2922 5656 ι
2957 5607 3065 5658 Καὶ
3095 5608 3202 5675 γὰρ
3248 5607 3558 5676 ὀφείλοντες
3592 5607 3728 5662 εἶναι
3750 5612 4013 5667 διδάσκα-

2425 5703 2526 5755 λοι.
2571 5721 2587 5752 ι
2645 5704 2797 5756 Μετὰ
2854 5705 3130 5771 ἑγκωμίου
3180 5707 3444 5775 προσάγει
3490 5708 3586 5777 τὴν
3646 5715 4010 5780 κατηγορίαν.

2431 5795 2643 5862 Νωῦρςὶ
2676 5796 2782 5864 γὰρ
2806 5797 2896 5846 καὶ
2927 5795 3178 5865 ρᾁυμοι,
3231 5798 3424 5864 φησὶν,
3453 5799 3571 5850 ἐστὲ
3593 5839 3607 5859 ,
3645 5802 3823 5851 καίτοι
3861 5804 3914 5866 6-,

2429 5888 2610 5947 λοντες
2656 5888 2745 5941 καὶ
2781 5887 2999 5958 ἑτέρους
3033 5887 3301 5941 διδάσκειν
3353 5889 3437 5941 διὰ
3485 5891 3572 5941 τὶν
3602 5892 3816 5960 laba-av.
3852 5893 4013 5947 Οἰτω

3645 5802 3823 5851 καίτοι
3861 5804 4012 5853 ἁξῑὲο
