4144 6456
137 400 236 464 819

1204 397 1586 457 (ὋΜΜΕῊΤ.
1635 395 1706 455 IX
1748 396 1981 455 EPIST.
2020 395 2116 453 AD
2152 392 2384 452 IIEBR.

3262 386 3362 449 330

137 521 185 571 δὲ
219 517 497 568 δείκνυσιν
536 518 598 567 ἐκ
643 516 836 568 πολλοῦ
868 514 1304 575 πεπιστευκότας
1340 514 1557 574 αὐτούς.
1594 515 1701 566 Καὶ

1814 513 1960 579 atqui
2006 511 2272 565 deberetis
2311 510 2448 564 alios
2481 522 2699 579 quoque
2733 507 2927 564 docere
2964 522 3066 578 pro
3108 508 3366 575 temporis

137 611 238 675 γὰρ
267 608 580 674 ὀφείλοντες
627 607 933 659 διδάσκαλοι
981 601 1144 666 εἶναι,
1178 605 1237 655 οῦ
1268 605 1426 671 μόνον
1455 604 1555 655 οὐκ
1583 605 1703 654 ἐστὲ

139 698 463 759 ειδάσκαλοι,
479 698 723 751 ἁλλόιιδὲ
743 696 1029 763 μανθάνειν
1045 695 1291 755 δύνασθε,
1316 697 1363 746 εἰ
1383 695 1456 763 μὴ
1479 694 1544 744 ait
1563 709 1706 744 στοι-

138 790 495 859 χειῶδες-τερα
529 791 622 840 καὶ
651 790 878 840 ταπεινὰ
901 790 992 841 καὶ
1023 787 1384 857 ἁπλούστερα.
1405 789 1514 840 Καὶ
1538 786 1706 838 ταῦτα

138 881 227 948 οὐχ
258 881 470 939 ἁπλῶς,
504 881 616 931 ἀλλ’
647 879 676 930 ὃ
710 879 789 932 ἔτι
817 868 1222 947 ἀσθενέστερον,
1249 879 1316 929 τὰ
1350 881 1587 945 στοιχεῖα
1611 878 1707 945 τῆς

139 971 310 1038 ἀρχῆς
333 970 445 1020 τῶν
469 969 665 1035 λογίων
702 969 794 1021 τοῦ
823 968 977 1021 Θεοῦ.
1007 969 1081 1020 Οὐ
1108 967 1213 1020 τῶν
1238 967 1433 1033 λογίων
1466 968 1521 1020 δέ
1551 984 1704 1036 φησι,

139 1061 201 1112 τὰ
247 1063 513 1129 στοιχεῖα,
558 1061 691 1111 ἀλλὰ
712 1099 726 1121 ,
777 1059 876 1127 τῆς
909 1058 1086 1128 ἀρχῆς
1118 1058 1223 1110 τῶν
1257 1057 1471 1126 λογίων.
1538 1059 1635 1127 Είη
1667 1058 1710 1108 δ’

139 1152 196 1201 ἂν
229 1155 474 1218 στοιχεῖα
507 1151 604 1218 μὲν
648 1151 871 1211 εἰκότως
916 1151 1023 1202 τῶν
1060 1149 1154 1201 τοῦ
1212 1149 1347 1201 Θεοῦ
1397 1149 1610 1214 λογίων,
1659 1150 1709 1201 οἱ

139 1243 262 1311 περὶ
289 1241 764 1311 ἑνανθρωπήσειες
812 1243 983 1308 λόγοι.
1017 1242 1216 1310 ’Δρχῆς
1254 1242 1309 1292 δὲ
1337 1240 1532 1307 λογίων
1565 1257 1711 1292 στοις

137 1336 272 1400 χεία,
303 1333 342 1385 ἃ.
372 1332 580 1400 προῖὼν
607 1332 774 1398 λέγει,
813 1335 902 1402 Μὴ
931 1333 1094 1385 πάλιν
1125 1331 1392 1400 θεμέλιον,
1435 1332 1527 1384 καὶ
1559 1331 1706 1397 ἑξῆς.

143 1439 159 1468 ε
195 1420 366 1472 Πάλιν
393 1420 586 1488 χρείαν
613 1420 784 1487 ἔχετε.
813 1438 832 1470 ι
885 1420 1054 1471 Πάλιν
1084 1419 1272 1488 χρείαν
1319 1418 1469 1486 ἔχετε
1509 1418 1600 1470 τοῦ
1634 1418 1711 1470 δι-

139 1512 360 1564 δάσκειν
409 1511 555 1578 ὑμᾶς
605 1511 751 1564 τινὰ.
799 1509 863 1560 Τί
899 1510 955 1562 δὲ
996 1509 1298 1573 διδάσκεινς
1342 1509 1407 1561 τὰ
1449 1512 1708 1577 στοιχεῖα,

140 1603 292 1669 φησί.
346 1619 366 1651 ε
410 1602 490 1653 Τὰ
528 1602 764 1668 στοιχεῖα
803 1601 901 1670 τῆς
935 1601 1128 1669 ἀρχῆς.
1173 1618 1190 1650 ι
1225 1602 1468 1668 Στοιχεῖα
1515 1601 1708 1669 ἀρχῆς,

139 1695 228 1760 τὴν
260 1692 682 1761 ἑνανθρὼπησιν
705 1692 875 1759 λέγει.
928 1693 1136 1763 ’Ὠσπερ
1154 1693 1261 1761 γὰρ
1288 1694 1380 1744 ἐπὶ
1404 1692 1509 1744 τῶν
1534 1710 1713 1762 γραμ-

144 1786 330 1853 μάτων
363 1786 579 1854 πρῶτον
605 1785 675 1837 τὰ
715 1787 954 1853 στοιχεῖα
1001 1785 1364 1854 μανθάνομεν,
1395 1784 1569 1848 οὕτως
1613 1785 1708 1838 καὶ

1812 604 2040 656 ratione.
2065 603 2142 656 Ita
2174 613 2350 656 autem
2379 603 2620 655 ostendit
2652 600 2794 671 quod
2831 613 2955 654 ante
2987 603 3204 670 longum
3241 607 3291 652 te
3349 620 3367 641 ι

1818 709 1921 762 pus
1952 695 2320 748 crediderant.
2372 695 2584 748 Etenim
2627 708 2750 748 cum
2792 693 3062 747 deberetis
3114 694 3367 746 doctores

1812 797 1954 847 esse,
2009 799 2115 837 non
2155 785 2326 839 solum
2382 800 2486 836 non
2539 788 2671 838 estis
2721 784 2994 847 doctores,
3045 784 3137 838 sed
3192 799 3367 850 neque

1813 874 2027 928 discere
2062 877 2289 942 potestis
2324 876 2426 929 nisi
2468 877 2637 944 prima
2669 876 2936 928 elementa
2967 882 3022 926 et
3054 873 3284 940 humilia
3305 887 3368 926 ac

1814 969 2151 1037 simpliciora
2191 981 2204 1021 :
2247 975 2300 1022 et
2348 968 2460 1021 hate
2509 982 2724 1036 quoque
2774 982 2881 1019 non
2929 975 3225 1033 utcunque,
3273 962 3366 1016 sed

1813 1057 1958 1125 quod
2005 1057 2181 1111 adhuc
2234 1058 2557 1111 imbecillius
2604 1069 2708 1122 est,
2761 1059 3027 1113 elementa
3071 1057 3209 1111 initii
3253 1057 3368 1110 elo‘

1815 1149 2067 1214 quiorum
2101 1149 2213 1202 Dei.
2245 1148 2359 1204 Non
2386 1150 2519 1204 dicit
2551 1158 2730 1203 autem
2765 1160 2778 1200 ξ
2815 1152 3090 1204 Elementa
3124 1151 3370 1219 cloquioa

1815 1253 1958 1300 rum,
1996 1241 2112 1302 sed,
2171 1241 2309 1293 initii
2354 1229 2743 1308 eloquiorum.'
2771 1240 2902 1294 Esse
2945 1249 3124 1293 autem
3171 1241 3368 1294 merito

1815 1340 2046 1397 possunt
2097 1331 2362 1382 elementa
2417 1330 2755 1396 cloquiorum
2812 1328 2926 1394 Dei,
2979 1344 3258 1383 sermones
3303 1329 3369 1382 de

1815 1421 2185 1473 incarnatione
2232 1437 2246 1480 ;
2300 1421 2436 1472 initii
2488 1432 2665 1474 autem
2706 1421 3069 1489 eloquiorum,
3103 1422 3369 1474 elementa

1815 1528 1933 1580 qua:
1962 1514 2013 1564 in
2050 1528 2336 1582 progressu
2363 1512 2493 1566 dicit
2525 1524 2538 1564 t
2572 1513 2688 1567 Non
2721 1529 2935 1567 rursum
2964 1513 3368 1566 fundamentum

1811 1605 2092 1671 jacicntcs,
2124 1616 2230 1657 ctc.
2263 1623 2280 1654 ε
2313 1603 2545 1657 Rursum
2584 1605 2736 1658 vobis
2772 1621 2910 1674 opus
2943 1615 3044 1659 est.
3076 1624 3094 1656 ι
3132 1604 3369 1659 Rursum

1815 1712 2042 1751 necesse
2081 1697 2234 1750 vobis
2275 1706 2379 1759 est,
2413 1706 2471 1750 ut
2509 1697 2802 1752 doceamus
2832 1715 2944 1754 vos.
2983 1699 3235 1765 Quaenam
3269 1713 3367 1751 aua-

1816 1795 1920 1838 tem
1942 1787 2263 1839 doceamus?
2285 1787 2586 1849 Elementa,
2606 1788 2793 1856 inquit.
2826 1808 2842 1838 ε
2873 1787 3149 1842 Elementa
3176 1789 3328 1842 initii.
3347 1805 3364 1838 ι

137 1879 221 1928 ἐπὶ
249 1878 361 1928 τῶν
389 1877 552 1929 θείω]
576 1876 768 1942 λογίων
799 1875 905 1928 ἔδει
937 1877 1150 1944 πρῶτον
1170 1877 1237 1929 τὰ
1262 1877 1389 1946 περὶ
1424 1877 1522 1944 τῆς
1552 1879 1705 1928 ἐναν-

1814 1875 2085 1930 Eletnenta
2126 1878 2268 1930 initii
2304 1879 2432 1930 dicit
2465 1894 2475 1928 :
2513 1877 2968 1934 Iucarnationcm.
3009 1879 3141 1933 Nam
3179 1897 3370 1951 quem“

143 1964 485 2032 θρωπήσεως
527 1962 894 2017 διδάσκεσθαι.
941 1964 1126 2016 Ταῦτα
1171 1965 1280 2034 γὰρ
1310 1968 1426 2027 ταῖς
1468 1966 1715 2027 ἀπίστοις

140 2056 212 2105 ἔτι
254 2056 356 2107 καὶ
395 2055 615 2124 νηπίαις
650 2057 841 2116 ἀκοαῖς
881 2057 1122 2124 χωρητὰ.
1173 2056 1257 2116 Ὠς
1293 2059 1348 2107 τό
1377 2072 1437 2122 γε
1469 2057 1595 2125 περὶ
1618 2057 1714 2125 τῆς

139 2147 387 2215 θεότητος
417 2147 512 2199 τοῦ
542 2147 775 2213 Χριστοῦ
804 2146 1131 2214 φιλοσοφεῖν.
1161 2146 1381 2199 τελείων
1412 2142 1477 2217 ἦν
1506 2147 1710 2201 λοιπόν.

151 2240 313 2308 Ὁρᾷς
337 2237 441 2308 τὴν
458 2239 638 2291 αἰτίαν
667 2237 734 2290 δι’
773 2240 838 2308 ῆν
873 2240 984 2300 τοῖς
1016 2240 1290 2299 ταπεινοῖς
1319 2238 1710 2307 ἐμφιλοχωρεῖ;

137 2330 222 2381 διὰ
248 2331 350 2399 τὴν
383 2331 493 2382 τῶν
538 2331 844 2383 ἀκουόντων
874 2329 1178 2392 ἀσθένειαν,
1202 2330 1302 2380 οὑκ
1329 2329 1619 2399 ἰσχυόντων
1648 2329 1714 2382 τὰ

140 2421 317 2473 τέλεια
339 2419 626 2483 δέξασθαι.
680 2421 771 2471 Διὸ
802 2419 895 2470 καὶ
918 2421 1068 2487 παρὰ
1099 2418 1196 2480 τὰς
1238 2419 1408 2486 ἀρχὰς
1430 2419 1527 2486 τῆς
1563 2417 1714 2470 Ἐπι-

147 2510 335 2578 στοὶῆς
366 2510 576 2580 βραχέα
624 2510 993 2581 φιλοσοφήσας
1043 2512 1296 2581 περὶτῆς
1332 2512 1579 2580 θεότητος
1621 2511 1714 2564 τοῦ

144 2601 404 2670 Χριστοῦ,
439 2602 602 2663 εὐθὺς
642 2604 955 2653 κατέπαυσε
974 2604 1061 2653 τὸν
1095 2603 1269 2669 λόγον.
1324 2603 1442 2653 Ὶ’ῶν
1490 2605 1589 2670 μὲν
1633 2620 1714 2655 τοι

142 2694 411 2745 ταπεινῶν
425 2697 456 2762 ἠ
477 2695 759 2762 Ἐπιστολὴ
774 2696 1203 2763 retain—"Alio
1225 2694 1548 2766 [GEOADR]
1571 2697 1717 2748 Στοι-

142 2789 257 2852 χεῖα
281 2789 385 2854 τῆς
418 2786 598 2855 ἀρχῆς
624 2786 733 2841 τῶν
763 2786 956 2855 λογίων
1003 2788 1096 2838 τοῦ
1130 2787 1286 2851 θεοῦ,
1317 2789 1443 2848 τοὺς
1468 2804 1718 2839 ταπεινο-

142 2878 326 2943 τέρους
360 2879 496 2944 περὶ
525 2877 761 2946 Χριστοῦ
784 2877 973 2942 λόγους
1013 2878 1258 2929 ἐκάλεσε.
1293 2878 1414 2938 Τοῖς
1442 2877 1548 2946 γὰρ
1583 2878 1717 2946 μηδὲ

146 2986 224 3019 πω
247 2970 346 3038 τὴν
378 2968 567 3019 πίστιν
585 2968 844 3036 ἐσχηκόσι
870 2967 1102 3028 τελείαν,
1130 2968 1199 3020 τὰ
1221 2969 1350 3037 περὶ
1380 2972 1476 3038 τῆς
1509 2968 1716 3036 ἀνθρω-

145 3061 370 3125 πότητος
401 3060 746 3127 προσέφερον
767 3058 925 3126 μόνα,
956 3060 1053 3126 τῆς
1080 3057 1338 3127 ἀληθείας
1373 3061 1420 3110 οἱ
1450 3059 1713 3126 κήρυκες.

144 3147 325 3210 Οῦτως
384 3151 416 3200 ὁ
477 3149 744 3217 μακάριος
805 3149 1006 3217 Πέτρος
1069 3149 1336 3210 Ἰουδαίοις
1391 3148 1717 3219 δημηγορῶν

1813 1968 2104 2021 admodum
2138 1968 2188 2020 in
2224 1970 2413 2022 litteris
2445 1970 2675 2038 printttm
2702 1972 2964 2024 elementa
2988 1972 3272 2035 dlSI'IIIIUS,
3298 1973 3370 2026 ita

1814 2067 1866 2108 et
1897 2057 1947 2108 in
1975 2056 2177 2110 divinis
2200 2059 2429 2126 eloquiis
2453 2061 2686 2128 ptimum
2716 2070 2926 2129 oportet
2954 2063 3136 2115 doceri
3164 2078 3225 2116 ea
3253 2076 3372 2132 quae

1815 2147 1881 2198 de
1920 2147 2298 2202 incarnatione
2342 2158 2489 2202 sunt.
2534 2149 2736 2203 IIorum
2785 2153 2927 2205 enim
2973 2167 3202 2222 capaces
3246 2161 3373 2207 sunt

1815 2237 2108 2291 incredula:
2174 2240 2351 2294 adhuc
2408 2249 2459 2295 et
2517 2243 2790 2297 infantilcs
2845 2261 3007 2304 aures
3057 2265 3070 2301 :
3127 2252 3266 2303 sicut
3307 2249 3374 2304 dc

1814 2329 2017 2382 Christi
2059 2330 2340 2385 divinitate
2388 2333 2781 2402 philosophari,
2834 2339 3198 2406 perfectorum
3241 2358 3374 2397 cons

1817 2431 2109 2488 sequenter
2137 2431 2301 2477 esset.
2334 2425 2498 2480 Vides
2533 2442 2752 2481 causam
2793 2445 2892 2484 cur
2930 2432 3224 2489 humilibus
3257 2451 3374 2490 ser--

1819 2513 2070 2567 monibus
2124 2515 2332 2570 diutius
2387 2516 2750 2574 immoretur?
2795 2518 3022 2591 Pr0ptcr
3066 2525 3372 2580 auditorum

1820 2601 2270 2666 imbecillitatem,
2314 2606 2404 2674 qui
2454 2622 2560 2660 non
2613 2618 2862 2678 poterant
2911 2612 3144 2681 perfecta
3196 2616 3374 2669 susci‘I

1817 2706 1964 2758 pere.
2035 2694 2157 2746 Ideo
2209 2711 2424 2764 quoque
2499 2699 2588 2750 ubi
2650 2701 2794 2752 circa
2850 2702 3104 2771 Epistolas
3153 2707 3374 2760 exordia

1821 2783 2053 2836 breviter
2083 2786 2148 2840 de
2178 2787 2379 2840 Christi
2415 2788 2695 2845 dltlltllnle
2723 2794 3090 2860 disseruisset,
3125 2799 3374 2866 protinus

1819 2890 2124 2929 sermonem
2163 2881 2450 2933 continuit.
2501 2880 2685 2950 Itaque
2732 2884 3026 2953 Epistulam
3077 2889 3374 2946 humilibus

1818 2961 1990 3030 replet
2037 2967 2482 3022 sermonibus.—
2525 2970 2644 3024 Alio
2690 2973 2862 3029 modo.
2909 2975 3188 3033 Elctnenta
3231 2980 3371 3034 initii

1818 3054 2160 3121 cloquiorum
2221 3057 2334 3121 Dei,
2398 3064 2609 3116 vocavit
2662 3063 2981 3122 humiliores
3034 3070 3100 3124 de
3153 3072 3371 3130 Christo

1819 3156 2119 3199 sermones.
2179 3146 2457 3218 Siquidem
2508 3155 2752 3210 veritatis
2795 3171 3095 3226 praecones,
3147 3163 3232 3220 his
3280 3168 3372 3234 qui

144 3240 413 3310 ἐμέτρησε
427 3241 527 3309 τὴν
542 3241 888 3293 διδασκαλίαν
909 3244 974 3312 τῇ
995 3241 1242 3310 ἀσθενείᾳ
1261 3243 1368 3294 τῶν
1388 3243 1711 3295 ἀκουόντων.

1820 3235 2059 3290 nondum
2093 3239 2386 3307 perfectam
2418 3243 2692 3300 habebant
2731 3225 2890 3302 [idem
2925 3253 3039 3306 sola
3073 3225 3136 3308 ea
3169 3225 3370 3325 propo-

151 3351 166 3379 σ
205 3334 416 3402 Ἰησοῦν
446 3333 580 3404 γὰρ,
613 3335 741 3403 εφη,
773 3335 864 3387 τὸν
890 3335 1234 3404 Ναζωραῖον,
1265 3335 1436 3404 ἄνδρα
1478 3335 1583 3386 ἀπὸ
1618 3332 1713 3386 τοῦ

145 3424 274 3476 Θεοῦ
339 3423 799 3493 ἀποδεδειγμένον
857 3426 935 3486 είς
999 3426 1164 3494 ὑμᾶς.
1227 3443 1246 3476 ι
1297 3427 1408 3478 Καὶ
1456 3426 1714 3493 γεγόνατε

147 3517 333 3584 χρείαν
367 3516 612 3584 ἔχοντες.
645 3535 663 3567 ι
711 3516 878 3570 Αὐτοὶ
917 3517 1198 3585 γεγόνατε,
1237 3519 1422 3586 φησὶν,
1465 3517 1529 3570 ἐκ
1552 3516 1718 3586 ρᾳθυ-

149 3608 296 3672 μίας,
325 3609 435 3660 οὐκ
467 3608 619 3669 ὄντες
641 3607 891 3660 τοιοῦτοι.
932 3625 952 3657 ε
981 3607 1254 3670 Γαλακτος
1274 3607 1370 3660 καὶ
1404 3608 1464 3660 οὺ
1493 3608 1719 3678 στερεᾶς

146 3697 372 3763 τροφῆς.
406 3715 426 3745 ι
478 3696 514 3746 Γ
519 3695 623 3748 ἀλα
657 3695 802 3763 λέγει
827 3697 952 3757 τοὺς
987 3698 1276 3759 ταπεινοὺς
1318 3697 1446 3765 περὶ
1477 3695 1716 3765 Χριστοῦ

147 3785 356 3852 λόγους,
386 3787 516 3849 τοὺς
565 3787 692 3856 περὶ
732 3787 830 3854 τῆς
865 3787 1096 3857 σαρκός·
1131 3788 1358 3858 στερεὰν
1400 3789 1456 3841 δὲ
1489 3789 1713 3859 τροφὴν,

145 3877 266 3937 τοὺς
305 3877 553 3937 τελείους
597 3879 724 3939 τοὺς
754 3879 882 3946 περὶ
929 3879 1026 3946 τῆς
1071 3879 1324 3947 θεότητος
1375 3879 1559 3932 αὐτοῦ.
1594 3880 1718 3942 Τοῖς

145 3963 232 4017 οὖν
244 3966 322 4018 ἔτι
342 3965 560 4033 νηπίοις
584 3966 683 4034 τὴν
704 3965 906 4028 πίστιν,
936 3966 1040 4017 ἔδει
1063 3966 1232 4032 λόγων
1258 3968 1545 4029 ταπεινῶν,
1567 3969 1718 4036 (κατ-

147 4055 376 4128 άλληλον
392 4059 506 4125 γὰρ
525 4059 637 4118 τοίς
666 4056 880 4125 νηπίοις
893 4057 953 4109 τὸ
972 4058 1158 4128 γάλα,)
1174 4061 1282 4120 τοῖς
1302 4058 1358 4110 δὲ
1373 4058 1598 4121 τελείοις
1619 4059 1716 4127 τὴν

148 4150 353 4212 πίστιν,
398 4150 499 4217 τῆς
533 4148 757 4216 στερεᾶς
805 4151 1012 4218 τροφῆς
1059 4148 1281 4214 καὶτῆς
1317 4147 1527 4216 ὑψηλῆς
1589 4150 1715 4217 περὶ

149 4239 384 4310 Χριστοῦ
417 4237 754 4304 φιλοσοφίας.
784 4238 926 4299 illi;
952 4238 1101 4306 γὰρό
1125 4238 1362 4306 μετέχων
1377 4239 1663 4305 γάλακτος.
1690 4256 1709 4289 ι

148 4333 257 4394 Πᾶς
303 4332 440 4399 γὰρ,
470 4330 656 4398 φησιν,
703 4331 732 4381 ὁ
763 4330 1004 4398 μετέχων
1055 4327 1226 4395 λόγων
1257 4329 1549 4391 ταπεινῶν,
1607 4327 1716 4379 τῶν

148 4423 274 4489 περὶ
306 4423 410 4488 τῆς
452 4418 863 4487 ἀνθρωπότητος
909 4415 1003 4468 τοῦ
1056 4417 1283 4485 Κύριοδ,
1322 4413 1487 4487 (οῦτοι
1519 4417 1627 4486 γὰρ
1655 4417 1714 4470 τὸ

1819 3330 2041 3392 nebanl,
2073 3344 2193 3400 quae
2227 3333 2292 3386 de
2324 3333 2658 3392 humanitate
2686 3349 2862 3394 erant.
2890 3341 3048 3414 353
3079 3345 3150 3398 Ita
3182 3348 3371 3404 beatus

1818 3420 2034 3486 Petrus,
2074 3439 2196 3477 cum
2245 3428 2386 3495 apud
2432 3427 2648 3486 Judatus
2683 3435 3123 3502 concionaretur,
3168 3441 3374 3495 doctri-

1819 3527 1941 3565 nam
1984 3515 2311 3570 metiebatur
2353 3517 2506 3584 juxta
2543 3521 2880 3578 audientium
2926 3526 3370 3586 imbecillitateun

1822 3602 2057 3668 desum,
2085 3606 2281 3676 inquit,
2306 3608 2641 3666 Nazarenam
2666 3614 2838 3668 virum
2855 3632 2882 3670 a
2902 3614 3011 3672 Deo
3033 3619 3371 3691 designatum

1817 3695 1885 3748 ad
1901 3711 2151 3763 ι’ρε.›-‹
2172 3696 2428 3768 Fac1ique
2448 3702 2633 3757 estisii
2658 3707 2858 3773 quibus
2889 3722 3028 3776 opus
3067 3712 3157 3765 sit.
3184 3729 3202 3763 ι
3239 3711 3370 3780 Ipsi,

1819 3784 2014 3851 inquit.
2039 3803 2101 3844 ex
2128 3791 2356 3858 segnitie
2381 3791 2509 3845 facti
2537 3797 2690 3859 estis,
2711 3811 2832 3848 cum
2861 3798 2995 3854 tales
3023 3816 3129 3854 non
3153 3805 3368 3861 essetis.

1824 3894 1841 3926 ε
1879 3875 2039 3930 Lacte
2071 3887 2124 3931 et
2160 3896 2264 3932 non
2293 3881 2466 3934 solido
2501 3883 2645 3937 cibo.
2681 3902 2699 3936 ι
2732 3884 2843 3939 Lac
2872 3887 3006 3943 dicit
3045 3889 3279 3946 humiles
3305 3895 3372 3947 de

1817 3967 2037 4022 Christo
2077 3985 2377 4036 sermones,
2422 3988 2614 4041 nempe
2645 3975 2735 4044 qui
2762 3985 2887 4030 sunt
2915 3978 2980 4032 de
3011 3995 3193 4034 carne.
3230 3983 3370 4036 Solio

1817 4055 1946 4108 dum
1992 4072 2121 4110 vero
2173 4059 2376 4124 cibum,
2430 4061 2702 4129 perfectos
2749 4063 2816 4119 de
2864 4065 3037 4137 ipsius
3087 4068 3371 4127 divinitate

1817 4159 2117 4200 sermones.
2150 4146 2244 4202 llis
2276 4149 2438 4216 igitur
2465 4151 2558 4219 qui
2590 4150 2693 4206 lide
2729 4153 2906 4209 adhuc
2933 4166 3091 4212 erant
3133 4159 3369 4216 infantes

1815 4248 1952 4302 Opus
1979 4245 2093 4289 erat
2123 4236 2418 4293 humilibus
2447 4242 2807 4308 sermonibus,
2846 4246 2928 4300 lac
2964 4247 3110 4300 enim
3143 4249 3368 4303 infanti-

1814 4325 1917 4380 bus
1949 4329 2275 4382 conveniens
2308 4341 2390 4384 est
2433 4348 2444 4382 :
2497 4332 2746 4400 perfectis
2794 4345 2974 4391 autem
3024 4340 3151 4405 lide,
3193 4343 3368 4397 solido

1815 4417 1936 4469 cibo
1962 4427 2016 4471 et
2045 4417 2282 4486 perfecta
2306 4419 2370 4474 de
2393 4419 2608 4475 Christo
2631 4424 2899 4481 doctrina.
2925 4445 2943 4479 ι
2964 4427 3095 4482 Nam
3120 4433 3367 4501 quisquis

146 4513 336 4575 7:13,)
365 4510 594 4577 ἄπειρός
615 4511 729 4559 ἐστι
755 4510 848 4560 καὶ
874 4509 1136 4577 ἀμέτοχος
1164 4508 1321 4574 λόγου
1346 4507 1710 4578 δικαιοσύνης.

1817 4507 1972 4560 lactis
2012 4517 2096 4561 est
2144 4510 2432 4578 particeps.
2473 4530 2492 4562 ι
2547 4512 2735 4568 Onmis
2774 4517 2917 4569 enim
2963 4520 3054 4586 qui
3095 4524 3365 4592 particeps

148 4607 318 4671 Λόγον
332 4604 390 4656 δὲ
403 4602 750 4671 δικαιοσύνης
772 4601 941 4667 λέγει,
970 4600 1062 4652 τὸν
1079 4599 1320 4667 περὶτῆς
1350 4599 1598 4668 θεότητος
1616 4601 1710 4652 τοῦ

149 4697 378 4764 Κυρίου.
416 4712 434 4744 ε
477 4691 539 4744 Ἠ
575 4693 768 4760 στερεὰ
811 4693 1008 4760 τροφή.
1033 4709 1052 4742 t
1098 4692 1154 4741 ’0
1194 4689 1394 4758 ὑψηλὸς
1419 4691 1594 4757 λόγος,
1618 4690 1713 4743 καὶ

146 4788 209 4836 τὰ
227 4784 411 4853 ὑψηλὰ
439 4783 568 4851 περὶ
595 4780 826 4848 Χριστοῦ
843 4782 1108 4850 δόγματα.
1138 4800 1156 4832 ε
1187 4781 1307 4832 Τῶν
1329 4781 1414 4833 διὰ
1427 4783 1522 4849 τὴν
1542 4782 1671 4845 ἕξιν.
1687 4800 1704 4832 ι

147 4878 255 4945 Τὴν
282 4877 401 4942 εξιν
435 4876 591 4944 φησὶ,
620 4872 717 4942 τὴν
749 4872 1082 4943 τελειότητα,
1125 4873 1188 4924 τὸ
1231 4873 1410 4934 καλῶς
1457 4874 1707 4942 ἀνῆχθαι,

146 4965 616 5034 γεγυμνασμένων
642 4964 708 5015 τὰ
748 4963 1099 5033 αίσθητήρια,
1145 4957 1275 5025 οἷον,
1315 4965 1505 5033 ἀκοὴν,
1535 4967 1704 5033 γλῶσε

148 5072 265 5120 σιν,
293 5053 632 5120 ὀφθαλμούς.
662 5054 734 5103 Ἦ
777 5053 906 5116 γοῦν
949 5054 1016 5103 τὰ
1046 5055 1140 5121 τῆς
1174 5056 1349 5122 ψυχῆς
1383 5055 1710 5124 αἰσθητήρια

146 5144 311 5212 λέγει.
350 5143 499 5211 Πρὸς
529 5140 591 5193 τὸ
632 5140 948 5208 διακρίνειν,
992 5144 1145 5210 φησὶ,
1194 5146 1320 5194 ποῖα
1366 5143 1432 5194 τὰ
1479 5144 1707 5212 χρηστὰ,

148 5233 236 5284 καὶ
283 5229 470 5298 ὑψηλὰ
498 5227 775 5296 δόγματα,
798 5229 889 5278 καὶ
922 5230 1049 5280 ποῖα
1088 5245 1151 5279 τλ
1179 5229 1305 5280 νόθα
1327 5231 1417 5280 καὶ
1451 5230 1708 5298 διεφθαρ-

151 5325 307 5390 μένα.
349 5319 659 5373 Δὶνίττεται
706 5317 763 5369 δὲ
812 5319 936 5378 τοὺς
972 5320 1104 5370 πᾶσι
1152 5321 1260 5381 τοῖς
1301 5319 1581 5387 ὁτιδήποτε
1629 5320 1709 5370 δι-

147 5409 441 5460 δάσκουσιν
501 5404 810 5466 ἐπιδιδόντας
857 5405 1077 5467 ἑαυτοὺς
1103 5407 1195 5457 καὶ
1240 5408 1612 5472 πειθομένους.
1649 5408 1706 5458 Ὀ

149 5502 250 5568 γὰρ
281 5501 462 5552 πάντα
480 5496 663 5558 ἁπλῶς
705 5496 1010 5564 δεχόμενος,
1045 5497 1368 5566 ἁδιακρίτως
1399 5496 1508 5565 ἔχει
1545 5497 1707 5550 καλοῦ

151 5591 238 5643 καὶ
269 5587 466 5642 κακοῦ.

1813 4606 1897 4651 est
1947 4599 2231 4654 humilium
2276 4602 2344 4654 dc
2393 4605 2730 4659 humanitate
2777 4605 2990 4663 Domini
3049 4626 3363 4667 sermonum

1815 4690 1962 4756 (nam
1995 4691 2048 4743 bi
2085 4692 2166 4743 lac
2190 4692 2554 4760 dicuntur).is
2583 4697 2734 4751 rudis
2760 4708 2844 4752 est
2868 4710 2921 4754 et
2953 4716 3057 4756 non
3097 4706 3365 4774 particeps

1813 4796 2125 4834 sermonum
2161 4784 2403 4850 justitia.
2427 4786 2738 4841 Sermonem
2763 4799 2939 4844 autem
2964 4795 3190 4859 justitite
3235 4798 3365 4850 dicit

1815 4883 1936 4921 eum
1995 4870 2084 4937 qui
2143 4870 2210 4923 de
2277 4873 2560 4928 divinitate
2609 4887 2711 4933 est.
2774 4896 2792 4928 ι
2834 4879 3054 4937 Solidus
3127 4885 3301 4941 cibus.
3339 4907 3356 4937 ι

1814 4955 2074 5012 Sublimis
2105 4975 2284 5014 sermo
2322 4978 2383 5016 ac
2419 4967 2670 5021 sublimia
2720 4968 2785 5022 de
2837 4970 3054 5028 Christo
3085 4976 3360 5044 dogmata.

1817 5067 1835 5099 ε
1883 5049 2082 5118 Nempe
2127 5052 2318 5106 horum
2355 5057 2445 5124 qui
2489 5068 2708 5126 propter
2751 5062 3008 5116 habitum.
3043 5082 3063 5116 ›
3107 5065 3359 5122 Habitum

1809 5140 1942 5190 dicit
1972 5139 2378 5209 perfectionem,
2415 5154 2558 5200 recte
2607 5149 2866 5206 educatos
2896 5167 3041 5219 esse,
3069 5155 3211 5209 sicut
3238 5174 3360 5210 sen-

1813 5243 1904 5281 sus
1952 5228 2183 5283 habeant
2236 5235 2580 5296 cxercitatos,
2623 5251 2815 5306 nempe
2871 5256 3048 5307 aures,
3098 5245 3359 5314 linguam,

1811 5319 2020 5371 oculos.
2048 5321 2154 5373 Aut
2187 5337 2381 5375 sensus
2413 5324 2543 5378 dicit
2571 5329 2784 5382 animae.
2811 5333 2886 5385 Ad
2920 5335 3360 5402 discernendum,

1813 5411 2009 5475 inquit,
2046 5428 2292 5479 quaenam
2327 5418 2476 5469 utilia
2507 5421 2614 5473 sint
2640 5436 2699 5474 ac
2724 5424 2974 5477 sublimia
3007 5426 3277 5495 dogmata,
3309 5438 3362 5479 et

1817 5516 1936 5568 qua!
1981 5503 2285 5558 adulterina
2328 5523 2390 5561 ac
2431 5515 2854 5580 corrumpentia.
2903 5517 3029 5570 Illos
3069 5527 3242 5571 autem
3285 5520 3362 5571 la:

1821 5599 1994 5643 tenter
2032 5593 2272 5646 insinuat
2307 5599 2397 5664 qui
2448 5600 2696 5653 omnibus
2738 5619 3073 5671 quaecunque
3107 5614 3159 5659 ct
3192 5608 3364 5660 unded

154 5695 364 5746 cnnun
388 5678 712 5732 docentibus
740 5677 951 5747 seipsos
977 5679 1195 5731 tradunt
1224 5691 1283 5730 ac
1307 5677 1701 5748 obsequuntur.
1746 5681 1872 5734 Nam
1906 5686 1993 5750 qui
2027 5685 2208 5738 omnia
2242 5697 2441 5744 temere
2472 5693 2683 5761 recipit,
2719 5697 2922 5749 nullum
2987 5697 3148 5751 habet
3217 5699 3364 5767 judi‘

149 5777 288 5824 ciam
323 5773 447 5826 boni
482 5785 541 5822 ac
577 5769 724 5821 mali.

383 5861 656 5920 Parnm.
694 5863 808 5920 Gtt.
842 5861 1064 5921 CXIX.

2967 5879 3031 5933 II
