4144 6456
790 407 893 473 331

1831 412 2228 473 (ECUMEN'II
2263 414 2552 476 TRICCJE
2589 420 2926 481 EPISCOPI

3923 427 4033 488 332

860 518 947 579 Vl,
983 521 1091 571 1-3.
1157 517 1495 587 Quapropter
1546 520 1739 573 omisso
1798 538 2035 577 sermone
2088 526 2231 577 initii
2283 527 2350 577 ad

2528 532 2623 583 Διὸ
2652 533 2905 601 ἀφέντες
2927 533 3034 586 τὸν
3056 533 3166 602 τῆς
3188 534 3379 604 ἀρχῆς
3406 534 3510 588 τοῦ
3538 535 3796 603 Χριστοῦ
3818 539 4029 605 λόγον,

781 610 1071 674 Christum,
1118 612 1187 664 ad
1236 613 1605 681 perfectionem
1657 613 1895 680 feramur
1936 629 1954 667 :
1998 632 2097 667 non
2141 631 2352 668 rursum

770 710 1030 777 jacieutes
1065 708 1465 777 fundamentum
1494 708 1812 774 pwmtmtire
1839 706 1903 759 ab
1937 706 2177 774 operibus
2209 724 2351 762 mor-

779 803 883 854 tuis
914 810 961 854 et
992 799 1114 869 ﬁdei
1144 801 1195 852 in
1226 790 1413 859 Deum,
1439 798 1839 865 baptismatum,
1860 796 2114 851 doctrina:
2144 814 2205 851 ac
2238 814 2353 850 ma-

775 910 905 948 num
932 892 1282 961 impositiouis
1310 899 1356 945 et
1388 890 1785 944 resurrectionis
1814 900 2143 943 mortuorum
2175 906 2236 943 ac
2260 891 2353 958 ju-

777 984 906 1037 dicii
932 983 1137 1036 retenti.
1173 981 1340 1049 Atque
1367 980 1419 1033 id
1450 979 1707 1047 faciemus
1741 981 1786 1032 si
1817 980 2023 1049 quidem
2052 981 2349 1048 permiserit

776 1077 937 1130 Deus.

840 1167 982 1222 Cum
1020 1167 1074 1221 in
1112 1158 1489 1234 superioribus
1522 1173 1774 1221 vocasset
1811 1165 2027 1220 initium
2069 1180 2351 1223 sermones

771 1261 846 1315 de
886 1260 1091 1315 Christi
1132 1259 1493 1323 humanitate,
1538 1256 1925 1325 perfectionem
1967 1273 2097 1313 vero
2129 1274 2225 1314 eos
2255 1260 2345 1329 qui

779 1354 848 1408 de
887 1354 1169 1409 divinitate
1211 1360 1395 1407 essent
1429 1389 1443 1412 .
1494 1365 1561 1403 ne
1610 1350 1662 1403 lii
1718 1350 2062 1419 impatienter
2104 1353 2349 1406 dolerent

780 1446 938 1513 quasi
977 1445 1182 1513 indigni
1228 1441 1650 1512 perfectioribus
1689 1442 2055 1507 sermonibus,
2098 1443 2349 1513 aggredia

783 1551 871 1591 tur
901 1538 1065 1591 etiam
1104 1535 1285 1603 eloqui
1318 1533 1691 1604 perfectiores.
1719 1535 2007 1604 Eloquitur
2023 1544 2202 1589 autem
2239 1551 2347 1590 non

777 1640 844 1680 co
876 1624 1038 1679 modo
1076 1638 1184 1692 quo
1216 1624 1366 1692 prius
1389 1623 1602 1677 vocavit
1628 1623 1897 1692 perfectos
1927 1641 1940 1676 :
1988 1638 2163 1692 neque
2204 1624 2346 1677 enim

779 1718 965 1773 audire
1002 1723 1273 1786 poterant,
1318 1715 1411 1769 sed
1456 1714 1565 1767 alio
1608 1714 1770 1767 modo
1818 1722 1997 1767 astute
2040 1714 2350 1782 aggreditur

778 1824 1107 1871 sermonem,
1154 1821 1352 1861 vocans
1402 1805 1624 1876 quidem
1676 1806 2005 1875 principium
2054 1805 2346 1875 baptisma,

777 1900 1007 1973 354m
1036 1915 1296 1953 tnannmn
1326 1898 1729 1967 impositionem
1754 1913 1817 1950 ac
1846 1897 2210 1967 signaculum,
2230 1911 2349 1966 quae
2383 1889 2421 1943 Β

777 1999 834 2051 in
884 2010 950 2049 eo
997 2000 1126 2046 sunt
1179 2005 1192 2042 :
1251 1990 1641 2060 perfectionem
1694 2003 1844 2052 vero,
1896 1987 2202 2041 doctrinam
2252 2002 2348 2057 per

775 2103 966 2158 opera.
1004 2086 1056 2139 In
1102 2097 1397 2153 progressu
1434 2091 1612 2135 autem
1653 2079 2000 2134 manifestius
2031 2079 2167 2133 dicit
2201 2078 2346 2148 quod

770 2181 854 2234 sit
894 2178 1109 2232 initium
1146 2176 1201 2230 in
1233 2175 1319 2229 his
1346 2173 1438 2242 qui
1473 2172 1634 2225 modo
1671 2172 1925 2233 credunt,
1968 2182 2023 2227 et
2066 2185 2184 2240 quae
2226 2186 2348 2241 per-

772 2268 967 2325 fectio.
986 2265 1317 2323 Consecutio
1338 2261 1695 2316 ordinationis
1720 2260 2349 2329 littcrmz—Quapropler

785 2365 993 2418 omisso
1015 2374 1267 2416 sermone
1290 2358 1404 2411 sive
1424 2354 1678 2423 dogmate
1707 2353 1843 2406 initii
1872 2352 1937 2406 ad
1961 2353 2258 2414 Christum,
2282 2352 2348 2406 ad

785 2454 1172 2526 perfectionem
1205 2448 1444 2502 feramur
1478 2462 1494 2509 ;
1535 2452 1696 2512 atque
1740 2443 1791 2497 id
1839 2443 2101 2498 faciemus
2140 2443 2185 2497 si
2228 2443 2349 2512 qui-

785 2548 907 2602 dem
939 2542 1247 2615 permiserit
1273 2539 1506 2594 Deus.—
1530 2556 1549 2589 ι
1577 2537 1892 2591 Sermonem
1922 2535 2061 2587 initii
2096 2534 2162 2588 ad
2190 2534 2350 2588 Chri-

782 2648 949 2695 stum.
983 2655 1001 2688 ι
1058 2633 1229 2703 Quem
1283 2626 1638 2685 sermonem?
1693 2626 2013 2679 Sermonem
2067 2623 2347 2686 doctrinm,

778 2730 929 2801 quod
965 2732 1210 2796 oporteat
1245 2722 1654 2775 fundamentum
1691 2718 1873 2787 jacere
1917 2716 2249 2786 paenitentia:
2283 2716 2351 2769 ab

780 2821 1045 2893 operibus
1076 2815 1309 2872 mortuis
1334 2831 1349 2869 :
1379 2826 1688 2867 sermonem
1718 2809 1981 2862 doctrinae
2007 2806 2153 2877 quod
2191 2822 2351 2877 opor-

784 2920 892 2967 teat
906 2910 1128 2964 credere
1147 2904 1394 2958 inDeum:
1416 2914 1724 2954 sermonem
1749 2898 2010 2952 doctrina:
2030 2896 2173 2965 quod
2190 2911 2349 2965 opor-

785 3012 894 3059 teat
912 2998 1174 3069 baptizari
1192 3011 1207 3049 :
1225 3007 1533 3051 sermonem
1552 2990 1814 3045 doctrina:
1832 2990 1973 3058 quod
1991 2994 2240 3056 oporteat
2268 2987 2353 3041 di-

783 3108 948 3165 gnum
976 3106 1035 3144 se
1063 3099 1250 3157 gerere
1278 3083 1484 3153 Spiritu
1508 3090 1698 3135 saneto
1722 3098 1740 3141 :
1760 3094 2065 3135 sermonem
2088 3078 2353 3132 doctrinm

784 3184 929 3256 quod
959 3182 1140 3237 futura
1164 3179 1234 3234 sit
1259 3175 1588 3231 resurrectio
1612 3188 1675 3227 ac
1701 3172 1990 3243 judicium.
2013 3171 2055 3225 A
2075 3169 2348 3226 communi

784 3278 927 3331 enim
962 3271 1240 3327 intellectu
1284 3274 1584 3322 sumuntur
1624 3264 1690 3318 ad
1735 3263 1949 3333 singula
1992 3270 2049 3316 et
2080 3263 2270 3323 Sermo
2298 3269 2352 3313 et

784 3364 1067 3420 Doctrina.
1095 3390 1164 3403 —
1199 3378 1218 3411 ‹
1252 3358 1333 3413 Ad
1370 3355 1781 3427 perfectionem.
1814 3371 1832 3404 ι
1873 3352 2005 3406 Cum
2039 3351 2264 3406 disisset
2292 3365 2353 3406 se

785 3458 1095 3527 relinquere
1136 3452 1523 3507 elementarem
1572 3447 1641 3502 de
1681 3445 1902 3500 Christo
1936 3457 2268 3507 sermonem,
2301 3452 2354 3496 et

782 3549 877 3617 qui
919 3531 1061 3601 initii
1099 3543 1349 3597 ordinem
1380 3537 1651 3601 continet,
1686 3536 1926 3605 ferrique
1970 3534 2035 3588 ad
2062 3533 2353 3605 perfectio-

786 3648 931 3702 nem,
959 3650 1067 3690 non
1100 3630 1424 3702 simpliciter
1452 3643 1516 3683 ac
1537 3628 1761 3699 proprie
1786 3624 2353 3697 dieitperfectionem,

784 3731 880 3790 sed
908 3727 1075 3783 veluti
1109 3724 1345 3779 niediarn
1376 3720 1520 3775 inter
1548 3718 1874 3773 crassiorem
1906 3716 2354 3774 informationem

786 3820 1130 3893 eloquiorum
1164 3815 1255 3870 Dei
1283 3822 1341 3870 et
1370 3825 1686 3883 supremam
1716 3810 2132 3880 perfectionem.
2170 3810 2357 3881 Siqui-

786 3916 909 3972 dem
941 3912 1207 3967 elenenta
1241 3905 1382 3961 initii
1411 3902 1760 3973 eloquioruu
1796 3902 1888 3956 Dei
1922 3908 2050 3956 sunt
2084 3902 2359 3956 abrenun-

787 4007 926 4063 tiare
952 4004 1173 4058 Satanae
1196 3999 1564 4066 omnibusque
1588 3995 1711 4063 ejus
1740 3994 2025 4065 Operihus,
2048 3994 2275 4048 credere
2305 3999 2358 4048 in

789 4097 982 4162 Deum,
1012 4093 1303 4163 baptizari,
1332 4090 1582 4158 accipere
1612 4086 1874 4157 Spiritum
1919 4096 2192 4147 saneium,
2220 4086 2361 4141 scire

789 4195 1132 4242 mortuorum
1152 4178 1631 4243 resurrectionem,
1652 4189 1713 4230 ac
1730 4175 1953 4229 credere
1979 4174 2216 4228 [riturum
2242 4190 2363 4231 esse

785 4274 1197 4349 judicium.Ha:c
1217 4269 1430 4341 quidem
1450 4268 1708 4322 elementa
1727 4274 1848 4320 sunt
1869 4266 2008 4319 initii
2023 4267 2360 4335 elnqninrum

2454 622 2549 675 ἐπὶ
2583 625 2695 691 τὴν
2720 628 3058 693 τελειότητα
3084 627 3407 695 φερώμεθα,
3430 627 3514 695 μὴ
3544 626 3731 680 πάλιν
3754 630 3893 695 θείιέ
3911 634 4036 680 Iter

2454 718 2957 785 καταϐαλλόμενοι
3004 719 3324 786 μετανοίας
3375 719 3491 771 ἀπὸ
3530 718 3776 785 ’νεκρῶν
3817 722 4035 788 ἔργων’.

2454 807 2548 858 καὶ
2582 808 2839 870 πίστεως
2870 808 2965 861 ἐπὶ
2996 809 3164 869 Θεὸν,
3185 807 3567 875 βαπτισμῶν,
3592 808 3868 875 διδαχῆς,
3901 810 4036 860 ἐπι-

2452 897 2671 961 θέσεώς
2709 914 2773 949 τε
2815 898 3048 965 χειρῶν,
3093 896 3485 962 ἀναστάσεώς
3528 914 3592 949 τε
3635 896 3886 963 νεκρῶν,
3934 898 4036 948 καί

2455 993 2738 1059 κρίματος
2757 993 3020 1045 αἰωνίου.
3049 990 3157 1044 Καὶ
3188 988 3366 1043 τοῦτο
3397 988 3752 1057 ποιήσομεν,
3806 990 4037 1055 ἐάνπερ

2449 1082 2744 1151 ἐπιτρέπει
2780 1086 2812 1137 ό
2847 1085 3010 1148 Θεός.

2524 1176 2664 1228 Ἅνω
2707 1173 2875 1229 εἰπὼν
2913 1175 3087 1246 ἀρχὴν
3126 1174 3253 1237 τοὺς
3301 1173 3430 1243 περὶ
3478 1172 3898 1243 ἀνθρωπξτξτος
3938 1171 4034 1225 τοῦ

2453 1263 2657 1335 Κυρίου
2695 1262 2920 1331 λόγους,
2955 1262 3269 1334 τελειότητα
3305 1264 3362 1317 δὲ
3394 1265 3520 1325 τοὺς
3566 1270 3693 1331 περὶ
3734 1263 3995 1331 θεότητος
4019 1304 4033 1324 ,

2452 1354 2538 1407 ἵνα
2572 1354 2645 1425 μὴ
2677 1355 3019 1423 ἀδημονῶσιν
3049 1351 3215 1417 οῦτοι,
3244 1354 3320 1417 ὡς
3352 1354 3427 1424 μὴ
3459 1354 3769 1423 ἀξιούμενοι
3803 1355 3915 1406 τῶν
3945 1372 4036 1406 τε-

2451 1444 2734 1514 λειοτέρων
2760 1447 2951 1513 λόγων,
2983 1447 3162 1513 λέγειν
3188 1448 3315 1510 τοὺς
3340 1447 3579 1507 τελείους
3608 1447 3895 1513 πειρᾶται.
3926 1446 4035 1497 Λέ-

2450 1550 2536 1599 γει
2560 1533 2639 1598 δὲ,
2665 1534 2763 1603 οὐχ
2788 1535 2864 1596 ὡς
2888 1535 2999 1588 ἄνω
3021 1535 3259 1597 τελείους
3286 1535 3560 1593 ἐκάλεσεν,
3590 1535 3673 1590 (ού
3700 1534 3809 1602 γὰρ
3838 1534 4035 1601 {arx-tr

2450 1623 2699 1691 ἀκοῦσαι)
2722 1639 2739 1655 ο
2775 1624 2888 1677 ἀλλ’
2940 1625 3143 1694 ἑτέρως
3177 1624 3452 1693 μεθοδεύει
3488 1625 3577 1678 τὸν
3613 1625 3804 1693 λόγον,
3851 1625 4038 1695 ἀρχὴν

2454 1715 2552 1784 μὲν
2573 1716 2634 1768 τὸ
2664 1715 2948 1785 βάπτισμα
2972 1716 3176 1781 καλῶν,
3204 1718 3297 1769 καὶ
3323 1716 3419 1784 τὴν
3442 1719 3499 1769 ὲν
3522 1716 3671 1785 αὐτῷ
3693 1716 3805 1768 τῶν
3828 1718 4035 1788 χειρῶν

2449 1805 2689 1858 ἐπίθεσιν
2716 1806 2807 1859 καλ⁵
2840 1808 3108 1875 σφραγῖδα
3134 1824 3147 1837 ·
3177 1807 3490 1877 τελειότητα
3516 1807 3572 1860 δὲ
3592 1850 3607 1872 ,
3636 1808 3735 1876 τὴν
3758 1808 3828 1859 δι’
3848 1808 4035 1877 ἔργων

2451 1896 2788 1966 φιλοσοφίαν.
2823 1897 3189 1966 Παρακατιὼν
3220 1898 3275 1952 δὲ
3318 1900 3650 1970 σαφέστερον
3682 1897 3834 1966 λέγει
3865 1900 3953 1958 τίς
3996 1900 4033 1967 ἠ

2451 1989 2593 2059 ἀρχὴ
2623 1989 2714 2041 ἐπὶ
2739 1988 2847 2041 τῶν
2872 1988 2997 2058 ἄρτι
3029 1990 3409 2053 πιστευόντων,
3438 1991 3533 2042 καὶ
3557 1990 3640 2052 τίς
3668 1991 3700 2060 ἡ
3728 1990 4031 2059 τελειότης.

2449 2077 2522 2129 Τὸ
2554 2078 2844 2132 ἀκόλουθον
2872 2079 2972 2146 τῆς
3004 2080 3325 2143 συντάξεως.
3351 2109 3421 2120 -
3445 2079 3646 2152 [ΦΩΤ
3675 2082 3767 2133 Διὸ
3798 2083 4032 2149 ἀφέντες

2449 2167 2540 2221 τὸν
2559 2167 2658 2238 τῆς
2686 2170 2858 2240 ἀρχῆς
2882 2172 2973 2222 τοῦ
3002 2170 3235 2241 Χριστοῦ
3259 2172 3566 2240 δογμάτων,
3590 2172 3683 2224 ἐπὶ
3704 2173 3806 2243 τὴν
3830 2172 4039 2226 τελειό-

2449 2278 2587 2330 τητα
2627 2262 2939 2332 φερώμεθα.
2977 2265 3085 2316 Καὶ
3117 2263 3274 2316 τοῦτο
3309 2266 3631 2334 ποιήσομεν,
3666 2265 3873 2334 ἐάνπερ
3910 2267 4035 2317 ἐπι-

2449 2351 2626 2422 τρέπῃ
2653 2352 2680 2402 6
2707 2350 2859 2413 Θεός.
2890 2383 2956 2392 -
2988 2350 3148 2423 [ΤΟΥ
3171 2352 3455 2425 ΑΥΤΟΥ]
3490 2372 3510 2405 ι
3540 2354 3647 2407 Τοῦ
3677 2353 3920 2425 Χριστιῦ
3947 2355 4036 2406 λό-

2450 2456 2565 2519 γον,
2606 2462 2623 2493 ›
2656 2443 2814 2495 Ποῖον
2843 2442 3038 2511 λόγον;
3068 2444 3172 2496 Τὸν
3200 2444 3360 2512 λόγον
3387 2445 3488 2513 τῆς
3520 2444 3762 2515 διδαχῆς,
3791 2446 3889 2498 τοῦ
3920 2445 4034 2498 δεῖν

2452 2534 2808 2587 καταϐάλλειν
2836 2533 3085 2602 θεμέλιον
3102 2536 3392 2605 μετανοίας
3425 2535 3533 2589 ἀπὸ
3559 2537 3770 2605 νεκρῶν
3804 2538 3988 2608 ἔργων
4012 2553 4031 2569 ⁸

2452 2627 2542 2679 τὶν
2571 2624 2727 2693 λόγον
2753 2627 2849 2698 τῆς
2880 2627 3118 2697 διδαχῆς,
3150 2626 3242 2681 τοῦ
3276 2627 3388 2681 δεῖν
3418 2629 3697 2681 πιστεύειν
3728 2632 3819 2682 ἐπὶ
3852 2631 3991 2683 Θεόν
4016 2647 4033 2660 ο

2452 2717 2542 2770 τὸν
2580 2718 2736 2785 λόγον
2773 2718 2873 2783 τῆς
2910 2720 3129 2789 διδαχῆς
3149 2761 3163 2785 ν
3221 2720 3314 2773 τοῦ
3354 2721 3466 2773 δεῖν
3507 2721 3898 2791 βαπτισθῆναι·
3940 2724 4034 2775 τὸν

2452 2810 2607 2879 λόγον
2648 2812 2748 2880 τῆς
2788 2811 3042 2880 διδαχῆς,
3086 2810 3180 2865 τοῦ
3218 2812 3329 2864 δεῖν
3369 2812 3669 2883 ἀξιωθῆναι
3711 2814 4037 2883 Πνεύματος

2452 2902 2644 2967 ἁγίου·
2695 2901 2784 2954 τὸν
2826 2901 2984 2970 λόγον
3028 2906 3125 2971 τῆς
3168 2904 3414 2974 διδαχῆς,
3457 2906 3541 2958 ὅτι
3585 2906 3907 2968 ἀνάστασις,
3952 2908 4038 2960 ὃ·ι

2453 2992 2604 3046 ἔσται
2640 2995 2841 3063 κρίσις.
2878 2994 3013 3049 Ἀπὸ
3049 2995 3229 3047 κοινοῦ
3266 2996 3374 3065 γὰρ
3410 2996 3549 3049 κατά
3582 2997 3835 3053 πάντων.
3874 3000 3969 3049 tu".
4005 3001 4035 3048 ὀ

2456 3086 2609 3151 λόγος
2653 3085 2748 3137 καὶ
2780 3087 2811 3155 ὴ
2848 3084 3056 3155 διδαχή.
3096 3114 3162 3125 -
3199 3083 3360 3156 [ΤΟΥ
3392 3085 3671 3157 ΑΥΤΟΥ.]
3713 3106 3732 3137 ι
3773 3086 3901 3139 Ἐπὶ
3938 3088 4039 3156 civ

2455 3177 2779 3247 τελειότητα.
2823 3195 2840 3227 ι
2879 3177 3060 3230 Εἰπὼν
3092 3178 3305 3246 ἀφεῖναι
3333 3178 3424 3231 τὸν
3452 3180 3579 3247 περὶ
3609 3179 3848 3248 Χριστοῦ
3884 3196 4037 3231 sto:-

2454 3267 2652 3338 χειώδη
2683 3268 2775 3321 καὶ
2804 3268 2981 3338 ἀρχῆς
3010 3269 3273 3339 ἐπέχοντα
3298 3270 3450 3334 τάξιν
3480 3269 3655 3339 λόγον,
3690 3273 3782 3324 καὶ
3815 3273 3910 3322 ἐπὶ
3938 3271 4039 3341 τὴν

2453 3358 2765 3428 τελειότητα
2807 3358 3094 3427 φέρεσθαι,
3134 3360 3233 3429 οὐχ
3284 3359 3468 3423 ἁπλῶς
3510 3376 3641 3429 φησι
3685 3360 3783 3429 τὴν
3825 3361 4039 3429 stopie);

2454 3450 2785 3521 τελειότητα,
2811 3449 2927 3504 ἀλλ’
2942 3450 3141 3503 ὡσανεὶ
3165 3451 3264 3521 τὴν
3289 3452 3493 3521 μεταξὺ
3516 3452 3617 3518 τῆς
3643 3451 4041 3521 ποιχειιῦσεὼς

2455 3557 2513 3593 τε
2552 3538 2662 3593 τῶν
2694 3540 2891 3607 λογίων
2926 3540 3016 3593 τοῦ
3059 3539 3217 3605 Θεοῦ,
3254 3541 3349 3593 καὶ
3391 3540 3594 3611 μεταξὺ
3635 3542 3737 3608 τῆς
3772 3543 4041 3594 ἀνωτάτω

2457 3627 2987 3698 τελειότητος.Ἔστι
3037 3629 3135 3699 μὲν
3169 3630 3277 3697 γὰρ
3329 3632 3568 3699 στοιχεῖα
3615 3630 3789 3699 ἀρχῆς
3837 3630 4040 3696 λογίων

2457 3718 2613 3783 Θεοῦ,
2642 3720 2701 3772 τὸ
2730 3720 3100 3783 ἀποτάξασθαι
3126 3720 3200 3789 τῷ
3227 3721 3436 3789 Σατανᾷ
3468 3720 3564 3774 καὶ
3592 3725 3703 3783 τοῖς
3730 3722 3916 3791 ἔργοις
3946 3725 4043 3774 αύ-

2458 3809 2583 3877 τοῦ,
2612 3810 2671 3863 τὸ
2703 3810 2985 3863 πιστεῦσαι
3018 3810 3109 3863 ἐπὶ
3139 3810 3296 3876 Θεὸν,
3328 3812 3388 3862 τὸ
3419 3810 3818 3879 βαπτισθῆναι,
3850 3814 3912 3864 τὺ
3940 3814 4039 3865 λα-

2460 3900 2574 3953 ϐεῖν
2605 3900 2825 3970 Πνεῦμα
2858 3900 3032 3967 ἅγιον,
3062 3901 3122 3953 τὸ
3156 3901 3355 3953 εἰδέναι
3385 3901 3595 3971 νεκρῶν
3621 3904 3946 3968 ἀνάστασιν,
3981 3906 4042 3958 τὸ

2463 3992 2739 4044 πιστεύειν
2762 3993 2843 4044 ὅτι
2866 3992 3015 4044 ἔσται
3041 3994 3239 4063 κρίσις.
3266 3994 3451 4047 Ταῦτα
3480 3995 3577 4063 μὲν
3598 3999 3835 4063 στοιχεῖα
3861 3997 4041 4066 ἀρχῆς

2463 4080 2657 4147 λογίων
2686 4079 2840 4133 Θεοῦ.
2871 4082 3115 4150 Στοιχεῖα
3148 4082 3205 4134 δὲ
3239 4082 3435 4149 λογίων
3467 4082 3636 4145 Θεοῦ,
3670 4086 3766 4136 καὶ
3800 4087 3900 4137 οὐκ
3937 4088 4039 4155 tip-

2463 4173 2563 4239 χῆς
2593 4172 2789 4239 λογίων
2814 4172 2969 4232 Θεοῦ,
2996 4172 3057 4223 τὸ
3084 4172 3279 4224 εἰδέναι
3309 4174 3388 4225 δτι
3421 4173 3623 4227 ἔπαθεν
3651 4174 3792 4243 ὑπὲρ
3824 4177 3984 4244 ἡμῶν
4011 4180 4039 4227 ὁ

2464 4265 2714 4334 Χριστὸς,
2747 4265 2826 4317 ὅτι
2858 4265 3081 4317 ἀνέλαϐε
3108 4266 3206 4326 τὰς
3235 4266 3511 4335 ἀμαρτίας
3540 4267 3720 4336 ἡμῶν,
3747 4269 3829 4321 ὅτι
3864 4286 4041 4339 σωτη-

791 4370 908 4425 Dei.
938 4364 1107 4421 Porro
1128 4365 1390 4417 elementa
1414 4359 1753 4427 eloquiorum
1783 4355 1871 4409 Dei
1889 4368 1940 4410 et
1973 4372 2077 4410 non
2100 4356 2354 4409 initiielo—

2469 4354 2590 4425 ρίαν
2624 4356 2752 4424 ἡμῖν
2787 4356 3110 4425 είργάσατο,
3146 4359 3236 4408 ὅτε
3262 4356 3554 4425 ἀρχιερεὺς
3588 4356 3744 4425 ἡμῶν
3778 4358 4038 4423 γέγονεν,

789 4459 1043 4530 quiet-um
1078 4453 1167 4506 Dei
1202 4462 1347 4515 sunt,
1380 4452 1521 4503 scire
1544 4450 1685 4517 quod
1719 4462 1815 4515 pro
1859 4447 2017 4500 nobis
2047 4461 2242 4515 passus
2294 4446 2354 4501 sil

2466 4446 2546 4498 ὅτι
2581 4446 2765 4497 ἑαυτὸν
2797 4447 3164 4516 προσήνεγκεν
3196 4447 3334 4515 ὑπὲρ
3368 4447 3545 4514 ἡμῶν,
3577 4448 3667 4499 καὶ
3696 4448 3750 4498 εί
3775 4466 3829 4499 τι
3861 4466 4045 4516 παρα-

790 4551 1060 4613 Christus,
1081 4545 1223 4613 quod
1249 4541 1551 4610 susceperit
1583 4549 1803 4609 peccata
1823 4549 2027 4603 nostra,
2047 4538 2189 4607 quod
2219 4538 2354 4591 salu-

2470 4538 2712 4605 πλὴειον.
2748 4537 3030 4605 Τελειότης
3066 4538 3121 4590 δὲ
3154 4537 3249 4589 τοῦ
3287 4538 3383 4604 μὲν
3417 4538 3661 4601 ἀποτάξα
3699 4540 3787 4591 θαι
3821 4541 3901 4608 τῷ
3936 4542 4039 4593 Σα-

794 4655 899 4697 tem
942 4638 1098 4693 nobis
1124 4644 1376 4705 Operatus
1407 4633 1495 4696 sit,
1532 4629 1675 4701 quod
1724 4628 1966 4700 pontifex
1997 4630 2152 4684 nobis
2184 4629 2359 4684 factus

794 4732 885 4795 sit,
910 4729 1054 4799 quod
1082 4728 1321 4794 seipsnm
1356 4720 1612 4775 obtulerit
1642 4734 1741 4788 pro
1768 4718 1943 4781 nobis,
1974 4720 2093 4772 etsi
2123 4719 2253 4788 quid
2277 4718 2360 4773 his

794 4821 951 4875 afﬁne
978 4825 1081 4873 est.
1129 4813 1556 4873 Perfectioyero
1577 4809 1693 4878 ejus
1722 4810 1862 4877 quod
1892 4817 1973 4863 est
2016 4809 2365 4865 renuntiasse

796 4909 1010 4964 Satana
1034 4906 1259 4975 ejusque
1284 4901 1649 4959 consortibus,
1682 4906 1765 4953 est
1790 4901 2056 4968 promotio
2076 4898 2127 4952 in
2148 4900 2363 4954 virtuti-

795 5000 917 5063 bus,
940 4995 1222 5051 tolerantia
1238 4989 1589 5045 amictionum
1615 4999 1667 5043 et
1699 4989 2136 5058 persecutionum
2161 5004 2221 5042 ac
2240 4998 2359 5043 ten-

796 5090 1082 5145 tationum.
1111 5084 1372 5153 Suprema
1396 5088 1573 5135 autem
1606 5080 1863 5149 perfectio
1889 5087 1969 5133 est
1995 5087 2183 5133 exacta
2214 5094 2363 5133 com-

800 5175 1109 5247 prehensio,
1170 5180 1223 5224 et
1270 5178 1471 5239 quanta
1526 5170 1731 5221 homini
1779 5169 2059 5237 possibilts
2120 5178 2224 5230 est,
2294 5170 2361 5224 de

797 5267 1000 5323 Christi
1032 5262 1319 5330 theologia.
1356 5261 1593 5314 Primum
1627 5261 1787 5329 igitur
1809 5260 2091 5313 credentes
2121 5261 2360 5328 baptiza-

796 5376 943 5422 mur,
974 5355 1174 5411 deinde
1204 5355 1555 5423 agnoscimus
1597 5360 1800 5421 quanta
1836 5367 1934 5421 pro
1978 5352 2132 5405 nobis
2167 5367 2359 5420 passus

798 5451 870 5507 sit
897 5449 1151 5503 Christus
1179 5462 1241 5500 ac
1272 5445 1456 5499 fecerit
1482 5443 1638 5511 juxta
1670 5444 2086 5505 humanitatem,
2119 5454 2361 5511 postum-

797 5542 925 5596 dum
974 5539 1269 5594 virtutibus
1330 5536 1665 5605 perticimur,
1717 5536 1911 5589 exinde
1967 5538 2126 5589 etiam
2169 5536 2360 5603 cogni-

797 5638 966 5697 tione,
999 5647 1118 5702 qttze
1158 5631 1453 5686 secundum
1495 5628 1730 5681 divinam
1763 5635 1845 5680 est
1896 5627 2177 5679 scientiam
2210 5628 2358 5694 digni

798 5724 1096 5779 reddimur.
1120 5741 1137 5774 ι
1176 5718 1294 5775 Non
1326 5736 1543 5773 rursum
1571 5719 1836 5787 jacientes
1865 5718 2295 5771 fundamentum.
2335 5738 2352 5769 ι

799 5816 915 5874 Non
955 5828 1173 5870 rursum
1211 5810 1354 5865 aliud
1400 5809 1668 5881 jacientes
1721 5811 2153 5873 fundamentum,
2192 5811 2356 5863 veluti

2464 4630 2628 4698 τανᾷ,
2662 4630 2746 4680 καὶ
2781 4630 2891 4689 τοῖς
2921 4628 3109 4679 τούτου
3147 4628 3473 4697 σνστοξχοῖς,
3506 4630 3539 4699 ή
3575 4631 3633 4681 ὲν
3660 4632 3779 4691 ταῖς
3814 4633 4041 4699 ἀρεταῖς

2467 4720 2737 4789 προκοπὴ,
2760 4721 2791 4788 ἡ
2817 4720 2923 4772 τῶν
2948 4719 3180 4787 θλίψεων
3198 4720 3293 4772 καὶ
3316 4721 3569 4792 διωγμῶν
3592 4722 3686 4774 καὶ
3712 4727 4044 4793 πειρασμῶν

2464 4814 2730 4882 ὑπομονὴ.
2760 4812 3045 4882 Τελειότης
3072 4812 3125 4865 δὲ
3159 4814 3193 4881 ι)
3222 4812 3481 4865 ἀνωτάτω
3500 4814 3540 4881 -ή
3574 4815 3699 4882 περὶ
3727 4816 3826 4882 τῆς
3856 4816 4043 4869 θεολο-

2463 4904 2583 4970 γίας
2611 4901 2864 4971 Χριστοῦ,
2896 4903 3125 4954 καθόσον
3148 4902 3295 4954 ἐπὶν
3317 4902 3588 4972 ἀνθρώπῳ
3609 4904 3853 4966 δυνατὸν,
3880 4908 4045 4975 ἀκρι-

2464 4994 2562 5063 Ci};
2614 4992 2933 5061 κατάληψις.
2980 4994 3200 5057 Πρῶτον
3240 4992 3332 5046 οῦν
3379 4993 3725 5056 πιστεύοντες
3775 4994 4045 5063 βαπτιζί-

2467 5083 2623 5149 μεθα,
2656 5081 2771 5135 εἶτα
2803 5083 3233 5152 ἐπιγινώσκομεν
3259 5085 3359 5136 ὅσα
3388 5084 3527 5151 ὑπὲρ
3555 5084 3713 5154 ἡμῶν
3743 5086 3770 5136 ὁ
3803 5087 4045 5155 Χριςτῦς

2463 5174 2629 5226 ἐπειθέ
2662 5192 2717 5227 τε
2750 5176 2841 5226 καὶ
2872 5175 3091 5243 ἐποίησε
3120 5179 3256 5230 κατά
3287 5177 3346 5229 τὸ
3375 5177 3735 5246 ἀνθρώπινον,
3769 5180 3889 5228 εἶτα
3922 5183 4044 5239 ταῖς

2464 5268 2685 5336 ἀρεταῖς
2723 5268 3096 5335 τελειούμεθα,
3137 5270 3332 5323 ἒπειτα
3372 5270 3463 5320 καὶ
3504 5267 3603 5335 τῆς
3648 5267 3906 5332 γνώσεως
3944 5271 4043 5333 τῆς

2466 5356 2604 5406 κατά
2626 5355 2721 5423 τὴν
2744 5356 3019 5422 θεολογίαν
3043 5356 3353 5424 agnomen.
3383 5376 3399 5405 ι
3426 5356 3514 5424 Μὴ
3537 5356 3693 5407 πάλιν
3714 5356 3989 5421 θεμέλιον.
4024 5377 4039 5407 ι

2466 5446 2552 5513 Μὴ
2578 5445 2736 5496 πάλιν
2758 5447 2842 5497 ἓτε
2854 5463 2941 5514 ρον
2958 5446 3121 5513 θεμέλ
3146 5466 3204 5498 ον
3222 5447 3703 5513 καταϐαλλόμενοι,
3723 5439 3859 5508 οἷον,
3884 5452 4044 5515 φησέ,

2466 5536 2907 5601 καταϐαλλόμεθα
2941 5539 2996 5588 ἐν
3029 5536 3106 5605 τῷ
3140 5535 3526 5604 βαπτίζεσθαι,
3555 5534 3867 5598 τουτέστιν,
3899 5536 4043 5586 ἀπο-

2464 5628 2634 5695 ταγῆς
2661 5629 2765 5678 τῶν
2794 5628 2967 5695 ἔργων
2994 5628 3082 5679 τοῦ
3120 5630 3347 5681 Σατανᾶ.
3372 5629 3555 5693 Ἀπαξ
3589 5628 3716 5695 γὰρ,
3748 5629 3909 5694 ςησὶ..
3944 5645 4043 5695 με·

2464 5723 2823 5786 τοι-νοήσαντες
2865 5721 2949 5771 ἐπ’
2976 5718 3155 5781 αὐτοῖς
3202 5720 3627 5788 ἐϐαπτίσθημεν,
3672 5718 3765 5770 καὶ
3808 5718 3916 5770 οὒκ
3962 5720 4044 5770 ἔτι

2462 5811 2542 5863 δεῖ
2568 5813 2735 5863 ταῦτα
2768 5811 2825 5874 ἐξ
2853 5812 3097 5880 ὑπαρχῆς
3130 5813 3322 5865 ποιεῖν.
