4144 6456
753 463 861 533 359

1845 439 2242 503 (ECUMENlI
2273 432 2564 496 TRICCJE
2599 427 2937 490 EPISCOPI

3917 409 4036 472 360

759 566 1182 636 tur?Qnoniotlo
1199 564 1340 619 enim
1367 561 1436 615 de
1464 556 1748 612 divinitate
1770 552 2002 614 diceret,
2024 549 2294 602 lnnocens
2323 564 2336 610 ;
2371 596 2372 601 η

2479 543 2607 608 tofi;
2644 540 2764 601 Πῶς
2795 539 2903 606 γάρ
2947 535 3013 587 ἂν
3049 533 3204 598 ἔλεγε
3234 527 3363 598 περὶ
3393 525 3492 594 τῆς
3535 523 3814 590 θεότητος,
3849 522 4036 574 ’Δκα-

761 667 865 719 hoc
899 669 1004 726 est,
1035 659 1239 725 absque
1275 653 1448 708 dolo?
1479 649 1566 702 Ait
1586 647 1731 700 enim
1761 654 1813 699 et
1838 644 1964 697 alibi
1987 642 2052 694 de
2070 639 2292 694 Christo
2318 654 2335 692 :

767 777 784 808 ι
819 755 1002 824 Neque
1050 749 1207 803 dolus
1261 748 1516 800 inventus
1568 748 1654 794 est
1701 739 1757 791 in
1812 750 1907 789 ore
1959 733 2079 802 ejus
2112 732 2178 785 ".
2210 748 2229 782 ι
2270 759 2340 770 -

766 865 786 898 ι
829 823 1127 897 Sublimior
1175 836 1327 890 ocelis
1375 832 1625 887 eﬂectus.
1675 848 1692 880 ι
1738 826 2016 894 Siquidem
2057 823 2122 877 ad
2163 824 2337 891 ipsum

764 933 1007 988 ascendit
1036 930 1326 983 Paternum
1363 925 1640 976 thronum.
1677 918 1833 984 Quod
1862 925 2042 970 autem
2078 918 2175 974 ait,
2204 912 2342 966 Etle-

764 1035 910 1089 ctus,
961 1039 1026 1075 an
1063 1034 1170 1072 non
1202 1017 1406 1069 clamat
1437 1013 1582 1082 quod
1614 1012 1682 1066 de
1719 1025 1886 1063 carne
1922 1009 2095 1077 ipsius
2121 1007 2233 1058 han:
2263 1005 2344 1056 lo-

764 1113 1013 1184 qnatur?
1051 1111 1194 1163 Dens
1243 1120 1479 1173 namque
1505 1102 1741 1156 Verbum
1798 1113 2013 1167 semper
2050 1097 2151 1150 fuit
2189 1095 2344 1148 caelis

770 1205 1076 1261 sublimior.
1117 1220 1133 1252 ι
1184 1200 1280 1255 Cni
1335 1213 1438 1250 non
1473 1194 1544 1248 sit
1584 1192 1828 1264 quotidie
1869 1204 2112 1244 necesse.
2158 1206 2175 1238 ι
2227 1186 2342 1238 Non

768 1296 885 1347 ideo
938 1294 1114 1346 solum
1174 1288 1432 1359 praacclht
1467 1285 1774 1338 Judaeorum
1832 1282 2142 1335 sacerdotes
2199 1275 2345 1345 quod

767 1387 885 1439 sine
920 1390 1141 1453 peccato
1178 1383 1271 1442 sit,
1321 1393 1512 1432 vernm
1549 1377 1711 1430 etiam
1759 1388 1788 1426 a
1831 1373 1993 1426 modo
2042 1368 2293 1424 sacriﬁcii
2327 1380 2341 1418 :

767 1475 893 1544 quia
938 1489 1044 1526 non
1099 1485 1198 1539 pro
1247 1468 1427 1536 seipso
1471 1465 1706 1534 primum
1757 1462 1936 1527 oﬂ’crt,
1981 1461 2179 1514 deinde
2251 1473 2347 1526 pro

768 1563 1009 1633 peccatis
1061 1559 1267 1631 populi.
1314 1565 1367 1610 et
1415 1555 1561 1624 quod
1612 1554 1829 1607 unicam
1867 1552 2144 1604 victimam
2181 1547 2348 1603 semel

769 1654 1028 1706 obtulerit
1063 1666 1162 1721 pro
1198 1649 1374 1704 solius
1408 1646 1587 1715 populi
1622 1644 1884 1714 peccatis.
1933 1661 1950 1692 ι
1977 1638 2350 1706 Quemadmo-

771 1744 899 1795 dum
934 1740 1280 1809 pontiﬁcihus
1311 1755 1325 1801 ;
1368 1754 1385 1784 ι
1424 1733 1735 1786 Judzeorum
1771 1731 2045 1784 videlicet.
2079 1747 2096 1778 ι
2135 1727 2268 1780 Nam
2296 1727 2348 1780 id

773 1833 901 1886 fecit
936 1831 1124 1885 semel.
1165 1846 1182 1877 ι
1218 1827 1296 1889 ld,
1333 1824 1641 1894 quidnam?
1674 1823 1744 1878 Ut
1777 1838 1876 1892 pro
1903 1821 2084 1891 populi
2115 1819 2352 1887 peccatis

2445 651 2561 697 κος,
2602 632 2879 684 τουτέστιν
2919 625 3140 689 άδολος;
3179 641 3197 673 ι
3224 623 3336 674 Kai.
3367 616 3515 678 δόλος
3541 615 3673 684 γὰρ,
3706 614 3898 682 φησιν,
3927 614 4038 680 οὐχ

2445 725 2647 796 εὑρέθη
2676 726 2731 776 ὲν
2761 721 2838 790 τῷ
2864 719 3095 786 στόματι
3126 711 3313 768 αὑτοῦ.
3343 729 3362 761 s
3393 737 3461 750 ——
3487 725 3505 758 ι
3529 706 3893 776 ’Υψηλότερος
3919 703 4040 755 τᾶν

2447 816 2690 886 οὐρανῶν
2720 812 3033 881 γενόμενος.
3070 825 3087 858 ι
3147 807 3241 867 Εἰς
3273 804 3435 856 αὑτὸν
3467 801 3574 869 γὰρ
3605 799 3698 850 τὸν
3749 795 4040 863 [ἰατρικὸν

2449 911 2673 964 ἐκάθισε
2716 907 2926 977 θρόνον.
2963 903 3037 953 Τὸ
3081 899 3160 962 δὲ,
3191 897 3512 965 Γενόμενος,
3543 895 3603 944 οὺ
3656 892 3752 959 βοᾷ
3781 890 3864 942 ὅτι
3901 891 4043 956 περὶ

2448 1003 2547 1070 τῆς
2581 999 2784 1067 σαρκὸς
2834 992 2999 1047 αὐτοῦ
3034 989 3206 1044 ταῦτα
3239 988 3420 1053 λέγει;
3447 986 3476 1035 ὀ
3525 990 3634 1061 γάρ
3677 981 3810 1042 θεῖς
3833 978 4043 1044 Λόγος,

2547 1092 2632 1144 ἀεὶ
2669 1087 3000 1156 ὑψηλότερος
3021 1083 3129 1136 τῶν
3159 1079 3426 1150 οὐρανῶν.
3465 1096 3482 1126 ι
3514 1076 3609 1135 ’ος
3637 1074 3735 1126 οὐκ
3762 1074 3877 1140 ἔχει
3906 1068 4041 1121 καθ’

2455 1186 2668 1256 ἡμέραν
2708 1182 2975 1248 ἀνάγκην.
3018 1197 3036 1229 ›
3069 1178 3144 1230 Οὺ
3193 1177 3374 1245 μόνον,
3409 1173 3596 1240 φησιν,
3625 1169 3733 1220 ἀπὺ
3761 1166 3859 1219 τοῦ
3896 1167 4042 1217 ἀνα⁶

2459 1279 2732 1347 μάρτητον
2792 1273 2955 1325 αὑτὸν
2989 1266 3129 1321 εἷναί
3189 1269 3342 1318 ἐστιν
3388 1267 3422 1333 ἡ
3453 1262 3685 1330 διαφορά
3728 1258 3864 1326 πρὶς
3909 1258 4043 1317 τοὺς

2469 1370 2738 1422 Ἰουδαίων
2772 1367 2975 1435 ἱερέας,
3012 1362 3146 1415 ἀλλὰ
3177 1361 3270 1415 καὶ
3302 1359 3412 1411 ἀπὸ
3441 1357 3537 1409 τοῦ
3563 1355 3764 1425 τρόπον
3795 1351 3898 1419 τῆς
3941 1352 4045 1401 Θυ-

2459 1461 2699 1523 σίας,ὃτι
2719 1460 2817 1526 οὐχ
2841 1456 2978 1526 ὑπὲρ
3005 1453 3199 1507 ἑαυτοῦ
3224 1451 3558 1521 προσφέρειν
3578 1447 3814 1515 πρῶτον,
3842 1443 4044 1495 ἔπειτα

2457 1554 2596 1622 ὑπὲρ
2639 1550 2732 1603 τοῦ
2768 1549 2918 1611 λαοῦ,
2973 1549 3066 1600 καὶ
3095 1549 3176 1600 ὅτι
3221 1543 3369 1606 ἅπαξ
3421 1544 3645 1610 εποίησε
3693 1538 3791 1605 τὴν
3840 1535 4046 1589 θυσίαν

2460 1646 2600 1713 ὑπὲρ
2634 1643 2725 1694 τοῦ
2756 1639 2888 1694 λαοῦ
2932 1641 3112 1707 μόνον.
3142 1656 3160 1686 ι
3189 1638 3402 1703 Ὥσπερ
3431 1636 3477 1686 οἱ
3519 1632 3818 1702 ἀρχιερεῖς.
3860 1646 3880 1677 s
3915 1627 4047 1679 Τῶν

2472 1736 2745 1790 Ἰουδαίων
2771 1733 2994 1802 δηλαδή.
3035 1750 3052 1782 ι
3081 1730 3251 1783 Τοῦτο
3282 1729 3390 1798 γὰρ
3432 1725 3690 1794 ἐποίησεν
3739 1719 3983 1789 ἐφάπαξ.
4020 1738 4038 1768 ι

2460 1829 2650 1882 Τοῦτο.
2687 1829 2884 1889 Ποῖονς
2920 1825 2982 1877 τὸ
3040 1823 3182 1893 ὑπὲρ
3227 1821 3320 1874 τοῦ
3371 1819 3502 1872 λαοῦ
3535 1817 3824 1882 ἀνενέγκαι
3878 1814 4050 1866 αὑτὸν

775 1924 1132 1989 semetipsum
1169 1917 1388 1972 olIerret
1418 1915 1697 1969 victimam
1731 1931 1744 1968 :
1776 1928 1901 1965 nam
1930 1927 2028 1980 pro
2065 1912 2251 1979 seipso
2290 1925 2357 1962 ne

2479 1919 2676 1973 luciav.
2732 1917 2903 1985 ’Υπὲρ
2938 1915 3047 1984 γάρ
3096 1911 3315 1974 ἑαυτοῦ,
3356 1909 3483 1962 οὔτε
3516 1907 3664 1973 ἅπαξ
3713 1906 4047 1973 πεποίηκεν.

777 2015 942 2071 scmcl
976 2012 1197 2080 quidem
1230 2008 1380 2061 fecit.
1414 2004 1601 2073 Neque
1626 2005 1768 2057 enim
1792 2018 1931 2071 opus
1965 2002 2041 2054 illi
2077 2001 2198 2064 fuit,
2228 2015 2352 2053 cum

776 2122 1009 2179 chcaro
1043 2119 1146 2156 non
1180 2105 1386 2167 posset,
1408 2107 1464 2150 nt
1493 2110 1590 2165 pro
1614 2096 1795 2163 seipso
1819 2093 2060 2147 offerret.
2089 2091 2166 2146 Ne
2193 2093 2359 2160 igitur

778 2212 901 2252 cntn
935 2193 1242 2262 pontiliCem
1275 2204 1397 2242 eum
1424 2186 1605 2246 audis,
1631 2186 1911 2238 existimes
1934 2185 2111 2251 ipsnm
2145 2197 2360 2250 semper

781 2288 1116 2342 sacriﬁcare.
1171 2281 1453 2349 Siquidem
1504 2277 1595 2329 ubi
1643 2277 1810 2330 semel
1857 2277 1957 2328 hoc
2007 2276 2246 2335 fecisset,
2296 2277 2360 2324 :id

786 2381 1086 2434 Paternum
1123 2372 1372 2427 ascendit
1417 2373 1712 2434 thronum;
1753 2367 1986 2420 ministri
2040 2381 2272 2432 namque
2310 2378 2363 2416 et

784 2467 1085 2524 sacerdotis
1119 2473 1203 2519 est
1245 2475 1391 2517 stare
1427 2480 1442 2516 :
1486 2462 1676 2515 sedere
1721 2474 1852 2512 vero
1898 2456 2173 2527 signiﬁcat
2219 2457 2364 2526 quod

785 2561 951 2616 semel
981 2559 1213 2612 hostiam
1241 2555 1551 2618 adduxerit,
1595 2567 1790 2621 nempe
1827 2551 2105 2620 proprium
2139 2565 2362 2618 corpus,

786 2665 850 2703 ac
885 2644 1230 2718 postmodum
1257 2646 1481 2709 sederit,
1509 2653 1566 2696 ut
1592 2643 1697 2696 sibi
1717 2643 2060 2696 ministretur
2095 2641 2164 2696 ab
2190 2642 2370 2693 incor-

793 2741 976 2808 poreis
1017 2736 1404 2808 potestatibus.
1457 2753 1474 2785 ι
1509 2734 1788 2801 Siquidem
1821 2732 1904 2786 lex
1950 2732 2199 2785 homines
2234 2746 2369 2784 con-

791 2831 988 2886 stituit.
1027 2847 1045 2880 ι
1093 2826 1160 2880 Et
1189 2841 1359 2895 quare
1394 2838 1502 2878 non
1535 2823 1637 2877 fuit
1680 2823 1758 2876 illi
1802 2837 2028 2876 necesse
2067 2837 2166 2892 pro
2190 2824 2372 2891 seipso

794 2924 1004 2977 hostias
1043 2920 1260 2981 oﬁ'erre,
1292 2933 1469 2988 neque
1508 2918 1709 2984 smpius
1738 2932 1834 2985 pro
1869 2917 2069 2985 populo
2111 2917 2374 2984 quemad-

791 3017 1013 3070 modum
1057 3012 1367 3083 pontiﬁces,
1417 3010 1510 3063 sed
1553 3010 1687 3063 satis
1725 3007 1829 3062 fuit
1859 3009 2025 3063 semel
2065 3008 2378 3062 obtulisse?

795 3105 1023 3172 Quare?
1070 3102 1210 3169 Quia
1255 3099 1576 3156 sacerdotes
1622 3099 1842 3167 quidem
1878 3114 1906 3150 a
1942 3098 2060 3167 lege
2107 3098 2377 3166 designati

2460 2014 2534 2064 οὐ
2565 2013 2674 2081 γὰρ
2701 2011 2894 2072 ἐδεῖτο,
2927 2006 3315 2075 ἀναμάρτητος
3342 2002 3439 2067 ὦν,
3461 1996 3812 2068 ὑπὲρὲαυτοῦ
3836 1997 4051 2061 ἀναγα-

2461 2108 2606 2173 γεῖν.
2656 2105 2746 2170 Μὴ
2787 2103 2969 2154 τοίνυν
3024 2095 3292 2168 ἀρχιερέα
3339 2093 3501 2146 αὑτὸν
3548 2090 3800 2150 ἀκούων,
3852 2087 4050 2156 νόμιζε

2463 2195 2627 2246 αὑτὸν
2656 2193 2745 2245 ἀεὶ
2780 2190 3049 2260 ἱερᾶσθαι.
3082 2189 3193 2242 Καὶ
3224 2185 3334 2252 γάρ
3375 2182 3533 2236 τοῦτο
3584 2181 3820 2250 ποιήσας
3872 2176 4051 2241 ἅπαξ,

2465 2289 2652 2341 λοιπὸν
2683 2288 2762 2348 είς
2794 2285 2886 2336 τὸν
2916 2279 3195 2349 Πατρικὺν
3222 2276 3445 2330 ἐκάθισε
3481 2275 3690 2343 θρόνον.
3719 2267 4051 2338 Λειτουργοῦ

2469 2382 2568 2449 μὲν
2616 2380 2724 2448 γὰρ
2777 2377 2871 2431 καὶ
2909 2374 3120 2444 ἱερέως,
3157 2371 3217 2424 τδ
3264 2370 3508 2422 ἑστάναι.
3544 2367 3619 2418 Τὸ
3662 2365 3719 2416 δὲ
3768 2359 4051 2427 καθῆσθαι

2466 2473 2616 2542 δηλοῖ
2642 2473 2724 2523 ὅτι
2761 2467 2911 2532 ἅπαξ
2958 2465 3055 2536 τὴν
3086 2463 3280 2516 θυσίαν
3313 2458 3689 2531 προσαγαγὼν
3710 2496 3723 2519 ,
3778 2453 4052 2512 τουτέστι,

2468 2564 2529 2617 τὸ
2565 2564 2696 2616 ῐδιον
2755 2561 2913 2630 σῶμα
2943 2598 2958 2622 ,
3013 2557 3200 2609 λοιπὸν
3221 2553 3519 2607 κεκάθικεο
3571 2545 4056 2618 λειτουργοῦμενος

2472 2656 2578 2709 ὑπὸ
2610 2655 2717 2707 τῶν
2768 2651 3078 2720 ἀσωμάτων
3111 2646 3415 2716 δυνάμεων.
3453 2661 3472 2694 ι
3519 2643 3580 2694 Ὀ
3608 2640 3770 2708 νόμος
3802 2639 3914 2706 γὰρ
3960 2639 4056 2690 ἁνι-

2474 2747 2725 2817 Θρώπους
2757 2743 3096 2812 καθίστησιν.
3132 2758 3151 2789 ι
3185 2739 3297 2790 Καὶ
3325 2735 3471 2796 τίνος
3497 2733 3684 2785 ἕνεκεν
3707 2732 3807 2782 οὐκ
3829 2726 4056 2795 ἐδεήθη,

2475 2838 2660 2908 φησιν,
2687 2837 2826 2904 ὑπὲρ
2852 2831 3046 2886 ἑαυτοῦ
3073 2828 3266 2883 Θυσίαν
3290 2826 3614 2893 ἀναγαγεῖν,
3644 2821 3762 2874 οὐδὲ
3787 2819 3932 2888 ὑπὲρ
3961 2817 4056 2869 τοῦ

2475 2930 2607 2982 λαυῦ
2647 2926 2906 2988 πολλάκις
2934 2923 3127 2989 ὥσπερ
3174 2921 3225 2971 oi
3264 2917 3562 2988 ἀρχιερεῖς,
3595 2911 3730 2966 ἀλλὰ
3762 2911 3914 2975 ἅπαξ
3963 2910 4060 2961 άν-

2479 3022 2710 3087 ενέγκας
2737 3016 3018 3086 ἠρκέσθης
3048 3014 3145 3066 Διὰ
3174 3011 3227 3063 τί
3252 3027 3267 3075 ;
3291 3009 3412 3062 Ὀτι
3437 3008 3489 3060 οἱ
3512 3006 3608 3076 μὲν
3632 3004 3740 3058 άπὸ
3766 3002 3861 3054 τοῦ
3889 3003 4059 3070 νόμου

2481 3111 2912 3184 προϐαλλόμενοι
2946 3109 3133 3176 ἱερεῖς,
3171 3102 3277 3155 ὑπὸ
3324 3099 3604 3170 ἁμαρτίας
3635 3097 3760 3149 είσί.
3795 3094 3885 3146 Διδ
3916 3095 4062 3146 δέον-

797 3205 1024 3265 peccato
1051 3192 1271 3245 obnoxii
1299 3201 1452 3256 sunt,
1484 3191 1605 3243 ideo
1638 3204 1856 3257 semper
1896 3189 2005 3242 illis
2031 3204 2169 3257 opns
2198 3198 2284 3242 cst
2326 3197 2372 3242 et

2482 3224 2575 3258 ται
2613 3205 2702 3258 ἀεὶ
2746 3200 2888 3268 ὑπέρ
2941 3215 3000 3250 τε
3047 3194 3256 3250 ἑαυτῶν
3295 3194 3392 3246 καὶ
3444 3191 3540 3244 τοῦ
3577 3187 3711 3240 λαοῦ
3764 3188 4063 3256 ἀναφέρειν

800 3301 902 3357 pro
933 3285 1046 3337 suis
1074 3289 1128 3335 et
1159 3297 1255 3350 pro
1287 3280 1471 3350 populi
1501 3279 1739 3348 peccatis
1767 3277 1964 3330 oderre
1989 3279 2217 3330 hostias.
2238 3277 2372 3330 Dens

2487 3299 2704 3352 θυσίαν.
2747 3296 2804 3346 'O
2841 3292 2897 3344 δὲ
2947 3289 3079 3351 Θεὸς
3123 3288 3212 3341 διά
3246 3286 3349 3354 τῆς
3392 3281 3739 3353 ὁρκωμοσίας
3777 3280 3878 3347 τῆς
3925 3278 4064 3347 μετὰ

803 3387 984 3430 antem
1023 3391 1117 3443 per
1146 3373 1535 3443 jusjurandum
1587 3379 1712 3440 post
1746 3371 1916 3437 legem
1953 3368 2182 3433 factum,
2220 3369 2372 3422 Chri-

2485 3392 2577 3442 τὸν
2626 3389 2790 3455 νόμον
2836 3382 3137 3452 γενομένης
3186 3377 3626 3448 προϐαλλόμενος
3670 3372 3933 3441 ἀρχιερέα
3977 3369 4064 3421 τὸν

805 3477 950 3521 stum
999 3466 1169 3518 tilium
1221 3480 1380 3520 suum
1421 3473 1664 3518 creatmn
1713 3464 2046 3532 pontiﬁcem,
2103 3463 2372 3515 constituit

2488 3480 2725 3538 Χοιστὸν
2767 3479 2896 3530 Υἱδν
2944 3476 3095 3538 ὄντα,
3131 3473 3298 3526 αὑτὸν
3327 3469 3668 3536 κατέστησεν
3724 3464 3874 3535 ἱερέα
3915 3479 4066 3514 τετεο

806 3555 1147 3611 sacerdotcm
1201 3563 1668 3619 consummatum,
1697 3567 1875 3620 neque
1911 3552 2146 3607 similem
2192 3552 2260 3606 iis
2292 3567 2362 3620 qu

2490 3533 2810 3639 λειωμένον,
2846 3569 2940 3620 καὶ
2984 3533 3207 3636 μὴ’τὴν
3247 3563 3370 3630 ἴσην
3424 3561 3540 3621 τοῖς
3557 3533 3710 3609 ’κατὰ
3766 3533 3858 3607 τὸν
3899 3553 4066 3620 νόμον

803 3649 962 3752 iuva
1233 3654 1520 3752 creamur-
1543 3644 1943 3752 δεδίξθΐάίξῑίδυεο
2197 3657 2392 3752 ῖξεπηρθ
2495 3663 2700 3733 ίερεῦσι
2731 3660 3114 3730 περικείμενον
3146 3654 3430 3709 ἀσθένειαν
3469 3649 3563 3704 καὶ
3592 3648 3890 3718 ἁμαρτίαν,
3920 3643 4069 3706 ἆπαξ

809 3740 1166 3794 imbecillitati
1218 3753 1281 3791 ac
1336 3746 1561 3807 peccato
1582 3737 1901 3801 obnoxium,
1925 3735 2020 3791 sed
2065 3735 2232 3788 semel
2272 3744 2372 3787 tan

2491 3757 2566 3821 ὡς
2607 3754 2732 3808 Υίδν
2775 3751 2912 3805 Θεοῦ
2965 3752 3059 3804 καὶ
3085 3750 3238 3801 Θεὸν.
3272 3765 3292 3797 ι
3313 3745 3410 3807 Et;
3445 3743 3538 3796 τὸν
3581 3741 3753 3795 αἰῶνα
3781 3739 4067 3792 τετελειω·

807 3845 972 3902 quam
1006 3829 1202 3882 Filium
1235 3828 1328 3881 Dei
1376 3842 1441 3882 ac
1472 3828 1641 3882 Deum
1670 3869 1685 3884 .
1739 3846 1757 3878 ι
1791 3827 1983 3881 Filium
2019 3826 2305 3880 constituit
2341 3826 2392 3878 in

810 3931 1073 3976 aeternum
1112 3927 1578 3978 consummatum.
1633 3936 1652 3968 ι
1684 3917 1819 3972 Nam
1849 3933 1880 3971 a
1909 3918 2186 3972 communi
2232 3917 2394 3969 intel-

813 4015 954 4066 lcctu
986 4012 1292 4066 Constituit
1321 4009 1690 4079 supplendum
1719 4020 1823 4064 est.
1848 4009 2166 4074 Constituit,
2195 4009 2391 4078 inquit,

814 4103 1155 4158 sacerdotem
1199 4103 1250 4155 in
1301 4111 1566 4156 aeternum
1608 4109 2095 4155 consummatum:
2139 4101 2240 4154 hoc
2287 4111 2393 4162 est,

817 4212 924 4248 non
964 4195 1055 4260 qui
1095 4208 1238 4246 nunc
1263 4200 1476 4246 tantum
1510 4194 1581 4244 sit
1620 4192 1741 4245 sine
1782 4199 2028 4259 peccato,
2071 4191 2164 4243 scd
2194 4199 2248 4244 et
2275 4191 2398 4244 talis

815 4284 869 4337 in
908 4293 1230 4352 perpetuum
1263 4281 1482 4336 futurus
1514 4291 1620 4336 est.
1656 4280 1714 4334 Si
1757 4296 1887 4349 ergo
1931 4289 1985 4334 et
2034 4279 2206 4333 Filius
2238 4289 2320 4334 est
2347 4289 2400 4333 ct

819 4376 873 4428 in
901 4385 1162 4429 a-ternum
1201 4382 1640 4437 consummatus,
1686 4387 1849 4440 quam
1884 4372 1955 4426 ob
1996 4386 2215 4425 causam
2250 4370 2399 4423 futu-

825 4482 947 4518 rmn
981 4474 1127 4519 essvt
1159 4476 1219 4518 ut
1256 4464 1329 4516 illi
1364 4479 1503 4532 Opus
1525 4474 1674 4517 esset
1703 4462 1893 4515 multis
1917 4460 2247 4514 sacriﬁciis?

2500 3849 2681 3918 μένον.
2711 3866 2727 3896 ι
2762 3844 2899 3897 Ἀπὸ
2922 3841 3134 3904 κοινοῦζ
3159 3839 3537 3903 Καθίστησιν
3557 3833 3737 3900 ιερέᾳ,
3775 3830 3972 3898 φησὶν,
3996 3830 4068 3891 εἰς

2497 3943 2590 3993 τὸν
2612 3938 2785 3992 αἰῶνα
2813 3933 3252 4002 τετελειωμένον,
3273 3926 3578 3990 τουτέστιν,
3603 3925 3664 3976 οὐ
3690 3923 3785 3974 νῦν
3812 3921 3948 3975 ὄντα
3984 3919 4070 3989 μό-

2497 4049 2587 4085 νον
2621 4029 3033 4098 ἀναμάρτητον,
3065 4021 3201 4075 ἀλλὰ
3238 4020 3333 4072 καὶ
3362 4019 3442 4079 εἰς
3477 4015 3568 4068 τὸν
3619 4013 3789 4067 αῐῶνα
3828 4011 4071 4063 τοιοῦτον

2500 4125 2779 4192 ἐσόμενον.
2814 4120 2877 4172 ει
2905 4117 3085 4170 τοίνυν
3118 4112 3246 4174 Υἱός
3272 4110 3333 4162 τέ
3379 4111 3494 4161 ἔστι
3523 4105 3620 4160 καὶ
3663 4108 3744 4168 είς
3782 4104 3876 4156 τὸν
3905 4102 4072 4155 αἰῶνα

2499 4191 2860 4273 παντέλειος,
2912 4208 3054 4269 τινος
3103 4205 3292 4257 ῑνεκεν
3352 4198 3553 4270 ἧμελλε
3603 4194 3811 4249 δεῖσθαι
3865 4191 4074 4245 πολλῶν

2502 4305 2726 4358 θυσιῶν.

899 4558 1030 4620 \’lll,
1064 4557 1178 4608 1-6.
1221 4554 1484 4608 Ceterum
1519 4570 1700 4606 eorum
1745 4569 1861 4620 qua
1895 4553 2118 4604 dicimus
2150 4550 2284 4604 illud
2326 4566 2372 4603 et

2479 4595 2483 4622 ι
2582 4565 2918 4634 Κεφάλαιον
2967 4558 3035 4611 δὲ
3084 4555 3180 4609 ἐπὶ
3218 4553 3341 4618 τοῖς
3387 4547 3736 4618 λεγομένοις
3784 4545 4075 4607 τοιοῦτον,

823 4683 1001 4743 caput,
1034 4671 1170 4740 quod
1220 4671 1376 4723 tatem
1413 4667 1662 4721 habemus
1694 4669 2012 4745 pontiﬁcem,
2049 4667 2135 4736 qui
2168 4664 2401 4718 consedit

824 4768 891 4817 ad
932 4770 1202 4816 dexteram
1255 4761 1428 4811 throni
1464 4759 1759 4828 majestatt’s
1801 4761 1853 4810 in
1891 4759 2058 4819 caztis,
2097 4766 2402 4810 sanctorum

829 4857 1238 4909 administrator
1269 4869 1330 4904 ac
1366 4854 1473 4904 veri
1507 4852 1861 4912 tabernaculi,
1906 4852 2041 4919 quod
2071 4850 2188 4917 ﬁxit
2221 4849 2374 4901 Domi

829 4965 928 5000 nus
955 4957 1002 4998 et
1040 4961 1140 4996 non
1167 4945 1344 4996 homo.
1378 4942 1562 4996 Omnis
1590 4944 1724 4994 enim
1751 4942 1984 5009 pontifex
2003 4945 2069 4992 ad
2085 4939 2406 5008 offerendum

2508 4663 2726 4728 ἔχομεν
2755 4649 3049 4722 ἀρχιερέα,
3092 4647 3158 4711 ὃς
3189 4643 3470 4697 ἐκάθισεν
3500 4642 3570 4693 ἐν
3608 4636 3779 4702 δεξιᾷ
3807 4637 3917 4690 τοῦ
3955 4640 4076 4705 θρί-

2508 4768 2618 4805 νου
2674 4745 2783 4814 τῆς
2830 4739 3292 4811 μεγαλωσύνης,
3332 4735 3403 4786 ἐν
3455 4732 3580 4796 τοῖς
3631 4728 3916 4797 οὐρανοῖς
3968 4729 4077 4782 τῶν

2507 4842 2691 4908 ἁγίων
2718 4833 3064 4900 λειτουργὸς
3097 4828 3196 4881 καί
3227 4825 3334 4891 τῆς
3365 4821 3607 4888 σκηνῆς
3631 4819 3744 4886 τῆς
3766 4819 4078 4885 ἀληθινῆς.

2512 4931 2591 4999 ῆν
2624 4928 2850 4993 ἔπηξεν
2881 4929 2912 4978 ό
2949 4925 3162 4989 Κύριος
3212 4917 3310 4970 καὶ
3342 4917 3452 4968 οὑκ
3475 4913 3805 4980 ἄνθρωπος.
3832 4910 3963 4975 Πᾶς
3984 4910 4082 4978 τὰρ

831 5039 1055 5092 donaria
1091 5046 1139 5089 et
1171 5037 1413 5090 victimas
1457 5036 1853 5088 constituitur:
1905 5034 2038 5085 unde
2084 5047 2288 5084 necesse
2333 5048 2372 5084 ei

2515 5019 2824 5091 ἀρχιερεὺς
2856 5019 2942 5080 εὶς
2966 5015 3030 5067 τὸ
3063 5009 3428 5080 προσφέρειν
3456 5003 3614 5072 δῶρά
3650 5019 3714 5055 τε
3740 5004 3842 5054 και
3873 5004 4082 5063 θυσίας

833 5141 890 5182 ιιι
919 5130 1000 5180 hic
1022 5129 1182 5180 etiam
1211 5127 1398 5179 habeat
1428 5126 1630 5194 aliquid
1655 5124 1791 5194 quod
1815 5123 2023 5190 offerat.
2050 5119 2192 5173 Nam
2211 5121 2257 5173 si
2277 5137 2372 5174 εδει

2519 5117 2889 5169 καθίσταται.
2924 5110 3096 5160 Ὅθεν
3127 5099 3454 5169 ἀναγκαῖον
3480 5098 3636 5166 ἔχειν
3660 5111 3714 5147 τι
3745 5093 3846 5146 καὶ
3877 5095 4084 5147 τοῦτον

840 5219 895 5270 in
924 5228 1090 5280 terra,
1124 5233 1184 5268 ne
1214 5216 1459 5268 sacerdos
1488 5215 1693 5282 quidem
1727 5224 1884 5276 esset,
1909 5212 1996 5263 ubi
2019 5219 2141 5263 sunt
2164 5211 2412 5264 sacerdo-

840 5319 913 5361 tes
959 5309 1049 5376 qui
1108 5307 1331 5374 offerant
1378 5307 1536 5373 juxta
1596 5291 1762 5372 legem.
1804 5303 2050 5367 donaria,
2079 5304 2168 5370 qui
2206 5302 2412 5370 quidem

839 5402 1124 5470 exemplari
1166 5411 1211 5453 et
1248 5401 1450 5452 umbra:
1481 5400 1773 5451 deserviunt
1805 5399 2088 5450 caelestium
2120 5413 2136 5448 :
2165 5399 2415 5465 quemad-

842 5495 1053 5549 modum
1084 5495 1298 5545 oraculo
1326 5493 1520 5558 accepit
1542 5489 1734 5552 Moses,
1766 5505 1881 5542 cum
1914 5499 2044 5541 esset
2072 5489 2410 5540 absoluturits

846 5586 1262 5640 tabernaculum.
1316 5582 1460 5641 Vide,
1493 5585 1682 5652 inquit,
1721 5592 1775 5634 ut
1819 5582 1988 5648 facias
2017 5582 2193 5632 omnia
2230 5596 2414 5632 secui-

845 5677 968 5728 dum
999 5677 1261 5740 exemplar
1280 5675 1413 5742 quod
1439 5683 1700 5726 ostensum
1729 5681 1805 5725 est
1840 5670 1934 5723 tibi
1963 5671 2014 5722 in
2039 5681 2230 5722 monte.
2260 5666 2414 5721 Νιιιεε

926 5851 1092 5905 “Isa.
1119 5865 1234 5911 Llll,
1263 5851 1315 5903 9.

2519 5205 2550 5258 ὅ
2589 5200 2981 5269 προσενέγκῃ.
3021 5197 3082 5247 El
3100 5191 3216 5261 μὲν
3241 5192 3350 5258 γὰρ
3371 5183 3451 5257 ἦν
3471 5186 3567 5238 ἐπὶ
3595 5185 3725 5253 γῆς.
3752 5182 3880 5236 οὐδ’
3910 5184 3992 5235 ἂν
4020 5182 4085 5247 ἦν

2521 5298 2733 5364 Ιερεὺς,
2761 5294 2949 5344 ὄντων
2969 5287 3084 5341 τῶν
3112 5284 3312 5352 ιερέων
3330 5281 3448 5333 τῶν
3462 5277 3936 5345 προσφερόντων
3951 5274 4085 5328 κατὰ

2523 5390 2630 5441 τόν
2654 5387 2842 5453 νόμον
2869 5385 2938 5434 τὰ
2959 5379 3135 5446 Mica,
3156 5376 3390 5436 οἵτινες
3414 5368 3800 5437 ὑποδείγματι
3820 5367 3923 5420 καί
3957 5362 4087 5431 σκιᾷ

2516 5478 2876 5544 λατρεύευσι
2917 5471 3036 5524 τῶν
3072 5467 3465 5534 ἐπουρανίων,
3506 5460 3701 5524 καθὼς
3747 5461 4089 5527 κεχρημάτι-

2521 5555 2654 5627 σται
2674 5566 2930 5633 Μωῢσῆς
2955 5566 3199 5633 μέλλων
3223 5556 3520 5610 ἐπιτελεῖν
3547 5555 3661 5618 τὴν
3683 5552 4088 5617 σκηνὴνῖοψ

2523 5665 2654 5733 ς-ἰις,
2692 5659 2866 5728 φησι,
2907 5655 3183 5720 ποιήσεις
3218 5649 3411 5703 πάντα
3455 5643 3603 5698 κατὰ
3633 5641 3735 5694 τὸν
3771 5642 3971 5694 τύπον
4003 5637 4089 5694 τὸν·
