4178 6454
674 443 783 507 367
1725 447 2122 510 CECUMENII
2151 447 2442 508 TRICCJE
2481 450 2601 511 EPI
2611 450 2819 512 SCOPI
3808 463 3930 524 368

676 578 835 631 quam
892 562 1096 619 diceret
1154 581 1167 619 :
1218 562 1338 621 Non
1389 564 1773 639 intempestive
1822 583 2022 622 novum
2074 577 2239 623 testa-

2352 585 2458 640 γαρ
2491 572 2772 637 ἀδύνατον,
2828 575 2991 642 φησιν
3044 575 3300 647 ἀλλαχοῦ,
3345 576 3439 630 τοῦ
3490 581 3683 651 νόμου,
3729 605 3744 632 ι
3776 584 3837 635 ἐν
3885 578 3938 650 ᾧ

673 665 915 707 mentum
972 660 1194 710 cessare
1244 654 1374 711 fecit
1421 667 1611 722 vetus,
1665 658 1757 713 sed
1816 669 2039 728 propter
2090 660 2235 713 illius

2352 662 2563 729 ἠσθένει
2602 666 2689 717 διὰ
2719 669 2816 735 τῆς
2852 666 3072 736 σαρκός.

672 750 1003 797 senectutem
1040 758 1103 798 ac
1135 752 1476 812 vetustatem,
1508 749 1608 802 hoc
1632 756 1712 802 est
1754 760 1973 818 propter
2017 747 2445 809 imbecillitatem
2485 772 2547 811 ac
2602 757 2970 813 inutilitatem.
3012 758 3205 825 «Quod
3234 760 3571 831 impossibile
3604 765 3867 833 eratlegi,
3906 788 3927 819 ι

672 836 745 890 ait
768 836 919 897 alibi,
937 850 997 888 ea
1019 843 1170 905 parte
1196 852 1301 905 qua
1326 837 1614 892 imbecillis
1634 849 1750 893 erat
1777 856 1873 910 per
1892 856 2111 896 carnem
2131 842 2197 893 ".
2220 858 2239 890 ι

742 928 833 987 ΙΧ,
869 926 986 980 1-5.
1023 925 1264 981 Habebat
1306 929 1484 997 itaque
1513 932 1674 983 etiam
1704 934 1851 999 prius
1885 931 2019 985 illud
2066 933 2242 985 taber-

672 1020 920 1072 naculum
958 1020 1374 1089 justiﬁcationes
1428 1022 1603 1076 cultus
1636 1041 1697 1077 ac
1729 1034 1975 1078 sanctum
2017 1025 2243 1077 "tunda-

674 1128 819 1165 num.
857 1109 1129 1178 Siquidem
1182 1114 1581 1167 tabernaculum
1627 1125 1953 1169 exstructum
1986 1116 2088 1184 fuit
2126 1117 2242 1184 pri-

2352 1114 2687 1181 εσκευάσθη
2721 1116 2759 1181 ἠ
2789 1116 3010 1184 πρώτη,
3065 1121 3135 1171 ἐν
3280 1120 3316 1187 ἤ
3350 1138 3411 1172 τε
3454 1124 3827 1187 λυχνίαηκαὶ
3884 1127 3927 1191 ἡ

671 1219 837 1264 urunt,
868 1204 921 1255 in
968 1219 1068 1271 quo
1111 1211 1225 1255 erat
1252 1211 1300 1255 et
1330 1204 1546 1257 lucerna
1581 1214 1629 1258 et
1675 1221 1850 1258 mensa
1882 1215 1929 1258 et
1955 1208 2241 1275 propositio

2352 1203 2612 1271 τράπεζα,
2644 1206 2745 1259 καὶ
2783 1208 2821 1274 ἡ
2880 1211 3166 1275 πρόθεσις
3196 1210 3312 1263 τῶν
3342 1212 3552 1278 ἄρτων,
3595 1214 3928 1283 ﬁat-.1531;-

2406 933 2544 1001 Εἶχε
2570 934 2685 1001 μὲν
2725 931 2839 988 οὖν
2867 936 2963 988 καὶ
3007 934 3044 1002 ἡ
3093 937 3291 1004 πρώτη
3327 941 3526 1005 σκηνὴ
3560 940 3931 1008 dumi-tata

2342 1023 2644 1087 λατρείας,
2671 1026 2740 1076 τό
2768 1041 2831 1076 τε
2853 1024 3025 1093 ἅγιον
3054 1031 3366 1095 κοσμικόν.
3409 1031 3611 1097 Etruri;
3650 1034 3757 1099 γὰρ
3780 1051 3929 1084 κατ-

669 1310 885 1360 panum,
920 1309 1034 1362 qua
1082 1304 1268 1347 rorant
1314 1304 1521 1347 sancta.
1559 1295 1685 1349 Post
1735 1297 2021 1349 secundum
2072 1306 2245 1349 autent

670 1385 836 1438 relum
890 1394 1002 1437 erat
1057 1384 1473 1446 tabernaculum,
1526 1387 1665 1455 quod
1718 1398 1937 1441 t'ocatur
1992 1388 2245 1442 Sanctum

670 1485 995 1536 sanctorum.
1057 1492 1271 1529 aureum
1328 1476 1519 1529 habens
1575 1477 1919 1544 tlturibulum,
1962 1489 2012 1532 et
2065 1495 2245 1531 arcam

670 1570 969 1622 testamenti
1018 1568 1247 1637 undique
1278 1569 1675 1621 circumtcctam
1714 1586 1865 1634 auro,
1900 1571 1953 1621 in
1982 1586 2085 1639 qua
2128 1578 2244 1622 erat

670 1677 803 1713 urna
842 1678 1002 1714 aurea
1040 1660 1231 1713 habens
1266 1678 1481 1723 manna,
1512 1672 1561 1714 et
1597 1662 1741 1732 virga
1774 1662 1953 1715 Aaron
1989 1678 2102 1725 qua'
2123 1679 2239 1732 ger-

671 1751 987 1811 minaverat,
1031 1749 1195 1818 379
1227 1759 1272 1802 et
1304 1749 1497 1803 tabula:
1542 1751 1863 1804 testamenti.
1896 1750 2069 1818 Supra
2109 1751 2241 1803 hanc

671 1851 842 1901 autem
872 1840 1147 1895 Cherubin:
1184 1842 1367 1911 gloria:
1385 1843 1749 1894 obnmbruntia
1777 1843 2198 1910 propitiatorium
2224 1859 2243 1898 :

672 1932 734 1987 de
757 1932 942 2001 quibus
968 1949 1069 1985 non
1090 1941 1166 1985 est
1191 1948 1326 1984 nunc
1356 1933 1633 1985 dicendum
1672 1934 2000 2003 singulatim.

755 2126 1007 2181 Ostendit
1036 2126 1088 2179 in
1108 2128 1483 2196 superioribus
1507 2147 1567 2183 es
1595 2131 1890 2185 mutatione
1914 2132 2235 2198 sacerdotis,

680 2219 935 2273 saciilieii
968 2228 1021 2273 et
1051 2223 1387 2283 trstamcnti,
1414 2222 1556 2291 quod
1586 2222 1743 2276 linem
1774 2225 2047 2291 acceperit
2069 2234 2241 2291 vetus,

675 2312 929 2381 quodque
964 2326 1163 2365 novum
1201 2313 1381 2367 multis
1425 2314 1737 2369 nominibus
1778 2315 1849 2370 sit
1881 2315 1973 2370 illo
2008 2315 2198 2370 melius
2228 2333 2242 2383 ;

676 2420 823 2459 nunc
856 2404 1144 2458 ostendere
1175 2405 1291 2457 vnlt
1322 2421 1383 2459 es
1435 2406 1549 2475 ipsa
1583 2407 1943 2476 dispositione
1994 2408 2248 2462 taberna-

674 2498 778 2551 culi
815 2494 961 2566 quod
998 2496 1085 2549 illa
1116 2495 1317 2550 fuerint
1346 2495 1516 2566 ﬁgura
1548 2513 1805 2552 verorum
1837 2516 1849 2551 :
1885 2514 2047 2568 porro
2076 2498 2247 2565 ﬁgura

679 2591 838 2643 tinem
870 2588 1035 2641 sumit
1086 2588 1176 2641 ubi
1210 2589 1414 2642 veritas
1448 2589 1677 2643 accedit.
1714 2588 1869 2654 Quod
1921 2590 2039 2644 ait:
2077 2609 2095 2642 ι
2139 2588 2242 2644 lla-

674 2678 859 2742 hebat,
900 2694 918 2728 ι
952 2676 1225 2746 signiﬁcat
1273 2677 1415 2745 quod
1470 2692 1613 2730 nunc
1650 2694 1757 2731 non
1792 2679 2006 2734 habeat.
2060 2680 2247 2749 Itaque

676 2783 988 2839 quanquam
1037 2784 1145 2822 non
1195 2769 1418 2824 omnino
1461 2772 1780 2832 cessaverit,
1815 2786 1880 2825 eo
1921 2772 2065 2841 quod
2112 2789 2249 2825 non-

675 2860 809 2916 nulli
857 2860 1035 2914 adhuc
1079 2861 1181 2929 ipsi
1240 2861 1501 2923 btet-eant,
1545 2870 1783 2915 attamen
1824 2862 2247 2931 iustiﬁcationes

675 2968 786 3006 non
838 2952 1015 3005 habet.
1062 2980 1134 2991 —-
1178 2950 1299 3003 Alio
1367 2950 1537 3005 modo.
1601 2949 1755 3018 Quod
1815 2953 1889 3006 ait
1941 2968 1955 3007 :
2006 2954 2249 3009 Habebat.

680 3043 903 3113 quidem
947 3041 1540 3112 priusjustilicatlones
1584 3044 1784 3108 cultus,
1819 3060 1927 3099 non
1960 3046 2024 3099 de
2064 3047 2248 3101 taber-

677 3134 873 3190 naculo
929 3134 1134 3188 dictum
1183 3148 1304 3188 esse
1351 3134 1609 3200 arbitror,
1664 3134 1757 3189 sed
1801 3136 1868 3190 de
1919 3140 2038 3206 ipso
2080 3137 2247 3192 veteri

2345 1313 2439 1349 ται
2493 1299 2656 1367 ἁγία.
2714 1301 2874 1353 Μετὰ
2932 1300 3001 1352 δὲ
3040 1301 3105 1353 τὸ
3157 1301 3439 1369 δεύτερον
3471 1306 3924 1375 καταπέτασμα,

2345 1389 2547 1457 σκηνὴ
2582 1393 2617 1458 ἡ
2644 1393 3145 1463 λεγομένη,’Λγια
3169 1396 3352 1463 ἁγίων
3398 1399 3672 1464 χρυσοῦν
3691 1401 3929 1467 ἔχοιτε-ει

2345 1480 2754 1547 θυμιατήριον,
2821 1485 2919 1536 καὶ
2980 1484 3095 1551 τὴν
3163 1486 3411 1539 κιϐωτέν
3462 1487 3572 1554 τῆς
3628 1488 3927 1556 διαθήκης

2346 1572 2946 1640 πιρικεκαλυμμένην
2980 1574 3279 1629 πάντοθεν
3326 1582 3576 1645 χρυσίῳ,
3604 1580 3675 1632 ἐν
3777 1582 3926 1634 στά-

2342 1680 2495 1730 μνος
2544 1664 2745 1731 χρυσῆ
2805 1666 3034 1733 ἔχουσα
3086 1667 3151 1720 τὸ
3195 1668 3418 1736 μάννα,
3474 1671 3570 1723 καὶ
3622 1673 3661 1739 ἡ
3694 1672 3922 1739 ῥάϐδος

2361 1753 2576 1819 Ἀαρὼν
2612 1756 2649 1821 ἡ
2677 1756 3119 1822 βλαστήσασα,
3161 1759 3258 1811 καὶ
3292 1763 3352 1815 al
3384 1761 3611 1827 πλάκες
3650 1762 3759 1829 τῆς
3791 1764 3923 1817 δια-

2350 1843 2554 1910 θήκης.
2613 1846 2914 1913 ’Υπερὰνω
2972 1847 3041 1900 δὲ
3087 1848 3312 1915 αὐτῆς,
3384 1852 3674 1920 Χερουϐὶμ
3729 1853 3922 1920 δόξης

2349 1934 2825 1995 κατασκιάζοντα
2859 1939 2923 1991 τὸ
2957 1941 3340 2009 ἱλαστήριον·
3370 1947 3502 2012 περὶ
3525 1941 3611 1998 ὦν
3641 1951 3749 2001 οὐκ
3785 1949 3921 2002 ἔστι

2345 2029 2462 2082 νῦν
2488 2030 2688 2099 λέγειν
2720 2033 2870 2086 κατὰ
2897 2034 3097 2102 μέρος.

2421 2119 2661 2183 Ἐδειξεν
2694 2122 2805 2174 ἅνω
2836 2124 2943 2176 ἀπὸ
2970 2128 3069 2195 τῆς
3113 2128 3413 2201 ἐναλλαγῆς
3436 2133 3532 2185 τοῦ
3569 2136 3777 2206 ἱερὲως,
3818 2136 3920 2205 τῆς

2350 2208 2674 2279 ἱερωσύνης,
2701 2213 2799 2279 τῆς
2830 2211 3116 2285 διαθήκης,
3159 2217 3237 2269 ὃτι
3287 2220 3438 2283 τέλος
3484 2224 3705 2293 annos;
3751 2228 3784 2295 η
3814 2245 3919 2279 πα-

2346 2299 2491 2364 λαια,
2527 2302 2620 2354 καὶ
2651 2303 2731 2355 ὃτι
2764 2304 3004 2373 ἀμείνων
3049 2308 3267 2377 ἐκείνης
3309 2312 3340 2382 ἡ
3392 2313 3488 2365 νέα
3539 2315 3753 2378 πολλοῖς
3792 2317 3919 2385 τρό-

2348 2409 2503 2453 ποις·
2539 2393 2635 2446 νῦν
2666 2395 2831 2459 δεῖξαι
2885 2397 3027 2451 θέλει
3078 2399 3137 2464 ἐξ
3177 2402 3342 2455 αὑτοῦ
3374 2405 3465 2456 τοῦ
3500 2408 3778 2475 σχήματος
3816 2409 3919 2477 τῆς

2351 2483 2579 2553 σκηνῆς,
2614 2487 2697 2538 ὅτι
2743 2486 2913 2552 τύπος
2962 2486 3030 2561 ἦν
3072 2493 3254 2545 ἐκεῖνα
3292 2494 3401 2549 τῶν
3430 2498 3717 2566 ἀληθινῶν.
3763 2499 3823 2552 ’0
3861 2501 3919 2554 δὲ

2346 2576 2534 2643 τύπος,
2595 2580 2693 2650 τῆς
2738 2582 2995 2651 ἀληθείας
3044 2586 3377 2656 ἐπιστάσης,
3441 2588 3591 2652 τέλος
3624 2590 3917 2658 λαμϐάνει.

2351 2670 2445 2736 Τὸ,
2478 2688 2497 2723 ι
2534 2667 2693 2741 Εἶχε,
2726 2689 2749 2724 s
2781 2674 2952 2744 δηλοῖ,
2990 2676 3069 2729 ὄτι
3113 2678 3206 2730 νῦν
3239 2679 3338 2731 οὐκ
3376 2679 3507 2750 ἔχει.
3537 2682 3700 2737 Ὥστε
3730 2685 3777 2735 εξ
3821 2684 3920 2735 καὶ

2353 2766 2426 2833 μὴ
2457 2764 2740 2828 παντελῶς
2772 2766 3050 2821 ἐπαύσατο
3076 2768 3163 2821 διὰ
3185 2770 3267 2833 τὸ,
3297 2770 3449 2833 τινας
3481 2772 3617 2840 αὐτῇ
3650 2772 3731 2824 ἑτι
3768 2789 3919 2826 στοι-

2350 2856 2484 2921 χεῖν,
2520 2855 2587 2906 τὰ
2653 2854 2841 2923 μέντοι
2890 2854 3234 2927 δικαιώματα
3268 2857 3367 2909 οὐκ
3401 2858 3531 2926 ἔχει.
3559 2889 3628 2897 -
3654 2861 3915 2924 Ἄλλως.

2354 2944 2556 3017 [ΦΩΤ.]
2578 2945 2670 3007 Τὸ,
2690 2942 2818 3016 Εἶχε
2857 2947 2956 3016 μὲν
2988 2950 3020 3017 ὴ
3053 2948 3243 3019 πρώτη
3270 2949 3613 3019 δικαιώματα
3639 2950 3918 3021 λατρείας,

2352 3038 2412 3089 οὗ
2446 3038 2573 3106 περὶ
2604 3038 2702 3106 τῆς
2728 3040 2935 3108 σκηνῆς
2966 3040 3222 3110 είρῆσθαι
3246 3042 3470 3111 νομίζω,
3498 3041 3630 3095 ἀλλὰ
3660 3044 3789 3112 περὶ
3821 3048 3921 3097 αὖ-

2352 3130 2451 3198 τῆς
2466 3134 2561 3201 τῆς
2579 3130 2813 3195 παλαιᾶς
2833 3131 3121 3202 διαθήκης.
3143 3134 3217 3184 Οὐ
3246 3134 3355 3203 γὰρ
3385 3135 3483 3203 τὴν
3516 3136 3717 3204 σκηνὴν
3734 3141 3799 3204 τῇ
3820 3139 3921 3208 νέα

676 3232 1025 3280 testamento.
1062 3222 1247 3293 Neque
1277 3224 1419 3277 enim
1470 3225 1883 3280 tabernaculum
1931 3227 2243 3282 conterebat

2354 3220 2635 3289 συνέκρινε
2664 3220 2921 3293 διαθήκῃ,
2959 3222 3072 3275 ἀλλ’
3107 3223 3234 3291 ὃλην
3256 3224 3352 3293 τὴν
3383 3223 3620 3277 παλαιὰν
3649 3224 3920 3297 διαθήκην

677 3332 801 3372 cum
838 3330 978 3371 novo
1029 3322 1377 3376 testamento,
1414 3317 1507 3371 sed
1543 3325 1714 3371 totum
1748 3328 1902 3375 vetus
1948 3328 2245 3376 testamen-

678 3415 795 3461 tum
844 3420 965 3461 cum
1011 3420 1171 3471 novo,
1230 3415 1282 3460 et
1337 3421 1500 3477 supra
1551 3415 1722 3463 totum
1757 3410 1886 3463 illud
1926 3412 2247 3465 ostendebat

678 3499 845 3568 hujus
867 3498 1267 3553 excellentiam.
1310 3497 1469 3562 Nam,
1505 3516 1523 3551 ι
1565 3500 1707 3555 Ecce
1746 3502 1965 3573 (inquit)
2007 3503 2124 3559 dies
2153 3519 2249 3558 ve-

681 3592 861 3655 niunt,
891 3599 946 3643 et
962 3588 1357 3643 consummabo
1380 3606 1543 3661 super
1567 3591 1787 3645 domum
1814 3595 1977 3648 Israel
2000 3604 2053 3649 et
2083 3611 2247 3664 super

682 3675 902 3738 domum
935 3680 1075 3735 Juda
1106 3690 1491 3736 testamentum
1524 3697 1745 3749 novum,
1770 3700 1877 3739 non
1900 3686 2053 3754 juxta
2086 3694 2247 3741 testa-

684 3783 929 3828 mentum
965 3771 1107 3841 quod
1141 3770 1385 3842 disposui
1422 3774 1666 3842 patribus
1698 3774 1933 3830 illorum.
1971 3795 1989 3828 ι
2028 3775 2093 3829 Εῑ
2124 3792 2247 3830 rur-

683 3880 827 3919 sum:
855 3864 986 3917 «Per
1007 3863 1108 3916 hoc
1140 3862 1284 3932 quod
1311 3862 1462 3927 dicit,
1486 3866 2018 3935 novum,antiquavit
2041 3868 2245 3937 prius.»

682 3955 749 4011 Et
766 3954 854 4009 his
868 3954 1028 4009 dictis
1044 3954 1349 4024 subiungit:
1372 3972 1392 4005 ι
1406 3952 1841 4027 llabebatitaque
1856 3959 2017 4013 etiam
2040 3960 2210 4029 prius.
2224 3977 2243 4011 ι

686 4046 1030 4101 Manifestum
1074 4060 1203 4115 ergo
1246 4045 1389 4115 quod
1432 4045 1500 4101 de
1550 4057 1876 4103 testamento
1928 4050 2105 4104 adhuc
2148 4051 2252 4120 ipsi

686 4152 869 4193 sermo
897 4145 999 4192 est.
1038 4135 1309 4202 Quoniam
1342 4137 1486 4190 enim
1516 4135 1861 4207 depresserat
1894 4142 2070 4210 ipsum
2096 4156 2253 4196 com-

685 4230 968 4298 paratione
1021 4229 1086 4281 ad
1132 4243 1355 4293 novum,
1412 4244 1481 4283 ne
1529 4232 1653 4296 quis
1696 4231 1921 4298 diceret,
1951 4233 2094 4300 quod
2147 4247 2252 4287 non

688 4335 904 4392 semper
936 4322 1207 4390 abjectnm
1252 4320 1437 4384 luerit,
1468 4324 1729 4393 praevenit
1767 4326 1955 4380 dicens
1989 4325 2133 4395 quod
2163 4326 2257 4379 ha-

2348 3318 2412 3385 τῇ
2443 3316 2559 3386 νέᾳ,
2593 3316 2855 3385 καὶπρὸς
2884 3315 3012 3384 ὅλην
3058 3316 3274 3384 ἐκείνην
3319 3316 3521 3383 ταύτης
3569 3316 3779 3368 ἐδείκνυ
3820 3318 3922 3387 τὴν

2344 3406 2637 3475 ὑπεροχήν.
2674 3423 2691 3456 ι
2732 3406 2861 3457 Ἰδοὺ
2901 3406 3031 3475 γὰρ,
3060 3406 3243 3473 φησὶν,
3273 3405 3475 3473 ἡμέραι
3510 3404 3781 3473 ἔρχονται,
3824 3407 3922 3458 καὶ

2349 3498 2650 3550 συντελέσω
2685 3498 2779 3550 ἐπὶ
2808 3496 2898 3549 τὸν
2946 3494 3096 3550 οἷκον
3131 3498 3348 3566 Ἰσραὴλ
3381 3498 3477 3550 καὶ
3513 3499 3604 3551 ἐπὶ
3637 3498 3728 3548 τὸν
3766 3493 3921 3549 οἶκον

2360 3586 2529 3640 Ἰούδα
2568 3587 2839 3657 διαθήκην
2870 3586 3082 3655 καινὴν,
3129 3587 3191 3639 οὐ
3238 3589 3381 3640 κατα
3424 3587 3521 3657 τὴν
3549 3587 3814 3656 διαθήκην
3853 3588 3923 3655 ἦν

2345 3676 2600 3746 διεθέμην
2627 3679 2738 3740 τοῖς
2760 3678 3025 3745 πατράσιν
3046 3677 3244 3730 αὐτῶν.
3276 3696 3294 3727 ι
3328 3678 3437 3729 Καὶ
3456 3675 3647 3729 πάλιν·
3677 3695 3697 3727 ι
3730 3678 3819 3730 Ἐν
3842 3678 3924 3746 τῷ

2346 3764 2527 3832 λέγειν
2549 3765 2763 3836 καινὴν,
2790 3766 3142 3819 πεπαλαίωκε
3166 3766 3264 3833 τὴν
3285 3767 3563 3835 πρώτην.»
3603 3767 3711 3818 Καὶ
3744 3766 3923 3818 ταῦτα

2348 3858 2537 3923 εἰπὼν,
2557 3860 2770 3925 ἐπάγει·
2797 3877 2814 3907 ι
2832 3856 2953 3926 εἶχε
2981 3860 3077 3924 μεν
3096 3857 3188 3910 οὖν
3212 3859 3305 3910 καὶ
3326 3861 3355 3927 ἡ
3382 3858 3627 3927 πρώτη.»
3652 3860 3812 3911 Ὥστε
3828 3858 3925 3927 δῆ-

2350 3949 2462 4013 λον,
2495 3950 2575 4002 ὅτι
2604 3950 2732 4018 περὶ
2762 3948 2859 4017 τῆς
2889 3948 3154 4016 διαθήκης
3181 3948 3330 4017 αὐτῷ
3369 3949 3447 4000 ἔτι
3485 3950 3513 3999 ὁ
3542 3948 3719 4015 λόγος.
3756 3949 3918 4001 Ἐπεὶ

2352 4040 2459 4109 γὰρ
2490 4038 2788 4092 κατέϐαλεν
2828 4038 2997 4106 αὐτὴν
3026 4041 3091 4107 τῇ
3135 4039 3268 4108 πρὸς
3300 4040 3399 4105 τὴν
3432 4040 3557 4089 νέαν
3589 4039 3921 4109 παραθέσει,

2352 4133 2439 4185 ῐνα
2466 4131 2539 4201 μή
2572 4146 2655 4193 τις
2687 4130 2838 4200 εἴπῃ,
2863 4130 2946 4181 ὅτι
2973 4127 3182 4181 Οὐκοῦν
3210 4129 3296 4181 ἀεὶ
3328 4129 3634 4198 ἀπόϐλητος
3659 4125 3746 4199 ἦν,
3781 4147 3925 4197 προε-

2353 4223 2723 4295 ).α6ὼν,φησὶ,
2746 4224 2828 4275 δτι
2859 4218 2973 4291 εἶχε
3004 4223 3232 4289 κάκείνη
3268 4221 3619 4290 δικαιώματα
3642 4221 3924 4288 λατρείας,

2354 4318 2571 4385 νόμους.
2609 4316 2761 4383 φησὶ,
2795 4316 2889 4365 καὶ
2935 4312 3087 4376 τάξιν
3122 4314 3215 4364 καὶ
3253 4312 3577 4364 ἀκολουθίαν
3602 4313 3930 4379 ἐμπρέπου-

687 4415 851 4469 hebat
896 4414 1058 4468 etiam
1113 4412 1242 4467 illud
1290 4414 1714 4480 iustiﬁcationes
1757 4416 1958 4479 cultus,
2008 4418 2150 4485 leges
2202 4424 2248 4469 ct

2359 4424 2460 4460 σαν
2490 4405 2717 4475 λατρεία
2744 4403 2902 4458 Θεοῦ.
2937 4401 3123 4456 Εἰπὼν
3152 4402 3208 4454 δὲ
3234 4403 3376 4455 κατὰ
3409 4402 3564 4469 γένος
3591 4403 3671 4455 ὃτι
3703 4401 3817 4469 εἶχε
3850 4402 3932 4454 δι·-

686 4505 954 4566 ordinem,
993 4516 1057 4556 ac
1094 4516 1156 4555 ea
1200 4518 1319 4571 qua:
1371 4503 1650 4557 decentem
1688 4502 1783 4557 Dei
1830 4506 2034 4559 cultum
2064 4520 2248 4559 conse-

2359 4497 2652 4566 καιώματα
2698 4496 2976 4565 λατρείας,
3024 4495 3383 4564 ἐπεξέρχεται
3429 4495 3523 4546 καὶ
3571 4494 3712 4546 κατα
3758 4495 3932 4561 μέρος

689 4597 949 4661 qunntur.
975 4589 1077 4644 Ubi
1111 4598 1290 4643 autem
1328 4591 1380 4643 in
1424 4605 1621 4661 genere
1665 4592 1804 4645 dixit
1835 4593 1978 4660 quod
2017 4592 2248 4646 habebat

2353 4589 2656 4659 ἀρξάμενος
2685 4587 2792 4641 ἀπὸ
2836 4586 2933 4654 τῆς
2979 4586 3199 4653 σκηνῆς.
3238 4603 3257 4636 1
3289 4581 3439 4653 Εἶχε,
3472 4585 3623 4653 φησι,
3672 4586 3733 4636 τὸ
3770 4586 3933 4650 ἅγιον

686 4681 1108 4752 jnstilicationes
1135 4682 1339 4746 cultus,
1377 4690 1623 4737 recenset
1660 4686 1822 4739 etiam
1859 4685 2248 4752 particulatim,

2356 4681 2638 4751 κοσμικόν.
2656 4699 2674 4732 ι
2705 4675 2836 4733 Εἶτα
2867 4680 3004 4748 μετὰ
3024 4678 3085 4729 τὸ
3113 4678 3266 4745 ἆγιον
3290 4676 3352 4727 τὸ
3378 4676 3641 4745 κοσμικὺν
3670 4678 3763 4727 καὶ
3794 4678 3931 4726 πᾶσι

692 4772 959 4839 incipiens
989 4788 1018 4823 a
1040 4770 1415 4824 tabernaculo.
1455 4768 1747 4837 «Habebat,
1781 4774 1976 4841 inquit,
2006 4782 2248 4827 sanctum

2360 4775 2541 4846 βατόν,
2603 4770 2715 4842 εἶχε
2749 4772 2909 4825 πάλιν
2938 4773 3130 4841 ἑτέραν
3190 4770 3420 4839 σκηνὴν,
3476 4771 3933 4839 προτεταγμένην

694 4861 1065 4926 mundanum;
1102 4878 1120 4911 ι
1152 4856 1347 4913 deinde
1377 4868 1497 4929 post
1517 4869 1766 4915 sanctum
1818 4866 2148 4916 mundanum
2206 4872 2262 4917 et

693 4952 839 5022 quod
871 4953 1085 5022 patebat
1127 4953 1401 5018 omnibus,
1449 4954 1686 5009 habebat
1729 4961 1947 5009 rursum
1992 4956 2136 5010 aliud
2175 4964 2258 5009 ta-

696 5026 1073 5107 bernaculum,
1126 5043 1550 5114 praeordinatum
1580 5044 1649 5099 ad
1702 5048 1966 5101 secretius
1999 5046 2177 5100 adhuc
2206 5054 2261 5100 et

698 5136 941 5189 sanctius
996 5135 1432 5190 tabernaculum.
1482 5134 1548 5191 Et
1595 5137 1651 5193 in
1696 5139 1865 5207 priori
1894 5139 2111 5207 quidem
2145 5148 2263 5193 erat

697 5225 920 5278 lucerna
945 5238 1009 5278 ac
1056 5226 1358 5293 propositio
1389 5240 1586 5295 panum
1618 5227 1797 5297 :quod
1848 5229 2259 5283 tabernaculum

696 5331 803 5369 non
845 5314 1046 5370 dicitur
1076 5324 1327 5369 sanctum
1360 5318 1715 5384 mundanum,
1763 5319 1908 5373 sicut
1944 5319 2077 5375 illud
2118 5320 2262 5388 quod

697 5405 1084 5477 primum'erat
1117 5408 1362 5463 omnium
1393 5408 1891 5475 tabernaculorum,
1926 5410 2022 5465 sed
2052 5411 2264 5481 simpli-

697 5499 833 5551 citer
849 5506 1059 5552 sancta.
1078 5499 1207 5555 Post
1228 5500 1358 5555 illud
1384 5511 1561 5556 autem
1585 5502 2264 5559 tabernaculum.Primum

698 5592 855 5654 dixit,
916 5590 1074 5644 veluti
1124 5592 1456 5649 conferendo
1507 5596 1575 5651 ad
1624 5606 1875 5652 sanctum
1924 5606 2259 5660 sanctorum,

699 5682 956 5750 quOniatn
998 5697 1103 5735 non
1141 5693 1259 5738 erat
1299 5686 1535 5756 primum
1581 5686 1674 5743 sed
1710 5688 1971 5744 medium.
2020 5686 2261 5742 Primum

774 5864 817 5894 ³⁷
848 5859 1007 5915 Rom.
1037 5875 1155 5919 Vill.
1187 5859 1239 5912 5.

2356 4870 2457 4936 τῆς
2492 4865 2902 4935 μυστικωτέρας
2948 4864 3027 4914 [tt
3088 4863 3184 4914 καὶ
3214 4862 3520 4931 ἁγιωτέρας
3549 4861 3775 4929 σκηνῆς.
3824 4861 3935 4910 Καὶ

2362 4960 2421 5010 ἐν
2454 4958 2550 5027 μὲν
2579 4960 2644 5025 τῇ
2680 4954 3119 5026 προτεταγμένῃ,
3140 4954 3174 5021 ἠ
3206 4970 3263 5005 τε
3290 4953 3479 5022 λυχνία
3507 4953 3646 5019 καὶὴ
3674 4950 3937 5019 πρόθεσις

2362 5049 2471 5102 τῶν
2499 5048 2701 5118 ἄρτων,
2732 5046 2854 5116 ἣτις
2893 5045 3091 5115 σκηνὴ,
3137 5046 3198 5097 οὑ
3222 5044 3441 5112 λέγεται
3471 5042 3730 5111 κοσμικὸί
3756 5041 3937 5107 ᾶγιον,

2368 5138 2559 5207 ὥσπερ
2590 5138 2623 5205 ἡ
2656 5136 2844 5188 πασῶν
2893 5135 3064 5204 σκηνὴ
3114 5133 3329 5204 πρώτη,
3376 5132 3489 5185 ἀλλ’
3541 5131 3725 5191 ἁπλῶς
3780 5131 3936 5194 ᾰγια.

2366 5228 2499 5288 Μετ’
2532 5226 2747 5296 ἐκείνην
2776 5226 2832 5279 δέ
2864 5221 3479 5295 σκηνή.-[01ΚοΥΜ
3515 5223 3576 5274 ἸΙ
3612 5221 3827 5292 πρώτη,
3853 5217 3939 5271 si.-

2371 5337 2491 5383 πεν,
2509 5320 2583 5383 ὡς
2607 5320 2742 5391 πρὸς
2764 5318 2829 5371 τὰ
2862 5320 2994 5386 ἅγια
3023 5316 3134 5370 τῶν
3156 5319 3347 5386 ἁγίων,
3363 5318 3484 5369 ἐπεὶ
3501 5318 3601 5369 οὐκ
3624 5311 3690 5385 ἦν
3720 5316 3940 5385 πρώτη,

2370 5411 2508 5466 ἀλλὰ
2533 5412 2704 5480 μέση.
2740 5411 2939 5480 Πρώτη
2978 5409 3086 5479 γὰρ
3123 5406 3209 5479 ἦν,
3236 5409 3361 5461 ἔνθα
3391 5410 3451 5461 τὸ
3478 5408 3712 5477 χαλκοῦν
3746 5408 3936 5460 θυσια-

2374 5504 2594 5572 στήριον
2626 5501 2734 5553 τῶν
2763 5500 2962 5553 θυσιῶν
3002 5502 3093 5552 καὶ
3126 5500 3233 5551 τῶν
3277 5499 3764 5567 ὁλοκαυτωμάτων.
3801 5500 3938 5549 Δευ-

2368 5595 2503 5664 τέρα
2556 5593 2715 5659 αὕτη,
2773 5592 2902 5663 περ)⁸
2942 5586 3010 5660 ἧς
3044 5608 3227 5661 φησιν,
3268 5587 3422 5661 Ἐνῇ
3469 5593 3502 5658 ὴ
3530 5590 3738 5658 λυχνία,
3771 5590 3864 5641 καὶ
3907 5589 3945 5654 ἡ

2376 5687 2629 5749 πρόθεσις
2660 5684 2767 5739 τῶν
2790 5684 2967 5754 ἄρτων
2994 5686 3052 5737 ἐν
3080 5687 3146 5753 τῇ
3176 5683 3446 5755 τραπέζῃ.
3481 5683 3674 5752 Τρίτη,
3708 5684 3765 5734 ἐν
3806 5677 3841 5755 ᾖ
3886 5679 3952 5731 τὸ
