4178 6454
738 403 840 465 371

1794 401 2122 462 (ECUMEN
2135 403 2189 462 II
2229 404 2522 465 'I‘RlCC/E
2552 408 2888 470 EPISCOPI

3891 409 3993 471 3'12

737 524 940 572 autem,
979 531 996 563 ι
1033 529 1230 585 nempe
1277 510 1480 568 arcam.
1523 530 1542 562 ι
1581 509 1875 564 Cberubim
1926 508 2132 572 gloriae,
2173 526 2190 558 ι
2226 515 2306 558 nul

2426 525 2514 570 νος
2544 515 2742 583 κρυσῆο
2791 514 2930 582 ὅπερ
2974 514 3287 587 ἱλαστήριον
3321 516 3587 581 ἐκαλεῖτο,
3632 515 3886 570 τυποῦσα
3922 518 4008 570 τὸν

736 606 1001 669 εΙητίοιισ,
1029 616 1121 662 aut
1153 623 1274 677 qua:
1296 614 1452 661 erant
1478 607 1687 676 gloriae,
1710 617 1905 672 nempe
1922 601 2036 655 Dei.
2073 620 2089 650 ι
2120 598 2325 653 Obum-

737 698 953 753 brantia
1000 700 1466 770 propitiatorinm.
1520 719 1537 751 ι
1583 696 1712 751 Erat
1763 696 1908 750 enim
1941 708 2106 763 super
2135 708 2320 747 arcam

734 789 884 843 Velut
935 790 1399 860 quadrangnlaris
1459 787 1705 859 quzcdam
1741 799 1928 839 mensa
1959 800 2146 847 aurea,
2172 783 2319 853 quod

739 881 1180 950 pmpitialorium
1245 883 1552 946 dicebatur,
1605 879 1846 949 figurans
1893 876 2174 932 Christum
2225 876 2319 944 qui

733 973 940 1028 dicitur
967 975 1124 1030 nobis
1159 974 1534 1046 prepitiatio“
1581 983 1634 1028 et
1669 971 1972 1042 redemptio
2005 969 2071 1025 δ’.
2100 967 2230 1021 Vide
2261 967 2313 1019 in

735 1065 926 1120 Exodo
973 1068 1439 1137 praescriptionem
1481 1068 1535 1122 in
1595 1067 1681 1121 bis
1736 1066 1891 1120 locis.
1930 1082 1947 1115 ι
1990 1062 2066 1116 De
2115 1060 2317 1130 quibus

736 1173 846 1212 non
881 1168 964 1214 est
1028 1176 1175 1216 nunc
1229 1161 1544 1217 dicendum.
1591 1179 1609 1212 ι
1656 1160 1784 1215 Vult
1830 1156 2119 1212 ostendere
2171 1151 2320 1221 quod

2427 601 2685 668 Χριστὸν,
2750 605 2841 659 τὸν
2883 606 3177 678 λεγόμενον
3213 611 3346 681 ἡμῖν
3380 609 3606 678 ξλασμὶν
3661 609 3759 661 καὶ
3804 609 4009 661 ἀπολύ-

2427 709 2649 762 τρωσιν.
2681 699 2824 772 Ὅρα
2879 700 2978 771 τὴν
3029 702 3088 753 ἐν
3140 705 3205 772 τῇ
3264 701 3461 770 Ἐξόδῳ
3507 701 3911 771 παραγραφὴν,
3953 703 4007 752 ἐν

2431 790 2544 849 τοῖς
2586 791 2715 858 περὶ
2765 791 2974 845 τούτων
3007 792 3217 855 τόποις.
3269 811 3286 844 ι
3323 792 3461 862 Περὶ
3505 784 3581 844 ὧν
3613 792 3714 844 ούκ
3755 791 3878 843 ἐστι
3916 791 4007 843 νῦν

2430 874 2631 942 λέγειν.
2674 897 2692 930 ι
2746 881 2906 936 Θέλει
2952 882 3124 947 δεῖξαι
3188 885 3271 937 ὅτι
3328 883 3630 952 αἰνίγματά
3668 899 3792 936 τινα
3833 878 3905 952 ἦν
3945 883 4006 935 τα

2422 967 2694 1038 ὁρώμενα,
2721 974 2813 1025 καὶ
2836 974 2995 1038 τύποι
3019 976 3129 1028 τῶν
3153 975 3442 1046 ἀληθινῶν,
3468 977 3582 1029 Ούκ
3601 974 3746 1028 ἔστιν
3769 973 3867 1028 οὖν
3888 975 4002 1039 νῦν,

2427 1062 2585 1126 φησι,
2609 1064 2750 1117 κατὰ
2787 1066 2956 1136 μέρος
2991 1067 3172 1134 λέγειν
3202 1068 3330 1137 περὶ
3364 1067 3574 1120 αὐτῶν.
3599 1066 3874 1118 Πλειόνων
3898 1066 4004 1135 γὰρ

2429 1150 2642 1206 δέονται
2667 1155 2858 1223 λόγων,
2893 1159 2925 1228 ἢ
2960 1161 3103 1212 κατᾶ
3130 1160 3227 1229 τὴν
3253 1158 3534 1228 παροῦσαν
3565 1159 3764 1228 ὁρμήν.

734 1251 1024 1320 aenigmata
1083 1253 1330 1324 quaedam
1391 1262 1549 1308 erant
1607 1268 1672 1306 ea
1732 1266 1851 1320 quae
1894 1247 2223 1303 videbantur
2272 1257 2336 1297 ac
2367 1241 2554 1311 figurae
2625 1263 2901 1304 verorum.
2960 1249 3077 1304 Non
3130 1251 3292 1304 datur
3325 1253 3491 1320 igtur
3522 1264 3668 1304 nunc
3710 1250 3910 1319 inquit,
3951 1267 4006 1313 υι

733 1342 1050 1412 singulatim
1076 1345 1143 1398 de
1173 1344 1306 1412 ipsis
1327 1345 1614 1413 loquamur
1647 1359 1660 1396 :
1694 1341 1943 1412 pluribus
1978 1338 2123 1393 enim
2150 1346 2287 1405 opus
2327 1330 2531 1388 habent
2560 1339 2909 1396 sermonibus
2930 1355 3095 1410 quam
3118 1342 3373 1410 prtescnti
3408 1340 3662 1411 expediat
3687 1341 3997 1410 preposito.

808 1451 898 1515 ix,
932 1450 987 1512 6,
1021 1452 1070 1507 7.
1099 1451 1197 1506 liis
1239 1461 1413 1507 autem
1443 1453 1511 1505 ad
1541 1451 1679 1506 [tunc
1709 1452 1920 1505 modum
1947 1449 2234 1510 ordinatis,
2258 1445 2312 1496 in

729 1543 880 1609 prius
910 1542 1119 1612 quidem
1156 1542 1552 1596 tabernaculum
1588 1557 1790 1609 semper
1825 1539 2195 1610 ingrediuntur
2219 1554 2312 1589 sa.

733 1637 988 1698 rerdotes,
1023 1635 1115 1703 qui
1160 1652 1434 1689 sacrarunt
1487 1636 1621 1688 ritus
1663 1643 1920 1703 peragant
1965 1648 1982 1686 :
2021 1633 2076 1686 in
2121 1647 2310 1684 secun-

731 1729 859 1780 dum
901 1738 1079 1782 autem
1109 1727 1272 1782 semel
1298 1729 1582 1798 quotannis
1611 1726 1757 1780 solus
1783 1723 2022 1795 pontifex
2065 1739 2166 1776 non
2202 1723 2314 1774 sine

731 1822 1012 1889 sanguine,
1043 1836 1195 1889 quem
1226 1820 1381 1888 offert
1406 1835 1502 1887 pro
1528 1819 1698 1888 seipso
1739 1827 1787 1871 et
1820 1833 1914 1884 pro
1956 1816 2135 1885 populi
2160 1814 2309 1883 igua--

732 1914 945 1967 rantiis.

805 2004 868 2058 Et
897 2007 969 2058 ita
1003 2004 1172 2059 fiebat
1220 2013 1278 2058 nt
1323 2022 1392 2061 ne
1439 2007 1693 2062 viderent
1724 2006 1943 2076 quidem
1989 2002 2160 2058 Judaei
2194 2017 2315 2071 quae

733 2096 946 2157 tierent,
982 2096 1304 2166 prohibente
1336 2097 1388 2151 id
1425 2098 1564 2152 velo.
1617 2095 1802 2167 itaque
1831 2112 1937 2150 non
1971 2094 2148 2164 magis
2179 2091 2313 2162 ipsis

731 2189 1044 2243 serviebant
1101 2204 1264 2256 quam
1311 2189 1423 2244 illis
1453 2190 1653 2259 quibus
1704 2189 2174 2258 praefigurabatur,
2210 2187 2313 2238 boc

729 2289 814 2336 est
843 2283 1021 2336 nobis.
1061 2301 1081 2334 ι
1115 2280 1293 2337 Semel
1315 2282 1610 2351 quotannis
1635 2282 1786 2336 solus
1813 2278 2076 2351 pontifex.
2112 2294 2130 2326 ι
2161 2275 2312 2341 Quo-

731 2374 880 2427 niam
913 2373 1222 2428 oiiendebat
1259 2373 1408 2442 ipsos
1442 2387 1565 2426 cum
1596 2371 1834 2426 infantes
1884 2369 2063 2424 adhuc
2099 2374 2306 2431 essent,

730 2459 874 2528 quod
911 2459 1072 2512 unica
1107 2457 1312 2513 Christi
1340 2459 1564 2514 victima
1602 2458 1840 2527 potuerit
1880 2457 2089 2512 solvere
2121 2453 2308 2509 mundi

728 2558 977 2622 peccata,
1009 2551 1248 2605 Ostendit
1279 2551 1422 2621 quod
1455 2552 1506 2603 in
1539 2551 1708 2604 veteri
1736 2565 1953 2620 quoque
1984 2556 2310 2604 testamento

727 2642 782 2697 id
817 2642 1005 2708 fuerit,
1035 2641 1181 2712 quod
1222 2651 1337 2696 erat
1366 2643 1536 2713 ﬁgura
1570 2641 1719 2697 novi.
1770 2641 1826 2696 in
1872 2641 2058 2696 Exodo
2089 2639 2180 2694 ubi
2209 2640 2309 2693 lia-

726 2735 928 2789 bentur
959 2735 1072 2789 limc
1105 2735 1253 2800 loca,
1271 2736 1472 2795 dicitur
1500 2733 1546 2766 ”
1576 2734 1723 2805 quod
1753 2734 1838 2789 bis
1862 2732 2095 2804 singulis
2116 2731 2310 2788 diebus

727 2827 1399 2898 ingrediebaturpontiies
1419 2827 1625 2883 Saneta
1648 2835 1990 2893 sanctorum,
2019 2826 2308 2880 oblaturus

2497 1449 2814 1504 Τούτωνδὲ
2841 1454 3029 1519 οὕτως
3084 1454 3690 1521 κατεσκευασμένων,
3741 1456 3832 1517 εἰς
3883 1452 3998 1519 μὲν

2422 1540 2536 1608 τὴν
2563 1544 2805 1611 πρώτην
2826 1544 3073 1613 σκηνὴν
3105 1544 3432 1609 διαπαντὸς
3454 1547 3723 1598 εἰσίασιν
3755 1543 4001 1611 οιιερεῖς

2421 1634 2523 1698 τὰς
2550 1638 2829 1702 λατρείας
2861 1637 3305 1703 ἐπιτελοῦντες,
3329 1639 3416 1701 εἰς
3445 1635 3513 1688 δὲ
3538 1636 3655 1702 τὴν
3685 1634 3999 1702 δευτέραν,

2417 1723 2580 1788 ἅπαξ
2611 1726 2715 1780 τοῦ
2740 1727 3042 1791 ἐνιαυτοῦ,
3073 1730 3264 1797 μόνος
3301 1728 3686 1795 ὁάρχιερεὺς,
3717 1731 3791 1781 οὐ
3821 1729 4002 1795 χωρὶς

2415 1813 2684 1880 αἵματος,
2719 1815 2749 1868 ὃ
2771 1817 3100 1886 προσφέρει
3130 1817 3281 1886 ὑπὲρ
3303 1816 3543 1883 ἑαυτοῦ,
3602 1816 3698 1870 καὶ
3741 1815 3863 1869 τῶν
3894 1816 3998 1869 τοῦ

2416 1903 2570 1957 λαοῦ
2605 1906 3020 1975 ἀγνοημάτων.

2484 1994 2596 2048 Καὶ
2626 1997 2908 2051 συνέϐαινε
2939 2000 3066 2061 τους
3096 1999 3384 2062 Ἰουδαίους
3428 2001 3564 2070 μήτε
3591 2001 3729 2070 ὀρᾷν
3755 2001 3822 2052 τα
3853 1999 4000 2066 γινό⁴

2419 2101 2578 2154 μενα,
2625 2087 2956 2158 διείργοντος
2992 2091 3086 2142 τοῦ
3132 2093 3648 2162 καταπετάσματος.
3685 2093 3848 2144 Ὥστε
3899 2093 3999 2144 οὐκ

2415 2177 2645 2241 ἐκεινοις
2697 2179 2900 2248 μᾶλλον
2933 2176 3025 2250 ἦν,
3075 2180 3108 2250 ἢ
3143 2176 3224 2244 οἷς
3275 2181 3673 2252 προετυποῦτο,
3709 2182 3992 2233 τουτέστιν

2415 2267 2570 2337 ἡμῖν.
2608 2288 2625 2320 ι
2655 2269 2837 2334 "Arta:
2888 2271 2978 2324 τοῦ
3008 2272 3256 2325 ἐνιαυτοῦ
3303 2274 3462 2343 μόνος
3514 2275 3542 2324 ὁ
3602 2271 3916 2343 ἀρχιερεύς.
3974 2288 3994 2324 s

2428 2360 2647 2432 Ἐπειδὴ
2684 2363 3016 2433 προσίστατο
3069 2365 3252 2429 αὐτοῖς
3289 2367 3368 2418 ἐτι
3428 2365 3644 2435 νηπίοις
3678 2362 3821 2428 οὖσι,
3877 2366 3993 2426 πῶς

2417 2453 2604 2524 ἴσχυσε
2638 2455 2735 2524 μία
2761 2454 2920 2509 Θυσξα
2950 2458 2984 2526 ἡ
3016 2457 3107 2510 τοῦ
3152 2457 3413 2528 Χριστοῦ,
3457 2460 3724 2528 ῥύσασθαι
3770 2459 3872 2522 τὰς
3902 2458 3993 2511 τοῦ

2416 2545 2624 2614 κόσμου
2657 2547 2931 2616 ἁμαρτίας
2961 2565 2975 2613 ;
3002 2549 3256 2602 Δείκνυσι
3293 2551 3385 2602 καὶ
3409 2550 3466 2602 ἐν
3489 2553 3554 2620 τῇ
3601 2549 3809 2621 παλαιᾷ
3837 2549 3998 2602 τοῦτο

2412 2635 2493 2703 ὃν,
2533 2638 2653 2708 ἥτις
2688 2634 2756 2708 ἦν
2808 2640 2980 2704 τύπος
3005 2643 3105 2710 τῆς
3141 2642 3287 2704 νέας,
3330 2642 3420 2696 Ἐν
3443 2645 3507 2713 τῇ
3552 2641 3748 2710 Ἐξὸδῳ
3791 2644 3850 2694 ὲν
3878 2645 3993 2703 τοῖς

2415 2731 2771 2800 περὶτούτων
2795 2734 2983 2797 τόποις
3008 2733 3166 2803 φησὶ,
3200 2737 3282 2787 ὅτι
3312 2736 3393 2796 δὶς
3419 2734 3520 2804 τῆς
3566 2736 3781 2803 ἡμέρας
3811 2734 3988 2802 εἰσῄει

2413 2824 2440 2876 ὁ
2496 2825 2787 2893 ἀρχιερεὺς
2814 2829 2927 2888 τοῖς
2987 2825 3192 2893 Ἀγίοις
3214 2827 3322 2880 τῶν
3352 2828 3524 2894 ἁγίων
3544 2825 3851 2896 Θυμιασων.
3898 2825 3996 2878 Γέ-

725 2919 1034 2973 inccnsum.
1087 2917 1362 2987 Scriptum
1415 2926 1496 2973 est
1549 2925 1729 2970 autem
1785 2917 1886 2971 hoc
1927 2918 2123 2971 modo:
2160 2934 2179 2966 ι
2237 2914 2304 2969 Et

2414 2931 2654 2985 γραπται
2672 2916 2727 2970 δὲ
2749 2917 2956 2980 οῦτως’
2994 2936 3013 2970 t
3047 2919 3155 2971 Καὶ
3187 2918 3441 2989 θυμιάσει
3466 2919 3553 2972 ἐπ’
3586 2918 3777 2982 αὑτοῦ,
3807 2918 3992 2988 (τουτ-

726 3010 968 3064 adolebit
1002 3025 1166 3079 super
1196 3010 1326 3064 illud
1366 3029 1386 3062 ι
1439 3010 1656 3079 (nempe
1684 3022 1848 3078 super
1882 3009 2052 3062 altare
2077 3022 2302 3062 aureum

725 3100 939 3154 incensi
964 3103 1110 3170 quod
1135 3109 1249 3153 erat
1282 3101 1333 3154 in
1374 3098 1587 3154 Sanctis
1615 3099 1964 3166 sanctorum)
1993 3100 2172 3151 Aaron
2221 3099 2304 3150 in-

727 3207 956 3246 censum
996 3191 1409 3260 compositionis
1443 3191 1793 3246 comminutae
1841 3210 1855 3245 :
1903 3206 2118 3244 summo
2160 3190 2305 3243 dilu-

727 3285 875 3347 culo,
919 3282 1142 3354 quando
1185 3283 1521 3352 adaptaverit
1563 3285 1816 3337 lucernas
1865 3280 2103 3335 adolebit
2140 3295 2305 3349 super

727 3374 886 3436 illud,
917 3385 969 3427 et
995 3375 1217 3442 quando
1269 3373 1581 3428 accenderit
1617 3375 1797 3428 Aaron
1840 3373 2003 3444 382
2050 3374 2304 3428 lucernas

726 3466 947 3534 vesperi
1012 3466 1252 3521 adolcbit
1304 3467 1586 3522 incensum
1639 3476 1982 3537 perpetuum.
2017 3465 2303 3530 Quomodo

724 3573 856 3628 ergo
889 3559 964 3611 ait
995 3559 1099 3612 hoc
1131 3559 1252 3613 loco
1287 3560 1447 3613 dirus
1474 3560 1699 3623 Paulus,
1732 3578 1751 3611 ι
1801 3558 1975 3614 Semel
2007 3559 2304 3629 quotannis

725 3652 877 3704 solus
910 3650 1194 3719 pontifex?
1249 3671 1266 3702 ι
1304 3649 1371 3706 Ει
1406 3652 1642 3707 dicimus
1686 3651 1830 3722 quod
1868 3667 1992 3706 cum
2038 3652 2306 3720 sanguine

727 3745 947 3815 quidem
1001 3746 1412 3815 ingrediebatur
1450 3747 1618 3800 semel
1658 3747 1951 3814 quotannis
1995 3745 2303 3814 :quemad-

728 3839 949 3893 modum
976 3840 1137 3893 etiam
1161 3838 1419 3908 praedicto
1461 3838 1629 3893 Exodi
1663 3841 1782 3891 loco
1806 3837 2008 3890 dicitur
2035 3855 2046 3888 :
2079 3837 2146 3891 ad
2167 3837 2300 3890 ado-

728 3926 947 3981 leudum
985 3942 1133 3992 vero,
1159 3926 1243 3980 bis
1269 3925 1461 3981 diebus
1489 3926 1743 3997 singulis.
1781 3925 1992 3979 Etenim
2022 3925 2184 3979 etiam
2216 3923 2304 3978 hic

727 4018 915 4072 addit:
954 4037 971 4069 ι
1005 4016 1126 4072 Non
1148 4018 1266 4072 sine
1295 4017 1578 4086 sanguine,
1614 4034 1632 4066 ι
1662 4016 1715 4069 id
1737 4023 1822 4069 est
1848 4031 1971 4070 cum
2004 4015 2300 4083 sanguine;

729 4120 788 4165 ut
815 4111 888 4165 sit
919 4110 1021 4164 iste
1060 4125 1260 4164 sensus
1293 4127 1306 4162 :
1353 4107 1532 4163 Semel
1568 4108 1864 4178 quotannis
1897 4105 2140 4176 pontifex
2177 4121 2300 4161 cum

727 4205 997 4273 sanguine
1028 4217 1137 4256 non
1169 4217 1293 4256 cum
1320 4202 1565 4256 incenso.
1597 4220 1615 4252 ι
1655 4199 1777 4256 Non
1804 4201 1924 4255 sine
1956 4199 2242 4268 sanguine.
2280 4217 2297 4246 ι

725 4295 861 4349 Cum
885 4294 1146 4357 victimis,
1184 4294 1380 4363 inquit.
1412 4291 1599 4363 Itaque
1628 4293 1682 4347 id
1711 4293 1875 4348 etiam
1910 4290 2055 4362 quod
2083 4290 2150 4346 de
2175 4306 2305 4344 san-

727 4387 895 4455 guine
923 4387 1075 4449 dicit,
1117 4386 1322 4440 Christi
1356 4386 1526 4455 figura
1553 4393 1672 4439 erat
1702 4401 1718 4442 :
1752 4401 1770 4435 ι
1811 4383 1984 4450 Quem
2016 4381 2175 4438 oﬂert
2207 4397 2304 4451 pro

729 4479 933 4546 seipso.
966 4497 985 4529 ι
1018 4475 1228 4546 Ubique
1252 4476 1425 4542 addit,
1460 4478 1569 4531 Pro
1592 4477 1799 4546 seipso,
1826 4475 2122 4530 ostendens
2147 4474 2305 4528 Chri-

728 4568 798 4622 sti
829 4568 1211 4622 excellentiam
1241 4582 1403 4636 supra
1448 4568 1760 4636 pontificem
1800 4564 2136 4620 Iudaeorum.
2175 4581 2194 4614 ι
2239 4563 2308 4618 Et

729 4675 828 4729 pro
864 4659 1048 4730 populi
1098 4660 1443 4729 ignorantiis.
1484 4678 1500 4709 ι
1545 4659 1720 4712 Etiam
1765 4658 1892 4712 hinc
1919 4655 2303 4711 excellentiam

727 4751 970 4806 ostendit
987 4750 1132 4819 quod
1152 4751 1383 4804 victimae
1405 4750 1624 4820 quidem
1641 4749 1942 4806 secundum
1958 4750 2130 4820 legem
2153 4749 2304 4801 obla-

729 4854 820 4906 ιαι,
841 4859 940 4913 pro
970 4845 1296 4912 ignorantiis
1323 4844 1692 4900 oderebantur
1714 4861 1727 4898 :
1750 4843 2133 4898 coadonabant
2151 4842 2298 4894 enim

726 4945 948 5006 peccata
964 4953 1083 5008 quze
1099 4954 1192 5008 per
1210 4938 1574 5007 ignorantiam
1589 4955 1761 4993 comm
1773 4939 1882 4992 issa
1896 4945 2052 4993 erant
2069 4957 2082 4992 :
2096 4933 2301 4993 Christi

725 5048 855 5086 vero
871 5032 1114 5098 victima,
1147 5032 1314 5086 etiam
1339 5046 1458 5102 qua:
1479 5032 1718 5087 scientes
1748 5032 2148 5087 commisimus.

794 5123 888 5190 IX,
930 5125 1078 5180 8-10.
1123 5124 1268 5179 Illud
1298 5125 1629 5194 signiﬁcante
1681 5123 1888 5192 Spiritu
1936 5134 2119 5178 sancto
2172 5142 2302 5179 non-

723 5220 852 5272 dum
909 5218 1306 5286 manifestatum
1371 5235 1480 5272 esse
1533 5228 1840 5272 sanctorum
1901 5219 2073 5283 uiam,
2131 5219 2302 5272 adhuc

723 5310 900 5377 priore
955 5309 1296 5364 tabernaculo
1353 5312 1723 5364 consistente:
1770 5328 1886 5379 qua:
1945 5321 2061 5363 erat
2111 5313 2302 5364 simili-

728 5400 855 5452 tudo
909 5402 978 5452 ad
1028 5410 1232 5468 tempus
1292 5399 1431 5468 quod
1485 5400 1760 5464 instabat,
1813 5400 2097 5452 secundum
2143 5417 2300 5468 quant

728 5497 869 5546 dona
917 5501 966 5545 et
1005 5493 1272 5560 sacriﬁcia
1318 5491 1691 5561 o/ferebantur,
1752 5506 1868 5558 qua:
1907 5506 2007 5544 non
2057 5501 2302 5557 poterant

727 5590 881 5651 juxta
919 5587 1295 5640 conscientiam
1336 5587 1623 5654 perfectum
1674 5587 1888 5641 reddere
1932 5589 2205 5654 cultorem,
2247 5592 2299 5643 in

726 5678 858 5731 cibis
887 5678 1149 5729 duntaxat
1183 5686 1231 5729 et
1259 5678 1582 5744 potionibus,
1606 5687 1653 5730 et
1684 5678 1905 5732 diversis
1939 5681 2297 5735 oblationibus

799 5857 842 5889 '°'
882 5856 1019 5916 Juan
1051 5874 1114 5930 tt,
1147 5858 1200 5915 2.
1283 5866 1323 5899 ἰι
1351 5859 1521 5934 lgor.
1555 5876 1598 5932 ι,
1654 5863 1743 5919 50.

2335 4217 2598 4316 1)φησίν.
2656 4217 2820 4270 Ὥστε
2858 4217 2953 4270 καὶ
2997 4216 3058 4268 τὸ
3091 4215 3187 4269 τοῦ
3247 4216 3501 4285 αἵματος,
3550 4212 3718 4273 τύπος
3773 4207 3842 4280 ἧν
3898 4211 3994 4263 τοῦ

1823 5863 1868 5897 ⁸³
1898 5865 2069 5922 Exod.
2113 5881 2237 5936 xxx,
2273 5865 2356 5920 l0.

2409 3009 2578 3073 ἐστιν,
2624 3009 2717 3061 ἐπὶ
2767 3008 2860 3062 τοῦ
2901 3011 3105 3081 χρυσοῦ
3151 3012 3516 3082 θυμιατηρίου
3585 3011 3613 3064 ὃ
3656 3007 3723 3082 ἦν
3775 3012 3834 3063 ὲν
3881 3015 3995 3073 τοῖς

2420 3099 2621 3169 Ἀγίοις
2660 3100 2766 3154 τῶν
2802 3104 2994 3174 ἁγίων)
3047 3106 3074 3157 ὁ
3121 3103 3332 3172 Ἀαρὼν
3387 3104 3643 3173 Θυμὶαμα
3686 3103 3994 3165 συνῦἑσεως

2407 3193 2610 3263 λεπτῆς
2632 3195 2691 3248 τὸ
2717 3195 2862 3266 πρωῒ
2881 3195 3045 3266 πρωῒ,
3078 3198 3206 3250 ὅταν
3233 3198 3572 3268 ὲπισκευάζῃ
3596 3197 3719 3260 τους
3742 3195 3994 3264 λύχνους,

2411 3287 2673 3355 ϐυμιάσει
2714 3287 2804 3340 ἐπ’
2862 3287 3052 3342 αὐτοῦ.
3109 3289 3218 3341 Καὶ
3248 3289 3376 3342 ὅταν
3425 3290 3574 3360 ἅπτῃ
3615 3286 3824 3358 Ἀαρὼν
3869 3290 3994 3348 τοὺς

2407 3375 2633 3445 λύχνους
2660 3377 2721 3428 τὸ
2745 3376 2842 3447 ὀψὲ
2867 3379 3381 3448 Θυμιάσειουμίαμα
3403 3377 3840 3447 ἑνδελεχισμοῦ.»
3868 3377 3993 3438 Πῶς

2407 3463 2500 3520 οὖν
2525 3462 2628 3521 ὧδέ
2660 3486 2824 3538 φησιν
2856 3471 2883 3521 ό
2903 3469 3056 3536 ἅγιος
3085 3470 3317 3535 Παῦλος,
3358 3489 3376 3522 ι
3405 3468 3589 3534 Ἀπαξ
3617 3469 3712 3522 τοῦ
3739 3469 3993 3522 ἐνιαυτοῦ

2413 3561 2572 3628 μόνος
2610 3563 2637 3614 ό
2666 3563 2960 3632 ἀρχιερεύς
2986 3580 3000 3628 ;
3042 3581 3060 3613 ι
3106 3563 3216 3616 Καί
3245 3580 3449 3632 φαμεν,
3480 3564 3562 3615 ὅτι
3583 3562 3721 3632 μετὰ
3759 3560 3995 3629 αἵματος

2412 3655 2509 3724 μὲν
2537 3653 2684 3718 ἅπαξ
2718 3657 2888 3725 εἰσῄει
2942 3654 3037 3707 τοῦ
3090 3655 3366 3720 ἐνιαυτοῦ,
3396 3655 3472 3717 ὡς
3521 3655 3615 3707 καὶ
3639 3656 3697 3706 ἐν
3729 3653 3881 3723 αὐτῷ
3916 3653 3994 3720 τῷ

2407 3750 2558 3818 τόπῳ
2578 3749 2677 3818 τῆς
2709 3748 2920 3814 Ἐξόδου
2959 3750 3113 3817 φησι,
3153 3747 3450 3818 Θυμιάσων
3480 3747 3558 3810 δὲ,
3603 3746 3681 3808 εἰς
3712 3745 3810 3812 τῆς
3855 3745 3995 3813 ἡμέ-

2409 3860 2530 3912 ρας,
2567 3843 2676 3895 Καὶ
2702 3841 2811 3912 γὰρ
2845 3843 2938 3894 καὶ
2959 3836 3059 3894 ὧδὲ
3079 3858 3270 3910 φησιν,
3305 3859 3323 3891 ι
3362 3840 3437 3892 Οὑ
3464 3840 3631 3908 χωρὶς
3675 3839 3927 3906 αἵματος,
3969 3857 3988 3889 ι

2407 3939 2678 4002 τουτέστι,
2730 3939 2871 4007 μετὰ
2909 3938 3165 4006 αἵματος,
3211 3931 3361 4010 ἴναῇ
3408 3936 3618 3998 οὕτως·
3655 3933 3842 3998 Ἀπαξ
3893 3933 3989 3985 τοῦ

2408 4033 2658 4086 ἐνιαυτοῦ
2725 4035 2753 4087 ὁ
2828 4034 3121 4106 ἀρχιερεὺς
3184 4033 3324 4101 μετὰ
3378 4032 3646 4102 αἵματος,
3720 4030 3782 4082 οῦ
3855 4031 3996 4098 μετᾶ

2411 4123 2770 4194 ουμιάματος.
2810 4142 2829 4176 ι
2872 4124 2945 4176 Ού
2991 4123 3156 4195 χωρὶς
3193 4123 3444 4193 αἵματος.
3493 4140 3511 4172 ι
3558 4121 3711 4174 Μετὰ
3762 4119 3995 4185 Θυσιῶν,

2411 4307 2672 4378 Χριστοῦ.
2730 4327 2747 4359 ι
2796 4309 2861 4360 Ὀ
2892 4307 3191 4377 προσῳέρει
3243 4306 3387 4374 ὑπὲρ
3449 4303 3666 4358 ἑαυτοῦ.
3707 4321 3726 4354 ι
3771 4303 3992 4354 Παντα-

2405 4399 2501 4469 χοῦ
2554 4404 2631 4464 τὸ,
2701 4399 2871 4467 ’Υπὲρ
2910 4398 3130 4464 ἑαυτοῦ,
3181 4397 3388 4467 τίθησι,
3442 4395 3660 4456 δεικνὺς
3689 4393 3752 4445 τὸ
3805 4392 3995 4458 διασο-

2407 4511 2500 4564 ρον
2529 4492 2622 4545 τοῦ
2659 4491 2894 4561 Χριστοῦ
2917 4492 3011 4544 καὶ
3044 4490 3139 4544 τοῦ
3166 4491 3319 4560 παρὰ
3353 4488 3630 4548 Ἰουδαίοις
3659 4487 3992 4555 ἀρχιερέως.

2411 4606 2429 4637 ι
2471 4585 2576 4637 Καὶ
2604 4583 2712 4637 τῶν
2727 4584 2818 4637 τοῦ
2849 4583 3001 4647 λαοῦ,
3023 4583 3210 4652 φησὶν,
3243 4581 3628 4651 ἀγνοημάτων.
3661 4598 3679 4630 ι
3709 4579 3817 4630 Καὶ
3837 4578 3991 4629 ἐνθεν

2403 4677 2465 4728 τὸ
2487 4675 2742 4744 διάφορον
2762 4674 3055 4740 δείκνυσιν,
3082 4675 3163 4727 ὅτι
3197 4675 3251 4726 αἱ
3290 4673 3390 4744 μὲν
3420 4671 3561 4724 κατὰ
3593 4670 3759 4737 νόμον
3781 4667 3991 4732 θυσίαι,

2411 4769 2549 4838 ὑπὲρ
2584 4769 2944 4838 ἀγνοημάτων
2969 4765 3390 4837 προσεφέροντο.
3425 4764 3506 4816 Ti
3537 4764 3644 4830 γὰρ
3687 4763 3744 4813 ἐν
3788 4761 3987 4827 ἁγνοῖς.

2414 4860 2753 4931 συνεχώρουν
2788 4859 3188 4930 ἁμαρτήματα,
3217 4858 3253 4928 ἡ
3300 4855 3357 4908 δὲ
3385 4852 3624 4924 Χριστοῦ
3673 4851 3861 4912 θυσία,
3893 4850 3991 4901 καὶ

2409 4954 2478 5006 τὰ
2507 4955 2563 5005 ἐν
2588 4952 2813 5021 γνώσει.

2481 5132 2662 5186 Τοῦτο
2702 5133 3036 5199 δηλοῦντος
3075 5131 3182 5185 τοῦ
3215 5130 3562 5198 Πνεύματος
3613 5127 3719 5180 τοῦ
3776 5127 3986 5194 ἁγίου,

2402 5223 2488 5294 μή
2521 5240 2611 5276 πω
2667 5222 3126 5292 πεφανερῶσθαι
3173 5221 3288 5288 τὴν
3334 5220 3451 5274 τῶν
3476 5221 3662 5288 ἁγίων
3695 5217 3862 5280 ὁδὸν,
3902 5219 3988 5269 ἑτι

2409 5316 2520 5383 τῆς
2555 5315 2792 5382 πρώτης
2821 5314 3060 5382 σκηνῆς
3081 5296 3345 5382 ἐχούσης
3393 5315 3634 5368 στάσιν.
3664 5313 3826 5375 Ἠτις
3875 5327 3991 5362 πιέ-

2402 5411 2633 5479 ραὸολὴ
2674 5411 2759 5472 εἰς
2788 5409 2893 5460 τὼ·
2925 5409 3132 5475 καιρὸν
3164 5409 3270 5460 τὸν
3315 5406 3686 5469 ἐνεστηκότα
3732 5403 3864 5456 an'
3914 5401 3992 5468 ἦν

2407 5500 2562 5567 δῶρά
2599 5517 2661 5552 τε
2684 5500 2776 5551 καὶ
2811 5500 3010 5551 θυσίαι
3039 5499 3294 5567 πίοσρέέ
3315 5515 3501 5556 creat,
3531 5496 3615 5564 μὴ
3655 5493 3988 5562 δυνάμεναι

2411 5592 2562 5646 κατὰ
2627 5592 2989 5657 συνείδησιν
3048 5589 3356 5645 τελειῶσαι
3416 5590 3520 5641 τὸν
3575 5588 3991 5654 λατρεύοντα,

2407 5687 2594 5753 μόνον
2641 5684 2737 5736 ἐπὶ
2786 5684 3062 5752 ,ϐρώμασι
3123 5684 3214 5736 χιιι
3258 5682 3480 5750 πόμασι
3538 5679 3634 5732 καὶ
3680 5677 3990 5745 διαμόρας
