4178 6454
176 419 284 487 373

1195 427 1580 488 COMMENT.
1612 425 1691 485 IN
1740 425 1978 486 EPIST.
2019 427 2118 485 AD
2150 425 2382 486 llEBR.

3326 427 3433 490 374

163 535 561 606 βαπτισμοῖς,
593 538 692 591 καί
725 537 1079 608 δικαιώμασι
1133 540 1384 605 σαρκὸς,
1412 537 1589 608 μέχρι
1622 555 1747 591 και-

1870 553 1920 589 2c
1953 535 2428 604 justiﬁcationibus
2460 535 2638 588 carnis
2680 549 2845 604 usque
2883 533 2950 586 ad
2983 544 3182 603 (euripus
3233 553 3443 592 correc-

163 621 277 687 μοῦ
306 621 679 689 διορθώσεως
707 625 1069 691 ἐπικείμενα.

237 717 342 768 Διὰ
363 716 522 768 τοῦτο
539 716 615 782 δὲ,
645 719 832 788 φησιν,
861 719 1036 782 οὕτως
1062 719 1474 774 κατεσκεύαστο
1499 721 1531 790 ἡ
1558 719 1753 788 σκηνὴ,

171 807 257 858 ἶνα
284 807 391 874 τῆς
422 807 648 877 πρώτης
675 809 920 881 ἑστώσης
951 810 1080 864 ἔνθα
1110 814 1143 882 ἡ
1183 812 1376 882 λυχνία
1413 814 1506 864 καὶ
1553 813 1586 880 ἡ
1625 812 1756 880 πρός

173 899 320 959 θεσις
347 899 457 950 τῶν
482 901 686 970 ἄρτων,
717 904 811 954 καὶ
839 903 1134 973 εἰργούσης
1163 904 1468 956 ἐπιϐαίνειν
1489 903 1620 966 τοὺς
1651 904 1758 955 λοι-

173 992 308 1053 ποὺς
351 993 536 1062 ἱερέας
569 995 647 1054 είς
676 995 744 1046 τὰ
778 994 945 1062 Ἀγια
973 995 1081 1046 τῶν
1116 995 1313 1063 ἁγίων,
1342 996 1503 1065 δῆλον
1529 995 1758 1064 γένηται

172 1082 377 1135 ἄϐατον
402 1085 481 1136 ἔτι
513 1080 654 1139 εἶναι
689 1087 778 1138 τὸν
814 1087 1065 1156 οὐρανόν.
1099 1089 1281 1151 Τύπος
1311 1088 1422 1158 γὰρ
1469 1087 1560 1141 τοῦ
1591 1089 1758 1158 ούρα-

173 1175 286 1238 νοῦ,
315 1175 387 1227 τα
424 1177 591 1242 ’Δγια
618 1177 728 1230 τῶν
763 1179 953 1245 ἁγίων.
981 1180 1053 1231 Τὸ
1079 1179 1134 1232 δὲ
1165 1181 1326 1250 μόνον
1376 1180 1467 1232 τὸν
1495 1181 1760 1251 ἀρχιερέα

174 1266 400 1318 εἰσιέναι
432 1269 493 1320 ὲν
533 1269 736 1332 αὐτοῖς,
769 1270 938 1332 τύπος
967 1266 1034 1341 ἦν
1064 1272 1157 1324 καὶ
1181 1271 1340 1325 τοῦτο
1368 1271 1461 1324 τοῦ
1491 1273 1582 1324 τὸν
1629 1273 1763 1342 Χρι-

177 1359 302 1409 στὸν
324 1359 488 1427 μόνον
507 1360 598 1411 τὸν
616 1360 868 1429 ἀληθινὸν
897 1363 1158 1433 ἀρχιερέα
1189 1363 1577 1432 ἀνεληλυθέναι
1605 1366 1662 1417 ἐν
1685 1364 1761 1434 τῷ

175 1450 414 1518 οὐρανῷ.
452 1451 617 1503 Ἀλλὰ
641 1452 827 1504 λοιπὸν
851 1453 1112 1516 ἀνελθὼν,
1141 1456 1505 1525 συνεισήγαγε
1526 1455 1586 1507 τὸ
1606 1457 1759 1524 γένος

174 1542 280 1594 τῶν
315 1543 643 1613 ἀνθρώπων.
671 1542 780 1598 Ἦν
803 1547 1029 1616 μὲνγὰρ
1056 1547 1158 1616 πρὸ
1181 1547 1369 1600 τούτου
1398 1548 1617 1610 ἄῦατος.
1647 1549 1762 1601 Νῦν

174 1637 229 1688 δὲ
256 1637 346 1690 διὰ
386 1637 481 1690 τοῦ
512 1639 752 1708 Χριστοῦ
809 1641 966 1708 βατδς
1007 1641 1249 1708 γέγονεν.
1293 1659 1310 1692 ι
1359 1641 1540 1710 Μήπω
1590 1658 1764 1710 πεφα-

175 1727 476 1794 νερῶσθαι.
522 1749 540 1780 ι
577 1731 760 1798 Μήπω
796 1727 934 1785 εἶναι
969 1733 1138 1802 βατὴν
1183 1733 1278 1785 καὶ
1305 1731 1517 1803 ληπτὴν
1549 1734 1647 1804 τὴν
1683 1736 1762 1796 είς

176 1821 447 1889 οὐρανοὺς
495 1821 631 1884 ὁδὸν,
689 1823 753 1886 ἢν
801 1824 1017 1893 πρῶτος
1045 1824 1379 1877 ἐνεκαίνισεν
1423 1827 1452 1877 ὁ
1495 1826 1756 1894 Χριστός.

183 1929 202 1961 ι
246 1911 514 1981 Ἐχούσης
555 1913 764 1966 στάσιν.
803 1932 821 1964 ι
879 1913 1176 1985 Ἐστώσης,
1225 1917 1381 1986 φησὶ,
1424 1917 1516 1968 καὶ
1548 1916 1762 1984 εἱργού-

179 2021 277 2071 aq;
299 2004 643 2072 τρόποντινὰ
668 2005 764 2074 τὴν
786 2007 866 2067 εἰς
891 2007 958 2060 τὰ
984 2007 1153 2073 Ἀγια
1178 2007 1284 2061 τῶν
1307 2007 1480 2076 ἁγίων
1505 2008 1760 2078 πάροδον.

188 2113 207 2145 ι
239 2095 407 2156 "litt;
439 2096 738 2166 παραϐολή.
778 2115 797 2148 ι
839 2098 1051 2159 Ὀστις,
1085 2100 1240 2168 φησὶ,
1270 2098 1438 2158 τύπος
1468 2099 1576 2151 τῶν
1613 2103 1669 2151 ὲν
1695 2105 1761 2171 τῇ

184 2191 388 2257 σκηνῇ,
415 2189 491 2250 εἰς
516 2190 606 2240 τὸν
636 2189 826 2260 καιρὸν
871 2190 964 2243 τὸν
995 2192 1344 2258 ἐνεστηκότα,
1378 2193 1436 2256 ἐξ
1470 2185 1767 2263 ὧνπεπλή-

181 2294 378 2346 ρωται,
405 2279 563 2347 φησὶ,
589 2281 681 2332 καὶ
713 2280 863 2342 τέλος
889 2280 1098 2350 εἴληφε.
1134 2283 1239 2334 Καὶ
1273 2282 1517 2346 δικαίως.
1566 2283 1628 2335 ΕΞ
1655 2284 1764 2352 γὰρ

178 2367 273 2419 τοῦ
305 2369 551 2435 Χριστοῦ
582 2365 649 2438 ἦν
681 2373 863 2424 ἐκεῖνα
893 2370 1082 2434 τύπος,
1127 2373 1350 2436 εἰκότως
1383 2373 1476 2426 τοῦ
1522 2375 1762 2445 Χριστοῦ

180 2460 467 2525 φανέντος,
503 2462 596 2512 καὶ
637 2463 685 2513 οἱ
727 2462 886 2514 τύποι
945 2461 1356 2532 πεπλήρωνται,
1395 2463 1490 2516 καὶ
1524 2464 1677 2527 τέλος
1707 2465 1764 2517 ἕ-

179 2568 356 2618 χουσι.
399 2571 416 2602 ι
450 2551 587 2605 Καθ’
607 2555 671 2622 ἣν
705 2553 852 2622 δῶρά
873 2571 930 2606 τε
954 2554 1043 2607 καὶ
1081 2555 1261 2607 θυσίαι
1288 2557 1710 2625 προσφέρονται.
1740 2576 1757 2608 ι

182 2643 321 2706 Kgﬁ‘
350 2645 418 2711 ἣν
450 2644 764 2714 παραϐολὴν
798 2649 891 2697 καὶ
916 2645 1036 2697 καθ’
1071 2646 1129 2698 ὃν
1162 2648 1334 2702 τύπον
1367 2648 1423 2702 αἱ
1452 2650 1765 2718 προσφοραὶ

179 2737 291 2789 τὶν
321 2736 510 2806 δώρων
528 2755 585 2790 τε
615 2739 706 2790 καὶ
739 2738 938 2791 θυσιῶν
971 2742 1234 2807 ἐγίνοντο.
1273 2761 1290 2792 ι
1341 2743 1460 2795 Τῶν
1494 2743 1568 2814 μὴ
1602 2744 1763 2797 δυνα-

185 2833 366 2898 μένων
408 2832 692 2885 τελειῶσαι
746 2834 890 2886 κατὰ
941 2835 1266 2905 συνείδησιν.
1315 2854 1332 2886 ι
1374 2836 1460 2899 Ὠς
1504 2839 1551 2889 εί
1593 2835 1765 2904 εἶπεν,

193 2925 282 2976 Ἐν
305 2917 350 2990 ᾧ
381 2923 560 2994 τύπῳ,
590 2925 894 2990 τουτέστιν,
924 2930 981 2978 ὲν
1010 2931 1075 2998 τῇ
1103 2928 1242 2981 κατὰ
1272 2928 1435 2998 νόμον
1460 2932 1765 3003 ἱερουργίᾳ,

182 3018 589 3086 προσεφέροντο
607 3019 708 3087 μὲν
734 3021 787 3072 αἱ
823 3020 1025 3086 θυσίαι,
1059 3022 1118 3073 οῦ
1154 3023 1259 3092 μὴν
1288 3023 1567 3093 ἰσχύουσαι
1589 3024 1766 3096 ψυχὴν

184 3112 277 3162 καὶ
340 3112 652 3178 συνείδησιν
713 3112 1033 3182 καθαρίσαι.
1070 3115 1390 3183 Σωματιχαὶ
1429 3116 1537 3187 γὰρ
1583 3117 1763 3183 οῦσαι,

186 3201 346 3270 σῶμα
379 3202 692 3270 ἐκάθαιρον.
736 3222 754 3253 ι
791 3204 946 3257 Κατὰ
999 3207 1326 3276 συνείδησιν.
1373 3227 1391 3258 ι
1442 3205 1567 3262 Οἷον
1605 3209 1766 3280 ψυχι-

184 3291 317 3354 κῶς.
361 3289 398 3342 ι’
423 3291 717 3345 Τελειῶσαι
738 3294 828 3345 τον
858 3294 1209 3363 λατρεύοντα.
1251 3315 1270 3348 ι
1318 3298 1452 3350 Οὐδὲ
1480 3300 1644 3353 αὑτὸν
1677 3302 1767 3353 τὸν

185 3386 280 3444 τὰς
310 3383 504 3445 Θυσίας
529 3385 932 3454 προσφέροντα,
954 3388 1139 3456 φησὶν,
1161 3389 1414 3442 ἐδύναντο
1451 3391 1762 3460 καθαρίσαι.

192 3493 208 3522 ι
240 3475 474 3527 Μόνον.»
513 3476 584 3528 Τὸ
615 3477 918 3548 ὑπερεατόν
953 3497 964 3508 ·
1008 3480 1389 3550 Ἐπικείμενα.
1429 3501 1446 3532 ι
1483 3484 1605 3535 Ἐπὶ
1632 3484 1772 3554 βρώο

189 3584 321 3633 μασι
371 3569 470 3620 καὶ
526 3569 757 3636 πόμασι.
791 3587 810 3621 ι
855 3573 919 3623 Δί
959 3571 1138 3624 θυσίαι
1178 3575 1234 3626 αί
1299 3577 1767 3646 προσφερόμεναι,

190 3663 344 3727 φησὶ,
418 3662 512 3712 καὶ
544 3663 599 3713 αἱ
650 3663 894 3731 λατρεῖαι
950 3665 1048 3716 οὐκ
1099 3664 1283 3736 ἴσχυον
1347 3668 1596 3737 ψυχικῶς
1648 3687 1771 3722 τινα

187 3750 504 3811 τελειῶσαι,
541 3751 676 3804 ἁλλᾶ
699 3753 827 3821 περ)⁴
855 3753 953 3823 τὴν
985 3755 1164 3821 σάρκα
1189 3751 1333 3824 εἶχον
1367 3757 1465 3826 τὴν
1491 3757 1771 3826 ἐνέργειαν

189 3841 278 3891 καὶ
317 3841 388 3891 τὰ
433 3843 694 3910 σαρκικὰ,
721 3843 813 3893 καὶ
842 3844 920 3904 εἰς
952 3842 1110 3895 τοῦτο
1142 3843 1414 3898 διελύοντο
1440 3849 1552 3908 τοῖς
1604 3865 1770 3916 προσ-

189 3933 441 4001 φέρουσι,
477 3932 633 3999 φησὶ,
665 3935 745 3995 εἰς
792 3934 872 3996 τὸ,
900 3934 1016 3987 τόδε
1046 3939 1238 4003 φαγεῖν
1269 3937 1301 4007 ἢ
1333 3937 1408 4007 μὴ
1437 3941 1653 4007 φαγεῖν,
1680 3942 1773 3995 καὶ

191 4023 340 4074 ὕδατι
382 4023 638 4076 λούεσθαι
699 4027 822 4086 τους
872 4029 1325 4096 κεκοινωμένους.
1359 4029 1559 4100 "Amp,
1616 4034 1771 4100 φησὶ,

188 4113 539 4184 δικαιώματα
558 4115 756 4184 σαρκός
777 4119 912 4180 ἐστι,
931 4116 1197 4181 τουτέστι,
1222 4121 1398 4188 σάρκα
1417 4119 1770 4189 καθαίροντα,

191 4210 281 4258 καὶ
311 4205 555 4274 οὐδαμοῦ
585 4207 783 4276 ψυχὴν,
811 4208 1048 4277 οὐδαμοῦ
1082 4209 1226 4273 νοῦν,
1269 4210 1388 4262 ούδέ
1417 4210 1507 4262 τὸν
1535 4210 1642 4264 ἔσω
1683 4214 1777 4266 ἇν-

192 4298 437 4365 θρωπον,
469 4298 606 4349 ἀλλὰ
631 4301 760 4369 περὶ
813 4300 906 4351 τὸν
956 4301 1060 4366 ἔξω
1107 4301 1455 4370 ἠσχολοῦντο.
1511 4321 1528 4353 ι
1561 4304 1670 4356 Καὶ
1699 4304 1774 4356 δι·

193 4389 479 4457 καιώμασι
515 4390 737 4456 σαρκός.
792 4408 810 4441 ›
851 4391 939 4452 Εἰς
965 4391 1311 4459 δικαιώματα
1368 4393 1590 4461 σαρκὸς,
1629 4395 1777 4448 κάτω

192 4483 270 4542 τὸ,
303 4481 688 4550 Ἐπικείμενα.
721 4500 739 4531 ι
772 4483 947 4550 Μέχρι
982 4483 1172 4548 καιροῦ
1215 4483 1574 4553 διορθώσεως.
1603 4505 1619 4536 ι
1672 4486 1776 4542 Δύο

1863 627 2023 680 tionis
2052 626 2318 693 imposita.

1929 717 2245 787 Propterea,
2285 717 2486 785 inquit,
2520 717 2594 768 ita
2625 717 2952 770 fabricatum
2983 716 3085 770 fuit
3116 717 3443 772 tabernacu-

1862 812 1996 874 lum,
2028 819 2087 864 ut
2121 812 2300 878 primo
2334 809 2671 863 consistente
2725 808 2778 861 in
2813 825 2926 877 quo
2972 820 3090 863 erat
3138 809 3359 864 lucerna
3392 820 3446 860 ‹ιι

1862 902 2171 973 propositio
2207 917 2429 971 panum,
2474 909 2529 956 et
2582 901 2730 970 quod
2771 901 2995 954 arcebat
3028 918 3094 955 ne
3136 902 3316 956 ρωποι-ἰ
3351 917 3435 955 sa-

1862 994 2111 1048 cerdotes
2148 992 2218 1046 ad
2247 992 2450 1045 Sancta
2480 1003 2798 1045 sanctorum
2836 992 3216 1052 ascenderem,
3269 994 3446 1044 mani-

1865 1085 2158 1139 festaretur
2182 1085 2526 1139 inaccessum
2560 1085 2736 1138 adhuc
2759 1100 2880 1139 esse
2903 1084 3124 1138 caelum.
3163 1083 3442 1152 Siquidem

1863 1178 1985 1232 cwli
2027 1187 2186 1248 typus
2211 1186 2370 1232 erant
2419 1177 2619 1231 Sancta
2671 1186 3009 1231 sanctorum.
3061 1175 3215 1242 Quod
3262 1184 3441 1229 autem

1866 1271 2015 1325 Solus
2043 1270 2282 1338 pontifex
2316 1269 2405 1322 illa
2439 1268 2848 1338 ingrederetur,
2877 1267 3047 1336 ﬁgura
3083 1275 3203 1321 erat
3235 1275 3287 1321 et
3315 1267 3445 1332 her,

1865 1362 2011 1433 quod
2047 1361 2297 1417 Christus
2327 1362 2480 1416 solus
2534 1377 2698 1415 verus
2726 1359 2973 1429 pontifex
3005 1361 3344 1415 ascendisset
3385 1360 3439 1414 in

1865 1455 2094 1516 emtum;
2126 1455 2217 1507 sed
2242 1469 2304 1506 ex
2331 1452 2689 1522 consequenti
2716 1453 2804 1505 ubi
2833 1451 3197 1511 ascendisset,
3226 1450 3446 1503 induxit

1866 1564 1971 1600 una
2011 1561 2183 1618 genus
2212 1547 2492 1602 hominum
2527 1562 2542 1600 :
2581 1555 2698 1600 erat
2726 1561 2963 1614 namque
2998 1553 3156 1598 antea
3197 1546 3442 1598 inacces-

1867 1655 2011 1704 sum,
2050 1655 2198 1694 nunc
2246 1655 2370 1692 vero
2409 1655 2505 1704 per
2543 1639 2820 1692 Christum
2865 1637 3190 1692 acccssibilc
3235 1636 3439 1690 factum

1865 1741 1968 1788 est.
2018 1751 2034 1783 ι
2075 1731 2329 1785 Nondum
2375 1729 2778 1784 manifestatam
2825 1746 2967 1785 esse.
3011 1749 3028 1781 ι
3085 1730 3434 1783 lnaccessam

1867 1825 2044 1878 adhuc
2073 1839 2195 1879 esse
2226 1831 2278 1876 et
2311 1838 2416 1877 non
2448 1823 2772 1890 permissam
2795 1823 2936 1874 viam
2971 1819 3035 1873 ad
3058 1821 3246 1881 cmlos,
3279 1831 3442 1888 quam

1867 1913 2075 1980 primus
2099 1912 2380 1965 innovavit
2410 1911 2685 1965 Christus.
2715 1928 2732 1960 ‹
2767 1909 3132 1964 Consistentc.
3175 1929 3192 1960 ι
3230 1911 3443 1967 Stante.

1867 1999 2066 2068 inquit,
2110 2008 2166 2054 et
2209 2000 2612 2069 quodammodo
2664 1999 2992 2069 pzobibente
3041 1999 3334 2052 transitum
3376 1999 3444 2050 ad

1869 2089 2070 2143 Sancta
2091 2100 2434 2145 sanctorum.
2459 2111 2475 2141 ι
2499 2091 3094 2156 Qumeratsimilitudo.
3123 2109 3141 2142 ι
3164 2089 3326 2160 383
3341 2087 3442 2154 Qui

1867 2189 2051 2251 typus,
2092 2183 2287 2250 inquit,
2326 2197 2515 2235 eorum
2553 2197 2674 2251 qua:
2709 2189 2865 2234 erant
2890 2181 2942 2234 in
2967 2181 3316 2236 tabernaculo
3345 2179 3445 2232 fuit

1869 2285 2027 2342 typus
2073 2271 2140 2324 ad
2196 2279 2409 2341 tempus
2459 2269 2604 2340 quod
2657 2271 2898 2324 instabat
2953 2290 2966 2324 :
3027 2280 3248 2340 propter
3299 2269 3442 2338 quod

1866 2366 2195 2434 completum
2227 2373 2310 2418 est
2337 2373 2391 2418 et
2414 2362 2572 2416 ﬁnem
2607 2365 2850 2431 accepit;
2875 2362 3039 2431 idque
3064 2361 3282 2416 merito.
3306 2360 3441 2414 Nam

1867 2455 1910 2509 si
1937 2456 2026 2508 illa
2054 2455 2259 2510 Christi
2287 2465 2447 2526 typus
2471 2469 2650 2519 erant,
2675 2457 2871 2510 merito
2904 2457 3122 2510 Christo
3149 2463 3445 2524 apparente

1868 2548 2029 2602 etiam
2062 2547 2247 2618 ﬁgura:
2282 2547 2566 2617 completa:
2586 2556 2716 2603 sunt
2749 2565 2811 2602 ac
2839 2550 2998 2603 ﬁnem
3037 2549 3255 2603 habent.
3297 2567 3315 2599 ι
3356 2547 3448 2601 Sec

1869 2638 2106 2691 cumtum
2153 2652 2315 2707 quam
2358 2638 2502 2692 dona
2552 2647 2606 2692 et
2655 2639 2922 2694 sacriﬁcia
2976 2639 3372 2693 oﬁ'erebantur.
3422 2657 3440 2688 ι

1869 2727 2180 2782 Secundum
2212 2744 2376 2798 quam
2420 2729 2861 2793 similitudinem,
2900 2739 2952 2784 et
2985 2731 3140 2798 juxta
3176 2744 3334 2798 quem
3370 2741 3447 2798 ly-

1873 2837 2020 2891 pum,
2069 2822 2375 2876 oblationes
2422 2823 2690 2878 donorum
2740 2830 2793 2875 et
2842 2821 3235 2874 sacriﬁciorum
3292 2819 3451 2874 facta:

1872 2921 2016 2968 sunt.
2052 2934 2067 2964 ι
2103 2912 2233 2979 Qum
2275 2929 2383 2967 non
2416 2922 2666 2982 poterant
2698 2914 2854 2983 juxta
2891 2915 3287 2966 c0nscientiam
3327 2929 3450 2982 per-

1871 3005 2071 3061 fectum
2106 3008 2348 3062 reddere.
2394 3026 2410 3058 ι
2444 3011 2518 3061 Ac
2556 3007 2600 3060 si
2644 3007 2892 3060 diceret:
2923 3003 2977 3057 In
3015 3020 3125 3074 quo
3158 3016 3304 3076 typo,
3347 3008 3448 3059 hoc

1869 3113 1978 3165 est,
2011 3102 2064 3154 in
2094 3116 2201 3170 quo
2234 3101 2392 3170 legali
2435 3101 2779 3164 sacerdotio,
2824 3099 3193 3154 offerebantur
3228 3098 3445 3167 quidem

1793 3229 1837 3287 α
1873 3193 2142 3248 sacriﬁcia
2165 3201 2216 3247 et
2248 3193 2503 3257 victimae,
2539 3193 2686 3262 atqui
2718 3207 2826 3246 non
2851 3200 3105 3262 poterant
3135 3191 3369 3243 animam
3397 3202 3451 3243 ct

1873 3286 2266 3340 conscientiam
2287 3285 2594 3354 puriﬁcare;
2616 3301 2738 3338 cum
2757 3285 2899 3340 enim
2920 3285 3222 3353 corporalia
3243 3296 3446 3344 essent,

1873 3392 2074 3449 corpus
2112 3379 2496 3448 puriﬁcabant.
2565 3397 2582 3428 ι
2620 3377 2781 3432 Juxta
2816 3378 3246 3440 conscientiam;
3287 3395 3302 3426 ι
3337 3377 3450 3429 sive

1874 3473 2174 3527 secundum
2198 3473 2456 3526 animam.
2488 3492 2504 3523 ι
2533 3471 2837 3525 Perfectum
2865 3471 3090 3524 reddere
3105 3473 3392 3523 cultorem.
3425 3487 3444 3517 ι

1872 3562 1951 3618 Ne
1983 3579 2108 3618 eum
2134 3563 2352 3633 quidem
2385 3563 2478 3633 qui
2513 3546 2628 3631 ipsa
2664 3563 2939 3616 sacriﬁcia
2970 3561 3238 3615 otferebat
3261 3559 3446 3628 puriﬁ-

1874 3670 2000 3710 care
2062 3665 2331 3724 poterant.
2373 3673 2391 3706 ι
2432 3655 2725 3710 Duotaxal.
2759 3673 2778 3705 ι
2810 3655 2909 3708 Per
2965 3653 3304 3723 hyperbaton
3356 3655 3453 3704 atl-

1870 3747 2148 3816 jungeada
2206 3755 2289 3800 est
2345 3745 2512 3800 dictio
2571 3746 2825 3814 Imposita
2871 3762 2882 3797 :
2923 3761 2942 3794 ι
2981 3742 3038 3796 lu
3077 3744 3212 3796 cibis
3247 3751 3301 3794 et
3356 3758 3452 3810 po-

1877 3839 2140 3891 tionibus.
2189 3855 2206 3887 »
2253 3835 2469 3898 Oblata,
2501 3838 2696 3906 inquit,
2735 3836 3007 3890 sacriﬁcia
3046 3846 3099 3888 et
3130 3836 3310 3887 cultus
3346 3850 3450 3886 non

1881 3939 2132 4000 poterant
2165 3930 2339 3998 quoad
2383 3931 2620 3982 animam
2659 3928 2961 3997 perfectum
3012 3927 3238 3981 reddere
3264 3943 3453 3994 ιιιιοιιι-

1878 4037 2061 4089 quam,
2100 4023 2194 4076 sed
2227 4023 2371 4075 circa
2405 4036 2624 4074 carnem
2659 4031 2712 4074 et
2750 4019 2991 4072 carnalia
3031 4020 3298 4072 duntaxat
3342 4019 3448 4070 vim

1878 4113 2192 4167 habebant:
2228 4123 2283 4168 et
2322 4116 2372 4166 in
2403 4115 2506 4166 huc
2551 4113 2966 4167 satisfaciebant
3005 4112 3361 4166 oﬁerentibus
3397 4121 3454 4165 ut

1878 4205 1984 4258 hoc
2012 4205 2253 4268 ederent,
2283 4206 2412 4259 illud
2435 4221 2562 4260 vero
2599 4222 2706 4260 non
2740 4205 2985 4270 ederent,
3013 4215 3066 4260 et
3096 4221 3234 4275 aqua
3268 4205 3454 4258 ablue-

1879 4305 2070 4350 rentur
2103 4298 2155 4350 hi
2197 4297 2289 4366 qui
2331 4299 2722 4352 communicati
2752 4305 2955 4362 essent,
2991 4313 3087 4352 seu
3125 4313 3446 4351 coznmuncs

1877 4399 1926 4444 et
1953 4392 2217 4444 immundi
2249 4393 2479 4457 redditi;
2507 4409 2627 4461 qua}
2649 4403 2776 4447 sunt
2796 4392 3222 4461 justiﬁcationes
3245 4391 3453 4454 carnis,

1879 4479 1983 4532 hoc
2013 4487 2116 4543 est,
2164 4495 2383 4534 carnem
2430 4481 2804 4551 puriﬁcantes,
2841 4492 2895 4535 et
2945 4496 3282 4550 nequaquam
3333 4483 3454 4532 ani-

195 4575 379 4641 φησὶν.
419 4575 502 4626 ὅτι
524 4590 582 4624 τε
615 4574 927 4642 σωματικὸν
962 4575 1120 4643 μόνον
1151 4576 1494 4646 καθαρισμδν
1531 4579 1766 4643 ἐποίουν,

1882 4586 2062 4634 mam;
2094 4586 2438 4640 nequaquam
2486 4572 2801 4626 interiorem
2843 4573 3143 4635 hominem,
3180 4571 3273 4625 sed
3307 4572 3452 4624 circa

195 4669 286 4718 καὶ
318 4667 487 4717 αὑτὸν
517 4665 704 4717 τοῦτον
731 4665 832 4717 οὐκ
865 4667 973 4730 ἀεὶ,
1007 4667 1121 4718 ἀλλ’
1154 4667 1284 4736 ἄχρι
1327 4668 1522 4738 καιροῦ
1550 4669 1775 4737 διορθώ-

197 4773 354 4820 σεως.
386 4757 545 4816 ﬂcio;
567 4755 624 4806 δέ
647 4754 673 4804 ὁ
695 4755 795 4823 τῆς
824 4755 1163 4825 διορθώσεως
1195 4761 1386 4826 καιρός
1413 4777 1426 4823 ;
1466 4760 1524 4810 Ὀ
1550 4760 1648 4826 τῆς
1679 4761 1772 4812 τοῦ

195 4848 453 4915 Σωτῆρος
488 4845 783 4914 ἐπιδημίας
808 4845 1050 4913 δηλονότι
1087 4847 1252 4898 ’ὡσεὶ
1283 4843 1459 4899 εἶπενο
1497 4849 1777 4901 Ἐπέκειτο

196 4939 253 5002 ἐξ
270 4937 458 4990 αὐτῶν
483 4936 647 5005 βάρος
681 4939 793 4998 τοῖς
824 4936 1151 5007 ἀνθρώποις,
1190 4936 1347 5005 ἄχρις
1380 4930 1442 4988 οῦ
1470 4942 1610 5007 φανῇ
1642 4941 1774 5008 Χρι-

199 5031 342 5090 στός.
371 5027 552 5083 Αὑτοῦ
578 5027 634 5079 δὲ
667 5029 950 5094 φανέντος,
977 5029 1272 5080 ἐπαύσατο.
1305 5047 1321 5077 ι
1345 5030 1721 5099 Ἐπικείμενα.
1751 5049 1769 5081 ι

199 5120 395 5183 Καλῶς
433 5120 514 5183 τὸ,
549 5119 871 5170 Ἐπέκειτο·
915 5119 1078 5190 βαρος
1135 5121 1247 5188 γὰρ
1295 5116 1364 5190 ἦν
1420 5122 1580 5190 μόνον
1623 5123 1690 5174 τὰ
1720 5125 1775 5174 ἐν

196 5212 271 5281 τῷ
336 5212 510 5280 νόμῳ,
545 5208 728 5272 καθώς
781 5227 946 5278 φασιν
976 5212 1025 5263 οί
1068 5211 1354 5264 ἀπόστολοι
1381 5226 1394 5240 ο
1443 5230 1459 5261 ι
1509 5214 1603 5265 Ὃν
1650 5212 1774 5265 οὗτε

198 5304 378 5372 ἡμεῖς,
430 5302 618 5369 φησὶν,
643 5300 767 5353 οὔτε
798 5302 847 5352 οἱ
880 5302 1118 5368 πατέρες
1147 5302 1304 5372 ἡμῶν
1336 5302 1639 5374 ἰσχύσαμεν
1675 5305 1772 5372 βα-

199 5394 417 5446 στάσαι.
447 5409 467 5442 ι

1876 4662 2205 4714 exteriorem
2267 4665 2690 4716 exercebantur.
2759 4681 2777 4713 ι
2842 4662 2904 4715 Et
2965 4662 3455 4731 jnslitlcationibus

1877 4756 2079 4808 carnis.
2123 4775 2140 4805 ι
2179 4754 2257 4807 Ad
2289 4755 2714 4824 justitlcationes
2749 4755 2935 4810 carnis
2975 4755 3269 4824 respondet
3315 4753 3454 4806 infc-

1879 4847 1993 4900 rins
2025 4844 2215 4906 dictio,
2249 4846 2522 4915 Imposita.
2559 4866 2576 4898 ι
2614 4846 2798 4916 Usque
2829 4847 2894 4900 ad
2927 4856 3138 4916 tempus
3162 4847 3458 4900 correctio-

1881 4942 1987 5002 nis,
2037 4957 2055 4988 ›
2109 4937 2224 4991 Duo
2273 4939 2405 4991 dicit
2448 4957 2460 4992 :
2504 4947 2556 4992 et
2603 4939 2750 5008 quod
2797 4941 3138 5008 corporalem
3196 4938 3458 4992 duntaxat

1883 5031 2262 5100 purgationem
2311 5031 2607 5093 faciebant,
2640 5039 2694 5084 et
2738 5031 2886 5100 quod
2938 5032 3078 5085 hanc
3128 5032 3302 5099 ipsam
3348 5045 3456 5083 non

1886 5135 2124 5188 semper,
2157 5121 2251 5174 sed
2293 5122 2470 5173 solum
2510 5137 2686 5190 usque
2714 5121 2780 5174 ad
2811 5132 3025 5190 tempus
3073 5121 3455 5184 correctionis,

1882 5211 2036 5276 Quod
2072 5222 2156 5266 est
2191 5219 2370 5266 autem
2397 5221 2609 5281 tempus
2639 5212 3032 5266 correctionis?
3075 5211 3278 5280 Nempe
3321 5220 3460 5266 tcin—

1885 5320 1984 5373 pus
2010 5306 2274 5359 adventus
2303 5304 2626 5358 Salvatoris.
2657 5306 2736 5359 Ac
2760 5306 2806 5360 si
2835 5305 3040 5358 diceret
3076 5323 3089 5360 :
3127 5306 3232 5359 Per
3265 5304 3459 5373 hujus-

1886 5395 2028 5449 mudi
2081 5398 2464 5466 imponebatur
2522 5397 2736 5464 pondus
2809 5398 3122 5451 horninibus
3168 5411 3460 5466 quousque

199 5488 646 5544 raauifestaretur
675 5497 975 5554 Christus;
1006 5505 1130 5544 cum
1179 5500 1362 5544 autem
1399 5491 1779 5547 manifestatns
1820 5503 1989 5553 esset,
2020 5505 2330 5549 cessarunt.
2379 5515 2395 5545 ι
2437 5496 2719 5564 Imposita.
2761 5514 2778 5546 ι
2825 5493 2990 5548 Recte
3058 5495 3310 5563 imposita
3381 5497 3462 5548 di.

199 5597 586 5651 cuntur;nam
627 5586 841 5653 pondus
871 5594 1026 5638 erant
1067 5603 1188 5655 qua:
1223 5587 1274 5638 in
1326 5588 1441 5667 lege
1510 5591 1889 5656 tradebantur,
1959 5593 2421 5660 quemadmodum
2473 5590 2663 5645 dicunt
2715 5589 2968 5657 apostoli,
3019 5608 3033 5639 ι
3087 5589 3242 5654 Quod
3287 5605 3460 5658 neque

203 5697 295 5734 nos
327 5693 505 5747 neque
528 5687 714 5745 patres
749 5677 922 5730 nostri
955 5688 1177 5747 portare
1204 5679 1482 5749 potuimus
1505 5680 1583 5732 ⁸⁸³.
1623 5700 1638 5730 i

267 5856 312 5886 “
350 5858 469 5911 Act.
505 5872 595 5919 xv,
638 5855 719 5907 ιο.
