4178 6454
709 412 816 477 379

1769 419 2098 481 (ECUMEN
2111 421 2170 479 ll
2212 419 2508 479 TRICCZE
2533 421 2877 484 EPISCOPI

3853 425 3972 489 380

713 524 991 590 inquiunt,
1037 525 1197 581 nobis
1226 525 1358 581 dare
1393 527 1792 596 promissioues
1836 532 1882 587 is
1919 535 2012 602 qui
2048 543 2300 586 mortuus

2407 532 2587 588 δοῦναι
2620 536 2716 597 τὰς
2749 536 3084 603 ἐπαγγελίας
3143 540 3171 590 ὀ
3223 539 3542 603 ἁποθανών;
3613 540 3994 609 Περιστρέεξει

713 617 823 670 est?
837 615 1322 688 θετῐίειοιηυρι
1339 619 1504 689 igitur
1517 630 1567 674 et
1589 621 1830 677 ostendit
1845 625 1988 692 quod
2006 626 2111 678 alio
2127 625 2294 679 modo

715 724 825 762 nun
854 709 1223 776 potuissemus
1249 708 1624 766 liaareditatem
1654 721 1709 766 et
1743 715 2160 783 promissionem
2203 732 2296 771 ac-

713 803 924 867 cipere,
960 800 1064 854 nisi
1111 810 1360 856 mortuus
1403 801 1598 858 fuisset
1631 804 1903 860 Christus.
1951 825 1970 857 ‹
2019 805 2291 872 Quoniam

714 907 840 944 num
891 892 1221 963 quandoque
1263 894 1407 947 valet
1448 894 1670 964 quando
1717 896 1852 950 vivit
1891 901 2160 952 testator?
2193 899 2295 953 Per

713 985 1199 1055 interrogationem
1245 985 1430 1055 legito.
1485 1007 1502 1038 ι
1551 987 1722 1054 [Unde
1762 1005 1830 1042 ne
1878 990 2030 1059 prius
2073 993 2292 1060 quidem

713 1077 870 1130 illud.
911 1095 929 1127 ›
978 1074 1041 1128 Et
1079 1077 1216 1130 adeo
1265 1087 1461 1139 morte,
1493 1078 1691 1148 inquit,
1736 1079 2097 1134 conﬁrmatur
2127 1089 2296 1135 testa-

714 1177 980 1230 mentum,
1026 1167 1170 1234 quod
1199 1168 1352 1237 prius
1396 1184 1614 1237 quoque
1652 1169 1784 1223 illud
1827 1185 1927 1238 pro
1968 1181 2144 1225 morte
2172 1187 2298 1226 san-

710 1262 928 1330 guinem
962 1260 1213 1314 habuerit
1254 1261 1446 1315 mortis
1484 1263 1817 1331 symbolum,
1846 1264 1897 1316 in
1940 1280 2082 1318 novo
2115 1275 2294 1319 autem

713 1367 840 1405 vere
880 1363 1110 1406 mortem
1149 1353 1311 1405 habet
1357 1369 1370 1407 :
1415 1368 1478 1406 eo
1517 1353 1664 1420 quod
1708 1354 1796 1406 illa
1837 1356 2058 1423 quidem
2115 1357 2298 1424 rigui-te

709 1453 888 1507 erant,
909 1460 1028 1512 quae
1057 1461 1182 1497 vero
1210 1444 1264 1497 in
1297 1460 1460 1510 novo,
1480 1447 1703 1500 veritas.
1740 1465 1756 1496 ‹
1784 1447 2006 1515 Absque
2032 1448 2298 1515 sanguine

711 1536 1030 1592 dedicatum
1066 1537 1191 1592 fuit.
1236 1556 1254 1588 ι
1289 1538 1367 1592 Ac
1416 1540 1461 1592 si
1503 1539 1750 1592 diceret:
1779 1536 1897 1592 Non
1929 1539 2172 1594 cessavit
2204 1549 2300 1594 aut

709 1624 1062 1686 intermissus
1099 1637 1184 1684 est
1223 1629 1450 1696 sanguis
1497 1630 1580 1682 vel
1627 1629 1695 1683 ad
1738 1639 1953 1697 tempus
1997 1631 2295 1692 modicum,

712 1723 804 1774 sed
837 1721 1088 1789 protinus
1119 1731 1175 1773 ut
1211 1727 1599 1773 testamentum
1632 1721 1946 1776 dedicatum
1999 1735 2106 1787 est,
2133 1724 2298 1778 etiam

713 1813 1038 1880 sanguinem
1081 1812 1271 1864 habuit
1317 1813 1767 1880 subsequentem.

2398 620 2493 676 οὖν
2533 627 2626 678 καὶ
2649 626 2948 690 δείκνυσιν,
2981 631 3082 682 οὐκ
3112 629 3288 690 ἄλλως
3321 631 3470 700 ἡμᾶς
3509 629 3850 698 δυναμένους
3890 631 3998 683 λα-

2398 717 2515 770 ϐεῖν
2566 718 2665 788 τὴν
2715 719 3081 790 κληρονομίαν
3131 724 3222 775 καὶ
3273 723 3372 792 τὴν
3435 723 3873 790 ὲπαγγελίαν,εἰ
3908 722 3993 792 μὴ

2398 807 2805 879 ἐτετελευτήκει
2847 814 2874 863 ὀ
2916 813 3167 882 Χριστός.
3213 832 3232 864 ι
3279 813 3430 865 Ἐπεὶ
3474 814 3549 884 μή
3600 829 3731 864 ποτε
3771 812 3996 881 ἰσχύσαι

2397 900 2480 953 ὅτι
2517 902 2582 972 ζῇ
2617 903 2644 953 ὁ
2684 902 3080 973 διατιθέμενος.
3133 925 3151 957 ι
3188 906 3326 958 Κατ’
3367 906 3640 974 ἐρώτησιν
3684 904 3991 969 ἀνάγνωθι.

2403 1012 2423 1044 v
2455 995 2618 1047 Ὅθεν
2660 996 2778 1047 οὐδὲ
2808 998 2839 1064 ἡ
2873 996 3086 1067 πρώτη.
3121 1017 3138 1048 ι
3181 999 3292 1050 Kal
3335 998 3499 1056 οὕτω,
3547 999 3702 1067 φησὶ,
3766 996 3997 1064 θανάτῳ

2400 1085 2712 1156 βεϐαιοῦται
2743 1089 2774 1157 ἡ
2800 1089 3054 1159 διαθήκη,
3083 1091 3164 1142 ὅτι
3193 1090 3338 1160 καὶὴ
3369 1089 3560 1160 πρώτη
3580 1090 3699 1141 ἀντὶ
3726 1087 3994 1149 θανάτου,

2399 1172 2538 1246 αἷμα
2595 1174 2708 1248 εἶχε
2738 1179 2800 1231 τὸ
2825 1180 2918 1231 τοῦ
2979 1179 3213 1233 θανάτου
3278 1180 3550 1250 σύμϐολον
3580 1197 3593 1211 ο
3635 1180 3729 1232 ἐπὶ
3789 1180 3847 1232 δὲ
3888 1180 3998 1248 τῆς

2399 1271 2546 1334 νέας,
2578 1273 2666 1324 τὸν
2692 1273 2858 1333 ὅντως
2882 1273 3110 1326 θάνατον
3142 1273 3273 1341 ἔχει.
3295 1272 3453 1326 Καθέι
3475 1275 3659 1324 ἐκεῖνα
3699 1273 3802 1339 μὲν
3822 1271 3997 1322 τύποι

2401 1359 2562 1433 ἦσαν,
2621 1364 2849 1433 ἀλήθεια
2901 1365 2980 1430 δὲ,
3029 1364 3098 1417 τα
3137 1367 3195 1416 ἐν
3227 1367 3292 1435 τῇ
3328 1363 3443 1434 νέᾳ.
3485 1383 3503 1412 ι
3537 1362 3720 1431 Χωρὶς
3746 1363 3990 1432 αἵματος

2401 1457 2830 1524 ὲγκεκαίνισται.
2889 1477 2906 1508 ›
2951 1457 3042 1519 Ὠς
3101 1459 3148 1508 εἰ
3185 1451 3372 1508 εἶπεν
3415 1457 3489 1506 Οὐ
3533 1455 3767 1507 διέλειπε
3808 1454 3992 1523 βραχὺ

2402 1546 2532 1614 γοῦν
2585 1549 2776 1617 χρόνον
2829 1550 2888 1600 τὸ
2929 1543 3089 1616 αἷμα,
3142 1547 3257 1600 ἀλλ’
3290 1548 3406 1617 ἅμα
3459 1547 3521 1598 τὸ
3568 1546 3992 1614 ὲγκαινισθῆναι

2400 1641 2499 1709 τὴν
2527 1639 2812 1710 διαθήκην,
2841 1647 2936 1692 καὶ
2963 1640 3023 1692 ab
3055 1635 3198 1710 αἷμα
3219 1642 3346 1710 ἔσχε
3380 1639 3802 1694 συνακόλουθον.

783 1873 874 1960 lli.
914 1902 1096 1956 19-22.
1146 1902 1278 1956 Cum
1347 1873 1518 1957 enim'
1551 1902 1726 1958 Moses
1768 1922 1918 1958 omne
1972 1915 2293 1981 praeceptum

2469 1905 2858 1972 Λαληθείσης
2896 1905 3005 1972 γὰρ
3045 1905 3243 1971 πάσης
3290 1903 3549 1970 ἐντολῆς
3597 1902 3748 1956 κατά
3780 1903 3978 1970 νόμον

708 1998 872 2066 juxta
901 1997 1060 2064 legem
1116 1999 1438 2064 exposuisset
1489 1999 1631 2050 omni
1670 1999 1882 2065 populo,
1924 2010 2134 2066 sumpto
2166 2018 2296 2054 san-

713 2090 877 2157 guine
905 2090 1190 2141 vitulorum
1230 2099 1277 2142 et
1304 2091 1572 2142 hircorum
1609 2108 1726 2142 cum
1757 2108 1894 2159 aqua
1928 2101 1974 2144 et
2018 2093 2144 2145 lana
2178 2109 2296 2145 coc-

712 2185 834 2234 cina
865 2199 926 2234 ac
950 2184 1198 2251 Ityssopo,
1245 2183 1408 2236 simul
1449 2193 1495 2234 et
1558 2185 1732 2249 ipsum
1786 2184 1979 2237 librum
2020 2195 2068 2238 et
2128 2196 2297 2238 totum

713 2271 962 2338 populum
988 2273 1234 2336 aspersit,
1261 2272 1438 2324 dicens
1473 2289 1490 2324 :
1522 2273 1617 2325 llic
1644 2285 1719 2326 est
1751 2277 1970 2343 sanguis
1996 2279 2299 2330 testamenti

712 2364 851 2430 quod
887 2364 1153 2416 mandavit
1186 2365 1325 2418 vobis
1367 2364 1528 2417 Deus.
1572 2364 1797 2432 Insuper
1834 2377 2084 2420 autemet
2115 2368 2294 2420 taber-

713 2453 965 2505 naculum
1007 2465 1056 2505 et
1089 2454 1264 2505 omnia
1288 2471 1412 2506 vasa
1446 2457 1729 2509 ministerii
1767 2460 2025 2526 sanguine
2047 2461 2296 2513 similiter

716 2561 796 2604 as;
817 2544 1049 2620 ergebot.
1075 2543 1141 2596 Et
1169 2547 1345 2597 omnia
1383 2547 1490 2614 fere
1521 2548 1811 2600 secundum
1857 2549 2019 2618 legem
2041 2554 2297 2620 sanguine

714 2636 1085 2704 puriﬁcantur,
1121 2648 1168 2690 et
1219 2641 1416 2708 absque
1465 2641 1744 2708 sanguinis
1801 2641 2056 2709 effusione
2089 2659 2194 2696 non
2233 2644 2298 2712 [it

716 2729 980 2782 remissio.
1023 2728 1214 2798 Itaque
1259 2747 1465 2784 necesse
1495 2740 1571 2783 est
1619 2741 1674 2783 ut
1706 2733 2034 2800 exemplaria
2085 2735 2298 2803 quidem

715 2835 903 2872 eorum
930 2835 1046 2887 qua:
1079 2829 1202 2872 sunt
1233 2821 1288 2872 in
1321 2821 1486 2882 caelis,
1525 2822 1665 2874 hisce
1715 2823 1866 2876 rebus
1908 2823 2297 2892 puriﬁcentur;

715 2923 968 2964 cii-terum
1003 2913 1116 2976 ipsa
1137 2912 1372 2964 caelestia
1405 2911 1708 2966 melioribus
1749 2931 1905 2982 quant
1933 2915 2014 2968 lue
2048 2916 2154 2968 sint
2187 2918 2296 2968 eic-

717 3003 887 3063 timis,
923 3004 1261 3055 mandentur.

791 3091 1074 3161 Siquidem
1122 3095 1209 3147 ubi
1274 3092 1452 3148 Moses
1489 3093 1705 3149 loeutus
1737 3103 1884 3149 esset
1929 3106 2294 3166 prazeeptum,

2398 1999 2518 2053 ὑπὸ
2552 1998 2807 2062 Μωσέως
2829 2001 3003 2051 παντὶ
3056 1998 3134 2062 τῷ
3157 1997 3306 2061 λαῷ,
3336 1997 3539 2050 λαϐὼν
3566 1998 3634 2050 τὸ
3662 1993 3807 2066 αἷμα
3866 1996 3994 2050 τῶν

2395 2091 2649 2162 μόσχων
2675 2093 2771 2143 καὶ
2808 2091 3040 2159 τράγων
3062 2089 3212 2160 μετὰ
3242 2090 3459 2154 ὕδατος
3496 2089 3596 2142 καὶ
3627 2090 3791 2157 ἐρίου
3847 2105 3993 2141 κοκ-

2399 2185 2573 2237 κίνου
2642 2182 2742 2236 καὶ
2794 2183 3110 2244 ὑσσώπου,
3181 2183 3329 2236 αὑτό
3387 2198 3450 2234 τε
3497 2182 3564 2234 τὸ
3610 2182 3860 2245 ,βιϐλίον
3891 2180 3992 2233 και

2399 2273 2595 2326 πάντα
2640 2273 2748 2325 τὸν
2799 2272 2952 2326 λαὸν
3002 2272 3342 2340 ἐρῤάντισε,
3398 2270 3592 2339 λέγων
3625 2287 3636 2297 ·
3701 2269 3884 2324 Τοῦτο
3926 2271 3992 2321 τι)

2398 2365 2541 2436 αἷμα
2593 2364 2702 2433 τῆς
2735 2364 3049 2431 διαθήκης,
3095 2359 3170 2432 ἧς
3194 2364 3532 2416 ἑνετειζλατο
3587 2363 3733 2430 πρές
3768 2360 3928 2430 ὑμᾶς
3960 2363 3996 2413 ό

2402 2458 2566 2522 Θεός.
2603 2455 2709 2509 Καὶ
2762 2453 2878 2520 τὴν
2911 2455 3154 2520 σκηνὴν
3201 2455 3269 2506 δὲ
3319 2454 3416 2506 καὶ
3465 2452 3662 2506 πάντα
3695 2452 3765 2505 τὰ
3791 2455 3992 2518 σκεύη

2399 2549 2510 2615 τῆς
2563 2549 2940 2615 λειτουργίας
2993 2549 3072 2611 τῷ
3125 2548 3326 2615 αἵματι
3380 2548 3596 2614 ὁμοίως
3646 2546 3990 2613 efﬁat-tice.

2401 2643 2508 2696 Kal
2535 2640 2764 2709 σχεδὸν
2829 2641 2895 2692 ἑν
2923 2640 3123 2707 αἵματι
3192 2637 3391 2690 πάντα
3430 2636 3798 2704 καθαρίζεται
3837 2637 3995 2691 κατὰ

2401 2735 2504 2788 τὸν
2527 2736 2735 2802 νόμον.
2775 2733 2880 2786 Καὶ
2916 2732 3094 2800 χωρὶς
3131 2732 3604 2799 αιματελιχυσίας
3660 2732 3731 2782 οὐ
3766 2731 3997 2808 γίνεται

2401 2829 2637 2895 ἄφεσις.
2689 2826 2947 2894 Ἀνάγκη
2979 2821 3094 2878 οὖν
3127 2823 3196 2876 τὰ
3241 2825 3357 2891 μὲν
3409 2824 3816 2890 ὑποδείγματα
3873 2821 3995 2874 τῶν

2400 2920 2469 2971 ἐν
2516 2917 2640 2982 τοῖς
2663 2916 2964 2984 οὐρανοῖς,
2992 2917 3227 2977 τούτοις
3264 2911 3704 2982 καθαρίζεσθαι,
3731 2911 3893 2966 αὐτὰ
3926 2912 3996 2966 δὲ

2401 3012 2473 3064 τὰ
2488 3009 2838 3077 ἐπουράνια,
2859 3009 3159 3074 κρείττοσι
3201 3007 3443 3070 θυσίαις
3473 3008 3629 3072 παρὰ
3669 3007 3917 3070 ταύτας.

2473 3103 2626 3157 Μετὰ
2662 3103 2770 3171 γὰρ
2805 3102 2863 3154 τὸ
2889 3101 3118 3170 λαλῆσαι
3161 3099 3259 3169 τὴν
3292 3099 3539 3165 ἐντολὴν,
3574 3100 3696 3150 tit:
3752 3098 3832 3166 τῷ
3901 3099 3993 3150 αἴ·

718 3194 852 3238 tunc
884 3186 1152 3254 sanguine
1193 3186 1450 3253 aspersit.
1489 3204 1504 3235 ι
1533 3183 1695 3238 Juxta
1732 3188 1928 3256 legem.
1969 3207 1987 3237 ι
2027 3187 2300 3253 Quemad-

2407 3215 2534 3267 ματι
2579 3196 2896 3266 ὲρράντισεν
2944 3194 2972 3246 ὁ
3027 3193 3252 3261 Μωσῆς.
3296 3211 3314 3243 ‹
3380 3192 3536 3244 Κατᾶ
3593 3191 3684 3243 τὸν
3738 3193 3932 3260 νόμον.
3973 3213 3992 3246 s

721 3277 981 3338 inodum,
1035 3275 1247 3344 inquit,
1284 3276 1477 3330 statuit
1521 3276 1706 3342 Deus,
1768 3278 1916 3346 iuxta
1957 3276 2050 3332 Dei
2101 3280 2298 3348 legent.

725 3388 746 3421 ι
787 3367 1019 3438 Sumpta
1049 3369 1316 3439 sanguine
1347 3367 1696 3422 vitulorum.»
1730 3369 1828 3423 llic
1859 3372 2083 3439 sanguis
2126 3371 2300 3441 ﬁgura

719 3473 841 3516 erat
895 3463 1184 3530 sanguinis
1220 3463 1309 3516 Dei
1364 3477 1427 3514 ac
1478 3460 1781 3515 Salvatoris
1839 3464 2014 3517 nostri
2053 3464 2146 3532 qui
2202 3479 2302 3518 nos

722 3557 978 3625 purgavit
1013 3555 1078 3608 ab
1111 3555 1259 3609 omni
1290 3555 1523 3609 macula.
1551 3574 1568 3606 ι
1594 3556 1728 3608 (lum
1748 3570 1910 3624 aqua.
1943 3575 1960 3608 ι
1982 3555 2137 3625 Aqua
2164 3556 2302 3624 ligu-

726 3667 784 3703 ra
814 3657 934 3704 erat
983 3649 1261 3720 baptismi.
1295 3669 1313 3700 ‹
1343 3647 1408 3702 Et
1455 3650 1576 3702 lana
1625 3649 1849 3703 coccina
1886 3664 1949 3704 ac
1980 3650 2241 3721 hyssopo.
2281 3672 2298 3704 ο

726 3742 873 3795 Lana
899 3750 952 3797 ct
984 3741 1256 3812 hyssopus
1276 3741 1638 3796 sumebantur
1669 3751 1890 3811 propter
1908 3757 2096 3796 earum
2124 3753 2307 3797 relen-

723 3837 952 3888 tionem.
994 3833 1275 3903 Siquidem
1332 3833 1608 3904 hyssopus
1661 3849 1786 3888 cum
1822 3834 1989 3888 densa
2026 3836 2098 3889 sit
2129 3849 2192 3887 ae
2223 3844 2304 3890 le-

724 3942 854 3981 nera
899 3929 1223 3996 sanguinem
1265 3927 1533 3981 retinebat
1581 3941 1644 3979 ac
1681 3927 2039 3995 aspergebat,
2073 3928 2308 3994 lanaque

724 4021 1002 4075 similiter.
1041 4019 1276 4073 Coccina
1325 4035 1455 4073 vero
1503 4029 1620 4072 erat
1676 4019 1801 4072 lana
1858 4026 1916 4071 ut
1963 4019 2082 4088 ipso
2122 4019 2308 4074 colore

725 4124 913 4182 typum
962 4111 1130 4165 ferret
1180 4111 1473 4179 sanguinis
1517 4109 1744 4164 Christi.
1778 4128 1796 4161 ι
1839 4111 2014 4164 Simul
2041 4117 2096 4163 et
2127 4112 2305 4179 ipsum

725 4201 1161 4256 llbl'lllllJleCl‘
1193 4211 1354 4271 typus
1379 4211 1496 4255 erat
1529 4201 1893 4267 credentium,
1912 4201 2006 4270 qui
2033 4202 2088 4254 in
2106 4201 2308 4270 seipsis

725 4295 926 4348 habent
961 4293 1053 4346 Dei
1094 4295 1289 4362 legem.
1355 4312 1374 4344 ‹
1408 4293 1638 4361 Insuper
1669 4303 1851 4347 autem
1884 4301 1937 4346 et
1972 4294 2306 4346 tabernacu-

727 4383 1072 4453 tumn388
1095 4383 1269 4436 Etiam
1291 4383 1702 4436 tabernaculum
1736 4384 1905 4452 tigura
1925 4391 2044 4437 erat
2075 4383 2311 4437 creden-

733 4476 893 4539 tium,
923 4484 1145 4544 propter
1179 4474 1231 4527 id
1261 4474 1408 4543 quod
1439 4475 1702 4544 scriptum
1741 4484 1826 4528 est
1870 4491 1882 4526 :
1937 4492 1954 4524 ι
1986 4474 2311 4528 luhabitaho

2402 3286 2627 3352 Καθὼς,
2676 3287 2863 3357 φησὶν,
2897 3289 2923 3338 ὁ
2972 3285 3104 3348 Θεὸς
3159 3283 3544 3352 ἐνομοθέτησε,
3605 3284 3746 3335 κατὰ
3773 3285 3866 3335 τὸν
3901 3284 3995 3337 τοῦ

2403 3379 2538 3433 Θεοῦ
2576 3379 2758 3447 νόμον.
2802 3396 2819 3427 ι
2861 3375 3058 3429 Λαϐὼν
3117 3378 3226 3445 γὰρ
3289 3377 3350 3427 το
3382 3369 3522 3443 αἷμα
3557 3375 3666 3426 τῶν
3693 3375 3936 3443 μόσχων.
3974 3396 3992 3427 ι

2405 3472 2586 3533 Τόπος
2611 3466 2678 3540 ἦν
2720 3469 2878 3521 τοῦτο
2911 3470 2968 3521 τὸ
3002 3464 3143 3536 αἷμα
3163 3468 3256 3521 τοῦ
3288 3469 3520 3536 αἵματος
3553 3467 3648 3519 τοῦ
3708 3467 3844 3519 Θεοῦ
3901 3469 3998 3521 καὶ

2406 3565 2659 3631 Σωτῆρος
2690 3562 2868 3630 ἡμῶν,
2906 3559 3002 3612 τοῦ
3053 3559 3392 3628 καθάραντος
3453 3561 3599 3626 ἡμᾶς
3654 3560 3762 3612 ἀπὸ
3810 3562 3999 3628 πάσης

2406 3653 2640 3722 κηλῖδος.
2682 3669 2700 3701 ι
2743 3651 2897 3704 Μετὰ
2933 3649 3144 3713 ὓδατος.
3193 3669 3211 3702 t
3272 3650 3345 3701 Τὸ
3379 3648 3545 3718 ὕδωρ,
3573 3650 3740 3711 τύπος
3794 3646 3864 3718 ἦν
3903 3650 3997 3702 τοῦ

2411 3745 2806 3813 βαπτίσματος.
2847 3763 2865 3795 ι
2908 3744 3017 3796 Kal
3051 3743 3201 3812 ἐρίου
3231 3744 3488 3795 κοκκίνου
3517 3745 3611 3795 καὶ
3647 3745 3929 3796 ὑσσώπου.
3973 3765 3996 3795 ι

2412 3839 2596 3906 Ἐριον
2633 3838 2726 3889 καὶ
2756 3835 3009 3886 ὕσσωπον
3042 3834 3400 3904 ἐλαμϐάνετο,
3462 3834 3549 3885 διὰ
3575 3835 3633 3885 τὸ
3659 3836 4000 3903 κρατητικον

2409 3928 2610 3981 αὐτῶν.
2642 3928 2714 3978 Τὸ
2746 3925 2852 3995 γὰρ
2891 3923 3144 3978 ὕσσωπον
3195 3925 3401 3976 πυκνὸν
3434 3924 3682 3993 ὑπάρχον
3714 3927 3806 3976 καὶ
3847 3927 4003 3977 ἁπα-

2411 4022 2523 4084 λὸν,
2558 4019 2780 4090 ἐκράτει
2807 4019 2866 4069 τὸ
2901 4012 3042 4086 αἷμα
3081 4017 3175 4069 καὶ
3199 4016 3538 4086 ὲῤῥάντιζεν,
3567 4017 3663 4068 καὶ
3718 4017 3781 4068 τὸ
3842 4017 3999 4086 ἔριον

2409 4114 2630 4182 ὁμοίως.
2669 4111 2935 4162 Κόκκινον
2964 4109 3020 4160 δὲ
3048 4103 3114 4177 ἧν
3149 4108 3208 4159 τὸ
3233 4107 3399 4176 ἔριον,
3436 4107 3524 4160 ἵνα
3561 4110 3625 4159 ἐκ
3655 4107 3753 4175 τῆς
3799 4112 3999 4178 χροιᾶς

2413 4205 2582 4256 τύπον
2624 4202 2766 4272 φέρῃ
2803 4199 2898 4252 τοῦ
2927 4200 3158 4267 αἵματος
3187 4200 3284 4250 τοῦ
3318 4199 3580 4266 Χριστοῦ.
3615 4218 3632 4249 ι
3671 4200 3811 4251 Αὒτὸ
3843 4217 3906 4252 τε
3937 4202 4003 4253 τὸ

2417 4295 2640 4364 βιϐλίον.
2686 4313 2704 4344 ι
2744 4292 2924 4354 Tum;
2962 4287 3031 4360 ἦν
3065 4291 3174 4342 τῶν
3197 4289 3405 4341 πιστῶν
3436 4290 3496 4340 τὸ
3527 4288 3754 4358 βιϐλίον,
3797 4292 3909 4343 τῶν
3941 4297 4004 4342 ἐν

2415 4387 2632 4446 ἑαυτοῖς
2693 4383 2929 4452 ἑχόντων
2982 4382 3076 4433 τὸν
3105 4381 3268 4450 νόμον
3326 4379 3419 4432 τοῦ
3479 4380 3638 4434 Θεοῦ.
3674 4400 3692 4432 ι
3733 4384 3842 4434 Kal
3898 4383 4004 4453 τὴν

2417 4478 2624 4548 σκηνὴν
2661 4475 2737 4528 δέ.
2778 4493 2796 4524 ι
2833 4474 3008 4547 Καλή
3035 4473 3206 4541 σκηνὴ
3256 4471 3428 4533 τύπος
3478 4467 3545 4541 ἦν
3601 4472 3708 4523 τῶν
3762 4474 4003 4534 πιστῶν,

726 4567 779 4618 in
805 4567 913 4620 illis
931 4564 1357 4618 etinambulabo
1393 4565 1460 4618 ".
1490 4583 1509 4617 ι
1550 4584 1645 4615 -ι
1690 4566 1966 4618 Etomnia
1992 4564 2123 4620 fere.
2168 4584 2185 4614 ι
2225 4565 2303 4620 Ob

2419 4573 2504 4624 δια
2543 4571 2622 4634 τὸ,
2661 4588 2678 4621 ι
2718 4569 3020 4636 Ἐνοικήσω
3050 4569 3106 4618 ὲν
3129 4567 3312 4628 αὐτοῖς
3343 4566 3440 4617 καὶ
3462 4566 3926 4634 ὲμπεριττατήσω.
3979 4585 3998 4614 ι

728 4657 784 4712 id
816 4658 976 4721 dixit,
1028 4657 1186 4720 Fere,
1221 4658 1482 4728 quoniam
1523 4674 1631 4711 non
1682 4673 1816 4727 pure
1861 4673 2040 4727 neque
2092 4660 2309 4713 sincere

732 4761 862 4804 tunc
933 4751 1406 4820 puritlcabantur,
1465 4750 1736 4818 siquidem
1801 4750 2120 4819 corporales
2181 4760 2308 4804 tunc

731 4852 892 4896 erant
930 4841 1370 4907 puriﬁcationes,
1412 4855 1538 4894 cum
1600 4841 1710 4910 typi
1753 4849 1938 4894 essent
1967 4856 2155 4894 eorum
2189 4856 2308 4910 qua:

731 4948 878 4986 nunc
905 4941 958 4986 et
989 4935 1202 4986 animas
1229 4942 1283 4988 et
1313 4947 1544 5002 corpora
1583 4931 1874 5002 puriﬁcant
1904 4949 1916 4985 :
1951 4951 1969 4983 ι
2004 4933 2071 4986 Ει
2103 4934 2312 5001 absque

731 5024 1023 5091 sanguinis
1045 5022 1317 5077 effusione
1348 5039 1456 5078 non
1500 5023 1572 5076 sit
1601 5023 1879 5078 remissio.
1927 5042 1944 5074 ι
1974 5022 2313 5079 Videbantur

744 5115 890 5167 enim
922 5115 1085 5168 etiam
1121 5122 1254 5168 tunc
1276 5113 1612 5182 'hujusmodi
1644 5113 2053 5182 puriﬁcationes
2079 5117 2320 5183 praebere

735 5205 1145 5259 remissionem.
1214 5223 1233 5256 ‹
1272 5205 1460 5274 Itaque
1497 5221 1724 5260 necesse
1772 5215 1858 5261 est
1899 5214 1957 5259 ut
1987 5207 2320 5277 exemplaria

731 5295 951 5366 quidem
985 5310 1175 5350 eorum
1194 5312 1313 5365 qua:
1335 5298 1529 5358 suntin
1552 5299 1759 5353 caelis.»
1785 5299 2042 5354 leestia
2069 5308 2225 5353 vocat
2251 5314 2317 5354 ea

732 5405 853 5457 qua:
875 5397 1000 5442 sunt
1018 5389 1070 5442 in
1085 5389 1235 5444 Novo
1252 5389 1623 5444 Testamento:
1643 5393 1899 5460 quoniam
1918 5406 2200 5445 sacrorum
2222 5389 2320 5443 ini-

735 5485 825 5534 ttat
837 5483 1015 5550 ioqua:
1035 5482 1086 5534 in
1108 5483 1226 5551 ipso
1242 5483 1297 5535 lit
1312 5481 1670 5542 coelestisest,
1691 5499 1751 5537 ac
1766 5484 2017 5538 caelestes
2031 5484 2177 5538 cives
2191 5490 2319 5537 sunt

740 5573 948 5636 tideles,
976 5588 1289 5640 quanquam
1332 5573 1550 5627 interitu
1589 5583 1876 5628 versentur
1901 5575 1954 5628 in
1990 5584 2133 5629 terra
2162 5587 2315 5642 :qute

735 5663 880 5716 enim
911 5662 964 5715 in
989 5659 1168 5718 Veteri
1205 5673 1382 5727 erant,
1409 5663 1740 5733 exemplaria
1793 5663 2036 5731 luerunt,
2090 5672 2146 5719 ut
2193 5678 2314 5734 qua:

811 5841 855 5876 "
894 5842 1070 5902 Levit.
1104 5862 1250 5911 xxvr,
1283 5843 1346 5897 li’.
1373 5860 1386 5909 ;
1418 5843 1457 5898 ll
1485 5845 1610 5902 Cor.
1645 5861 1720 5912 vl,
1757 5847 1838 5901 lli.

2419 4695 2486 4704 —
2524 4682 2541 4712 ι
2584 4662 2692 4713 Kal
2731 4659 2912 4711 πάντα
2950 4656 3156 4726 σχεδόν.
3202 4675 3221 4707 ι
3253 4656 3468 4723 Σχεδὸν,
3493 4655 3584 4706 διὰ
3611 4653 3771 4706 τοῦτο
3817 4650 4004 4717 εἷπε-λ,

2421 4751 2607 4822 ἐπειδὴ
2634 4752 2708 4822 μὴ
2764 4749 3021 4819 καθαρῶς
3055 4748 3150 4801 καὶ
3188 4747 3493 4815 εἰλικρινῶς
3524 4747 3641 4808 τότε
3677 4747 4011 4816 ἐκαθαρίζε-

2419 4865 2500 4899 το.
2536 4847 2668 4898 Τότε
2695 4843 2803 4911 γὰρ
2835 4842 3138 4909 σωματικοὶ
3169 4836 3313 4910 ἦσαν
3339 4841 3386 4892 o!
3447 4839 3804 4908 καθαρισμοὶ,
3832 4841 4009 4892 τύποι

2416 4938 2569 4996 ὄντες
2592 4933 2701 4985 τῶν
2725 4932 2820 4984 νῦν
2841 4930 3016 5000 ψυχὰς
3039 4931 3134 4982 καὶ
3155 4928 3382 4998 σώματα
3411 4925 3840 4995 καθαιρόντωνλ
3885 4928 4008 4979 Kal

2417 5027 2586 5098 χωρὶς
2604 5021 3040 5094 αἱματεκχυσίας
3079 5020 3138 5072 οὐ
3172 5020 3389 5087 γίνεται
3414 5020 3629 5085 ἄψεσις.
3673 5036 3692 5068 ι
3739 5017 4008 5071 Ἐδὸκουν

2415 5117 2524 5186 γὰρ
2547 5117 2639 5169 καὶ
2661 5115 2784 5166 τότε
2816 5115 2865 5165 οἱ
2891 5110 3124 5164 τοιοῦτοι
3169 5109 3446 5178 καθαρμοὶ
3474 5107 3670 5175 ageam
3710 5109 4005 5176 παρέχειν.

2424 5227 2443 5259 ι
2486 5207 2726 5274 Ἀνάγκη
2758 5204 2851 5257 οὖν
2873 5204 2941 5256 τὰ
2972 5203 3071 5271 μὲν
3105 5201 3482 5270 ὑποδείγματα
3506 5199 3615 5250 τῶν
3666 5200 3724 5249 ἐν
3749 5201 3863 5259 τοῖς
3910 5201 4008 5251 οὗ·

2427 5301 2626 5370 ρανοῖς.
2669 5317 2686 5348 )
2721 5297 2964 5365 οὐράνια
2988 5295 3055 5346 τα
3081 5295 3139 5345 ὲν
3161 5296 3228 5361 τῇ
3267 5293 3424 5361 καινῇ
3470 5291 3639 5357 λέγει,
3675 5289 3864 5356 ἐπειδὴ
3885 5291 3918 5358 ὴ
3947 5292 4008 5341 ἐν

2422 5390 2560 5458 αὐτῇ
2598 5385 2956 5457 μυσταγωγία
2987 5383 3217 5452 οὐρανία
3241 5384 3379 5444 ἐστὶ,
3426 5382 3522 5434 καὶ
3579 5379 4008 5449 οὐρανοποὶίταί

2422 5483 2559 5533 εἰσιν
2593 5479 2640 5530 οἱ
2669 5479 2871 5542 πιστοὶ,
2912 5478 2960 5528 εἰ
2993 5475 3088 5527 καὶ
3125 5475 3220 5526 ἐπὶ
3281 5475 3383 5542 γῆς
3420 5473 3558 5534 τέως
3602 5469 4006 5524 πολιτεύονται.

2433 5569 2839 5639 ’Υποδείγματα
2867 5566 2975 5638 γὰρ
3005 5568 3071 5620 τα
3098 5567 3196 5635 τῆς
3220 5566 3478 5627 παλαιᾶς,
3533 5565 3608 5624 ὡς
3653 5562 3817 5616 τύποι
3875 5564 4010 5616 ὂντα

2421 5663 2517 5732 τῆς
2547 5662 2692 5724 νέας.
2722 5679 2738 5712 ι
2772 5659 2998 5722 Τούτοις
3022 5656 3440 5727 καθαρίζεσθαι.
3478 5675 3495 5707 ι
3526 5657 3648 5717 Τοῖς
3668 5655 4007 5723 εἰρημένοις.
