4178 6454
785 415 891 478 33Ἷ
1843 411 2239 475 (ECUMENII
2270 412 2567 474 TRICC/E
2609 414 2948 478 EPISCOPI

1391 524 1541 580 CAP.
1584 522 1722 580 xm.
2398 530 2446 587 Α

874 641 1259 701 Testimonium
1289 640 1351 694 de
1369 638 1880 763 soluzuriﬁcatiouc
1900 647 1948 691 et
1966 654 2206 693 acrcessu
2232 638 2302 691 ad

1548 727 1685 763 eum.

1548 727 1685 763 eum.

3951 423 4055 487 388

3072 522 3321 579 ΚΕΦᾹΛ.
3348 522 3450 576 II".

2478 634 2783 703 Maprvpla
2818 638 2951 703 περὶ
2982 634 3092 703 τῆς
3110 636 3311 714 μόνης
3364 634 3711 714 καθᾴρσεως
3736 634 3834 688 καὶ
3863 652 4055 706 «potr-

2936 708 3171 775 αγωγῆς
3193 708 3346 773 πρὸς
3386 708 3552 760 Θεόν.

866 806 939 873 Χ,
971 805 1125 862 5-I0.
1169 804 1506 872 Quapropter
1554 800 1849 869 ingrediens
1893 800 2150 854 mundum
2196 799 2361 853 dicit:

2544 796 2645 850 Διό
2667 797 3089 866 εἰσερχόμενος
3111 799 3199 862 εις
3213 797 3323 850 τὸν
3342 798 3576 865 κόσμον
3595 798 3778 867 λέγει·
3820 802 4059 855 Θυσίαν

790 899 1129 968 Suri/icium
1192 905 1242 950 et
1302 894 1618 949 oblationem
1680 892 1921 958 noluisti,
1975 909 2163 961 corpus
2197 901 2361 945 autem

2473 886 2572 939 καὶ
2604 886 2956 957 προσφορὰν
2987 890 3097 942 οὐκ
3122 888 3456 956 ἠθέλησας,
3496 889 3668 957 σῶμα
3725 888 3795 942 δὲ
3837 908 4059 959 κατηρ-

789 992 987 1058 aptasti
1047 988 1197 1042 mihi.
1271 986 1719 1040 Holocautomata
1762 994 1812 1039 et
1860 1001 1956 1053 pro
2018 993 2231 1053 peccato
2269 1000 2361 1037 non

2472 976 2620 1029 τίσω
2642 994 2766 1045 μοι.
2810 977 3303 1047 Ὀλοκαυτώματα
3335 979 3432 1031 καὶ
3465 982 3597 1047 περὶ
3633 983 3927 1049 ἁμαρτίας
3943 988 4055 1037 οὐκ

787 1087 1101 1153 placuerunt
1130 1080 1227 1134 tibi
1257 1095 1273 1131 :
1306 1088 1429 1131 tunc
1463 1078 1577 1130 dixi
1605 1094 1623 1136 :
1657 1076 1791 1130 Ecce
1838 1078 2049 1130 adsunt.
2095 1076 2161 1130 In
2202 1078 2361 1144 capite

2470 1065 2838 1133 εὐδόκησας,
2868 1068 3003 1122 τότε
3023 1065 3219 1133 εἶπον,
3256 1070 3412 1125 Ἰδοὺ
3452 1070 3599 1138 ἥκω.
3647 1070 3752 1124 Ἐν
3772 1073 4054 1139 κεφαλίδι

789 1174 916 1227 libri
952 1172 1206 1240 scriptum
1246 1178 1320 1222 est
1347 1169 1412 1222 de
1434 1184 1514 1221 me
1536 1179 1586 1220 ut
1608 1168 1825 1236 faciam,
1854 1166 2022 1233 Deus,
2046 1167 2370 1221 voluntatem

790 1273 958 1315 tuam.
991 1260 1246 1328 Superius
1273 1275 1389 1312 cum
1437 1258 1566 1310 dicit
1607 1271 1625 1308 :
1680 1255 2015 1325 Sacrificium
2064 1267 2113 1311 et
2144 1258 2370 1311 oblatio-

788 1370 904 1407 nem
936 1361 985 1405 τε
1026 1352 1458 1406 holocautomnta
1482 1358 1531 1402 et
1563 1364 1657 1417 pro
1683 1358 1898 1416 Pcccato
1933 1349 2171 1413 noluisti,
2208 1365 2368 1416 neque

786 1445 1097 1511 placuerunt
1127 1443 1222 1495 tibi
1267 1458 1381 1511 quae
1403 1439 1568 1510 juxta
1622 1439 1788 1509 legem
1841 1440 2135 1507 oﬂ'eruntur
2174 1454 2191 1501 ;
2244 1448 2368 1492 tunc

785 1540 923 1591 dixit
959 1552 980 1591 :
1034 1534 1168 1588 Ecce
1215 1539 1403 1587 adsum
1462 1544 1518 1586 ut
1567 1533 1784 1601 faciam,
1847 1531 2007 1596 Deus,
2042 1532 2366 1585 voluntatem

790 1637 957 1681 mam.
996 1624 1155 1677 Tollit
1191 1624 1336 1690 prius
1378 1632 1433 1675 ut
1471 1624 1734 1688 posterius
1766 1630 1972 1676 statuat
2007 1639 2025 1685 ;
2082 1638 2175 1691 per
2205 1638 2365 1691 quam

791 1718 1111 1771 voluntatem
1130 1715 1663 1783 saucti/icatisumus,
1682 1714 1771 1783 qui
1786 1714 1935 1766 illam
1950 1713 2364 1780 pet-oblationem

786 1811 1021 1875 corporis
1056 1805 1184 1860 Jesu
1216 1807 1374 1860 semel
1412 1816 1685 1873 peractam
1707 1806 1971 1858 consecuti
1996 1821 2197 1858 sumus.

2465 1156 2712 1220 βιϐλίου
2762 1157 3086 1227 γέγραπται
3137 1161 3270 1228 περὶ
3303 1161 3452 1230 ἐμοῦ
3483 1201 3499 1224 ,
3556 1161 3663 1215 τοῦ
3717 1162 3973 1228 ποιῆσαι
4024 1167 4057 1216 ό

2473 1248 2639 1315 Θεὸς,
2660 1250 2726 1302 τὸ
2746 1249 2977 1320 θέλημά
3003 1269 3141 1319 σου,
3173 1252 3473 1321 ἀνώτερον
3490 1255 3687 1321 λέγων
3713 1252 3801 1305 ὅτι
3824 1255 4055 1307 θυσίαι·

2469 1339 2567 1393 καὶ
2591 1343 2944 1410 προσφορὰν
2971 1344 3069 1397 καὶ
3102 1344 3564 1413 ὁλοκαυτώματα
3589 1343 3689 1397 καὶ
3711 1350 3843 1411 περὶ
3864 1346 4054 1414 ἀμαρ-

2467 1432 2599 1497 τίας
2617 1435 2727 1486 οὐκ
2756 1434 3069 1501 ἠθέλησας
3092 1435 3236 1490 οὐδὲ
3256 1436 3621 1503 εὐδόκησας,
3639 1435 3864 1501 αἳτινες
3898 1437 4053 1489 κατὰ

2467 1521 2577 1575 τὸν
2605 1524 2796 1594 νόμον
2853 1527 3335 1595 προσφέρονται·
3377 1530 3509 1581 τότε
3569 1528 3835 1594 elpnxsr'
3901 1528 4049 1580 Ἰδοὺ

2468 1610 2594 1679 ἢκω
2616 1614 2723 1667 τοῦ
2750 1613 3022 1683 ποιῆσαι.
3048 1617 3081 1668 ὀ
3104 1615 3267 1681 Θεὸς,
3293 1615 3357 1668 τὸ
3387 1616 3617 1684 θέλημὰ
3632 1632 3769 1669 σου.
3790 1615 4052 1682 Ἀναιρεὶ

2465 1702 2533 1755 τὸ
2559 1702 2814 1772 πρῶτον,
2840 1707 2942 1760 ἵνα
2970 1707 3037 1758 τὸ
3060 1706 3343 1774 δεύτερον
3393 1709 3621 1775 στήσῃ.
3673 1709 3775 1762 'Er
3795 1701 3840 1773 ᾧ
3870 1709 4053 1775 θελή-

2460 1812 2601 1862 ματι
2626 1798 2979 1867 ἡγιασμένοι
3002 1799 3207 1867 ἐσμὲν,
3243 1804 3295 1854 ol
3316 1800 3413 1855 διὰ
3435 1800 3543 1868 τῆς
3569 1800 3919 1870 προσέτι-ρᾶς
3942 1800 4050 1854 τοῦ

856 1902 1132 1963 Christus,
1193 1901 1390 1968 inquit,
1447 1912 1681 1966 corpore
1741 1896 2005 1950 mundum
2051 1895 2361 1965 ingrediens

2464 1885 2737 1956 σώματος
2778 1891 2973 1958 Ἰησοῦ
3001 1892 3278 1959 Χριστοῦ,
3303 1892 3562 1959 ἐφάπαξ.

788 1991 919 2043 dicit
956 2005 1053 2057 per
1085 1988 1324 2041 medium
1369 1986 1563 2039 David.
1613 1984 1670 2039 Si
1715 1985 1958 2049 inutiles,
2003 1985 2200 2052 inquit,
2234 1992 2359 2037 sunt

789 2082 999 2143 Ιιοςιίιῐι,
1039 2095 1207 2150 quare
1254 2078 1479 2132 omnino
1539 2077 1760 2132 fuerunt
1796 2076 2106 2130 institutae?
2143 2075 2361 2141 Quare?

783 2172 1015 2243 Propter
1062 2171 1421 2240 pervicaciam
1456 2168 1788 2233 Judaeorum,
1810 2177 1865 2223 et
1902 2168 2062 2239 393
2092 2168 2215 2239 quia
2251 2168 2361 2221 Deo

784 2283 1002 2336 semper
1036 2266 1306 2320 adversati
1340 2272 1487 2318 sunt.
1517 2262 1723 2317 Deinde
1754 2262 1995 2316 ostendit
2022 2262 2165 2331 quod
2198 2263 2359 2316 etiam

783 2368 909 2412 ante
974 2356 1183 2409 Domini
1232 2354 1671 2408 incarnationem
1701 2352 1829 2405 odio
1855 2352 2053 2404 habitae
2084 2349 2287 2404 fuerint
2331 2367 2358 2403 a

785 2450 916 2503 Deo.
939 2446 1125 2516 Neque
1147 2446 1291 2500 enim
1335 2446 1494 2506 dixit,
1530 2443 1811 2514 Ingressus
1843 2442 1902 2495 in
1931 2444 2215 2505 mundum,
2242 2442 2357 2506 sed,

786 2539 1101 2609 Ingrediens
1133 2555 1146 2591 :
1176 2535 1519 2592 ostendendo
1552 2536 1697 2605 quod
1723 2535 2042 2605 priusquam
2075 2536 2358 2605 ingressus

784 2639 954 2693 esset,
979 2631 1105 2685 odio
1138 2630 1336 2685 habita:
1358 2636 1537 2682 erant.

859 2722 979 2774 Alio
1019 2720 1196 2775 modo.
1229 2719 1546 2790 Ingrediens
1598 2718 1651 2772 in
1694 2718 1958 2771 mundum
2009 2718 2149 2773 dixit
2201 2717 2360 2772 Chri-

786 2823 930 2871 stus,
990 2810 1082 2863 sed
1138 2825 1246 2863 non
1300 2809 1900 2880 ingressus:videlicet
1951 2812 2360 2880 ingrediebatur

787 2900 1010 2969 quando
1044 2900 1394 2967 promittebat
1426 2901 1527 2969 ipsi
1560 2900 1725 2954 David
1755 2911 1807 2956 et
1836 2902 2184 2956 asseverabat
2213 2903 2359 2972 quod

792 2992 862 3048 de
894 2990 1075 3044 fructu
1103 2991 1312 3044 ventris
1335 2991 1421 3046 sui
1457 2992 1647 3046 sedere
1684 2992 1885 3046 faceret
1907 3006 2069 3061 super
2098 2992 2356 3046 thronum

788 3098 949 3138 suum
989 3098 1162 3151 usque
1188 3083 1240 3136 in
1266 3082 1525 3137 szeculum
1558 3084 1625 3135 “.
1662 3082 1976 3151 Ingrediens
2006 3082 2173 3151 igitur
2202 3097 2360 3134 mun-

791 3176 924 3230 dum
970 3190 1064 3244 per
1091 3184 1247 3245 pacta
1285 3174 1351 3228 ad
1391 3174 1558 3229 David
1598 3174 1757 3240 iacta,
1783 3177 1947 3229 etiam
1982 3176 2085 3229 hoc
2111 3174 2359 3243 dicitper

787 3266 1038 3320 eumdem
1070 3265 1237 3320 David
1274 3282 1287 3320 :
1327 3283 1347 3317 ι
1383 3264 1519 3332 Quia
1547 3265 1877 3319 sacriﬁcium
1922 3273 1977 3319 et
2024 3266 2356 3320 oblationem

788 3360 1015 3413 uoluisti
1046 3358 1112 3424 δ’,
1141 3377 1160 3410 ι
1190 3373 1363 3427 neque
1386 3359 1709 3427 placuerunt
1734 3358 1826 3410 tibi
1859 3373 1980 3426 quae
2002 3357 2054 3410 in
2082 3358 2198 3426 lege
2230 3371 2357 3426 per-

787 3452 1089 3521 agebantur
1122 3468 1135 3503 :
1168 3461 1221 3505 et
1254 3466 1361 3503 non
1408 3449 1570 3512 dixit,
1615 3450 1730 3504 Non
1780 3452 1997 3518 placent
2048 3465 2224 3519 neque
2252 3451 2357 3514 vis,

787 3544 904 3606 sed,
939 3542 1203 3607 Noluisti,
1236 3557 1409 3612 neque
1449 3543 1774 3609 placuerunt
1823 3542 1957 3604 tibi;
1998 3552 2204 3595 tantum
2249 3557 2359 3596 non

787 3636 980 3688 dicens
1014 3651 1028 3687 :
1058 3633 1141 3687 Ab
1173 3635 1291 3702 ipsa
1328 3634 1543 3685 illarum
1575 3634 1972 3687 constitutione
2009 3640 2062 3685 et
2094 3633 2359 3701 principio

788 3739 898 3777 non
930 3735 1087 3776 erant
1113 3724 1206 3777 tibi
1234 3731 1399 3792 graue
1431 3738 1607 3792 neque
1635 3724 1912 3791 placentes
1956 3722 2168 3777 hostiae.
2202 3722 2359 3788 Quod

788 3815 833 3868 si
875 3813 1006 3883 quid
1041 3816 1207 3867 etiam
1242 3817 1437 3867 horum
1462 3828 1492 3866 a
1519 3820 1572 3867 te
1605 3825 1929 3881 susceptum
1974 3820 2085 3877 est,
2132 3822 2359 3883 propter

789 3907 1169 3959 accedentium
1197 3905 1622 3958 imbecillitatem
1650 3914 1965 3974 susceptum
2014 3915 2099 3960 est
2131 3922 2145 3958 :
2186 3922 2360 3975 quan-

789 3998 1082 4066 doquidem
1138 4010 1270 4065 ergo
1331 3995 1448 4049 haec
1508 3997 1761 4063 repulisti
1806 4006 1861 4049 et
1916 4011 2119 4065 corpus
2166 3997 2359 4064 optasti

788 4091 947 4153 mihi,
987 4098 1121 4143 tunc
1144 4088 1307 4142 venio
1336 4097 1399 4142 ut
1422 4087 1618 4143 iaciam
1651 4088 1797 4143 Deus
1822 4088 2157 4143 voluntatem
2185 4098 2357 4142 tuam.

788 4181 921 4235 Nam
946 4193 999 4235 et
1029 4183 1133 4236 hoc
1153 4181 1222 4235 de
1253 4195 1340 4235 me
1361 4181 1565 4234 dictum
1595 4190 1695 4243 est,
1725 4196 1831 4233 non
1856 4188 2153 4251 utcunque,
2185 4195 2361 4251 neque

790 4275 843 4327 in
880 4282 1229 4337 transcursu,
1258 4273 1353 4328 sed
1392 4273 1445 4326 in
1482 4287 1651 4338 scopo
1690 4280 1743 4325 et
1765 4281 2089 4342 argumento
2115 4273 2240 4327 libri
2265 4272 2360 4342 qui

788 4363 1239 4417 vaticinationem
1276 4363 1344 4416 de
1385 4378 1469 4417 me
1524 4362 1675 4416 facit.
1718 4363 1939 4417 Librum
2002 4373 2182 4416 autem
2223 4362 2362 4417 dixit

792 4460 965 4505 totum
1004 4462 1161 4506 vetus
1213 4455 1668 4507 instrumentum.
1722 4452 2063 4520 Praecipuum
2112 4453 2256 4506 enim
2307 4460 2362 4507 et

2550 1979 2608 2032 Ὀ
2634 1981 2889 2050 Χριστὸς,
2915 1973 3099 2049 φησὶν,
3132 1986 3190 2035 ὲν
3221 1984 3432 2053 σώματι
3455 1985 3535 2046 si;
3574 1983 3667 2036 τὸν
3696 1986 3900 2052 κόσμῡν
3930 1988 4049 2038 εἰσ-

2469 2073 2783 2142 ερχόμενος,
2819 2073 2967 2141 λέγει
3012 2073 3102 2125 διὰ
3146 2076 3310 2143 μέσου
3349 2075 3444 2127 τοῦ
3477 2076 3662 2129 Δαυῖδ.
3723 2076 3786 2129 ΕΞ
3831 2076 4049 2143 ἀνω-ξε-

2468 2159 2595 2221 λεῑς,
2659 2161 2848 2230 φησὶν,
2908 2162 2964 2213 αἱ
2998 2160 3200 2225 θυσίαι,
3255 2162 3343 2215 διὰ
3372 2164 3424 2214 τι
3463 2164 3598 2224 ὅλως
3633 2166 3911 2229 ἐγίνοντο;
3945 2166 4049 2215 Διὰ

2467 2252 2549 2318 el;
2581 2253 2679 2305 Διὰ
2716 2252 2817 2322 τὴν
2882 2254 3216 2321 φιλονεικίαν
3246 2255 3353 2307 τῶν
3390 2256 3681 2319 Ἰουδαίων,
3720 2258 3815 2308 καὶ
3844 2257 3935 2309 διὰ
3985 2257 4049 2309 τὸ

2467 2345 2551 2394 ἀεὶ
2585 2342 2960 2396 ἐναντιοῦσθαι
2988 2343 3065 2412 τῷ
3087 2345 3227 2415 Θεῷ.
3257 2346 3368 2398 Καὶ
3403 2345 3589 2398 λοιπὸν
3638 2347 3910 2399 δείκνυσιν
3944 2347 4048 2398 αὖ-

2467 2436 2583 2499 τὰς,
2610 2436 2704 2488 καὶ
2730 2436 2832 2505 πρὸ
2863 2438 2961 2504 τῆς
2990 2436 3461 2507 ἐνανθρωπὴσεως
3482 2435 3577 2489 τοῦ
3610 2436 3836 2508 Κυρίου,
3880 2454 4047 2505 μεμι-

2469 2527 2710 2597 σημένας
2748 2527 2889 2596 Θεῷ·
2924 2528 2984 2579 οὐ
3021 2527 3130 2596 γὰρ
3184 2524 3341 2580 εἶπεν
3370 2570 3386 2593 ,
3422 2526 3699 2582 Εἰσελθὼν
3725 2532 3752 2581 ὀ
3781 2528 4041 2597 Χριστὸς,

2467 2618 2606 2679 ἀλλ’,
2635 2619 3055 2688 Εἰσερχόμενος,
3086 2619 3303 2683 δεικνὺς
3330 2620 3414 2673 ὄτι
3443 2620 3573 2690 πρὶν
3605 2619 3822 2691 εἰσέλθῃ
3841 2621 4047 2689 ἐμεμί-

2469 2704 2653 2782 σήντο.
4030 2762 4044 2769 -

2544 2805 2800 2868 Ἄλλως.
2853 2803 3248 2874 Εἰσερχόμενος
3297 2806 3377 2869 εἰς
3409 2804 3501 2859 τὸν
3550 2806 3773 2875 κόσμον,
3803 2803 3981 2866 εἶπεν,
4015 2808 4048 2859 ὁ

2466 2894 2721 2964 Χριστὸς,
2750 2895 2868 2948 ἀλλ’
2885 2896 3004 2966 οὐχὶ
3028 2897 3339 2950 εισελθών.
3365 2898 3663 2969 Εἰσήρχετο
3690 2897 3744 2948 δὲ
3771 2897 4043 2965 δηλονότι,

2466 2988 2554 3040 ὅτε
2597 2988 2673 3058 τῷ
2697 2988 2859 3042 Δαυῒδ
2888 2991 3218 3060 ὑπισχνεῖτο,
3257 2991 3350 3043 καὶ
3379 2991 3685 3056 διετείνετο,
3719 2993 3783 3044 ὲκ
3821 2993 4041 3060 καρποῦ

2464 3084 2564 3151 τῆς
2594 3082 2798 3145 κοιλίας
2837 3081 3024 3147 αὐτοῦ,
3063 3083 3285 3136 καθίσαι
3334 3085 3495 3136 αὐτὴν
3542 3085 3638 3136 ini.
3693 3083 3787 3136 τοῦ
3845 3084 4045 3154 θρόνου

2467 3170 2631 3225 αὐτοῦ
2658 3172 2759 3236 ἕως
2784 3172 2876 3225 τοῦ
2904 3174 3117 3237 αἰῶνος.
3144 3175 3534 3246 Εἰσερχόμενος
3574 3170 3666 3228 οὖν
3694 3176 3774 3235 εἰς
3800 3176 3894 3227 τὸν
3952 3176 4049 3228 κό-

2464 3280 2599 3333 σμον
2646 3264 2734 3317 διὰ
2776 3264 2883 3318 τῶν
2912 3266 3048 3335 πρὸς
3074 3266 3168 3319 τὸν
3195 3268 3360 3320 Δαυῖδ
3397 3267 3704 3338 συνθηκῶν,
3762 3267 4045 3321 καὶτοῦτο

2460 3355 2606 3423 λέγει
2632 3355 2698 3408 δι’
2730 3357 2917 3419 αὐτοῦ,
2948 3358 3030 3410 ὅτι
3068 3377 3086 3409 ι
3130 3357 3283 3411 Ἐπεὶ
3327 3358 3520 3411 θυσίαν
3565 3360 3659 3412 καὶ
3721 3360 4043 3430 προσφορῶν

2459 3448 2559 3500 οὐκ
2589 3448 2884 3517 ἠθέλησας,
2926 3467 2944 3499 ι
2998 3449 3121 3502 οὐδὲ
3163 3450 3471 3521 ηὐδόκητας
3522 3451 3591 3504 τὰ
3642 3453 3698 3504 ὲν
3749 3452 3829 3522 τῷ
3889 3455 4042 3523 νόμῳ

2460 3539 2780 3607 τελούμενα.
2815 3540 2924 3592 Καὶ
2955 3541 3055 3593 οὐκ
3114 3535 3291 3604 εἶπεν,
3323 3544 3403 3594 ὅτι
3467 3544 3581 3595 Οὐκ
3627 3543 3869 3605 εὖδοκεῖς
3919 3546 4044 3597 aiat

2462 3632 2656 3694 θέλεις,
2690 3632 2825 3694 ἀλλ’,
2858 3633 2972 3684 Οὐκ
3001 3632 3297 3703 ἠθέλησας,
3327 3634 3445 3686 οὐδὲ
3479 3634 3805 3706 ηὑδὸκησας,
3845 3655 4040 3707 μονον.

2460 3726 2579 3792 ουχὶ
2616 3724 2810 3790 λέγων,
2844 3724 2920 3786 ὡς
2975 3724 3095 3777 Ἀπ’
3131 3726 3299 3792 αὐτῆς
3341 3727 3438 3795 τῆς
3488 3728 3797 3797 καταὸολῆς
3857 3731 4045 3783 αὐτῶν

2463 3817 2558 3867 καὶ
2614 3817 2713 3883 τῆς
2760 3817 3070 3883 εἰσαγωγῆς
3122 3817 3221 3868 οὐκ
3254 3813 3393 3886 ἦσαν
3424 3834 3505 3870 σοι
3536 3817 3599 3870 τὸ
3625 3819 3747 3871 ὅλον
3795 3821 4041 3873 καταθύ-

2464 3924 2577 3975 tuo:
2629 3906 2724 3961 καὶ
2762 3906 3047 3976 εὐάρεστοι
3077 3909 3132 3959 αἱ
3170 3908 3374 3962 θυσίαι.
3416 3909 3577 3961 Ἀλλὰ
3605 3912 3698 3963 καὶ
3730 3912 3784 3963 ετ
3834 3930 3889 3964 τι
3946 3915 4043 3965 αὶ-

2461 3995 2568 4047 τῶν
2600 3995 2956 4049 ἀποδέδεκται
2984 4012 3091 4057 σοι,
3129 3997 3217 4048 διὰ
3243 3998 3341 4066 τὴν
3359 3998 3643 4051 ἀσθένειαν
3682 3999 4041 4055 ἀποδέδεκται

2460 4088 2569 4141 τῶν
2627 4090 3033 4158 προσαγόντων.
3104 4088 3257 4141 Ἐπεὶ
3290 4085 3387 4142 οὖν
3422 4092 3517 4142 καὶ
3580 4090 3758 4144 ταῦτα
3806 4092 4040 4157 ἅπὼτω,

2462 4179 2558 4232 καὶ
2593 4180 2751 4249 σῶμα
2788 4180 3104 4249 κατηρτίσω
3132 4196 3244 4248 μοι,
3295 4183 3417 4233 τότε
3458 4182 3579 4251 ἥκω
3616 4183 3710 4235 ἐπὶ
3744 4184 3823 4251 τῷ
3880 4184 4044 4252 ποιῆ-

2465 4286 2557 4323 σαι
2587 4270 2646 4321 τὸ
2674 4270 2888 4339 θέλημά
2940 4287 3055 4323 σου.
3112 4269 3282 4322 Τοῦτο
3329 4271 3438 4341 γὰρ
3482 4272 3578 4324 καὶ
3637 4273 3854 4341 εἴρηται
3913 4276 4046 4343 περὶ

2463 4362 2601 4430 ἐμοῦ
2640 4362 2761 4431 οὐχὶ
2796 4362 2981 4426 ἁπλῶς
3016 4363 3110 4416 καὶ
3134 4363 3275 4415 κατὰ
3300 4363 3551 4433 πάροδον,
3577 4364 3715 4416 ἀλλὰ
3742 4367 4044 4433 κε’,τάλαισιν

2462 4456 2557 4505 καὶ
2591 4453 2846 4505 ὑπόθεσιν
2898 4453 2989 4506 τοῦ
3026 4453 3233 4523 βιϐλίου
3267 4454 3366 4525 τὴν
3396 4456 3527 4523 περὶ
3564 4457 3700 4523 ἐμοῦ
3731 4460 4048 4529 πρόρρησιν

790 4542 1177 4611 dignissimum
1212 4544 1414 4597 veteris
1462 4544 1811 4596 instrumenti
1852 4554 2230 4614 argumentum
2262 4562 2356 4597 va-

2464 4548 2806 4615 ποιουμένου.
2840 4546 3053 4599 Βιϐλίον
3104 4546 3182 4609 δὲ,
3222 4547 3350 4612 ὃλην
3380 4547 3526 4614 λέγει
3547 4547 3645 4616 τὴν
3678 4550 3931 4601 παλαιάν.
3968 4552 4047 4603 To

790 4637 982 4688 ticinia
1027 4644 1157 4690 sunt
1186 4636 1254 4689 de
1285 4635 1526 4689 Christo.
1562 4653 1580 4685 ι
1626 4634 1969 4689 Sacriﬁcium
2023 4647 2076 4691 et
2119 4638 2357 4691 oblatio-

793 4741 915 4779 nem
954 4725 1200 4779 noluisti.
1259 4742 1278 4775 ι
1329 4724 1429 4778 llic
1483 4724 1707 4777 aﬂ‘ertur
1749 4724 1954 4779 Christi
2006 4741 2237 4793 persona
2281 4727 2360 4779 Io-

789 4833 966 4888 qnens
998 4817 1063 4870 ad
1094 4817 1338 4871 Patrem.
1380 4816 1859 4886 Quandoquidem,
1898 4817 2095 4885 inquit,
2119 4833 2152 4871 ο
2176 4816 2357 4881 Pater,

788 4912 1121 4966 sacriﬁcium
1153 4921 1208 4966 et
1239 4913 1574 4968 oblationem
1629 4914 1873 4981 noluisti,
1927 4930 2050 4982 qua
2108 4914 2363 4968 videlicet

786 5005 939 5074 juxta
975 5005 1145 5072 legem
1169 5004 1500 5067 olleruntur,
1518 5020 1693 5073 neque
1719 5002 1816 5057 fuit
1836 5006 1932 5058 tibi
1963 5006 2361 5074 beneplacitum

790 5098 843 5149 iu
864 5096 1629 5166 holocautomatislegalibus,
1658 5097 1761 5150 hoc
1778 5107 1879 5158 est,
1910 5113 2086 5167 neque
2106 5098 2365 5152 holocau-

790 5195 993 5241 tomata
1014 5186 1337 5253 placuerunt
1365 5188 1460 5239 tibi
1486 5193 1580 5240 aut
1614 5202 1677 5241 ea
1703 5187 1942 5241 voluisti.
1983 5206 1999 5238 ι
2033 5185 2096 5240 Et
2118 5201 2216 5257 pro
2238 5202 2364 5255 pec-

788 5287 931 5333 cato.
966 5297 983 5329 ι
1009 5277 1125 5331 Hoc
1147 5287 1250 5344 est,
1279 5279 1483 5333 oblatio
1506 5293 1605 5348 pro
1634 5266 1894 5348 peccato:
1928 5294 1956 5331 a
1975 5279 2252 5332 communi
2284 5279 2367 5332 in-

791 5370 1007 5425 tellectu
1053 5371 1290 5423 stuuitur
1324 5368 1541 5422 Placuit
1570 5368 1684 5422 tibi.
1727 5368 1894 5422 Recte
1930 5377 2110 5422 autem
2137 5367 2233 5432 ait,
2260 5366 2367 5421 Pro

821 5469 1065 5529 peccato.
1102 5459 1235 5513 Nam
1260 5462 1402 5515 inter
1444 5460 1740 5524 sacriﬁcia,
1773 5459 2021 5530 quaedam
2042 5474 2141 5527 pro
2166 5459 2366 5524 salute,

792 5552 1037 5620 quietiam
1061 5566 1189 5607 vero
1218 5569 1316 5623 pro
1349 5562 1575 5622 peccato
1602 5553 1993 5607 oﬁ‘erebantur.
2031 5555 2107 5605 Ac
2136 5554 2180 5606 si
2205 5553 2355 5605 dice-

793 5652 901 5694 ret:
924 5639 1190 5705 Quoniam
1204 5657 1548 5713 nequaquam
1568 5643 1879 5697 oblationes
1892 5657 2067 5711 neque
2085 5642 2353 5698 sacriﬁcia

866 5824 912 5857 δ’
948 5823 1096 5879 Psal.
1135 5838 1320 5891 cun,
1354 5827 1441 5881 II.
1520 5827 1565 5859 "
1592 5824 1735 5881 Psal.
1770 5840 1955 5890 nxu,
2010 5826 2053 5882 7.

2460 4640 2569 4708 γὰρ
2599 4639 2893 4707 κεφάλαιον
2942 4640 3036 4692 καὶ
3093 4640 3126 4707 ὴ
3185 4639 3588 4709 ἀξιολογωτάτη
3636 4640 3893 4703 ὑπόθεσις
3942 4643 4049 4711 τῆς

2462 4734 2721 4799 παλαιᾶς,
2765 4734 2821 4785 αἱ
2856 4734 2985 4804 περὶ
3027 4733 3264 4802 Χριστοῦ
3298 4735 3637 4803 προρρήσεις
3684 4737 3842 4787 εἰσίν.
3887 4753 3908 4785 ι
3939 4735 4050 4787 Θυ-

2463 4825 2581 4877 σίαν
2634 4826 2726 4877 καὶ
2766 4824 3085 4895 προσφορὰν
3149 4826 3250 4878 οὐκ
3319 4824 3613 4894 ἠθέλησας.
3677 4846 3697 4878 ι
3757 4825 4048 4880 Ἐντεῦθεν

2462 4917 2776 4985 εἰσφέρεται
2806 4917 2867 4969 τὸ
2900 4916 2993 4969 τοῦ
3040 4916 3278 4986 Χριστοῦ
3329 4916 3644 4986 πρόσωπον,
3691 4916 3848 4983 λέγον
3904 4917 4051 4985 πρὸς

2461 5007 2553 5059 τὸν
2626 5008 2866 5076 Πατέρα.
2941 5007 3178 5074 Ἐπειδὴ,
3231 5006 3417 5076 φησιν,
3471 5000 3517 5059 ὦ
3582 5007 3787 5076 Πάτερ,
3847 5007 4049 5059 θυσὶαν

2467 5098 2561 5149 καὶ
2588 5097 2903 5167 προσφορὰν
2941 5098 3042 5149 οὐκ
3100 5095 3393 5167 ἠθέλησας,
3432 5097 3532 5168 τὴν
3556 5097 3699 5150 κατὰ
3732 5098 3899 5166 νόμον
3952 5098 4049 5168 δη-

2462 5190 2632 5241 λονότι
2665 5190 3134 5259 προσφερομένην,
3162 5187 3287 5241 οὔτε
3342 5191 3451 5259 μὴν
3478 5189 3787 5259 ηὑόόκησας
3842 5192 3903 5241 ἐν
3926 5191 4051 5243 ὀλο-

2466 5278 2787 5349 καυτὼμασι
2824 5283 2938 5342 τοῖς
2992 5281 3134 5333 κατὰ
3181 5281 3272 5334 τὸν
3325 5280 3511 5351 νόμον,
3568 5279 3873 5344 τουτέστιν,
3925 5282 4050 5335 οὐδὲ

2464 5371 2891 5442 ὁλοκαυτώματα
2916 5372 3244 5442 ηὖδόκησας,
3278 5373 3443 5443 ἤγουν
3504 5372 3798 5442 ἠθέλησας.
3862 5392 3881 5424 ι
3937 5374 4052 5426 Καὶ

2466 5468 2595 5534 περὶ
2626 5464 2920 5534 ἁμαρτίας.
2963 5484 2980 5516 ι
3013 5465 3296 5528 Τουτέστι,
3331 5464 3649 5535 προσφορὰν
3705 5466 3837 5531 περὶ
3862 5466 4053 5534 ἁμαρ-

2465 5556 2608 5618 τῐας.
2683 5557 2815 5608 Ἀπὸ
2901 5557 3081 5610 κοινοῦ
3154 5557 3235 5622 τὸ,
3330 5558 3664 5626 Εὑδόκησας.
3723 5558 3932 5620 Καλῶς
3998 5558 4053 5609 δέ

2468 5664 2601 5717 φησι
2656 5648 2792 5720 Περὶ
2841 5649 3132 5719 ἁμαρτίας.
3194 5648 3317 5702 Τῶν
3378 5650 3487 5719 γὰρ
3546 5646 3773 5711 θυσιῶν,
3834 5650 3892 5701 αἱ
3955 5651 4055 5718 μὲν
