4178 6454
163 350 268 414 393

1202 335 1589 398 COMMENT.
1622 324 1706 395 IN
1732 330 1974 393 EPIST.
2051 330 2150 390 AD
2181 327 2410 390 HEBR.

3311 314 3416 379 ιρι

166 460 343 527 λόγον.
372 474 392 508 ι
418 453 740 525 Παρρησίαν
761 453 840 513 εἰς
856 450 955 520 τὴν
975 447 1198 502 εἴσοδον.
1230 464 1249 499 ι
1282 446 1517 513 Ὥσπερ,
1550 442 1738 510 φησιν,
1769 486 1774 497 ,

1882 453 1912 492 e
1941 437 2049 492 fide
2079 445 2137 490 et
2155 438 2288 490 vita.
2330 453 2348 487 ‹
2388 432 2719 489 Libertatem
2752 429 2818 484 ad
2856 429 3124 483 auditum.
3159 442 3179 477 ι
3213 423 3417 490 Quem-

167 544 516 619 ᾐσχυνόμεθα
580 544 844 613 πρότερον
899 538 1185 611 ἁμαρτιῶν
1247 537 1533 606 γέμοντες,
1576 530 1749 594 οὕτως

168 637 263 689 νῦν
310 637 507 705 ε;ιομεν
540 634 858 704 παρρησίαν
900 631 1133 685 εἰσιέναι
1161 631 1218 681 ὲν
1250 627 1327 698 τῷ
1377 624 1613 696 οὐρανῷ,
1661 622 1750 675 διὰ

167 728 263 797 τὴν
288 729 627 798 δωρηθείσαν
649 725 778 794 ἡμῖν
804 723 1018 790 ἄφεσιν.
1046 736 1065 770 ι
1101 716 1323 770 Εἶσοδον
1354 716 1459 783 γὰρ
1494 713 1686 779 ἁγίων.
1726 730 1744 761 ι

169 819 271 870 Τὸν
334 817 565 885 οὐρανόν
626 832 779 882 φησι,
838 812 933 865 καὶ
992 810 1092 881 τὴν
1149 807 1375 879 πρόοδον
1424 804 1520 874 τὴν
1560 806 1637 866 εἰς,
1685 804 1755 855 τὰ

170 907 541 977 πνευματικά.
564 906 653 957 Ἐν
689 905 766 974 τῷ
816 903 1006 973 αἵματι
1055 899 1250 970 Ἰησοῦ.
1292 917 1310 949 ι
1333 898 1433 950 Διὰ
1461 895 1554 948 τοῦ
1578 895 1747 963 αἵμαο

170 1018 310 1061 τος.»
341 1000 442 1052 Διά
467 998 577 1067 γὰρ
601 995 696 1049 τοῦ
735 996 965 1064 αἵματος
988 992 1082 1045 τοῦ
1104 988 1342 1059 σταυροῦ
1362 991 1456 1041 τοῦ
1476 984 1713 1057 Χριστοῦ
1738 1024 1752 1050 ,

168 1093 262 1160 τὴν
282 1092 480 1158 ἄφεσιν
494 1088 692 1158 ἔχομεν
711 1088 804 1139 καὶ
835 1086 936 1155 τὴν
960 1081 1297 1155 παρρησίαν.
1314 1099 1331 1131 ‹
1361 1080 1462 1131 Ἤν
1486 1077 1755 1131 ἐνεκαίνιο

170 1199 261 1235 cev
292 1185 449 1249 ἡμῖν.
487 1180 627 1233 »Ἦν
659 1179 865 1232 εἴσοδον
893 1177 1001 1230 τῶν
1022 1173 1215 1242 ἁγίων,
1252 1171 1344 1225 καὶ
1373 1170 1490 1223 ὁδον
1512 1167 1756 1235 ἀπάγουο

173 1289 267 1325 σαν
284 1275 367 1333 εἰς
394 1270 587 1341 αὐτὴν,
614 1269 711 1322 νῦν
744 1267 937 1321 νεωστὶ
961 1266 1143 1335 ἱτεμε.
1176 1262 1345 1316 Τοῦτο
1379 1261 1488 1330 γὰρ
1530 1259 1612 1333 τὸ,
1658 1258 1758 1311 ἐν·

175 1364 477 1417 εκιιιίἰσε.
511 1381 528 1413 t
565 1362 911 1430 Πρόσφατον.
940 1375 959 1408 ι
1004 1358 1099 1409 Ἐκ
1113 1356 1219 1408 τῶν
1241 1353 1546 1425 ἡμετέρων,
1572 1351 1756 1419 ιρησὶν,

171 1456 497 1524 ἀρξαμένην
552 1453 784 1521 χρόνων.
823 1447 1015 1517 Καύχη
1026 1465 1101 1517 μα
1118 1446 1175 1499 δὲ
1202 1446 1335 1515 ἡμῖν
1357 1441 1533 1502 τοῦτο,
1558 1442 1641 1494 ὅτι
1670 1438 1761 1492 ἐπὶ

170 1545 279 1598 τῶν
330 1545 543 1614 χρόνων
580 1541 691 1593 τῶν
722 1540 863 1609 ἀμφὶ
912 1539 1002 1592 τὸν
1040 1535 1314 1607 Ἀϐραὰμ,
1365 1534 1464 1587 οὐκ
1509 1528 1578 1603 ἦν
1619 1529 1760 1599 αῦτη

172 1637 206 1703 ἡ
263 1634 407 1697 ὁδὸς,
444 1632 560 1686 ἀλλ’
611 1631 699 1699 ἐφ’
739 1628 915 1698 ἡμῶν.
960 1647 979 1679 ι
1030 1628 1164 1680 ”Κα“ι
1198 1625 1405 1689 ζῶσαν.
1472 1641 1490 1674 ι
1540 1623 1602 1675 Ἥ
1653 1622 1761 1692 γὰρ

172 1726 370 1798 πρώτη
433 1725 550 1788 ὁδὸς
628 1724 722 1777 ἰπὶ
773 1723 1001 1776 θάνατον
1060 1716 1164 1789 ἦγε
1200 1721 1295 1773 καὶ
1345 1720 1425 1781 εἰς
1456 1716 1715 1770 ἀπιστίαν
1744 1731 1760 1746 ο

175 1818 317 1889 αῦτη
368 1816 428 1870 δὲ
473 1819 568 1870 καὶ
613 1817 692 1878 είς
734 1814 879 1886 ζωὴν
907 1812 1073 1876 lium;
1130 1810 1305 1880 φέρει,
1339 1811 1421 1863 ὅτι
1475 1808 1567 1861 καὶ
1625 1804 1763 1873 αὑτὴ

177 1909 245 1979 ζῇ
297 1909 399 1965 καὶ
439 1907 737 1970 διαιωνίζει
766 1923 780 1936 ·
810 1906 1121 1975 πρόσφατον
1169 1901 1363 1966 εἰπὼν,
1406 1900 1493 1954 ἵνα
1549 1898 1625 1969 μή
1674 1914 1759 1960 τις

180 2006 336 2074 εἴπῃ·
365 1999 580 2055 οὐκοῦν
627 2001 676 2052 εἰ
716 1999 1028 2068 πρόσφατος
1053 1995 1145 2050 καὶ
1192 1994 1530 2063 παυθήσεται
1554 2008 1567 2023 ⁸
1592 1990 1767 2061 γηρὰ-

184 2112 396 2148 σκουσα
422 2094 530 2164 γὰρ
561 2093 655 2145 καὶ
684 2091 1059 2161 παλαιουμένη
1096 2089 1191 2142 καὶ
1248 2087 1386 2158 αῦτη
1432 2086 1617 2157 ὥσπερ
1674 2084 1768 2137 καὶ

182 2190 218 2255 ἡ
264 2186 368 2255 τῆς
440 2184 676 2247 παὶαιᾶς
740 2183 1002 2253 διαθήκης
1053 2181 1509 2250 καταλυθήσεται.
1557 2179 1767 2248 Οὑμεν-

187 2277 305 2340 οὖν,
341 2276 530 2346 φησίν.
559 2275 720 2329 Ἀλλὰ
746 2274 1055 2344 πρόσφατος
1076 2272 1232 2337 οὖσα,
1266 2273 1353 2324 ἀεὶ
1388 2268 1655 2332 νεάζουσα
1678 2259 1810 2321 κατ’

194 2365 343 2431 ζῶσα
394 2367 571 2433 ἔσται,
643 2366 896 2419 οὐδέποτε
958 2363 1317 2433 ἐπιδεχομένη
1388 2362 1615 2416 Θάνατον
1674 2361 1770 2413 καὶ

192 2460 514 2513 κατάλυσιν.
556 2476 575 2510 ι
612 2458 711 2511 Διὰ
730 2457 821 2511 τοῦ
842 2456 1349 2526 καταπετάσματος.
1388 2473 1406 2506 ι
1452 2453 1635 2507 Ταῦτα
1663 2456 1772 2524 γὰρ

198 2554 379 2607 πάντα
417 2552 487 2605 τα
522 2550 725 2619 ἀγαθὰ,
770 2550 857 2604 διὰ
887 2550 984 2618 τῆς
1016 2548 1108 2602 τοῦ
1136 2546 1373 2617 Χριστοῦ
1429 2548 1630 2615 σαρκὸς
1679 2547 1773 2600 καὶ

196 2644 294 2711 τῆς
326 2644 542 2711 σφαγῆς
572 2642 762 2711 αὐτῆς,
796 2641 1020 2708 γέγονεν
1070 2640 1223 2709 ἡμῖν.
1268 2638 1418 2707 Αὕτη
1470 2637 1563 2689 καὶ
1615 2653 1775 2689 κατε-

202 2736 438 2788 σκεύασε
469 2736 797 2805 προσφάτως
823 2732 919 2803 τὴν
973 2733 1051 2795 εὶς
1102 2729 1363 2800 οὐρανοὺς
1402 2728 1540 2793 ὁδὸν,
1582 2727 1774 2798 πρώτη

202 2831 468 2899 βαδίσασα
500 2828 689 2896 αὐτήν.
722 2824 913 2887 Καλῶς
948 2824 1005 2877 δὲ
1036 2823 1133 2893 τὴν
1162 2821 1254 2875 τοῦ
1305 2819 1541 2890 Χριστοῦ
1597 2821 1777 2891 σάρκα

199 2923 610 2989 καταπέτασμα
656 2918 829 2971 καλεῖ.
877 2917 1006 2969 Ὅτε
1064 2915 1172 2984 γὰρ
1216 2914 1431 2985 ἐπῄροη
1492 2914 1572 2976 εἰς
1621 2912 1776 2982 ὕψος,

194 3013 503 3075 τουτέστιν,
540 3013 599 3063 ἐν
622 3009 697 3078 τῷ
724 3008 963 3078 σταυρῷ,
1014 3007 1135 3060 τότε
1180 3006 1353 3076 ἐφάνη
1416 3005 1485 3059 τὰ
1518 3008 1576 3059 ὲν
1613 3004 1779 3073 οὑραο

1852 530 2182 594 admodum,
2240 527 2451 597 inquit,
2506 537 2665 580 antea
2714 522 2921 594 pudore
2971 519 3420 576 snfl‘umlcbamur

1851 622 1993 691 quod
2035 635 2284 676 essemus
2315 619 2457 689 pleni
2501 617 2767 687 peccatis,
2804 615 2876 669 ita
2911 628 3055 667 nunc
3108 613 3419 667 libertatem

1855 712 2122 766 habemus
2175 710 2517 779 ingrediendi
2564 709 2617 761 in
2661 708 2859 761 caelum
2911 712 3132 774 propter
3164 704 3422 757 donatam

1857 806 2015 860 nobis
2071 804 2477 858 remissionem.
2517 818 2535 852 ι
2564 799 2783 853 Aditntn
2818 799 2870 851 in
2911 805 3122 850 sant-ta.
3152 813 3170 844 ι
3212 794 3422 847 leum

1857 897 2012 960 dicit,
2049 906 2103 952 et
2136 909 2488 966 progressum
2522 892 2586 946 ad
2642 890 2967 959 Spit‘iluaiia.
3026 906 3043 939 ι
3069 886 3171 942 Per
3204 885 3427 953 sangui-

1858 1005 2005 1043 nem.
2041 1008 2060 1041 ι
2098 988 2166 1044 Ut
2203 991 2282 1053 ὲν,
2318 986 2369 1041 id
2404 995 2490 1041 est
2528 987 2603 1048 in,
2641 983 2891 1051 capiatur
2930 995 3028 1048 pro
3074 980 3185 1043 διά,
3234 978 3287 1031 id
3344 985 3430 1030 est

1858 1101 1969 1152 per.
2017 1085 2151 1139 Nam
2186 1100 2284 1155 per
2318 1083 2503 1138 crucis
2534 1080 2747 1135 Christi
2803 1079 3124 1148 sanguinem
3160 1077 3430 1130 habemus

1860 1176 2247 1229 remissionem
2284 1189 2347 1227 ac
2381 1173 2719 1227 libertatem.
2762 1190 2779 1221 ι
2812 1170 2982 1235 Quem
3015 1169 3297 1221 innovavit
3331 1183 3433 1220 no-

1862 1267 1972 1322 bis.
2006 1284 2023 1316 ι
2065 1267 2236 1331 Quem
2278 1266 2483 1318 aditum
2528 1264 2580 1316 in
2630 1273 2819 1316 sancta
2870 1272 2923 1314 et
2959 1263 3103 1314 viam
3155 1260 3221 1311 ad
3278 1261 3429 1312 illum

1862 1360 2173 1422 ducentem,
2208 1372 2356 1411 nunc
2385 1371 2562 1426 nuper
2585 1355 2811 1420 incidit;
2851 1356 2952 1407 hoc
2984 1354 3124 1405 vniat!
3160 1352 3434 1413 signiﬁcat

1865 1450 2191 1513 ὲνεκαίνισε,
2228 1447 2281 1501 id
2303 1454 2386 1503 est
2419 1447 2720 1501 innovavit.
2754 1462 2771 1495 ι
2803 1445 3115 1499 Rerentem.
3138 1462 3156 1496 ι
3196 1445 3297 1509 Qui
3336 1460 3431 1498 n0-

1865 1543 2015 1606 stris,
2052 1540 2251 1610 inquit,
2277 1539 2616 1610 temporibus
2646 1540 2878 1607 sumpsit
2904 1537 3135 1589 initium.
3169 1537 3219 1588 id
3250 1547 3433 1589 autent

1866 1634 1936 1688 ad
1968 1640 2215 1688 nostram
2250 1632 2395 1685 cedit
2423 1631 2828 1700 gloriationem,
2862 1630 3006 1700 quod
3040 1631 3272 1684 Abrahae
3303 1640 3438 1683 tem-

1866 1728 2095 1800 poribus
2145 1742 2256 1782 non
2298 1726 2466 1781 fuerit
2502 1725 2617 1779 haec
2657 1727 2767 1787 via,
2802 1725 2897 1779 sed
2934 1724 3163 1779 nostris.
3204 1744 3221 1774 ι
3252 1726 3329 1777 Ac
3357 1727 3438 1776 vi-

1868 1828 2105 1876 ventem.
2140 1836 2159 1868 »
2207 1817 2391 1871 Prima
2428 1829 2664 1885 namque
2697 1814 2785 1867 via
2831 1813 2897 1867 ad
2937 1821 3163 1867 mortem
3208 1812 3439 1866 dureba.‘

1868 1922 1924 1967 et
1959 1910 2446 1967 incredulitatem:
2498 1909 2613 1963 hac
2666 1916 2849 1962 autem
2901 1916 2955 1961 ct
3003 1906 3068 1960 ad
3110 1920 3293 1959 veram
3336 1903 3440 1959 fert

1869 1987 2209 2072 vitam,q'uia
2242 2001 2360 2072 ipsa
2396 2015 2613 2071 quoque
2646 2001 2759 2053 vita
2788 2008 2893 2065 est,
2924 2007 2979 2053 et
3007 2009 3298 2066 perpetuos
3327 1997 3439 2051 etii-

1870 2096 1966 2150 cit.
2005 2095 2141 2149 Cum
2180 2101 2457 2149 recentem
2484 2092 2740 2157 dixisset,
2785 2106 2851 2146 ne
2898 2090 3024 2160 quis
3059 2090 3439 2158 subjungeret,

1871 2185 2043 2255 Igitur
2074 2185 2121 2239 si
2156 2199 2349 2239 recens
2384 2191 2470 2239 est
2499 2223 2513 2246 ,
2540 2182 2703 2238 etiam
2758 2181 3034 2246 cessabit;
3066 2180 3181 2249 ipsa
3222 2194 3443 2249 quoque

1875 2292 2170 2333 senescens
2192 2292 2256 2331 ac
2274 2285 2643 2338 vetcrascens,
2666 2272 3127 2343 quemadmodum
3159 2281 3213 2325 et
3233 2288 3294 2323 ea
3324 2286 3447 2339 qme

1873 2368 2076 2423 veteris
2105 2376 2224 2422 erat
2258 2363 2633 2431 instrumenti,
2668 2362 3021 2418 dissolvetur.
3060 2360 3441 2431 Nequaquam,

1876 2460 2076 2530 inquit,
2102 2459 2196 2514 sed
2228 2473 2353 2512 cmn
2386 2472 2580 2513 recens
2616 2457 2705 2521 sit,
2734 2471 2953 2525 semper
2984 2456 3350 2524 juvenescens
3380 2469 3445 2508 ac

1875 2551 1998 2604 viva
2031 2548 2400 2617 permanebit,
2450 2562 2741 2616 nunquam
2799 2547 3081 2615 excipiens
3122 2556 3349 2599 mortem
3381 2561 3445 2597 ac

1877 2641 2320 2697 dissolutionem.
2400 2658 2419 2691 ι
2460 2639 2564 2694 Per
2615 2640 3002 2693 vclamentum.
3055 2657 3073 2689 ι
3130 2637 3266 2692 Nam
3324 2639 3445 2693 lucc

1880 2734 2137 2787 universa
2176 2732 2317 2787 bona
2351 2746 2446 2800 per
2485 2730 2691 2785 Christi
2728 2730 2889 2801 397
2919 2744 3138 2784 carnem
3175 2739 3230 2783 et
3263 2731 3447 2785 carnis

1879 2826 2312 2881 immolationem
2345 2826 2690 2894 contigerunt
2733 2824 2914 2877 nobis.
2946 2820 3073 2877 Hmc
3118 2837 3248 2877 caro
3284 2823 3446 2878 etiam

1878 2928 2135 2975 receutcr
2156 2919 2300 2974 viam
2328 2918 2656 2988 praeparavit
2687 2917 2753 2971 ad
2783 2916 2975 2978 caelos,
2998 2930 3118 2969 cum
3150 2917 3324 2985 prima
3355 2931 3453 2986 per

1882 3026 2004 3066 eam
2038 3011 2286 3080 ingressa
2322 3012 2414 3065 sit.
2447 3009 2614 3065 Recte
2641 3018 2821 3062 autem
2855 3009 3220 3063 velamentum
3263 3009 3453 3077 appel-

199 3107 334 3168 νοίς,
391 3103 528 3174 ὅπερ
558 3102 761 3155 οἰκεῖον
789 3101 1299 3169 καταπετάσματος,
1348 3098 1447 3153 καὶ
1490 3097 1571 3152 ὅτι
1614 3096 1774 3168 Ξκρυσ

1886 3104 1963 3159 Iat
1992 3122 2005 3158 :
2038 3103 2261 3174 quando
2290 3104 2435 3157 enim
2477 3103 2530 3156 in
2571 3102 2805 3157 sublime
2836 3101 3082 3157 elevatus
3117 3107 3222 3165 est,
3257 3114 3453 3169 nempe

203 3210 338 3248 πτεν
371 3194 431 3244 ἐν
454 3193 623 3261 ἑαυτῇ
670 3188 767 3262 τὴν
797 3190 1059 3260 Θεότητα.
1094 3189 1207 3243 Καὶ
1268 3187 1426 3241 τοῦτο
1480 3187 1589 3258 γὰρ
1647 3186 1777 3241 ῐδιον

196 3286 716 3354 καταπετάσματος.

273 3485 295 3514 ‹
327 3463 445 3515 Καὶ
474 3461 629 3529 ἱερέα
657 3461 852 3532 μέγαν.
887 3480 906 3513 ι
936 3462 1030 3527 “re,
1056 3460 1294 3531 ἔχοντες,
1319 3462 1427 3516 ἀπὸ
1448 3463 1650 3517 κοινοῦ.
1679 3464 1776 3517 Ἱε-

200 3557 299 3625 ρέα
315 3554 371 3607 δέ
392 3569 529 3621 φησι
550 3552 641 3604 τὸν
657 3551 880 3622 Κύριον.
906 3553 1064 3607 «Ἐπὶ
1080 3552 1169 3605 τὸν
1187 3548 1334 3606 οἷκον
1353 3553 1446 3607 τοῦ
1467 3554 1621 3608 Θεοῦ.
1652 3574 1670 3605 ι
1690 3551 1781 3609 υἷ-

200 3666 299 3701 κον
319 3646 460 3699 Θεοῦ
479 3646 606 3708 τοὺς
651 3645 872 3708 πιστοὺς
893 3644 1061 3711 λέγει,
1077 3645 1218 3697 κατὰ
1237 3646 1315 3709 τὸ,
1347 3663 1366 3696 ι
1403 3644 1705 3717 Ἐνοικήσω
1722 3649 1779 3701 ἐν

202 3744 417 3804 αὐτοῖς,
442 3740 538 3792 καὶ
563 3739 1017 3808 ἑμιτεριπατήσω.
1038 3756 1163 3788 ι-ι
1188 3737 1625 3808 Προσερχὼμεθα
1647 3756 1712 3808 με
1725 3740 1783 3791 τὰ

197 3831 473 3901 ἀληθινῆς
518 3829 773 3900 καρδίας.
815 3847 835 3879 ι
870 3830 947 3899 Τῇ
980 3829 1161 3881 πίστει
1212 3828 1307 3883 τοῦ
1371 3830 1607 3900 Χριστοῦ
1647 3831 1784 3900 μετὰ

201 3923 492 3992 ἁ).τ,ί;εἱας,
557 3920 726 3989 μηδὲν
776 3919 927 3972 νὸῡον
983 3921 1016 3988 ἣ
1066 3920 1299 3975 ὓπουλον
1348 3920 1583 3991 ἔχοντες.
1632 3942 1651 3973 ‹
1696 3923 1785 3975 Ἐν

204 4012 560 4084 πληροφορίᾳ
630 4010 891 4073 πίστεως.
928 4029 947 4061 ι
1013 4010 1229 4081 Ἐπειδὴ
1286 4012 1394 4082 γὰρ
1441 4011 1625 4065 λοιπὸν
1686 4014 1786 4065 οὐκ

205 4109 360 4161 ἔστιν
390 4105 587 4174 ὁρατὸν
628 4103 803 4163 οὐδὲν,
844 4102 968 4155 οὔτε
1018 4105 1045 4155 ὁ
1082 4103 1231 4167 ναὸς,
1268 4104 1564 4167 τουτέστιν,
1614 4104 1643 4155 ὁ
1694 4104 1783 4157 οὐ·

208 4198 398 4267 ρανῦς,
446 4191 571 4245 οὔτε
603 4193 632 4243 ὁ
664 4193 977 4261 ἀρχιερεὺς,
1001 4191 1304 4257 τουτέστιν,
1341 4195 1369 4245 ὁ
1399 4192 1655 4262 Χριστὸς,
1694 4191 1789 4244 οῦ-

204 4307 264 4342 τε
294 4291 330 4357 ή
391 4286 575 4350 θυσία,
610 4284 878 4352 τουτέστι,
926 4284 986 4335 τὸ
1039 4283 1199 4354 σῶμα
1231 4284 1423 4348 αὐτοῦ,
1473 4284 1631 4356 χρεία
1682 4284 1792 4338 λοι-

208 4379 311 4429 πον
365 4375 623 4435 πίστεως.
687 4372 796 4424 Καὶ
848 4372 1037 4443 ἐπειδὴ
1094 4373 1173 4426 ενι
1226 4374 1319 4428 καὶ
1386 4374 1664 4429 πιστεύειν
1698 4376 1790 4428 καὶ

1884 3198 1938 3252 in
1978 3212 2164 3260 cruce,
2217 3206 2345 3251 tunc
2395 3202 2773 3266 apparuerunt
2803 3208 2926 3263 quae
2976 3192 3029 3247 in
3064 3192 3218 3247 cmlis
3251 3199 3451 3245 erant:

1882 3291 2155 3359 siquidem
2186 3289 2238 3343 id
2271 3291 2554 3358 proprium
2584 3296 2666 3343 est
2693 3288 2819 3351 veli,
2844 3287 2959 3340 sive
2979 3284 3305 3349 velamenti;
3335 3284 3452 3339 sive

1882 3383 2047 3437 etiam
2083 3383 2210 3450 quia
2255 3380 2606 3435 Divinitatem
2641 3379 2695 3433 in
2727 3395 2786 3435 se
2824 3379 3164 3434 occultabat.

1963 3490 1981 3521 ι
2025 3471 2090 3527 Et
2125 3472 2463 3527 sacerdotem
2512 3486 2795 3541 magnum.
2834 3490 2851 3522 ι
2904 3472 2945 3525 A
2978 3472 3252 3526 communi
3292 3489 3455 3529 sensu

1886 3565 2250 3634 supplendum
2289 3574 2373 3619 est
2406 3582 2418 3618 :
2452 3565 2587 3619 Cum
2634 3565 2955 3619 habeamus.
2993 3564 3165 3619 Porro
3198 3568 3457 3620 sacerdo-

1886 3667 1995 3711 tem
2032 3658 2160 3711 dicit
2193 3657 2503 3712 Dominum.
2540 3675 2559 3709 ι
2585 3658 2906 3710 Ρτειιΐοοιιιιιι
2938 3657 3122 3711 domui
3154 3656 3267 3712 Dei.
3298 3678 3316 3709 ι
3355 3662 3457 3714 lto.

1887 3763 2034 3802 mum
2090 3748 2185 3801 Dei
2238 3758 2393 3802 vocat
2449 3749 2595 3816 ipsos
2648 3746 2872 3810 fideles,
2929 3759 3153 3817 propter
3209 3749 3260 3801 id
3315 3750 3457 3819 quo}

1888 3839 2154 3907 scriptum
2183 3848 2290 3894 est:
2326 3839 2676 3894 «inhabitabo
2702 3840 2755 3892 in
2781 3840 2889 3893 illis
2911 3848 2964 3893 et
2991 3841 3454 3899 inambulabo'm

1896 3949 1914 3982 ι
1948 3931 2292 3985 Accetlamus
2338 3946 2461 3984 cum
2494 3945 2623 3984 vero
2656 3930 2841 3995 corde,
2881 3949 2898 3981 ι
2947 3931 3013 3985 ad
3045 3932 3202 3987 fidem
3262 3934 3460 3986 Christi

1889 4036 2014 4073 cum
2075 4025 2324 4081 veritate,
2389 4022 2523 4073 nihil
2582 4020 2952 4074 adulterinum
3011 4034 3107 4075 aut
3170 4023 3460 4077 subdolum

1891 4113 2178 4167 habentes.
2227 4132 2244 4164 ι
2273 4113 2330 4167 In
2387 4114 2721 4168 certitudine
2752 4113 2899 4167 fidei.
2941 4133 2957 4165 ι
3004 4112 3272 4180 Quoniam
3316 4117 3460 4171 enim

1890 4205 2028 4258 nihil
2057 4214 2141 4259 cst
2165 4206 2391 4273 posthac
2422 4206 2639 4259 visibile
2665 4221 2678 4257 :
2716 4220 2895 4273 neque
2926 4206 3211 4274 templum,
3240 4206 3294 4259 id
3320 4210 3463 4261 enim

1893 4304 1975 4349 est
2004 4297 2243 4359 cmlum;
2271 4311 2444 4364 neque
2476 4296 2743 4365 pontifex,
2778 4296 2825 4348 is
2854 4304 2939 4350 est
2968 4295 3255 4363 Christus;
3288 4314 3467 4367 neque

1894 4386 2137 4448 victima,
2161 4387 2274 4439 haec
2298 4401 2499 4456 corpus
2529 4398 2614 4442 est
2635 4387 2841 4455 ipsius:
2872 4388 3181 4442 necessaria
3209 4388 3261 4441 in
3285 4401 3468 4458 postc-

205 4467 511 4529 διστάζειν,
556 4464 741 4533 φησιν,
784 4462 873 4515 Ἐν
902 4463 1244 4536 πληροφορίᾳ
1286 4466 1540 4532 πίστεως,
1563 4451 1774 4521 τόυτὲσ·

1893 4492 2016 4532 rum
2054 4490 2141 4533 est
2172 4478 2331 4533 fides.
2367 4478 2568 4532 Verum
2598 4480 2725 4547 quia
2751 4480 3019 4549 contingit.
3049 4481 3272 4535 credere
3303 4482 3466 4535 simul

205 4581 331 4623 τιν,
407 4559 498 4611 ἵνα
554 4555 1103 4626 πεπληροφορημένοι
1149 4557 1312 4627 ἐσμὲν
1385 4559 1514 4627 περὶ
1562 4559 1788 4614 τοὺτων.

215 4672 234 4704 ι
290 4648 744 4722 Ἐῤῥαντισμένοι
788 4650 888 4711 τὰς
940 4648 1185 4718 καρδίας.
1226 4648 1552 4702 »Δείκνυσιν
1602 4651 1683 4702 ὅτι
1729 4651 1789 4703 οὐ

210 4751 453 4812 πίστεως
486 4750 654 4817 μόνης
685 4747 868 4817 χρεία,
901 4745 1039 4799 ἀλλὰ
1095 4746 1187 4797 καὶ
1220 4743 1382 4815 ὀρθοῦ
1408 4742 1547 4813 βίου.
1595 4764 1612 4795 ι
1668 4745 1791 4816 Ἐῥ-

212 4838 585 4910 ῥαντισμένοι.
639 4856 658 4889 ι
697 4839 761 4891 0i
801 4837 1062 4901 Ἰουδαῖοι,
1120 4834 1309 4905 φησὶν,
1356 4836 1697 4906 ραντίζονται
1725 4838 1793 4888 τὰ

214 4932 451 5001 σώματα
489 4930 691 4993 αὐτῶν,
715 4931 879 4999 ἡμεῖς
895 4929 953 4982 δὲ
989 4929 1332 4999 ῥαντίσωμεν
1380 4930 1474 4981 καὶ
1508 4928 1793 4981 ἀποκαοά-

216 5037 402 5089 ρωμεν
430 5018 530 5083 τας
562 5020 889 5090 συνειδήσεις
924 5019 1103 5089 ἡμῶν,
1162 5019 1239 5081 εἰς
1304 5018 1364 5071 τὸ
1434 5018 1598 5088 μηδὲν
1649 5020 1793 5087 ἡμᾶς

213 5115 429 5174 ἑαυτοῖς
487 5112 784 5164 συνειδέναι
870 5112 1124 5182 πονηρόν.
1191 5130 1210 5163 ι
1248 5111 1441 5165 Ὕδατι
1472 5112 1721 5183 καθαρῷ.
1766 5130 1785 5164 ι

212 5203 495 5266 τουτέστι,
522 5200 603 5271 τῷ
644 5200 1007 5271 βαπτίσματι.
1060 5201 1304 5256 Ἰουδαῖοι
1347 5203 1447 5271 μὲν
1490 5202 1598 5273 γὰρ
1638 5202 1788 5255 λουό-

216 5311 394 5363 μενοι,
447 5294 510 5346 τὸ
549 5293 713 5360 σῶμα
754 5294 914 5361 μόνον
964 5293 1277 5361 ἐκάθαιρον,
1328 5297 1485 5365 ἡμεῖς
1516 5295 1573 5347 δὲ
1602 5294 1779 5364 ψυχὴν

213 5387 578 5456 καθαίρωμεν
603 5385 682 5454 τῷ
714 5386 1074 5455 βαπτίσματι.
1126 5386 1382 5456 Καϐαρδν
1426 5387 1536 5457 γάρ
1582 5388 1698 5440 ἐστι
1730 5387 1793 5439 τὸ

215 5482 345 5549 παρ’
377 5481 510 5549 ἡμῖν
553 5477 718 5547 ὕδωρ,
751 5480 1017 5541 τουτέστι,
1068 5480 1446 5550 καθαροποιόν.
1479 5499 1497 5532 ‹
1533 5482 1791 5550 Κατέχω-

220 5589 320 5642 μεν
356 5570 459 5641 τὴν
507 5569 821 5641 ὁμολογίαν.
862 5590 879 5622 ι
914 5572 1313 5641 Κατάσχωμεν,
1349 5572 1503 5642 φησι,
1545 5572 1645 5643 τὴν
1675 5574 1802 5641 περὶ

285 5750 332 5781 ⁸⁸
355 5749 534 5805 chit.
573 5764 721 5809 xxvi,
754 5746 820 5799 12
846 5766 858 5807 ς
888 5745 930 5801 ll
968 5748 1096 5801 Cor.
1134 5765 1208 5805 vt,
1246 5748 1333 5801 id.

581 5845 853 5905 Parnm.
889 5846 1001 5903 Gn.
1047 5843 1247 5902 (ἸΧΙΧ.

1894 4581 1949 4626 et
1987 4572 2263 4634 haesitare,
2300 4573 2374 4625 ait
2407 4590 2419 4625 :
2459 4571 2517 4624 ln
2569 4572 2903 4625 certitudine
2936 4571 3083 4637 ﬁdei,
3131 4572 3235 4627 hoc
3260 4581 3363 4631 est,
3408 4582 3466 4624 nt

1896 4666 2033 4719 certi
2062 4664 2235 4719 simus
2264 4664 2332 4718 de
2359 4664 2467 4718 his.
2508 4684 2526 4716 ι
2555 4664 2811 4734 Aspersis
2843 4666 3122 4719 cordibus.
3158 4685 3177 4716 ι
3213 4664 3467 4721 Ostendit

1896 4755 2040 4825 quod
2081 4770 2192 4808 non
2250 4753 2366 4807 sola
2409 4754 2511 4807 fide
2552 4769 2690 4823 opus
2752 4753 2859 4815 sit,
2892 4754 2987 4807 sed
3028 4764 3076 4807 ct
3130 4765 3276 4808 recta
3337 4759 3465 4809 vita.

1904 4866 1922 4896 ι
1971 4846 2226 4914 Aspersis
2288 4845 2571 4900 cordibus.
2610 4862 2628 4895 ι
2707 4843 2917 4909 Judaei,
2995 4846 3205 4915 inquit,
3275 4862 3466 4915 asper-

1898 4947 2103 5007 guntur
2160 4937 2492 5004 corporibus
2549 4937 2714 5001 suis,
2771 4952 2872 4991 nos
2928 4953 3060 4991 vero
3117 4954 3469 5008 aspergamns

1902 5045 1966 5084 ac
2027 5029 2384 5099 purificemus
2433 5029 2807 5083 conscientias
2859 5038 3103 5091 nostras,
3160 5040 3219 5083 ut
3266 5032 3471 5084 ιιιιιιίτικ

1902 5118 2030 5171 mali
2069 5119 2244 5171 simus
2281 5117 2443 5170 nobis
2474 5117 2704 5171 conscii.
2737 5136 2755 5167 t
2786 5119 2941 5187 Aqua
2982 5134 3134 5185 pura.
3166 5139 3183 5170 ι
3214 5119 3328 5173 Hoc
3363 5134 3469 5180 csa,

1900 5209 2254 5279 baptismate.
2310 5206 2481 5261 Judaei
2536 5224 2771 5277 namque
2829 5210 2948 5274 loti,
3007 5226 3205 5278 corpus
3260 5221 3469 5266 tantum

1895 5302 2283 5371 purificabant,
2322 5317 2425 5356 nos
2459 5312 2642 5356 autem
2679 5305 2914 5356 animum
2965 5304 3319 5371 purificemus
3374 5308 3472 5360 ha-

1898 5391 2172 5459 plismale.
2206 5389 2350 5443 Pura
2404 5402 2490 5446 est
2523 5394 2669 5447 enim
2713 5409 2849 5462 aqua
2886 5410 3007 5461 qua:
3038 5396 3179 5461 apud
3234 5412 3331 5446 nos
3368 5412 3470 5455 ex.

1900 5482 2005 5535 hoc
2059 5490 2145 5535 est
2193 5482 2513 5550 purificans.
2568 5503 2585 5533 ‹
2624 5482 2931 5538 Teneamus
2966 5486 3395 5540 confessionem.
3454 5508 3467 5531 ι

1903 5572 2219 5635 Servemus,
2248 5575 2446 5643 inquit,
2474 5577 2874 5630 confessionem
2901 5595 3022 5647 quit:
3047 5590 3130 5631 est
3156 5579 3303 5631 circa
3334 5578 3475 5631 hanc

3088 5849 3105 5908 i
3124 5850 3153 5909 i3
