  <div class='ocr_page' id='page_1' title='image "/cluster/home/n/w/nwhite01/storage/ocr_20150623/119/nnc1.0046980091/206.png"; bbox 0 0 4178 6454; ppageno 0'>
   <div class='ocr_carea' id='block_1_1' title="bbox 192 403 292 466">
    <p class='ocr_par' dir='ltr' id='par_1_1' title="bbox 192 403 292 466">
     <span class='ocr_line' id='line_1_1' title="bbox 192 403 292 466; baseline 0 0"><span class='ocrx_word' id='word_1_1' title='bbox 192 403 292 466; x_wconf 75' lang='lat'>397</span> 
     </span>
    </p>
   </div>
   <div class='ocr_carea' id='block_1_2' title="bbox 1187 393 2397 460">
    <p class='ocr_par' dir='ltr' id='par_1_2' title="bbox 1187 393 2397 460">
     <span class='ocr_line' id='line_1_2' title="bbox 1187 393 2397 460; baseline 0 0"><span class='ocrx_word' id='word_1_2' title='bbox 1187 399 1568 460; x_wconf 74' lang='lat' dir='ltr'>COMMENT.</span> <span class='ocrx_word' id='word_1_3' title='bbox 1613 396 1696 458; x_wconf 83' lang='lat' dir='ltr'><strong>IN</strong></span> <span class='ocrx_word' id='word_1_4' title='bbox 1726 393 1963 458; x_wconf 82' lang='lat' dir='ltr'>EPIST.</span> <span class='ocrx_word' id='word_1_5' title='bbox 2035 400 2133 458; x_wconf 76' lang='lat' dir='ltr'>AD</span> <span class='ocrx_word' id='word_1_6' title='bbox 2163 393 2397 460; x_wconf 77' lang='lat' dir='ltr'><strong>&#39;llEBR.</strong></span> 
     </span>
    </p>
   </div>
   <div class='ocr_carea' id='block_1_3' title="bbox 3339 399 3446 464">
    <p class='ocr_par' dir='ltr' id='par_1_3' title="bbox 3339 399 3446 464">
     <span class='ocr_line' id='line_1_3' title="bbox 3339 399 3446 464; baseline -0.019 -1"><span class='ocrx_word' id='word_1_7' title='bbox 3339 399 3446 464; x_wconf 70' lang='lat'>398</span> 
     </span>
    </p>
   </div>
   <div class='ocr_carea' id='block_1_4' title="bbox 207 507 1759 582">
    <p class='ocr_par' dir='ltr' id='par_1_4' title="bbox 207 510 1752 582">
     <span class='ocr_line' id='line_1_4' title="bbox 207 510 1752 582; baseline -0.005 -12"><span class='ocrx_word' id='word_1_8' title='bbox 207 515 364 580; x_wconf 75' lang='grc' dir='ltr'>ἐιιόὶ</span> <span class='ocrx_word' id='word_1_9' title='bbox 387 513 731 580; x_wconf 75' lang='grc' dir='ltr'>ἐκδίκησις,</span> <span class='ocrx_word' id='word_1_10' title='bbox 766 513 881 582; x_wconf 72' lang='grc' dir='ltr'>ἐγὼ</span> <span class='ocrx_word' id='word_1_11' title='bbox 902 510 1333 576; x_wconf 78' lang='grc' dir='ltr'>ἀνταποδώσω,</span> <span class='ocrx_word' id='word_1_12' title='bbox 1354 510 1515 578; x_wconf 70' lang='grc' dir='ltr'>λέγει</span> <span class='ocrx_word' id='word_1_13' title='bbox 1539 511 1752 577; x_wconf 78' lang='grc' dir='ltr'>Κύριος</span> 
     </span>
    </p>
   </div>
   <div class='ocr_carea' id='block_1_5' title="bbox 1861 507 3444 582">
    <p class='ocr_par' dir='ltr' id='par_1_5' title="bbox 1879 507 3444 578">
     <span class='ocr_line' id='line_1_5' title="bbox 1879 507 3444 578; baseline 0.001 -16"><span class='ocrx_word' id='word_1_14' title='bbox 1879 510 2180 578; x_wconf 77' lang='lat' dir='ltr'><strong>rependam,</strong></span> <span class='ocrx_word' id='word_1_15' title='bbox 2238 512 2368 564; x_wconf 82' lang='lat' dir='ltr'><strong>dicit</strong></span> <span class='ocrx_word' id='word_1_16' title='bbox 2437 509 2711 564; x_wconf 79' lang='lat' dir='ltr'>Dominus.</span> <span class='ocrx_word' id='word_1_17' title='bbox 2758 507 2826 562; x_wconf 78' lang='lat' dir='ltr'>Et</span> <span class='ocrx_word' id='word_1_18' title='bbox 2881 526 3127 566; x_wconf 74' lang='lat' dir='ltr'><strong>rursum:</strong></span> <span class='ocrx_word' id='word_1_19' title='bbox 3192 508 3444 564; x_wconf 76' lang='lat' dir='ltr'><strong>Dominus</strong></span> 
     </span>
    </p>
   </div>
   <div class='ocr_carea' id='block_1_6' title="bbox 193 604 1772 674">
    <p class='ocr_par' dir='ltr' id='par_1_6' title="bbox 193 604 1772 674">
     <span class='ocr_line' id='line_1_6' title="bbox 193 604 1772 674; baseline -0.003 -14"><span class='ocrx_word' id='word_1_20' title='bbox 193 609 295 660; x_wconf 72' lang='grc' dir='ltr'>Καὶ</span> <span class='ocrx_word' id='word_1_21' title='bbox 322 605 533 658; x_wconf 78' lang='grc' dir='ltr'>πάλιν·</span> <span class='ocrx_word' id='word_1_22' title='bbox 565 608 783 674; x_wconf 81' lang='grc' dir='ltr'>Κύριος</span> <span class='ocrx_word' id='word_1_23' title='bbox 810 605 999 674; x_wconf 78' lang='grc' dir='ltr'>κρινεῖ</span> <span class='ocrx_word' id='word_1_24' title='bbox 1024 605 1132 658; x_wconf 82' lang='grc' dir='ltr'>τὸν</span> <span class='ocrx_word' id='word_1_25' title='bbox 1156 607 1311 658; x_wconf 71' lang='grc' dir='ltr'>λαὸν</span> <span class='ocrx_word' id='word_1_26' title='bbox 1341 604 1549 674; x_wconf 71' lang='grc' dir='ltr'>αὐτοῦ.</span> <span class='ocrx_word' id='word_1_27' title='bbox 1597 605 1772 658; x_wconf 72' lang='grc' dir='ltr'>Φοὸεο</span> 
     </span>
    </p>
   </div>
   <div class='ocr_carea' id='block_1_7' title="bbox 184 695 1484 765">
    <p class='ocr_par' dir='ltr' id='par_1_7' title="bbox 184 695 1484 765">
     <span class='ocr_line' id='line_1_7' title="bbox 184 695 1484 765; baseline 0 -17"><span class='ocrx_word' id='word_1_28' title='bbox 184 699 293 765; x_wconf 77' lang='lat' dir='ltr'><strong>pc‘r</strong></span> <span class='ocrx_word' id='word_1_29' title='bbox 323 698 388 748; x_wconf 77' lang='grc' dir='ltr'>τὸ</span> <span class='ocrx_word' id='word_1_30' title='bbox 413 697 700 764; x_wconf 77' lang='grc' dir='ltr'>ἐμπεσεῖν</span> <span class='ocrx_word' id='word_1_31' title='bbox 727 700 813 762; x_wconf 83' lang='grc' dir='ltr'>εΙς</span> <span class='ocrx_word' id='word_1_32' title='bbox 842 697 1047 764; x_wconf 79' lang='grc' dir='ltr'>χεῖρας</span> <span class='ocrx_word' id='word_1_33' title='bbox 1076 695 1224 748; x_wconf 79' lang='grc' dir='ltr'>Θεοῦ</span> <span class='ocrx_word' id='word_1_34' title='bbox 1253 695 1484 760; x_wconf 80' lang='grc' dir='ltr'>ζῶντος.</span> 
     </span>
    </p>
   </div>
   <div class='ocr_carea' id='block_1_8' title="bbox 262 786 1772 859">
    <p class='ocr_par' dir='ltr' id='par_1_8' title="bbox 262 786 1772 859">
     <span class='ocr_line' id='line_1_8' title="bbox 262 786 1772 859; baseline 0.001 -19"><span class='ocrx_word' id='word_1_35' title='bbox 262 808 280 840; x_wconf 76' lang='grc' dir='ltr'>ι</span> <span class='ocrx_word' id='word_1_36' title='bbox 321 786 616 850; x_wconf 74' lang='grc' dir='ltr'>Ἑκουσίως</span> <span class='ocrx_word' id='word_1_37' title='bbox 649 791 808 858; x_wconf 74' lang='grc' dir='ltr'>γάρ.»</span> <span class='ocrx_word' id='word_1_38' title='bbox 855 786 1280 859; x_wconf 80' lang='grc' dir='ltr'>-[01ΚΟΥΜ].</span> <span class='ocrx_word' id='word_1_39' title='bbox 1313 789 1398 852; x_wconf 81' lang='grc' dir='ltr'>Ὠς</span> <span class='ocrx_word' id='word_1_40' title='bbox 1428 788 1495 842; x_wconf 87' lang='grc' dir='ltr'>τά</span> <span class='ocrx_word' id='word_1_41' title='bbox 1520 804 1580 854; x_wconf 85' lang='grc' dir='ltr'>γε</span> <span class='ocrx_word' id='word_1_42' title='bbox 1607 789 1772 842; x_wconf 83' lang='grc' dir='ltr'>ἀκοῦ-</span> 
     </span>
    </p>
   </div>
   <div class='ocr_carea' id='block_1_9' title="bbox 189 879 1772 950">
    <p class='ocr_par' dir='ltr' id='par_1_9' title="bbox 189 879 1772 950">
     <span class='ocr_line' id='line_1_9' title="bbox 189 879 1772 950; baseline -0.001 -19"><span class='ocrx_word' id='word_1_43' title='bbox 189 895 282 931; x_wconf 69' lang='lat' dir='ltr'><strong>at:</strong></span> <span class='ocrx_word' id='word_1_44' title='bbox 336 880 712 948; x_wconf 67' lang='grc' dir='ltr'>ἐλαφροτέραν</span> <span class='ocrx_word' id='word_1_45' title='bbox 747 879 856 948; x_wconf 75' lang='grc' dir='ltr'>ἔχει</span> <span class='ocrx_word' id='word_1_46' title='bbox 893 881 991 949; x_wconf 79' lang='grc' dir='ltr'>τὴν</span> <span class='ocrx_word' id='word_1_47' title='bbox 1023 880 1312 950; x_wconf 78' lang='grc' dir='ltr'>τιμωρίαν.</span> <span class='ocrx_word' id='word_1_48' title='bbox 1362 898 1381 930; x_wconf 75' lang='grc' dir='ltr'>ι</span> <span class='ocrx_word' id='word_1_49' title='bbox 1403 879 1772 949; x_wconf 59' lang='grc' dir='ltr'>’Λμαρτανόνδ</span> 
     </span>
    </p>
   </div>
   <div class='ocr_carea' id='block_1_10' title="bbox 185 969 1772 1040">
    <p class='ocr_par' dir='ltr' id='par_1_10' title="bbox 185 969 1772 1040">
     <span class='ocr_line' id='line_1_10' title="bbox 185 969 1772 1040; baseline 0.001 -19"><span class='ocrx_word' id='word_1_50' title='bbox 185 987 292 1023; x_wconf 85' lang='grc' dir='ltr'>των</span> <span class='ocrx_word' id='word_1_51' title='bbox 335 971 516 1039; x_wconf 69' lang='grc' dir='ltr'>ἡμῶν.</span> <span class='ocrx_word' id='word_1_52' title='bbox 546 990 564 1021; x_wconf 76' lang='grc' dir='ltr'>ι</span> <span class='ocrx_word' id='word_1_53' title='bbox 603 971 919 1040; x_wconf 82' lang='grc' dir='ltr'>Σημείωσαι</span> <span class='ocrx_word' id='word_1_54' title='bbox 957 971 1041 1023; x_wconf 80' lang='grc' dir='ltr'>ὅτι</span> <span class='ocrx_word' id='word_1_55' title='bbox 1083 972 1181 1024; x_wconf 79' lang='grc' dir='ltr'>οὐκ</span> <span class='ocrx_word' id='word_1_56' title='bbox 1214 969 1366 1024; x_wconf 80' lang='grc' dir='ltr'>εἶπεν</span> <span class='ocrx_word' id='word_1_57' title='bbox 1394 971 1772 1039; x_wconf 68' lang='grc' dir='ltr'>ἀμαρτησάνυ</span> 
     </span>
    </p>
   </div>
   <div class='ocr_carea' id='block_1_11' title="bbox 187 1063 1769 1134">
    <p class='ocr_par' dir='ltr' id='par_1_11' title="bbox 187 1063 1769 1134">
     <span class='ocr_line' id='line_1_11' title="bbox 187 1063 1769 1134; baseline 0.001 -19"><span class='ocrx_word' id='word_1_58' title='bbox 187 1079 325 1127; x_wconf 80' lang='grc' dir='ltr'>των,</span> <span class='ocrx_word' id='word_1_59' title='bbox 365 1063 500 1116; x_wconf 72' lang='grc' dir='ltr'>ἀλλὰ</span> <span class='ocrx_word' id='word_1_60' title='bbox 533 1063 610 1132; x_wconf 82' lang='grc' dir='ltr'>τῷ</span> <span class='ocrx_word' id='word_1_61' title='bbox 656 1064 1016 1133; x_wconf 80' lang='grc' dir='ltr'>παρατατικῴ</span> <span class='ocrx_word' id='word_1_62' title='bbox 1043 1066 1333 1134; x_wconf 66' lang='grc' dir='ltr'>ἐχρήσατο,</span> <span class='ocrx_word' id='word_1_63' title='bbox 1382 1063 1551 1128; x_wconf 81' lang='grc' dir='ltr'>δεῖξαι</span> <span class='ocrx_word' id='word_1_64' title='bbox 1601 1064 1769 1116; x_wconf 83' lang='grc' dir='ltr'>θέλων</span> 
     </span>
    </p>
   </div>
   <div class='ocr_carea' id='block_1_12' title="bbox 183 1155 1769 1227">
    <p class='ocr_par' dir='ltr' id='par_1_12' title="bbox 183 1155 1769 1227">
     <span class='ocr_line' id='line_1_12' title="bbox 183 1155 1769 1227; baseline 0.001 -22"><span class='ocrx_word' id='word_1_65' title='bbox 183 1156 242 1207; x_wconf 74' lang='grc' dir='ltr'>τὸ</span> <span class='ocrx_word' id='word_1_66' title='bbox 271 1157 402 1223; x_wconf 79' lang='grc' dir='ltr'>άχρι</span> <span class='ocrx_word' id='word_1_67' title='bbox 431 1155 693 1225; x_wconf 80' lang='grc' dir='ltr'>τελευτῆς</span> <span class='ocrx_word' id='word_1_68' title='bbox 734 1155 1014 1225; x_wconf 74' lang='grc' dir='ltr'>ἐπιμένειν</span> <span class='ocrx_word' id='word_1_69' title='bbox 1045 1159 1110 1226; x_wconf 80' lang='grc' dir='ltr'>τῇ</span> <span class='ocrx_word' id='word_1_70' title='bbox 1137 1155 1407 1227; x_wconf 72' lang='grc' dir='ltr'>ἁμαρτίᾳ.</span> <span class='ocrx_word' id='word_1_71' title='bbox 1449 1156 1639 1207; x_wconf 84' lang='grc' dir='ltr'>Ἕνοεν</span> <span class='ocrx_word' id='word_1_72' title='bbox 1662 1155 1769 1225; x_wconf 76' lang='grc' dir='ltr'>γὰρ</span> 
     </span>
    </p>
   </div>
   <div class='ocr_carea' id='block_1_13' title="bbox 184 1248 1766 1318">
    <p class='ocr_par' dir='ltr' id='par_1_13' title="bbox 184 1248 1766 1318">
     <span class='ocr_line' id='line_1_13' title="bbox 184 1248 1766 1318; baseline 0.001 -19"><span class='ocrx_word' id='word_1_73' title='bbox 184 1248 427 1313; x_wconf 72' lang='grc' dir='ltr'>μάλιστα</span> <span class='ocrx_word' id='word_1_74' title='bbox 478 1248 660 1316; x_wconf 75' lang='grc' dir='ltr'>δῆλον,</span> <span class='ocrx_word' id='word_1_75' title='bbox 716 1248 796 1299; x_wconf 86' lang='grc' dir='ltr'>ὅτι</span> <span class='ocrx_word' id='word_1_76' title='bbox 859 1249 958 1300; x_wconf 72' lang='grc' dir='ltr'>οὐκ</span> <span class='ocrx_word' id='word_1_77' title='bbox 1017 1251 1231 1318; x_wconf 81' lang='grc' dir='ltr'>ἀναιρεῖ</span> <span class='ocrx_word' id='word_1_78' title='bbox 1294 1248 1392 1317; x_wconf 79' lang='grc' dir='ltr'>τὴν</span> <span class='ocrx_word' id='word_1_79' title='bbox 1457 1248 1766 1316; x_wconf 82' lang='grc' dir='ltr'>μετάνοιαν.</span> 
     </span>
    </p>
   </div>
   <div class='ocr_carea' id='block_1_14' title="bbox 189 1338 1767 1408">
    <p class='ocr_par' dir='ltr' id='par_1_14' title="bbox 189 1338 1767 1408">
     <span class='ocr_line' id='line_1_14' title="bbox 189 1338 1767 1408; baseline 0.003 -22"><span class='ocrx_word' id='word_1_80' title='bbox 189 1358 206 1386; x_wconf 82' lang='grc' dir='ltr'>ι</span> <span class='ocrx_word' id='word_1_81' title='bbox 238 1339 397 1389; x_wconf 64' lang='grc' dir='ltr'>Μετὰ</span> <span class='ocrx_word' id='word_1_82' title='bbox 441 1339 502 1390; x_wconf 86' lang='grc' dir='ltr'>τὸ</span> <span class='ocrx_word' id='word_1_83' title='bbox 531 1338 718 1390; x_wconf 79' lang='grc' dir='ltr'>λαϐεῖν</span> <span class='ocrx_word' id='word_1_84' title='bbox 768 1341 866 1408; x_wconf 77' lang='grc' dir='ltr'>τὴν</span> <span class='ocrx_word' id='word_1_85' title='bbox 924 1340 1241 1406; x_wconf 77' lang='grc' dir='ltr'>ἐπίγνωσιν.</span> <span class='ocrx_word' id='word_1_86' title='bbox 1275 1359 1293 1390; x_wconf 75' lang='grc' dir='ltr'>ι</span> <span class='ocrx_word' id='word_1_87' title='bbox 1361 1339 1639 1399; x_wconf 85' lang='grc' dir='ltr'>Τουτέστι,</span> <span class='ocrx_word' id='word_1_88' title='bbox 1670 1339 1767 1408; x_wconf 82' lang='grc' dir='ltr'>τὴν</span> 
     </span>
    </p>
   </div>
   <div class='ocr_carea' id='block_1_15' title="bbox 184 1429 1760 1499">
    <p class='ocr_par' dir='ltr' id='par_1_15' title="bbox 184 1429 1760 1499">
     <span class='ocr_line' id='line_1_15' title="bbox 184 1429 1760 1499; baseline 0.001 -20"><span class='ocrx_word' id='word_1_89' title='bbox 184 1429 312 1497; x_wconf 72' lang='grc' dir='ltr'>περὶ</span> <span class='ocrx_word' id='word_1_90' title='bbox 363 1429 605 1496; x_wconf 76' lang='grc' dir='ltr'>Χριστοῦ</span> <span class='ocrx_word' id='word_1_91' title='bbox 645 1431 848 1483; x_wconf 80' lang='grc' dir='ltr'>πίστιν.</span> <span class='ocrx_word' id='word_1_92' title='bbox 894 1450 910 1480; x_wconf 79' lang='grc' dir='ltr'>ι</span> <span class='ocrx_word' id='word_1_93' title='bbox 940 1432 1052 1483; x_wconf 69' lang='grc' dir='ltr'>Οὐκ</span> <span class='ocrx_word' id='word_1_94' title='bbox 1107 1432 1185 1483; x_wconf 80' lang='grc' dir='ltr'>ἔτι</span> <span class='ocrx_word' id='word_1_95' title='bbox 1241 1433 1370 1499; x_wconf 67' lang='grc' dir='ltr'>περὶ</span> <span class='ocrx_word' id='word_1_96' title='bbox 1414 1431 1714 1499; x_wconf 79' lang='grc' dir='ltr'>ἁμαρτιῶν.</span> <span class='ocrx_word' id='word_1_97' title='bbox 1742 1449 1760 1481; x_wconf 71' lang='grc' dir='ltr'>ι</span> 
     </span>
    </p>
   </div>
   <div class='ocr_carea' id='block_1_16' title="bbox 184 1517 1766 1593">
    <p class='ocr_par' dir='ltr' id='par_1_16' title="bbox 184 1517 1766 1593">
     <span class='ocr_line' id='line_1_16' title="bbox 184 1517 1766 1593; baseline 0.003 -23"><span class='ocrx_word' id='word_1_98' title='bbox 184 1519 276 1580; x_wconf 67' lang='grc' dir='ltr'>Εἰς</span> <span class='ocrx_word' id='word_1_99' title='bbox 310 1519 368 1570; x_wconf 66' lang='grc' dir='ltr'>τὸ</span> <span class='ocrx_word' id='word_1_100' title='bbox 409 1519 690 1587; x_wconf 74' lang='grc' dir='ltr'>ἐξαλεῖψαι</span> <span class='ocrx_word' id='word_1_101' title='bbox 739 1521 838 1582; x_wconf 72' lang='grc' dir='ltr'>τὰς</span> <span class='ocrx_word' id='word_1_102' title='bbox 888 1522 1182 1590; x_wconf 80' lang='grc' dir='ltr'>ἁμαρτίας.</span> <span class='ocrx_word' id='word_1_103' title='bbox 1235 1517 1415 1574; x_wconf 83' lang='grc' dir='ltr'>Ἦσαν</span> <span class='ocrx_word' id='word_1_104' title='bbox 1457 1525 1565 1591; x_wconf 77' lang='grc' dir='ltr'>γὰρ</span> <span class='ocrx_word' id='word_1_105' title='bbox 1618 1523 1766 1593; x_wconf 75' lang='grc' dir='ltr'>παρὰ</span> 
     </span>
    </p>
   </div>
   <div class='ocr_carea' id='block_1_17' title="bbox 195 1611 1768 1682">
    <p class='ocr_par' dir='ltr' id='par_1_17' title="bbox 195 1611 1768 1682">
     <span class='ocr_line' id='line_1_17' title="bbox 195 1611 1768 1682; baseline 0.001 -20"><span class='ocrx_word' id='word_1_106' title='bbox 195 1611 474 1672; x_wconf 71' lang='grc' dir='ltr'>Ἰουδαίοις</span> <span class='ocrx_word' id='word_1_107' title='bbox 515 1612 959 1681; x_wconf 73' lang='grc' dir='ltr'>προσφερόμεναι</span> <span class='ocrx_word' id='word_1_108' title='bbox 1009 1613 1190 1664; x_wconf 77' lang='grc' dir='ltr'>θυσίαι</span> <span class='ocrx_word' id='word_1_109' title='bbox 1227 1613 1367 1682; x_wconf 80' lang='grc' dir='ltr'>ὑπὲρ</span> <span class='ocrx_word' id='word_1_110' title='bbox 1397 1614 1642 1681; x_wconf 79' lang='grc' dir='ltr'>ἀφέσεως</span> <span class='ocrx_word' id='word_1_111' title='bbox 1673 1614 1768 1664; x_wconf 67' lang='grc' dir='ltr'>αὖ·</span> 
     </span>
    </p>
   </div>
   <div class='ocr_carea' id='block_1_18' title="bbox 180 1700 1768 1774">
    <p class='ocr_par' dir='ltr' id='par_1_18' title="bbox 180 1700 1768 1774">
     <span class='ocr_line' id='line_1_18' title="bbox 180 1700 1768 1774; baseline 0.004 -22"><span class='ocrx_word' id='word_1_112' title='bbox 180 1700 310 1764; x_wconf 74' lang='grc' dir='ltr'>τῶν,</span> <span class='ocrx_word' id='word_1_113' title='bbox 349 1704 426 1769; x_wconf 72' lang='grc' dir='ltr'>μὴ</span> <span class='ocrx_word' id='word_1_114' title='bbox 463 1704 546 1754; x_wconf 79' lang='grc' dir='ltr'>ὅτι</span> <span class='ocrx_word' id='word_1_115' title='bbox 576 1705 671 1755; x_wconf 74' lang='grc' dir='ltr'>καὶ</span> <span class='ocrx_word' id='word_1_116' title='bbox 698 1707 901 1756; x_wconf 78' lang='grc' dir='ltr'>ἐκεῖναι</span> <span class='ocrx_word' id='word_1_117' title='bbox 935 1705 1074 1774; x_wconf 78' lang='grc' dir='ltr'>ὑπὲρ</span> <span class='ocrx_word' id='word_1_118' title='bbox 1106 1706 1400 1758; x_wconf 76' lang='grc' dir='ltr'>ἀκουσίων.</span> <span class='ocrx_word' id='word_1_119' title='bbox 1468 1724 1487 1756; x_wconf 76' lang='grc' dir='ltr'>ι</span> <span class='ocrx_word' id='word_1_120' title='bbox 1527 1707 1768 1758; x_wconf 79' lang='grc' dir='ltr'>Ἀπολεί-</span> 
     </span>
    </p>
   </div>
   <div class='ocr_carea' id='block_1_19' title="bbox 181 1797 1766 1869">
    <p class='ocr_par' dir='ltr' id='par_1_19' title="bbox 181 1797 1766 1869">
     <span class='ocr_line' id='line_1_19' title="bbox 181 1797 1766 1869; baseline 0.003 -23"><span class='ocrx_word' id='word_1_121' title='bbox 181 1809 343 1846; x_wconf 78' lang='grc' dir='ltr'>πεται</span> <span class='ocrx_word' id='word_1_122' title='bbox 393 1797 577 1851; x_wconf 84' lang='grc' dir='ltr'>Θυσία.</span> <span class='ocrx_word' id='word_1_123' title='bbox 602 1817 620 1849; x_wconf 74' lang='grc' dir='ltr'>ι</span> <span class='ocrx_word' id='word_1_124' title='bbox 666 1799 782 1849; x_wconf 82' lang='grc' dir='ltr'>Οὐκ</span> <span class='ocrx_word' id='word_1_125' title='bbox 821 1799 1036 1868; x_wconf 86' lang='grc' dir='ltr'>ἀναιρεῖ</span> <span class='ocrx_word' id='word_1_126' title='bbox 1065 1799 1165 1867; x_wconf 79' lang='grc' dir='ltr'>τὴν</span> <span class='ocrx_word' id='word_1_127' title='bbox 1198 1800 1517 1868; x_wconf 84' lang='grc' dir='ltr'>μετάνοιαν,</span> <span class='ocrx_word' id='word_1_128' title='bbox 1559 1799 1633 1869; x_wconf 80' lang='grc' dir='ltr'>μὴ</span> <span class='ocrx_word' id='word_1_129' title='bbox 1675 1800 1766 1866; x_wconf 85' lang='grc' dir='ltr'>γέ-</span> 
     </span>
    </p>
   </div>
   <div class='ocr_carea' id='block_1_20' title="bbox 180 1885 1761 1962">
    <p class='ocr_par' dir='ltr' id='par_1_20' title="bbox 180 1885 1761 1962">
     <span class='ocr_line' id='line_1_20' title="bbox 180 1885 1761 1962; baseline 0.003 -24"><span class='ocrx_word' id='word_1_130' title='bbox 180 1904 350 1939; x_wconf 79' lang='grc' dir='ltr'>νοιτο·</span> <span class='ocrx_word' id='word_1_131' title='bbox 394 1889 530 1941; x_wconf 82' lang='grc' dir='ltr'>ἀλλὰ</span> <span class='ocrx_word' id='word_1_132' title='bbox 558 1890 616 1941; x_wconf 79' lang='grc' dir='ltr'>τὸ</span> <span class='ocrx_word' id='word_1_133' title='bbox 644 1885 784 1942; x_wconf 81' lang='grc' dir='ltr'>εἶναι</span> <span class='ocrx_word' id='word_1_134' title='bbox 815 1889 1070 1960; x_wconf 76' lang='grc' dir='ltr'>δεύτερον</span> <span class='ocrx_word' id='word_1_135' title='bbox 1101 1891 1384 1960; x_wconf 74' lang='grc' dir='ltr'>βάπτισμα</span> <span class='ocrx_word' id='word_1_136' title='bbox 1406 1891 1761 1962; x_wconf 77' lang='grc' dir='ltr'>ἀπαγορεύει.</span> 
     </span>
    </p>
   </div>
   <div class='ocr_carea' id='block_1_21' title="bbox 179 1979 1764 2054">
    <p class='ocr_par' dir='ltr' id='par_1_21' title="bbox 179 1979 1764 2054">
     <span class='ocr_line' id='line_1_21' title="bbox 179 1979 1764 2054; baseline 0.003 -22"><span class='ocrx_word' id='word_1_137' title='bbox 179 1979 388 2032; x_wconf 79' lang='grc' dir='ltr'>Θυσίαν</span> <span class='ocrx_word' id='word_1_138' title='bbox 424 1982 533 2051; x_wconf 82' lang='grc' dir='ltr'>γάρ</span> <span class='ocrx_word' id='word_1_139' title='bbox 561 1981 816 2044; x_wconf 76' lang='grc' dir='ltr'>ἐνταῦθα,</span> <span class='ocrx_word' id='word_1_140' title='bbox 848 1983 938 2036; x_wconf 81' lang='grc' dir='ltr'>τὸν</span> <span class='ocrx_word' id='word_1_141' title='bbox 988 1985 1224 2054; x_wconf 73' lang='grc' dir='ltr'>σταυρὸν</span> <span class='ocrx_word' id='word_1_142' title='bbox 1270 1984 1364 2036; x_wconf 69' lang='grc' dir='ltr'>καὶ</span> <span class='ocrx_word' id='word_1_143' title='bbox 1394 1985 1454 2036; x_wconf 77' lang='grc' dir='ltr'>τὸ</span> <span class='ocrx_word' id='word_1_144' title='bbox 1483 1983 1764 2053; x_wconf 75' lang='grc' dir='ltr'>βάπτισμα</span> 
     </span>
    </p>
   </div>
   <div class='ocr_carea' id='block_1_22' title="bbox 181 2075 1764 2150">
    <p class='ocr_par' dir='ltr' id='par_1_22' title="bbox 181 2075 1764 2150">
     <span class='ocr_line' id='line_1_22' title="bbox 181 2075 1764 2150; baseline 0.001 -24"><span class='ocrx_word' id='word_1_145' title='bbox 181 2075 359 2136; x_wconf 86' lang='grc' dir='ltr'>καλεῖ,</span> <span class='ocrx_word' id='word_1_146' title='bbox 413 2077 596 2140; x_wconf 71' lang='grc' dir='ltr'>καθὼς</span> <span class='ocrx_word' id='word_1_147' title='bbox 651 2081 744 2129; x_wconf 77' lang='grc' dir='ltr'>καὶ</span> <span class='ocrx_word' id='word_1_148' title='bbox 776 2078 1009 2147; x_wconf 82' lang='grc' dir='ltr'>ἀλλαχοῦ</span> <span class='ocrx_word' id='word_1_149' title='bbox 1060 2096 1215 2148; x_wconf 80' lang='grc' dir='ltr'>φησι.</span> <span class='ocrx_word' id='word_1_150' title='bbox 1281 2080 1434 2149; x_wconf 76' lang='grc' dir='ltr'>«Μιᾷ</span> <span class='ocrx_word' id='word_1_151' title='bbox 1464 2079 1569 2149; x_wconf 73' lang='grc' dir='ltr'>γὰρ</span> <span class='ocrx_word' id='word_1_152' title='bbox 1605 2079 1764 2150; x_wconf 74' lang='grc' dir='ltr'>Θυσίᾳ</span> 
     </span>
    </p>
   </div>
   <div class='ocr_carea' id='block_1_23' title="bbox 177 2169 1764 2242">
    <p class='ocr_par' dir='ltr' id='par_1_23' title="bbox 177 2169 1764 2242">
     <span class='ocr_line' id='line_1_23' title="bbox 177 2169 1764 2242; baseline 0.003 -22"><span class='ocrx_word' id='word_1_153' title='bbox 177 2169 537 2222; x_wconf 77' lang='grc' dir='ltr'>τετελείωκεν</span> <span class='ocrx_word' id='word_1_154' title='bbox 565 2172 644 2234; x_wconf 80' lang='grc' dir='ltr'>εις</span> <span class='ocrx_word' id='word_1_155' title='bbox 669 2171 730 2222; x_wconf 71' lang='grc' dir='ltr'>τὸ</span> <span class='ocrx_word' id='word_1_156' title='bbox 761 2171 1005 2240; x_wconf 82' lang='grc' dir='ltr'>διηνεκὲς</span> <span class='ocrx_word' id='word_1_157' title='bbox 1039 2173 1166 2234; x_wconf 79' lang='grc' dir='ltr'>τοῦς</span> <span class='ocrx_word' id='word_1_158' title='bbox 1197 2171 1614 2242; x_wconf 78' lang='grc' dir='ltr'>ἁγιαζομένους.</span> <span class='ocrx_word' id='word_1_159' title='bbox 1645 2191 1662 2224; x_wconf 73' lang='grc' dir='ltr'>ι</span> <span class='ocrx_word' id='word_1_160' title='bbox 1698 2204 1764 2214; x_wconf 87' lang='lat'>-——-</span> 
     </span>
    </p>
   </div>
   <div class='ocr_carea' id='block_1_24' title="bbox 185 2261 1763 2334">
    <p class='ocr_par' dir='ltr' id='par_1_24' title="bbox 185 2261 1763 2334">
     <span class='ocr_line' id='line_1_24' title="bbox 185 2261 1763 2334; baseline 0.003 -22"><span class='ocrx_word' id='word_1_161' title='bbox 185 2262 340 2314; x_wconf 76' lang='grc' dir='ltr'>ιΚαὶ</span> <span class='ocrx_word' id='word_1_162' title='bbox 385 2261 558 2330; x_wconf 71' lang='grc' dir='ltr'>πυρὸς</span> <span class='ocrx_word' id='word_1_163' title='bbox 611 2263 791 2331; x_wconf 73' lang='grc' dir='ltr'>ζῆλος.</span> <span class='ocrx_word' id='word_1_164' title='bbox 821 2281 839 2313; x_wconf 73' lang='grc' dir='ltr'>ι</span> <span class='ocrx_word' id='word_1_165' title='bbox 887 2264 1100 2333; x_wconf 81' lang='grc' dir='ltr'>Ὥσπερ</span> <span class='ocrx_word' id='word_1_166' title='bbox 1138 2263 1245 2333; x_wconf 89' lang='grc' dir='ltr'>γὰρ</span> <span class='ocrx_word' id='word_1_167' title='bbox 1281 2265 1386 2316; x_wconf 77' lang='grc' dir='ltr'>ὑπὸ</span> <span class='ocrx_word' id='word_1_168' title='bbox 1414 2264 1578 2334; x_wconf 78' lang='grc' dir='ltr'>ζήλου</span> <span class='ocrx_word' id='word_1_169' title='bbox 1618 2265 1763 2327; x_wconf 84' lang='grc' dir='ltr'>τινὸς</span> 
     </span>
    </p>
   </div>
   <div class='ocr_carea' id='block_1_25' title="bbox 182 2353 1762 2425">
    <p class='ocr_par' dir='ltr' id='par_1_25' title="bbox 182 2353 1762 2425">
     <span class='ocr_line' id='line_1_25' title="bbox 182 2353 1762 2425; baseline 0.003 -21"><span class='ocrx_word' id='word_1_170' title='bbox 182 2353 545 2419; x_wconf 81' lang='grc' dir='ltr'>κεντούμενον</span> <span class='ocrx_word' id='word_1_171' title='bbox 600 2355 778 2406; x_wconf 85' lang='grc' dir='ltr'>ἐκεῖνο</span> <span class='ocrx_word' id='word_1_172' title='bbox 826 2354 888 2408; x_wconf 67' lang='grc' dir='ltr'>τὸ</span> <span class='ocrx_word' id='word_1_173' title='bbox 914 2355 1054 2425; x_wconf 85' lang='grc' dir='ltr'>πῦρ,</span> <span class='ocrx_word' id='word_1_174' title='bbox 1083 2356 1317 2425; x_wconf 77' lang='grc' dir='ltr'>δαπανᾷ,</span> <span class='ocrx_word' id='word_1_175' title='bbox 1364 2356 1458 2408; x_wconf 72' lang='grc' dir='ltr'>καὶ</span> <span class='ocrx_word' id='word_1_176' title='bbox 1489 2357 1762 2408; x_wconf 74' lang='grc' dir='ltr'>κατεσθίει</span> 
     </span>
    </p>
   </div>
   <div class='ocr_carea' id='block_1_26' title="bbox 180 2446 1762 2516">
    <p class='ocr_par' dir='ltr' id='par_1_26' title="bbox 180 2446 1762 2516">
     <span class='ocr_line' id='line_1_26' title="bbox 180 2446 1762 2516; baseline 0.004 -22"><span class='ocrx_word' id='word_1_177' title='bbox 180 2449 306 2506; x_wconf 74' lang='grc' dir='ltr'>τοὺς</span> <span class='ocrx_word' id='word_1_178' title='bbox 336 2446 733 2514; x_wconf 72' lang='grc' dir='ltr'>ὲμδληϐέντας.</span> <span class='ocrx_word' id='word_1_179' title='bbox 788 2447 1175 2509; x_wconf 82' lang='grc' dir='ltr'>’Υπεναντίους</span> <span class='ocrx_word' id='word_1_180' title='bbox 1207 2447 1262 2499; x_wconf 85' lang='grc' dir='ltr'>δὲ</span> <span class='ocrx_word' id='word_1_181' title='bbox 1298 2447 1468 2515; x_wconf 78' lang='grc' dir='ltr'>λέγει,</span> <span class='ocrx_word' id='word_1_182' title='bbox 1514 2449 1573 2500; x_wconf 82' lang='grc' dir='ltr'>οὐ</span> <span class='ocrx_word' id='word_1_183' title='bbox 1603 2451 1762 2516; x_wconf 84' lang='grc' dir='ltr'>μόνον</span> 
     </span>
    </p>
   </div>
   <div class='ocr_carea' id='block_1_27' title="bbox 179 2534 1762 2609">
    <p class='ocr_par' dir='ltr' id='par_1_27' title="bbox 179 2534 1762 2609">
     <span class='ocr_line' id='line_1_27' title="bbox 179 2534 1762 2609; baseline 0.004 -23"><span class='ocrx_word' id='word_1_184' title='bbox 179 2537 303 2598; x_wconf 75' lang='grc' dir='ltr'>τοὺς</span> <span class='ocrx_word' id='word_1_185' title='bbox 335 2536 621 2599; x_wconf 81' lang='grc' dir='ltr'>ἀπίστους,</span> <span class='ocrx_word' id='word_1_186' title='bbox 651 2534 786 2590; x_wconf 71' lang='grc' dir='ltr'>ἀλλὰ</span> <span class='ocrx_word' id='word_1_187' title='bbox 822 2540 915 2590; x_wconf 72' lang='grc' dir='ltr'>καὶ</span> <span class='ocrx_word' id='word_1_188' title='bbox 960 2541 1084 2601; x_wconf 72' lang='grc' dir='ltr'>τοὺς</span> <span class='ocrx_word' id='word_1_189' title='bbox 1131 2541 1387 2608; x_wconf 81' lang='grc' dir='ltr'>ἄντικρυς</span> <span class='ocrx_word' id='word_1_190' title='bbox 1415 2541 1522 2591; x_wconf 80' lang='grc' dir='ltr'>τῶν</span> <span class='ocrx_word' id='word_1_191' title='bbox 1549 2555 1762 2609; x_wconf 84' lang='grc' dir='ltr'>παραγ-</span> 
     </span>
    </p>
   </div>
   <div class='ocr_carea' id='block_1_28' title="bbox 181 2628 1762 2702">
    <p class='ocr_par' dir='ltr' id='par_1_28' title="bbox 181 2628 1762 2702">
     <span class='ocr_line' id='line_1_28' title="bbox 181 2628 1762 2702; baseline 0.004 -25"><span class='ocrx_word' id='word_1_192' title='bbox 181 2628 475 2695; x_wconf 75' lang='grc' dir='ltr'>γελμάτων</span> <span class='ocrx_word' id='word_1_193' title='bbox 541 2631 636 2683; x_wconf 83' lang='grc' dir='ltr'>τοῦ</span> <span class='ocrx_word' id='word_1_194' title='bbox 702 2630 939 2700; x_wconf 78' lang='grc' dir='ltr'>Χριστοῦ</span> <span class='ocrx_word' id='word_1_195' title='bbox 999 2630 1360 2700; x_wconf 79' lang='grc' dir='ltr'>πράττοντας.</span> <span class='ocrx_word' id='word_1_196' title='bbox 1422 2633 1762 2702; x_wconf 79' lang='grc' dir='ltr'>ιἈΘετήσας</span> 
     </span>
    </p>
   </div>
   <div class='ocr_carea' id='block_1_29' title="bbox 183 2719 1764 2794">
    <p class='ocr_par' dir='ltr' id='par_1_29' title="bbox 183 2719 1764 2794">
     <span class='ocr_line' id='line_1_29' title="bbox 183 2719 1764 2794; baseline 0.005 -26"><span class='ocrx_word' id='word_1_197' title='bbox 183 2727 263 2779; x_wconf 77' lang='grc' dir='ltr'>τις</span> <span class='ocrx_word' id='word_1_198' title='bbox 297 2721 463 2786; x_wconf 83' lang='grc' dir='ltr'>νόμον</span> <span class='ocrx_word' id='word_1_199' title='bbox 497 2719 832 2784; x_wconf 76' lang='grc' dir='ltr'>Μωῦσὲὣς.»</span> <span class='ocrx_word' id='word_1_200' title='bbox 881 2723 1012 2776; x_wconf 80' lang='grc' dir='ltr'>Ἀπὸ</span> <span class='ocrx_word' id='word_1_201' title='bbox 1042 2723 1137 2776; x_wconf 89' lang='grc' dir='ltr'>τοῦ</span> <span class='ocrx_word' id='word_1_202' title='bbox 1169 2723 1450 2786; x_wconf 78' lang='grc' dir='ltr'>ἐλάττονος</span> <span class='ocrx_word' id='word_1_203' title='bbox 1473 2725 1505 2791; x_wconf 82' lang='grc' dir='ltr'><strong>ἡ</strong></span> <span class='ocrx_word' id='word_1_204' title='bbox 1538 2724 1764 2794; x_wconf 81' lang='grc' dir='ltr'>σύγκρι-</span> 
     </span>
    </p>
   </div>
   <div class='ocr_carea' id='block_1_30' title="bbox 183 2811 1764 2885">
    <p class='ocr_par' dir='ltr' id='par_1_30' title="bbox 183 2811 1764 2885">
     <span class='ocr_line' id='line_1_30' title="bbox 183 2811 1764 2885; baseline 0.005 -25"><span class='ocrx_word' id='word_1_205' title='bbox 183 2823 285 2872; x_wconf 82' lang='grc' dir='ltr'>σις.</span> <span class='ocrx_word' id='word_1_206' title='bbox 335 2811 596 2864; x_wconf 75' lang='grc' dir='ltr'>Βούλεται</span> <span class='ocrx_word' id='word_1_207' title='bbox 621 2814 727 2883; x_wconf 72' lang='grc' dir='ltr'>γάρ</span> <span class='ocrx_word' id='word_1_208' title='bbox 756 2814 924 2878; x_wconf 79' lang='grc' dir='ltr'>δεῖξαι</span> <span class='ocrx_word' id='word_1_209' title='bbox 965 2816 1063 2885; x_wconf 76' lang='grc' dir='ltr'>τὴν</span> <span class='ocrx_word' id='word_1_210' title='bbox 1107 2814 1200 2867; x_wconf 88' lang='grc' dir='ltr'>τοῦ</span> <span class='ocrx_word' id='word_1_211' title='bbox 1244 2815 1412 2884; x_wconf 81' lang='grc' dir='ltr'>πυρὸς</span> <span class='ocrx_word' id='word_1_212' title='bbox 1451 2815 1646 2868; x_wconf 79' lang='grc' dir='ltr'>καῦσιν</span> <span class='ocrx_word' id='word_1_213' title='bbox 1687 2815 1764 2868; x_wconf 83' lang='grc' dir='ltr'>δι-</span> 
     </span>
    </p>
   </div>
   <div class='ocr_carea' id='block_1_31' title="bbox 183 2899 1763 2970">
    <p class='ocr_par' dir='ltr' id='par_1_31' title="bbox 183 2899 1763 2970">
     <span class='ocr_line' id='line_1_31' title="bbox 183 2899 1763 2970; baseline 0.004 -17"><span class='ocrx_word' id='word_1_214' title='bbox 183 2902 354 2964; x_wconf 78' lang='grc' dir='ltr'>καίως</span> <span class='ocrx_word' id='word_1_215' title='bbox 386 2899 552 2955; x_wconf 72' lang='grc' dir='ltr'>οὖσαν</span> <span class='ocrx_word' id='word_1_216' title='bbox 583 2905 722 2958; x_wconf 76' lang='grc' dir='ltr'>κατά</span> <span class='ocrx_word' id='word_1_217' title='bbox 754 2906 859 2957; x_wconf 84' lang='grc' dir='ltr'>τῶν</span> <span class='ocrx_word' id='word_1_218' title='bbox 890 2907 1250 2960; x_wconf 76' lang='grc' dir='ltr'>ὑπεναντίων.</span> <span class='ocrx_word' id='word_1_219' title='bbox 1303 2907 1488 2970; x_wconf 84' lang='grc' dir='ltr'>Νόμον</span> <span class='ocrx_word' id='word_1_220' title='bbox 1509 2908 1564 2960; x_wconf 84' lang='grc' dir='ltr'>δὲ</span> <span class='ocrx_word' id='word_1_221' title='bbox 1593 2908 1763 2960; x_wconf 59' lang='lat' dir='ltr'><strong>Muli).</strong></span> 
     </span>
    </p>
   </div>
   <div class='ocr_carea' id='block_1_32' title="bbox 182 2993 1762 3069">
    <p class='ocr_par' dir='ltr' id='par_1_32' title="bbox 182 2993 1762 3069">
     <span class='ocr_line' id='line_1_32' title="bbox 182 2993 1762 3069; baseline 0.004 -25"><span class='ocrx_word' id='word_1_222' title='bbox 182 2993 320 3055; x_wconf 81' lang='grc' dir='ltr'>σέως</span> <span class='ocrx_word' id='word_1_223' title='bbox 367 2993 538 3060; x_wconf 82' lang='grc' dir='ltr'>λέγει,</span> <span class='ocrx_word' id='word_1_224' title='bbox 575 2996 666 3048; x_wconf 78' lang='grc' dir='ltr'>διὰ</span> <span class='ocrx_word' id='word_1_225' title='bbox 702 2997 763 3049; x_wconf 87' lang='grc' dir='ltr'>τὸ</span> <span class='ocrx_word' id='word_1_226' title='bbox 787 2999 856 3051; x_wconf 77' lang='grc' dir='ltr'>τά</span> <span class='ocrx_word' id='word_1_227' title='bbox 886 2998 1057 3051; x_wconf 74' lang='grc' dir='ltr'>πολλὰ</span> <span class='ocrx_word' id='word_1_228' title='bbox 1087 2999 1194 3052; x_wconf 83' lang='grc' dir='ltr'>τῶν</span> <span class='ocrx_word' id='word_1_229' title='bbox 1230 3001 1286 3050; x_wconf 72' lang='grc' dir='ltr'>ἐν</span> <span class='ocrx_word' id='word_1_230' title='bbox 1321 2999 1397 3069; x_wconf 78' lang='grc' dir='ltr'>τῷ</span> <span class='ocrx_word' id='word_1_231' title='bbox 1426 3000 1574 3069; x_wconf 83' lang='grc' dir='ltr'>νόμῳ</span> <span class='ocrx_word' id='word_1_232' title='bbox 1599 2999 1762 3052; x_wconf 74' lang='grc' dir='ltr'>αὑτὸν</span> 
     </span>
    </p>
   </div>
   <div class='ocr_carea' id='block_1_33' title="bbox 179 3085 1760 3160">
    <p class='ocr_par' dir='ltr' id='par_1_33' title="bbox 179 3085 1760 3160">
     <span class='ocr_line' id='line_1_33' title="bbox 179 3085 1760 3160; baseline 0.005 -25"><span class='ocrx_word' id='word_1_233' title='bbox 179 3085 577 3155; x_wconf 79' lang='grc' dir='ltr'>διατεταχέναι.</span> <span class='ocrx_word' id='word_1_234' title='bbox 617 3105 636 3138; x_wconf 79' lang='grc' dir='ltr'>ι</span> <span class='ocrx_word' id='word_1_235' title='bbox 659 3089 782 3140; x_wconf 72' lang='grc' dir='ltr'>Ἐπὶ</span> <span class='ocrx_word' id='word_1_236' title='bbox 807 3089 960 3141; x_wconf 77' lang='grc' dir='ltr'>δυσὶν</span> <span class='ocrx_word' id='word_1_237' title='bbox 992 3089 1024 3160; x_wconf 78' lang='grc' dir='ltr'>ἢ</span> <span class='ocrx_word' id='word_1_238' title='bbox 1054 3092 1200 3160; x_wconf 72' lang='grc' dir='ltr'>τρισὶ</span> <span class='ocrx_word' id='word_1_239' title='bbox 1237 3090 1525 3160; x_wconf 80' lang='grc' dir='ltr'>μάρτυσιν.</span> <span class='ocrx_word' id='word_1_240' title='bbox 1551 3109 1568 3141; x_wconf 74' lang='grc' dir='ltr'>ι</span> <span class='ocrx_word' id='word_1_241' title='bbox 1637 3091 1760 3143; x_wconf 76' lang='grc' dir='ltr'>Ἐὰν</span> 
     </span>
    </p>
   </div>
   <div class='ocr_carea' id='block_1_34' title="bbox 1866 596 3445 671">
    <p class='ocr_par' dir='ltr' id='par_1_34' title="bbox 1866 596 3445 671">
     <span class='ocr_line' id='line_1_34' title="bbox 1866 596 3445 671; baseline 0.001 -18"><span class='ocrx_word' id='word_1_242' title='bbox 1866 603 2135 671; x_wconf 82' lang='lat' dir='ltr'><strong>judicabit</strong></span> <span class='ocrx_word' id='word_1_243' title='bbox 2174 603 2423 670; x_wconf 78' lang='lat' dir='ltr'>populum</span> <span class='ocrx_word' id='word_1_244' title='bbox 2468 619 2640 656; x_wconf 79' lang='lat' dir='ltr'><strong>suum.</strong></span> <span class='ocrx_word' id='word_1_245' title='bbox 2689 596 3027 657; x_wconf 77' lang='lat' dir='ltr'><strong>Horrendam</strong></span> <span class='ocrx_word' id='word_1_246' title='bbox 3078 612 3158 657; x_wconf 75' lang='lat' dir='ltr'><strong>est</strong></span> <span class='ocrx_word' id='word_1_247' title='bbox 3215 604 3445 656; x_wconf 77' lang='lat' dir='ltr'>incidere</span> 
     </span>
    </p>
   </div>
   <div class='ocr_carea' id='block_1_35' title="bbox 1872 695 2559 748">
    <p class='ocr_par' dir='ltr' id='par_1_35' title="bbox 1872 695 2559 748">
     <span class='ocr_line' id='line_1_35' title="bbox 1872 695 2559 748; baseline 0.001 -2"><span class='ocrx_word' id='word_1_248' title='bbox 1872 695 1927 747; x_wconf 79' lang='lat' dir='ltr'><strong>in</strong></span> <span class='ocrx_word' id='word_1_249' title='bbox 1971 711 2158 748; x_wconf 82' lang='lat' dir='ltr'><strong>manus</strong></span> <span class='ocrx_word' id='word_1_250' title='bbox 2196 695 2292 748; x_wconf 87' lang='lat' dir='ltr'><strong>Dei</strong></span> <span class='ocrx_word' id='word_1_251' title='bbox 2327 695 2559 747; x_wconf 75' lang='lat' dir='ltr'>virentis.</span> 
     </span>
    </p>
   </div>
   <div class='ocr_carea' id='block_1_36' title="bbox 1955 785 3443 854">
    <p class='ocr_par' dir='ltr' id='par_1_36' title="bbox 1955 785 3443 854">
     <span class='ocr_line' id='line_1_36' title="bbox 1955 785 3443 854; baseline 0.002 -18"><span class='ocrx_word' id='word_1_252' title='bbox 1955 804 1972 836; x_wconf 84' lang='grc' dir='ltr'>ι</span> <span class='ocrx_word' id='word_1_253' title='bbox 2021 785 2152 838; x_wconf 75' lang='lat' dir='ltr'><strong>Nam</strong></span> <span class='ocrx_word' id='word_1_254' title='bbox 2191 789 2279 840; x_wconf 92' lang='lat' dir='ltr'>ubi</span> <span class='ocrx_word' id='word_1_255' title='bbox 2311 786 2637 839; x_wconf 81' lang='lat' dir='ltr'><strong>voluntarie.</strong></span> <span class='ocrx_word' id='word_1_256' title='bbox 2676 807 2694 838; x_wconf 76' lang='grc' dir='ltr'>ι</span> <span class='ocrx_word' id='word_1_257' title='bbox 2738 787 3020 854; x_wconf 84' lang='lat' dir='ltr'><strong>Tanquam</strong></span> <span class='ocrx_word' id='word_1_258' title='bbox 3075 785 3443 840; x_wconf 80' lang='lat' dir='ltr'><strong>invoiuntaria</strong></span> 
     </span>
    </p>
   </div>
   <div class='ocr_carea' id='block_1_37' title="bbox 1873 878 3444 948">
    <p class='ocr_par' dir='ltr' id='par_1_37' title="bbox 1873 878 3444 948">
     <span class='ocr_line' id='line_1_37' title="bbox 1873 878 3444 948; baseline -0.002 -15"><span class='ocrx_word' id='word_1_259' title='bbox 1873 879 2048 933; x_wconf 71' lang='lat' dir='ltr'><strong>levius</strong></span> <span class='ocrx_word' id='word_1_260' title='bbox 2106 883 2417 948; x_wconf 70' lang='lat' dir='ltr'><strong>puniantur.</strong></span> <span class='ocrx_word' id='word_1_261' title='bbox 2491 898 2509 930; x_wconf 73' lang='grc' dir='ltr'>ι</span> <span class='ocrx_word' id='word_1_262' title='bbox 2591 878 2904 933; x_wconf 79' lang='lat' dir='ltr'><strong>i’eccamns.</strong></span> <span class='ocrx_word' id='word_1_263' title='bbox 2986 896 3005 928; x_wconf 71' lang='grc' dir='ltr'>ι</span> <span class='ocrx_word' id='word_1_264' title='bbox 3059 878 3444 935; x_wconf 71' lang='lat' dir='ltr'><strong>Animadverte</strong></span> 
     </span>
    </p>
   </div>
   <div class='ocr_carea' id='block_1_38' title="bbox 1873 970 3441 1043">
    <p class='ocr_par' dir='ltr' id='par_1_38' title="bbox 1873 970 3441 1043">
     <span class='ocr_line' id='line_1_38' title="bbox 1873 970 3441 1043; baseline -0.001 -17"><span class='ocrx_word' id='word_1_265' title='bbox 1873 974 2018 1043; x_wconf 88' lang='lat' dir='ltr'><strong>quod</strong></span> <span class='ocrx_word' id='word_1_266' title='bbox 2053 989 2160 1027; x_wconf 90' lang='lat' dir='ltr'>non</span> <span class='ocrx_word' id='word_1_267' title='bbox 2218 973 2249 1024; x_wconf 90' lang='lat' dir='ltr'>d</span> <span class='ocrx_word' id='word_1_268' title='bbox 2282 973 2423 1028; x_wconf 79' lang='lat' dir='ltr'><strong>xerit</strong></span> <span class='ocrx_word' id='word_1_269' title='bbox 2449 973 2800 1041; x_wconf 78' lang='lat' dir='ltr'>peccavimus,</span> <span class='ocrx_word' id='word_1_270' title='bbox 2834 972 2926 1025; x_wconf 91' lang='lat' dir='ltr'>sed</span> <span class='ocrx_word' id='word_1_271' title='bbox 2954 970 3274 1040; x_wconf 81' lang='lat' dir='ltr'><strong>imperfecto</strong></span> <span class='ocrx_word' id='word_1_272' title='bbox 3308 989 3441 1024; x_wconf 72' lang='lat' dir='ltr'><strong>usus</strong></span> 
     </span>
    </p>
   </div>
   <div class='ocr_carea' id='block_1_39' title="bbox 1871 1064 3443 1135">
    <p class='ocr_par' dir='ltr' id='par_1_39' title="bbox 1871 1064 3443 1135">
     <span class='ocr_line' id='line_1_39' title="bbox 1871 1064 3443 1135; baseline -0.002 -15"><span class='ocrx_word' id='word_1_273' title='bbox 1871 1075 1956 1120; x_wconf 86' lang='lat' dir='ltr'>est</span> <span class='ocrx_word' id='word_1_274' title='bbox 2020 1066 2331 1134; x_wconf 85' lang='lat' dir='ltr'><strong>participio,</strong></span> <span class='ocrx_word' id='word_1_275' title='bbox 2369 1065 2827 1135; x_wconf 75' lang='grc' dir='ltr'>ἁμαρτανόντων,</span> <span class='ocrx_word' id='word_1_276' title='bbox 2901 1064 3195 1119; x_wconf 77' lang='lat' dir='ltr'>ostendere</span> <span class='ocrx_word' id='word_1_277' title='bbox 3255 1065 3443 1117; x_wconf 77' lang='lat' dir='ltr'><strong>volens</strong></span> 
     </span>
    </p>
   </div>
   <div class='ocr_carea' id='block_1_40' title="bbox 1873 1155 3442 1226">
    <p class='ocr_par' dir='ltr' id='par_1_40' title="bbox 1873 1155 3442 1226">
     <span class='ocr_line' id='line_1_40' title="bbox 1873 1155 3442 1226; baseline -0.003 -16"><span class='ocrx_word' id='word_1_278' title='bbox 1873 1159 2332 1226; x_wconf 61' lang='lat' dir='ltr'><strong>perseverantiam</strong></span> <span class='ocrx_word' id='word_1_279' title='bbox 2361 1159 2414 1210; x_wconf 90' lang='lat' dir='ltr'><strong>in</strong></span> <span class='ocrx_word' id='word_1_280' title='bbox 2453 1165 2678 1224; x_wconf 83' lang='lat' dir='ltr'><strong>peccato</strong></span> <span class='ocrx_word' id='word_1_281' title='bbox 2703 1170 2876 1224; x_wconf 86' lang='lat' dir='ltr'><strong>usque</strong></span> <span class='ocrx_word' id='word_1_282' title='bbox 2911 1155 2975 1206; x_wconf 89' lang='lat' dir='ltr'>ad</span> <span class='ocrx_word' id='word_1_283' title='bbox 3018 1166 3265 1208; x_wconf 87' lang='lat' dir='ltr'><strong>mortem.</strong></span> <span class='ocrx_word' id='word_1_284' title='bbox 3304 1156 3442 1206; x_wconf 74' lang='lat' dir='ltr'><strong>Hinc</strong></span> 
     </span>
    </p>
   </div>
   <div class='ocr_carea' id='block_1_41' title="bbox 1873 1245 3441 1316">
    <p class='ocr_par' dir='ltr' id='par_1_41' title="bbox 1873 1245 3441 1316">
     <span class='ocr_line' id='line_1_41' title="bbox 1873 1245 3441 1316; baseline -0.004 -14"><span class='ocrx_word' id='word_1_285' title='bbox 1873 1250 2015 1302; x_wconf 80' lang='lat' dir='ltr'><strong>enim</strong></span> <span class='ocrx_word' id='word_1_286' title='bbox 2042 1249 2324 1316; x_wconf 76' lang='lat' dir='ltr'><strong>potissimo</strong></span> <span class='ocrx_word' id='word_1_287' title='bbox 2359 1249 2717 1302; x_wconf 81' lang='lat' dir='ltr'><strong>manifestum</strong></span> <span class='ocrx_word' id='word_1_288' title='bbox 2777 1255 2861 1301; x_wconf 88' lang='lat' dir='ltr'>est</span> <span class='ocrx_word' id='word_1_289' title='bbox 2915 1245 3060 1315; x_wconf 92' lang='lat' dir='ltr'><strong>quod</strong></span> <span class='ocrx_word' id='word_1_290' title='bbox 3125 1263 3230 1298; x_wconf 90' lang='lat' dir='ltr'><strong>non</strong></span> <span class='ocrx_word' id='word_1_291' title='bbox 3283 1247 3441 1298; x_wconf 78' lang='lat' dir='ltr'><strong>tollat</strong></span> 
     </span>
    </p>
   </div>
   <div class='ocr_carea' id='block_1_42' title="bbox 1872 1338 3435 1410">
    <p class='ocr_par' dir='ltr' id='par_1_42' title="bbox 1872 1338 3435 1410">
     <span class='ocr_line' id='line_1_42' title="bbox 1872 1338 3435 1410; baseline -0.003 -18"><span class='ocrx_word' id='word_1_292' title='bbox 1872 1341 2336 1410; x_wconf 71' lang='lat' dir='ltr'><strong>resip‘scentiam.</strong></span> <span class='ocrx_word' id='word_1_293' title='bbox 2391 1359 2410 1390; x_wconf 81' lang='grc' dir='ltr'>ι</span> <span class='ocrx_word' id='word_1_294' title='bbox 2448 1339 2575 1393; x_wconf 87' lang='lat' dir='ltr'><strong>Post</strong></span> <span class='ocrx_word' id='word_1_295' title='bbox 2635 1348 2907 1406; x_wconf 73' lang='lat' dir='ltr'>acceptam</span> <span class='ocrx_word' id='word_1_296' title='bbox 2960 1338 3358 1406; x_wconf 78' lang='lat' dir='ltr'>cognitionem:</span> <span class='ocrx_word' id='word_1_297' title='bbox 3416 1358 3435 1388; x_wconf 75' lang='grc' dir='ltr'>ι</span> 
     </span>
    </p>
   </div>
   <div class='ocr_carea' id='block_1_43' title="bbox 1872 1428 3442 1499">
    <p class='ocr_par' dir='ltr' id='par_1_43' title="bbox 1872 1428 3442 1499">
     <span class='ocr_line' id='line_1_43' title="bbox 1872 1428 3442 1499; baseline -0.004 -14"><span class='ocrx_word' id='word_1_298' title='bbox 1872 1431 1986 1487; x_wconf 84' lang='lat' dir='ltr'><strong>lloc</strong></span> <span class='ocrx_word' id='word_1_299' title='bbox 2018 1441 2124 1491; x_wconf 83' lang='lat' dir='ltr'><strong>est.</strong></span> <span class='ocrx_word' id='word_1_300' title='bbox 2161 1433 2318 1486; x_wconf 87' lang='lat' dir='ltr'><strong>iidem</strong></span> <span class='ocrx_word' id='word_1_301' title='bbox 2350 1431 2418 1486; x_wconf 90' lang='lat' dir='ltr'>de</span> <span class='ocrx_word' id='word_1_302' title='bbox 2448 1431 2687 1485; x_wconf 77' lang='lat' dir='ltr'><strong>Chr&#39;slo.</strong></span> <span class='ocrx_word' id='word_1_303' title='bbox 2721 1447 2740 1481; x_wconf 80' lang='grc' dir='ltr'>ι</span> <span class='ocrx_word' id='word_1_304' title='bbox 2786 1428 2904 1482; x_wconf 82' lang='lat' dir='ltr'><strong>Non</strong></span> <span class='ocrx_word' id='word_1_305' title='bbox 2935 1431 3072 1482; x_wconf 89' lang='lat' dir='ltr'><strong>ultra</strong></span> <span class='ocrx_word' id='word_1_306' title='bbox 3119 1445 3217 1499; x_wconf 91' lang='lat' dir='ltr'>pro</span> <span class='ocrx_word' id='word_1_307' title='bbox 3249 1445 3442 1491; x_wconf 79' lang='lat' dir='ltr'><strong>pecca-</strong></span> 
     </span>
    </p>
   </div>
   <div class='ocr_carea' id='block_1_44' title="bbox 1871 1523 3439 1592">
    <p class='ocr_par' dir='ltr' id='par_1_44' title="bbox 1871 1523 3439 1592">
     <span class='ocr_line' id='line_1_44' title="bbox 1871 1523 3439 1592; baseline -0.002 -14"><span class='ocrx_word' id='word_1_308' title='bbox 1871 1527 1984 1580; x_wconf 92' lang='lat' dir='ltr'><strong>tis:</strong></span> <span class='ocrx_word' id='word_1_309' title='bbox 2023 1549 2040 1577; x_wconf 73' lang='grc' dir='ltr'>ι</span> <span class='ocrx_word' id='word_1_310' title='bbox 2073 1525 2140 1578; x_wconf 90' lang='lat' dir='ltr'>ad</span> <span class='ocrx_word' id='word_1_311' title='bbox 2182 1524 2411 1579; x_wconf 84' lang='lat' dir='ltr'><strong>delenda</strong></span> <span class='ocrx_word' id='word_1_312' title='bbox 2476 1526 2564 1577; x_wconf 87' lang='lat' dir='ltr'><strong>illa</strong></span> <span class='ocrx_word' id='word_1_313' title='bbox 2596 1531 2843 1592; x_wconf 83' lang='lat' dir='ltr'><strong>peccata.</strong></span> <span class='ocrx_word' id='word_1_314' title='bbox 2895 1523 3063 1574; x_wconf 81' lang='lat' dir='ltr'><strong>Erant</strong></span> <span class='ocrx_word' id='word_1_315' title='bbox 3113 1523 3253 1576; x_wconf 89' lang='lat' dir='ltr'><strong>enim</strong></span> <span class='ocrx_word' id='word_1_316' title='bbox 3298 1525 3439 1590; x_wconf 81' lang='lat' dir='ltr'><strong>apud</strong></span> 
     </span>
    </p>
   </div>
   <div class='ocr_carea' id='block_1_45' title="bbox 1869 1615 3438 1687">
    <p class='ocr_par' dir='ltr' id='par_1_45' title="bbox 1869 1615 3438 1687">
     <span class='ocr_line' id='line_1_45' title="bbox 1869 1615 3438 1687; baseline -0.003 -15"><span class='ocrx_word' id='word_1_317' title='bbox 1869 1618 2089 1674; x_wconf 69' lang='lat' dir='ltr'><strong>Judteos</strong></span> <span class='ocrx_word' id='word_1_318' title='bbox 2125 1620 2316 1673; x_wconf 57' lang='lat' dir='ltr'><strong>hostize</strong></span> <span class='ocrx_word' id='word_1_319' title='bbox 2360 1634 2479 1687; x_wconf 65' lang='lat' dir='ltr'><strong>qua:</strong></span> <span class='ocrx_word' id='word_1_320' title='bbox 2515 1633 2610 1685; x_wconf 89' lang='lat' dir='ltr'>pro</span> <span class='ocrx_word' id='word_1_321' title='bbox 2640 1617 2884 1684; x_wconf 83' lang='lat' dir='ltr'><strong>ipsorum</strong></span> <span class='ocrx_word' id='word_1_322' title='bbox 2933 1615 3258 1670; x_wconf 74' lang='lat' dir='ltr'>remissione</span> <span class='ocrx_word' id='word_1_323' title='bbox 3309 1615 3438 1668; x_wconf 75' lang='lat' dir='ltr'><strong>oile-</strong></span> 
     </span>
    </p>
   </div>
   <div class='ocr_carea' id='block_1_46' title="bbox 1869 1709 3437 1776">
    <p class='ocr_par' dir='ltr' id='par_1_46' title="bbox 1869 1709 3437 1776">
     <span class='ocr_line' id='line_1_46' title="bbox 1869 1709 3437 1776; baseline -0.004 -9"><span class='ocrx_word' id='word_1_324' title='bbox 1869 1714 2154 1775; x_wconf 76' lang='lat' dir='ltr'>rebantur,</span> <span class='ocrx_word' id='word_1_325' title='bbox 2188 1713 2343 1766; x_wconf 94' lang='lat' dir='ltr'><strong>sient</strong></span> <span class='ocrx_word' id='word_1_326' title='bbox 2387 1711 2489 1763; x_wconf 68' lang='lat' dir='ltr'><strong>illa:</strong></span> <span class='ocrx_word' id='word_1_327' title='bbox 2520 1724 2623 1762; x_wconf 91' lang='lat' dir='ltr'><strong>non</strong></span> <span class='ocrx_word' id='word_1_328' title='bbox 2651 1716 2832 1762; x_wconf 89' lang='lat' dir='ltr'><strong>essent</strong></span> <span class='ocrx_word' id='word_1_329' title='bbox 2874 1723 2974 1776; x_wconf 90' lang='lat' dir='ltr'>pro</span> <span class='ocrx_word' id='word_1_330' title='bbox 3030 1709 3437 1762; x_wconf 81' lang='lat' dir='ltr'><strong>involuntariis.</strong></span> 
     </span>
    </p>
   </div>
   <div class='ocr_carea' id='block_1_47' title="bbox 1877 1799 3436 1872">
    <p class='ocr_par' dir='ltr' id='par_1_47' title="bbox 1877 1799 3436 1872">
     <span class='ocr_line' id='line_1_47' title="bbox 1877 1799 3436 1872; baseline -0.004 -17"><span class='ocrx_word' id='word_1_331' title='bbox 1877 1823 1894 1855; x_wconf 83' lang='grc' dir='ltr'>ι</span> <span class='ocrx_word' id='word_1_332' title='bbox 1933 1803 2159 1872; x_wconf 79' lang='lat' dir='ltr'>Reliqua</span> <span class='ocrx_word' id='word_1_333' title='bbox 2184 1811 2269 1856; x_wconf 91' lang='lat' dir='ltr'>est</span> <span class='ocrx_word' id='word_1_334' title='bbox 2314 1803 2515 1854; x_wconf 87' lang='lat' dir='ltr'><strong>hostia.</strong></span> <span class='ocrx_word' id='word_1_335' title='bbox 2566 1820 2582 1850; x_wconf 76' lang='grc' dir='ltr'>ι</span> <span class='ocrx_word' id='word_1_336' title='bbox 2618 1799 2736 1854; x_wconf 77' lang='lat' dir='ltr'><strong>Non</strong></span> <span class='ocrx_word' id='word_1_337' title='bbox 2789 1799 2930 1852; x_wconf 89' lang='lat' dir='ltr'><strong>tollit</strong></span> <span class='ocrx_word' id='word_1_338' title='bbox 2983 1799 3436 1866; x_wconf 63' lang='lat' dir='ltr'><strong>resipiscentiam.</strong></span> 
     </span>
    </p>
   </div>
   <div class='ocr_carea' id='block_1_48' title="bbox 1870 1891 3437 1963">
    <p class='ocr_par' dir='ltr' id='par_1_48' title="bbox 1870 1891 3437 1963">
     <span class='ocr_line' id='line_1_48' title="bbox 1870 1891 3437 1963; baseline -0.005 -15"><span class='ocrx_word' id='word_1_339' title='bbox 1870 1896 2094 1949; x_wconf 88' lang='lat' dir='ltr'><strong>minime</strong></span> <span class='ocrx_word' id='word_1_340' title='bbox 2135 1893 2412 1963; x_wconf 83' lang='lat' dir='ltr'><strong>gentium:</strong></span> <span class='ocrx_word' id='word_1_341' title='bbox 2449 1892 2544 1945; x_wconf 88' lang='lat' dir='ltr'>sed</span> <span class='ocrx_word' id='word_1_342' title='bbox 2563 1893 2804 1946; x_wconf 84' lang='lat' dir='ltr'><strong>secundo</strong></span> <span class='ocrx_word' id='word_1_343' title='bbox 2836 1891 3101 1960; x_wconf 71' lang='lat' dir='ltr'>baptizari</span> <span class='ocrx_word' id='word_1_344' title='bbox 3140 1891 3437 1943; x_wconf 75' lang='lat' dir='ltr'><strong>in!erdicit.</strong></span> 
     </span>
    </p>
   </div>
   <div class='ocr_carea' id='block_1_49' title="bbox 1867 1983 3436 2054">
    <p class='ocr_par' dir='ltr' id='par_1_49' title="bbox 1867 1983 3436 2054">
     <span class='ocr_line' id='line_1_49' title="bbox 1867 1983 3436 2054; baseline -0.006 -13"><span class='ocrx_word' id='word_1_345' title='bbox 1867 1986 2001 2041; x_wconf 86' lang='lat' dir='ltr'><strong>Nam</strong></span> <span class='ocrx_word' id='word_1_346' title='bbox 2032 1988 2266 2041; x_wconf 75' lang='lat' dir='ltr'>hostiam</span> <span class='ocrx_word' id='word_1_347' title='bbox 2296 1985 2427 2039; x_wconf 85' lang='lat' dir='ltr'><strong>dicit</strong></span> <span class='ocrx_word' id='word_1_348' title='bbox 2455 1985 2556 2040; x_wconf 93' lang='lat' dir='ltr'>hoc</span> <span class='ocrx_word' id='word_1_349' title='bbox 2581 1985 2702 2040; x_wconf 91' lang='lat' dir='ltr'><strong>loco</strong></span> <span class='ocrx_word' id='word_1_350' title='bbox 2734 1984 3043 2054; x_wconf 80' lang='lat' dir='ltr'>passionem</span> <span class='ocrx_word' id='word_1_351' title='bbox 3065 1993 3117 2034; x_wconf 80' lang='lat' dir='ltr'><strong>et</strong></span> <span class='ocrx_word' id='word_1_352' title='bbox 3144 1983 3436 2052; x_wconf 86' lang='lat' dir='ltr'><strong>baptisma.</strong></span> 
     </span>
    </p>
   </div>
   <div class='ocr_carea' id='block_1_50' title="bbox 1867 2074 3434 2146">
    <p class='ocr_par' dir='ltr' id='par_1_50' title="bbox 1867 2074 3434 2146">
     <span class='ocr_line' id='line_1_50' title="bbox 1867 2074 3434 2146; baseline -0.003 -15"><span class='ocrx_word' id='word_1_353' title='bbox 1867 2077 2328 2146; x_wconf 85' lang='lat' dir='ltr'>quemadmodum</span> <span class='ocrx_word' id='word_1_354' title='bbox 2424 2078 2589 2130; x_wconf 87' lang='lat' dir='ltr'><strong>etiam</strong></span> <span class='ocrx_word' id='word_1_355' title='bbox 2668 2078 2720 2130; x_wconf 92' lang='lat' dir='ltr'><strong>in</strong></span> <span class='ocrx_word' id='word_1_356' title='bbox 2809 2075 3192 2146; x_wconf 83' lang='lat' dir='ltr'>superioribus</span> <span class='ocrx_word' id='word_1_357' title='bbox 3276 2074 3434 2128; x_wconf 77' lang='lat' dir='ltr'><strong>dicit.</strong></span> 
     </span>
    </p>
   </div>
   <div class='ocr_carea' id='block_1_51' title="bbox 1873 2166 3437 2238">
    <p class='ocr_par' dir='ltr' id='par_1_51' title="bbox 1873 2166 3437 2238">
     <span class='ocr_line' id='line_1_51' title="bbox 1873 2166 3437 2238; baseline -0.001 -19"><span class='ocrx_word' id='word_1_358' title='bbox 1873 2188 1891 2219; x_wconf 86' lang='grc'><em>‹</em></span> <span class='ocrx_word' id='word_1_359' title='bbox 1939 2169 2106 2224; x_wconf 85' lang='lat' dir='ltr'><strong>Unica</strong></span> <span class='ocrx_word' id='word_1_360' title='bbox 2144 2171 2288 2224; x_wconf 88' lang='lat' dir='ltr'><strong>enim</strong></span> <span class='ocrx_word' id='word_1_361' title='bbox 2316 2170 2491 2222; x_wconf 88' lang='lat' dir='ltr'><strong>hostia</strong></span> <span class='ocrx_word' id='word_1_362' title='bbox 2521 2167 2988 2238; x_wconf 77' lang='lat' dir='ltr'><strong>perfectoseiIecit</strong></span> <span class='ocrx_word' id='word_1_363' title='bbox 3015 2166 3069 2221; x_wconf 92' lang='lat' dir='ltr'>in</span> <span class='ocrx_word' id='word_1_364' title='bbox 3117 2175 3437 2237; x_wconf 84' lang='lat' dir='ltr'><strong>perpetuum</strong></span> 
     </span>
    </p>
   </div>
   <div class='ocr_carea' id='block_1_52' title="bbox 1866 2259 3433 2330">
    <p class='ocr_par' dir='ltr' id='par_1_52' title="bbox 1866 2259 3433 2330">
     <span class='ocr_line' id='line_1_52' title="bbox 1866 2259 3433 2330; baseline -0.004 -15"><span class='ocrx_word' id='word_1_365' title='bbox 1866 2277 1961 2316; x_wconf 70' lang='lat' dir='ltr'>eos</span> <span class='ocrx_word' id='word_1_366' title='bbox 2019 2262 2112 2330; x_wconf 86' lang='lat' dir='ltr'>qui</span> <span class='ocrx_word' id='word_1_367' title='bbox 2172 2259 2602 2315; x_wconf 82' lang='lat' dir='ltr'><strong>sanctiﬁcantnr.</strong></span> <span class='ocrx_word' id='word_1_368' title='bbox 2646 2279 2664 2311; x_wconf 74' lang='grc' dir='ltr'>ι</span> <span class='ocrx_word' id='word_1_369' title='bbox 2730 2291 2798 2302; x_wconf 91' lang='grc'><strong><em>-</em></strong></span> <span class='ocrx_word' id='word_1_370' title='bbox 2830 2278 2848 2312; x_wconf 81' lang='grc' dir='ltr'>ι</span> <span class='ocrx_word' id='word_1_371' title='bbox 2888 2261 2953 2312; x_wconf 84' lang='lat' dir='ltr'>Et</span> <span class='ocrx_word' id='word_1_372' title='bbox 3012 2260 3154 2326; x_wconf 87' lang='lat' dir='ltr'><strong>ignis</strong></span> <span class='ocrx_word' id='word_1_373' title='bbox 3191 2260 3363 2313; x_wconf 85' lang='lat' dir='ltr'><strong>zelus.</strong></span> <span class='ocrx_word' id='word_1_374' title='bbox 3415 2279 3433 2308; x_wconf 72' lang='grc' dir='ltr'>ι</span> 
     </span>
    </p>
   </div>
   <div class='ocr_carea' id='block_1_53' title="bbox 1869 2353 3437 2424">
    <p class='ocr_par' dir='ltr' id='par_1_53' title="bbox 1869 2353 3437 2424">
     <span class='ocr_line' id='line_1_53' title="bbox 1869 2353 3437 2424; baseline -0.003 -16"><span class='ocrx_word' id='word_1_375' title='bbox 1869 2353 2150 2424; x_wconf 90' lang='lat' dir='ltr'>Siquidem</span> <span class='ocrx_word' id='word_1_376' title='bbox 2171 2362 2429 2424; x_wconf 86' lang='lat' dir='ltr'><strong>tanquam</strong></span> <span class='ocrx_word' id='word_1_377' title='bbox 2456 2353 2841 2409; x_wconf 83' lang='lat' dir='ltr'><strong>exstimulatns</strong></span> <span class='ocrx_word' id='word_1_378' title='bbox 2866 2354 2956 2406; x_wconf 89' lang='lat' dir='ltr'><strong>ille</strong></span> <span class='ocrx_word' id='word_1_379' title='bbox 2997 2353 3135 2422; x_wconf 81' lang='lat' dir='ltr'><strong>ignis</strong></span> <span class='ocrx_word' id='word_1_380' title='bbox 3161 2354 3437 2406; x_wconf 75' lang='lat' dir='ltr'>consumit</span> 
     </span>
    </p>
   </div>
   <div class='ocr_carea' id='block_1_54' title="bbox 1867 2444 3434 2514">
    <p class='ocr_par' dir='ltr' id='par_1_54' title="bbox 1867 2444 3434 2514">
     <span class='ocr_line' id='line_1_54' title="bbox 1867 2444 3434 2514; baseline -0.003 -16"><span class='ocrx_word' id='word_1_381' title='bbox 1867 2461 1930 2499; x_wconf 89' lang='lat' dir='ltr'>ac</span> <span class='ocrx_word' id='word_1_382' title='bbox 1961 2447 2186 2499; x_wconf 74' lang='lat' dir='ltr'><strong>devorat</strong></span> <span class='ocrx_word' id='word_1_383' title='bbox 2211 2461 2304 2500; x_wconf 89' lang='lat' dir='ltr'>eos</span> <span class='ocrx_word' id='word_1_384' title='bbox 2342 2447 2433 2513; x_wconf 86' lang='lat' dir='ltr'><strong>qui</strong></span> <span class='ocrx_word' id='word_1_385' title='bbox 2469 2444 2651 2514; x_wconf 83' lang='lat' dir='ltr'><strong>injecti</strong></span> <span class='ocrx_word' id='word_1_386' title='bbox 2683 2453 2832 2498; x_wconf 89' lang='lat' dir='ltr'><strong>sunt.</strong></span> <span class='ocrx_word' id='word_1_387' title='bbox 2871 2445 3230 2498; x_wconf 80' lang='lat' dir='ltr'><strong>Adversarios</strong></span> <span class='ocrx_word' id='word_1_388' title='bbox 3253 2455 3434 2496; x_wconf 89' lang='lat' dir='ltr'><strong>autem</strong></span> 
     </span>
    </p>
   </div>
   <div class='ocr_carea' id='block_1_55' title="bbox 1867 2537 3438 2601">
    <p class='ocr_par' dir='ltr' id='par_1_55' title="bbox 1867 2537 3438 2601">
     <span class='ocr_line' id='line_1_55' title="bbox 1867 2537 3438 2601; baseline -0.003 -9"><span class='ocrx_word' id='word_1_389' title='bbox 1867 2548 2024 2592; x_wconf 81' lang='lat' dir='ltr'><strong>vocat</strong></span> <span class='ocrx_word' id='word_1_390' title='bbox 2052 2555 2159 2592; x_wconf 91' lang='lat' dir='ltr'>non</span> <span class='ocrx_word' id='word_1_391' title='bbox 2201 2547 2414 2591; x_wconf 89' lang='lat' dir='ltr'><strong>tantum</strong></span> <span class='ocrx_word' id='word_1_392' title='bbox 2460 2537 2795 2601; x_wconf 87' lang='lat' dir='ltr'><strong>incredulos,</strong></span> <span class='ocrx_word' id='word_1_393' title='bbox 2859 2552 3046 2591; x_wconf 78' lang='lat' dir='ltr'><strong>verum</strong></span> <span class='ocrx_word' id='word_1_394' title='bbox 3081 2538 3244 2592; x_wconf 88' lang='lat' dir='ltr'><strong>etiam</strong></span> <span class='ocrx_word' id='word_1_395' title='bbox 3305 2553 3438 2591; x_wconf 86' lang='lat' dir='ltr'><strong>con-</strong></span> 
     </span>
    </p>
   </div>
   <div class='ocr_carea' id='block_1_56' title="bbox 1867 2629 3434 2698">
    <p class='ocr_par' dir='ltr' id='par_1_56' title="bbox 1867 2629 3434 2698">
     <span class='ocr_line' id='line_1_56' title="bbox 1867 2629 3434 2698; baseline -0.001 -14"><span class='ocrx_word' id='word_1_396' title='bbox 1867 2631 2038 2685; x_wconf 85' lang='lat' dir='ltr'><strong>trario</strong></span> <span class='ocrx_word' id='word_1_397' title='bbox 2077 2630 2238 2684; x_wconf 83' lang='lat' dir='ltr'><strong>modo</strong></span> <span class='ocrx_word' id='word_1_398' title='bbox 2280 2639 2570 2698; x_wconf 84' lang='lat' dir='ltr'><strong>Operantes</strong></span> <span class='ocrx_word' id='word_1_399' title='bbox 2597 2644 2760 2698; x_wconf 87' lang='lat' dir='ltr'><strong>quam</strong></span> <span class='ocrx_word' id='word_1_400' title='bbox 2787 2629 3020 2683; x_wconf 75' lang='lat' dir='ltr'><strong>habeant</strong></span> <span class='ocrx_word' id='word_1_401' title='bbox 3053 2629 3257 2684; x_wconf 82' lang='lat' dir='ltr'>Christi</span> <span class='ocrx_word' id='word_1_402' title='bbox 3293 2645 3434 2698; x_wconf 73' lang='lat' dir='ltr'><strong>pne-</strong></span> 
     </span>
    </p>
   </div>
   <div class='ocr_carea' id='block_1_57' title="bbox 1865 2720 3434 2790">
    <p class='ocr_par' dir='ltr' id='par_1_57' title="bbox 1865 2720 3434 2790">
     <span class='ocr_line' id='line_1_57' title="bbox 1865 2720 3434 2790; baseline -0.001 -16"><span class='ocrx_word' id='word_1_403' title='bbox 1865 2731 2041 2790; x_wconf 89' lang='lat' dir='ltr'><strong>cepta.</strong></span> <span class='ocrx_word' id='word_1_404' title='bbox 2089 2740 2107 2770; x_wconf 78' lang='grc' dir='ltr'>ι</span> <span class='ocrx_word' id='word_1_405' title='bbox 2156 2720 2256 2784; x_wconf 88' lang='lat' dir='ltr'>Qui</span> <span class='ocrx_word' id='word_1_406' title='bbox 2285 2732 2609 2790; x_wconf 85' lang='lat' dir='ltr'><strong>aspernatus</strong></span> <span class='ocrx_word' id='word_1_407' title='bbox 2665 2721 2829 2775; x_wconf 79' lang='lat' dir='ltr'><strong>fuerit</strong></span> <span class='ocrx_word' id='word_1_408' title='bbox 2887 2721 3058 2789; x_wconf 90' lang='lat' dir='ltr'><strong>legem</strong></span> <span class='ocrx_word' id='word_1_409' title='bbox 3119 2720 3275 2775; x_wconf 75' lang='lat' dir='ltr'><strong>Mosi.</strong></span> <span class='ocrx_word' id='word_1_410' title='bbox 3317 2739 3334 2771; x_wconf 74' lang='grc' dir='ltr'>ι</span> <span class='ocrx_word' id='word_1_411' title='bbox 3392 2723 3434 2772; x_wconf 82' lang='grc' dir='ltr'><strong>Λ</strong></span> 
     </span>
    </p>
   </div>
   <div class='ocr_carea' id='block_1_58' title="bbox 1865 2810 3437 2881">
    <p class='ocr_par' dir='ltr' id='par_1_58' title="bbox 1865 2810 3437 2881">
     <span class='ocr_line' id='line_1_58' title="bbox 1865 2810 3437 2881; baseline 0.001 -18"><span class='ocrx_word' id='word_1_412' title='bbox 1865 2812 2066 2865; x_wconf 87' lang='lat' dir='ltr'><strong>minori</strong></span> <span class='ocrx_word' id='word_1_413' title='bbox 2103 2812 2159 2864; x_wconf 80' lang='lat' dir='ltr'><strong>ﬁt</strong></span> <span class='ocrx_word' id='word_1_414' title='bbox 2200 2812 2558 2880; x_wconf 83' lang='lat' dir='ltr'><strong>comparatio.</strong></span> <span class='ocrx_word' id='word_1_415' title='bbox 2588 2810 2716 2864; x_wconf 85' lang='lat' dir='ltr'><strong>Vult</strong></span> <span class='ocrx_word' id='word_1_416' title='bbox 2755 2812 2898 2866; x_wconf 90' lang='lat' dir='ltr'><strong>enim</strong></span> <span class='ocrx_word' id='word_1_417' title='bbox 2950 2810 3242 2865; x_wconf 86' lang='lat' dir='ltr'><strong>ostendere</strong></span> <span class='ocrx_word' id='word_1_418' title='bbox 3295 2813 3437 2881; x_wconf 76' lang='lat' dir='ltr'><strong>ignis</strong></span> 
     </span>
    </p>
   </div>
   <div class='ocr_carea' id='block_1_59' title="bbox 1865 2901 3434 2970">
    <p class='ocr_par' dir='ltr' id='par_1_59' title="bbox 1865 2901 3434 2970">
     <span class='ocr_line' id='line_1_59' title="bbox 1865 2901 3434 2970; baseline -0.002 -13"><span class='ocrx_word' id='word_1_419' title='bbox 1865 2904 2207 2957; x_wconf 81' lang='lat' dir='ltr'><strong>exustionem</strong></span> <span class='ocrx_word' id='word_1_420' title='bbox 2289 2901 2438 2970; x_wconf 90' lang='lat' dir='ltr'><strong>juste</strong></span> <span class='ocrx_word' id='word_1_421' title='bbox 2499 2901 2718 2954; x_wconf 90' lang='lat' dir='ltr'><strong>immitti</strong></span> <span class='ocrx_word' id='word_1_422' title='bbox 2803 2908 2993 2955; x_wconf 89' lang='lat' dir='ltr'><strong>contra</strong></span> <span class='ocrx_word' id='word_1_423' title='bbox 3068 2901 3434 2955; x_wconf 84' lang='lat' dir='ltr'><strong>adversarios.</strong></span> 
     </span>
    </p>
   </div>
   <div class='ocr_carea' id='block_1_60' title="bbox 1865 2991 3435 3066">
    <p class='ocr_par' dir='ltr' id='par_1_60' title="bbox 1865 2991 3435 3066">
     <span class='ocr_line' id='line_1_60' title="bbox 1865 2991 3435 3066; baseline -0.003 -16"><span class='ocrx_word' id='word_1_424' title='bbox 1865 2995 2061 3066; x_wconf 79' lang='lat' dir='ltr'><strong>Legem</strong></span> <span class='ocrx_word' id='word_1_425' title='bbox 2084 3002 2265 3049; x_wconf 86' lang='lat' dir='ltr'><strong>autem</strong></span> <span class='ocrx_word' id='word_1_426' title='bbox 2303 2992 2435 3047; x_wconf 91' lang='lat' dir='ltr'><strong>dicit</strong></span> <span class='ocrx_word' id='word_1_427' title='bbox 2477 2991 2613 3047; x_wconf 83' lang='lat' dir='ltr'><strong>Mosi</strong></span> <span class='ocrx_word' id='word_1_428' title='bbox 2645 2992 2712 3058; x_wconf 86' lang='lat'><strong>“,</strong></span> <span class='ocrx_word' id='word_1_429' title='bbox 2739 3007 2804 3047; x_wconf 89' lang='lat' dir='ltr'><strong>eo</strong></span> <span class='ocrx_word' id='word_1_430' title='bbox 2826 2992 2967 3062; x_wconf 88' lang='lat' dir='ltr'><strong>quod</strong></span> <span class='ocrx_word' id='word_1_431' title='bbox 2994 2991 3082 3046; x_wconf 89' lang='lat' dir='ltr'><strong>ille</strong></span> <span class='ocrx_word' id='word_1_432' title='bbox 3101 2992 3267 3045; x_wconf 77' lang='lat' dir='ltr'><strong>multa</strong></span> <span class='ocrx_word' id='word_1_433' title='bbox 3295 3007 3435 3060; x_wconf 68' lang='lat' dir='ltr'><strong>prie-</strong></span> 
     </span>
    </p>
   </div>
   <div class='ocr_carea' id='block_1_61' title="bbox 1864 3083 3434 3157">
    <p class='ocr_par' dir='ltr' id='par_1_61' title="bbox 1864 3083 3434 3157">
     <span class='ocr_line' id='line_1_61' title="bbox 1864 3083 3434 3157; baseline -0.002 -15"><span class='ocrx_word' id='word_1_434' title='bbox 1864 3088 2068 3157; x_wconf 89' lang='lat' dir='ltr'><strong>ceperit</strong></span> <span class='ocrx_word' id='word_1_435' title='bbox 2097 3103 2286 3142; x_wconf 88' lang='lat' dir='ltr'><strong>eorum</strong></span> <span class='ocrx_word' id='word_1_436' title='bbox 2307 3101 2426 3156; x_wconf 73' lang='lat' dir='ltr'><strong>quae</strong></span> <span class='ocrx_word' id='word_1_437' title='bbox 2456 3087 2507 3138; x_wconf 91' lang='lat' dir='ltr'><strong>in</strong></span> <span class='ocrx_word' id='word_1_438' title='bbox 2540 3086 2655 3156; x_wconf 86' lang='lat' dir='ltr'><strong>lege</strong></span> <span class='ocrx_word' id='word_1_439' title='bbox 2688 3090 3062 3139; x_wconf 86' lang='lat' dir='ltr'><strong>continentur.</strong></span> <span class='ocrx_word' id='word_1_440' title='bbox 3098 3103 3116 3135; x_wconf 85' lang='grc' dir='ltr'>ι</span> <span class='ocrx_word' id='word_1_441' title='bbox 3156 3083 3269 3138; x_wconf 88' lang='lat' dir='ltr'>Sub</span> <span class='ocrx_word' id='word_1_442' title='bbox 3298 3085 3434 3139; x_wconf 86' lang='lat' dir='ltr'><strong>dno-</strong></span> 
     </span>
    </p>
   </div>
   <div class='ocr_carea' id='block_1_62' title="bbox 180 3175 1759 3261">
    <p class='ocr_par' dir='ltr' id='par_1_62' title="bbox 180 3175 1756 3252">
     <span class='ocr_line' id='line_1_62' title="bbox 180 3175 1756 3252; baseline 0.007 -27"><span class='ocrx_word' id='word_1_443' title='bbox 180 3175 288 3244; x_wconf 76' lang='grc' dir='ltr'>γὰρ</span> <span class='ocrx_word' id='word_1_444' title='bbox 322 3175 419 3228; x_wconf 72' lang='grc' dir='ltr'>δύο</span> <span class='ocrx_word' id='word_1_445' title='bbox 449 3177 480 3248; x_wconf 80' lang='grc' dir='ltr'>ἢ</span> <span class='ocrx_word' id='word_1_446' title='bbox 517 3179 666 3248; x_wconf 80' lang='grc' dir='ltr'>τρεῖς</span> <span class='ocrx_word' id='word_1_447' title='bbox 697 3179 1106 3250; x_wconf 77' lang='grc' dir='ltr'>ἐμαρτύρησαν,</span> <span class='ocrx_word' id='word_1_448' title='bbox 1138 3182 1236 3234; x_wconf 83' lang='grc' dir='ltr'>οὐκ</span> <span class='ocrx_word' id='word_1_449' title='bbox 1268 3182 1347 3234; x_wconf 82' lang='grc' dir='ltr'>ἔτι</span> <span class='ocrx_word' id='word_1_450' title='bbox 1370 3177 1437 3251; x_wconf 77' lang='grc' dir='ltr'>ἦν</span> <span class='ocrx_word' id='word_1_451' title='bbox 1472 3183 1756 3252; x_wconf 81' lang='grc' dir='ltr'>οἰκτιρμδς</span> 
     </span>
    </p>
   </div>
   <div class='ocr_carea' id='block_1_63' title="bbox 1861 3175 3436 3261">
    <p class='ocr_par' dir='ltr' id='par_1_63' title="bbox 1865 3175 3436 3233">
     <span class='ocr_line' id='line_1_63' title="bbox 1865 3175 3436 3233; baseline 0.001 -2"><span class='ocrx_word' id='word_1_452' title='bbox 1865 3176 1968 3232; x_wconf 82' lang='lat' dir='ltr'>bus</span> <span class='ocrx_word' id='word_1_453' title='bbox 2001 3186 2094 3230; x_wconf 89' lang='lat' dir='ltr'>aut</span> <span class='ocrx_word' id='word_1_454' title='bbox 2153 3178 2330 3232; x_wconf 89' lang='lat' dir='ltr'><strong>tribus</strong></span> <span class='ocrx_word' id='word_1_455' title='bbox 2386 3178 2648 3232; x_wconf 89' lang='lat' dir='ltr'><strong>testibus.</strong></span> <span class='ocrx_word' id='word_1_456' title='bbox 2688 3196 2706 3228; x_wconf 74' lang='grc' dir='ltr'>ι</span> <span class='ocrx_word' id='word_1_457' title='bbox 2738 3175 2873 3230; x_wconf 83' lang='lat' dir='ltr'><strong>Nam</strong></span> <span class='ocrx_word' id='word_1_458' title='bbox 2923 3179 2966 3231; x_wconf 91' lang='lat' dir='ltr'>si</span> <span class='ocrx_word' id='word_1_459' title='bbox 3017 3177 3126 3233; x_wconf 92' lang='lat' dir='ltr'>duo</span> <span class='ocrx_word' id='word_1_460' title='bbox 3171 3187 3263 3232; x_wconf 86' lang='lat' dir='ltr'>aut</span> <span class='ocrx_word' id='word_1_461' title='bbox 3323 3187 3436 3232; x_wconf 75' lang='lat' dir='ltr'><strong>tres</strong></span> 
     </span>
    </p>
   </div>
   <div class='ocr_carea' id='block_1_64' title="bbox 178 3265 1760 3344">
    <p class='ocr_par' dir='ltr' id='par_1_64' title="bbox 178 3265 1760 3344">
     <span class='ocr_line' id='line_1_64' title="bbox 178 3265 1760 3344; baseline 0.006 -27"><span class='ocrx_word' id='word_1_462' title='bbox 178 3265 210 3335; x_wconf 76' lang='grc' dir='ltr'>ἢ</span> <span class='ocrx_word' id='word_1_463' title='bbox 262 3267 590 3337; x_wconf 78' lang='grc' dir='ltr'>συγγνώμη,</span> <span class='ocrx_word' id='word_1_464' title='bbox 650 3269 766 3321; x_wconf 83' lang='grc' dir='ltr'>ἀλλ’</span> <span class='ocrx_word' id='word_1_465' title='bbox 815 3272 1182 3337; x_wconf 76' lang='grc' dir='ltr'>ἀπέθνησκεν.</span> <span class='ocrx_word' id='word_1_466' title='bbox 1247 3273 1310 3324; x_wconf 84' lang='lat' dir='ltr'><strong>Ei</strong></span> <span class='ocrx_word' id='word_1_467' title='bbox 1343 3267 1438 3326; x_wconf 76' lang='grc' dir='ltr'>οὖν</span> <span class='ocrx_word' id='word_1_468' title='bbox 1469 3273 1760 3344; x_wconf 83' lang='grc' dir='ltr'>ἀνθρώπου</span> 
     </span>
    </p>
   </div>
   <div class='ocr_carea' id='block_1_65' title="bbox 177 3354 1762 3430">
    <p class='ocr_par' dir='ltr' id='par_1_65' title="bbox 177 3354 1762 3430">
     <span class='ocr_line' id='line_1_65' title="bbox 177 3354 1762 3430; baseline 0.007 -26"><span class='ocrx_word' id='word_1_469' title='bbox 177 3367 257 3414; x_wconf 77' lang='grc' dir='ltr'>τις</span> <span class='ocrx_word' id='word_1_470' title='bbox 288 3354 477 3422; x_wconf 79' lang='grc' dir='ltr'>νόμον,</span> <span class='ocrx_word' id='word_1_471' title='bbox 513 3359 665 3425; x_wconf 64' lang='grc' dir='ltr'>φησι,</span> <span class='ocrx_word' id='word_1_472' title='bbox 694 3359 970 3424; x_wconf 79' lang='grc' dir='ltr'>τουτέστι,</span> <span class='ocrx_word' id='word_1_473' title='bbox 1001 3360 1279 3422; x_wconf 83' lang='grc' dir='ltr'>Μωῦσέως</span> <span class='ocrx_word' id='word_1_474' title='bbox 1317 3360 1479 3430; x_wconf 86' lang='grc' dir='ltr'>νόμον</span> <span class='ocrx_word' id='word_1_475' title='bbox 1509 3363 1762 3430; x_wconf 76' lang='grc' dir='ltr'>παραόἁς</span> 
     </span>
    </p>
   </div>
   <div class='ocr_carea' id='block_1_66' title="bbox 179 3441 1762 3521">
    <p class='ocr_par' dir='ltr' id='par_1_66' title="bbox 179 3441 1762 3521">
     <span class='ocr_line' id='line_1_66' title="bbox 179 3441 1762 3521; baseline 0.006 -27"><span class='ocrx_word' id='word_1_476' title='bbox 179 3441 581 3509; x_wconf 80' lang='grc' dir='ltr'>ἀσυγγνώστως</span> <span class='ocrx_word' id='word_1_477' title='bbox 624 3446 763 3513; x_wconf 76' lang='grc' dir='ltr'>μετὰ</span> <span class='ocrx_word' id='word_1_478' title='bbox 809 3448 909 3518; x_wconf 79' lang='grc' dir='ltr'>τὴν</span> <span class='ocrx_word' id='word_1_479' title='bbox 970 3450 1275 3520; x_wconf 79' lang='grc' dir='ltr'>μαρτυρίαν</span> <span class='ocrx_word' id='word_1_480' title='bbox 1313 3449 1669 3521; x_wconf 77' lang='grc' dir='ltr'>ἀποθνήσκει,</span> <span class='ocrx_word' id='word_1_481' title='bbox 1708 3452 1762 3504; x_wconf 77' lang='grc' dir='ltr'>τί</span> 
     </span>
    </p>
   </div>
   <div class='ocr_carea' id='block_1_67' title="bbox 175 3532 1760 3610">
    <p class='ocr_par' dir='ltr' id='par_1_67' title="bbox 175 3532 1760 3610">
     <span class='ocr_line' id='line_1_67' title="bbox 175 3532 1760 3610; baseline 0.009 -27"><span class='ocrx_word' id='word_1_482' title='bbox 175 3532 385 3584; x_wconf 76' lang='grc' dir='ltr'>δοκεῖτε</span> <span class='ocrx_word' id='word_1_483' title='bbox 417 3534 526 3586; x_wconf 79' lang='grc' dir='ltr'>δεῖν</span> <span class='ocrx_word' id='word_1_484' title='bbox 558 3536 854 3605; x_wconf 78' lang='grc' dir='ltr'>ὑπομένειν</span> <span class='ocrx_word' id='word_1_485' title='bbox 899 3539 1026 3601; x_wconf 76' lang='grc' dir='ltr'>τοὺς</span> <span class='ocrx_word' id='word_1_486' title='bbox 1079 3539 1174 3592; x_wconf 82' lang='grc' dir='ltr'>τοῦ</span> <span class='ocrx_word' id='word_1_487' title='bbox 1224 3541 1462 3610; x_wconf 84' lang='grc' dir='ltr'>Χριστοῦ</span> <span class='ocrx_word' id='word_1_488' title='bbox 1497 3543 1623 3604; x_wconf 83' lang='grc' dir='ltr'>τοὺς</span> <span class='ocrx_word' id='word_1_489' title='bbox 1670 3544 1760 3596; x_wconf 84' lang='grc' dir='ltr'>νό-</span> 
     </span>
    </p>
   </div>
   <div class='ocr_carea' id='block_1_68' title="bbox 180 3630 1753 3696">
    <p class='ocr_par' dir='ltr' id='par_1_68' title="bbox 180 3630 1753 3696">
     <span class='ocr_line' id='line_1_68' title="bbox 180 3630 1753 3696; baseline 0.006 -20"><span class='ocrx_word' id='word_1_490' title='bbox 180 3643 314 3692; x_wconf 74' lang='grc' dir='ltr'>μους</span> <span class='ocrx_word' id='word_1_491' title='bbox 381 3630 908 3696; x_wconf 70' lang='grc' dir='ltr'>καταπατήσανταςξ</span> <span class='ocrx_word' id='word_1_492' title='bbox 951 3650 967 3682; x_wconf 83' lang='grc' dir='ltr'>ι</span> <span class='ocrx_word' id='word_1_493' title='bbox 1007 3631 1064 3682; x_wconf 89' lang='lat'>&#39;0</span> <span class='ocrx_word' id='word_1_494' title='bbox 1125 3631 1216 3683; x_wconf 74' lang='grc' dir='ltr'>τὸν</span> <span class='ocrx_word' id='word_1_495' title='bbox 1277 3631 1404 3684; x_wconf 73' lang='grc' dir='ltr'>Υἱὸν</span> <span class='ocrx_word' id='word_1_496' title='bbox 1469 3633 1563 3685; x_wconf 87' lang='grc' dir='ltr'>τοῦ</span> <span class='ocrx_word' id='word_1_497' title='bbox 1617 3635 1753 3687; x_wconf 83' lang='grc' dir='ltr'>Θεοῦ</span> 
     </span>
    </p>
   </div>
   <div class='ocr_carea' id='block_1_69' title="bbox 175 3721 1756 3788">
    <p class='ocr_par' dir='ltr' id='par_1_69' title="bbox 175 3721 1756 3788">
     <span class='ocr_line' id='line_1_69' title="bbox 175 3721 1756 3788; baseline 0.007 -20"><span class='ocrx_word' id='word_1_498' title='bbox 175 3721 593 3788; x_wconf 76' lang='grc' dir='ltr'>καταπατήσας.</span> <span class='ocrx_word' id='word_1_499' title='bbox 621 3739 638 3772; x_wconf 76' lang='grc' dir='ltr'>ι</span> <span class='ocrx_word' id='word_1_500' title='bbox 708 3722 830 3784; x_wconf 83' lang='grc' dir='ltr'>Πῶς</span> <span class='ocrx_word' id='word_1_501' title='bbox 855 3722 911 3774; x_wconf 86' lang='grc' dir='ltr'>δέ</span> <span class='ocrx_word' id='word_1_502' title='bbox 945 3741 1026 3785; x_wconf 92' lang='grc' dir='ltr'>τις</span> <span class='ocrx_word' id='word_1_503' title='bbox 1051 3727 1354 3777; x_wconf 79' lang='grc' dir='ltr'>καταπατεῖ</span> <span class='ocrx_word' id='word_1_504' title='bbox 1384 3725 1472 3778; x_wconf 80' lang='grc' dir='ltr'>τὸν</span> <span class='ocrx_word' id='word_1_505' title='bbox 1505 3725 1630 3778; x_wconf 77' lang='grc' dir='ltr'>Υἱὸν</span> <span class='ocrx_word' id='word_1_506' title='bbox 1663 3726 1756 3779; x_wconf 82' lang='grc' dir='ltr'>τοῦ</span> 
     </span>
    </p>
   </div>
   <div class='ocr_carea' id='block_1_70' title="bbox 176 3811 1756 3888">
    <p class='ocr_par' dir='ltr' id='par_1_70' title="bbox 176 3811 1756 3888">
     <span class='ocr_line' id='line_1_70' title="bbox 176 3811 1756 3888; baseline 0.006 -27"><span class='ocrx_word' id='word_1_507' title='bbox 176 3811 343 3874; x_wconf 75' lang='grc' dir='ltr'>Θεοῦς</span> <span class='ocrx_word' id='word_1_508' title='bbox 381 3811 548 3864; x_wconf 83' lang='grc' dir='ltr'>Ὅταν</span> <span class='ocrx_word' id='word_1_509' title='bbox 575 3812 739 3865; x_wconf 81' lang='grc' dir='ltr'>αὑτοῦ</span> <span class='ocrx_word' id='word_1_510' title='bbox 768 3815 1082 3885; x_wconf 79' lang='grc' dir='ltr'>παρακούῃ,</span> <span class='ocrx_word' id='word_1_511' title='bbox 1115 3817 1244 3869; x_wconf 76' lang='grc' dir='ltr'>ὅταν</span> <span class='ocrx_word' id='word_1_512' title='bbox 1280 3817 1445 3871; x_wconf 85' lang='grc' dir='ltr'>αὑτοῦ</span> <span class='ocrx_word' id='word_1_513' title='bbox 1483 3819 1756 3888; x_wconf 83' lang='grc' dir='ltr'>μεταλαμ-</span> 
     </span>
    </p>
   </div>
   <div class='ocr_carea' id='block_1_71' title="bbox 178 3899 1764 3980">
    <p class='ocr_par' dir='ltr' id='par_1_71' title="bbox 178 3899 1764 3980">
     <span class='ocr_line' id='line_1_71' title="bbox 178 3899 1764 3980; baseline 0.006 -28"><span class='ocrx_word' id='word_1_514' title='bbox 178 3899 379 3961; x_wconf 57' lang='lat' dir='ltr'><strong>Sim-1,</strong></span> <span class='ocrx_word' id='word_1_515' title='bbox 405 3901 684 3970; x_wconf 78' lang='grc' dir='ltr'>ἁμαρτίας</span> <span class='ocrx_word' id='word_1_516' title='bbox 717 3904 1032 3974; x_wconf 74' lang='grc' dir='ltr'>ἐργάζεται.</span> <span class='ocrx_word' id='word_1_517' title='bbox 1075 3906 1246 3959; x_wconf 86' lang='grc' dir='ltr'>Τοῦτο</span> <span class='ocrx_word' id='word_1_518' title='bbox 1294 3908 1402 3978; x_wconf 80' lang='grc' dir='ltr'>γάρ</span> <span class='ocrx_word' id='word_1_519' title='bbox 1433 3911 1764 3980; x_wconf 79' lang='grc' dir='ltr'>καταπατῆ-’</span> 
     </span>
    </p>
   </div>
   <div class='ocr_carea' id='block_1_72' title="bbox 179 3991 1746 4069">
    <p class='ocr_par' dir='ltr' id='par_1_72' title="bbox 179 3991 1746 4069">
     <span class='ocr_line' id='line_1_72' title="bbox 179 3991 1746 4069; baseline 0.006 -27"><span class='ocrx_word' id='word_1_520' title='bbox 179 4003 285 4069; x_wconf 68' lang='grc' dir='ltr'>σαι,</span> <span class='ocrx_word' id='word_1_521' title='bbox 310 3993 377 4044; x_wconf 75' lang='grc' dir='ltr'>τὸ</span> <span class='ocrx_word' id='word_1_522' title='bbox 404 3995 837 4064; x_wconf 78' lang='grc' dir='ltr'>καταφρονῆσαι.</span> <span class='ocrx_word' id='word_1_523' title='bbox 877 3999 1016 4050; x_wconf 77' lang='grc' dir='ltr'>«Καὶ</span> <span class='ocrx_word' id='word_1_524' title='bbox 1045 3998 1106 4050; x_wconf 83' lang='grc' dir='ltr'>τὸ</span> <span class='ocrx_word' id='word_1_525' title='bbox 1130 3991 1272 4068; x_wconf 79' lang='grc' dir='ltr'>αἷμα</span> <span class='ocrx_word' id='word_1_526' title='bbox 1303 3999 1404 4067; x_wconf 80' lang='grc' dir='ltr'>τῆς</span> <span class='ocrx_word' id='word_1_527' title='bbox 1429 3999 1746 4069; x_wconf 74' lang='grc' dir='ltr'>διαθήκης.»</span> 
     </span>
    </p>
   </div>
   <div class='ocr_carea' id='block_1_73' title="bbox 176 4079 1754 4159">
    <p class='ocr_par' dir='ltr' id='par_1_73' title="bbox 176 4079 1754 4159">
     <span class='ocr_line' id='line_1_73' title="bbox 176 4079 1754 4159; baseline 0.006 -23"><span class='ocrx_word' id='word_1_528' title='bbox 176 4079 324 4153; x_wconf 69' lang='grc' dir='ltr'>Αἷμα</span> <span class='ocrx_word' id='word_1_529' title='bbox 358 4085 653 4157; x_wconf 79' lang='grc' dir='ltr'>διαθήκης,</span> <span class='ocrx_word' id='word_1_530' title='bbox 695 4088 756 4139; x_wconf 83' lang='grc' dir='ltr'>τδ</span> <span class='ocrx_word' id='word_1_531' title='bbox 795 4083 934 4157; x_wconf 79' lang='grc' dir='ltr'>αἷμα</span> <span class='ocrx_word' id='word_1_532' title='bbox 961 4089 1200 4158; x_wconf 85' lang='grc' dir='ltr'>Χριστοῦ</span> <span class='ocrx_word' id='word_1_533' title='bbox 1249 4106 1404 4159; x_wconf 81' lang='grc' dir='ltr'>φησι.</span> <span class='ocrx_word' id='word_1_534' title='bbox 1456 4091 1532 4144; x_wconf 86' lang='grc' dir='ltr'>Δι’</span> <span class='ocrx_word' id='word_1_535' title='bbox 1590 4092 1754 4145; x_wconf 77' lang='grc' dir='ltr'>αὑτοῦ</span> 
     </span>
    </p>
   </div>
   <div class='ocr_carea' id='block_1_74' title="bbox 175 4177 1752 4254">
    <p class='ocr_par' dir='ltr' id='par_1_74' title="bbox 175 4177 1752 4254">
     <span class='ocr_line' id='line_1_74' title="bbox 175 4177 1752 4254; baseline 0.004 -24"><span class='ocrx_word' id='word_1_536' title='bbox 175 4179 280 4248; x_wconf 77' lang='grc' dir='ltr'>γὰρ</span> <span class='ocrx_word' id='word_1_537' title='bbox 307 4177 410 4247; x_wconf 78' lang='grc' dir='ltr'>τὴν</span> <span class='ocrx_word' id='word_1_538' title='bbox 439 4179 568 4230; x_wconf 85' lang='grc' dir='ltr'>νέαν</span> <span class='ocrx_word' id='word_1_539' title='bbox 598 4179 902 4252; x_wconf 76' lang='grc' dir='ltr'>εἰλήφαμεν</span> <span class='ocrx_word' id='word_1_540' title='bbox 953 4181 1238 4252; x_wconf 83' lang='grc' dir='ltr'>διαθήκην.</span> <span class='ocrx_word' id='word_1_541' title='bbox 1271 4201 1288 4234; x_wconf 76' lang='grc' dir='ltr'>ι</span> <span class='ocrx_word' id='word_1_542' title='bbox 1309 4184 1501 4238; x_wconf 80' lang='grc' dir='ltr'>Κοινὸν</span> <span class='ocrx_word' id='word_1_543' title='bbox 1542 4187 1752 4254; x_wconf 77' lang='grc' dir='ltr'>ἡγησά-</span> 
     </span>
    </p>
   </div>
   <div class='ocr_carea' id='block_1_75' title="bbox 175 4271 1753 4345">
    <p class='ocr_par' dir='ltr' id='par_1_75' title="bbox 175 4271 1753 4345">
     <span class='ocr_line' id='line_1_75' title="bbox 175 4271 1753 4345; baseline 0.003 -21"><span class='ocrx_word' id='word_1_544' title='bbox 175 4289 358 4340; x_wconf 83' lang='grc' dir='ltr'>μενος.</span> <span class='ocrx_word' id='word_1_545' title='bbox 393 4291 412 4324; x_wconf 73' lang='grc' dir='ltr'>ι</span> <span class='ocrx_word' id='word_1_546' title='bbox 455 4271 670 4336; x_wconf 80' lang='grc' dir='ltr'>Κοινδν,</span> <span class='ocrx_word' id='word_1_547' title='bbox 725 4272 786 4324; x_wconf 82' lang='grc' dir='ltr'>τὺ</span> <span class='ocrx_word' id='word_1_548' title='bbox 820 4273 954 4342; x_wconf 78' lang='grc' dir='ltr'>μηδὲ</span> <span class='ocrx_word' id='word_1_549' title='bbox 977 4274 1086 4326; x_wconf 87' lang='grc' dir='ltr'>τῶν</span> <span class='ocrx_word' id='word_1_550' title='bbox 1119 4273 1294 4326; x_wconf 77' lang='grc' dir='ltr'>ἄλλων</span> <span class='ocrx_word' id='word_1_551' title='bbox 1325 4275 1604 4345; x_wconf 71' lang='grc' dir='ltr'>διαφέρονο</span> <span class='ocrx_word' id='word_1_552' title='bbox 1641 4274 1753 4330; x_wconf 76' lang='grc' dir='ltr'>οἷον</span> 
     </span>
    </p>
   </div>
   <div class='ocr_carea' id='block_1_76' title="bbox 174 4363 1752 4435">
    <p class='ocr_par' dir='ltr' id='par_1_76' title="bbox 174 4363 1752 4435">
     <span class='ocr_line' id='line_1_76' title="bbox 174 4363 1752 4435; baseline 0.005 -21"><span class='ocrx_word' id='word_1_553' title='bbox 174 4365 429 4431; x_wconf 81' lang='grc' dir='ltr'>λέγουσιν</span> <span class='ocrx_word' id='word_1_554' title='bbox 459 4364 510 4415; x_wconf 83' lang='grc' dir='ltr'>οἱ</span> <span class='ocrx_word' id='word_1_555' title='bbox 538 4364 840 4430; x_wconf 76' lang='grc' dir='ltr'>φάσκοντες</span> <span class='ocrx_word' id='word_1_556' title='bbox 867 4363 1029 4415; x_wconf 79' lang='grc' dir='ltr'>αὑτὸν</span> <span class='ocrx_word' id='word_1_557' title='bbox 1056 4363 1212 4432; x_wconf 73' lang='grc' dir='ltr'>ψιλὸν</span> <span class='ocrx_word' id='word_1_558' title='bbox 1234 4364 1538 4435; x_wconf 78' lang='grc' dir='ltr'>ἄνθρωπον.</span> <span class='ocrx_word' id='word_1_559' title='bbox 1594 4363 1752 4422; x_wconf 76' lang='grc' dir='ltr'>Οὗτοι</span> 
     </span>
    </p>
   </div>
   <div class='ocr_carea' id='block_1_77' title="bbox 173 4454 1753 4530">
    <p class='ocr_par' dir='ltr' id='par_1_77' title="bbox 173 4454 1753 4530">
     <span class='ocr_line' id='line_1_77' title="bbox 173 4454 1753 4530; baseline 0.004 -24"><span class='ocrx_word' id='word_1_560' title='bbox 173 4457 278 4524; x_wconf 66' lang='grc' dir='ltr'>γὰρ</span> <span class='ocrx_word' id='word_1_561' title='bbox 331 4456 492 4508; x_wconf 68' lang='grc' dir='ltr'>οὐδὲν</span> <span class='ocrx_word' id='word_1_562' title='bbox 539 4454 634 4506; x_wconf 86' lang='grc' dir='ltr'>τοῦ</span> <span class='ocrx_word' id='word_1_563' title='bbox 689 4455 962 4524; x_wconf 78' lang='grc' dir='ltr'>ἡμετέρου</span> <span class='ocrx_word' id='word_1_564' title='bbox 982 4455 1298 4509; x_wconf 76' lang='grc' dir='ltr'>διαλλάττον</span> <span class='ocrx_word' id='word_1_565' title='bbox 1347 4459 1426 4520; x_wconf 78' lang='grc' dir='ltr'>εἰς</span> <span class='ocrx_word' id='word_1_566' title='bbox 1471 4461 1632 4530; x_wconf 76' lang='grc' dir='ltr'>τιμὴν</span> <span class='ocrx_word' id='word_1_567' title='bbox 1663 4460 1753 4513; x_wconf 83' lang='grc' dir='ltr'>λέ-</span> 
     </span>
    </p>
   </div>
   <div class='ocr_carea' id='block_1_78' title="bbox 173 4533 1826 4620">
    <p class='ocr_par' dir='ltr' id='par_1_78' title="bbox 173 4533 1826 4620">
     <span class='ocr_line' id='line_1_78' title="bbox 173 4533 1826 4620; baseline 0.006 -21"><span class='ocrx_word' id='word_1_568' title='bbox 173 4565 358 4613; x_wconf 75' lang='grc' dir='ltr'>γουσιν</span> <span class='ocrx_word' id='word_1_569' title='bbox 384 4546 539 4602; x_wconf 83' lang='grc' dir='ltr'>αὑτό.</span> <span class='ocrx_word' id='word_1_570' title='bbox 569 4541 703 4598; x_wconf 80' lang='grc' dir='ltr'>Εἶτα</span> <span class='ocrx_word' id='word_1_571' title='bbox 729 4545 792 4598; x_wconf 82' lang='grc' dir='ltr'>τὸ</span> <span class='ocrx_word' id='word_1_572' title='bbox 839 4546 1134 4616; x_wconf 82' lang='grc' dir='ltr'>ἀχάριστον</span> <span class='ocrx_word' id='word_1_573' title='bbox 1159 4547 1338 4600; x_wconf 78' lang='grc' dir='ltr'>αὐτῶν</span> <span class='ocrx_word' id='word_1_574' title='bbox 1363 4547 1597 4612; x_wconf 81' lang='grc' dir='ltr'>δεικνὺς,</span> <span class='ocrx_word' id='word_1_575' title='bbox 1647 4568 1750 4620; x_wconf 78' lang='grc' dir='ltr'>φη·</span> <span class='ocrx_word' id='word_1_576' title='bbox 1779 4533 1826 4589; x_wconf 78' lang='lat' dir='ltr'>D</span> 
     </span>
    </p>
   </div>
   <div class='ocr_carea' id='block_1_79' title="bbox 174 4630 1748 4709">
    <p class='ocr_par' dir='ltr' id='par_1_79' title="bbox 174 4630 1748 4709">
     <span class='ocr_line' id='line_1_79' title="bbox 174 4630 1748 4709; baseline 0.003 -20"><span class='ocrx_word' id='word_1_577' title='bbox 174 4640 274 4704; x_wconf 84' lang='grc' dir='ltr'>σίν,</span> <span class='ocrx_word' id='word_1_578' title='bbox 329 4639 391 4689; x_wconf 77' lang='grc' dir='ltr'>ὲν</span> <span class='ocrx_word' id='word_1_579' title='bbox 436 4630 484 4704; x_wconf 78' lang='grc' dir='ltr'>ᾧ</span> <span class='ocrx_word' id='word_1_580' title='bbox 521 4636 781 4707; x_wconf 77' lang='grc' dir='ltr'>ἡγιάσθη.</span> <span class='ocrx_word' id='word_1_581' title='bbox 831 4655 851 4687; x_wconf 74' lang='grc' dir='ltr'>ι</span> <span class='ocrx_word' id='word_1_582' title='bbox 876 4636 986 4688; x_wconf 77' lang='grc' dir='ltr'>Καὶ</span> <span class='ocrx_word' id='word_1_583' title='bbox 1024 4636 1085 4689; x_wconf 80' lang='grc' dir='ltr'>τὸ</span> <span class='ocrx_word' id='word_1_584' title='bbox 1123 4636 1341 4706; x_wconf 79' lang='grc' dir='ltr'>πνεῦμα</span> <span class='ocrx_word' id='word_1_585' title='bbox 1388 4639 1487 4707; x_wconf 84' lang='grc' dir='ltr'>τῆς</span> <span class='ocrx_word' id='word_1_586' title='bbox 1527 4641 1748 4709; x_wconf 79' lang='grc' dir='ltr'>χάριτος</span> 
     </span>
    </p>
   </div>
   <div class='ocr_carea' id='block_1_80' title="bbox 173 4728 1745 4805">
    <p class='ocr_par' dir='ltr' id='par_1_80' title="bbox 173 4728 1745 4805">
     <span class='ocr_line' id='line_1_80' title="bbox 173 4728 1745 4805; baseline 0.003 -24"><span class='ocrx_word' id='word_1_587' title='bbox 173 4730 482 4800; x_wconf 74' lang='grc' dir='ltr'>ἐνυϐρίσας.</span> <span class='ocrx_word' id='word_1_588' title='bbox 511 4748 530 4780; x_wconf 68' lang='grc' dir='ltr'>ι</span> <span class='ocrx_word' id='word_1_589' title='bbox 600 4730 659 4782; x_wconf 85' lang='grc' dir='ltr'>Ὀ</span> <span class='ocrx_word' id='word_1_590' title='bbox 711 4730 822 4799; x_wconf 79' lang='grc' dir='ltr'>γὰρ</span> <span class='ocrx_word' id='word_1_591' title='bbox 871 4728 971 4799; x_wconf 83' lang='grc' dir='ltr'>τὴν</span> <span class='ocrx_word' id='word_1_592' title='bbox 1009 4729 1291 4798; x_wconf 83' lang='grc' dir='ltr'>διδομένην</span> <span class='ocrx_word' id='word_1_593' title='bbox 1325 4732 1638 4800; x_wconf 73' lang='grc' dir='ltr'>εὐεργεσίαν</span> <span class='ocrx_word' id='word_1_594' title='bbox 1671 4735 1745 4805; x_wconf 87' lang='grc' dir='ltr'>μὴ</span> 
     </span>
    </p>
   </div>
   <div class='ocr_carea' id='block_1_81' title="bbox 172 4820 1745 4893">
    <p class='ocr_par' dir='ltr' id='par_1_81' title="bbox 172 4820 1745 4893">
     <span class='ocr_line' id='line_1_81' title="bbox 172 4820 1745 4893; baseline 0.004 -20"><span class='ocrx_word' id='word_1_595' title='bbox 172 4824 479 4891; x_wconf 71' lang='grc' dir='ltr'>δεχόμενος,</span> <span class='ocrx_word' id='word_1_596' title='bbox 518 4820 706 4891; x_wconf 77' lang='grc' dir='ltr'>ῦσρισε</span> <span class='ocrx_word' id='word_1_597' title='bbox 739 4823 832 4874; x_wconf 77' lang='grc' dir='ltr'>τὸν</span> <span class='ocrx_word' id='word_1_598' title='bbox 867 4823 1195 4893; x_wconf 86' lang='grc' dir='ltr'>παρέχοντα.</span> <span class='ocrx_word' id='word_1_599' title='bbox 1241 4823 1493 4890; x_wconf 71' lang='grc' dir='ltr'>Ἑποίησέ</span> <span class='ocrx_word' id='word_1_600' title='bbox 1527 4842 1586 4877; x_wconf 80' lang='grc' dir='ltr'>σε</span> <span class='ocrx_word' id='word_1_601' title='bbox 1631 4827 1745 4880; x_wconf 78' lang='grc' dir='ltr'>υἱὸν</span> 
     </span>
    </p>
   </div>
   <div class='ocr_carea' id='block_1_82' title="bbox 172 4912 1750 4982">
    <p class='ocr_par' dir='ltr' id='par_1_82' title="bbox 172 4912 1750 4982">
     <span class='ocr_line' id='line_1_82' title="bbox 172 4912 1750 4982; baseline 0.002 -16"><span class='ocrx_word' id='word_1_602' title='bbox 172 4915 322 4975; x_wconf 84' lang='grc' dir='ltr'>Θεοῦ,</span> <span class='ocrx_word' id='word_1_603' title='bbox 384 4917 449 4966; x_wconf 71' lang='grc' dir='ltr'>σὺ</span> <span class='ocrx_word' id='word_1_604' title='bbox 488 4915 545 4966; x_wconf 73' lang='grc' dir='ltr'>δὲ</span> <span class='ocrx_word' id='word_1_605' title='bbox 604 4915 782 4982; x_wconf 76' lang='grc' dir='ltr'>βούλει</span> <span class='ocrx_word' id='word_1_606' title='bbox 841 4912 982 4968; x_wconf 81' lang='grc' dir='ltr'>εἶναι</span> <span class='ocrx_word' id='word_1_607' title='bbox 1043 4913 1229 4975; x_wconf 82' lang='grc' dir='ltr'>δοῦλος</span> <span class='ocrx_word' id='word_1_608' title='bbox 1277 4915 1484 4970; x_wconf 80' lang='grc' dir='ltr'>παθῶν.</span> <span class='ocrx_word' id='word_1_609' title='bbox 1546 4912 1750 4969; x_wconf 66' lang='grc' dir='ltr'>*Ηλθεν</span> 
     </span>
    </p>
   </div>
   <div class='ocr_carea' id='block_1_83' title="bbox 172 5006 1752 5075">
    <p class='ocr_par' dir='ltr' id='par_1_83' title="bbox 172 5006 1752 5075">
     <span class='ocr_line' id='line_1_83' title="bbox 172 5006 1752 5075; baseline 0.003 -18"><span class='ocrx_word' id='word_1_610' title='bbox 172 5009 452 5075; x_wconf 78' lang='grc' dir='ltr'>ἐνοικῆσαι</span> <span class='ocrx_word' id='word_1_611' title='bbox 503 5008 560 5057; x_wconf 76' lang='grc' dir='ltr'>ἐν</span> <span class='ocrx_word' id='word_1_612' title='bbox 602 5008 705 5068; x_wconf 70' lang='grc' dir='ltr'>σοι,</span> <span class='ocrx_word' id='word_1_613' title='bbox 739 5007 804 5058; x_wconf 69' lang='grc' dir='ltr'>σὺ</span> <span class='ocrx_word' id='word_1_614' title='bbox 843 5006 902 5058; x_wconf 83' lang='grc' dir='ltr'>δὲ</span> <span class='ocrx_word' id='word_1_615' title='bbox 938 5006 1256 5072; x_wconf 80' lang='grc' dir='ltr'>ὲπεισάγεις</span> <span class='ocrx_word' id='word_1_616' title='bbox 1289 5007 1473 5075; x_wconf 82' lang='grc' dir='ltr'>σαυτῷ</span> <span class='ocrx_word' id='word_1_617' title='bbox 1513 5009 1600 5060; x_wconf 69' lang='grc' dir='ltr'>τὸν</span> <span class='ocrx_word' id='word_1_618' title='bbox 1637 5009 1752 5062; x_wconf 79' lang='grc' dir='ltr'>διὰ-</span> 
     </span>
    </p>
   </div>
   <div class='ocr_carea' id='block_1_84' title="bbox 172 5088 1750 5166">
    <p class='ocr_par' dir='ltr' id='par_1_84' title="bbox 172 5088 1750 5166">
     <span class='ocr_line' id='line_1_84' title="bbox 172 5088 1750 5166; baseline 0.004 -21"><span class='ocrx_word' id='word_1_619' title='bbox 172 5094 343 5146; x_wconf 85' lang='grc' dir='ltr'>6ολον.</span> <span class='ocrx_word' id='word_1_620' title='bbox 382 5088 532 5162; x_wconf 74' lang='grc' dir='ltr'>Ἀρα</span> <span class='ocrx_word' id='word_1_621' title='bbox 557 5091 728 5147; x_wconf 87' lang='grc' dir='ltr'>ταῦτα</span> <span class='ocrx_word' id='word_1_622' title='bbox 755 5093 853 5163; x_wconf 84' lang='grc' dir='ltr'>οὐχ</span> <span class='ocrx_word' id='word_1_623' title='bbox 889 5093 1045 5162; x_wconf 74' lang='grc' dir='ltr'>ῦῦρις</span> <span class='ocrx_word' id='word_1_624' title='bbox 1094 5098 1238 5147; x_wconf 74' lang='grc' dir='ltr'>κατὰ</span> <span class='ocrx_word' id='word_1_625' title='bbox 1267 5095 1357 5147; x_wconf 88' lang='grc' dir='ltr'>τοῦ</span> <span class='ocrx_word' id='word_1_626' title='bbox 1405 5098 1750 5166; x_wconf 74' lang='grc' dir='ltr'>πνεύματοςς</span> 
     </span>
    </p>
   </div>
   <div class='ocr_carea' id='block_1_85' title="bbox 176 5183 1749 5257">
    <p class='ocr_par' dir='ltr' id='par_1_85' title="bbox 176 5183 1749 5257">
     <span class='ocr_line' id='line_1_85' title="bbox 176 5183 1749 5257; baseline 0.004 -23"><span class='ocrx_word' id='word_1_627' title='bbox 176 5203 192 5234; x_wconf 79' lang='grc' dir='ltr'>ι</span> <span class='ocrx_word' id='word_1_628' title='bbox 222 5185 462 5252; x_wconf 77' lang='grc' dir='ltr'>οἴδαμεν</span> <span class='ocrx_word' id='word_1_629' title='bbox 507 5183 616 5252; x_wconf 82' lang='grc' dir='ltr'>γὰρ</span> <span class='ocrx_word' id='word_1_630' title='bbox 651 5184 741 5236; x_wconf 82' lang='grc' dir='ltr'>τὸν</span> <span class='ocrx_word' id='word_1_631' title='bbox 771 5184 1014 5237; x_wconf 78' lang='grc' dir='ltr'>εἰπόντα.</span> <span class='ocrx_word' id='word_1_632' title='bbox 1044 5203 1062 5235; x_wconf 72' lang='grc' dir='ltr'>ι</span> <span class='ocrx_word' id='word_1_633' title='bbox 1098 5185 1209 5237; x_wconf 75' lang='grc' dir='ltr'>Καὶ</span> <span class='ocrx_word' id='word_1_634' title='bbox 1232 5186 1315 5236; x_wconf 78' lang='grc' dir='ltr'>ὅτι</span> <span class='ocrx_word' id='word_1_635' title='bbox 1343 5185 1516 5238; x_wconf 87' lang='grc' dir='ltr'>ταῦτα</span> <span class='ocrx_word' id='word_1_636' title='bbox 1547 5188 1749 5257; x_wconf 77' lang='grc' dir='ltr'>ἀληθῆ,</span> 
     </span>
    </p>
   </div>
   <div class='ocr_carea' id='block_1_86' title="bbox 174 5275 1744 5349">
    <p class='ocr_par' dir='ltr' id='par_1_86' title="bbox 174 5275 1744 5349">
     <span class='ocr_line' id='line_1_86' title="bbox 174 5275 1744 5349; baseline 0.004 -21"><span class='ocrx_word' id='word_1_637' title='bbox 174 5279 332 5344; x_wconf 68' lang='grc' dir='ltr'>φησιν</span> <span class='ocrx_word' id='word_1_638' title='bbox 354 5317 370 5340; x_wconf 88' lang='grc'>,</span> <span class='ocrx_word' id='word_1_639' title='bbox 396 5275 558 5338; x_wconf 76' lang='grc' dir='ltr'>αὐτὸς</span> <span class='ocrx_word' id='word_1_640' title='bbox 592 5277 618 5326; x_wconf 78' lang='grc' dir='ltr'>ὁ</span> <span class='ocrx_word' id='word_1_641' title='bbox 641 5275 772 5338; x_wconf 87' lang='grc' dir='ltr'>Θεὸς</span> <span class='ocrx_word' id='word_1_642' title='bbox 801 5279 1090 5346; x_wconf 77' lang='grc' dir='ltr'>μαρτυρεῖ,</span> <span class='ocrx_word' id='word_1_643' title='bbox 1132 5278 1334 5344; x_wconf 82' lang='grc' dir='ltr'>λέγων’</span> <span class='ocrx_word' id='word_1_644' title='bbox 1373 5297 1390 5328; x_wconf 81' lang='grc' dir='ltr'>ι</span> <span class='ocrx_word' id='word_1_645' title='bbox 1417 5280 1569 5349; x_wconf 78' lang='grc' dir='ltr'>Ἐμοὶ</span> <span class='ocrx_word' id='word_1_646' title='bbox 1598 5281 1744 5334; x_wconf 82' lang='grc' dir='ltr'>ἐκδί-</span> 
     </span>
    </p>
   </div>
   <div class='ocr_carea' id='block_1_87' title="bbox 173 5367 1744 5440">
    <p class='ocr_par' dir='ltr' id='par_1_87' title="bbox 173 5367 1744 5440">
     <span class='ocr_line' id='line_1_87' title="bbox 173 5367 1744 5440; baseline 0.004 -20"><span class='ocrx_word' id='word_1_647' title='bbox 173 5385 349 5435; x_wconf 75' lang='grc' dir='ltr'>κησις.</span> <span class='ocrx_word' id='word_1_648' title='bbox 387 5386 407 5419; x_wconf 72' lang='grc' dir='ltr'>ι</span> <span class='ocrx_word' id='word_1_649' title='bbox 466 5367 748 5430; x_wconf 81' lang='grc' dir='ltr'>Τουτέστι,</span> <span class='ocrx_word' id='word_1_650' title='bbox 801 5370 930 5438; x_wconf 83' lang='grc' dir='ltr'>παρ’</span> <span class='ocrx_word' id='word_1_651' title='bbox 977 5369 1101 5437; x_wconf 73' lang='grc' dir='ltr'>ἐμοὶ</span> <span class='ocrx_word' id='word_1_652' title='bbox 1155 5370 1214 5420; x_wconf 86' lang='grc' dir='ltr'>τὸ</span> <span class='ocrx_word' id='word_1_653' title='bbox 1257 5370 1512 5425; x_wconf 80' lang='grc' dir='ltr'>ἐκδικεῖν.</span> <span class='ocrx_word' id='word_1_654' title='bbox 1561 5372 1744 5440; x_wconf 78' lang='grc' dir='ltr'>«Ἐγὼ</span> 
     </span>
    </p>
   </div>
   <div class='ocr_carea' id='block_1_88' title="bbox 170 5457 1742 5528">
    <p class='ocr_par' dir='ltr' id='par_1_88' title="bbox 170 5457 1742 5528">
     <span class='ocr_line' id='line_1_88' title="bbox 170 5457 1742 5528; baseline 0.004 -18"><span class='ocrx_word' id='word_1_655' title='bbox 170 5458 557 5521; x_wconf 74' lang='grc' dir='ltr'>ἀνταποδώσω,</span> <span class='ocrx_word' id='word_1_656' title='bbox 590 5457 738 5525; x_wconf 87' lang='grc' dir='ltr'>λέγει</span> <span class='ocrx_word' id='word_1_657' title='bbox 769 5459 993 5527; x_wconf 77' lang='grc' dir='ltr'>Κύριος.</span> <span class='ocrx_word' id='word_1_658' title='bbox 1025 5478 1044 5510; x_wconf 83' lang='grc'>›</span> <span class='ocrx_word' id='word_1_659' title='bbox 1117 5459 1328 5528; x_wconf 85' lang='grc' dir='ltr'>Ἥρέμα</span> <span class='ocrx_word' id='word_1_660' title='bbox 1367 5461 1422 5512; x_wconf 82' lang='grc' dir='ltr'>δὲ</span> <span class='ocrx_word' id='word_1_661' title='bbox 1454 5461 1612 5515; x_wconf 86' lang='grc' dir='ltr'>τοῦτο</span> <span class='ocrx_word' id='word_1_662' title='bbox 1667 5466 1742 5517; x_wconf 80' lang='grc' dir='ltr'>εί-</span> 
     </span>
    </p>
   </div>
   <div class='ocr_carea' id='block_1_89' title="bbox 172 5543 1740 5624">
    <p class='ocr_par' dir='ltr' id='par_1_89' title="bbox 172 5543 1740 5624">
     <span class='ocr_line' id='line_1_89' title="bbox 172 5543 1740 5624; baseline 0.005 -26"><span class='ocrx_word' id='word_1_663' title='bbox 172 5547 300 5611; x_wconf 76' lang='grc' dir='ltr'>πὼν,</span> <span class='ocrx_word' id='word_1_664' title='bbox 317 5548 414 5600; x_wconf 77' lang='grc' dir='ltr'>καὶ</span> <span class='ocrx_word' id='word_1_665' title='bbox 442 5547 846 5617; x_wconf 76' lang='grc' dir='ltr'>παραμυθεῖται</span> <span class='ocrx_word' id='word_1_666' title='bbox 869 5548 1065 5611; x_wconf 76' lang='grc' dir='ltr'>αὐτοὺς</span> <span class='ocrx_word' id='word_1_667' title='bbox 1091 5548 1174 5616; x_wconf 73' lang='grc' dir='ltr'>ἐφ’</span> <span class='ocrx_word' id='word_1_668' title='bbox 1196 5543 1274 5610; x_wconf 75' lang='grc' dir='ltr'>οἷς</span> <span class='ocrx_word' id='word_1_669' title='bbox 1293 5553 1481 5612; x_wconf 82' lang='grc' dir='ltr'>κακοῖς</span> <span class='ocrx_word' id='word_1_670' title='bbox 1500 5551 1740 5624; x_wconf 79' lang='grc' dir='ltr'>ἔπασχον</span> 
     </span>
    </p>
   </div>
   <div class='ocr_carea' id='block_1_90' title="bbox 172 5637 1739 5716">
    <p class='ocr_par' dir='ltr' id='par_1_90' title="bbox 172 5637 1739 5716">
     <span class='ocr_line' id='line_1_90' title="bbox 172 5637 1739 5716; baseline 0.006 -28"><span class='ocrx_word' id='word_1_671' title='bbox 172 5637 267 5692; x_wconf 79' lang='grc' dir='ltr'>ὑπὸ</span> <span class='ocrx_word' id='word_1_672' title='bbox 298 5639 408 5692; x_wconf 76' lang='grc' dir='ltr'>τῶν</span> <span class='ocrx_word' id='word_1_673' title='bbox 442 5638 595 5691; x_wconf 82' lang='grc' dir='ltr'>ῑδῐων</span> <span class='ocrx_word' id='word_1_674' title='bbox 643 5639 1018 5709; x_wconf 72' lang='grc' dir='ltr'>συμφυλετῶν,</span> <span class='ocrx_word' id='word_1_675' title='bbox 1053 5641 1183 5694; x_wconf 77' lang='grc' dir='ltr'>ὡσεὶ</span> <span class='ocrx_word' id='word_1_676' title='bbox 1211 5640 1361 5708; x_wconf 78' lang='grc' dir='ltr'>ἔλεγε</span> <span class='ocrx_word' id='word_1_677' title='bbox 1392 5657 1404 5670; x_wconf 76' lang='grc' dir='ltr'><strong>ο</strong></span> <span class='ocrx_word' id='word_1_678' title='bbox 1443 5643 1508 5695; x_wconf 83' lang='lat' dir='ltr'>Ti</span> <span class='ocrx_word' id='word_1_679' title='bbox 1535 5645 1739 5716; x_wconf 71' lang='grc' dir='ltr'>ἀδημο-</span> 
     </span>
    </p>
   </div>
   <div class='ocr_carea' id='block_1_91' title="bbox 232 5819 868 5888">
    <p class='ocr_par' dir='ltr' id='par_1_91' title="bbox 232 5819 868 5888">
     <span class='ocr_line' id='line_1_91' title="bbox 232 5819 868 5888; baseline -0.002 -16"><span class='ocrx_word' id='word_1_680' title='bbox 232 5819 276 5849; x_wconf 87' lang='grc'>⁹⁶</span> <span class='ocrx_word' id='word_1_681' title='bbox 300 5819 477 5874; x_wconf 71' lang='grc' dir='ltr'>ιοτιι.</span> <span class='ocrx_word' id='word_1_682' title='bbox 512 5837 587 5880; x_wconf 73' lang='grc' dir='ltr'>ιν,</span> <span class='ocrx_word' id='word_1_683' title='bbox 621 5819 692 5871; x_wconf 73' lang='grc'><strong>22</strong></span> <span class='ocrx_word' id='word_1_684' title='bbox 714 5835 868 5888; x_wconf 74' lang='lat' dir='ltr'><strong>seqq.</strong></span> 
     </span>
    </p>
   </div>
   <div class='ocr_carea' id='block_1_92' title="bbox 1866 3269 3435 3339">
    <p class='ocr_par' dir='ltr' id='par_1_92' title="bbox 1866 3269 3435 3339">
     <span class='ocr_line' id='line_1_92' title="bbox 1866 3269 3435 3339; baseline 0.003 -19"><span class='ocrx_word' id='word_1_685' title='bbox 1866 3269 2143 3324; x_wconf 82' lang='lat' dir='ltr'><strong>testiﬁcati</strong></span> <span class='ocrx_word' id='word_1_686' title='bbox 2163 3275 2370 3331; x_wconf 86' lang='lat' dir='ltr'><strong>essent,</strong></span> <span class='ocrx_word' id='word_1_687' title='bbox 2415 3283 2527 3322; x_wconf 91' lang='lat' dir='ltr'>non</span> <span class='ocrx_word' id='word_1_688' title='bbox 2574 3278 2692 3322; x_wconf 85' lang='lat' dir='ltr'><strong>erat</strong></span> <span class='ocrx_word' id='word_1_689' title='bbox 2754 3269 2988 3339; x_wconf 84' lang='lat' dir='ltr'><strong>amplius</strong></span> <span class='ocrx_word' id='word_1_690' title='bbox 3043 3271 3435 3325; x_wconf 69' lang='lat' dir='ltr'><strong>misericordiae</strong></span> 
     </span>
    </p>
   </div>
   <div class='ocr_carea' id='block_1_93' title="bbox 1864 3361 3432 3433">
    <p class='ocr_par' dir='ltr' id='par_1_93' title="bbox 1864 3361 3432 3433">
     <span class='ocr_line' id='line_1_93' title="bbox 1864 3361 3432 3433; baseline 0.001 -18"><span class='ocrx_word' id='word_1_691' title='bbox 1864 3361 2147 3415; x_wconf 73' lang='lat' dir='ltr'><strong>autvenize</strong></span> <span class='ocrx_word' id='word_1_692' title='bbox 2184 3361 2358 3424; x_wconf 84' lang='lat' dir='ltr'><strong>locus,</strong></span> <span class='ocrx_word' id='word_1_693' title='bbox 2384 3361 2478 3414; x_wconf 90' lang='lat' dir='ltr'>sed</span> <span class='ocrx_word' id='word_1_694' title='bbox 2515 3361 2871 3414; x_wconf 85' lang='lat' dir='ltr'><strong>moriebatur.</strong></span> <span class='ocrx_word' id='word_1_695' title='bbox 2917 3361 3080 3432; x_wconf 69' lang='grc'>400</span> <span class='ocrx_word' id='word_1_696' title='bbox 3116 3361 3170 3416; x_wconf 92' lang='lat' dir='ltr'>Si</span> <span class='ocrx_word' id='word_1_697' title='bbox 3227 3365 3272 3416; x_wconf 94' lang='lat' dir='ltr'>is</span> <span class='ocrx_word' id='word_1_698' title='bbox 3302 3381 3432 3433; x_wconf 67' lang='lat' dir='ltr'><strong>ergo</strong></span> 
     </span>
    </p>
   </div>
   <div class='ocr_carea' id='block_1_94' title="bbox 1861 3449 3432 3522">
    <p class='ocr_par' dir='ltr' id='par_1_94' title="bbox 1861 3449 3432 3522">
     <span class='ocr_line' id='line_1_94' title="bbox 1861 3449 3432 3522; baseline 0.002 -18"><span class='ocrx_word' id='word_1_699' title='bbox 1861 3452 1953 3520; x_wconf 89' lang='lat' dir='ltr'>qui</span> <span class='ocrx_word' id='word_1_700' title='bbox 2023 3452 2260 3506; x_wconf 87' lang='lat' dir='ltr'><strong>hominis</strong></span> <span class='ocrx_word' id='word_1_701' title='bbox 2302 3453 2493 3518; x_wconf 81' lang='lat' dir='ltr'><strong>legem,</strong></span> <span class='ocrx_word' id='word_1_702' title='bbox 2536 3449 2638 3505; x_wconf 92' lang='lat' dir='ltr'>hoc</span> <span class='ocrx_word' id='word_1_703' title='bbox 2691 3458 2776 3506; x_wconf 90' lang='lat' dir='ltr'><strong>est</strong></span> <span class='ocrx_word' id='word_1_704' title='bbox 2837 3450 2999 3516; x_wconf 79' lang='lat' dir='ltr'><strong>Mosi,</strong></span> <span class='ocrx_word' id='word_1_705' title='bbox 3053 3460 3432 3522; x_wconf 82' lang='lat' dir='ltr'><strong>transgressus</strong></span> 
     </span>
    </p>
   </div>
   <div class='ocr_carea' id='block_1_95' title="bbox 1861 3545 3432 3614">
    <p class='ocr_par' dir='ltr' id='par_1_95' title="bbox 1861 3545 3432 3614">
     <span class='ocr_line' id='line_1_95' title="bbox 1861 3545 3432 3614; baseline -0.004 -14"><span class='ocrx_word' id='word_1_706' title='bbox 1861 3554 1965 3608; x_wconf 86' lang='lat' dir='ltr'><strong>est,</strong></span> <span class='ocrx_word' id='word_1_707' title='bbox 2006 3545 2214 3614; x_wconf 87' lang='lat' dir='ltr'><strong>absque</strong></span> <span class='ocrx_word' id='word_1_708' title='bbox 2246 3546 2401 3600; x_wconf 80' lang='lat' dir='ltr'><strong>venia</strong></span> <span class='ocrx_word' id='word_1_709' title='bbox 2437 3555 2558 3614; x_wconf 88' lang='lat' dir='ltr'><strong>post</strong></span> <span class='ocrx_word' id='word_1_710' title='bbox 2590 3545 2756 3598; x_wconf 86' lang='lat' dir='ltr'><strong>latum</strong></span> <span class='ocrx_word' id='word_1_711' title='bbox 2822 3546 3200 3599; x_wconf 85' lang='lat' dir='ltr'><strong>testimonium</strong></span> <span class='ocrx_word' id='word_1_712' title='bbox 3263 3547 3432 3600; x_wconf 86' lang='lat' dir='ltr'><strong>mori-</strong></span> 
     </span>
    </p>
   </div>
   <div class='ocr_carea' id='block_1_96' title="bbox 1859 3633 3428 3703">
    <p class='ocr_par' dir='ltr' id='par_1_96' title="bbox 1859 3633 3428 3703">
     <span class='ocr_line' id='line_1_96' title="bbox 1859 3633 3428 3703; baseline -0.001 -15"><span class='ocrx_word' id='word_1_713' title='bbox 1859 3643 1973 3698; x_wconf 89' lang='lat' dir='ltr'><strong>tur,</strong></span> <span class='ocrx_word' id='word_1_714' title='bbox 2011 3633 2212 3703; x_wconf 89' lang='lat' dir='ltr'><strong>inquit,</strong></span> <span class='ocrx_word' id='word_1_715' title='bbox 2248 3633 2382 3703; x_wconf 90' lang='lat' dir='ltr'><strong>quid</strong></span> <span class='ocrx_word' id='word_1_716' title='bbox 2440 3649 2536 3690; x_wconf 90' lang='lat' dir='ltr'>eos</span> <span class='ocrx_word' id='word_1_717' title='bbox 2570 3635 2680 3702; x_wconf 81' lang='lat' dir='ltr'><strong>pati</strong></span> <span class='ocrx_word' id='word_1_718' title='bbox 2723 3644 2978 3703; x_wconf 87' lang='lat' dir='ltr'><strong>oportere</strong></span> <span class='ocrx_word' id='word_1_719' title='bbox 3035 3635 3301 3702; x_wconf 87' lang='lat' dir='ltr'><strong>jndicatis</strong></span> <span class='ocrx_word' id='word_1_720' title='bbox 3337 3651 3386 3700; x_wconf 58' lang='lat' dir='ltr'><strong>qi</strong></span> <span class='ocrx_word' id='word_1_721' title='bbox 3417 3637 3428 3686; x_wconf 89' lang='lat' dir='ltr'><strong>i</strong></span> 
     </span>
    </p>
   </div>
   <div class='ocr_carea' id='block_1_97' title="bbox 1857 3723 3429 3795">
    <p class='ocr_par' dir='ltr' id='par_1_97' title="bbox 1857 3723 3429 3795">
     <span class='ocr_line' id='line_1_97' title="bbox 1857 3723 3429 3795; baseline -0.002 -17"><span class='ocrx_word' id='word_1_722' title='bbox 1857 3724 2061 3778; x_wconf 87' lang='lat' dir='ltr'><strong>Christi</strong></span> <span class='ocrx_word' id='word_1_723' title='bbox 2126 3725 2296 3795; x_wconf 88' lang='lat' dir='ltr'><strong>legem</strong></span> <span class='ocrx_word' id='word_1_724' title='bbox 2347 3725 2838 3778; x_wconf 80' lang='lat' dir='ltr'><strong>conculcaverint?</strong></span> <span class='ocrx_word' id='word_1_725' title='bbox 2877 3743 2895 3774; x_wconf 77' lang='grc' dir='ltr'>ι</span> <span class='ocrx_word' id='word_1_726' title='bbox 2940 3723 3039 3788; x_wconf 87' lang='lat' dir='ltr'><strong>Qui</strong></span> <span class='ocrx_word' id='word_1_727' title='bbox 3102 3723 3299 3777; x_wconf 88' lang='lat' dir='ltr'><strong>Filium</strong></span> <span class='ocrx_word' id='word_1_728' title='bbox 3339 3726 3429 3776; x_wconf 69' lang='lat' dir='ltr'><strong>lh‘i</strong></span> 
     </span>
    </p>
   </div>
   <div class='ocr_carea' id='block_1_98' title="bbox 1857 3812 3427 3882">
    <p class='ocr_par' dir='ltr' id='par_1_98' title="bbox 1857 3812 3427 3882">
     <span class='ocr_line' id='line_1_98' title="bbox 1857 3812 3427 3882; baseline -0.004 -14"><span class='ocrx_word' id='word_1_729' title='bbox 1857 3813 2214 3869; x_wconf 86' lang='lat' dir='ltr'><strong>conculcarit.</strong></span> <span class='ocrx_word' id='word_1_730' title='bbox 2259 3833 2278 3865; x_wconf 71' lang='grc' dir='ltr'>ι</span> <span class='ocrx_word' id='word_1_731' title='bbox 2305 3813 2590 3879; x_wconf 87' lang='lat' dir='ltr'><strong>Quomodo</strong></span> <span class='ocrx_word' id='word_1_732' title='bbox 2624 3822 2805 3869; x_wconf 89' lang='lat' dir='ltr'><strong>autem</strong></span> <span class='ocrx_word' id='word_1_733' title='bbox 2835 3815 3122 3867; x_wconf 84' lang='lat' dir='ltr'><strong>concnleat</strong></span> <span class='ocrx_word' id='word_1_734' title='bbox 3156 3812 3427 3882; x_wconf 83' lang='lat' dir='ltr'><strong>quispiam</strong></span> 
     </span>
    </p>
   </div>
   <div class='ocr_carea' id='block_1_99' title="bbox 1855 3903 3430 3972">
    <p class='ocr_par' dir='ltr' id='par_1_99' title="bbox 1855 3903 3430 3972">
     <span class='ocr_line' id='line_1_99' title="bbox 1855 3903 3430 3972; baseline -0.004 -14"><span class='ocrx_word' id='word_1_735' title='bbox 1855 3903 2055 3958; x_wconf 88' lang='lat' dir='ltr'><strong>Filium</strong></span> <span class='ocrx_word' id='word_1_736' title='bbox 2089 3904 2474 3968; x_wconf 68' lang='lat' dir='ltr'><strong>DeiiQuando</strong></span> <span class='ocrx_word' id='word_1_737' title='bbox 2529 3904 2707 3972; x_wconf 75' lang='lat' dir='ltr'><strong>ipsum</strong></span> <span class='ocrx_word' id='word_1_738' title='bbox 2750 3919 2858 3956; x_wconf 92' lang='lat' dir='ltr'><strong>non</strong></span> <span class='ocrx_word' id='word_1_739' title='bbox 2901 3903 3075 3967; x_wconf 86' lang='lat' dir='ltr'><strong>audit,</strong></span> <span class='ocrx_word' id='word_1_740' title='bbox 3122 3905 3342 3972; x_wconf 80' lang='lat' dir='ltr'><strong>quando</strong></span> <span class='ocrx_word' id='word_1_741' title='bbox 3385 3905 3430 3952; x_wconf 75' lang='lat' dir='ltr'>is</span> 
     </span>
    </p>
   </div>
   <div class='ocr_carea' id='block_1_100' title="bbox 1856 3996 3429 4067">
    <p class='ocr_par' dir='ltr' id='par_1_100' title="bbox 1856 3996 3429 4067">
     <span class='ocr_line' id='line_1_100' title="bbox 1856 3996 3429 4067; baseline -0.003 -16"><span class='ocrx_word' id='word_1_742' title='bbox 1856 3998 1951 4067; x_wconf 89' lang='lat' dir='ltr'>qui</span> <span class='ocrx_word' id='word_1_743' title='bbox 1981 4012 2104 4051; x_wconf 89' lang='lat' dir='ltr'>cum</span> <span class='ocrx_word' id='word_1_744' title='bbox 2140 4013 2205 4052; x_wconf 91' lang='lat' dir='ltr'>eo</span> <span class='ocrx_word' id='word_1_745' title='bbox 2237 3997 2553 4065; x_wconf 83' lang='lat' dir='ltr'><strong>participat,</strong></span> <span class='ocrx_word' id='word_1_746' title='bbox 2589 4003 2813 4064; x_wconf 84' lang='lat' dir='ltr'><strong>peccata</strong></span> <span class='ocrx_word' id='word_1_747' title='bbox 2866 4003 3170 4063; x_wconf 86' lang='lat' dir='ltr'><strong>operatur:</strong></span> <span class='ocrx_word' id='word_1_748' title='bbox 3223 4011 3345 4047; x_wconf 89' lang='lat' dir='ltr'>nam</span> <span class='ocrx_word' id='word_1_749' title='bbox 3377 3996 3429 4047; x_wconf 84' lang='lat' dir='ltr'>id</span> 
     </span>
    </p>
   </div>
   <div class='ocr_carea' id='block_1_101' title="bbox 1855 4085 3426 4156">
    <p class='ocr_par' dir='ltr' id='par_1_101' title="bbox 1855 4085 3426 4156">
     <span class='ocr_line' id='line_1_101' title="bbox 1855 4085 3426 4156; baseline -0.006 -12"><span class='ocrx_word' id='word_1_750' title='bbox 1855 4099 1938 4144; x_wconf 86' lang='lat' dir='ltr'><strong>est</strong></span> <span class='ocrx_word' id='word_1_751' title='bbox 1959 4089 2307 4152; x_wconf 84' lang='lat' dir='ltr'><strong>conculcare,</strong></span> <span class='ocrx_word' id='word_1_752' title='bbox 2328 4103 2524 4156; x_wconf 88' lang='lat' dir='ltr'><strong>nempe</strong></span> <span class='ocrx_word' id='word_1_753' title='bbox 2554 4095 2926 4142; x_wconf 82' lang='lat' dir='ltr'><strong>contemnere.</strong></span> <span class='ocrx_word' id='word_1_754' title='bbox 2968 4104 2986 4136; x_wconf 79' lang='grc' dir='ltr'>ι</span> <span class='ocrx_word' id='word_1_755' title='bbox 3019 4085 3081 4138; x_wconf 82' lang='grc' dir='ltr'>Ει</span> <span class='ocrx_word' id='word_1_756' title='bbox 3106 4086 3426 4155; x_wconf 85' lang='lat' dir='ltr'><strong>sanguinem</strong></span> 
     </span>
    </p>
   </div>
   <div class='ocr_carea' id='block_1_102' title="bbox 1855 4176 3431 4248">
    <p class='ocr_par' dir='ltr' id='par_1_102' title="bbox 1855 4176 3431 4248">
     <span class='ocr_line' id='line_1_102' title="bbox 1855 4176 3431 4248; baseline -0.003 -16"><span class='ocrx_word' id='word_1_757' title='bbox 1855 4179 2196 4234; x_wconf 88' lang='lat' dir='ltr'><strong>testamenti.</strong></span> <span class='ocrx_word' id='word_1_758' title='bbox 2238 4199 2256 4230; x_wconf 75' lang='grc' dir='ltr'>ι</span> <span class='ocrx_word' id='word_1_759' title='bbox 2295 4177 2632 4248; x_wconf 85' lang='lat' dir='ltr'><strong>Sanguinem</strong></span> <span class='ocrx_word' id='word_1_760' title='bbox 2663 4176 2981 4230; x_wconf 85' lang='lat' dir='ltr'><strong>testamenti</strong></span> <span class='ocrx_word' id='word_1_761' title='bbox 3012 4176 3148 4229; x_wconf 88' lang='lat' dir='ltr'><strong>dicit</strong></span> <span class='ocrx_word' id='word_1_762' title='bbox 3204 4176 3431 4244; x_wconf 83' lang='lat' dir='ltr'><strong>sangui-</strong></span> 
     </span>
    </p>
   </div>
   <div class='ocr_carea' id='block_1_103' title="bbox 1854 4267 3427 4340">
    <p class='ocr_par' dir='ltr' id='par_1_103' title="bbox 1854 4267 3427 4340">
     <span class='ocr_line' id='line_1_103' title="bbox 1854 4267 3427 4340; baseline -0.003 -16"><span class='ocrx_word' id='word_1_763' title='bbox 1854 4285 1976 4326; x_wconf 90' lang='lat' dir='ltr'><strong>nem</strong></span> <span class='ocrx_word' id='word_1_764' title='bbox 2022 4270 2262 4324; x_wconf 86' lang='lat' dir='ltr'><strong>Christi:</strong></span> <span class='ocrx_word' id='word_1_765' title='bbox 2297 4286 2394 4340; x_wconf 88' lang='lat' dir='ltr'>per</span> <span class='ocrx_word' id='word_1_766' title='bbox 2431 4271 2609 4339; x_wconf 87' lang='lat' dir='ltr'><strong>ipsum</strong></span> <span class='ocrx_word' id='word_1_767' title='bbox 2671 4268 2815 4320; x_wconf 89' lang='lat' dir='ltr'><strong>enim</strong></span> <span class='ocrx_word' id='word_1_768' title='bbox 2881 4267 3196 4336; x_wconf 88' lang='lat' dir='ltr'><strong>accepimus</strong></span> <span class='ocrx_word' id='word_1_769' title='bbox 3224 4283 3427 4321; x_wconf 84' lang='lat' dir='ltr'><strong>novum</strong></span> 
     </span>
    </p>
   </div>
   <div class='ocr_carea' id='block_1_104' title="bbox 1853 4360 3431 4421">
    <p class='ocr_par' dir='ltr' id='par_1_104' title="bbox 1853 4360 3431 4421">
     <span class='ocr_line' id='line_1_104' title="bbox 1853 4360 3431 4421; baseline -0.004 -3"><span class='ocrx_word' id='word_1_770' title='bbox 1853 4375 2260 4421; x_wconf 85' lang='lat' dir='ltr'><strong>testamentum.</strong></span> <span class='ocrx_word' id='word_1_771' title='bbox 2312 4382 2331 4414; x_wconf 78' lang='grc' dir='ltr'>ι</span> <span class='ocrx_word' id='word_1_772' title='bbox 2388 4363 2745 4417; x_wconf 88' lang='lat' dir='ltr'><strong>Communem</strong></span> <span class='ocrx_word' id='word_1_773' title='bbox 2799 4360 3064 4415; x_wconf 83' lang='lat' dir='ltr'><strong>habuerit.</strong></span> <span class='ocrx_word' id='word_1_774' title='bbox 3112 4379 3130 4411; x_wconf 70' lang='grc' dir='ltr'>ι</span> <span class='ocrx_word' id='word_1_775' title='bbox 3171 4361 3431 4415; x_wconf 81' lang='lat' dir='ltr'><strong>Commu-</strong></span> 
     </span>
    </p>
   </div>
   <div class='ocr_carea' id='block_1_105' title="bbox 1853 4452 3425 4526">
    <p class='ocr_par' dir='ltr' id='par_1_105' title="bbox 1853 4452 3425 4526">
     <span class='ocr_line' id='line_1_105' title="bbox 1853 4452 3425 4526; baseline -0.008 -13"><span class='ocrx_word' id='word_1_776' title='bbox 1853 4475 2002 4522; x_wconf 91' lang='lat' dir='ltr'><strong>nem,</strong></span> <span class='ocrx_word' id='word_1_777' title='bbox 2041 4467 2298 4526; x_wconf 88' lang='lat' dir='ltr'><strong>tanquam</strong></span> <span class='ocrx_word' id='word_1_778' title='bbox 2325 4455 2541 4510; x_wconf 74' lang='lat' dir='ltr'><strong>cancris</strong></span> <span class='ocrx_word' id='word_1_779' title='bbox 2565 4455 2700 4508; x_wconf 91' lang='lat' dir='ltr'><strong>nihil</strong></span> <span class='ocrx_word' id='word_1_780' title='bbox 2725 4453 3086 4508; x_wconf 80' lang='lat' dir='ltr'><strong>excellentius</strong></span> <span class='ocrx_word' id='word_1_781' title='bbox 3113 4452 3425 4512; x_wconf 77' lang='lat' dir='ltr'><strong>habentem,</strong></span> 
     </span>
    </p>
   </div>
   <div class='ocr_carea' id='block_1_106' title="bbox 1855 4544 3429 4617">
    <p class='ocr_par' dir='ltr' id='par_1_106' title="bbox 1855 4544 3429 4617">
     <span class='ocr_line' id='line_1_106' title="bbox 1855 4544 3429 4617; baseline -0.008 -11"><span class='ocrx_word' id='word_1_782' title='bbox 1855 4551 2019 4606; x_wconf 85' lang='lat' dir='ltr'><strong>sicuti</strong></span> <span class='ocrx_word' id='word_1_783' title='bbox 2050 4548 2352 4617; x_wconf 88' lang='lat' dir='ltr'><strong>dicuntqui</strong></span> <span class='ocrx_word' id='word_1_784' title='bbox 2392 4548 2565 4615; x_wconf 91' lang='lat' dir='ltr'><strong>ipsum</strong></span> <span class='ocrx_word' id='word_1_785' title='bbox 2613 4547 2765 4599; x_wconf 88' lang='lat' dir='ltr'><strong>aiunt</strong></span> <span class='ocrx_word' id='word_1_786' title='bbox 2816 4546 3022 4599; x_wconf 87' lang='lat' dir='ltr'><strong>nudum</strong></span> <span class='ocrx_word' id='word_1_787' title='bbox 3075 4559 3200 4598; x_wconf 89' lang='lat' dir='ltr'><strong>esse</strong></span> <span class='ocrx_word' id='word_1_788' title='bbox 3252 4544 3429 4597; x_wconf 91' lang='lat' dir='ltr'><strong>homi-</strong></span> 
     </span>
    </p>
   </div>
   <div class='ocr_carea' id='block_1_107' title="bbox 1855 4637 3431 4711">
    <p class='ocr_par' dir='ltr' id='par_1_107' title="bbox 1855 4637 3431 4711">
     <span class='ocr_line' id='line_1_107' title="bbox 1855 4637 3431 4711; baseline -0.006 -14"><span class='ocrx_word' id='word_1_789' title='bbox 1855 4657 2002 4697; x_wconf 89' lang='lat' dir='ltr'><strong>nem.</strong></span> <span class='ocrx_word' id='word_1_790' title='bbox 2037 4642 2362 4711; x_wconf 88' lang='lat' dir='ltr'><strong>Hinamque</strong></span> <span class='ocrx_word' id='word_1_791' title='bbox 2399 4639 2536 4693; x_wconf 89' lang='lat' dir='ltr'><strong>nihil</strong></span> <span class='ocrx_word' id='word_1_792' title='bbox 2572 4655 2696 4694; x_wconf 88' lang='lat' dir='ltr'><strong>esse</strong></span> <span class='ocrx_word' id='word_1_793' title='bbox 2745 4637 2937 4692; x_wconf 90' lang='lat' dir='ltr'><strong>dicunt</strong></span> <span class='ocrx_word' id='word_1_794' title='bbox 2994 4638 3148 4691; x_wconf 89' lang='lat' dir='ltr'><strong>illum</strong></span> <span class='ocrx_word' id='word_1_795' title='bbox 3205 4639 3431 4704; x_wconf 80' lang='lat' dir='ltr'><strong>sangui-</strong></span> 
     </span>
    </p>
   </div>
   <div class='ocr_carea' id='block_1_108' title="bbox 1855 4729 3425 4801">
    <p class='ocr_par' dir='ltr' id='par_1_108' title="bbox 1855 4729 3425 4801">
     <span class='ocr_line' id='line_1_108' title="bbox 1855 4729 3425 4801; baseline -0.004 -14"><span class='ocrx_word' id='word_1_796' title='bbox 1855 4749 2002 4797; x_wconf 87' lang='lat' dir='ltr'><strong>nem,</strong></span> <span class='ocrx_word' id='word_1_797' title='bbox 2032 4733 2086 4785; x_wconf 92' lang='lat' dir='ltr'><strong>in</strong></span> <span class='ocrx_word' id='word_1_798' title='bbox 2139 4749 2247 4801; x_wconf 90' lang='lat' dir='ltr'>quo</span> <span class='ocrx_word' id='word_1_799' title='bbox 2299 4732 2539 4785; x_wconf 73' lang='lat' dir='ltr'><strong>varietur</strong></span> <span class='ocrx_word' id='word_1_800' title='bbox 2597 4745 2628 4784; x_wconf 87' lang='lat' dir='ltr'>a</span> <span class='ocrx_word' id='word_1_801' title='bbox 2664 4741 2855 4786; x_wconf 86' lang='lat' dir='ltr'><strong>nostro</strong></span> <span class='ocrx_word' id='word_1_802' title='bbox 2913 4744 3023 4798; x_wconf 92' lang='lat' dir='ltr'><strong>quo</strong></span> <span class='ocrx_word' id='word_1_803' title='bbox 3056 4729 3121 4783; x_wconf 87' lang='lat' dir='ltr'>ad</span> <span class='ocrx_word' id='word_1_804' title='bbox 3162 4729 3425 4782; x_wconf 82' lang='lat' dir='ltr'><strong>honorem</strong></span> 
     </span>
    </p>
   </div>
   <div class='ocr_carea' id='block_1_109' title="bbox 1853 4818 3424 4894">
    <p class='ocr_par' dir='ltr' id='par_1_109' title="bbox 1853 4818 3424 4894">
     <span class='ocr_line' id='line_1_109' title="bbox 1853 4818 3424 4894; baseline -0.008 -15"><span class='ocrx_word' id='word_1_805' title='bbox 1853 4826 2112 4894; x_wconf 83' lang='lat' dir='ltr'><strong>pertinet.</strong></span> <span class='ocrx_word' id='word_1_806' title='bbox 2142 4823 2343 4878; x_wconf 85' lang='lat' dir='ltr'><strong>Deinde</strong></span> <span class='ocrx_word' id='word_1_807' title='bbox 2372 4824 2590 4876; x_wconf 89' lang='lat' dir='ltr'><strong>illorum</strong></span> <span class='ocrx_word' id='word_1_808' title='bbox 2636 4822 2933 4876; x_wconf 89' lang='lat' dir='ltr'><strong>ostendens</strong></span> <span class='ocrx_word' id='word_1_809' title='bbox 2971 4818 3424 4889; x_wconf 84' lang='lat' dir='ltr'><strong>ingratitudinem</strong></span> 
     </span>
    </p>
   </div>
   <div class='ocr_carea' id='block_1_110' title="bbox 1855 4907 3425 4982">
    <p class='ocr_par' dir='ltr' id='par_1_110' title="bbox 1855 4907 3425 4982">
     <span class='ocr_line' id='line_1_110' title="bbox 1855 4907 3425 4982; baseline -0.01 -13"><span class='ocrx_word' id='word_1_810' title='bbox 1855 4918 1963 4969; x_wconf 87' lang='lat' dir='ltr'><strong>ait:</strong></span> <span class='ocrx_word' id='word_1_811' title='bbox 1994 4916 2096 4969; x_wconf 86' lang='lat' dir='ltr'><strong>Per</strong></span> <span class='ocrx_word' id='word_1_812' title='bbox 2136 4929 2297 4982; x_wconf 90' lang='lat' dir='ltr'><strong>quem</strong></span> <span class='ocrx_word' id='word_1_813' title='bbox 2350 4911 2530 4965; x_wconf 81' lang='lat' dir='ltr'><strong>fuerat</strong></span> <span class='ocrx_word' id='word_1_814' title='bbox 2573 4911 2972 4965; x_wconf 87' lang='lat' dir='ltr'><strong>sanetillcatns.</strong></span> <span class='ocrx_word' id='word_1_815' title='bbox 3023 4927 3040 4960; x_wconf 82' lang='grc' dir='ltr'>ι</span> <span class='ocrx_word' id='word_1_816' title='bbox 3078 4907 3141 4960; x_wconf 81' lang='lat' dir='ltr'><strong>Et</strong></span> <span class='ocrx_word' id='word_1_817' title='bbox 3172 4907 3425 4976; x_wconf 81' lang='lat' dir='ltr'><strong>spiritum</strong></span> 
     </span>
    </p>
   </div>
   <div class='ocr_carea' id='block_1_111' title="bbox 1856 5001 3424 5078">
    <p class='ocr_par' dir='ltr' id='par_1_111' title="bbox 1856 5001 3424 5078">
     <span class='ocr_line' id='line_1_111' title="bbox 1856 5001 3424 5078; baseline -0.007 -17"><span class='ocrx_word' id='word_1_818' title='bbox 1856 5012 2046 5078; x_wconf 65' lang='lat' dir='ltr'><strong>gratiae</strong></span> <span class='ocrx_word' id='word_1_819' title='bbox 2097 5007 2299 5075; x_wconf 86' lang='lat' dir='ltr'><strong>injuria</strong></span> <span class='ocrx_word' id='word_1_820' title='bbox 2361 5003 2628 5058; x_wconf 63' lang='lat' dir='ltr'><strong>aﬂ‘eeerit.</strong></span> <span class='ocrx_word' id='word_1_821' title='bbox 2669 5021 2687 5054; x_wconf 75' lang='grc' dir='ltr'>ι</span> <span class='ocrx_word' id='word_1_822' title='bbox 2740 5001 2874 5055; x_wconf 82' lang='lat' dir='ltr'><strong>Nam</strong></span> <span class='ocrx_word' id='word_1_823' title='bbox 2924 5002 3016 5070; x_wconf 90' lang='lat' dir='ltr'><strong>qui</strong></span> <span class='ocrx_word' id='word_1_824' title='bbox 3073 5001 3258 5054; x_wconf 92' lang='lat' dir='ltr'><strong>datum</strong></span> <span class='ocrx_word' id='word_1_825' title='bbox 3315 5015 3424 5052; x_wconf 79' lang='lat' dir='ltr'>non</span> 
     </span>
    </p>
   </div>
   <div class='ocr_carea' id='block_1_112' title="bbox 1855 5093 3424 5168">
    <p class='ocr_par' dir='ltr' id='par_1_112' title="bbox 1855 5093 3424 5168">
     <span class='ocr_line' id='line_1_112' title="bbox 1855 5093 3424 5168; baseline -0.006 -14"><span class='ocrx_word' id='word_1_826' title='bbox 1855 5101 2087 5168; x_wconf 89' lang='lat' dir='ltr'><strong>suscipit</strong></span> <span class='ocrx_word' id='word_1_827' title='bbox 2113 5097 2463 5161; x_wconf 79' lang='lat' dir='ltr'><strong>beneﬁcium,</strong></span> <span class='ocrx_word' id='word_1_828' title='bbox 2493 5111 2616 5150; x_wconf 90' lang='lat' dir='ltr'>eum</span> <span class='ocrx_word' id='word_1_829' title='bbox 2648 5099 2742 5165; x_wconf 87' lang='lat' dir='ltr'>qui</span> <span class='ocrx_word' id='word_1_830' title='bbox 2793 5095 2976 5158; x_wconf 88' lang='lat' dir='ltr'><strong>dabat,</strong></span> <span class='ocrx_word' id='word_1_831' title='bbox 3013 5094 3174 5148; x_wconf 83' lang='lat' dir='ltr'><strong>allicit</strong></span> <span class='ocrx_word' id='word_1_832' title='bbox 3201 5093 3424 5159; x_wconf 81' lang='lat' dir='ltr'><strong>injuria.</strong></span> 
     </span>
    </p>
   </div>
   <div class='ocr_carea' id='block_1_113' title="bbox 1855 5186 3424 5250">
    <p class='ocr_par' dir='ltr' id='par_1_113' title="bbox 1855 5186 3424 5250">
     <span class='ocr_line' id='line_1_113' title="bbox 1855 5186 3424 5250; baseline -0.004 -6"><span class='ocrx_word' id='word_1_833' title='bbox 1855 5190 2009 5244; x_wconf 83' lang='lat' dir='ltr'><strong>Fecit</strong></span> <span class='ocrx_word' id='word_1_834' title='bbox 2039 5201 2090 5245; x_wconf 85' lang='lat' dir='ltr'>te</span> <span class='ocrx_word' id='word_1_835' title='bbox 2123 5189 2213 5244; x_wconf 90' lang='lat' dir='ltr'><strong>Dei</strong></span> <span class='ocrx_word' id='word_1_836' title='bbox 2241 5190 2431 5250; x_wconf 89' lang='lat' dir='ltr'><strong>lilium,</strong></span> <span class='ocrx_word' id='word_1_837' title='bbox 2473 5195 2529 5241; x_wconf 90' lang='lat' dir='ltr'>tu</span> <span class='ocrx_word' id='word_1_838' title='bbox 2587 5197 2769 5242; x_wconf 85' lang='lat' dir='ltr'><strong>autem</strong></span> <span class='ocrx_word' id='word_1_839' title='bbox 2821 5189 2996 5242; x_wconf 79' lang='lat' dir='ltr'><strong>mavis</strong></span> <span class='ocrx_word' id='word_1_840' title='bbox 3027 5186 3164 5240; x_wconf 80' lang='lat' dir='ltr'><strong>eihei</strong></span> <span class='ocrx_word' id='word_1_841' title='bbox 3208 5201 3424 5240; x_wconf 83' lang='lat' dir='ltr'><strong>servus.</strong></span> 
     </span>
    </p>
   </div>
   <div class='ocr_carea' id='block_1_114' title="bbox 1856 5277 3425 5344">
    <p class='ocr_par' dir='ltr' id='par_1_114' title="bbox 1856 5277 3425 5344">
     <span class='ocr_line' id='line_1_114' title="bbox 1856 5277 3425 5344; baseline -0.006 -11"><span class='ocrx_word' id='word_1_842' title='bbox 1856 5279 2017 5335; x_wconf 78' lang='lat' dir='ltr'><strong>Venit</strong></span> <span class='ocrx_word' id='word_1_843' title='bbox 2050 5288 2108 5332; x_wconf 92' lang='lat' dir='ltr'>ut</span> <span class='ocrx_word' id='word_1_844' title='bbox 2135 5280 2186 5333; x_wconf 93' lang='lat' dir='ltr'><strong>in</strong></span> <span class='ocrx_word' id='word_1_845' title='bbox 2215 5288 2268 5332; x_wconf 89' lang='lat' dir='ltr'><strong>te</strong></span> <span class='ocrx_word' id='word_1_846' title='bbox 2289 5280 2584 5341; x_wconf 88' lang='lat' dir='ltr'><strong>habitaret,</strong></span> <span class='ocrx_word' id='word_1_847' title='bbox 2617 5289 2674 5331; x_wconf 91' lang='lat' dir='ltr'><strong>tu</strong></span> <span class='ocrx_word' id='word_1_848' title='bbox 2715 5293 2847 5332; x_wconf 80' lang='lat' dir='ltr'><strong>vero</strong></span> <span class='ocrx_word' id='word_1_849' title='bbox 2869 5278 3148 5331; x_wconf 89' lang='lat' dir='ltr'><strong>diabolum</strong></span> <span class='ocrx_word' id='word_1_850' title='bbox 3175 5277 3226 5329; x_wconf 90' lang='lat' dir='ltr'><strong>in</strong></span> <span class='ocrx_word' id='word_1_851' title='bbox 3251 5277 3425 5344; x_wconf 61' lang='lat' dir='ltr'><strong>teipsu</strong></span> 
     </span>
    </p>
   </div>
   <div class='ocr_carea' id='block_1_115' title="bbox 1853 5368 3425 5439">
    <p class='ocr_par' dir='ltr' id='par_1_115' title="bbox 1853 5368 3425 5439">
     <span class='ocr_line' id='line_1_115' title="bbox 1853 5368 3425 5439; baseline -0.006 -13"><span class='ocrx_word' id='word_1_852' title='bbox 1853 5373 2178 5426; x_wconf 89' lang='lat' dir='ltr'><strong>introducis.</strong></span> <span class='ocrx_word' id='word_1_853' title='bbox 2213 5371 2410 5424; x_wconf 81' lang='lat' dir='ltr'><strong>Annon</strong></span> <span class='ocrx_word' id='word_1_854' title='bbox 2439 5370 2641 5439; x_wconf 83' lang='lat' dir='ltr'><strong>injuria</strong></span> <span class='ocrx_word' id='word_1_855' title='bbox 2665 5378 2720 5424; x_wconf 91' lang='lat' dir='ltr'><strong>et</strong></span> <span class='ocrx_word' id='word_1_856' title='bbox 2757 5370 3088 5423; x_wconf 86' lang='lat' dir='ltr'><strong>contumelia</strong></span> <span class='ocrx_word' id='word_1_857' title='bbox 3126 5377 3254 5423; x_wconf 88' lang='lat' dir='ltr'><strong>sunt</strong></span> <span class='ocrx_word' id='word_1_858' title='bbox 3309 5368 3425 5420; x_wconf 64' lang='lat' dir='ltr'><strong>hau:</strong></span> 
     </span>
    </p>
   </div>
   <div class='ocr_carea' id='block_1_116' title="bbox 1852 5457 3424 5529">
    <p class='ocr_par' dir='ltr' id='par_1_116' title="bbox 1852 5457 3424 5529">
     <span class='ocr_line' id='line_1_116' title="bbox 1852 5457 3424 5529; baseline -0.003 -15"><span class='ocrx_word' id='word_1_859' title='bbox 1852 5463 2117 5516; x_wconf 83' lang='lat' dir='ltr'><strong>adversus</strong></span> <span class='ocrx_word' id='word_1_860' title='bbox 2184 5459 2470 5529; x_wconf 85' lang='lat' dir='ltr'><strong>spiritum?</strong></span> <span class='ocrx_word' id='word_1_861' title='bbox 2535 5478 2554 5511; x_wconf 80' lang='grc' dir='ltr'>ι</span> <span class='ocrx_word' id='word_1_862' title='bbox 2612 5459 2874 5514; x_wconf 81' lang='lat' dir='ltr'><strong>Novimus</strong></span> <span class='ocrx_word' id='word_1_863' title='bbox 2933 5461 3077 5514; x_wconf 71' lang='lat' dir='ltr'><strong>etaim</strong></span> <span class='ocrx_word' id='word_1_864' title='bbox 3148 5473 3272 5512; x_wconf 90' lang='lat' dir='ltr'>eum</span> <span class='ocrx_word' id='word_1_865' title='bbox 3330 5457 3424 5526; x_wconf 88' lang='lat' dir='ltr'>qui</span> 
     </span>
    </p>
   </div>
   <div class='ocr_carea' id='block_1_117' title="bbox 1850 5550 3427 5622">
    <p class='ocr_par' dir='ltr' id='par_1_117' title="bbox 1850 5550 3427 5622">
     <span class='ocr_line' id='line_1_117' title="bbox 1850 5550 3427 5622; baseline -0.006 -14"><span class='ocrx_word' id='word_1_866' title='bbox 1850 5553 2008 5608; x_wconf 80' lang='lat' dir='ltr'><strong>dixit.</strong></span> <span class='ocrx_word' id='word_1_867' title='bbox 2047 5571 2064 5602; x_wconf 76' lang='grc' dir='ltr'>ι</span> <span class='ocrx_word' id='word_1_868' title='bbox 2106 5550 2171 5605; x_wconf 77' lang='lat' dir='ltr'><strong>Et</strong></span> <span class='ocrx_word' id='word_1_869' title='bbox 2206 5552 2349 5621; x_wconf 88' lang='lat' dir='ltr'><strong>quod</strong></span> <span class='ocrx_word' id='word_1_870' title='bbox 2394 5551 2507 5606; x_wconf 72' lang='lat' dir='ltr'><strong>haec</strong></span> <span class='ocrx_word' id='word_1_871' title='bbox 2543 5567 2672 5606; x_wconf 85' lang='lat' dir='ltr'><strong>vera</strong></span> <span class='ocrx_word' id='word_1_872' title='bbox 2725 5553 2856 5617; x_wconf 86' lang='lat' dir='ltr'><strong>sint,</strong></span> <span class='ocrx_word' id='word_1_873' title='bbox 2891 5551 3088 5622; x_wconf 87' lang='lat' dir='ltr'><strong>inquit,</strong></span> <span class='ocrx_word' id='word_1_874' title='bbox 3133 5556 3427 5605; x_wconf 79' lang='lat' dir='ltr'><strong>attestatur</strong></span> 
     </span>
    </p>
   </div>
   <div class='ocr_carea' id='block_1_118' title="bbox 1849 5641 3424 5715">
    <p class='ocr_par' dir='ltr' id='par_1_118' title="bbox 1849 5641 3424 5715">
     <span class='ocr_line' id='line_1_118' title="bbox 1849 5641 3424 5715; baseline -0.003 -18"><span class='ocrx_word' id='word_1_875' title='bbox 1849 5646 1964 5714; x_wconf 83' lang='lat' dir='ltr'><strong>ipse</strong></span> <span class='ocrx_word' id='word_1_876' title='bbox 2001 5643 2142 5698; x_wconf 85' lang='lat' dir='ltr'><strong>Deus</strong></span> <span class='ocrx_word' id='word_1_877' title='bbox 2176 5645 2266 5715; x_wconf 87' lang='lat' dir='ltr'>qui</span> <span class='ocrx_word' id='word_1_878' title='bbox 2293 5646 2426 5699; x_wconf 70' lang='lat' dir='ltr'><strong>cait:</strong></span> <span class='ocrx_word' id='word_1_879' title='bbox 2478 5663 2495 5696; x_wconf 82' lang='grc' dir='ltr'>ι</span> <span class='ocrx_word' id='word_1_880' title='bbox 2533 5642 2710 5700; x_wconf 70' lang='lat' dir='ltr'><strong>Meum</strong></span> <span class='ocrx_word' id='word_1_881' title='bbox 2758 5652 2844 5700; x_wconf 82' lang='lat' dir='ltr'><strong>est</strong></span> <span class='ocrx_word' id='word_1_882' title='bbox 2886 5645 3101 5698; x_wconf 83' lang='lat' dir='ltr'><strong>ulcisci.</strong></span> <span class='ocrx_word' id='word_1_883' title='bbox 3141 5662 3160 5695; x_wconf 71' lang='grc' dir='ltr'>ι</span> <span class='ocrx_word' id='word_1_884' title='bbox 3192 5641 3301 5696; x_wconf 80' lang='lat' dir='ltr'><strong>Hoc</strong></span> <span class='ocrx_word' id='word_1_885' title='bbox 3340 5650 3424 5694; x_wconf 81' lang='lat' dir='ltr'>est</span> 
     </span>
    </p>
   </div>
  </div>
