4178 6454
704 385 802 451 ιιι
1750 387 2143 448 (ECUMENII
2183 386 2295 444 ΤΒ]

2402 387 2473 446 ’.Ε
2509 384 2848 447 EPISCOPI
3843 383 3966 450 412

707 503 997 558 sumetiam
1026 517 1116 569 per
1147 502 1459 570 parabotam
1495 502 1707 568 recepit.
1769 501 1867 556 Per
1897 504 2055 570 ﬁdem
2088 500 2152 554 de
2191 500 2276 569 [ιι-

2402 503 2544 567 ῧεός.
2586 504 2766 556 Ὅθεν
2799 502 2986 556 αὐτὸν
3021 502 3122 555 καί
3161 503 3231 556 ἐν
3262 497 3575 568 παραϐολῇ
3611 500 3975 566 ἐκομίσατο.

709 598 841 649 turis
875 593 1032 648 Isaac
1061 592 1321 648 benedixit
1354 592 1520 648 Iacob
1543 603 1591 648 et
1617 592 1780 648 Esau.
1807 593 1906 646 Per
1935 593 2093 660 ﬁdem
2107 590 2276 645 Iacob

2402 594 2593 646 Πίστει
2640 594 2774 661 περὶ
2811 594 3168 661 μελλόντων
3222 593 3561 660 εὐλόγησεν
3601 589 3811 643 Ἰσαὰκ
3855 591 3977 642 τὸν

710 691 939 743 moriens
973 689 1198 757 singulis
1229 689 1357 756 ﬁliis
1382 687 1580 757 Ioseph
1614 688 1901 750 benedixit.
1951 699 2000 742 et
2037 686 2279 740 adoravit

2402 682 2607 738 Ἰακὼϐ
2635 685 2732 737 καί
2767 684 2874 737 τὸν
2926 684 3139 738 Ἡσαῦ.
3192 685 3396 738 Πίστει
3445 680 3654 736 Ἰακὼϐ
3690 679 3940 745 ἀποθνή

709 782 980 851 fastigium
1015 783 1173 849 virga!
1202 781 1370 833 illius.
1402 779 1509 835 Per
1547 781 1703 849 [idem
1732 777 1929 850 Ioseph
1956 781 2184 834 moriens
2217 779 2280 831 de

2402 789 2570 836 γιιων,
2593 775 2856 828 ἕκαστον
2897 775 3015 828 τῶν
3046 773 3192 829 υίῶν
3247 772 3459 840 Ἰωσὴφ
3495 775 3818 840 εὐλόγησε,
3863 771 3974 823 καὶ

707 873 1004 938 egressione
1038 872 1270 940 ﬁliorum
1301 869 1468 926 Israel
1491 872 1747 937 meminit,
1769 880 1817 924 et
1846 874 1910 926 ile
1943 870 2147 925 ossibus
2169 871 2278 923 suis

2402 867 2851 932 προσεκύνησεν
2883 865 2983 918 ἐπὶ
3022 864 3090 918 τὸ
3137 865 3328 930 ἀκρον
3349 862 3461 931 τῆς
3488 861 3716 930 ῥάϐδου
3749 861 3973 914 αὑτοῦ.

711 962 1005 1016 mandavit.
2387 958 2594 1010 Πίστει
2638 954 2860 1024 Ἰωσὴφ
2893 953 3208 1014 τελευτῶν,
3234 953 3367 1020 περὶ
3408 952 3520 1020 τῆς
3580 951 3799 1016 ἐξόδου
3845 949 3978 1004 τῶν·

2389 1047 2618 1102 ὀστέων
2648 1048 2833 1101 αὑτοῦ
2878 1047 3242 1100 ἐνετείλατο.

789 1159 807 1189 ι
833 1139 933 1191 Per
967 1139 1124 1194 tidem
1168 1137 1362 1192 obtulit
1417 1137 1689 1192 Abraham
1730 1137 1898 1190 Isaac.
1927 1154 1945 1186 ι
2006 1134 2179 1201 Quam
2207 1134 2273 1188 ﬂ-

2468 1157 2487 1190 ι
2528 1139 2714 1191 Πίστει
2747 1140 3139 1210 προσενήνοχεν
3195 1136 3446 1206 Ἀϐραὰμ
3503 1136 3600 1187 τὸν
3662 1133 3874 1187 Ἰσαάκ.
3950 1150 3973 1185 s

714 1231 875 1283 dem?
907 1230 1060 1296 Quod
1110 1231 1272 1282 etiam
1304 1246 1332 1282 a
1357 1231 1586 1283 mortuis
1619 1228 1758 1282 Deus
1789 1229 2024 1282 excitare
2071 1235 2276 1296 posset.

721 1323 896 1377 «Cum
954 1331 1320 1376 tentaretur.)
1381 1321 1647 1375 Tentabat
1709 1330 1887 1374 autem
1923 1341 1934 1376 :
1969 1337 2078 1375 non
2134 1319 2283 1389 quod

717 1429 856 1482 opus
909 1423 1058 1468 esset
1110 1415 1211 1482 ipsi
1257 1414 1467 1467 discere
1516 1428 1637 1482 quae
1675 1414 1728 1467 in
1755 1413 2027 1466 Abraham
2055 1420 2280 1466 essent:

719 1505 995 1571 quomodo
1047 1505 1190 1557 enim
1253 1505 1355 1558 hoc
1403 1513 1570 1568 esset,
1627 1519 1754 1558 cum
1814 1504 2130 1573 singillatim
2172 1503 2286 1572 ipse

719 1602 998 1647 scrutetur
1055 1593 1217 1647 corda
1273 1603 1460 1648 nostra
1481 1595 1569 1647 "‘i
1600 1593 1706 1648 Sed
1746 1602 1804 1647 ut
1832 1594 1962 1648 illud
2009 1594 2166 1648 nobis
2203 1593 2286 1646 fa-

719 1695 867 1740 ceret
905 1686 1278 1740 manifestum.
1315 1704 1333 1737 ι
1364 1686 1425 1739 Ει
1450 1687 1812 1756 unigenitum.
1841 1705 1859 1736 ›
1893 1684 1970 1740 Ne
1995 1686 2119 1754 quis
2140 1687 2287 1738 enim

724 1775 870 1830 dicat
904 1777 1047 1844 quod
1093 1777 1257 1830 alium
1285 1778 1462 1832 adhuc
1502 1779 1737 1831 habebat
1765 1777 1957 1840 ﬁlium,
1983 1786 2037 1830 et
2060 1790 2290 1844 sperans

2391 1230 2528 1301 Ποία
2559 1231 2774 1296 πίστει;
2823 1232 2906 1283 ὅτι
2957 1231 3053 1283 καὶ
3088 1231 3150 1282 ὲκ
3194 1229 3405 1295 νεκρῶν
3427 1228 3664 1296 ἐγείρειν
3685 1227 3911 1280 δύναται
3945 1228 3981 1278 ὁ

2391 1322 2546 1384 Θεός.
2592 1340 2611 1373 ι
2664 1322 3086 1391 Πειραζόμενον.
3131 1339 3150 1371 ι
3199 1319 3485 1388 Ἐπείραζε
3529 1319 3605 1382 δὲ,
3651 1320 3752 1370 οὐκ
3804 1319 3979 1378 αὐτὸς

2391 1411 2644 1480 δεόμενον
2679 1412 2870 1482 μαθεῖν
2919 1413 2990 1464 τὰ
3027 1411 3169 1464 κατὰ.
3192 1410 3283 1462 τὸν
3325 1408 3576 1480 Ἁϐραάμ
3599 1408 3738 1474 (πῶς
3788 1411 3900 1476 γὰρ
3930 1411 3962 1459 6

2394 1504 2629 1574 ἐρευνῶν
2678 1504 2992 1574 καταμόνας
3023 1504 3122 1566 τὰς
3165 1501 3393 1570 καρδίας
3433 1501 3592 1570 ήμῶν
3617 1500 3680 1568 ς),
3736 1499 3855 1551 ἀλλ’
3886 1501 3982 1550 ἶνα

2395 1597 2526 1665 ἡμῖν
2576 1596 2737 1649 αὐτὸν
2793 1597 3000 1664 ποιήσῃ
3033 1594 3359 1662 κατάδηλον.
3412 1611 3430 1643 ι
3466 1593 3577 1645 Καὶ
3615 1592 3711 1642 τὸν
3743 1607 3979 1660 μονογε⁹

2398 1688 2488 1756 νῆ.
2533 1706 2552 1737 ι
2587 1689 2706 1740 Ἵνα
2731 1686 2840 1757 γὰρ
2869 1688 2943 1756 μή
2987 1703 3071 1748 τις
3113 1687 3243 1755 εἴπῃ
3274 1685 3357 1737 ὅτι
3393 1680 3535 1753 εἶχεν
3558 1683 3636 1735 ἔτι
3667 1682 3856 1742 παῖδα,
3879 1682 3983 1734 καὶ

2395 1779 2461 1830 δι’
2519 1778 2684 1832 αὑτοῦ
2735 1779 2836 1848 τὴν
2877 1777 3208 1845 ἐπαγγελίαν
3258 1776 3585 1845 ὲκϐήσεσθαι
3633 1774 3982 1843 προσδοκῶν,

723 1867 872 1937 quod
926 1883 1022 1936 per
1069 1868 1220 1921 illum
1299 1870 1592 1937 promissio
1671 1869 1962 1922 sortiretur
2016 1866 2286 1931 eﬂ'ectum,

2402 1871 2689 1942 προθύμως
2726 1869 2818 1923 τὸν
2853 1871 3038 1924 Ἰσαάκ
3090 1868 3452 1939 προσέφερεν,
3482 1868 3568 1929 οὐ,
3607 1867 3762 1934 φησὶ,
3801 1881 3968 1932 μονο-

721 1969 945 2029 propter
969 1959 1116 2012 Isaac
1145 1960 1359 2013 obtulit.
1388 1958 1527 2021 Non,
1557 1961 1754 2029 inquit,
1796 1960 2108 2029 unigenitus
2151 1966 2290 2014 erat.

733 2048 1058 2119 Unigenitus
1101 2059 1282 2105 autem
1333 2051 1512 2120 quoad
1545 2053 1926 2120 promissioois
1963 2065 2292 2116 sermonem,

726 2141 1172 2210 quandoquidem
1232 2143 1468 2196 habebat
1519 2143 1686 2196 etiam
1721 2143 1935 2197 lsmael.
1977 2161 1994 2192 ι
2025 2143 2101 2195 Ad
2133 2158 2292 2211 quem

725 2233 930 2286 dictum
965 2235 1162 2286 luerat.
1196 2251 1214 2282 ι
1254 2233 1440 2300 Itaque
1473 2242 1736 2300 quantum
1774 2235 1840 2286 ad
1873 2233 1923 2286 id
1946 2234 2089 2300 quod
2123 2249 2292 2301 appa-

724 2332 829 2386 ret,
856 2325 1053 2392 inquit,
1089 2324 1251 2376 etiam
1291 2325 1567 2377 contraria
1595 2325 1790 2392 jubere
1825 2325 2114 2378 videbatur
2153 2326 2293 2379 Deus

727 2416 814 2469 his
845 2431 962 2482 quae
986 2416 1346 2483 promiserat:
1376 2429 1474 2468 nec
1495 2425 1673 2470 tamen
1707 2423 1994 2484 propterea
2017 2414 2292 2468 Abraham

726 2505 965 2574 perdidit
1019 2505 1200 2559 Iidem.
1231 2505 1517 2570 Quomodo
1546 2507 1856 2572 namqtiein
1895 2505 2048 2559 lsaac
2097 2520 2296 2560 vocan-

2397 1963 2556 2032 γενὴς
2601 1959 2691 2032 ἦν·
2730 1962 3024 2031 μονογενὴς
3069 1961 3151 2026 δὲ,
3181 1962 3304 2012 ὅσον
3361 1961 3440 2021 εἰς
3468 1959 3560 2010 τὸν
3589 1958 3688 2026 τῆς
3727 1957 3982 2021 ἐπαγγε-

2395 2055 2514 2118 λίας
2544 2055 2723 2123 λόγον,
2757 2055 2884 2106 ἐπεὶ
2928 2049 3042 2123 εἶχε
3090 2053 3186 2105 καὶ⁵
3241 2053 3332 2104 τὸν
3372 2050 3619 2119 Ἰσμαήλ.
3669 2068 3688 2099 ι
3731 2048 3877 2116 Πρὸς
3916 2047 3981 2100 ὃν

2397 2146 2651 2216 ἐλαλήθη.
2710 2164 2728 2197 ι
2771 2147 2955 2209 Ὥστε,
2994 2147 3179 2213 φησὶν,
3221 2145 3296 2206 ὡς
3339 2143 3478 2212 πρὸς
3514 2141 3580 2194 τὸ
3644 2141 3981 2209 φαινόμενον

2396 2239 2490 2291 καὶ⁵
2529 2239 2749 2291 ἐναντία
2811 2238 2958 2290 δοκεῖ
3008 2236 3328 2289 ἐπιτάσσειν
3360 2235 3387 2286 6
3429 2233 3559 2295 Θεὸς
3599 2226 3672 2285 ὧν
3711 2231 3989 2298 ἐπηγγεί-

2396 2329 2544 2382 λατο.
2580 2330 2688 2381 Καὶ
2728 2330 2877 2396 ὅμως
2904 2328 3002 2380 οὐκ
3037 2327 3339 2395 ἠπίστησεν
3404 2325 3676 2394 Ἀϐραάμ.
3704 2324 3826 2381 Πῶς
3865 2321 3988 2392 γάρ

2397 2423 2454 2473 ὲν
2478 2419 2665 2474 Ἰσαὰκ
2701 2420 3034 2490 κληθήσεται
3083 2417 3234 2485 αὑτῷ
3263 2417 3510 2487 σπέρμα,
3537 2418 3626 2467 τὸν
3655 2416 3846 2467 Ἰσαάκ
3881 2431 3983 2466 κε-

2397 2511 2687 2573 λεύσαντος
2719 2510 2957 2578 σφάξαι;
2989 2510 3105 2562 ἀλλ’
3135 2511 3284 2578 ὅμως
3317 2508 3438 2561 οὐδὲ
3470 2506 3641 2568 οὕτως
3669 2506 3982 2558 ὲδίστασεν.

726 2596 854 2649 dum
902 2605 1016 2648 erat
1067 2596 1165 2664 ipsi
1233 2612 1439 2659 semen,
1499 2611 1620 2648 cum
1666 2597 1951 2664 juberetur
2012 2595 2295 2652 immolare

2403 2621 2422 2654 ι
2463 2603 2835 2672 Λογισάμενος
2866 2604 2947 2654 ὅτι
3007 2603 3104 2654 καὶ
3135 2603 3196 2653 ὲκ
3228 2598 3436 2668 νεκρῶν
3484 2599 3707 2666 ἐγείρει.
3744 2614 3764 2646 ι
3809 2595 3985 2664 Ὁρᾷς

726 2685 922 2740 Isaac?
961 2686 1066 2740 Sed
1095 2695 1275 2740 tamen
1322 2702 1388 2740 ne
1421 2688 1490 2739 ita
1523 2687 1741 2755 quidem
1781 2687 2068 2741 haesitavit.
2107 2705 2123 2736 ι
2158 2687 2294 2742 Cum

2402 2695 2477 2747 ὅτι
2527 2694 2707 2746 πίστει
2747 2694 2923 2746 πάντα
2950 2692 3218 2763 ἔπραττεν
3255 2691 3284 2743 6
3334 2689 3626 2759 Ἀϐραάμ;
3669 2687 3965 2739 ἐπίστευσε

723 2777 860 2832 illud
907 2793 1094 2832 secum
1149 2777 1778 2846 perpendisset,tDeum
1833 2779 1918 2833 vel
1980 2794 2008 2831 ιι
2062 2779 2295 2834 mortuis

2402 2785 2506 2854 γὰρ
2545 2786 2626 2838 ὃτι
2662 2787 2758 2838 καὶ
2788 2786 3068 2852 σφαγέντα
3120 2783 3342 2834 δύναται
3381 2781 3545 2832 αὐτὸν
3595 2781 3904 2847 ἀναστῆσαι
3949 2777 3985 2828 6

725 2869 965 2925 excitare
995 2883 1170 2932 posse.
1187 2888 1205 2920 ι
1231 2867 1390 2924 Vides
1411 2870 1557 2938 quod
1575 2885 1670 2938 per
1694 2870 1852 2924 [idem
1883 2871 2066 2925 omnia
2093 2872 2295 2926 iaceret

2402 2879 2548 2941 Θεὸς.
2583 2897 2600 2930 ι
2645 2878 2809 2930 Ὅθεν
2846 2878 3008 2930 αὑτὸν
3040 2880 3132 2929 καὶ
3167 2877 3226 2928 ὲν
3262 2873 3543 2944 παραϐολῇ
3597 2871 3913 2940 ἐκομίσατο,
3955 2888 3976 2920 ι

726 2960 1042 3012 Abraham?
1082 2958 1351 3013 Credebat
1393 2961 1537 3014 enim
1573 2961 1716 3030 quod
1757 2963 1930 3030 ipsum
1966 2963 2292 3031 quoqueju-

2402 2967 2509 3018 Καὶ
2549 2967 2641 3019 τὸν
2668 2966 2918 3037 Ἀϐρααμ
2948 2967 3040 3021 καὶ
3063 2966 3156 3017 τὸν
3186 2966 3393 3018 Ἰσαάκ.
3428 2962 3688 3032 ’Λρμόξει
3731 2961 3838 3028 γάρ
3884 2959 3985 3010 ἐπὶ

727 3053 971 3120 gulatum
1005 3061 1188 3120 posset
1217 3051 1358 3106 Deus
1391 3054 1712 3107 suscitare.t
1742 3049 1893 3106 Unde
1920 3053 2097 3120 ipsum
2129 3053 2295 3108 etiam

2402 3059 2504 3109 τῶν
2533 3057 2644 3110 δύο.
2685 3060 2825 3128 Ὅρα
2855 3059 2911 3111 δὲ
2939 3059 3128 3120 τὸ,Ἐν
3161 3055 3463 3126 παραϐολῇ.
3503 3055 3560 3104 Ὀ
3601 3051 3851 3120 Ἀϐραάμ
3886 3049 3990 3100 τύ-

728 3158 829 3211 pcr
892 3143 1206 3210 parabolam
1261 3143 1487 3212 recepit.
1523 3162 1543 3194 ι
1574 3142 1638 3196 Ει
1683 3145 1858 3212 ipsum
1925 3143 2201 3197 Abraham
2237 3153 2291 3197 et

2402 3169 2498 3214 πος
2539 3146 2606 3220 ἦν
2641 3149 2732 3202 τοῦ
2773 3148 2905 3202 Θεοῦ
2952 3151 3044 3201 καὶ
3069 3147 3302 3217 [ἰατρὸς.
3334 3149 3362 3198 6
3386 3146 3442 3196 δὲ
3484 3143 3687 3208 Ἰσαάκ,
3716 3141 3810 3194 τοῦ
3842 3141 3985 3193 Υἱοῦ

732 3234 910 3301 ipsum
970 3230 1144 3287 Isaac.
1200 3232 1332 3285 Nam
1393 3233 1495 3287 hoc
1531 3233 1584 3286 in
1623 3242 1857 3302 utroque
1893 3235 2074 3288 locum
2106 3235 2294 3289 habet.

2402 3243 2490 3296 τοῦ
2520 3240 2678 3295 Θεοῦ.
2719 3241 2935 3310 Ἐπειδὴ
2962 3240 3072 3308 γάρ
3105 3240 3246 3309 μέγα
3276 3254 3330 3289 τι
3363 3235 3586 3306 ἔμελλεν
3610 3238 3637 3287 6
3677 3235 3806 3294 Θεὸς
3840 3235 3986 3300 ἡμῖν

731 3324 798 3376 Et
840 3323 960 3375 vide
1022 3325 1166 3390 quod
1195 3323 1292 3388 ait,
1327 3323 1427 3377 Per
1463 3325 1797 3391 parabolain.
1835 3325 2112 3379 Abraham
2139 3334 2295 3395 typus

2402 3337 2679 3407 παρέχειν,
2725 3336 2822 3402 τὴν
2872 3336 3088 3400 σφαγὴν
3119 3329 3212 3382 τοῦ
3245 3327 3376 3381 Υἱοῦ
3407 3327 3592 3391 αὑτοῦ,
3627 3325 3827 3393 σφόδρα
3854 3323 3986 3389 φιλ-

727 3423 847 3470 erat
906 3414 1000 3467 Dei
1049 3424 1103 3468 et
1123 3415 1319 3480 Patris,
1346 3413 1498 3469 Isaac
1539 3431 1668 3470 vero
1697 3416 1816 3469 Filii
1853 3415 1965 3469 Dei.
2010 3415 2295 3485 Siquidem

2402 3427 2691 3496 άνθρωπος
2729 3423 2827 3486 ῶν,
2881 3423 2968 3475 ἵνα
3031 3422 3105 3491 μὴ
3167 3421 3294 3489 δόξῃ
3352 3419 3500 3488 ἡμᾶς
3539 3418 3721 3486 χάριτι
3779 3411 3985 3476 σώζειν

729 3508 857 3575 quia
883 3521 1138 3575 magnum
1169 3506 1426 3576 quiddam
1461 3515 1578 3560 erat
1617 3506 1776 3562 nobis
1827 3507 1970 3562 Deus
2017 3509 2295 3576 praestitu-

2403 3520 2561 3590 μόνῃ,
2591 3516 2846 3584 ἐποίησεν
2867 3513 3087 3582 ὀφειλὴν
3101 3511 3194 3564 τοῦ
3227 3509 3558 3582 παραδοῦναι
3591 3509 3679 3560 τὸν
3717 3505 3982 3572 Χριστόν.

729 3618 847 3664 rus.
909 3618 1104 3672 nempe
1171 3603 1595 3656 immolationem
1624 3601 1746 3656 Filii
1794 3605 1900 3668 sui,
1954 3619 2078 3658 cum
2151 3612 2298 3658 esset

727 3697 1079 3749 vehementer
1127 3695 1420 3757 humanus,
1458 3710 1523 3748 ne
1551 3696 1666 3749 sola
1717 3695 1891 3762 gratia
1947 3709 2049 3748 nos
2083 3695 2297 3750 salvare

729 3787 1024 3849 videretur,
1055 3785 1318 3839 fecitcsse
1336 3786 1578 3839 debitum
1606 3794 1663 3838 ut
1686 3786 1996 3839 traderetur
2021 3786 2296 3839 Christus:

729 3876 970 3930 debitum
997 3887 1173 3928 autem
1198 3877 1300 3928 hoc
1333 3876 1492 3929 modo
1519 3895 1531 3928 :
1575 3875 2066 3940 Quemadmodum,
2100 3876 2297 3944 inquit,

729 3966 1004 4018 Abraham
1040 3965 1300 4018 sustinuit
1337 3973 1395 4018 ut
1424 3967 1757 4034 unigenitum
1787 3981 1944 4018 suum
1985 3967 2036 4017 in
2070 3975 2296 4019 mortem

731 4059 968 4110 traderet
1004 4069 1222 4126 propter
1262 4072 1368 4122 me,
1403 4060 1477 4111 ita
1502 4065 1557 4111 et
1589 4072 1692 4125 ego
1746 4058 1917 4110 debeo
1947 4055 2297 4122 Unigenitum

733 4147 950 4202 tradere
977 4149 1029 4200 in
1063 4157 1290 4200 mortem
1353 4162 1452 4216 pro
1499 4147 1831 4200 hominibus.
1869 4145 2168 4201 Possumus
2218 4156 2300 4199 ta-

735 4253 858 4292 men
916 4240 1059 4307 quod
1088 4239 1184 4302 ait,
1224 4239 1325 4290 l’cr
1377 4238 1714 4305 parabolatn,
1768 4237 1873 4290 hoc
1929 4239 2091 4292 etiam
2136 4235 2300 4291 modo

733 4329 1076 4396 intelligere,
1157 4338 1404 4396 aptantes
1454 4327 1584 4380 illud
1645 4328 1711 4379 ad
1766 4343 2060 4395 personam
2101 4328 2296 4382 Isaac:

735 4418 956 4486 Recepit
1003 4416 1167 4488 410
1223 4418 1372 4472 Isaac
1403 4426 1456 4471 et
1481 4418 1606 4471 fecit
1651 4433 1773 4472 eum
1808 4434 1928 4472 esse
1957 4419 2295 4487 paratbolam,

2412 3608 2659 3677 Ὀφειλὴν
2681 3608 2737 3660 δὲ
2775 3607 2945 3668 οὔτως
2967 3621 2979 3635 ο
3017 3606 3248 3674 Ὠσπερ,
3275 3603 3460 3673 φησὶν,
3498 3602 3526 3652 6
3574 3598 3820 3665 Ἀϐραὰμ
3848 3596 3985 3664 ὴνέ-

2404 3718 2565 3770 σχετο
2597 3699 2929 3770 παραδοῦναι
2977 3697 3044 3749 δι’
3093 3696 3194 3762 ἐμὲ
3247 3695 3338 3746 τὸν
3386 3691 3650 3761 μονογενῆ
3687 3688 3850 3742 αὑτοῦ
3899 3690 3986 3750 είς

2402 3789 2654 3852 θάνατον,
2681 3785 2852 3848 οὕτως
2885 3787 2980 3839 καὶ
3026 3783 3159 3850 ἐγὼ,
3205 3784 3390 3852 φησὶν,
3422 3781 3624 3848 ὀςείλω
3655 3797 3757 3847 μου
3792 3796 3985 3847 παρα-

2401 3879 2584 3933 δοῦναι
2614 3879 2706 3930 τὸν
2740 3877 3018 3945 Μονογενῆ
3083 3878 3160 3936 είς
3211 3875 3436 3926 Θάνατον
3470 3873 3608 3940 ὑπὲρ
3634 3870 3737 3922 τῶν
3766 3870 3988 3938 ἀνθρὼ-

2403 3989 2539 4024 πων.
2577 3972 2649 4022 Τὸ
2672 3971 2727 4022 δὲ
2770 3971 2857 4021 Ἐν
2886 3987 2957 4020 πα
2969 3969 3189 4036 ραϐολῇ,
3233 3966 3510 4034 δυνάμεθα
3532 3967 3629 4016 καὶ
3653 3964 3825 4023 οὕτως
3849 3963 3986 4030 »οῆ-

2405 4081 2516 4126 σαι,
2552 4063 2880 4131 ἁρμόζοντες
2913 4061 3065 4123 αὐτὸ,
3103 4063 3181 4121 είς
3213 4061 3272 4110 τὸ
3315 4058 3408 4110 τοῦ
3447 4056 3628 4109 Ἰσαὰκ
3660 4057 3980 4123 πρόσωπον·

2416 4152 2738 4221 Ἔκομίσατο
2766 4152 2854 4203 τὸν
2895 4152 3102 4212 Ὶσαακ,
3155 4151 3250 4202 καὶ
3279 4150 3533 4215 ἐποίησεν
3565 4147 3729 4198 αὑτὸν
3770 4148 3825 4197 ὲν
3875 4163 3983 4196 πα-

2409 4245 2610 4314 ραϐολῇ
2653 4247 2747 4296 καὶ
2800 4248 2857 4296 ὲν
2910 4243 3067 4311 τύπῳ
3103 4244 3198 4294 xui.
3248 4243 3305 4292 ὲν
3341 4239 3698 4305 ὑποδείγματι
3729 4236 3820 4288 τοῦ
3846 4238 3988 4304 Χρι-

2406 4335 2552 4396 στοῦ,
2606 4336 2690 4386 ἵνα
2726 4334 2911 4401 ὥσπερ
2976 4337 3004 4385 6
3049 4332 3233 4385 Ἰσαὰκ
3279 4331 3489 4398 ἐσφάγη
3535 4332 3656 4381 ὅσον
3699 4332 3834 4395 πρὸς
3884 4329 3986 4397 τὴν

2405 4425 2721 4496 προαίρεσιν
2754 4423 2844 4476 τοῦ
2883 4423 3154 4493 Ἀϐραὰμ,
3177 4419 3320 4472 οὕτω
3346 4421 3438 4472 καὶ
3469 4419 3740 4486 ὁΧριστὸς
3772 4421 3981 4486 σφαγῇ,

734 4517 919 4576 typum
972 4517 1026 4559 et
1074 4507 1382 4573 exemplum
1449 4505 1674 4569 Christi,
1732 4515 1793 4559 ut
1839 4507 2294 4573 quemadmodum

2406 4519 2544 4569 κατὰ
2577 4518 2832 4585 ἀλήθειαν
2872 4516 2948 4568 δέ.
2981 4516 3051 4566 Ἦ
3091 4519 3187 4569 καὶ⁵
3231 4511 3401 4572 οὓτως
3434 4509 3494 4562 τὸ
3541 4511 3629 4561 Ἐν
3666 4509 3981 4576 παραϐολῇ,

733 4599 883 4652 Isaac.
933 4599 1215 4669 jugulatus
1265 4607 1388 4663 est,
1449 4607 1713 4666 quantum
1767 4608 1844 4650 est
1879 4613 1977 4651 -ει
2051 4608 2297 4667 prompta

733 4692 962 4743 Abrahze
1027 4691 1324 4752 voluntate,
1354 4691 1422 4742 ita
1455 4702 1508 4743 et
1541 4690 1796 4743 Christus
1840 4690 2169 4749 trucidetur.
2201 4690 2300 4744 sed

733 4783 837 4834 hoc
879 4782 1178 4834 secundum
1220 4781 1502 4833 veritatem
1546 4783 1742 4850 ipsum.
1802 4782 1911 4834 Aut
1945 4782 2046 4834 hoc
2076 4797 2296 4850 quoque

733 4877 892 4928 ιιιοιΙο
955 4875 1210 4942 inti-Ilige.
1264 4871 1365 4927 Per
1423 4875 1733 4939 parabolatn
1765 4891 1777 4926 :
1814 4873 2057 4940 Recepit,
2104 4873 2298 4941 inquit,

734 4966 882 5019 Isaac
908 4981 1002 5034 per
1037 4967 1370 5033 parubolam,
1410 4969 1512 5019 hoc
1543 4975 1646 5028 est,
1680 4966 1798 5019 loco
1818 4965 1936 5032 ejus
1966 4965 2107 5032 quod
2134 4965 2302 5017 colla-

735 5070 846 5111 tum
881 5071 962 5111 est
991 5069 1042 5110 et
1075 5073 1171 5125 pro
1193 5073 1256 5109 eo
1275 5069 1579 5111 ostensum.
1607 5056 1854 5111 Ostendit
1875 5059 2020 5109 enim
2048 5057 2299 5122 arietem,

732 5158 878 5202 eteo
925 5166 1020 5217 pro
1061 5149 1170 5201 lilio
1223 5150 1351 5202 dato
1397 5148 1603 5217 recepit
1660 5147 1832 5202 Isaac.
1891 5147 2062 5201 Porro
2126 5149 2300 5217 prima

737 5241 1110 5309 interpretatio
1161 5257 1278 5294 tneo
1315 5241 1526 5307 judicio
1575 5241 1742 5292 multo
1803 5240 1995 5293 melior
2048 5239 2300 5294 est.Alio

733 5333 904 5386 modo.
953 5333 1103 5398 Quod
1154 5334 1248 5395 ait,
1287 5351 1304 5382 ι
1335 5331 1485 5385 Unde
1522 5333 1698 5400 ipsum
1739 5332 1902 5385 etiam
1931 5347 2026 5398 per
2063 5335 2300 5397 parabo;

736 5427 841 5477 lam
882 5427 1146 5492 τοι·ορὶι,ι
1220 5433 1396 5492 potest
1429 5425 1532 5476 hoc
1576 5424 1738 5476 etiam
1803 5423 1962 5476 modo
2025 5423 2250 5491 intelligi
2285 5441 2298 5475 :

739 5515 893 5573 Unde
921 5519 1083 5568 t-tium
1138 5515 1408 5569 Abraham
1441 5517 1648 5585 recepit
1688 5515 1832 5568 Isaac
1860 5531 1955 5584 per
1989 5516 2298 5582 pztrabolatn

735 5608 851 5663 sive
898 5621 1022 5660 cum
1074 5607 1352 5673 parabola.
1414 5606 1691 5673 Quoniam
1727 5605 1872 5661 enim
1909 5607 2298 5661 exuberantem

815 5780 858 5810 ⁹¹¹
885 5779 1003 5834 Psal
1059 5797 1151 5845 νυ,
1187 5781 1272 5836 10.

2408 4609 2616 4678 νόησον·
2654 4608 2796 4666 Ὅτι,
2845 4607 2998 4675 φησὶ,
3035 4605 3327 4672 ἐκομίσατο
3371 4601 3463 4652 τὸν
3501 4599 3683 4652 Ἰσαὰκ
3710 4602 3766 4649 ἐν
3802 4617 3987 4669 παρα-

2409 4698 2582 4766 ϐολῇ,⁷
2612 4697 2908 4756 τουτέστιν,
2939 4697 3056 4747 ἀντὶ
3106 4694 3205 4762 τῆς
3240 4691 3556 4761 παραϐολῆς
3584 4692 3678 4742 καὶ
3707 4690 3801 4742 τοῦ
3843 4693 3984 4742 ὑπο-

2408 4787 2715 4856 δείγματος.
2774 4785 3049 4850 ’Υπέδειξε
3106 4785 3214 4852 γὰρ
3251 4784 3341 4835 τὸν
3371 4783 3545 4849 κριὸν.
3595 4781 3687 4832 καὶ
3729 4780 3984 4842 δεδωκὼς

2409 4879 2572 4930 αὑτὸν
2605 4879 2719 4929 ἀντ’
2764 4877 2950 4940 αὑτοῦ,
2982 4875 3138 4927 ἔλαϐε
3179 4875 3270 4926 τὸν
3316 4873 3518 4926 Ἰσαάκ.
3563 4872 3624 4924 'H
3677 4871 3732 4922 δὲ
3783 4874 3981 4939 πρώτη

2411 4968 2694 5037 ἑρμηνεία,
2722 4967 2795 5030 ὡς
2819 4966 3044 5034 νομίζω,
3070 4965 3204 5016 πολὺ
3232 4963 3476 5031 βελτίων.
3508 4964 3751 5025 Ἄλλως.
3778 4960 3979 5033 [ΦΩΤ.]

2410 5060 2502 5123 Τὸ,
2539 5077 2556 5110 ι
2589 5059 2751 5110 Ὅθεν
2774 5057 2939 5110 αὑτὸν
2971 5060 3029 5109 ἐν
3061 5055 3344 5125 παραϐολῇ
3371 5056 3686 5122 ἐκομίσατο,
3715 5071 3731 5102 ι
3755 5054 3984 5104 δυνατὸν

2407 5151 2501 5201 καὶ
2526 5149 2696 5210 οὕτως
2739 5150 2949 5218 νοῆσαιο
2989 5148 3152 5200 Ὅθεν
3199 5148 3291 5198 καὶ
3333 5146 3422 5197 τὸν
3461 5144 3644 5196 Ἰσαάκ
3672 5145 3699 5193 6
3727 5143 3984 5212 Ἀϐρααμ

2406 5243 2464 5294 ὲν
2498 5240 2778 5312 παραϐολῇ
2836 5242 3150 5308 ἐκομίσατο.
3199 5237 3356 5290 Ἐπεὶ
3390 5237 3516 5306 γὰρ,
3555 5237 3737 5304 φησὶν,
3769 5235 3984 5301 ἄφατον

2408 5349 2526 5383 τινα
2565 5335 2662 5400 τὴν
2707 5332 2952 5401 ὑπακοὴν
3011 5329 3340 5392 ἐπεδείξατο,
3395 5329 3488 5379 καὶ
3525 5326 3704 5378 πίστιν
3736 5326 3979 5377 νικῶσαν

2411 5425 2503 5477 καὶ
2535 5425 2704 5492 αὐτῆς
2760 5424 2884 5485 τοὺς
2943 5423 3138 5492 νόμους
3185 5423 3283 5490 τῆς
3326 5420 3562 5487 φύσεως.
3605 5417 3983 5484 ἀπολαμϐάνει

2412 5517 2572 5570 πάλιν
2605 5516 2696 5568 τὸν
2749 5517 2888 5579 υἱὸν,
2947 5517 3043 5585 οὐχ
3093 5509 3204 5566 οἷον
3245 5515 3638 5582 προσήνεγκεν,
3673 5509 3808 5560 ἀλλὰ
3841 5508 3985 5575 μετά

2415 5607 2656 5678 μεγάλης
2694 5606 3012 5677 προσθήκης
3053 5605 3145 5658 καὶ
3179 5603 3335 5668 ἀξίας
3379 5603 3479 5671 τῆς
3508 5601 3671 5654 αὑτοῦ
3721 5601 3978 5659 πίστεως.
