4178 6454
149 404 244 466 641

1181 405 1571 465 COMMENT.
1601 405 1683 466 IN
1720 403 1961 467 EPIST.
2003 408 2103 468 AD
2141 409 2374 473 HEBR.

3297 410 3402 474 “'2

146 521 275 572 οὐδ’
308 518 385 571 οὐ
426 517 513 586 μή
552 534 627 571 σε
673 518 1076 587 ἐγκαταλίπω.
1138 519 1320 573 Ὥστε
1365 519 1734 589 θαρροῦντας

1843 522 2049 574 adsunt.
2079 524 2351 593 Siquidem
2386 523 2492 591 ipse
2526 523 2660 576 dixit
2696 524 2847 577 :Non
2903 532 2953 578 te
3009 524 3188 576 desero
3250 538 3413 588 ireque

148 607 306 675 ἡμᾶς
337 611 564 679 λέγειν·
599 611 813 678 Κύριος
857 611 983 679 ἐμοὶ
1014 611 1265 677 βοηθὸς,
1302 612 1400 665 καὶ
1432 614 1503 666 οὐ
1543 613 1730 681 φοϐη-

149 700 416 766 θήσομαι
449 703 506 754 τί
539 701 780 769 ποιήσει
811 719 913 770 μοι
938 701 1269 769 ἅνθρωπος.

222 810 242 844 ι
274 792 341 845 Ἦ
380 793 702 862 φιλαδελφία
749 794 978 864 μενέτω.
1012 813 1031 845 s
1063 796 1347 850 Δείκνυσιν
1391 797 1474 851 ὅτι
1524 795 1731 851 τούτων

150 882 362 950 εἴχοντο
393 882 587 946 τάλαι,
613 884 749 937 ἀλλὰ
782 884 874 937 νῦν
917 886 979 936 ὲκ
1031 886 1141 938 τῶν
1197 886 1428 955 θλίψεων
1480 888 1733 958 ρᾳθυμή-

152 990 345 1036 σαντες
376 969 539 1044 ἦσαν.
575 975 744 1028 Πάλιν
770 971 864 1028 οὖν
898 977 1098 1039 αὐτοὺς
1153 979 1234 1040 εἰς
1264 977 1436 1031 ταῦτα
1503 979 1735 1049 προτρέ-

152 1083 333 1119 meat.
368 1084 387 1116 ι
416 1066 518 1119 Διὰ
550 1066 754 1137 ταύτης
783 1069 888 1136 γὰρ
915 1067 1106 1122 ἔλαθόν
1138 1087 1303 1132 τινες.
1348 1088 1365 1120 ι
1393 1069 1573 1134 Οὕτω,
1633 1089 1735 1140 φη-

154 1155 224 1211 σὶ.
257 1155 476 1226 μεγάλη
517 1158 551 1227 ἡ
581 1157 876 1226 φιλοξενία,
902 1160 984 1211 ὅτι
1020 1158 1296 1229 πρόφασις
1325 1162 1439 1223 τοῖς
1476 1163 1619 1230 ἀμφὶ
1644 1162 1735 1214 τὸν

153 1246 416 1317 Ἀδραὰμ
460 1249 559 1301 καὶ
600 1248 691 1302 τὸν
726 1248 849 1303 Λὼτ
889 1250 1111 1319 γέγονεν
1156 1252 1423 1319 ἀγγέλους
1472 1252 1733 1316 ὐποδέξα-

153 1338 570 1405 σθαι.Ἐλαθον,
602 1342 787 1411 φησιν,
826 1340 1149 1410 ἀγνοοῦντες
1175 1342 1256 1396 ὅτι
1295 1343 1519 1411 ἄγγελοι
1570 1339 1733 1413 ἦσαν,

152 1431 391 1494 ἐξένιζον
418 1430 563 1484 οὕτω
610 1432 967 1504 φιλοφρόνως.
997 1434 1087 1485 Διὸ
1124 1436 1217 1487 καὶ
1272 1434 1446 1505 μέγας
1496 1428 1653 1497 οὗτος
1709 1438 1738 1488 ὁ

158 1523 344 1591 μισθὸς
375 1524 585 1588 αὐτοῖς,
612 1524 686 1587 ὼς
715 1526 769 1578 εί
793 1542 857 1592 γε
893 1525 1137 1596 ᾔδεισαν,
1174 1526 1331 1579 οὐδὲν
1391 1527 1535 1595 μέγα
1590 1525 1740 1579 εποί-

152 1632 262 1668 ουν.
292 1633 310 1664 ι
348 1615 441 1677 Ὠς
471 1615 864 1683 συνδεδεμένοι.
896 1635 913 1667 ι
955 1618 1015 1668 Ὀ
1071 1617 1128 1668 δὲ
1183 1618 1564 1687 συνδεδεμένος
1619 1617 1737 1678 πῶς

156 1706 218 1757 ἂν
243 1705 558 1758 ἐπιλάθοιτο
582 1724 596 1771 ;
628 1725 646 1757 ι
674 1706 795 1758 Τῶν
814 1708 1298 1777 κακουχουμένων.
1330 1727 1347 1758 ι
1388 1711 1457 1761 Ἰι
1484 1712 1540 1761 ἐν
1570 1710 1710 1778 φυλα
1728 1739 1739 1748 -

157 1799 297 1862 καῖε,
331 1797 365 1865 ἦ
400 1800 459 1849 ὲν
485 1797 649 1867 λιμῷ,
675 1800 707 1869 ἢ
741 1800 797 1852 ἐν
829 1799 991 1869 ἑτέρᾳ
1021 1800 1215 1870 θλίψει.
1250 1802 1311 1852 Ei
1341 1802 1447 1872 γάρ
1478 1819 1560 1864 τις
1598 1804 1733 1854 ἀνα-

155 1889 431 1955 λογίσαιτο
458 1890 540 1942 ὅτι
578 1890 672 1944 καὶ
702 1890 863 1954 αὐτὸς
899 1892 1207 1962 περίκειται
1238 1893 1569 1963 ὁμοιοπαθὲς
1594 1894 1735 1946 ὲκεί-
1767 1866 1807 1919 B

154 1999 262 2046 νοις
296 1983 478 2052 σῶμα,
506 1984 716 2053 ἐλεήσει
747 1985 944 2051 μᾶλλον
973 1986 1168 2048 αὐτοὺς
1200 1987 1288 2040 διά
1309 2003 1369 2039 τε
1393 1988 1493 2057 τὴν
1515 2004 1578 2040 συ
1589 1987 1737 2056 μπά-

156 2073 327 2139 Gem,
362 2077 460 2128 καὶ
489 2074 577 2128 διὰ
608 2076 698 2129 τὸν
727 2077 913 2144 φόϐον,
950 2077 1025 2147 μὴ
1058 2078 1126 2131 τὰ
1149 2080 1308 2149 ὅμοια
1336 2080 1399 2132 ὲκ
1424 2080 1525 2147 τῆς
1565 2082 1735 2134 ἁπαν·

158 2161 409 2230 θρωπίας
435 2163 602 2235 πάθῃ.
639 2183 657 2214 ι
678 2166 867 2235 Τίμιος
893 2168 921 2219 ὁ
944 2168 1120 2235 γάμος
1152 2170 1209 2221 ὲν
1244 2170 1434 2221 πᾶσιν.
1464 2187 1485 2223 s
1520 2171 1634 2223 Οὐκ
1679 2173 1737 2221 ὲν

152 2255 328 2323 τούτῳ
354 2257 454 2323 μὲν
484 2256 561 2325 τῷ
584 2257 738 2327 μέρει
768 2259 971 2328 τίμιος,
998 2260 1055 2311 ὲν
1075 2259 1250 2330 ἑτέρῳ
1273 2260 1330 2313 δὲ
1347 2262 1446 2313 οὒκ
1474 2260 1553 2313 ἔτι
1577 2280 1589 2293 ο
1619 2262 1737 2315 ἀλλ’

158 2346 278 2398 οὶον
294 2348 364 2398 δι’
383 2348 509 2400 ὅλου
534 2352 667 2401 πᾶσι
692 2350 915 2421 τρόποις
932 2351 1111 2419 τίμιος
1128 2353 1222 2403 καὶ
1238 2353 1391 2422 ἀμίαι
1411 2370 1521 2414 τος.
1550 2371 1568 2404 ι
1590 2356 1739 2422 Πόρ-

155 2456 276 2499 νους
304 2440 396 2491 καί
435 2440 659 2509 μοιχοὺς
693 2442 868 2510 κρινεῖ
918 2444 948 2493 ό
996 2441 1152 2504 Θεός.
1179 2460 1197 2493 ι
1237 2443 1345 2495 Καὶ
1386 2442 1634 2504 εἰκότως.
1674 2442 1737 2495 Ei

158 2533 264 2601 γὰρ
293 2536 319 2584 ὁ
340 2534 521 2601 γάμος
550 2532 971 2603 ἐπιτέτραπται,
996 2535 1086 2586 καὶ
1106 2533 1314 2597 ἔξεστιν
1332 2535 1739 2605 ἀναμαρτήτως

157 2626 252 2693 τὴν
275 2624 580 2693 ἐπιθυμίαν
608 2624 871 2694 πληροῦν,
892 2624 975 2688 τίς
991 2625 1270 2688 ἔσται’τοτς
1284 2628 1491 2695 μοιχοῖς
1508 2627 1602 2679 καὶ
1626 2629 1739 2689 τοῖς

159 2716 376 2786 πόρνοις
412 2716 711 2783 ἀπολογίας
752 2734 771 2768 ι
823 2715 1224 2787 ’Δφιλαργυρος
1258 2720 1285 2771 ὁ
1311 2719 1533 2787 τρόπος.
1566 2736 1584 2768 ι
1623 2719 1739 2772 Οὐκ

159 2802 300 2869 εἷπε,
330 2808 500 2876 μηδὲν
522 2807 817 2877 κεκτῆσθαι
838 2808 957 2878 (καὶ
975 2808 1136 2877 δῆλον
1163 2808 1221 2872 ἐξ
1249 2802 1324 2861 ὧν
1354 2809 1570 2877 ἐπάγει,
1613 2810 1740 2878 ’Λρ-

159 2900 546 2961 κούιιενοιτοίς
600 2900 891 2969 παροῦσιν,
941 2901 1044 2954 ὅσα
1081 2900 1146 2953 ἂν
1184 2896 1275 2975 ᾖ),
1325 2901 1461 2953 ἀλλὰ
1512 2900 1740 2970 γνώμην

158 2990 303 3057 ἔχειν
330 2988 622 3057 φιλόσοφον
654 2990 754 3042 καὶ
786 2990 1194 3061 ἀςρυλάργυρον.
1229 3009 1249 3042 ι
1275 2984 1350 3045 (to
1378 2993 1449 3061 μή
1480 3008 1539 3044 σε
1568 2992 1732 3044 duim

170 3079 392 3147 Ἐπειδὴ
441 3080 785 3148 ἁρπαγέντες
836 3077 976 3151 ἦσαν
1066 3083 1236 3153 (λέγει
1278 3083 1427 3153 γὰρ,
1485 3084 1592 3136 Καὶ
1638 3086 1737 3152 τὴν

1835 611 2137 681 derelinquo
2171 630 2189 667 :
2228 624 2281 667 ut
2315 614 2630 683 conﬁdentes
2647 615 2915 668 dicamus:
2974 614 3231 667 Dominus
3288 613 3413 664 milii

1834 702 2130 755 auxiliator
2154 719 2244 755 nec
2275 704 2462 757 timebo
2488 704 2614 773 quid
2643 704 2806 773 faciat
2840 705 2963 755 mihi
2988 710 3140 756 homo

1878 787 1928 843 ἰ
1968 795 2230 849 Fratcrua
2253 794 2489 848 Charitas
2514 806 2748 848 maneat.
2796 812 2814 844 ι
2853 794 3101 847 Ostendit
3132 792 3275 862 quod
3328 792 3414 845 his

1834 899 1993 944 antea
2021 887 2393 951 adhaerebant,
2413 886 2506 939 sed
2531 903 2675 939 nunc
2694 888 2763 941 ob
2790 887 3112 940 aﬂlictiones
3135 886 3415 954 segniores

1836 983 1960 1037 facti
1994 990 2169 1035 erant.
2196 982 2432 1033 itursum
2466 979 2626 1049 igitur
2670 981 2813 1047 ipsos
2844 980 2911 1032 ad
2950 978 3139 1031 eadem
3202 976 3415 1029 exhor—

1838 1084 2001 1129 tatur.
2041 1094 2059 1125 ‹
2092 1074 2195 1127 Ρει·
2227 1072 2367 1127 hanc
2395 1072 2544 1127 enim
2575 1073 2796 1140 quidam
2825 1072 3140 1126 inscientes.
3185 1087 3202 1118 ι
3241 1067 3415 1133 Adeo,

1837 1167 2243 1236 inquit,magua
2276 1174 2359 1218 est
2408 1164 2775 1233 hospitalitas.
2834 1171 2895 1214 ut
2945 1159 3174 1214 Abraha:
3208 1166 3263 1212 et
3317 1156 3417 1209 Lnt

1837 1259 2003 1314 fuerit
2037 1260 2253 1312 occasio
2281 1259 2425 1325 quod
2461 1257 2682 1325 angelos
2712 1254 3032 1323 exciperent
3061 1255 3128 1303 ".
3186 1252 3415 1304 Latebat

1837 1350 1981 1405 enim
2008 1364 2122 1412 eos,
2155 1358 2394 1403 attamen
2431 1349 2743 1417 ignorantes
2786 1346 2930 1415 quod
2980 1344 3153 1414 angeli
3207 1352 3412 1403 essent,

1841 1443 1914 1495 ita
1947 1441 2178 1509 benigne
2211 1450 2547 1509 exceperunt
2580 1439 2839 1507 hospitio.
2868 1437 2995 1491 Ideo
3035 1449 3249 1503 quoque
3282 1436 3416 1501 ipsis

1842 1548 2031 1602 magna
2063 1532 2164 1587 fuit
2210 1533 2322 1586 hme
2354 1546 2564 1585 merces
2614 1530 2798 1599 :quod
2849 1529 2890 1583 si
2951 1528 3253 1585 novissent,
3303 1524 3412 1591 jam

1838 1625 1975 1678 nihil
2036 1623 2214 1693 magni
2268 1622 2544 1677 fecissent.
2604 1641 2623 1672 ι
2671 1620 2950 1690 Tanquam
2997 1632 3102 1671 uua
3165 1614 3356 1667 vincti.
3394 1637 3407 1657 ει

1837 1716 2003 1786 430
2033 1715 2165 1769 Nam
2219 1716 2310 1783 qui
2363 1730 2471 1767 una
2540 1716 2756 1767 vinctus
2802 1721 2906 1772 est.
2955 1724 3191 1778 quonam
3252 1703 3413 1759 modo

1842 1808 2045 1877 poterit
2073 1806 2361 1862 oblivisci?
2416 1823 2435 1856 ι
2476 1805 2675 1858 Eorum
2708 1803 2801 1873 qui
2835 1803 3167 1871 ailiiguntur.
3209 1818 3225 1849 ι
3288 1796 3414 1849 Sive

1843 1902 1893 1955 in
1923 1900 2255 1961 carceribus,
2282 1900 2396 1953 sive
2427 1913 2525 1968 per
2562 1897 2759 1951 famem
2812 1903 2905 1948 aut
2953 1894 3111 1946 aliam
3162 1889 3410 1945 alllictio-

1838 2008 1983 2047 nem.
2016 1991 2070 2044 Si
2102 1991 2224 2059 quis
2252 1990 2398 2043 enim
2439 2003 2622 2043 secum
2652 1994 2866 2055 reputet
2896 1984 3038 2054 quod
3073 1992 3128 2036 et
3162 1982 3273 2050 ipse
3304 1982 3416 2032 cir-

1838 2081 2127 2137 cumdatus
2154 2079 2227 2133 sit
2256 2094 2485 2148 corpore
2527 2076 2723 2131 aﬂ'ecto
2754 2076 2910 2129 malis
2932 2073 3219 2135 similibus,
3245 2070 3417 2139 magis

1838 2174 2221 2229 miserebitur:
2253 2172 2450 2241 partim
2485 2186 2550 2224 ex
2599 2168 2834 2223 naturali
2888 2165 3253 2225 condolentia,
3288 2177 3411 2231 par-

1841 2266 1937 2320 tim
1968 2264 2036 2318 ob
2060 2267 2333 2323 timorem,
2358 2274 2427 2313 ne
2451 2259 2647 2313 similia
2674 2258 2743 2311 ob
2776 2271 2931 2310 suam
2957 2252 3414 2307 iuhumanitatem

1842 2355 2098 2425 patiatur.
2141 2371 2160 2405 ι
2199 2352 2531 2406 ilonorabile
2560 2361 2642 2404 est
2660 2349 2971 2418 coniugium
3002 2347 3056 2400 in
3085 2345 3360 2399 omnibus.
3394 2362 3411 2392 ι

1842 2447 1957 2501 Non
1995 2446 2048 2499 in
2078 2447 2181 2500 hoc
2215 2444 2436 2514 quidem
2497 2442 2836 2505 honorabile,
2887 2441 2940 2494 in
2974 2440 3080 2493 alio
3111 2452 3240 2493 vero
3269 2452 3412 2490 non;

1840 2538 1934 2591 sed
1974 2538 2203 2605 integre.
2234 2535 2495 2605 perfecte,
2520 2544 2572 2589 et
2601 2534 2856 2588 euntibus
2893 2532 3068 2586 modis
3099 2529 3417 2584 honorabile

1841 2637 1896 2684 ει
1929 2630 2295 2698 impollutum.
2372 2648 2389 2680 ι
2426 2629 2766 2682 Scortatores
2798 2636 2979 2679 autem
3034 2633 3090 2679 ct
3146 2623 3419 2676 adulteros

1838 2722 2103 2792 iudicabit
2132 2720 2298 2774 Deus.
2337 2739 2356 2771 ι
2412 2720 2476 2773 Et
2523 2720 2737 2775 merito.
2804 2718 2941 2771 Nam
3001 2717 3047 2770 si
3100 2714 3417 2783 coniugium

1843 2814 2166 2883 permissum
2197 2823 2281 2867 est
2311 2824 2363 2867 et
2393 2813 2511 2867 sine
2535 2821 2763 2881 peccato
2789 2812 2915 2865 licet
2968 2809 3034 2863 ad
3092 2809 3416 2878 explendam

1843 2905 2362 2975 concupiscentiam,
2390 2905 2512 2973 quis
2549 2905 2651 2959 erit
2703 2902 3070 2958 excusationis
3127 2910 3419 2970 praetextas

1845 2996 2237 3053 scortatoribus
2265 3005 2321 3050 et
2348 2996 2609 3050 adulteris
2636 2996 2659 3047 ‘l
2690 3014 2707 3045 ι
2742 2994 2863 3048 Sint
2912 3009 3089 3047 mores
3127 2993 3289 3047 alicui
3346 2991 3415 3042 ah

1846 3087 2093 3142 avaritia.
2131 3105 2148 3137 ι
2189 3085 2306 3139 Non
2336 3086 2473 3139 dixit
2497 3086 2633 3138 nihil
2660 3086 3052 3154 acquirendnm
3078 3099 3221 3144 esse,
3256 3083 3416 3149 idque

158 3173 419 3243 ἁρπαγὴν
473 3173 583 3226 τῶν
610 3174 963 3244 ὑπαρχόντων
1002 3176 1158 3246 ὑμῶν
1189 3177 1326 3245 μετὰ
1357 3178 1531 3248 χαρᾶς
1564 3192 1737 3247 προσ-

1846 3175 2195 3230 manifestum
2228 3184 2313 3228 est
2350 3190 2419 3227 ex
2446 3189 2509 3227 eo
2538 3174 2684 3243 quod
2713 3174 3025 3243 subiungit:
3059 3170 3310 3225 Contenti
3336 3169 3419 3224 his

160 3265 467 3333 εδέξασθε),
492 3268 749 3337 παραινεί
770 3267 953 3330 αὐτοῖς
984 3268 1270 3337 ἀρκεῖσθαι
1296 3270 1408 3331 τοῖς
1443 3266 1733 3337 παροῦσιν⁶

163 3359 244 3411 ἵνα
278 3358 358 3428 μὴ
382 3360 609 3423 εἴποιεν,
642 3360 821 3422 Ποίοις
849 3359 1147 3428 παροῦσινς
1178 3360 1546 3429 Ἥρπάγημεν
1590 3359 1700 3430 γάρ
1720 3377 1734 3391 ο

162 3454 351 3519 φησίν·
372 3452 537 3504 Ἀλλὰ
554 3452 657 3504 κᾶν
679 3452 989 3522 ήρπάγητε,
1005 3452 1256 3518 δύνασθε,
1272 3454 1383 3514 τοῖς
1401 3452 1725 3521 ὑπομείνασι

163 3544 534 3614 βραχυτάτοις
553 3542 702 3595 οὖσιν
714 3544 1005 3612 ἀρκεῖσθαι
1028 3544 1118 3597 διὰ
1143 3543 1234 3596 τὸν
1250 3545 1475 3596 εἰπόντα
1490 3542 1642 3604 Θεὸν,
1662 3542 1737 3595 Οὐ

165 3633 232 3701 μή
256 3648 315 3682 σε
354 3630 492 3691 ἀνῶ,
524 3630 822 3695 τουτέστιν,
853 3632 928 3684 Οὐ
956 3633 1031 3702 μή
1062 3648 1120 3683 σε
1153 3631 1319 3695 ἐάσω,
1348 3631 1457 3684 οὐδ’
1485 3631 1547 3683 οὐ
1579 3632 1655 3700 μή
1682 3648 1741 3684 σε

163 3722 540 3791 ἐγκαταλίπω.
561 3739 582 3773 ι
618 3723 781 3776 Ὥστε
803 3722 1141 3794 θαρροῦντας
1165 3724 1312 3792 ἡμᾶς
1361 3722 1542 3789 λέγειν
1562 3738 1575 3752 ο
1611 3740 1630 3774 s
1673 3723 1734 3775 Εἰ

161 3815 257 3867 οὐχ
289 3816 374 3884 ἑᾷ,
430 3814 555 3866 οὐδὲ
590 3812 1059 3882 ὲγκαταλιμπὰνει
1095 3814 1123 3865 ὁ
1174 3812 1327 3875 Θεὸς,
1372 3810 1735 3881 θαρροῦντας.

164 3903 519 3974 φητὶηλέγειν
549 3901 654 3973 χρὴ
681 3902 741 3954 τὸ
761 3901 854 3955 τοῦ
884 3901 1068 3955 Δαυίδ.
1118 3902 1181 3954 El
1200 3902 1309 3973 γὰρ
1333 3904 1361 3955 ὁ
1381 3901 1511 3965 Θεὸς
1532 3901 1739 3972 βοηθεῖ,

164 3996 219 4045 οἵ
250 3995 331 4047 δεῖ
358 3994 503 4065 ὑπὲρ
552 3993 657 4046 τῶν
707 3992 1126 4064 ἁρπαζόντωνῆ
1170 3994 1587 4063 ἐπηρεαζόντων
1650 3994 1739 4048 διο

166 4103 422 4139 οςικεναι.

1842 3282 1963 3337 qua:
1982 3266 2560 3333 adsuut,qua:cunque
2584 3264 2670 3317 illa
2703 3263 2941 3317 iuerint:
2974 3262 3068 3316 sed
3101 3269 3157 3314 ut
3178 3261 3417 3314 animum

1844 3359 2144 3413 habeamus
2176 3356 2632 3424 philosolihicutu,
2661 3364 2716 3410 et
2768 3370 2797 3409 a
2837 3354 3193 3425 pecuniarum
3236 3366 3421 3405 amore

1844 3451 2101 3505 alienum.
2140 3468 2158 3500 ι
2208 3449 2327 3503 Non
2360 3448 2556 3502 desero
2608 3463 2787 3517 neque
2836 3447 3176 3513 derelinquo.
3220 3462 3237 3494 ι
3275 3444 3422 3507 Quo-

1845 3545 1991 3598 niam
2026 3542 2384 3611 direptionem
2416 3542 2561 3610 passi
2598 3549 2757 3595 erant
2815 3542 2963 3609 (nam
3018 3539 3114 3602 ait,
3146 3536 3419 3604 Direptio-

1844 3649 1973 3688 nem
1997 3632 2314 3687 facultatum
2347 3641 2649 3686 vestrarum
2690 3647 2813 3687 cum
2861 3631 3057 3702 gaudio
3110 3624 3443 3697 accepistis),

1846 3725 2170 3782 adhortatur
2199 3739 2295 3779 eos
2324 3733 2383 3779 ut
2415 3725 2500 3778 bis
2533 3739 2654 3794 quae
2694 3724 2894 3778 adsunt
2914 3720 3157 3777 contenti
3189 3721 3318 3773 sint.
3344 3717 3423 3770 Ne

1844 3824 2027 3870 autem
2057 3814 2240 3869 dicere
2263 3814 2498 3883 possint,
2536 3813 2795 3880 Quanam
2824 3813 3025 3867 adsunt
3055 3811 3237 3873 nobis,
3298 3824 3425 3863 cum

1842 3907 2205 3977 direptionem
2234 3909 2377 3976 passi
2413 3906 2613 3960 simus?
2649 3903 2882 3960 ait;Sed
2906 3903 3008 3957 etsi
3047 3902 3195 3972 passi
3239 3900 3423 3968 estis).

1845 3998 2193 4069 paucissimis
2216 3998 2302 4052 his
2318 4011 2438 4066 qua:
2460 4001 2842 4049 remanserunt
2893 3994 3124 4063 potestis
3145 4007 3267 4046 esse
3297 4006 3429 4043 con-

1846 4088 2009 4151 lenti,
2045 4096 2270 4158 propter
2298 4087 2470 4140 Deum
2498 4084 2591 4153 qui
2621 4083 2795 4137 dixit:
2827 4081 2947 4137 Non
2986 4088 3039 4133 te
3073 4080 3289 4143 desero,
3324 4076 3430 4130 hoc

168 4190 266 4241 est.
291 4195 403 4233 non
436 4187 488 4233 te
537 4177 783 4232 deseram
825 4192 1002 4248 neque
1042 4186 1095 4233 te
1134 4176 1532 4247 derelinquam.
1568 4178 2021 4235 «Utconiidentes
2047 4180 2316 4235 dicamus.
2342 4198 2360 4231 ι
2394 4178 2450 4232 Si
2475 4192 2585 4231 non
2648 4175 2850 4231 deserit
2904 4189 3004 4228 nos
3042 4172 3207 4239 Deus,
3250 4183 3430 4238 neque

167 4270 515 4340 derelinquit.
556 4270 895 4324 coniidcnses
949 4271 1132 4325 dicere
1170 4279 1387 4340 oportet
1431 4270 1565 4325 illud
1604 4271 1750 4341 quod
1805 4272 1881 4327 ait
1912 4272 2102 4328 David.
2157 4272 2294 4327 Nam
2348 4271 2395 4326 si
2443 4270 2587 4325 Deus
2614 4268 2817 4323 auxilio
2872 4276 2977 4330 est,
3032 4280 3142 4319 non
3212 4261 3431 4332 oportet

172 4374 420 4436 raptores
457 4372 555 4416 aut
605 4362 1023 4417 calumniatores
1058 4370 1324 4417 metuere.

234 4453 654 4523 Μνημςνεύετε
707 4451 824 4504 τῶν
867 4451 1216 4518 ἡγουμένων
1265 4450 1432 4521 ὑμῶν
1459 4491 1473 4516 ,
1521 4452 1740 4517 οἵτινες

1918 4450 2062 4518 XIII,
2110 4450 2229 4505 7-8.
2289 4449 2545 4504 Memor-es
2589 4455 2754 4501 estote
2802 4460 2984 4499 eorum
3040 4444 3131 4513 qui
3193 4445 3432 4510 pra'sunt

170 4543 640 4614 ἑλάιησανύμῖν
663 4543 771 4595 τεν
803 4544 991 4609 ,λόγον
1024 4542 1129 4595 τοῦ
1165 4538 1464 4596 Θεοῦ.⁷Ων
1490 4544 1749 4597 (iratisan

169 4641 415 4707 [οῦντες
461 4636 578 4704 τὴν
601 4636 855 4688 ἑκϐασιν
882 4633 992 4701 τῆς
1022 4636 1433 4703 ἀναστροφῆς,
1476 4634 1750 4705 μιμεῖσθε

175 4731 283 4797 τὴν
310 4732 539 4784 πίστιν.
590 4726 836 4793 Ἰησοῦς
869 4726 1119 4793 Χριστὸς
1148 4728 1289 4794 χθὲς
1317 4728 1414 4780 καὶ
1452 4726 1742 4795 σήμερον,

178 4821 411 4885 dati-ter;
454 4819 554 4871 καὶ
589 4819 675 4882 εὶς
709 4817 851 4881 τοὺς
902 4816 1151 4881 αἰῶνας.

246 4906 672 4977 «Μνημονευετε
720 4907 829 4959 τῶν
872 4907 1210 4975 ἡγουμένων.
1246 4924 1263 4956 ι
1326 4906 1448 4958 Τῶν
1498 4906 1753 4959 διδασκάο

178 5001 297 5055 λων.
333 5020 351 5053 ι
373 4997 478 5052 Ὧν
513 4996 973 5066 ἀναθεωροῦντες.
997 5016 1013 5046 ι
1045 4998 1537 5065 Ἃναλογιζόμενοι,
1568 4996 1751 5061 ἐξετά-

181 5093 378 5157 ζοντες.
408 5090 648 5142 Δύναται
679 5087 837 5139 τοῦτο
867 5087 960 5139 καὶ
994 5087 1124 5154 περὶ
1174 5087 1639 5155 τετελευτηκότων
1683 5086 1754 5137 εί-

183 5186 391 5255 ρῆςθιι,
416 5182 512 5235 καὶ
532 5182 658 5250 περὶ
682 5177 922 5243 ζώντων.
949 5176 1427 5246 Τετελευτηκότων
1449 5176 1548 5245 μέν
1572 5192 1584 5205 ·
1609 5174 1751 5227 Θεω-

184 5280 415 5348 ροὶντες,
456 5276 612 5345 φησὶ,
654 5272 770 5334 πῶς
800 5270 1069 5338 ἐξέϐησαν
1122 5270 1211 5321 τὸν
1270 5268 1404 5338 βίον,
1440 5267 1570 5337 ποίᾳ
1616 5268 1752 5320 ἁνα-

187 5372 383 5440 ετῳξῇ
406 5368 712 5438 ἐχρήσαντο
727 5365 785 5415 ὲν
808 5362 884 5431 τῷ
902 5362 1111 5431 κόσμῳ,
1141 5360 1401 5430 μέμεῖσθε
1422 5361 1521 5429 τὴν
1544 5358 1749 5412 πίστιν.

186 5464 240 5515 Ei
264 5464 371 5530 γὰρ
396 5462 470 5528 μὴ
501 5458 829 5508 ἐπίστευσαν
853 5456 1049 5507 ἐκεῖνοι
1078 5455 1190 5514 τοῖς
1218 5453 1525 5522 μέλλουσιν,
1555 5450 1657 5502 οὐκ
1686 5449 1751 5503 ἂν

185 5556 405 5622 ἁςοίετην
439 5548 788 5613 ἐπεδείξαντο
842 5545 1139 5599 πολιτείαν.
1194 5545 1329 5613 Περὶ
1395 5542 1613 5607 ζώντων
1642 5543 1745 5596 δέ’

187 5646 552 5718 Επωφῦντες,
590 5644 747 5712 cpi-‘31,
788 5642 901 5705 πῶς
935 5640 1307 5709 διεξέρχονται
1344 5637 1528 5701 καλῶς
1557 5637 1658 5707 τὴν
1692 5640 1749 5689 ἐν

256 5825 444 5880 schn.
468 5838 626 5887 XVIII,
660 5823 856 5893 Iscq‘l-

1848 4544 2011 4608 vobis,
2044 4544 2133 4614 qui
2172 4541 2331 4595 locuti
2375 4550 2496 4594 sunt
2524 4539 2664 4592 vobis
2702 4552 2992 4591 sermonem
3026 4533 3147 4595 Dei,
3206 4549 3431 4603 quorum

1850 4636 2127 4689 imitemini
2175 4634 2351 4702 ﬁdem,
2405 4631 2795 4684 considerantes
2865 4627 2982 4696 quis
3045 4625 3203 4695 fuerit
3261 4626 3431 4676 exitus

1849 4725 2252 4780 conversationis
2286 4722 2523 4776 illorum.
2563 4717 2719 4773 Iesus
2757 4715 2992 4773 Christus
3023 4715 3132 4766 lteri
3177 4722 3225 4765 et
3254 4714 3427 4773 hodie,

1848 4822 1988 4874 idem
2018 4818 2180 4871 etiam
2213 4816 2269 4867 in
2303 4812 2520 4868 secula.

1932 4931 1949 4962 ε
1996 4911 2263 4964 Memores
2314 4914 2489 4962 estote
2534 4919 2723 4958 eorum
2772 4902 2863 4971 qui
2901 4908 3139 4971 praesunt
3196 4895 3369 4947 vobis.
3410 4914 3427 4944 ι

1854 5000 2283 5068 Ρι-αιεεριυτιιιιι.
2344 5013 2361 5046 ι
2422 4994 2667 5059 Quorum
2725 4990 2931 5043 exitum
2994 4984 3433 5041 conversationis

1852 5090 2283 5145 considerantes.
2324 5103 2342 5136 ι
2382 5084 2437 5138 Id
2469 5092 2573 5146 est,
2606 5082 3000 5150 expendentes,
3035 5076 3429 5130 examinantcs.

1853 5186 2039 5239 Potest
2064 5183 2166 5236 hoc
2194 5180 2337 5235 etde
2375 5177 2857 5254 mortuisdictum
2886 5188 3008 5228 esse
3055 5180 3109 5226 et
3166 5170 3233 5224 dc
3274 5169 3430 5222 vivis.

1858 5276 1934 5329 De
1962 5272 2188 5328 mortuis
2216 5270 2467 5339 quidem:
2494 5266 2918 5323 Considerantes
2947 5262 3220 5333 quomodo
3258 5271 3426 5314 trans-

1858 5367 2071 5437 egerint
2156 5364 2361 5426 vitam,
2429 5375 2535 5429 qua
2586 5357 2999 5413 conversatione
3067 5354 3148 5407 usi
3209 5353 3319 5405 sint
3374 5351 3429 5403 in

1858 5456 2083 5519 mundo,
2138 5452 2423 5507 imitemini
2474 5451 2657 5505 (idem.
2721 5449 2839 5504 Nisi
2889 5448 3033 5501 enim
3091 5445 3164 5498 illi
3232 5442 3429 5497 futuris

1856 5543 2421 5615 eretlidissent,531
2475 5542 2734 5611 optimam
2793 5536 3261 5595 conversationem
3318 5546 3425 5584 nun

1859 5635 2256 5692 exhibuisscnt.
2307 5633 2379 5686 De
2409 5630 2543 5687 vivis
2584 5638 2805 5683 autem:
2864 5625 3288 5681 Considerautcs
3315 5635 3424 5691 quo
