4178 6454
747 416 850 480 451

1810 415 2211 478 (ECUMENII
2251 414 2544 476 TRICC/E
2583 415 2926 477 EPISCOPI

3921 412 4033 477 452

741 545 854 587 tum
884 531 954 587 sit
983 529 1076 586 Dei
1103 529 1286 602 opus?
1330 529 1447 584 Hoc
1497 537 1682 586 autem
1744 530 1907 586 faciet
1968 540 2024 586 et
2074 546 2332 587 consum-

2438 532 2495 585 τὸ
2517 532 2815 603 εὐάρεστον
2846 530 2995 603 αὐτῷ
3017 530 3104 586 διὰ
3135 530 3228 585 τοῦ
3263 529 3525 599 Χριστοῦ.
3556 530 3618 584 Εἰ
3653 531 3764 602 γὰρ
3796 534 4029 604 μεσίτης

737 623 912 678 tnaoit
938 621 990 676 in
1010 635 1136 687 nos,
1171 620 1318 690 quod
1351 619 1453 675 sibi
1476 632 1759 692 acceptum
1783 630 1866 676 est
1905 637 2002 692 per
2024 621 2323 679 Christum.

737 713 876 768 Nam
902 714 946 768 si
977 711 1302 768 conciliator
1332 711 1476 766 inter
1505 711 1675 767 Deum
1726 724 1783 767 et
1826 728 1929 768 nos
1969 713 2084 768 fieri
2135 714 2325 779 voluit,

739 808 937 862 merito
972 822 1068 876 per
1089 807 1267 876 ipsum
1309 805 1470 862 Pater
1505 806 1650 877 quod
1680 806 1785 860 sibi
1817 815 2101 877 acceptum
2132 816 2238 874 est,
2271 808 2327 862 in

739 915 841 954 nos
872 899 1136 969 perﬁciet.
1173 919 1193 953 ‹
1226 899 1465 956 Suﬂ‘ette
1509 914 1819 955 Sermonem
1852 901 2258 957 consolationis.
2303 920 2323 952 ι

739 992 858 1046 Non
887 993 1039 1058 dicit,
1070 991 1324 1059 Consilii,
1352 1003 1465 1055 aut,
1508 991 1946 1057 Exhortationis,
1977 993 2071 1049 sed
2107 1005 2331 1064 propter

739 1085 1064 1141 amictiones
1107 1086 1383 1155 inquibus
1431 1085 2076 1147 erant:Consolationis.
2128 1086 2326 1156 inquit.

748 1196 766 1227 ι
811 1176 1029 1230 Etenim
1059 1177 1252 1246 paucis
1281 1177 1497 1248 scripsi.
1533 1193 1552 1225 ι
1615 1175 1807 1232 Paucis
1836 1192 1845 1226 :
1872 1174 2206 1245 conferendo
2260 1178 2327 1233 ad

742 1284 806 1324 ea
833 1285 954 1338 qua?
974 1268 1222 1324 dicturus
1255 1269 1473 1333 fuisset,
1506 1256 1628 1339 qua).
1653 1268 1887 1340 plurima
1917 1277 2095 1329 erant.
2126 1269 2170 1325 si
2214 1271 2330 1325 sin-

742 1365 866 1434 gula
900 1363 1044 1418 dicta
1072 1363 1321 1418 fuissent.
1364 1381 1384 1414 ι
1415 1363 1579 1418 Scitis
1618 1364 1839 1418 fratrem
1869 1363 2219 1417 Timotheum
2247 1363 2332 1418 di-

742 1457 995 1511 missum.
1031 1476 1051 1508 ι
1086 1455 1252 1528 Magis
1310 1471 1439 1528 erga
1492 1458 1842 1512 Timotheum
1879 1457 2082 1512 ‘ainico
2149 1458 2331 1512 animo

742 1547 925 1602 affecti
959 1537 1135 1614 erant,
1168 1549 1290 1605 ideo
1317 1551 1384 1604 de
1414 1550 1534 1619 ipso
1559 1550 1768 1606 scribit.
1799 1548 1938 1616 Quid
1995 1560 2081 1606 est
2121 1561 2327 1618 autem,

750 1642 1046 1698 Dimissum
1069 1643 1094 1696 ?
1118 1645 1222 1699 Aut
1256 1644 1312 1698 in
1340 1659 1558 1699 carcere
1594 1643 1791 1708 fuerat,
1846 1652 1941 1699 aut
1979 1661 2045 1698 ex
2102 1643 2332 1699 Athenis

740 1736 1001 1791 dimissus
1032 1749 1169 1800 erat,
1198 1738 1271 1790 ibi
1303 1753 1536 1806 namque
1595 1735 1789 1791 fuerat.
1848 1756 1866 1788 ι
1901 1737 2034 1790 Cum
2094 1753 2220 1806 quo,
2285 1736 2329 1791 si

741 1843 803 1882 ce
863 1829 977 1882 rius
1003 1829 1237 1891 venerit,
1266 1827 1434 1882 visam
1459 1843 1575 1882 vos.
1616 1847 1632 1877 ι
1670 1827 1936 1880 Dimissus
1967 1821 2186 1896 quidem
2210 1836 2326 1881 est:

740 1920 888 1988 quod
916 1920 960 1973 si
988 1920 1224 1974 celerius
1254 1921 1465 1974 venerit
1497 1921 1562 1974 ad
1599 1935 1704 1983 me,
1726 1920 1898 1991 ἥθ’]
1935 1936 2037 1973 una
2065 1936 2188 1974 cum
2213 1919 2328 1989 ipso
2363 1911 2401 1964 Β

741 2011 1020 2080 profectus
1046 2011 1240 2065 videbo
1268 2027 1384 2064 vos.
1441 2008 1742 2063 Verisimile
1767 2025 2001 2077 namque
2022 2010 2329 2079 eratipsnm

741 2103 960 2172 quidem
987 2103 1156 2157 fuisse
1225 2103 1539 2167 dimissum,
1591 2113 1646 2156 at
1681 2102 1924 2156 nonduin
1980 2102 2046 2155 ad
2107 2102 2330 2155 Paulum

740 2193 1079 2264 pervenisse.
1116 2212 1134 2244 ι
1172 2191 1355 2246 Gratia
1386 2208 1511 2246 cum
1544 2193 1798 2246 omnibus
1829 2192 2001 2245 vobis.
2033 2212 2050 2243 ι
2085 2190 2198 2245 lloc
2225 2201 2330 2256 est,

743 2285 995 2340 remissio
1022 2295 1371 2354 peccatorum
1430 2293 1485 2338 et
1551 2284 1858 2354 puriﬁcatio
1905 2294 1974 2337 sit
2026 2286 2329 2340 Vobiscum.

749 2376 1036 2443 Quomodo
1065 2388 1248 2432 autent
1277 2393 1400 2432 esse
1453 2379 1650 2447 poterit
1678 2393 1799 2429 cum
1846 2377 2097 2430 omnibus
2119 2378 2275 2431 nobis
2310 2379 2334 2430 ?

741 2468 797 2523 Si
831 2485 936 2523 non
963 2468 1229 2524 fuerimus
1270 2470 1324 2523 in
1385 2470 1478 2523 Dei
1537 2469 1859 2524 beneficium
1923 2470 2321 2536 contumeliosi,

742 2570 1034 2627 peccantes
1067 2575 1131 2614 ac
1165 2559 1344 2615 ell‘ecti
1378 2562 1679 2632 segniores.

744 2673 922 2741 Finis,
953 2674 1132 2729 divino
1163 2677 1374 2746 favente
1403 2676 1632 2741 auxilio,
1667 2675 1917 2746 Epistola:
1939 2676 2009 2730 ad
2052 2673 2324 2730 Hebraeos.

981 2787 1195 2860 Scripta
1229 2801 1310 2846 est
1343 2791 1412 2846 ab
1444 2792 1591 2846 Italia
1616 2808 1712 2862 per
1734 2791 2106 2847 Timotheum.

2432 627 2691 696 γενέσθαί
2705 624 2841 680 Θεοῦ
2864 626 2961 680 καὶ
2983 626 3144 698 ἡμῶν
3161 625 3450 696 ἠθέλησεν,
3476 625 3701 689 εἰκότως
3721 625 3790 679 δι’
3809 625 3982 679 αὐτοὶ)
3999 642 4029 679 ο

2430 721 2625 793 Πατὴρ
2641 721 2702 774 τὸ
2724 721 3019 794 εὐάρεστον
3038 720 3190 793 αὐτῷ
3216 722 3296 784 εἰς
3316 721 3466 790 ἡμᾶς
3490 719 3820 773 ὲπιτελέσει.
3854 737 3874 770 ι
3901 719 4030 773 ’Λν-

2432 816 2627 888 έχεσθε
2652 817 2747 872 τοῦ
2770 817 2930 886 λόγου
2945 815 3044 887 τῆς
3067 813 3493 888 παρακλήσεως.
3526 831 3545 864 ι
3570 813 3646 866 Οὐ
3681 812 3855 881 λέγει,
3880 812 4034 882 Συμμ-

2432 913 2650 985 6ουλῆς,
2686 913 2744 984 ἢ,
2780 911 3188 982 Παραινέσεως,
3216 907 3354 962 ἀλλὰ
3386 906 3476 962 διὰ
3503 905 3603 970 τὰς
3623 904 3835 976 θλίψεις
3857 905 3918 958 ἐν
3941 899 4036 968 αἷς

2429 1002 2589 1078 ἦσαν,
2634 1002 3043 1077 Παρακλήσεὼς
3089 1019 3244 1074 φησι.
3279 1019 3299 1053 ι
3333 1001 3444 1056 Καὶ
3479 999 3591 1072 γὰρ
3620 998 3708 1052 διὰ
3769 997 4032 1069 βραχέων

2434 1102 2748 1157 ἐπέστειλα.
2792 1118 2810 1152 ι
2849 1097 2949 1153 Διὰ
2973 1098 3248 1170 βραχέων,
3297 1095 3373 1160 ὡς
3434 1094 3573 1167 πρὸς
3627 1091 3698 1146 τὰ
3760 1092 4035 1164 μέλλοντα

2431 1195 2689 1265 λέγεσθαι
2736 1194 2879 1247 πάνυ
2931 1191 3104 1247 πολλὰ
3155 1191 3307 1255 δντα,
3358 1188 3519 1259 εἴπερ
3567 1186 3748 1242 πάντα
3783 1186 4032 1255 εἴρηται.

2440 1307 2458 1339 ι
2502 1287 2805 1342 Γινώσκετε
2844 1285 2936 1339 τὸν
2981 1283 3212 1352 ἀδελφὸν
3245 1282 3532 1353 Τιμόθεον.
3572 1299 3591 1333 ι
3632 1279 3856 1335 Μᾶλλον
3891 1277 4035 1349 πρὸς

2433 1379 2525 1432 τὸν
2559 1378 2827 1450 Τιμόθεον
2867 1378 2974 1430 οὐκ
3007 1370 3156 1447 εἶχον
3212 1374 3495 1445 ἐπαχθῶς,
3545 1373 3627 1428 διδ
3657 1370 3870 1443 γράφει
3899 1369 4038 1440 περὶ

2435 1454 2704 1524 aii-:06.“
2739 1470 2795 1524 δέ
2828 1471 2945 1522 ὲστι
2975 1468 3057 1532 τὸ,
3098 1465 3529 1535 Ἀπολελυμὲνον
3555 1481 3570 1529 ;
3617 1466 3691 1518 Ἦ
3720 1463 3781 1517 ἒν
3809 1461 4033 1531 φυλακῇ

2431 1560 2524 1634 ἦν,
2554 1564 2587 1633 ἦ
2624 1563 2683 1628 ἐξ
2726 1563 2969 1633 Ἀθηνῶν
2999 1560 3292 1624 ἀπελύετο,
3326 1559 3445 1613 ἐκεῖ
3464 1557 3577 1629 γὰρ
3599 1552 3691 1631 ἦν.
3735 1574 3756 1607 ι
3790 1555 3936 1610 Μεθ’
3971 1547 4034 1608 οὗ

2434 1655 2528 1710 ἐὰν
2558 1657 2741 1727 τάχιον
2780 1656 3031 1726 ἔρχηται,
3075 1652 3279 1724 ὂψομαι
3314 1651 3482 1722 ὑμᾶς.
3524 1668 3544 1702 ι
3600 1648 3879 1717 ’Δπελύθη
3908 1647 4032 1718 μέν.

2434 1748 2498 1799 El
2530 1748 2586 1798 δὲ
2612 1746 2800 1816 τάχιον
2836 1745 2965 1815 ἔλθῃ
2996 1743 3134 1814 πρὸς
3169 1742 3260 1808 μὲ,
3295 1742 3392 1795 σὺν
3437 1739 3589 1810 αύτῷ
3631 1738 3838 1809 ὄψομαι
3858 1739 4033 1808 ὑμᾶς,

2436 1839 2730 1909 ἐρχόμενος
2785 1837 2923 1908 πρὸς
2971 1837 3140 1906 ὑμᾶς.
3195 1835 3358 1898 Εἰκὸς
3391 1833 3500 1904 γὰρ
3543 1829 3611 1903 ἦν
3657 1827 4033 1886 ἀπολελύσθαι

2436 1931 2534 2000 μὲν
2562 1931 2742 1990 αὑτὸν,
2782 1931 2949 1999 μήπω
2980 1929 3036 1980 δὲ
3063 1920 3474 1998 ἀπεληλυθέναι
3508 1924 3646 1996 πρὸς
3667 1922 3762 1976 τὸν
3789 1921 4030 1976 Παῦλον.

2441 2041 2458 2072 ι
2512 2021 2576 2074 Ἡ
2630 2021 2790 2090 χάρις
2850 2020 2988 2087 μετὰ
3045 2018 3265 2072 πάντων
3327 2016 3502 2087 ὑμῶν.
3534 2034 3551 2066 ι
3607 2013 3941 2077 Τουτέστιν,
3999 2014 4033 2081 ἡ

2434 2110 2629 2177 ἄφεσις
2676 2109 2784 2160 τῶν
2841 2109 3131 2178 ἁμαρτιῶν
3187 2110 3279 2161 καὶ
3344 2108 3377 2176 ἡ
3435 2106 3704 2176 κάθαρσις
3759 2105 3846 2172 εἴη
3905 2103 4033 2171 μεθ’

2435 2201 2611 2269 ὑμῶν.
2670 2203 2792 2264 Πῶς
2837 2202 2882 2254 δ’
2941 2200 3007 2254 ἃν
3037 2200 3123 2270 εἴη
3159 2200 3300 2270 μετὰ
3334 2199 3554 2254 πάντων
3597 2198 3792 2268 ὐμῶνς
3843 2197 3911 2250 Εἰ
3951 2193 4033 2265 μὴ

2437 2296 2754 2366 ὑϐρίσωμεν
2791 2295 2873 2357 εἰς
2921 2294 3018 2362 τὴν
3049 2291 3373 2362 εὐεργεσίαν
3421 2293 3517 2344 τοῦ
3563 2289 3722 2356 Θεοῦ,
3773 2287 4034 2359 ἁμαρτά-

2441 2403 2620 2449 νοντες
2647 2389 2744 2440 καὶ
2776 2384 3169 2457 ῥᾳθυμοῦντες.

2450 2673 2628 2739 Τέλος
2652 2672 2775 2727 σὺν
2806 2671 2950 2737 Θεῷ,
2971 2671 3084 2741 τῆς
3104 2672 3253 2740 πρὸς
3288 2669 3601 2745 Ἐϐραίους
3631 2665 4032 2735 Ἐπιστολῆς.

2669 2789 2914 2860 Ἐγράῖη
2960 2788 3072 2844 ἀπὸ
3120 2786 3350 2850 Ἰταλίας
3398 2785 3488 2839 διὰ
3515 2781 3810 2854 Τιμοθέου.

1981 3190 2749 3305 ΥΠΟΘΕΣΙΣ

1255 3437 1477 3525 ΤΗΣ
1533 3435 2200 3528 ΚΑΘΟΛΙΚΗΣ
2272 3437 2775 3525 ΙΑΚΩΒΟΥ
2837 3435 3507 3524 ΕΙΠΣΤΟΛΗΣ.

2330 3677 2403 3689 —

1871 3858 2883 3975 ARGUMENTUM

1390 4115 2104 4210 CATHOLICIE
2193 4115 2609 4208 JACOBI
2707 4118 3388 4216 EPISTOLE.

2330 4368 2399 4380 _

811 4507 982 4584 ωε
1001 4506 1152 4562 Hanc
1172 4503 1362 4560 scribit
1379 4502 1616 4559 Iacobus
1647 4502 1730 4557 his
1752 4501 1841 4572 qui
1875 4516 1905 4556 a
1933 4499 2220 4556 duodecim
2238 4501 2331 4556 tri-

2516 4501 2736 4570 Ταύτην
2777 4499 2939 4563 αὐτὸς
2985 4501 3014 4552 ὁ
3081 4499 3338 4564 Ἰάκωϐος
3393 4500 3699 4554 ἐπιστέλλει
3758 4503 3872 4568 τοῖς
3919 4503 4036 4560 ἀπὸ

743 4605 925 4660 bubus
954 4597 1185 4669 dispersi
1226 4596 1471 4662 fuerunt,
1496 4603 1552 4651 et
1581 4595 1929 4650 crediderunt
1961 4593 2015 4649 in
2039 4594 2331 4648 Dominum

743 4705 996 4751 nostrum
1015 4690 1200 4745 Iesum
1215 4689 1518 4749 Christum.
1540 4687 1740 4743 Scribit
1762 4697 1942 4741 autem
1961 4696 2139 4757 aptam
2153 4688 2218 4740 ad
2238 4689 2334 4740 do-

746 4789 983 4845 cendum
1012 4786 1336 4859 Epistolam,
1354 4785 1559 4840 docens
1576 4784 1643 4839 de
1659 4783 2020 4837 tentationum
2048 4782 2330 4845 varietate,

746 4901 999 4956 quaenam
1015 4901 1049 4939 a
1075 4885 1189 4939 Deo
1201 4883 1295 4948 sit,
1312 4892 1367 4938 et
1388 4898 1509 4951 quae.
1538 4897 1568 4934 a
1594 4880 1812 4951 proprio
1834 4880 1998 4934 corde
2022 4878 2329 4932 hominum:

745 4980 1004 5051 quodque
1023 4994 1131 5034 non
1161 4977 1329 5032 verbo
1357 4983 1590 5037 tantum,
1614 4973 1710 5027 sed
1732 4983 1786 5027 et
1812 4987 1976 5041 opere
1997 4972 2192 5026 ﬁdemo
2212 4988 2336 5041 por-

747 5079 862 5126 teat
883 5072 1197 5132 ostendere,
1229 5082 1410 5135 neque
1435 5065 1711 5119 auditores
1742 5063 1875 5133 legis
1898 5104 1912 5127 ,
1937 5063 2031 5117 sed
2052 5063 2335 5118 effectores

742 5161 1055 5233 iustificari.
1095 5160 1168 5214 De
1189 5159 1450 5214 divitibus
1479 5173 1698 5227 quoque
1723 5156 1970 5226 praecipit
2002 5171 2072 5208 ne
2103 5156 2158 5209 in
2190 5164 2334 5210 coetu

743 5254 990 5311 ecclesiae
1021 5262 1411 5324 praeponuntur
1437 5250 1788 5321 pauperibus,
1831 5249 1924 5302 sed
1956 5249 2136 5318 potius
2158 5248 2336 5304 incre-

745 5357 964 5416 pentur,
1005 5355 1261 5414 tanquam
1313 5343 1543 5398 fastuosi
1592 5357 1656 5396 ac
1715 5341 1958 5409 superbi.
2002 5341 2069 5395 Et
2116 5341 2333 5394 tandem

745 5438 1066 5493 consolatus
1115 5437 1238 5491 illos
1285 5436 1380 5505 qui
1413 5433 1612 5503 iniuria
1639 5433 1970 5491 afﬁciuntur.
2011 5446 2210 5499 eosque
2240 5448 2334 5484 ex-

747 5531 994 5584 hortatus
1021 5537 1080 5581 ut
1109 5527 1450 5598 longanimes
1477 5525 1588 5579 sint
1612 5539 1784 5592 usque
1807 5522 1873 5576 ad
1893 5521 2098 5574 .Iudicis
2131 5521 2335 5574 adven-

747 5631 884 5680 tum.
960 5621 1049 5674 ubi
1101 5621 1264 5675 etiam
1303 5620 1372 5675 de
1405 5605 1682 5688 patientiae
1730 5615 2036 5678 commodo,
2088 5615 2336 5683 exemplo

743 5712 848 5767 Job
896 5713 1102 5774 docuit,
1164 5711 1408 5781 prmeipit
1462 5707 1716 5764 advocari
1770 5706 2116 5782 presbyteros
2173 5721 2338 5775 super

747 5808 1015 5872 infirmos,
1063 5816 1227 5875 utque
1270 5806 1523 5859 studeant
1561 5803 1629 5856 ad
1680 5802 1963 5857 veritatem
2017 5812 2337 5854 convertere

2438 4600 2548 4652 τῶν
2585 4596 2792 4650 δώδεκα
2830 4594 3014 4662 φυλῶν
3039 4592 3385 4665 διασπαρεῖσι
3414 4595 3512 4648 καὶ
3550 4595 3909 4649 πιστεύσασιν
3951 4600 4037 4658 εἰς

2438 4693 2531 4744 τὶν
2578 4688 2784 4760 Κύριον
2822 4687 2980 4756 ἡμῶν
3033 4685 3243 4755 Ἰησοῦν
3298 4686 3557 4756 Χριστόν.
3597 4687 3808 4758 Γράφει
3845 4688 3905 4742 δὲ
3951 4689 4037 4742 δι-

2439 4783 2774 4850 δασκαλικὴν
2804 4781 2903 4850 τὴν
2947 4777 3290 4848 Ἐπιστολὴν,
3318 4777 3586 4833 διδάσκων
3617 4781 3749 4851 περὶ
3768 4781 4037 4852 διαφορᾶς

2441 4873 2789 4944 πειρασμῶν,
2827 4873 2976 4934 ποῖος
3028 4870 3130 4940 μὲν
3179 4869 3327 4923 ἐστιν
3360 4873 3389 4923 ὁ
3426 4871 3536 4925 ἀπὸ
3567 4871 3726 4938 Θεοῦ,
3774 4876 3933 4938 ποῖος
3979 4875 4040 4926 δὲ

2441 4969 2469 5019 ὁ
2518 4965 2626 5018 ἀπὸ
2656 4966 2758 5033 τῆς
2803 4964 2942 5025 ιδίας
2984 4962 3213 5034 καρδίας
3247 4962 3357 5016 τῶν
3401 4963 3731 5035 ἀνθρώπων.
3779 4967 3895 5020 Καὶ
3950 4967 4040 5020 ὅτι

2441 5060 2502 5113 οὐ
2538 5059 2682 5130 λόγῳ
2739 5057 2920 5127 μόνον,
2961 5055 3100 5110 ἀλλὰ
3143 5057 3240 5110 καὶ
3276 5055 3425 5126 ἔργῳ
3474 5057 3556 5110 δεῖ
3600 5056 3879 5111 δεικνύναι
3933 5061 4038 5130 τὴν

2443 5153 2649 5217 πίστιν,
2719 5153 2814 5202 καὶ
2865 5151 2966 5219 οὐχ
3014 5151 3067 5202 οἱ
3119 5150 3391 5220 ἀκροαταὶ
3425 5148 3521 5204 τοῦ
3561 5149 3756 5220 νόμου,
3811 5151 3933 5205 ἀλλ’
3989 5156 4040 5206 οἱ

2443 5246 2666 5314 ποιηταὶ
2696 5241 3053 5298 δικαιοῦνται.
3085 5242 3221 5311 Περί
3256 5259 3315 5295 τε
3360 5242 3469 5295 τῶν
3499 5242 3773 5296 πλουσίων
3803 5261 4038 5313 παραγο

2443 5338 2643 5407 γέλλει,
2696 5335 2786 5388 ἴνα
2831 5334 2906 5406 μὴ
2937 5333 3345 5405 προκρίνωνται
3371 5333 3482 5388 τῶν
3532 5335 3764 5404 πτωχῶν
3797 5337 3856 5387 ὲν
3915 5339 4042 5400 ταῖς

2447 5429 2803 5498 ἐκκλησίαις,
2875 5427 3012 5481 ἀλλὰ
3049 5427 3250 5495 μᾶλλον
3309 5429 3407 5480 καὶ
3457 5427 3907 5497 ὲπιπλήττωνται
3963 5430 4043 5492 ὡς

2449 5523 2814 5591 ὑπερήφανοι.
2881 5521 2992 5573 Καὶ
3053 5520 3205 5582 τέλος
3285 5518 3828 5589 παραμυθησάμενος
3906 5523 4041 5583 τοὺς

2445 5615 2858 5684 ἀδικουμένους,
2889 5614 2985 5666 καὶ
3018 5611 3472 5683 προτρεψάμενος
3503 5613 3704 5676 αὐτοὺς
3751 5613 4044 5684 μακροθυ-

2450 5709 2571 5775 μεῖν
2601 5707 2708 5768 ’ἕως
2744 5704 2844 5772 τῆς
2895 5704 3201 5775 παρουσίας
3251 5703 3344 5757 τοῦ
3405 5704 3635 5774 Κριτοῦ,
3686 5705 3786 5757 καὶ
3811 5705 4042 5769 διδάξας

2449 5803 2576 5871 περὶ
2602 5798 2882 5868 ὑπομονῆς
2913 5798 2974 5848 ὲκ
3006 5797 3098 5850 τίιῦ
3137 5797 3258 5849 Ὶὼδ
3294 5798 3355 5849 τδ
3391 5798 3626 5868 χρηστὸν
3659 5797 3852 5868 αὐτῆς’
3895 5815 4046 5869 1n".

748 5915 843 5956 eos
874 5901 966 5969 qui
1007 5901 1215 5956 seducti
1249 5909 1377 5955 sunt
1421 5907 1511 5952 aut
1543 5897 1631 5967 qui
1663 5905 1842 5950 errant
1883 5914 1890 5946 :
1923 5895 1992 5948 ait
2043 5895 2187 5949 enim
2223 5909 2332 5950 esse

2451 5893 2704 5963 a‘{‘;é‘).}.zt
2732 5890 3162 5962 προσκαλεῖσθαι
3189 5891 3310 5954 τοὺς
3344 5890 3750 5962 πρεσϐυτέῳυς
3781 5893 3874 5945 ἐπὶ
3911 5896 4045 5957 τοις
