4178 6454
730 451 838 515 459

1802 430 2205 493 (ECUMENII
2229 427 2528 489 TlllCC:E
2568 423 2919 487 EPISCOI’I»

3915 412 4028 476 480

730 589 761 627 a
817 570 991 640 teipso
1029 561 1197 620 animi
1248 558 1647 631 duplicitatcm,
1699 568 1881 623 neque
1912 552 2160 617 omnino,
2202 563 2326 603 cum

2442 546 2668 616 γωρίας.
2709 539 2774 595 Ἀ
2793 560 2882 614 ρον
2950 538 3177 593 σεαυτοῦ
3233 538 3329 607 τὴν
3364 534 3642 605 διψυχξαν,
3683 532 3780 585 καὶ
3848 531 4030 601 μηδὲν

728 662 934 735 aliquid
976 675 1006 715 a
1050 657 1162 713 Deo
1197 655 1339 727 petis
1382 652 1567 707 animo
1607 648 1851 712 vacilles,
1895 643 2130 701 dicendo
2178 640 2323 711 apud

732 761 990 831 teipsum,
1016 750 1303 821 Quomodo
1331 759 1555 818 possum
1593 742 1871 814 quidpiam
1904 755 1935 793 a
1963 736 2194 791 Domino
2223 748 2321 804 pe-

730 865 846 909 tere
868 857 925 906 et
957 846 1228 917 accipere,
1271 840 1365 911 qui
1414 836 1576 893 toties
1611 836 1666 890 in
1706 834 1884 904 ipsum
1930 826 2270 900 peccaverim
2302 824 2325 877 ?

725 947 807 1003 Nc
848 946 965 1000 haec
1014 939 1239 1011 cogites,
1288 933 1384 991 sed
1436 947 1503 987 ex
1548 937 1660 985 toto
1697 925 1861 981 corde
1896 929 2218 979 convertere
2254 916 2320 971 ad

730 1040 1043 1101 Dominum,
1075 1041 1131 1089 et
1168 1038 1293 1102 pete
1322 1030 1391 1083 ab
1420 1027 1540 1098 ipso
1569 1024 1689 1078 sine
1729 1017 2097 1081 haesitatione,
2144 1020 2199 1069 et
2231 1027 2323 1067 co—

730 1148 960 1207 gnosces
1018 1125 1428 1184 multitudinem
1487 1114 1878 1173 misericordia:
1947 1111 2110 1181 ejus,
2177 1105 2323 1176 quod

729 1201 1075 1296 nequaquam
1117 1228 1171 1275 te
1207 1218 1442 1276 deserat,
1482 1210 1579 1266 scd
1623 1207 1943 1279 petitionem
1990 1201 2187 1256 anima:
2221 1207 2325 1253 tuse

730 1293 1049 1389 complebit.
1096 1314 1212 1368 Non
1244 1320 1327 1364 est
1354 1305 1503 1362 enim
1542 1302 1685 1358 Deus
1717 1302 1858 1356 sicut
1895 1295 2148 1351 homines
2172 1338 2186 1358 ,
2232 1293 2325 1362 qui

730 1422 1049 1469 mutuarum
1081 1404 1402 1476 injuriarum
1445 1399 1818 1454 meminerunt
1856 1408 1871 1447 :
1910 1390 2004 1446 sed
2042 1389 2159 1459 ipse
2190 1385 2327 1441 obli—

730 1508 959 1563 viscitur
1005 1499 1238 1571 injuriae,
1278 1505 1333 1551 et
1369 1494 1665 1549 miseretur
1685 1494 1951 1544 creatura:
1984 1497 2119 1538 suae.
2162 1478 2328 1552 444

739 1621 757 1653 ι
791 1600 888 1655 Vir
918 1594 1122 1667 duplici
1173 1591 1379 1646 animo.
1417 1608 1436 1639 ι
1476 1584 1686 1655 Duplici
1721 1581 1905 1636 animo
1938 1578 2113 1633 virum
2140 1572 2325 1643 appel-

732 1697 808 1749 lat
846 1666 1157 1747 instabilem
1196 1695 1250 1742 et
1278 1699 1386 1738 non
1426 1681 1666 1743 ﬁrmum,
1694 1675 1787 1746 qui
1829 1687 2009 1742 neque
2039 1669 2105 1726 ad
2142 1666 2325 1723 futura

732 1784 928 1848 solide,
957 1794 1137 1849 neque
1162 1775 1229 1829 ad
1259 1768 1549 1842 praesentia
1574 1780 1767 1823 secure
1794 1764 2046 1818 ﬁrmatus
2074 1766 2157 1814 est
2183 1774 2197 1814 :
2231 1755 2325 1810 sed

733 1876 844 1929 hue
878 1884 1038 1941 atque
1062 1867 1192 1921 illuc
1221 1862 1443 1919 ducitur
1472 1874 1536 1914 ac
1563 1853 1952 1913 circumfertur
1978 1870 1993 1907 :
2024 1860 2078 1906 et
2104 1846 2323 1903 interim

734 1927 965 2036 quidem.
986 1960 1192 2020 futura,
1219 1953 1544 2026 quandoque
1566 1963 1694 2005 vero
1721 1944 2015 2018 praesentia
2046 1938 2329 2010 amplecti-
2360 1927 2405 1988 Β

737 2068 844 2113 tur.
871 2054 1056 2109 Talem
1084 2060 1265 2105 autem
1301 2045 1489 2101 ﬂuctui
1515 2056 1734 2113 quoque
1765 2038 1935 2094 maris
1966 2031 2324 2105 comparavit,

737 2166 840 2205 nec
893 2145 1205 2202 ﬁrmitatem
1254 2154 1362 2195 nec
1401 2135 1756 2193 stabilitatem
1802 2127 2025 2187 habenti
2059 2142 2072 2182 :
2103 2133 2158 2179 et
2206 2120 2326 2177 ﬂori

738 2242 923 2298 herbae
939 2238 1029 2309 qui
1049 2237 1216 2291 etiam
1234 2248 1347 2287 non
1373 2236 1708 2302 perseverat,
1743 2224 1839 2283 sed
1873 2220 2034 2278 simul
2064 2226 2126 2273 ut
2154 2215 2330 2269 oritur

739 2334 841 2397 sol,
880 2307 1090 2389 deﬂuit.
1122 2324 1419 2386 Considera
1459 2336 1592 2376 vero
1621 2318 1765 2388 quod
1799 2331 1908 2370 non
1948 2307 2329 2367 dixerittalem

738 2422 1030 2484 assimilari
1083 2421 1288 2483 herbas,
1326 2416 1423 2470 sed
1484 2412 1601 2467 ﬂori
1636 2410 1839 2469 herbae,
1896 2406 2064 2461 breve
2106 2399 2331 2456 omnino

740 2530 959 2588 tempus
991 2511 1307 2586 signiﬁcans
1337 2524 1434 2579 per
1459 2506 1671 2560 ﬂorem.
1691 2500 1963 2569 Quoniam
2000 2502 2181 2550 autem
2213 2505 2331 2546 om-

740 2614 896 2667 nium
922 2604 1275 2663 obstetricem
1302 2617 1365 2657 ac
1389 2600 1634 2654 altricem
1674 2594 1830 2649 novit
1858 2605 1983 2647 esse
2013 2587 2179 2644 animi
2216 2599 2332 2638 mo-

741 2704 999 2763 destiam,
1041 2706 1095 2753 et
1138 2697 1257 2752 sine
1287 2694 1392 2748 'nac
1421 2689 1561 2745 nihil
1590 2702 1709 2743 esse
1750 2686 2027 2758 egregium
2056 2680 2110 2733 in
2148 2675 2332 2749 probis

744 2812 807 2857 ac
848 2789 1110 2850 studiosis
1146 2785 1296 2851 viris,
1329 2783 1453 2838 ideo
1494 2777 1772 2850 subiungit
1806 2793 1818 2829 :
1853 2774 2127 2830 Glorietur
2168 2767 2335 2823 frater

744 2889 837 2957 qui
861 2883 1087 2941 humilis
1101 2890 1205 2943 est,
1226 2886 1333 2933 etc.
1362 2872 1648 2942 Quomodo
1666 2878 1848 2924 autem
1882 2873 1935 2921 et
1964 2878 2132 2934 quare
2158 2861 2335 2916 dictus

742 2956 831 3036 est
859 2977 998 3032 alius
1035 2969 1237 3043 duplici
1258 2966 1480 3023 animo?
1510 2962 1663 3029 Quod
1699 2972 1879 3029 neque
1909 2956 1976 3010 ad
2012 2958 2334 3024 praesentem

744 3073 913 3126 vitam
943 3082 1123 3137 neque
1144 3065 1210 3120 ad
1236 3063 1475 3118 futuram
1499 3058 1571 3113 sit
1604 3055 1848 3109 ﬁrmatus
1890 3069 1899 3099 ε
1945 3064 2070 3103 nam
2103 3047 2213 3101 vita
2248 3044 2335 3099 di-

744 3166 891 3223 citur
931 3160 1093 3217 etiam
1128 3156 1331 3219 anima,
1380 3161 1441 3207 ut
1490 3164 1614 3204 cum
1644 3146 1843 3202 dicitur
1876 3162 1888 3200 :
1917 3160 1935 3191 ι
1970 3138 2163 3196 Omnia
2218 3150 2338 3206 qua).

2431 636 2569 698 ὅλως
2599 633 2905 706 διψυχήσῃς
2956 629 3284 701 αἰτήσασθαι
3351 628 3503 697 παρὰ
3558 624 3696 678 Θεοῦ
3754 622 3936 690 λέγων
3971 624 4032 673 ἐν

2433 725 2665 795 σεαυτῷ,
2723 725 2826 787 ὅτι,
2873 723 2999 785 Πῶς
3056 721 3293 790 δύναμαι
3347 718 3569 788 αἰτῆσαί
3616 733 3670 768 τι
3716 712 3870 786 παρὰ
3929 711 4033 764 τοῦ

2430 818 2640 891 Κυρίου
2663 817 2759 871 καὶ
2793 816 3001 889 λαϐεῖν,
3042 812 3384 885 ἡμαρτηκὼς
3414 809 3652 864 τοσαῦτα
3698 809 3781 871 είς
3819 805 4028 869 αὐτόνς

2434 912 2528 982 Μὴ
2567 909 2875 978 διαλογίζου
2903 906 3219 973 ταῦτα,άλλ’
3251 904 3309 969 εξ
3337 905 3466 973 ὅλης
3496 899 3726 971 καρδίας
3758 898 4031 966 ἐπίστρε-

2430 1006 2531 1075 ψον
2566 1006 2660 1057 ἐπὶ
2698 1002 2926 1074 Κύριον,
2964 1003 3055 1054 καὶ
3086 998 3238 1053 αἰτοῦ
3291 1015 3362 1050 πα
3376 997 3423 1067 ρ’
3452 994 3617 1050 αὑτοῦ
3652 992 4029 1051 ἀδιστάκτως·

2432 1095 2528 1150 καὶ
2590 1094 2777 1167 γνώσῃ
2838 1092 2938 1163 τὴν
3004 1088 3487 1159 πολυσπλαγχνίαν
3542 1084 3745 1149 αὑτοῦ,
3822 1083 3907 1135 ὅτι
3965 1080 4032 1132 οὗ

2436 1190 2510 1261 μή
2565 1205 2624 1242 σε
2683 1186 3047 1260 ἐγκαταλίπῃ,
3093 1184 3231 1239 ἀλλὰ
3294 1183 3356 1235 τὸ
3406 1180 3618 1249 αἴτημα
3672 1177 3774 1245 τῆς
3844 1173 4032 1244 ψυχῆς

2433 1297 2528 1333 σου
2560 1278 2998 1348 πληροφορήσει.
3045 1276 3158 1328 Οὐκ
3190 1274 3306 1326 ἔστι
3338 1271 3445 1341 γάρ
3474 1272 3503 1323 ὁ
3539 1268 3672 1330 Θεδς
3713 1268 3787 1328 ὡς
3840 1268 3891 1318 οἱ
3925 1266 4029 1316 ἆν-

2434 1371 2665 1442 θρωποι,
2720 1372 2770 1421 οί
2824 1365 3292 1438 μνησικακοῦντες
3358 1362 3634 1433 ἀλλήλοις,
3685 1358 3799 1411 ἀλλ’
3858 1355 4033 1416 αὐτὸς

2432 1461 2811 1533 ἀμνησίκακός
2836 1462 2974 1526 ἐστι,
3001 1460 3097 1515 καὶ
3132 1456 3563 1528 σπλαγχνίζεται
3586 1454 3679 1507 ἐπὶ
3730 1452 3833 1523 τὴν
3861 1449 4031 1518 ποίη-

2434 1573 2519 1609 σιν
2554 1554 2744 1609 αὐτοῦ.
2809 1574 2825 1607 ι
2873 1555 3039 1626 Ἀνὴρ
3082 1553 3323 1623 δίψυχος.
3371 1568 3389 1602 ι
3426 1548 3659 1617 Δῖνζκυχον
3709 1544 3886 1614 ἄνδρα
3933 1542 4031 1593 τὶν

2431 1641 2839 1714 ἀνεπέρειστον,
2873 1643 2966 1695 τὸν
3007 1645 3342 1713 ἀστήρικτον
3381 1639 3553 1707 λέγει,
3592 1636 3683 1688 τὸν
3712 1636 3855 1704 μήτε
3887 1632 4031 1701 πρὸς

2430 1735 2498 1789 τὰ
2538 1734 2801 1806 μέλλοντα
2833 1736 3071 1804 παγίως,
3102 1737 3240 1805 μήτε
3287 1732 3422 1804 πρδς
3456 1732 3527 1785 τὰ
3558 1728 3805 1800 παρόντα
3840 1728 4028 1793 ἀσφα-

2431 1829 2541 1893 λῶς
2599 1829 2967 1900 ὴδρασμένον,
3005 1828 3143 1882 ἀλλὰ
3169 1828 3296 1898 τῇδε
3334 1827 3557 1880 κάκεῖσε
3617 1823 3893 1892 ἀγόμενον
3933 1821 4031 1871 καὶ

2438 1923 2892 1993 περιφερόμενον,
2924 1922 3017 1974 καὶ
3042 1923 3174 1975 ποτὲ
3200 1920 3298 1990 μὲν
3328 1918 3438 1991 τῶν
3466 1917 3790 1988 μελλόντων,
3818 1914 3951 1967 ποτὲ
3972 1913 4031 1964 δὲ

2432 2016 2541 2069 τῶν
2573 2015 2859 2087 παρόντων
2890 2014 3273 2083 ἀντεχόμενον.
3294 2013 3398 2065 Τὸν
3422 2012 3478 2065 δὲ
3502 2007 3741 2063 τοιοῦτον
3769 2007 3868 2061 καὶ
3899 2004 4033 2059 ir;-

2430 2110 2560 2165 δωνι
2592 2110 2864 2164 ἀπείκασε
2894 2107 3174 2179 θαλάσσης
3237 2108 3339 2160 οὐκ
3372 2108 3551 2176 ἔχοντι
3588 2103 3648 2156 τὲ
3678 2103 3897 2173 ἑδραῖον
3931 2098 4033 2150 καὶ

2434 2203 2721 2270 στάσιμον,
2754 2202 2851 2255 καὶ
2878 2199 3032 2254 ἄνθει
3065 2202 3260 2271 χόρτου
3294 2198 3417 2252 οὐδὲ
3441 2195 3591 2266 αὐτῷ
3622 2192 4029 2265 παραμένοντι,

2434 2296 2549 2353 ἀλλ’
2590 2294 2709 2368 ἅμα
2734 2295 2811 2365 τῷ
2858 2294 3140 2349 ἀνατεῖλαι
3185 2294 3278 2347 τὸν
3310 2294 3486 2365 ἦλιον,
3540 2286 4026 2360 ἀπορυῖσκομένιε).

2434 2389 2637 2443 Σκόπει
2664 2388 2721 2441 δὲ
2748 2389 2829 2442 ὅτι
2856 2388 2955 2441 οὐκ
2987 2382 3131 2451 εἶπε,
3155 2387 3334 2458 χόρτῳ
3366 2386 3606 2439 ἑοικέναι
3636 2384 3727 2436 τὸν
3756 2378 4028 2441 τοιοῦτον,

2434 2480 2549 2534 ἀλλ’
2577 2480 2726 2535 ἄνθει
2777 2480 3000 2551 χόρτου,
3054 2482 3114 2534 τὸ
3143 2480 3342 2543 τελέως
3393 2476 3761 2547 ὀλιγοχρόνιον
3793 2474 3885 2527 διά
3932 2471 4030 2524 τοῦ

2434 2574 2631 2637 ἄνθους
2660 2573 2858 2644 δηλῶν.
2907 2573 3129 2644 Ἐπειδὴ
3163 2572 3219 2625 δὲ
3250 2572 3357 2625 τῶν
3402 2570 3585 2624 καλῶν
3613 2568 3760 2621 άπάν
3774 2581 4034 2635 semipat-

2437 2667 2659 2738 εύτριαν
2691 2664 2799 2720 οἶδε
2832 2664 2931 2737 τὴν
2960 2663 3489 2735 ταπεινοφροσύνην,
3526 2661 3622 2715 καὶ
3658 2661 3791 2715 ἄνευ
3820 2656 4036 2724 ταύτης

2439 2760 2592 2813 οὐδὲν
2620 2758 3059 2829 κατορθούμενον
3097 2757 3208 2810 τῶν
3237 2756 3566 2820 σπουδαίων,
3597 2755 3684 2807 διὰ
3714 2752 3877 2807 τοῦτο
3907 2753 4036 2803 ἐπι-

2440 2855 2597 2923 φέρει
2639 2850 2720 2916 τὸ,
2756 2850 3068 2921 Καυχάσθω
3101 2852 3129 2903 ὀ
3175 2848 3404 2918 ἁδελςδδς
3443 2850 3470 2901 ὁ
3518 2846 3798 2911 ταπεινὸς,
3834 2847 3933 2899 καὶ
3964 2842 4036 2897 τά

2440 2943 2585 3017 ἑξῆς.
2612 2944 2736 3008 Πῶς
2758 2944 2815 2997 δὲ
2847 2943 3066 3012 δίψυχος
3109 2941 3325 3013 εἴρηται
3357 2941 3453 2995 καὶ
3484 2940 3572 2994 διὰ
3616 2941 3707 3006 τὶ;
3745 2938 3834 3001 Ὠς
3894 2939 4037 3007 μήτε

2441 3038 2582 3108 πρὸς
2617 3038 2715 3107 τὴν
2739 3036 3024 3105 παροῦσαν
3048 3035 3214 3105 ζωὴν,
3250 3038 3388 3105 μήτε
3427 3034 3563 3106 πρὸς
3590 3033 3688 3105 τὴν
3727 3032 4037 3103 μέλλουσαν

2441 3132 2800 3205 ἡδρασμένος.
2830 3129 2991 3199 Ψυχὴ
3008 3127 3116 3197 γὰρ
3149 3124 3241 3180 καῖε
3271 3130 3303 3196 ὴ
3339 3128 3454 3195 ζωὴ
3480 3126 3724 3194 λέγεται,
3744 3124 3821 3188 ὡς
3854 3127 3913 3178 ὲν
3931 3124 4035 3193 τῷ,

3755 3216 3779 3228 ο

746 3256 913 3312 habet
936 3253 1100 3307 homo
1123 3248 1273 3303 dabit
1305 3216 1405 3317 pro
1422 3241 1603 3297 anima
1639 3237 1793 3293 sua‘.
1836 3256 1854 3288 ι
1891 3264 1959 3277 -
2004 3252 2021 3283 ι
2056 3231 2117 3286 In
2154 3228 2334 3284 omni-

2449 3243 2467 3276 ι
2505 3224 2689 3277 Πάντα
2720 3223 2819 3275 ὅσα
2858 3221 2974 3291 ἔχει
3018 3219 3309 3289 ἄνθρωπος
3341 3218 3503 3271 δώσει
3537 3218 3681 3287 ὑπὲρ
3720 3216 3822 3286 τῆς
3850 3216 4037 3284 ψυχῆς

2487 3319 2499 3331 ι
2580 3316 2599 3327 ο
2851 3315 2905 3331 ιη
3036 3315 3045 3327 ι
3224 3330 3237 3331 κ
3285 3314 3306 3327 υ
3372 3313 3499 3331 [9,9,
3537 3310 3692 3331 ,α’-Α-
3765 3329 3778 3331 _
3825 3308 4014 3331 'f|2_,‘_

746 3349 851 3404 bus
882 3345 987 3401 viis
1028 3341 1160 3397 suis.
1203 3358 1221 3390 ›
1260 3337 1383 3391 Vias
1416 3333 1549 3389 dicit
1574 3328 1742 3385 animi
1769 3334 1951 3382 motus
1977 3322 2177 3393 quibus
2210 3334 2337 3389 spes

748 3441 1014 3498 elevatur,
1048 3432 1162 3487 sive
1189 3442 1309 3499 quae
1334 3426 1483 3482 utilis
1516 3432 1603 3478 est
1631 3420 1746 3474 sive
1775 3430 1896 3487 qua:
1922 3413 2155 3475 inutilis,
2188 3412 2338 3480 juxta

749 3530 803 3586 id
825 3526 969 3599 quod
992 3524 1067 3579 ait
1099 3518 1265 3577 David
1292 3537 1306 3572 :
1351 3536 1368 3569 ι
1401 3516 1470 3571 Ει
1497 3525 1690 3569 omnes
1711 3508 1825 3563 vias
1851 3521 1998 3561 meas
2020 3515 2337 3575 praecogno~

752 3621 878 3677 visti
902 3621 945 3674 ".
980 3638 997 3671 ι

824 3712 866 3774 1,
898 3709 1053 3763 9-H.
1088 3704 1355 3760 Glorietur
1393 3707 1573 3751 autem
1611 3695 1778 3763 frater
1816 3691 1906 3761 qui
1946 3686 2157 3741 humilis
2188 3684 2341 3738 estin

753 3801 1077 3859 sublimitate
1116 3812 1212 3849 sua
1258 3811 1275 3847 :
1312 3800 1494 3845 contra
1530 3787 1617 3855 qui
1646 3786 1787 3838 dives
1824 3790 1920 3845 est,
1957 3780 2011 3832 in
2042 3776 2343 3831 humilitate

752 3914 853 3952 sua
886 3913 903 3951 ε
948 3890 1199 3964 quoniam
1234 3885 1392 3939 veluti
1426 3883 1523 3949 ﬂos
1565 3878 1736 3932 herba
1765 3873 2075 3945 praeteribit.
2110 3870 2342 3924 Exortus

754 4003 829 4044 est
855 3988 990 4042 enim
1013 3982 1092 4037 sol
1118 3995 1234 4033 cum
1253 3984 1407 4038 wstu,
1447 3982 1495 4026 et
1533 3970 1741 4025 exaruit
1776 3965 1960 4027 herba,
1987 3972 2037 4017 et
2073 3964 2170 4032 [los
2199 3960 2342 4014 illius

756 4080 971 4141 decidit,
999 4085 1045 4129 et
1069 4077 1225 4128 decor
1251 4076 1491 4137 aspectus
1516 4065 1659 4119 illius
1685 4062 1863 4132 periit.
1897 4058 1985 4115 Sic
2019 4068 2068 4111 et
2110 4058 2252 4109 dives
2289 4055 2344 4106 in

756 4174 852 4227 viis
868 4173 976 4226 suis
1002 4172 1307 4222 marcescat.

834 4436 1104 4503 Quoniam
1138 4430 1483 4486 vacillantem
1516 4422 1785 4480 assimilat
1814 4420 1999 4476 ﬂuctui
2045 4418 2136 4489 qui
2181 4427 2345 4472 vento

760 4533 959 4611 agitur,
992 4525 1085 4596 qui
1135 4520 1352 4577 inﬂatus
1391 4518 1717 4573 sublimatur
1760 4529 1865 4567 una
1899 4529 2024 4568 cum
2066 4512 2346 4582 spiritibus

2442 3316 2625 3370 αὑτοῦ.
2654 3336 2672 3367 ι
2697 3346 2762 3357 -
2782 3334 2799 3365 ι
2851 3315 2939 3368 Ἐν
2978 3315 3180 3377 πάσαις
3216 3314 3334 3376 ταῖς
3363 3313 3502 3375 ὁδοῖς
3530 3310 3719 3363 αὑτοῦ.
3764 3329 3784 3361 ι
3825 3308 4038 3370 Ὁδοὶς.

2442 3411 2541 3473 τὰς
2562 3408 2798 3479 ψυχικὰς
2838 3408 2988 3475 λέγει
3019 3408 3288 3476 κινήσεις,
3322 3400 3411 3468 αἷς
3461 3404 3679 3467 ἐλπίδες
3716 3402 4036 3473 ὲπαιωροῦ-

2443 3520 2564 3556 νται
2609 3504 2719 3555 εἴτε
2753 3501 2991 3572 χρησταὶ
3047 3502 3158 3552 εἴτε
3214 3499 3313 3552 καὶ
3371 3500 3469 3569 μὴ,
3512 3497 3646 3553 καθά
3704 3513 3836 3567 φησι
3882 3500 3982 3548 καὶ
4010 3497 4038 3546 ὁ

2444 3594 2629 3660 Δαυῗδ,
2669 3613 2687 3645 ι
2743 3594 2855 3647 Καὶ
2886 3594 3067 3656 πάσας
3103 3594 3202 3655 τὰς
3252 3590 3406 3655 ὁδούς
3443 3608 3544 3661 μου
3568 3589 3836 3659 προεῖδες.
3879 3606 3899 3639 ι

2517 3685 2852 3756 Καυχάσθω
2887 3686 2956 3739 δὲ
3000 3689 3032 3739 ό
3076 3684 3364 3753 ἀδελφὸς,
3412 3685 3444 3737 ό
3490 3681 3790 3748 ταπεινὸς,
3826 3679 3898 3733 ἐν
3960 3679 4042 3745 τῷ

2446 3780 2587 3847 ὕψει
2625 3779 2851 3833 αὐτοῦ’
2886 3782 2918 3833 ὀ
2961 3777 3030 3831 δὲ
3090 3779 3391 3840 πλούσιος
3432 3776 3501 3830 ἐκ
3555 3773 3630 3843 τῇ
3676 3773 4040 3826 ταπεινώσει

2446 3871 2663 3927 αὐτοῦ’
2717 3871 2807 3924 ὅτι
2882 3871 2963 3936 ὡς
3015 3869 3196 3934 (ir-60c
3272 3869 3489 3934 χόρτου
3568 3867 4037 3934 παρελεύσεται.

2463 3964 2766 4018 Ἀνέτει.1ε
2797 3964 2906 4035 γῄρ
2937 3965 2968 4015 d
2996 3961 3169 4027 ἣλιες
3205 3957 3327 4012 σὺν
3352 3959 3426 4025 τῷ
3453 3961 3741 4024 καύσωνι,
3771 3959 3867 4011 καὶ
3898 3960 4039 4026 ἐξιξ-

2440 4072 2591 4125 ρανε
2616 4056 2722 4110 τὸν
2746 4056 2985 4124 χόρτον,
3031 4052 3130 4105 καὶ
3182 4052 3249 4104 τὸ
3291 4053 3475 4117 ἄνθος
3521 4049 3709 4104 αὐτοῦ
3756 4052 4041 4116 ἐξέπεσε,

2452 4148 2551 4199 καὶ
2588 4147 2626 4213 ἡ
2661 4146 2989 4213 εὐπρέπεια
3022 4143 3127 4197 τεῦ
3160 4141 3488 4211 προσώπου
3518 4140 3707 4194 αὑτοῦ
3739 4141 4039 4195 ἀπώλετο.

2454 4237 2652 4303 Οὕτως
2685 4237 2782 4289 καὶ
2814 4241 2846 4290 ό
2877 4238 3179 4301 ,πλούσιος
3212 4237 3280 4287 ἐν
3348 4232 3473 4299 ταῖς
3528 4234 3800 4301 πορείαις
3847 4235 3997 4286 all-rc
4011 4234 4043 4286 ῐν

2443 4330 2916 4399 μαρανθήσεται.

2534 4422 2756 4491 Ἐπειδὴ
2787 4422 3019 4475 κλύδωνι
3056 4421 3262 4493 ἀνέμου
3294 4422 3387 4477 τὸν
3434 4422 3851 4493 διακρινόμενον
3882 4423 4045 4474 ἀπει-

2453 4515 2629 4579 κάζει,
2661 4514 2720 4577 ὃς
2771 4514 3170 4585 μετεωρίζεται
3205 4517 3305 4584 μὲν
3361 4518 3477 4579 τοῖς
3526 4513 3836 4584 πνεύμασιν
3887 4512 4047 4579 £5,07-

762 4608 949 4682 maris,
981 4616 1072 4670 sed
1110 4611 1424 4683 priusquam
1461 4607 1727 4669 elevetur,
1760 4604 2129 4673 prosternitur
2158 4619 2222 4658 ac
2264 4618 2337 4656 se-

2458 4608 2743 4678 κούμενος,
2796 4609 2990 4663 θᾶττον
3035 4610 3091 4663 δὲ
3126 4611 3156 4680 ἢ
3195 4610 3477 4681 ὑψωθῆναι
3521 4612 3944 4677 καταστορεῖταί
3982 4625 4046 4661 τι

3373 4647 3477 4681 ὁνάδ
3523 4647 3876 4677 κριθείς-ἀνθ..

761 4713 959 4763 datur:
1012 4706 1116 4759 hoc
1169 4702 1346 4771 ipsum
1390 4704 1573 4751 autem
1614 4695 1883 4763 contingit
1913 4694 2214 4759 vacillanti,
2256 4694 2348 4761 qui

761 4815 875 4869 pra:
914 4797 1053 4849 fastu
1094 4808 1157 4847 ac
1194 4788 1448 4859 superbia
1486 4788 1539 4841 in
1573 4786 1722 4841 nullo
1759 4801 1948 4840 eorum
1987 4802 2108 4854 quae
2136 4796 2351 4855 oportet

763 4894 942 4945 ﬁrmat
970 4903 1096 4941 suas
1119 4885 1447 4955 petitiones;
1474 4888 1759 4951 propterea
1786 4879 2064 4949 subjungit
2098 4898 2109 4932 :
2141 4879 2350 4934 Glorie-

762 4988 852 5031 tur
890 4976 1056 5030 frater
1084 4973 1176 5041 qui
1217 4981 1300 5026 est
1333 4970 1576 5024 humilis.
1600 4973 1678 5024 Ac
1711 4968 1754 5023 si
1795 4969 2044 5024 diceret:
2092 4969 2197 5037 Qui
2236 4970 2351 5024 vult

767 5068 1047 5139 quippiam
1088 5074 1295 5137 petere,
1320 5064 1554 5134 primum
1581 5062 1802 5131 quidem
1842 5071 1993 5132 petat
2031 5078 2154 5133 quae
2184 5081 2351 5134 opor-

769 5168 868 5227 tet,
898 5162 951 5214 in
984 5159 1181 5228 quibus
1210 5169 1554 5226 nequaquam
1590 5154 1933 5208 fraudabitur
1970 5156 2154 5223 petitis
2188 5174 2199 5209 :
2236 5156 2349 5211 hmc

766 5261 949 5307 autem
977 5257 1106 5306 sunt
1139 5264 1365 5318 regnum
1398 5246 1493 5300 Dei
1523 5253 1576 5299 et
1598 5243 1810 5313 justitia
1838 5263 1851 5297 :
1887 5244 2082 5299 deinde
2112 5245 2351 5301 tolerans

766 5346 837 5399 sit
866 5344 921 5397 in
954 5343 1142 5397 talium
1176 5340 1459 5411 petitione,
1507 5352 1683 5407 neque
1714 5337 1804 5393 ubi
1840 5338 2119 5407 paululum
2156 5355 2349 5409 preca-

766 5444 855 5490 tus
877 5442 983 5497 est,
1021 5432 1206 5487 statim
1236 5429 1500 5491 discedat,
1531 5428 1580 5482 id
1608 5427 1751 5483 enim
1776 5429 2078 5498 arrogantis
2106 5440 2187 5484 est
2217 5447 2229 5483 :
2253 5431 2349 5486 sed

768 5533 1045 5595 exspectet
1069 5525 1241 5580 donec
1271 5523 1521 5593 accipiat,
1542 5538 1639 5593 per
1656 5524 2015 5581 humilitatem
2045 5528 2347 5583 tolerando.

773 5635 792 5668 ι
829 5615 933 5682 Qui
963 5613 1181 5670 humilis
1209 5625 1313 5677 est,
1338 5616 1391 5670 in
1416 5616 1751 5670 sublimitate
1782 5632 1899 5671 sua.
1938 5637 1955 5670 ›
1989 5620 2065 5673 Ev
2100 5620 2354 5675 humilia-

770 5707 921 5764 ticne
943 5708 1242 5762 secundum
1268 5709 1459 5775 Deum,
1477 5708 1741 5778 contingit
1765 5710 1920 5765 nobis
1945 5728 2107 5767 omne
2127 5713 2350 5769 bonum.

844 5890 991 5947 “Job
1060 5893 1204 5955 ειμι.
1284 5893 1301 5923 ⁷
1335 5891 1478 5947 Psal.
1533 5907 1795 5955 cxxxvnt,
1850 5894 1906 5947 4.

2454 4703 2550 4755 καὶ
2578 4701 2912 4772 κοιμίζεται,
2948 4702 3117 4755 ταὺτὸ
3142 4702 3197 4755 δὲ
3228 4703 3388 4756 τοῦτο
3423 4704 3515 4754 καὶ
3552 4704 3578 4755 ὀ
3627 4701 4049 4771 διακρινόμενος

2454 4793 2672 4864 πάσχει,
2699 4794 2760 4857 ἐξ
2793 4794 3171 4865 ὑπερηφανίας
3206 4795 3300 4847 καὶ
3351 4791 3656 4861 ὑπεροψίας
3708 4790 3843 4861 πρὸς
3889 4790 4049 4842 οὐδὲν

2452 4886 2561 4939 τῶν
2590 4885 2821 4939 δεόντων
2864 4885 3234 4957 ἐπιστηρίζων
3272 4884 3371 4948 τὰς
3403 4882 3598 4937 ἑαυτοῦ
3641 4883 3912 4951 αἰτήσεις,
3958 4881 4051 4934 διὲ

2452 4976 2613 5031 τοῦτο
2642 4975 2894 5046 ἐπιφέρει
2928 4976 3009 5041 τὸ,
3033 4976 3346 5047 Καυχάσθω
3373 4977 3401 5028 ό
3428 4975 3657 5045 ἀδελφὸς
3689 4976 3717 5027 ὁ
3756 4975 4042 5036 ταπεινὸς·

2455 5068 2699 5123 τοιοῦτόν
2729 5085 2780 5121 τι
2804 5068 2980 5136 λέγων
3009 5084 3020 5096 ·
3072 5068 3130 5121 'U
3155 5069 3479 5139 βουλόμενος
3508 5069 3683 5121 αἰτεῖν
3715 5084 3787 5130 τι,
3824 5066 4049 5136 πρῶτον

2460 5162 2559 5233 μὲν
2584 5160 2805 5213 αἰτείτω
2830 5160 2898 5213 τὰ
2942 5163 3149 5225 δέοντα,
3190 5163 3248 5214 ἐν
3281 5156 3359 5224 οἷς
3413 5162 3534 5214 οὐδὲ
3580 5161 3875 5230 άστοχήσει
3940 5160 4049 5211 τῶν

2458 5251 2817 5323 αἰτουμένων.
2868 5250 3054 5306 Ταῦτα
3116 5252 3173 5305 δέ
3215 5253 3362 5305 ἐστιν
3405 5249 3717 5322 esum;
3781 5247 3873 5300 τοῦ
3906 5246 4049 5298 Θεοῦ

2458 5347 2553 5400 καὶ
2586 5348 2618 5416 ἡ
2651 5345 2993 5415 δικαιοσύνη.
3024 5346 3258 5399 Ἔπειτα
3290 5343 3625 5415 καρτερείτω
3656 5342 3783 5412 περὶ
3812 5342 3910 5409 τὴν
3942 5338 4053 5392 τῶν

2456 5439 2718 5491 τοιούτων
2755 5437 2993 5507 αἴτησιν,
3044 5436 3177 5489 ἀλλὰ
3217 5436 3295 5505 μὴ
3341 5434 3428 5487 ἐπ’
3487 5434 3666 5500 ὀλίγον
3724 5431 4051 5499 εὐξάμενος,

2456 5531 2622 5595 εὐθὺς
2649 5530 3022 5601 ἀναχωρείτω,
3056 5530 3335 5598 (ἀλαζόνος
3358 5529 3464 5598 γὰρ
3486 5525 3686 5597 τοῦτο.)
3716 5525 3849 5578 ἀλλὰ
3886 5540 4051 5592 πεζι-

2462 5626 2670 5694 μενέτω
2727 5625 2823 5695 τὴν
2874 5624 3036 5692 λῆψιν
3085 5626 3142 5677 ὲν
3191 5622 3518 5677 ταπεινώσει
3591 5617 4046 5691 προσκαρτερῶν.

2465 5735 2481 5767 ι
2532 5715 2589 5769 Ὀ
2624 5715 2900 5791 ταπεινὸς,
2944 5718 3001 5770 ἐν
3040 5715 3117 5786 τῷ
3164 5716 3288 5786 ὕψει
3328 5716 3514 5771 αὑτοῦ.
3550 5734 3568 5769 ι
3617 5715 3711 5768 Ἐκ
3766 5712 3858 5766 τοῦ
3904 5711 4052 5765 κατὰ
