4178 6454
139 431 236 495 461

1001 423 1390 484 COMMENT.
1429 421 1504 480 IN
1528 417 1762 479 EPIST.
1810 415 2125 476 CATHOL.
2168 411 2452 476 JACOBI.

3309 407 3411 477 5’32

140 552 273 607 Θεὸν
323 544 715 605 ταπεινοῦσθαι
768 543 876 596 πᾶν
927 540 1134 607 ἀγαθὸν
1182 539 1312 609 ἡμῖν
1360 538 1723 608 περιγίνεται.

1860 531 1994 603 ηε
2029 531 2257 584 Divitem
2289 539 2471 584 autem
2503 525 2636 582 dicit
2659 525 3072 595 superciliosum
3115 541 3177 581 ac
3212 526 3422 583 fastuo—

142 642 407 696 Πλούσιον
431 640 489 692 δὲ
529 637 624 690 τὸν
657 632 1118 704 κατοφρνωμένον
1139 629 1311 698 λέγει,
1338 630 1397 682 ὃν
1419 629 1512 682 καὶ
1541 645 1730 682 ταπει-

143 738 229 788 νὸν
291 733 472 794 καλεῖ,
509 731 585 795 ὡς
616 732 674 783 ὲν
711 727 792 797 τῷ
843 725 1169 796 ἐπαίρεσθαι
1224 720 1726 790 καταϐαλλόμενον.

146 847 163 879 ι
211 827 269 881 '0
301 827 360 880 δὲ
381 824 640 886 πλούσιος
663 817 1155 890 ἑντῇταπεινώσει
1185 815 1373 871 αὑτοῦ.
1411 835 1426 866 ι
1480 814 1732 866 ’Δκόλου-

141 919 230 971 θον
254 914 327 988 ἦν
362 917 566 978 εἰπεῖν,
609 911 671 967 '0
697 911 755 965 δὲ
800 909 1058 972 πλούσιος
1087 905 1431 976 αἰσχυνέσθω
1461 910 1518 958 ἐν
1542 907 1607 974 τῇ
1637 921 1734 957 τα·

142 1008 399 1063 πεινώσει
419 1006 611 1071 αὑτοῦ,
631 1004 769 1060 ἀλλὰ
785 1003 846 1060 τὸ
857 999 1334 1072 ἀνεπαχθέστερον
1358 997 1731 1070 μεταδιώκων,

143 1103 400 1175 παρῆκεν
462 1100 616 1154 αὑτόο
661 1117 680 1151 ι
718 1098 827 1154 Καὶ
865 1099 898 1166 ἡ
958 1093 1266 1159 εὐπρέπεια
1305 1091 1402 1146 τοῦ
1436 1090 1735 1162 προσώπου

144 1195 330 1252 αὐτοῦ.
367 1213 388 1246 ι
433 1191 768 1262 Epeo-uxor
798 1185 1261 1257 καταχρηστικῶς
1292 1183 1509 1253 εἴρηκε.
1566 1179 1738 1234 Τοῦτο

145 1291 251 1358 γὰρ
283 1287 382 1340 ἐπὶ
411 1286 576 1355 μόνου
603 1285 826 1352 λέγεται
855 1279 1171 1352 ἀνθρώπου,
1203 1277 1298 1330 επὶ
1323 1276 1384 1330 δὲ
1412 1276 1523 1328 τῶν
1563 1275 1740 1327 ἄλλων

148 1384 324 1448 ζώων,
363 1380 450 1434 ob.
509 1379 650 1435 Ἀλλ’
681 1379 778 1430 ἐπὶ
814 1376 913 1446 μὲν
955 1374 1068 1428 τῶν
1112 1369 1482 1442 τετραπόδων,
1509 1368 1741 1436 ῥύγχος

147 1480 205 1532 οὐ
239 1475 540 1544 πρόσωπον
567 1471 810 1540 λέγεται,
844 1467 968 1521 Ἐπί
988 1465 1046 1518 δὲ
1079 1464 1190 1518 τῶν
1220 1463 1460 1532 πτηνῶν,
1476 1459 1737 1530 ῥάμφος.

155 1587 175 1620 ι
215 1567 303 1620 Ἐν
335 1567 460 1624 ταῖς
488 1564 738 1634 πορείαις
763 1559 955 1614 αὐτοῦ.
994 1576 1014 1610 ι
1050 1556 1287 1626 Ηορείας
1325 1554 1421 1608 τοῦ
1457 1552 1739 1615 πλουσίου,

148 1657 242 1722 τὰς
278 1660 340 1710 ὲν
381 1654 666 1727 εὐπραγίᾳ
685 1651 954 1718 διεξόδους
985 1649 1163 1711 καλεῖ,
1197 1647 1374 1700 είτουν
1422 1644 1738 1712 διοικήσεις,

147 1741 220 1803 ὧν
250 1745 464 1816 μεταξὺ
497 1742 838 1806 ἀνελπίστως
897 1739 1183 1810 κομίζεται
1219 1737 1318 1806 τὴν
1349 1736 1440 1788 ἐπὶ
1469 1736 1566 1804 τὴν
1610 1732 1740 1784 δυσ-

147 1841 344 1910 τυχίαν
416 1836 749 1909 μεταϐολήν.

214 1928 528 1996 Μακάριος
556 1926 714 1994 ἀνὴρ
756 1925 827 1991 ὃς
882 1925 1170 1994 ὑπομένει
1225 1917 1587 1989 πειρασμὸν,
1648 1914 1739 1968 ὅτι

146 2026 397 2093 δόκιμος
436 2023 760 2092 γενόμενος
820 2018 1084 2087 λήψεται
1137 2015 1243 2069 τὸν
1289 2013 1600 2081 στέφανον
1631 2009 1742 2077 τῆς

145 2116 318 2183 ζωῆς.
357 2114 433 2168 ὃν
460 2112 858 2181 ἐπηγγείλατο
911 2112 944 2163 ό
998 2109 1215 2176 Κύριος
1260 2105 1387 2170 τοῖς
1426 2101 1744 2172 ἀγαπῶσιν

146 2209 357 2262 αὐτόν.
418 2203 646 2272 Μηδεὶς
695 2199 1116 2269 πειραζόμενος
1165 2197 1407 2268 λεγέτω,
1467 2195 1557 2249 ὅτι
1607 2192 1742 2248 Ἀπὸ

151 2301 304 2354 Θεοῦ
365 2296 731 2365 πειράζομαι.
773 2297 835 2348 '0
866 2295 977 2364 γὰρ
1023 2293 1169 2358 Θεὸς
1212 2291 1582 2358 ἀπείραστός
1613 2289 1745 2342 ἐστι

152 2393 378 2454 κακῶν,
427 2388 684 2457 πειράζει
737 2387 806 2441 δὲ
859 2386 1046 2452 αὐτὸς
1084 2382 1325 2440 οὐδένα.
1355 2383 1650 2446 Ἕκαστος
1679 2379 1747 2432 δὲ

153 2482 510 2552 πειράζεται.
543 2480 664 2536 ὑπὸ
681 2478 795 2546 τῆς
816 2477 972 2543 ιδίας
996 2474 1316 2543 ἐπιθυμίας
1345 2471 1745 2540 ἐξελκόμενος

154 2576 248 2630 καί
278 2571 728 2639 δελεαζόμενος.
768 2565 914 2624 Εἶτα
958 2568 996 2636 ἡ
1027 2565 1313 2634 ἐπιθυμία
1346 2562 1748 2618 συλλαϐοῦσα

156 2673 342 2722 τίκτει
367 2666 686 2736 ἁμαρτίαν.
733 2664 806 2718 Ἥ
849 2661 918 2715 δὲ
955 2659 1212 2728 ἁμαρτία
1264 2654 1749 2713 ἀποτελεσθεῖσα

157 2760 418 2814 όποκύει
463 2757 748 2813 θάνατον.
795 2754 892 2822 Μὴ
938 2750 1285 2815 πλανᾶσθε,
1333 2749 1589 2817 ἀδελφοί
1628 2764 1748 2817 μου

158 2853 483 2923 ἀγαπητοί.

230 2943 456 2994 Ἔοικεν
490 2941 519 2992 ὁ
563 2938 835 3007 μακάριος
871 2929 1024 2998 οὗτος
1084 2936 1494 3002 ἀσφαλέστερον
1538 2929 1750 3000 χρησᾶ⁴

164 3052 323 3105 μενος
358 3033 441 3103 τῷ
470 3034 603 3100 περὶ
629 3028 953 3101 πειρασμῶν
977 3028 1145 3096 λόγῳ,
1169 3030 1228 3080 ἓν
1257 3021 1500 3094 οἷςφησι
1523 3039 1536 3052 ·
1565 3025 1753 3077 Πᾶσαν

161 3125 336 3195 χαρὰν
375 3121 602 3190 ἡγεῖσθε
632 3123 690 3172 ὲν
722 3118 1050 3190 πειρασμῶν
1073 3115 1436 3187 περιπτώσει.
1488 3110 1621 3168 Εἶτα
1651 3114 1753 3184 τῆς

159 3219 250 3272 τοῦ
289 3217 501 3286 Κυρίου
554 3212 816 3284 μνησθεὶς
839 3212 1027 3282 εὐχῆς,
1058 3211 1182 3281 ἥτις
1210 3210 1288 3280 μὴ
1325 3211 1407 3274 εἰς
1441 3208 1754 3280 πειρασμὸν
1784 3255 1829 3315 c

162 3311 432 3380 ἐμπεσεῖν
461 3311 494 3378 ἠ
504 3309 610 3376 μᾶς
640 3305 1053 3375 ὲξιλεουμένους
1075 3303 1138 3356 τδ
1160 3305 1416 3374 κρεῖττον
1438 3302 1754 3371 παρεγγυᾷ,

164 3399 624 3469 ἐπαναλαμϐάνει
686 3397 776 3451 διὰ
828 3397 937 3449 τῶν
1001 3394 1386 3464 προκειμένων
1437 3395 1531 3447 τὸν
1578 3395 1758 3461 λόγον,

165 3493 484 3565 σαφηνίζων
527 3491 612 3554 τίς
665 3491 766 3560 μὲν
809 3492 839 3543 ὁ
889 3489 998 3542 ἀπὸ
1023 3488 1159 3541 Θεοῦ
1189 3487 1518 3557 πειρασμὸς,
1574 3486 1631 3549 ὃς
1665 3485 1764 3539 καὶ

165 3584 534 3656 περιχαρείας
565 3583 849 3654 πρόξενος,
875 3583 958 3644 τίς
988 3581 1046 3634 δὲ
1077 3582 1105 3633 ὁ
1146 3579 1280 3650 παρ’
1302 3579 1463 3649 ἡμῶν
1497 3577 1761 3648 αὐθαίρεο

166 3696 276 3738 τος.
316 3677 470 3746 Πλὴν
499 3675 684 3738 καλῶς
706 3674 822 3744 ἔχει
846 3675 940 3727 τὸν¹
971 3673 1071 3743 μὲν
1105 3671 1313 3742 Κύριον
1337 3670 1433 3725 καὶ
1461 3670 1596 3724 Θεδν
1650 3672 1760 3739 Ἰη-

173 3771 303 3824 σοῦν
338 3769 583 3840 Χριστὸν
615 3768 752 3838 πρὸς
784 3766 846 3819 τὸ
861 3764 1255 3835 ἀσθενέστερον
1282 3763 1380 3834 τῆς
1411 3762 1763 3832 ἀνθρωπίνης

171 3864 642 3929 ἁποσκοπήσαντα
678 3858 917 3927 φύσεως,
967 3858 1072 3928 τὴν
1101 3855 1374 3926 ἐπιφορὰν
1419 3853 1761 3920 ἀπεύξασθαι

173 3954 276 4009 τῶν
333 3952 661 4023 πειρασμῶν
715 3948 1034 4013 ὑποθέσθαι,
1105 3947 1461 4017 ἀτελέστερον
1511 3945 1591 3999 ἔτι
1652 3945 1761 3997 τῶν

178 4043 438 4112 μαθητῶν
478 4041 866 4110 διακειμένων.
901 4040 968 4093 Ὃ
1018 4040 1115 4092 καὶ
1162 4039 1222 4090 ἐν
1253 4038 1436 4100 ἄλλοις
1492 4038 1762 4106 πεποίηκε

178 4137 413 4198 πολλοῖς,
457 4135 528 4186 τὰ
571 4133 877 4203 τελεώτερα
917 4133 1056 4195 τέως
1088 4130 1484 4201 ὑπερθέμενος.
1522 4130 1677 4183 Ἐπεὶ
1704 4130 1762 4182 δὲ

178 4230 241 4298 τῇ
281 4227 371 4279 διὰ
396 4225 502 4295 τῆς
534 4223 888 4284 ἀναστάσεως
921 4221 1089 4274 αὑτοῦ
1120 4222 1439 4290 ἐπιγνώσει,
1473 4224 1567 4274 καὶ
1593 4224 1656 4292 τῇ
1683 4223 1763 4285 είς

178 4321 445 4391 οὐρανοὺς
511 4317 801 4387 ἀναλήψει,
864 4315 1192 4388 ἐπερρώσθη
1255 4317 1290 4386 ἡ
1339 4315 1574 4384 ἀσθενὴς
1603 4315 1762 4384 ἡμῶν

181 4408 362 4477 φύσις,
396 4407 598 4476 μηκέτι
624 4406 753 4466 τοὺς
783 4405 1126 4473 πειρασμοὺς
1154 4404 1454 4457 δεδοικέναι
1483 4406 1510 4456 ὁ
1533 4405 1762 4472 ἀδελφὸς

180 4498 346 4550 αὑτοῦ
393 4497 540 4548 κατὰ
590 4497 770 4564 σάρκα
808 4496 1141 4563 είσηγεῖται,
1191 4495 1289 4548 ἅτε
1327 4497 1448 4560 οἵας
1509 4513 1568 4548 τε
1595 4495 1763 4566 οὔσης

1772 1891 1819 1950 Β

1842 637 1984 685 sum,
2012 637 2174 690 quem
2218 622 2381 673 etiam
2409 619 2671 674 humilem
2704 627 2883 680 vocat,
2917 619 3040 686 quia
3063 635 3128 674 eo
3165 620 3282 691 ipso
3313 637 3422 691 quo

1836 716 2101 776 elevatur,
2138 714 2481 783 deprimitur.
2515 734 2531 763 ι
2560 713 2762 768 Contra
2793 713 2884 783 qui
2916 713 3068 768 dives
3094 724 3195 782 εει,
3224 715 3281 769 in
3318 717 3424 770 lm—

1838 810 2068 864 militate
2116 823 2236 862 sua.
2271 826 2289 857 ι
2342 807 2508 877 Magis
2539 821 2886 875 consequens
2933 816 3051 861 erat
3092 816 3152 860 ut
3193 808 3421 873 diceret,

1840 900 1999 954 Dives
2023 909 2206 954 autem
2236 897 2475 968 pudeﬁat
2501 897 2552 950 in
2574 896 2882 951 humilitate
2899 911 3018 962 sua,
3050 896 3145 952 sed
3175 898 3423 953 odiosum

1838 993 2066 1048 verbum
2109 992 2341 1063 fugiens,
2387 990 2521 1045 illud
2573 989 2754 1059 potius
2803 989 3053 1044 addidit:
3109 1009 3127 1040 ι
3160 989 3224 1045 Ει
3262 990 3429 1044 decor

1841 1096 2112 1157 aspectus.
2144 1107 2163 1137 μ
2207 1087 2526 1157 Πρόσωπον,
2561 1085 2610 1139 id
2651 1094 2753 1148 est,
2790 1083 2981 1139 faciem
3040 1084 3156 1138 sive
3191 1084 3427 1147 vultum,

1840 1178 1976 1232 dixit
2007 1177 2305 1246 improprie
2338 1196 2351 1231 :
2385 1193 2510 1232 nam
2546 1177 2651 1230 hoc
2681 1175 2736 1230 in
2774 1176 2891 1231 solo
2915 1175 3136 1230 homine
3165 1175 3433 1230 dicituret

1841 1283 1949 1322 non
1997 1267 2052 1322 in
2090 1269 2304 1323 caeteris
2336 1270 2695 1336 animalibus;
2731 1270 2828 1325 sed
2872 1269 2928 1324 in
2983 1269 3429 1338 quadrupedibus

1840 1362 2061 1430 quidem
2097 1362 2316 1434 ῥύγχος,
2345 1361 2398 1417 id
2424 1372 2527 1426 εει,
2550 1363 2720 1420 rictus
2749 1364 2973 1428 dicitur,
3004 1378 3119 1417 non
3144 1362 3338 1427 facies;
3374 1364 3429 1416 in

1843 1453 2157 1508 volucribus
2182 1463 2362 1510 autem
2398 1457 2636 1526 ῥάμφος,
2671 1456 2721 1510 id
2758 1467 2842 1510 est
2880 1466 3142 1510 rostrum.
3194 1474 3213 1506 ι
3247 1454 3305 1508 ln
3332 1456 3435 1508 viis

1843 1543 1976 1596 suis.
2015 1564 2032 1595 ι
2086 1542 2214 1599 Vias
2260 1553 2356 1597 aut
2402 1545 2599 1599 itinera
2650 1545 2836 1599 divitis
2881 1545 3016 1600 dicit
3074 1546 3340 1599 decursus
3379 1546 3432 1597 in

1846 1651 2111 1705 prospero
2154 1651 2436 1700 successu,
2480 1637 2594 1690 sive
2626 1636 3133 1692 administrationes
3169 1647 3223 1692 et
3249 1637 3435 1708 dispo-

1844 1727 2071 1782 sitioncs
2103 1745 2116 1782 :
2153 1728 2296 1782 inter
2333 1744 2470 1798 quas
2513 1729 2790 1799 insperato
2834 1732 3035 1801 accipit
3073 1731 3436 1785 mutationem

1846 1817 1914 1871 ad
1947 1817 2322 1873 infelicitatem
2352 1830 2408 1874 et
2441 1820 2828 1876 infortunium.

1929 1908 1966 1973 Ι,
2003 1910 2191 1964 lii-16.
2227 1911 2425 1965 Beatus
2449 1914 2526 1966 vir
2553 1915 2644 1981 qui
2674 1915 2856 1984 suﬁ'crt
2891 1917 3265 1970 tentationem:
3303 1932 3438 1979 quo-

1855 2002 1996 2054 niam
2013 2018 2134 2056 cum
2157 2003 2412 2069 probatus
2438 2006 2596 2074 fuerit
2625 2008 2846 2074 accipiet
2867 2025 3112 2062 coronam
3138 2009 3258 2062 vita
3277 2025 3440 2079 quam

1853 2095 2092 2162 promisit
2116 2095 2373 2150 Dominus
2402 2098 2740 2168 diligentibus
2773 2115 2846 2154 se.
2876 2099 3068 2154 Nullus
3099 2103 3188 2169 qui
3207 2111 3442 2155 tentatur

1854 2185 1997 2238 dicat
2040 2202 2097 2239 se
2142 2205 2176 2241 a
2206 2187 2312 2241 Deo
2357 2191 2580 2244 tentari:
2635 2190 2774 2246 Deus
2829 2192 2968 2246 enim
3029 2193 3186 2246 malis
3248 2192 3443 2246 tentari

1857 2281 2056 2348 nequit,
2083 2290 2132 2332 et
2161 2281 2270 2348 ipse
2317 2283 2578 2337 neminem
2627 2293 2813 2338 tentat.
2851 2286 3220 2356 Unusquisque
3263 2299 3445 2340 autem

1858 2384 2114 2440 tentatur,
2150 2377 2276 2429 dum
2326 2395 2358 2430 a
2406 2381 2622 2448 propria
2664 2381 2982 2435 conscientia
3042 2381 3372 2436 abstrahitur
3397 2392 3449 2447 ct

1857 2469 2143 2523 inescatur.
2171 2469 2373 2524 Deinde
2397 2474 2819 2541 concupiscentia
2868 2483 3147 2546 postquam
3192 2477 3448 2545 concepit,

1858 2561 1998 2628 parit
2022 2573 2330 2628 peccatum:
2386 2576 2665 2632 peccatum
2710 2584 2831 2621 vero
2867 2569 2954 2620 ubi
2998 2568 3289 2636 perfectum
3347 2577 3445 2632 est,

1858 2663 2171 2720 progenerat
2219 2665 2461 2708 mortem.
2533 2654 2615 2710 Ne
2680 2659 2884 2723 erretis,
2947 2659 3140 2728 fratres
3204 2660 3306 2713 mei
3363 2661 3450 2712 di-

1861 2743 1998 2798 tecti.

1941 2927 2170 2983 Videtur
2221 2929 2417 2985 beatus
2445 2931 2548 2985 iste
2595 2947 2730 2986 usus
2783 2932 3036 2987 securius
3087 2947 3345 2989 sermone
3382 2934 3450 2989 de

1865 3020 2286 3084 tentationibus,
2324 3037 2447 3077 cum
2487 3022 2560 3078 ait
2596 3043 2609 3078 :
2647 3024 2752 3078 Pro
2791 3039 3007 3080 summo
3034 3025 3233 3095 gaudio
3263 3025 3452 3082 ducite

1865 3112 2106 3168 incidere
2159 3112 2214 3167 in
2257 3113 2603 3169 tentationes.
2664 3115 2871 3170 Deinde
2929 3131 3140 3172 memor
3187 3119 3450 3173 orationis

1866 3201 2179 3267 dominicae,
2212 3218 2334 3274 qua:
2368 3205 2528 3274 jubet
2566 3206 2620 3260 id
2665 3207 2812 3276 quod
2843 3207 3044 3263 melius
3088 3218 3194 3273 est,
3251 3225 3452 3280 nempe

1867 3304 1925 3350 ut
1961 3310 2181 3350 oremus
2222 3311 2292 3350 ne
2326 3295 2631 3352 incidamus
2683 3298 2734 3352 in
2768 3299 3126 3354 tentationcm
3158 3299 3203 3365 ⁸,
3252 3301 3454 3371 repetit

1865 3402 2207 3446 sermonem:
2258 3404 2356 3459 per
2389 3404 2452 3443 ea
2488 3405 2610 3460 quae
2641 3390 2729 3445 hic
2756 3404 3160 3462 proponuntur,
3188 3393 3455 3450 manifes-

1865 3488 1988 3536 tans
2020 3497 2141 3551 quae
2170 3482 2241 3536 sit
2265 3481 2512 3538 immissa
2565 3500 2594 3538 a
2635 3483 2749 3540 Deo
2795 3487 3048 3550 tentatio,
3102 3502 3301 3559 nempe
3331 3503 3455 3558 quas

1865 3575 2032 3628 etiam
2083 3575 2266 3646 gaudii
2320 3577 2660 3633 conciliatrix
2717 3588 2822 3644 est,
2881 3589 2937 3634 et
2985 3595 3108 3650 quae
3166 3597 3197 3635 a
3265 3592 3456 3637 nostra

1867 3667 2168 3722 voluntate.
2203 3667 2372 3724 Recte
2396 3679 2578 3725 tamen
2622 3671 2730 3726 dici
2760 3681 2943 3742 potest
2990 3673 3138 3742 quod
3190 3673 3455 3729 Dominus

1863 3772 1932 3812 ac
1957 3758 2097 3813 Deus
2121 3757 2280 3813 Jesus
2309 3758 2567 3814 Christus
2601 3761 2670 3815 ad
2715 3761 3145 3817 imbecillitatem
3199 3764 3456 3818 humana:

1866 3861 2077 3906 naturae
2125 3852 2446 3921 respiciens,
2498 3853 2794 3909 admoneat
2844 3855 3034 3926 fugere
3097 3858 3452 3919 tentationes,

1866 3958 1991 3997 cum
2025 3942 2404 4013 imperfectius
2452 3945 2632 4001 adhuc
2681 3944 2861 4001 all'eeti
2924 3958 3112 4001 essent
3165 3948 3452 4018 discipuli:

1865 4036 2011 4105 quod
2046 4036 2170 4090 alIis
2199 4052 2417 4107 quoque
2449 4037 2579 4092 fecit
2606 4039 2789 4093 multis
2821 4040 2876 4093 in
2903 4039 3058 4103 locis,
3093 4056 3123 4095 a
3159 4042 3455 4111 perfectio-

1868 4130 2021 4183 ribus
2083 4130 2303 4184 interim
2371 4130 2677 4186 abstinens.
2750 4131 3045 4202 Postquam
3110 4144 3293 4188 autem
3358 4150 3458 4204 per

1862 4219 2252 4289 cogitationem
2288 4222 2713 4276 resurrectionis
2753 4222 2928 4291 ipsius
2980 4232 3035 4277 ct
3075 4224 3456 4278 ascensionem

1867 4310 1920 4362 in
1962 4309 2131 4364 caelos
2186 4309 2508 4363 confirmata
2564 4319 2650 4364 est
2693 4320 2884 4365 nostra
2953 4311 3170 4366 infirma
3223 4324 3453 4368 natura:

1867 4398 1974 4464 iam
2019 4397 2186 4451 frater
2236 4399 2407 4467 ipsius
2465 4400 2769 4454 secundum
2805 4415 3030 4455 carnem
3085 4403 3308 4457 instruit
3334 4419 3459 4470 nos,

1867 4504 1937 4542 ne
1990 4488 2252 4556 deinceps
2314 4489 2649 4543 tentationes
2702 4498 3056 4554 metuamus,
3104 4489 3274 4562 446
3333 4507 3459 4544 cum

181 4589 364 4642 λοιπον
406 4591 523 4650 τοῖς
548 4587 646 4641 τοῦ
674 4585 882 4656 Κυρίου
918 4588 1149 4640 πάθεσιν
1175 4589 1637 4659 ὲπιρῤωσθείσης,
1668 4607 1754 4641 κα-

1875 4582 2148 4650 possimus
2181 4581 2409 4648 posthac
2433 4581 2744 4635 conﬁrmati
2774 4581 3161 4637 afﬂictionibus
3217 4584 3456 4647 Domini,

184 4681 509 4735 ταπαλαίειν
535 4681 717 4732 πᾶσαν
760 4679 1140 4749 ἐπερχομένην
1162 4680 1447 4750 ἐπήρειαν.
1485 4681 1689 4731 Διττῶν
1705 4680 1764 4731 δὲ

184 4771 373 4835 ὄντων,
418 4771 495 4832 ὡς
543 4769 778 4838 ἔφαμεν,
811 4769 921 4822 τῶν
968 4770 1316 4839 πειρασμῶν,
1344 4770 1612 4840 συμφέρει
1643 4770 1766 4822 καθ’

185 4864 445 4933 ἑκάτερον
468 4864 504 4930 ἡ
528 4861 794 4929 ὑπομονὴ.
826 4860 952 4913 Ἐπὶ
974 4859 1072 4927 μὲν
1101 4859 1208 4911 τῶν
1228 4860 1334 4912 ἀπὸ
1373 4860 1465 4913 τοῦ
1494 4859 1653 4921 Θεοῦ,
1683 4861 1766 4913 ὅτι

189 4956 545 5026 ἀναρρήσεως
576 4951 712 5021 μετὰ
738 4951 910 5003 ταῦτα
964 4953 1329 5020 τυγχάνομεν,
1373 4950 1449 5013 ὼς
1487 4951 1761 5021 Ἀϐραάμ.

200 5045 395 5096 Ἐπὶδὲ
425 5043 535 5095 τῶν
578 5042 670 5108 ἀφ’
703 5039 880 5110 ἡμῶν,
931 5040 1013 5093 δτι
1039 5041 1408 5110 ὑπομένοντες
1434 5043 1570 5110 μετὰ
1605 5044 1767 5112 εὐχα-

191 5135 422 5203 ριστίας,
456 5135 622 5186 οἱονεὶ
655 5133 1022 5202 ἀντισήκωσιν
1062 5133 1263 5199 ταύτην
1297 5133 1628 5204 εἰσφέρομεν
1660 5133 1769 5188 τῶν

191 5227 615 5295 ἡμαρτημένων.
696 5223 755 5274 Ὀ
817 5223 925 5292 γὰρ
976 5222 1308 5291 ἐπιγνώμων
1361 5223 1468 5275 τῶν
1532 5223 1765 5288 ἑαυτοῦ,

191 5313 362 5385 ἀρχὴν
409 5315 592 5384 ἑαυτῷ
638 5313 971 5366 κατεϐάλετο
1017 5315 1311 5384 σωτηρίας,
1360 5319 1455 5368 καὶ
1486 5319 1564 5378 εἰς
1593 5334 1769 5386 χαρα-

194 5410 366 5478 κτῆρα
423 5407 640 5459 δικαίου
714 5406 905 5459 ἑαυτὸν
959 5406 1348 5476 ἀφωμοίωσεν,
1415 5408 1576 5475 εἴπερ
1629 5410 1770 5477 ἀνὴρ

190 5501 414 5562 δίκαιος,
451 5500 508 5552 ὲν
557 5498 909 5569 πρωτολογίᾳ
944 5497 1139 5550 ἑαυτοῦ
1174 5501 1535 5567 κατήγορος.ι
1564 5501 1768 5568 Μηδεὶς

195 5593 586 5662 πειραζόμενος
625 5593 849 5660 λεγέτω.
895 5611 912 5642 ι
941 5591 1015 5645 -Εὶ
1043 5592 1236 5670 ’διττοὶ
1267 5593 1315 5644 οἱ
1369 5595 1690 5662 πειρασμοὶ,
1717 5593 1771 5645 τί

195 5685 285 5740 νῦν
308 5690 485 5742 πάντα
511 5684 819 5756 πειρασμὸν
843 5683 1098 5737 ἐκϐάλλει
1121 5685 1220 5753 τῆς
1254 5685 1361 5738 ἀπὸ
1385 5684 1477 5737 τοῦ
1513 5684 1648 5738 Θιοῦ
1682 5688 1770 5738 αξ-

264 5866 286 5898 ⁸
325 5864 519 5920 Mattb.
582 5882 659 5930 Vl,
738 5864 823 5922 12.
899 5867 920 5900 θ
953 5866 1114 5923 Prov.
1147 5882 1304 5932 XVIII,
1350 5867 1429 5921 l7.

1878 4687 2138 4742 superare
2189 4687 2409 4725 omnem
2464 4673 2946 4741 supervenientem
3010 4674 3359 4728 aillietioncm
3405 4683 3462 4730 et

1878 4764 2261 4821 tentationem.
2303 4764 2439 4820 Cum
2467 4775 2651 4821 autem
2678 4768 2923 4836 duplices
2953 4768 3063 4821 sint
3106 4769 3460 4834 tentationes,

1879 4869 1940 4914 ut
1972 4860 2232 4922 diximus,
2259 4859 2405 4912 utilis
2430 4869 2513 4914 est
2546 4861 2600 4912 in
2651 4859 2903 4929 utrisque
2938 4860 3206 4928 patientia
3232 4879 3245 4916 :
3273 4859 3326 4913 in
3356 4861 3463 4914 illis

1879 4951 2101 5021 quidem
2153 4966 2273 5019 qua:
2323 4959 2451 5006 sunt
2507 4967 2537 5005 a
2609 4951 2740 5014 Deo,
2796 4952 3058 5022 quoniam
3109 4954 3461 5022 postmodum

1876 5042 2225 5111 assequimur
2252 5042 2469 5097 laudem
2518 5043 2586 5097 de
2619 5044 2866 5107 victoria,
2917 5045 3092 5098 veluti
3153 5045 3458 5100 Abraham:

1875 5135 1928 5187 in
1951 5134 2053 5188 illis
2076 5149 2203 5187 vero
2226 5149 2346 5203 qua:
2372 5150 2401 5187 a
2440 5134 2597 5189 nobis
2630 5145 2778 5197 sunt,
2816 5136 3073 5204 quoniam
3129 5137 3461 5191 sustinentes

1874 5240 1999 5280 cum
2021 5224 2316 5294 gratiarum
2361 5225 2597 5289 actione,
2652 5224 2793 5280 hanc
2843 5226 3009 5280 veluti
3052 5228 3460 5296 compensatio-

1875 5333 2001 5370 nem
2063 5317 2350 5371 referimus
2403 5319 2470 5372 ad
2513 5327 2735 5388 peccata
2790 5335 2910 5389 quae
2969 5320 3370 5374 commisimus.
3414 5321 3460 5373 Is

1877 5411 2021 5463 enim
2053 5410 2144 5478 qui
2167 5426 2262 5464 sua
2300 5408 2439 5464 facta
2471 5410 2737 5479 explorat,
2777 5426 2888 5464 suae
2911 5409 3044 5478 iacit
3067 5411 3282 5463 initium
3316 5411 3460 5464 salu-

1882 5501 1972 5564 tis,
2011 5509 2064 5554 et
2102 5501 2166 5555 ad
2197 5500 2426 5556 formam
2450 5501 2582 5570 justi
2614 5501 2856 5570 seipsum
2891 5501 3177 5566 assimilat,
3218 5516 3346 5556 cum
3379 5501 3459 5554 vir

1875 5595 2059 5665 justus
2107 5593 2160 5646 in
2193 5594 2464 5664 principio
2515 5593 2788 5647 sermonis
2846 5594 2928 5649 sui
2970 5595 3040 5648 sit
3096 5603 3385 5648 accusator
3414 5594 3461 5649 ’.

1889 5707 1906 5739 ι
1941 5689 2131 5744 Nullus
2171 5689 2264 5759 qui
2325 5697 2565 5744 tentatur
2610 5687 2774 5743 dicat.
2826 5707 2844 5739 ι
2908 5687 2962 5743 Si
3025 5688 3274 5757 duplices
3332 5693 3460 5740 sunt
