4178 6454
721 449 827 511 463

1786 437 2183 500 (ECUMENII
2222 438 2513 499 TRICCJS
2551 439 2883 501 EPISCOPI

3883 445 3998 510 ιδι

722 556 1074 620 tentationes,
1120 570 1217 610 cur
1248 570 1395 612 nunc
1429 555 1609 611 omnis
1662 554 1977 608 tentationis
2018 566 2237 607 causam
2268 567 2297 605 a

2419 555 2556 622 :ta;;
2602 555 2761 608 Ἀλλά
2796 555 3013 609 exertat:
3036 556 3135 609 οὐκ
3167 549 3288 609 εἷπε
3323 555 3670 626 Πειρασθεὶς,
3694 556 3837 610 ἀλλά
3869 560 3998 611 Πετ-

722 655 832 709 Deo
857 642 1076 723 reiicit?
1103 648 1208 705 Sed
1234 649 1518 705 considera
1541 647 1685 718 quod
1714 662 1823 701 non
1852 645 1986 701 dicit
2011 662 2027 701 :
2054 644 2157 712 Qui
2180 653 2298 697 ten-

722 741 866 798 tatus
894 752 1001 809 est,
1036 739 1131 798 sed
1158 740 1262 807 Qui
1294 749 1715 796 tentatur:eum
1745 736 1892 793 enim
1924 738 2018 806 qui
2052 752 2148 807 per
2174 751 2299 807 pec-

720 847 902 893 catum
920 846 975 892 et
1005 833 1479 905 intemperantiam
1501 832 1604 886 sibi
1624 831 1732 901 ipsi
1766 830 2095 886 tentationes
2117 844 2301 885 accer-

721 932 812 998 sit,
848 931 919 986 ita
945 939 1004 984 ut
1043 929 1097 983 in
1157 926 1419 983 continuo
1466 924 1536 980 sit
1569 923 1709 989 salo,
1754 924 1889 978 dicit
1931 939 1961 977 a
2017 923 2131 977 Deo
2188 936 2298 976 non

723 1020 1111 1087 tentari,seda
1158 1019 1375 1089 propria
1402 1017 1878 1087 concupiscentia.
1935 1014 2217 1083 Siquidem
2256 1013 2301 1067 is

717 1118 813 1187 qui
854 1116 1053 1169 illatam
1101 1114 1233 1168 vicit
1285 1112 1664 1176 tentationem,
1728 1107 1943 1164 cautius
1975 1122 2040 1162 ac
2093 1107 2302 1161 ﬁrmius

721 1210 961 1277 scipsum
986 1204 1291 1269 constituit,
1335 1204 1414 1259 sic
1445 1212 1502 1257 ut
1532 1218 1643 1256 non
1693 1200 1855 1257 facile
1882 1198 2129 1270 capiatur
2178 1206 2301 1252 ten-

724 1300 1038 1365 tationibus,
1078 1298 1167 1353 bis
1194 1296 1429 1352 maxime
1459 1310 1579 1365 quae
1613 1310 1645 1348 a
1695 1294 1882 1364 seipso
1928 1300 2299 1347 moverentur.

724 1394 862 1446 Cum
890 1392 1035 1446 enim
1067 1390 1134 1444 ad
1159 1387 1548 1458 sapientiorem
1584 1383 1942 1440 declinaverit
1964 1383 2152 1444 vitam.
2180 1380 2303 1435 fon-

723 1494 834 1542 tem
866 1484 1094 1538 occlusit
1122 1481 1213 1550 qui
1256 1478 1655 1534 tentationibus
1704 1485 1909 1540 manat,
1943 1487 1998 1529 et
2047 1475 2304 1543 deinceps

728 1576 781 1627 in
818 1573 1001 1642 requie
1028 1571 1222 1641 degita
1265 1568 1683 1623 teutationibus.
1740 1566 1885 1619 Deus
1935 1574 2119 1619 autem
2148 1562 2304 1618 malis

724 1665 921 1719 tentari
966 1664 1193 1731 nequit:
1256 1661 1408 1730 juxta
1467 1673 1592 1712 eum
1645 1657 1739 1726 qui
1788 1657 1928 1711 dixit
1975 1658 2303 1725 (quanquam

725 1756 1083 1822 externuslsit
1108 1770 1136 1808 a
1167 1754 1325 1807 nobis
1348 1760 1403 1805 et
1424 1766 1453 1805 a
1478 1751 1581 1805 (ide
1598 1748 1831 1819 alienus)
1853 1768 1871 1809 z
1900 1748 2092 1804 Divina
2119 1749 2307 1804 beata-

727 1862 833 1917 que
865 1854 1058 1898 natura
1114 1856 1292 1911 neque
1342 1840 1622 1895 molestias
1665 1839 1904 1894 sustinet
1952 1853 2132 1907 neque
2180 1837 2304 1892 aliis

727 1937 950 2008 praebet.
983 1934 1137 1990 Circa
1169 1932 1453 1987 mortalem
1477 1932 1623 1985 enim
1656 1946 1720 1985 ac
1749 1939 2021 1985 terrenam
2055 1938 2304 1984 naturam

736 2032 790 2081 in
815 2043 920 2097 qua
950 2025 1187 2079 varietas
1222 2037 1283 2076 ac
1308 2020 1537 2075 mutatio
1575 2018 1933 2089 conspicitur,
1986 2018 2309 2088 contingunt

732 2122 847 2173 iure
891 2117 1073 2171 omnia
1131 2129 1251 2183 qua:
1302 2121 1547 2166 nostram
1605 2118 1989 2181 praeoccupant
2038 2117 2305 2163 naturam.

729 2208 1184 2278 Concupiscentia
1221 2218 1352 2260 vero
1374 2218 1437 2257 ac
1468 2211 1775 2273 peccatum,
1815 2210 1875 2256 et
1925 2216 2046 2270 qua:
2077 2215 2142 2254 ex
2204 2200 2310 2254 hoc

734 2304 988 2358 imminet
1029 2299 1224 2354 anima:
1280 2311 1459 2360 mors,
1504 2294 1703 2366 gradus
1757 2292 1975 2363 quidam
2030 2291 2308 2347 constituti

735 2406 864 2453 sunt
924 2395 988 2451 ad
1045 2394 1339 2447 humanam
1408 2388 1795 2459 perditionem.
1848 2383 2311 2455 Concupiscentia

732 2487 881 2540 enim
922 2484 1102 2537 locum
1147 2478 1432 2533 diversorii
1490 2486 1703 2542 tenens,
1753 2476 1972 2531 inventa
2028 2474 2312 2529 mansione

733 2583 955 2645 operata
1014 2580 1099 2626 est
1152 2578 1457 2640 peccatum.
1497 2568 1643 2637 quod
1702 2567 1846 2636 parit
1889 2575 2152 2628 mortem,
2203 2563 2312 2619 nisi

736 2676 916 2719 mente
957 2664 1088 2718 illud
1124 2661 1486 2723 eradicantes,
1521 2656 1746 2713 alterius
1785 2658 1910 2713 vitae
1954 2656 2114 2711 nobis
2156 2656 2311 2709 inve-

736 2758 981 2813 nerimus
1042 2755 1280 2809 initium.
1329 2751 1598 2818 Quoniam
1649 2751 1813 2821 igitur
1882 2749 2012 2803 satis
2076 2746 2315 2802 ostendit

737 2850 973 2905 divinam
1006 2855 1257 2900 naturam
1286 2859 1465 2912 neque
1498 2841 1697 2897 tentari
1755 2856 1936 2911 posse,
1964 2855 2141 2910 neque
2192 2838 2314 2893 aliis

740 2942 789 2997 id
816 2941 1077 3010 praebere,
1112 2936 1442 2991 tentationes
1470 2943 1654 2988 autem
1688 2933 1825 2987 dicit
1878 2933 1969 2988 hic
2028 2933 2315 3001 cogitatio-

738 3049 860 3096 nes,
896 3031 1091 3084 animae
1119 3028 1471 3083 stabilitatem
1519 3026 1806 3080 turbantes
1857 3039 1922 3079 ac
1972 3023 2314 3079 confunden-

738 3136 855 3179 tes:
892 3122 1051 3194 447
1084 3136 1208 3174 nam
1246 3134 1415 3189 quma
1447 3119 1557 3173 Deo
1596 3127 1744 3183 sunt,
1794 3118 2026 3171 animam
2079 3117 2317 3171 maxime

740 3216 1043 3278 stabiliunt,
1092 3228 1211 3267 eam
1263 3211 1631 3266 illuminantes
1681 3219 1736 3265 et
1793 3209 2122 3265 ineﬂ‘abilem
2197 3209 2387 3308 ejusc

738 3304 1203 3375 pulchritudinem
1259 3303 1443 3357 multis
1503 3303 1905 3359 ostendentes:
1977 3303 2100 3357 ideo
2173 3317 2318 3355 nunc

742 3398 1055 3467 subiungit:

811 3487 850 3549 l,
892 3488 973 3549 17.
996 3488 1080 3542 18.
1116 3486 1300 3543 Omnis
1326 3488 1540 3541 donatio
1561 3487 1694 3541 bona
1719 3494 1767 3541 et
1798 3501 1946 3541 omne
1976 3489 2166 3539 donum
2195 3501 2319 3553 per-

744 3583 932 3648 fectum
970 3596 996 3633 e
1027 3581 1265 3648 supernis
1283 3589 1383 3645 est,
1418 3578 1730 3633 descendens
1767 3597 1798 3633 a
1828 3579 1994 3632 Patre
2040 3578 2318 3641 luminum,

743 3673 885 3740 apud
915 3688 1067 3741 quem
1112 3688 1214 3725 non
1264 3680 1339 3725 est
1388 3671 1765 3725 transmutatio
1821 3686 1912 3724 nec
1970 3670 2321 3723 conuersionis

744 3762 1093 3814 obumbratio.
1148 3758 1214 3814 In
1271 3761 1535 3814 destinata
1576 3761 1842 3815 voluntate
1900 3761 2173 3830 progenuit
2233 3775 2323 3812 nos

746 3852 894 3907 rei-bo
920 3853 1174 3915 veritatis,
1203 3862 1260 3905 ut
1292 3868 1515 3907 essemus
1538 3853 1789 3920 primitiis
1818 3853 2060 3922 quaedam
2105 3868 2324 3905 suarum

747 3952 1116 3995 rreaturarum
1126 3982 1138 3995 .

826 4051 842 4081 ι
882 4031 922 4083 Ε
962 4033 1218 4100 supernis
1276 4042 1359 4086 est
1400 4047 1427 4085 a
1477 4032 1637 4088 Patre
1688 4032 1978 4087 luminum.
2022 4052 2041 4084 ›
2074 4031 2210 4087 Cum
2261 4048 2324 4086 ea

747 4138 867 4183 qum
941 4137 970 4174 a
1049 4121 1208 4175 nobis
1288 4122 1621 4178 inducuntur
1682 4138 1859 4192 neque
1933 4122 2324 4192 perfectionem

749 4216 1009 4279 habeant,
1042 4214 1137 4269 sed
1164 4215 1387 4269 multam
1420 4216 1602 4284 potius
1622 4214 2117 4286 imperfectionem,
2150 4228 2326 4283 neque

751 4304 986 4357 animum
1047 4304 1341 4369 illustrent,
1395 4305 1668 4374 quomodo
1733 4306 1881 4376 enim
1932 4303 2326 4374 perfectionem

751 4394 1154 4463 haberentquae
1212 4402 1398 4463 postea
1437 4409 1504 4449 ex
1561 4394 1703 4448 felici
1751 4410 2040 4465 progressu
2106 4405 2329 4448 sumunt

752 4482 1166 4554 perfectionem,
1195 4483 1395 4553 vixque
1453 4484 1626 4539 multo
1653 4485 1840 4539 labore
1869 4485 2266 4554 turpitudinem
2297 4501 2326 4539 a

2415 644 2734 718 ραζόμενος.
2784 647 2888 700 Τὸν
2934 648 3043 718 γὰρ
3093 648 3271 718 ἑαυτῷ
3316 647 3406 700 διὰ
3460 648 3847 718 πλημμέλειαν
3898 654 4000 705 καὶ

2404 740 2701 794 ἀκολασίαν
2750 740 3112 810 ἐκπορίζοντα
3149 741 3277 805 τοὺς
3342 743 3707 811 πιρασμοῦς,
3746 741 3892 795 ὥστε
3925 746 3992 795 ἐν

2403 832 2641 902 διηνεκεῖ
2669 832 2817 903 σάλῳ
2850 829 3012 897 εἶναι,
3046 832 3237 885 τοῦτον
3260 832 3408 902 λέγει
3452 831 3527 902 μὴ
3549 832 3658 885 ἀπὸ
3683 832 3824 886 Θεοῦ
3859 851 3990 886 πει-

2406 923 2691 995 ράζεσθαι,
2749 925 2867 978 ἀλλ’
2904 925 3013 980 ἀπὸ
3050 925 3151 993 τῆς
3192 924 3330 989 ιδίας
3398 924 3717 995 ἐπιθυμίας.
3762 926 3821 979 ’0
3877 927 3994 996 γάρ

2400 1026 2488 1068 τοι
2526 1016 2617 1068 τὸν
2634 1016 2995 1087 ἐπενεχθέντα
3021 1016 3251 1087 νικήσας
3277 1019 3605 1088 πειρασμὸν,
3641 1020 3992 1086 ἀσφαλέστε-

2410 1124 2502 1178 ρον
2538 1099 2737 1161 ἑαυτὸν
2773 1109 3143 1178 καταστήσας,
3191 1107 3498 1172 δυσάλωτος
3542 1110 3621 1163 ἔτι
3654 1110 3991 1164 καθίσταται

2407 1201 2750 1270 πειρασμοῖς,
2795 1200 3030 1269 μάλιστα
3082 1202 3193 1263 τοῖς
3230 1201 3323 1269 ἀφ’
3363 1201 3560 1255 ἑαυτοῦ
3612 1204 3988 1271 κινουμένοις.

2406 1292 2553 1362 Πρὸς
2577 1292 2686 1359 γάρ
2713 1291 3161 1361 φιλοσοφωτέραν
3182 1290 3480 1356 ἀποκλίνας
3516 1292 3684 1363 ζωὴν,
3714 1294 3993 1363 ἐνέφραξε

2412 1384 2510 1453 τὴν
2546 1384 2673 1447 τοὺς
2705 1383 3047 1454 πειρασμοὺς
3076 1382 3313 1437 νάουσαν
3353 1384 3561 1455 πηγὴν,
3592 1384 3688 1439 καὶ
3717 1386 3775 1438 ἐν
3792 1385 3992 1437 ἀνέσει

2404 1474 2592 1529 λοιπὸν
2624 1476 2733 1528 τῶν
2779 1475 3103 1546 πειρασμῶν
3134 1474 3386 1531 διατελεῖ.
3432 1475 3793 1546 ’Ᾱπείραστος
3842 1475 3902 1528 δὲ
3961 1479 3994 1529 ὀ

2406 1565 2539 1628 Θεὸς
2568 1567 2780 1630 κακῶν,
2815 1566 2962 1619 κατά
3007 1567 3097 1619 τὸν
3131 1565 3392 1637 εἰρηκότα
3428 1565 3555 1639 (κᾶν
3592 1566 3700 1620 τῶν
3748 1566 3993 1637 θύραθεν

2409 1659 2557 1711 ἐστιν
2588 1657 2765 1728 ήμῖν)·
2797 1657 2871 1710 To
2904 1657 3059 1711 Θεῖόν
3090 1675 3151 1711 τε
3213 1660 3309 1712 καὶ
3356 1660 3648 1730 μακάριον,
3690 1658 3815 1712 οῦτε
3852 1661 3994 1713 αὐτὸ

2407 1752 2712 1821 πράγματα
2761 1750 2895 1820 ἔχει,
2950 1748 3074 1802 οὒτε
3132 1749 3340 1820 ἑτέροις
3395 1751 3649 1821 παρέχει.
3701 1751 3838 1822 Περὶ
3878 1751 3989 1818 τὴν

2419 1840 2622 1910 θνητὴν
2655 1839 2764 1910 γὰρ
2793 1839 2954 1908 φύσιν
2982 1840 3076 1893 καὶ
3105 1839 3381 1911 περίγειον
3404 1839 3576 1893 ταῦτα
3609 1841 3807 1906 πάντα,
3860 1843 3997 1911 περὶ

2410 1933 2477 2001 ἢν
2506 1931 2793 1995 ἀλλοίωσις
2840 1933 3032 2001 ὁρᾶται
3070 1933 3164 1984 καὶ
3192 1931 3485 2004 μεταϐολὴ,
3530 1932 3601 1986 τὰ
3632 1932 3734 2002 τῆς
3772 1933 3995 2001 φύσεως

2410 2024 2569 2096 ἡμῶν
2622 2024 3103 2095 προκατάρχοντα.
3150 2025 3447 2096 Ἐπιθυμία
3484 2025 3542 2079 δὲ
3575 2028 3670 2081 καὶ
3718 2026 3992 2097 ἁμαρτία,

2411 2118 2506 2171 καί
2533 2119 2560 2171 ὁ
2581 2119 2645 2171 ἑκ
2672 2116 2877 2187 ταύτης
2902 2116 3267 2187 ἐπιφυόμενος
3294 2120 3361 2188 τῇ
3396 2118 3543 2190 ψυχῇ
3580 2118 3831 2185 θάνατος,
3896 2119 3998 2189 βα-

2410 2208 2540 2279 θμοί
2562 2226 2709 2271 τινες
2739 2209 2837 2278 τῆς
2865 2207 3216 2279 ἀνθρωπίνης
3242 2209 3653 2281 καθεστήκασιν
3682 2210 3993 2272 ἀπωλείας.

2423 2298 2487 2353 Ἦ
2515 2300 2624 2369 γὰρ
2674 2297 2943 2367 ἐπιθυμία
2987 2298 3174 2370 χώραν
3221 2298 3461 2353 λαϐοῦσα
3509 2301 3847 2372 παραδοχῆς,
3892 2302 3995 2353 καὶ

2418 2392 2586 2464 μονὴν
2620 2388 2928 2462 ἀνευροῦσα
2965 2391 3327 2461 ἐνειργάσατο
3362 2392 3464 2462 τὴν
3498 2393 3795 2463 ἁμαρτίαν.
3830 2394 4001 2456 ἠτις

2412 2483 2648 2537 ἀπέτεκε
2689 2482 2940 2545 θάνατον,
2970 2481 3036 2534 ἂν
3073 2482 3150 2550 μὴ
3181 2481 3422 2547 διανοίας
3451 2483 3623 2555 αὐτὴν
3652 2481 3998 2553 ἐκριζώσαν-

2414 2590 2526 2641 τες,
2565 2572 2827 2644 δευτέρας
2860 2574 2996 2644 ἡμῖν
3032 2572 3178 2642 ζωῆς
3202 2574 3579 2645 ἀνευρήσομεν
3614 2576 3806 2645 ἀρχήν.
3840 2576 4001 2628 Ἐπεὶ

2378 2696 2382 2700 α
2414 2663 2510 2722 οῦν
2541 2664 2907 2736 ἀποχρώντως
2934 2664 3101 2729 ἔδειξε
3130 2665 3229 2735 τὴν
3259 2664 3410 2718 θείαν
3435 2668 3624 2733 φύσιν,
3661 2667 3785 2737 μήτ’
3817 2668 3999 2734 αὐτὴν

2416 2761 2593 2814 οῖαντε
2629 2750 2800 2811 οὖσαν
2834 2755 3215 2825 πειράζεσθαι,
3268 2758 3395 2828 μήτ’
3425 2758 3608 2821 ἀλλοις
3632 2758 3791 2811 τοῦτο
3845 2776 3999 2826 παρ-

2419 2854 2672 2924 έχουσαν,
2728 2851 2878 2920 λέγει
2921 2851 2977 2903 δὲ
3030 2852 3372 2921 πειρασμοίις
3432 2851 3689 2915 ἐνταῦθα,
3746 2854 3874 2915 τοὺς
3937 2854 4002 2905 τὸ

2419 2944 2680 3005 εὐσταθὲς
2728 2944 2829 3013 τῆς
2890 2943 3073 3014 ψυχῆς
3121 2944 3420 3014 λογισμοὺς
3462 2945 3839 3014 ταράσσοντας
3900 2949 4001 2998 καὶ

2422 3036 2772 3104 συγχέοντας.
2815 3036 2878 3088 Οἱ
2910 3036 3020 3105 γὰρ
3037 3034 3143 3088 ἀπὸ
3168 3034 3328 3098 Θεοῦ,
3363 3034 3597 3102 μάλιστα
3632 3051 3999 3103 καταστημα-

2420 3123 2563 3174 τικοὶ
2616 3121 2717 3189 τῆς
2746 3121 2947 3191 ψυχῆς,
2993 3122 3411 3192 λαμπρύνοντες
3452 3121 3835 3191 ταύτην,’καὶ
3880 3127 3997 3184 τοῖς

2422 3213 2635 3275 πολλοῖς
2657 3212 2715 3265 τὸ
2743 3213 3058 3284 ἀπόρρητον
3102 3213 3275 3283 αὐτῆς
3304 3215 3749 3284 έκπομπεύοντες
3774 3215 3994 3280 κάλλος.

2424 3305 2520 3360 Διά
2538 3304 2693 3358 τοῦτο
2731 3304 2927 3373 ἐπάγει
2956 3304 3017 3357 τό
3040 3321 3053 3335 °

2494 3480 2669 3537 Πᾶσα
2698 3481 2870 3546 δόσις
2915 3481 3133 3550 ἀγαθὴ,
3192 3481 3291 3535 καί
3320 3482 3444 3539 πᾶν
3469 3482 3711 3551 δώρημα
3740 3486 3998 3546 τέλειαι,

2422 3570 2652 3623 ἄνωθεν
2680 3571 2750 3624 ἐκ
2809 3572 2917 3625 τοῦ
2970 3570 3205 3638 Πατρός
3238 3570 3357 3625 τῶν
3398 3572 3605 3642 φώτων
3636 3574 3827 3639 ἐστίν,
3860 3578 4001 3643 παρ’

2423 3654 2602 3726 ᾦούκ
2657 3661 2750 3715 ἔνι
2801 3661 3180 3731 παραλλαγὴ,
3226 3663 3264 3730 ἣ
3303 3662 3531 3730 τροπῆς
3584 3664 3999 3733 ἀποσκίασμα.

2424 3752 2755 3818 Βουληθείς
2808 3753 3165 3819 ἀπεκύησεν
3224 3752 3383 3823 ἡμᾶς
3444 3756 3606 3823 λόγῳ
3674 3757 4000 3822 ἀληθείας,

2424 3846 2511 3908 είς
2549 3845 2617 3897 τὸ
2652 3840 2806 3897 εἶναι
2835 3843 2993 3914 ἡμᾶς
3031 3846 3314 3914 ἀπαρχήν
3335 3863 3472 3900 τινα
3500 3846 3618 3901 τῶν
3641 3848 3832 3902 αὑτοῦ
3876 3865 4003 3901 κτι-

2426 3935 2695 4003 σμάτωγ.

2505 4042 2524 4076 ι
2563 4023 2802 4077 Ἀνωθεν
2836 4025 2901 4077 ἐκ
2956 4025 3049 4078 τοῦ
3076 4026 3289 4097 Πατρδς
3321 4028 3428 4080 τῶν
3454 4027 3666 4096 φώτων.
3706 4047 3725 4079 ι
3773 4030 3860 4092 Ὠς
3894 4031 4004 4083 τῶν

2429 4116 2558 4185 παρ’
2592 4115 2747 4183 ἡμῶν
2763 4116 3118 4185 ἐπαγομένων
3148 4117 3274 4170 οὔτε
3308 4119 3367 4171 τὸ
3399 4119 3629 4183 τέλειον,
3684 4122 3732 4173 εἰ
3769 4122 3846 4191 μὴ
3906 4125 4009 4175 καὶ

2430 4207 2565 4260 πολὺ
2609 4208 2670 4260 τὸ
2696 4208 2885 4270 ἀτελὲς
2935 4208 3190 4277 ἑχόντων,
3226 4208 3351 4262 οὔτε
3395 4210 3496 4280 τὴν
3532 4212 3713 4281 ψυχὴν
3740 4213 4005 4282 λαμπρυ-

2428 4300 2649 4355 νόντων.
2694 4300 2819 4362 Πῶς
2842 4301 2951 4370 γὰρ
2977 4300 3202 4365 τέλειον,
3250 4302 3313 4353 τὸ
3338 4302 3446 4354 ἀπὸ
3476 4303 3587 4355 τῶν
3608 4306 3675 4356 ὲκ
3717 4304 4005 4374 προκοπῆς

2428 4392 2490 4443 τὸ
2512 4391 2715 4457 ¹τέλειον
2743 4390 3149 4461 λαμϐανόντων,
3186 4395 3281 4446 καὶ
3330 4395 3489 4462 μόγις
3521 4396 3756 4464 καμάτῳ
3816 4398 4003 4465 πολλῷ

2429 4480 2491 4532 τὸ
2525 4483 2588 4532 ὲκ
2624 4481 2894 4549 γενέσεως
2922 4479 3109 4551 αἶσχος
3133 4482 3678 4554 ἀποκαθαιρομένων,
3717 4482 3841 4540 εἶτα
3871 4490 4008 4556 πρὸς

751 4576 1038 4631 nativitate
1105 4584 1445 4630 contractam
1495 4577 1836 4640 emundant,
1900 4587 1955 4631 et
2017 4577 2213 4631 deinde
2260 4577 2316 4630 ad

2437 4572 2536 4642 τὴν
2554 4571 2919 4641 λαμπρότητα
2947 4574 3045 4643 τὴν
3072 4573 3223 4625 θείαν
3247 4575 3663 4642 ἀφικνουμένων
3686 4593 3702 4640 ;
3740 4596 3759 4628 ι
3803 4579 3942 4645 Παρ⁹
3964 4573 4009 4644 ᾧ

751 4664 995 4718 divinum
1063 4664 1409 4732 splendorem
1464 4665 1819 4735 pertingunt?
1875 4684 1892 4716 ι
1955 4666 2113 4735 Apud
2166 4680 2329 4734 quem

753 4768 863 4808 non
922 4765 1005 4808 est
1056 4756 1456 4809 transmutatio.
1522 4775 1540 4806 ι
1600 4758 1723 4825 lpse
1769 4757 1914 4809 enim
1981 4756 2179 4811 clamat
2236 4772 2331 4825 per

755 4848 1111 4913 prophetam:
1177 4865 1193 4897 ι
1235 4848 1342 4917 Ego
1377 4862 1497 4901 sum
1542 4856 1597 4902 et
1623 4863 1731 4902 non
1788 4856 1970 4901 mutor
2003 4849 2067 4901 ¹⁰.
2118 4868 2135 4900 ι
2176 4847 2329 4913 Quod

755 4947 936 4992 autem
957 4938 1065 4993 ait:
1095 4955 1112 4986 ι
1143 4936 1526 4993 Conversionis
1545 4939 1911 5004 obumbratio,
1948 4959 1967 4991 ι
1990 4941 2093 4995 hoc
2122 4952 2225 5006 est,
2260 4956 2331 4995 ne

755 5028 997 5099 suspicio
1017 5028 1237 5098 quidem
1259 5040 1354 5083 aut
1381 5031 1659 5100 quippiam
1693 5031 2020 5100 suspicionis
2075 5032 2327 5085 umbram

757 5123 1046 5192 attingens.
1121 5142 1139 5173 ι
1188 5123 1239 5177 ls
1292 5123 1560 5177 destinata
1616 5124 1913 5178 voluntate.
1978 5143 1996 5174 ι
2055 5125 2329 5179 Destinata

755 5213 1037 5266 voluntate
1077 5213 1230 5279 dixit,
1289 5230 1350 5268 os
1406 5215 1511 5269 illis
1559 5215 1875 5284 opprimens
1919 5216 2011 5284 qui
2067 5218 2327 5271 mundum

757 5319 883 5357 casu
933 5304 1258 5373 productum
1314 5305 1484 5361 fuisse
1543 5318 1845 5378 nugantur.
1869 5307 2135 5373 Quoniam
2185 5310 2328 5363 enim

758 5396 896 5449 dixit
916 5395 1200 5464 superius:
1233 5396 1389 5465 Apud
1418 5413 1577 5466 quem
1615 5414 1723 5451 non
1783 5405 1867 5452 est
1922 5401 2329 5463 transmutatio,

759 5496 813 5543 ct
842 5504 905 5543 ex
936 5489 1036 5543 boc
1068 5490 1308 5544 ostendit
1353 5491 1743 5545 immutabilem
1791 5507 1911 5546 esse
1948 5493 2152 5554 Deum,
2206 5493 2335 5547 sub-

757 5580 975 5649 iungit:
1009 5578 1059 5633 Is
1113 5580 1379 5636 destinata
1432 5582 1711 5636 voluntate
1762 5583 2050 5652 progenuit
2097 5600 2214 5639 nos.
2273 5582 2328 5637 Si

761 5670 905 5724 cnim
936 5684 1033 5722 nos
1071 5672 1177 5723 nati
1231 5688 1437 5739 sumus,
1478 5671 1832 5729 manifestum
1872 5682 1952 5728 cst
1990 5675 2135 5742 quod
2167 5674 2327 5728 etiam

838 5846 878 5876 ὀ
905 5845 1130 5900 falsi-ach.
1165 5861 1242 5912 ιιι,
1300 5847 1353 5900 6.

2433 4663 2532 4715 οὐκ
2555 4662 2634 4714 ενι
2658 4664 3005 4732 παραλλαγή.
3036 4684 3052 4713 ι
3103 4664 3275 4726 Αὐτὸς
3312 4666 3421 4735 γὰρ
3609 4666 3698 4719 διὰ
3730 4668 3827 4719 τοῦ
3870 4686 4010 4738 προ-

2435 4754 2630 4823 φήτου,
2666 4772 2683 4803 ι
2737 4753 2877 4821 Ἐγώ
2907 4757 3045 4823 εἰμι,
3086 4757 3178 4807 καὶ
3229 4756 3328 4808 οὐκ
3383 4757 3701 4825 ἀλλοίωμαι.
3738 4777 3756 4809 ι
3802 4759 3875 4810 Τὸ
3930 4760 4010 4825 δὲ,

2436 4845 2658 4914 Τροπῆς
2705 4845 3083 4915 ἀποσκίασμα,
3133 4848 3255 4899 ἀντὶ
3304 4847 3421 4910 τοῦ,
3466 4848 3589 4901 οὐδὲ
3625 4850 3823 4919 μέχρις
3879 4852 4014 4903 ὑπο-

2435 4936 2582 4999 νοίας
2609 4937 2754 4999 τινδς
2780 4936 3040 5007 ὑποδολή.
3094 4955 3112 4988 ι
3150 4938 3441 5008 Βουληθεὶς
3475 4940 3811 5009 ἀπεκύησεν.
3860 4960 3878 4993 ι
3917 4944 4017 5009 Τὸ,

2437 5026 2756 5095 Βουληθεὶς,
2814 5023 2996 5089 εἶπεν,
3062 5028 3434 5096 ἐπιστομίζων
3490 5031 3618 5091 τοὺς
3675 5032 4014 5099 αὐτομάτως

2439 5122 2741 5190 ὑποστῆναι
2782 5121 2898 5173 τάδε
2952 5122 3012 5175 τὸ
3053 5123 3167 5175 Πᾶν
3231 5122 3553 5193 ληροῦντας.
3621 5125 3868 5195 Ἐπειδὴ,
3904 5130 4015 5196 γὰρ

2438 5213 2697 5282 ἀνωτέρω
2740 5207 2884 5279 εἷπε,
2910 5214 3046 5283 Παρ⁹
3080 5207 3123 5280 ᾧ
3147 5214 3249 5266 οὒκ
3276 5214 3353 5266 ἐνι
3386 5216 3731 5283 παραλλαγὴ,
3760 5220 3857 5270 καὶ
3878 5218 4016 5270 ἔδει·

2441 5303 2530 5367 ξεν
2561 5303 2625 5354 ἐκ
2651 5302 2840 5355 τούτου
2864 5302 3225 5355 ἀναλλοίωτον
3262 5302 3512 5366 τδΘείον,
3542 5304 3734 5369 ἐπάγει
3764 5307 3847 5367 ea,
3880 5305 4016 5359 Bou-

2437 5394 2620 5464 ληθεὶς
2658 5394 2973 5464 ἀπεκύησεν
3026 5398 3196 5462 ἡμᾶς.
3233 5396 3292 5447 Εἰ
3354 5395 3463 5464 γὰρ
3516 5398 3769 5463 γεννητοὶ
3824 5400 4014 5466 ἡμεῖς,

2435 5486 2593 5553 δῆλον
2616 5488 2695 5539 ὅτι
2726 5489 2818 5538 καὶ
2846 5486 3146 5539 ἁλλοιωτοί.
3181 5486 3301 5549 Πῶς
3334 5488 3441 5556 γὰρ
3468 5488 3827 5540 ἀναλλοίωτον
3860 5490 3920 5541 τὸ
3953 5494 4016 5542 ἐκ

2434 5578 2528 5630 τοῦ
2579 5578 2654 5647 μὴ
2700 5579 2849 5641 ὄντος
2890 5581 2946 5643 ἐξ
3000 5579 3335 5642 ἁλλοιώσοως
3369 5584 3449 5644 εἰς
3487 5583 3544 5632 τὸ
3606 5579 3744 5635 εἶναι
3788 5585 4012 5651 πριῖένς

2438 5667 2570 5725 Εἶτα
2619 5673 2806 5742 ἐπειδὴ
2849 5669 3035 5737 εἶπεν,
3087 5673 3428 5742 Ἀπεκὺησεν
3470 5676 3635 5744 ἡμᾶς,
3680 5676 3767 5728 ἵνα
3824 5679 3899 5745 μή
3936 5693 4017 5739 τις
