4178 6454
147 368 269 437 465

1015 378 1402 443 COMMENT.
1437 383 1521 445 ΙΝ
1562 382 1802 445 EPIST.
1831 382 2149 446 CATHOL-
2188 385 2473 447 JACOBI.

3331 388 3438 455 436

153 489 411 563 ύπολάσῃ
440 493 646 564 ὁμοίως
680 496 812 566 ἡμῖν
833 496 926 550 καὶ
960 497 1052 552 τὸν
1083 498 1211 552 Υίδν
1237 500 1532 553 ἀποτεκεῖν
1556 501 1721 556 αὑτὸν

1851 501 2067 556 mutati.
2106 500 2394 567 Quomodo
2432 516 2669 572 namque
2710 503 3050 561 immutabile
3097 516 3245 561 esset
3288 510 3434 577 quod

151 583 251 635 καὶ
277 584 403 651 μεθ’
436 585 596 655 ήμῶν
613 589 709 642 καὶ
736 587 827 642 τὸν
855 587 985 643 Υίὸν
1009 591 1399 660 γεγεννῆσθαι,
1431 593 1633 661 ἐπάγει
1659 594 1745 661 τὸ,

148 673 313 746 Λόγῳ
335 675 622 746 ἀληθείας.
644 678 830 733 Πάντα
852 680 921 748 γὰ
931 698 983 752 ρ,
1010 684 1150 736 κατά
1174 683 1266 736 τὸν
1294 683 1438 738 θεῖον
1463 684 1744 756 Ἰωάννην,

1852 607 1921 648 ex
1973 609 2084 648 non
2144 609 2266 649 esse
2315 610 2415 665 per
2471 596 2829 650 mutationem
2881 599 3122 667 procedit
3172 599 3237 654 ad
3277 601 3438 655 esse?

1853 684 2061 740 Deindc
2089 685 2216 754 quia
2248 686 2410 740 dixit:
2438 686 2739 759 Progenuit
2764 703 2888 752 nos,
2932 705 3001 743 ne
3025 691 3145 758 quis
3186 690 3437 760 suspica-

149 767 239 821 διὰ
269 768 368 822 τοῦ
413 769 544 825 Υίοῦ
578 773 820 841 ἐγένετο.
848 774 1014 828 Ὥστε
1047 777 1095 829 εί
1115 776 1204 830 διὰ
1231 776 1326 829 τοῦ
1353 778 1455 848 τῆς
1483 778 1728 849 ἀληθείας

1850 784 2004 830 retur
2059 775 2203 845 quod
2257 776 2511 831 similiter
2567 786 2628 831 ut
2691 787 2748 831 et
2801 792 2922 841 nos,
2990 778 3171 848 ipsum
3219 796 3437 849 quoque

150 859 330 927 Λόγου
370 862 405 933 ή
431 863 659 932 πρόοδος
701 865 856 936 ήμίν,
886 868 934 921 οί
968 868 1028 920 τὸ
1057 863 1198 921 εῖναι
1248 868 1463 939 ἔχοντες
1494 870 1603 925 ἀπὸ
1647 868 1743 924 τοῦ

148 952 357 1019 Λόγου,
383 955 485 1026 οὐχ
509 956 794 1026 ὁμογενεῖς
836 958 917 1030 τῷ
947 959 1039 1029 ὑφ’
1064 961 1126 1013 οὐ
1154 962 1479 1032 γεγόναμεν.
1512 982 1529 1014 t
1567 963 1659 1027 Είς
1683 963 1745 1016 τὸ

148 1036 292 1097 εἶναι
318 1046 474 1115 ἡμᾶς
513 1047 795 1121 ἀπαρχήν.
828 1069 847 1102 ι
894 1051 1042 1107 ’Δντὶ
1081 1051 1176 1107 τοῦ
1210 1054 1462 1123 πρώτους
1508 1054 1605 1108 καὶ
1662 1073 1744 1108 τι·

151 1136 486 1202 μιωτάτους.
513 1141 823 1211 Κτίσματα
841 1142 897 1197 δὲ
922 1144 1093 1216 αὐτὴν
1128 1145 1229 1216 τὴν
1250 1146 1535 1218 ὁρωμένην
1558 1146 1739 1200 κτίσιν

146 1228 305 1298 φησῇ

1849 868 2044 924 Filium
2068 869 2447 940 progcnuerit,
2480 878 2536 925 et
2558 886 2666 924 una
2696 870 2985 925 nobiscum
3028 872 3194 926 etiam
3241 871 3435 928 Filium

1854 963 2022 1018 fuisse
2067 971 2277 1029 natum,
2315 964 2632 1036 subjungit:
2692 964 2871 1020 Verbo
2916 965 3184 1021 veritatis.
3242 964 3437 1020 Omnia

1852 1057 2021 1121 cnim,
2046 1056 2200 1125 juxta
2236 1057 2459 1112 beatum
2499 1056 2764 1114 Joannem
2850 1059 2913 1122 “,
2951 1074 3049 1127 per
3076 1057 3269 1112 Filium
3294 1058 3437 1113 facta

1850 1158 1997 1204 sunt.
2053 1150 2240 1218 Itaque
2285 1150 2333 1206 si
2388 1166 2486 1222 per
2540 1150 2781 1206 Verbum
2817 1151 3066 1205 veritatis
3113 1165 3437 1222 progressus

1852 1241 2012 1295 nobis
2064 1240 2314 1310 contigit,
2349 1242 2443 1311 qui
2495 1257 2526 1295 a
2562 1242 2739 1297 Verbo
2795 1243 3066 1296 habemus
3128 1257 3269 1305 esse,
3325 1257 3435 1295 non

146 1335 341 1377 smnus
370 1339 483 1378 una
514 1340 640 1381 eum
661 1340 727 1382 eo
757 1328 926 1399 geniti
960 1344 989 1383 a
1035 1341 1145 1399 quo
1174 1329 1303 1387 facti
1355 1348 1569 1389 sumus.
1620 1352 1638 1385 ι
1674 1332 1745 1388 Ut
1818 1348 2066 1389 essemus
2134 1334 2413 1404 primitiae.
2454 1353 2473 1387 ι
2522 1333 2635 1389 Hoc
2660 1343 2767 1400 est,
2804 1336 2963 1403 primi
3015 1346 3070 1391 et
3125 1336 3435 1402 honoratis.

145 1416 293 1470 simi.
318 1416 618 1489 Κτίσματα
647 1432 831 1477 autem
884 1423 1016 1479 dicit
1059 1425 1231 1495 ipsam
1263 1426 1532 1482 visibilem
1582 1435 1910 1483 creaturam.

220 1514 432 1579 Ὥστε,
468 1514 726 1586 ἀδελφοί
746 1536 868 1588 μου
896 1520 1217 1591 ἀγαπητοί,
1267 1522 1427 1576 ἔστω
1462 1521 1582 1590 πᾶς
1635 1520 1741 1577 ἄν-

143 1605 375 1671 θρωπος
424 1607 614 1675 ταχὺς
661 1610 748 1676 είς
806 1612 873 1665 τὸ
923 1611 1207 1676 ἀκοῦσαι,
1252 1612 1492 1682 ,βραδὺς
1544 1616 1632 1681 είς
1675 1615 1741 1668 τὸ

1912 1522 1954 1588 1,
1991 1522 2181 1578 19-21.
2240 1521 2455 1593 Itaque,
2503 1525 2698 1593 fratres
2756 1525 2858 1578 mei
2903 1524 3105 1587 dilecti,
3157 1525 3224 1577 sit
3266 1525 3437 1580 omnis

1839 1616 1993 1670 homo
2047 1616 2197 1670 velox
2221 1616 2292 1670 ad
2342 1615 2689 1680 audiendum,
2735 1618 2920 1671 tardus
2959 1619 3030 1670 ad
3086 1617 3429 1688 loquendum,

141 1696 444 1763 λαλῆσαι,
496 1698 738 1768 ,βραδὺς
767 1704 855 1768 είς
904 1702 1110 1772 ὀργήν.
1151 1704 1321 1775 Ὀργὴ
1375 1708 1484 1776 γὰρ
1521 1704 1728 1775 ἀνδρὸς

1841 1710 2026 1763 tardus
2074 1716 2143 1763 ad
2175 1710 2336 1763 iram.
2394 1707 2490 1763 Ira
2539 1712 2680 1763 enim
2740 1710 2837 1763 eiri
2888 1711 3162 1777 justitiam
3203 1710 3299 1763 Dei
3332 1727 3433 1763 non

141 1787 555 1859 δικαιοσύνην
582 1792 730 1847 Θεοῦ
748 1795 822 1847 οὑ
850 1795 1289 1865 κατεργάζεται.

1839 1802 2013 1855 efﬁcit.

213 1878 310 1941 Τὸ,
351 1882 560 1952 Ταχὺς,
589 1883 710 1952 οὐχὶ
736 1885 819 1950 είς
848 1885 1012 1957 ψιλὴν
1052 1891 1320 1961 ἀκρόασιν
1360 1893 1728 1965 περιίστησιν,

1909 1892 2078 1966 448
2103 1893 2261 1959 Quod
2291 1895 2368 1948 ait
2399 1892 2591 1959 Velox,
2611 1909 2721 1948 non
2741 1893 2810 1948 ad
2850 1894 3055 1949 nudam
3094 1894 3432 1948 auditionem

140 1973 256 2025 ἀλλ’
274 1974 359 2037 είς
385 1974 489 2044 μὲν
508 1976 755 2047 ἐνεργὸν,
771 1980 941 2034 καὶτὸ
961 1981 1190 2036 ἀκοῦσαι
1213 1984 1351 2055 πρὶς
1368 1985 1466 2055 τὴν
1485 1987 1740 2057 μεταχεί-

142 2084 288 2135 ρισιν
318 2068 430 2121 τῶν
468 2070 829 2140 ήκουσμένων
866 2074 1227 2146 ἀφορμῶσαν.
1271 2077 1593 2134 Ἐπίσταται
1627 2081 1736 2150 γὰρ

138 2164 230 2213 τὶν
286 2161 431 2231 μετά
487 2165 730 2236 σπουδῆς
782 2166 1056 2239 ὑπέχοντα
1116 2172 1227 2235 τοῖς
1266 2170 1583 2243 λεγομένοις
1636 2172 1734 2246 τὴν

139 2253 332 2323 ἀκοὴν,
382 2257 480 2309 καὶ
514 2256 650 2328 πρὸς
690 2259 789 2329 τήν
819 2261 1088 2331 ἐργασίαν
1112 2262 1338 2328 τούτων,
1376 2265 1597 2334 ’ἐτοιμον
1632 2285 1735 2321 πα-

143 2347 371 2414 ρέξοντα
422 2350 649 2403 ἑαυτόνο
716 2352 907 2425 ὥσπερ
963 2356 1059 2410 ἀπ’
1111 2359 1387 2427 ἐναντίας,
1437 2361 1529 2417 τὸν
1592 2363 1733 2434 μετά

140 2440 482 2511 βραδυτῆτος
544 2445 681 2516 πρός
721 2464 773 2499 τι
826 2447 1201 2521 διατιθέμενον
1231 2456 1295 2525 τῇ
1343 2454 1605 2528 ἀναϐολῇ,
1639 2458 1735 2512 καὶ

139 2534 376 2603 πάμπαν
435 2538 762 2607 είργόμενον
785 2540 905 2593 ἔσθ’
934 2542 1023 2595 ὅτε
1048 2545 1149 2613 τῆς
1205 2547 1598 2618 ἐγχειρήσεως.
1643 2550 1735 2602 ait

141 2624 232 2675 ἐπὶ
263 2624 369 2694 μὲν
392 2626 494 2695 τῆς
527 2629 636 2682 τῶν
666 2630 827 2683 θείων
853 2632 1207 2699 διδασκαλίας
1233 2637 1517 2709 ταχυτῆτα
1544 2641 1731 2693 ἐντέλ-

138 2714 311 2781 λεται,
342 2719 438 2771 ἐπὶ
472 2719 530 2772 δὲ
587 2720 698 2774 τῶν
727 2724 1005 2796 ἐπισφαλῆ
1032 2726 1129 2798 τὴν
1169 2730 1548 2801 μεταχείρισιν
1577 2732 1732 2802 ἐχόν-

138 2826 280 2871 των,
328 2810 431 2880 τὴν
473 2811 808 2885 βραδυτῆτα.
846 2817 1029 2872 Ταῦτα
1072 2820 1131 2873 δέ.
1174 2824 1290 2875 ἑστι
1317 2862 1333 2887 ,
1364 2823 1425 2875 τὸ
1471 2824 1729 2895 λαλῆσαι,

138 2904 195 2953 το
216 2904 568 2977 ὀργισθῆναι.
591 2908 667 2962 Ἦ
696 2927 754 2963 τε
779 2910 890 2983 γὰρ
915 2913 1246 2986 ἀπρομηθής
1282 2916 1462 2981 λαλιὰ,
1482 2918 1578 2989 ήτε
1602 2919 1733 2973 ἀπε-

142 2994 438 3061 ρίσκεπτος
469 2999 748 3071 δργὴ,ούκ
782 3004 877 3086 είς.
898 3006 1103 3074 ἀγαθὸν
1144 3007 1256 3061 ἔσθ’
1299 3010 1386 3062 ὅτε
1417 3006 1733 3079 οἶδενάπο-

140 3090 421 3164 τελευτᾷν.
444 3096 523 3146 Δι’
553 3094 583 3148 ὃ
613 3096 708 3150 καί
734 3115 820 3162 τις
846 3099 988 3171 ἀνὴρ
1014 3101 1156 3165 θεῖός
1182 3118 1367 3173 φησιν·
1407 3103 1464 3156 '0
1488 3104 1731 3177 λαλήσας

142 3190 392 3259 μετέγνω
424 3189 715 3255 πολλάκις,
746 3192 774 3244 ὁ
804 3191 860 3245 δὲ
893 3195 1180 3265 σιωπήσας
1222 3196 1346 3249 ούδέ
1378 3214 1534 3250 ποτε.
1559 3199 1672 3253 Καὶ
1703 3202 1731 3254 ὁ

1842 1983 2101 2049 refertur,
2149 1983 2246 2039 sed
2283 1984 2351 2039 ad
2401 1994 2689 2040 strenuum
2751 1984 2807 2038 in
2839 2000 3007 2055 opere
3069 1994 3125 2039 et
3154 1999 3279 2038 eum
3335 1984 3435 2065 qui

1840 2083 2128 2146 postquam
2160 2075 2393 2140 audivit,
2434 2076 2682 2146 procedit
2722 2077 2790 2132 ad
2822 2093 2885 2131 ea
2944 2076 3251 2147 praestanda
3304 2091 3428 2145 qua?

1840 2170 2067 2225 audivit.
2094 2168 2257 2226 Novit
2287 2169 2435 2225 enim
2467 2186 2593 2225 eum
2634 2169 2727 2240 qui
2782 2170 2968 2225 subdit
3023 2169 3271 2224 auditum
3307 2184 3429 2222 cum

1838 2262 2021 2317 studio
2085 2263 2153 2318 ad
2214 2278 2278 2318 ea
2333 2278 2455 2333 quae
2508 2262 2787 2327 dicuntur,
2851 2261 3014 2317 etiam
3069 2262 3432 2332 prmbiturum

1838 2356 2081 2425 seipsum
2124 2368 2382 2426 paratum,
2401 2356 2468 2411 ad
2499 2371 2691 2411 eorum
2718 2357 3136 2426 operationem:
3162 2354 3428 2424 qucmad'

1838 2443 2061 2498 modum
2091 2459 2121 2499 e
2150 2444 2370 2500 diverso
2398 2461 2523 2500 eum
2554 2446 2646 2516 qui
2673 2460 2798 2500 cum
2842 2445 3096 2501 tarditate
3125 2446 3191 2500 ad
3226 2445 3428 2515 aliquid

1838 2538 2298 2606 procrastinando
2342 2537 2597 2603 afﬁcitur,
2653 2538 2945 2609 aliquando
3000 2540 3216 2610 penitus
3269 2554 3431 2608 sepa-

1837 2630 2067 2683 randum
2103 2630 2171 2685 ab
2203 2631 2353 2685 omni
2391 2640 2593 2686 conatu
2648 2631 2849 2701 operis.
2895 2630 3021 2685 Ideo
3068 2632 3120 2686 in
3179 2632 3427 2686 doctrina

1836 2722 2057 2793 quidem
2095 2737 2279 2777 rerum
2310 2723 2625 2778 divinarum
2657 2725 3003 2779 velocitatem
3064 2725 3337 2795 prwcipit,
3375 2727 3429 2779 in

1838 2815 1923 2871 bis
1948 2825 2131 2870 autem
2180 2832 2300 2887 quae
2342 2818 2709 2886 periculosam
2756 2818 2961 2871 habent
3001 2817 3433 2873 administratio-

1836 2923 1987 2973 nem,
2029 2907 2363 2963 tarditatem.
2398 2908 2726 2963 llaecautem
2754 2918 2898 2965 sunt.
2921 2908 3070 2977 loqui
3133 2917 3187 2963 et
3243 2909 3401 2965 irasci

1836 2998 1971 3054 Nam
2007 3009 2062 3055 et
2107 3000 2419 3055 inconsulta
2472 3000 2676 3057 locutio
2718 3011 2774 3056 et
2830 3001 3289 3070 incircumspceta
3345 3002 3425 3055 ira

1836 3106 1948 3147 non
2000 3092 2155 3147 novit
2198 3107 2437 3162 unquam
2496 3092 2552 3146 in
2623 3093 2827 3147 bonum
2865 3093 3139 3147 desinere.
3190 3091 3425 3162 Propter

1836 3184 1983 3255 quod
2013 3184 2093 3238 vir
2120 3183 2342 3253 quidam
2373 3184 2593 3239 divinus
2622 3185 2699 3239 ait
2736 3198 2751 3239 :
2793 3185 3137 3255 Frequenter
3168 3185 3427 3254 pmnituit

142 3281 414 3349 μακάριος
449 3281 511 3334 δὲ
559 3282 723 3336 πάλιν
780 3284 944 3337 Δαυῖδ
975 3298 988 3312 ο
1026 3304 1043 3337 ι
1112 3286 1432 3358 Ὀργεζεσθε
1500 3291 1596 3345 καὶ
1650 3292 1725 3364 μὴ

1835 3290 1954 3331 esse
2019 3277 2286 3343 locutum,
2346 3278 2581 3333 tacuisse
2630 3293 2759 3333 vero
2822 3294 3122 3348 nunquam.
3184 3278 3421 3334 Rursum

139 3370 514 3441 ἁμαρτάνετε.
548 3390 568 3424 ι
638 3373 918 3441 Τουτὲστι,
952 3376 1058 3449 “μὴ
1110 3377 1480 3450 ὀργιζόμενοι,
1524 3382 1728 3447 εὐθέως

140 3464 231 3517 καὶ
243 3462 344 3535 τὴν
372 3464 827 3539 ὑποϐαλλομένην
848 3469 913 3521 ὲκ
930 3469 1027 3539 τῆς
1044 3469 1217 3542 ὀργῆς
1238 3471 1475 3541 ὲπάγετε
1501 3475 1722 3545 μανίαν.

141 3555 417 3625 Σύμιρωνα
444 3557 656 3622 τούτοις
698 3560 793 3613 καὶ
848 3561 916 3615 τὰ
954 3562 1221 3634 παρόντα.
1259 3564 1332 3618 Τό
1368 3583 1428 3619 τε
1460 3566 1567 3639 γάρ
1599 3571 1729 3640 περ).

139 3646 199 3697 τὸ
214 3648 452 3718 λαλῆσαι
476 3650 670 3721 ἀργὸν,
701 3652 764 3706 τό
781 3670 842 3706 τε
868 3655 999 3725 περὶ
1035 3656 1098 3709 τὸ
1119 3656 1445 3728 ὀργισθῆναι
1495 3659 1725 3730 νωθρδν,

138 3746 201 3813 τῇ
234 3746 371 3815 περὶ
399 3746 578 3801 ταῦτα
601 3747 861 3819 μελλήσει
886 3750 1206 3821 ἐπανήγαγε
1225 3749 1319 3804 τὸν
1348 3752 1729 3825 μεταχειριού-

142 3854 301 3905 μενον
332 3838 475 3907 πρὸς
505 3838 567 3891 τδ
604 3838 724 3893 δέον
754 3840 849 3895 καὶ
879 3842 940 3893 τὸ
990 3841 1173 3905 εὐθές.
1203 3842 1317 3896 Καὶ
1346 3841 1379 3913 ἢ
1444 3844 1727 3909 παντελῶς

137 3931 233 4000 τήν
256 3932 392 4003 1:591
415 3932 592 3986 ταῦτα
630 3932 883 3998 ἐξέλυσεν
907 3932 1088 4005 ὁρμὴν
1124 3933 1215 3988 διὰ
1248 3934 1348 4005 τῆς
1382 3936 1726 4009 κεκριμένης

140 4019 505 4088 ἐπισκέψεως,
558 4021 593 4091 ἢ
631 4021 774 4074 κατὰ
824 4023 887 4076 τὸ
918 4021 1197 4092 προσῆκον
1234 4024 1342 4078 τῶν
1376 4027 1725 4095 πραγμάτων

140 4111 475 4181 ποιήσασθαι
526 4113 625 4182 τήν
674 4112 907 4178 διέξοδον
960 4115 1169 4171 τούτων
1215 4118 1574 4189 εἰσηγήσατο,
1613 4121 1724 4190 μά-

138 4202 294 4257 λιστα
379 4205 483 4274 τῆς
569 4206 764 4277 ὀργῆς.
837 4208 1005 4273 Ἦτις
1083 4208 1392 4278 ἀλογίστως
1494 4229 1725 4284 προενε-

139 4295 326 4363 χθεῖσα
351 4297 455 4366 τῆς
488 4296 585 4358 τοῦ
612 4298 750 4352 Θεοῦ
773 4299 1121 4372 δικαιοσύνης
1155 4303 1471 4373 ἀποστερεῖ.
1503 4305 1597 4357 Διὸ
1618 4305 1727 4375 ξκαὶ

140 4389 232 4456 τὴν
268 4388 454 4441 αίτίαν
483 4390 683 4458 ἐπάγει
709 4390 938 4463 ταύτην,
962 4392 1045 4457 τὸ,
1073 4393 1244 4464 Ὀργὴ
1275 4394 1383 4464 γὰρ
1431 4395 1622 4467 ἀνδρὸς
1649 4396 1727 4449 δι-

140 4481 435 4551 καιοσύνην
471 4483 609 4536 Θεοῦ
634 4484 694 4535 ού
729 4502 857 4537 κατε
870 4487 1153 4555 ργέιζεται.
1180 4488 1245 4539 Et
1264 4488 1373 4558 γὰρ
1402 4488 1720 4562 δικαιοσύνη

139 4572 282 4625 ἐστὶν
316 4575 434 4641 ἕξις
464 4577 523 4628 ὲν
572 4574 720 4649 ψυχῇ
750 4576 844 4630 τοῦ
890 4578 1012 4631 κατ’
1061 4578 1220 4643 ἀξίαν
1253 4581 1471 4651 ἑκάστῳ
1521 4585 1720 4636 ἀπονε-

1831 3376 2017 3423 autem
2049 3368 2241 3424 beatus
2270 3369 2359 3425 ille
2398 3371 2563 3425 David
2592 3388 2606 3427 :
2646 3389 2664 3422 t
2697 3370 2999 3425 lrascimini
3040 3381 3095 3424 et
3124 3386 3193 3425 ne
3229 3387 3422 3439 pecce-

1835 3462 1903 3517 tis
1938 3462 2017 3517 “z
2078 3482 2095 3514 ›
2146 3464 2251 3518 hoc
2320 3475 2425 3530 est,
2462 3480 2533 3519 ne
2584 3463 2743 3519 facile
2801 3465 3109 3528 irascendo,
3176 3464 3419 3518 furorem

1832 3568 2051 3624 quoque
2077 3554 2322 3610 ineitetis
2348 3570 2513 3627 quem
2542 3556 2787 3627 suggerit
2822 3556 2922 3610 ira.
2955 3556 3051 3610 llis
3090 3556 3255 3611 etiam
3283 3573 3417 3611 con-

1830 3646 2027 3704 formia
2066 3659 2198 3706 sunt
2237 3666 2357 3721 qua:
2384 3650 2479 3706 hic
2524 3650 2804 3706 dicuntur.
2863 3649 3145 3719 Siquidem
3190 3652 3418 3705 tarditas

1831 3740 1888 3795 in
1908 3742 2182 3811 loquendo
2212 3750 2268 3799 et
2291 3743 2547 3813 tepiditas
2591 3743 2644 3796 in
2692 3742 3001 3806 irascendo,
3068 3744 3418 3799 cunctatione

1831 3835 1887 3891 in
1911 3837 1996 3891 his
2021 3847 2257 3902 servata,
2292 3840 2564 3894 reducunt
2595 3839 2663 3892 ad
2717 3838 2769 3892 id
2796 3838 2939 3907 quod
2996 3839 3200 3893 decens
3235 3848 3320 3892 est
3361 3848 3417 3892 ct

1830 3938 2079 3987 rectum;
2109 3940 2165 3986 et
2187 3931 2273 3986 vel
2300 3933 2528 3987 omnino
2573 3930 2837 4001 impetum
2868 3929 3012 3983 circa
3049 3930 3162 3983 hanc
3219 3931 3418 3984 dissol-

1830 4028 1967 4074 vunt
1992 4035 2092 4090 per
2112 4021 2468 4077 deliberatam
2528 4023 3048 4090 considerationem,
3083 4027 3166 4079 vel
3218 4040 3420 4078 Conve-

1832 4113 2007 4167 nienti
2040 4115 2202 4169 modo
2226 4115 2292 4169 ad
2318 4131 2407 4170 res
2428 4132 2549 4185 qua:
2574 4126 2875 4170 occurrunt
2903 4118 3096 4171 borum
3122 4117 3414 4171 decursum

1830 4203 1949 4258 ﬁeri
1984 4205 2207 4271 docent,
2238 4208 2585 4275 potissimum
2616 4218 2796 4263 autem
2817 4209 2943 4274 irar;
2975 4226 3095 4278 qua:
3129 4210 3173 4262 si
3202 4210 3418 4264 irratio-

1830 4298 2085 4354 nabiliter
2110 4298 2331 4354 inducta
2350 4300 2442 4363 sit,
2484 4301 2664 4369 privat
2707 4301 2892 4355 divina
2917 4302 3150 4371 justitia.
3184 4302 3415 4370 Ideoque

1832 4390 1975 4446 hanc
2003 4391 2289 4461 subiungit
2341 4408 2598 4451 causam:
2644 4393 2728 4447 ira
2790 4393 2935 4448 enim
2991 4393 3090 4446 viri
3141 4394 3411 4463 justitiam

1831 4483 1925 4536 Dei
1956 4498 2064 4538 non
2117 4483 2299 4538 eﬂicit.
2355 4483 2564 4538 Etenim
2593 4485 2639 4539 si
2689 4484 2901 4553 justitia
2948 4484 3167 4537 habitus
3219 4495 3299 4539 est
3358 4486 3411 4539 iu

1828 4574 2008 4628 anima
2033 4574 2126 4644 qui
2168 4574 2360 4629 dividit
2390 4574 2859 4644 unieuiquejuxta
2884 4589 3038 4629 suam
3069 4574 3408 4644 dignitatem,

142 4665 367 4734 μητικὴ,
430 4665 570 4737 ὀργή
598 4646 869 4733 δὲίκατὶι
897 4669 988 4722 τὸν
1046 4672 1292 4737 εἰπόντα,
1325 4646 1592 4728 ἀπόλλυσι
1618 4676 1715 4729 καὶ

1835 4667 1907 4721 ira
1927 4682 2077 4731 vero,
2117 4675 2176 4719 ut
2217 4666 2291 4720 ait
2337 4666 2448 4731 ille,
2480 4667 2657 4736 perdit
2718 4666 2881 4721 etiam
2940 4666 3239 4737 sapientes,
3300 4684 3409 4736 quo

140 4756 461 4826 φρονίμους,
512 4757 628 4822 πῶς
654 4757 691 4811 ἃ
721 4757 861 4830 αὕτη
918 4762 952 4831 ή
988 4760 1075 4815 διὰ
1113 4762 1212 4833 τὴν
1239 4764 1384 4832 ἄγαν
1411 4764 1723 4835 ὲμπάθειαν

141 4848 404 4902 σκοτοῦσα
452 4850 547 4905 τὸν
598 4850 749 4917 νοῦν,
795 4854 870 4914 ὡς
901 4856 999 4907 καὶ
1041 4856 1341 4926 φρονίμους
1397 4857 1713 4922 ἀπολλύναι,

138 4941 233 5009 τὴν
258 4944 606 5014 κεκριμένως
628 4944 1012 5016 ἀπονέμουσαν
1046 4947 1265 5018 ἑκάστῳ
1291 4950 1352 5002 τὸ
1403 4952 1526 5004 κατ’
1558 4952 1716 5016 ἀξίαν

140 5034 493 5104 συστήκειενς
533 5054 552 5087 ι
597 5036 807 5107 Βραδὺς
832 5040 911 5101 είς
934 5039 1128 5111 ὀργήν.
1169 5060 1186 5092 ι
1237 5042 1350 5113 Τὴν
1400 5044 1711 5113 βραδυτῆτα

138 5123 291 5194 διχῶς
328 5126 581 5196 βούλεται
624 5130 968 5201 ἐνεργεῖσθαι
1023 5134 1153 5205 παρ’
1202 5134 1362 5203 ἡμῶν
1416 5135 1498 5198 εἷς
1545 5153 1605 5189 τε
1651 5137 1713 5188 τὸ

139 5218 383 5286 λαλῆσαι,
406 5221 500 5273 καὶ
516 5221 579 5274 τδ
600 5222 944 5294 ὀργισθῆναι.
974 5218 1097 5278 Οἶδε
1118 5225 1229 5296 γὰρ
1260 5226 1291 5297 ἢ
1323 5227 1588 5299 μέλλησις
1618 5231 1711 5283 καὶ

140 5312 340 5383 ἐποχήν
376 5314 711 5385 ἐργάξεσθαι
748 5316 848 5385 τῆς
886 5317 1085 5388 ὁρμῆς.

732 5406 983 5461 ΚΕΦᾹΑ.
1023 5407 1096 5461 B'.

140 5500 267 5569 Περι
295 5514 641 5570 πρᾳοτηζος
658 5499 755 5570 καί
783 5498 1028 5566 ἁγνείας
1046 5500 1145 5570 καὶ
1176 5500 1448 5567 πράξεως
1476 5501 1707 5570 ἀγαθῆς

198 5567 595 5641 pauonum
619 5568 718 5621 ἐπὶ
745 5567 1125 5641 μακαρισμῷ·
1166 5571 1265 5624 καί
1297 5573 1430 5640 περὶ
1459 5567 1709 5641 ἐπιστῆ-

196 5658 314 5709 μης
340 5640 440 5693 καὶ
468 5640 839 5708 συμμετρίας
863 5640 1072 5707 λόγου.

200 5735 279 5787 Δι’
310 5732 341 5788 ὃ
371 5733 737 5803 ἀποθέμενοι
778 5733 986 5789 πᾶσαν
1024 5736 1332 5806 ῥυπαρίαν
1376 5737 1471 5791 καί
1506 5751 1712 5808 περισ-

210 5851 244 5882 ¹¹
282 5852 435 5907 Joan.
473 5870 511 5921 ι,
548 5854 598 5909 5.
720 5854 761 5883 ²²
794 5851 1097 5921 Ps:il.tv,5.

1824 4757 1983 4812 modo
2012 4757 2127 4811 haec
2157 4756 2273 4826 ipsa
2304 4772 2425 4826 quae
2457 4756 2765 4811 vehementi
2821 4756 3113 4811 affectione
3164 4768 3405 4812 mentem

1821 4847 1958 4902 adeo
1988 4848 2315 4903 obtenebrat
2338 4857 2399 4903 ut
2419 4849 2607 4918 perdat
2631 4850 2795 4902 etiam
2832 4848 3131 4919 sapientes,
3193 4850 3405 4905 consti-

1821 4950 2001 4996 tueret
2054 4957 2173 4995 eam
2204 4956 2325 5011 quae
2359 4941 2552 4997 dividit
2588 4941 2885 5011 unicuique
2931 4942 3088 5010 juxta
3129 4958 3283 4996 suam
3317 4942 3395 4996 di-

1820 5034 2127 5103 gnitatem?
2184 5053 2201 5085 ι
2263 5035 2475 5090 Tardus
2528 5034 2596 5089 ad
2629 5034 2783 5088 iram.
2823 5052 2841 5084 ι
2897 5033 3232 5089 'l'arditatcm
3291 5040 3404 5089 vult

1821 5127 2073 5182 bifariam
2100 5128 2155 5181 in
2201 5128 2359 5182 nobis
2398 5127 2663 5190 exerceri,
2707 5137 2837 5195 puta
2879 5127 2945 5181 ad
2979 5127 3314 5196 loquendum
3348 5137 3404 5183 et

1821 5223 1887 5277 ad
1915 5223 2280 5276 irascendum.
2314 5219 2476 5275 Novit
2520 5221 2667 5276 enim
2701 5220 2974 5275 cunctatio
3015 5220 3399 5275 abstinentiam

1821 5332 1849 5368 a
1889 5314 2284 5370 committendo
2314 5312 2550 5367 ellicere.

2334 5404 2499 5478 459
2533 5404 2759 5460 CAPUT
2817 5403 2881 5459 ιι.

1825 5506 1900 5559 Ile
1933 5504 2337 5558 mansuetudine
2378 5518 2441 5554 ac
2470 5501 2767 5554 innocentia
2794 5510 2843 5553 et
2871 5500 3077 5552 actione
3108 5498 3241 5551 bona
3282 5516 3400 5562 qua:

1893 5576 2132 5629 conducit
2158 5576 2226 5626 ad
2258 5572 2653 5637 beatitudinem,
2691 5572 2825 5625 etde
2854 5570 3072 5623 scientia
3110 5586 3173 5622 ac
3201 5572 3401 5643 medio:-

1893 5648 2083 5699 critute
2109 5646 2386 5699 sermonis.

1897 5739 1938 5804 ι,
1974 5736 2159 5792 (21422.
2193 5735 2521 5803 Quapropter
2551 5734 2785 5800 deposita
2814 5731 2952 5784 omni
2985 5728 3320 5784 immnnditm
3350 5737 3399 5782 et
