  <div class='ocr_page' id='page_1' title='image "/cluster/home/n/w/nwhite01/storage/ocr_20150623/119/nnc1.0046980091/242.png"; bbox 0 0 4178 6454; ppageno 0'>
   <div class='ocr_carea' id='block_1_1' title="bbox 139 396 237 460">
    <p class='ocr_par' dir='ltr' id='par_1_1' title="bbox 139 396 237 460">
     <span class='ocr_line' id='line_1_1' title="bbox 139 396 237 460; baseline 0.02 -2"><span class='ocrx_word' id='word_1_1' title='bbox 139 396 237 460; x_wconf 64' lang='grc'><strong>469</strong></span> 
     </span>
    </p>
   </div>
   <div class='ocr_carea' id='block_1_2' title="bbox 973 374 2418 458">
    <p class='ocr_par' dir='ltr' id='par_1_2' title="bbox 973 374 2418 458">
     <span class='ocr_line' id='line_1_2' title="bbox 973 374 2418 458; baseline -0.001 -3"><span class='ocrx_word' id='word_1_2' title='bbox 973 374 1359 457; x_wconf 71' lang='lat' dir='ltr'><strong>COMMENT.</strong></span> <span class='ocrx_word' id='word_1_3' title='bbox 1403 393 1485 458; x_wconf 84' lang='lat' dir='ltr'><strong>IN</strong></span> <span class='ocrx_word' id='word_1_4' title='bbox 1518 395 1759 457; x_wconf 90' lang='lat' dir='ltr'><strong>EPIST.</strong></span> <span class='ocrx_word' id='word_1_5' title='bbox 1793 396 2108 458; x_wconf 81' lang='lat' dir='ltr'><strong>CATHOL.</strong></span> <span class='ocrx_word' id='word_1_6' title='bbox 2137 387 2418 456; x_wconf 80' lang='lat' dir='ltr'><strong>JACOBI.</strong></span> 
     </span>
    </p>
   </div>
   <div class='ocr_carea' id='block_1_3' title="bbox 3269 399 3382 466">
    <p class='ocr_par' dir='ltr' id='par_1_3' title="bbox 3269 399 3382 466">
     <span class='ocr_line' id='line_1_3' title="bbox 3269 399 3382 466; baseline 0.035 -4"><span class='ocrx_word' id='word_1_7' title='bbox 3269 399 3382 466; x_wconf 63' lang='lat'><strong>470</strong></span> 
     </span>
    </p>
   </div>
   <div class='ocr_carea' id='block_1_4' title="bbox 129 499 1697 578">
    <p class='ocr_par' dir='ltr' id='par_1_4' title="bbox 129 499 1697 578">
     <span class='ocr_line' id='line_1_4' title="bbox 129 499 1697 578; baseline -0.001 -15"><span class='ocrx_word' id='word_1_8' title='bbox 129 508 299 577; x_wconf 81' lang='grc' dir='ltr'>ετέθη,</span> <span class='ocrx_word' id='word_1_9' title='bbox 329 504 516 569; x_wconf 75' lang='grc' dir='ltr'>Οὕτως</span> <span class='ocrx_word' id='word_1_10' title='bbox 544 499 696 575; x_wconf 80' lang='grc' dir='ltr'><strong>οὗνῷ</strong></span> <span class='ocrx_word' id='word_1_11' title='bbox 721 504 863 576; x_wconf 79' lang='grc' dir='ltr'>λόγῳ</span> <span class='ocrx_word' id='word_1_12' title='bbox 890 507 1198 578; x_wconf 77' lang='grc' dir='ltr'>χρήσασθαι</span> <span class='ocrx_word' id='word_1_13' title='bbox 1229 506 1367 572; x_wconf 82' lang='grc' dir='ltr'>δέον,</span> <span class='ocrx_word' id='word_1_14' title='bbox 1395 506 1457 560; x_wconf 76' lang='grc' dir='ltr'>οὗ</span> <span class='ocrx_word' id='word_1_15' title='bbox 1495 508 1697 578; x_wconf 84' lang='grc' dir='ltr'>κέχρη-</span> 
     </span>
    </p>
   </div>
   <div class='ocr_carea' id='block_1_5' title="bbox 1794 499 3375 578">
    <p class='ocr_par' dir='ltr' id='par_1_5' title="bbox 1803 500 3375 576">
     <span class='ocr_line' id='line_1_5' title="bbox 1803 500 3375 576; baseline 0.001 -15"><span class='ocrx_word' id='word_1_16' title='bbox 1803 521 1934 561; x_wconf 80' lang='lat' dir='ltr'><strong>usas</strong></span> <span class='ocrx_word' id='word_1_17' title='bbox 1985 516 2068 561; x_wconf 89' lang='lat' dir='ltr'><strong>est</strong></span> <span class='ocrx_word' id='word_1_18' title='bbox 2118 504 2393 576; x_wconf 89' lang='lat' dir='ltr'><strong>quomodo</strong></span> <span class='ocrx_word' id='word_1_19' title='bbox 2426 500 2504 558; x_wconf 99' lang='lat' dir='ltr'><strong>uti</strong></span> <span class='ocrx_word' id='word_1_20' title='bbox 2556 511 2853 574; x_wconf 91' lang='lat' dir='ltr'><strong>oporteret.</strong></span> <span class='ocrx_word' id='word_1_21' title='bbox 2902 504 2964 561; x_wconf 87' lang='lat' dir='ltr'><strong>Id</strong></span> <span class='ocrx_word' id='word_1_22' title='bbox 3028 514 3210 561; x_wconf 82' lang='lat' dir='ltr'><strong>autem</strong></span> <span class='ocrx_word' id='word_1_23' title='bbox 3264 523 3375 563; x_wconf 84' lang='lat' dir='ltr'><strong>non</strong></span> 
     </span>
    </p>
   </div>
   <div class='ocr_carea' id='block_1_6' title="bbox 129 596 1696 668">
    <p class='ocr_par' dir='ltr' id='par_1_6' title="bbox 129 596 1696 668">
     <span class='ocr_line' id='line_1_6' title="bbox 129 596 1696 668; baseline -0.001 -16"><span class='ocrx_word' id='word_1_24' title='bbox 129 614 228 652; x_wconf 79' lang='grc' dir='ltr'>ται.</span> <span class='ocrx_word' id='word_1_25' title='bbox 261 597 435 651; x_wconf 81' lang='grc' dir='ltr'>Τοῦτο</span> <span class='ocrx_word' id='word_1_26' title='bbox 456 597 511 651; x_wconf 80' lang='grc' dir='ltr'><strong>δὲ</strong></span> <span class='ocrx_word' id='word_1_27' title='bbox 539 598 601 651; x_wconf 80' lang='grc' dir='ltr'><strong>οὐ</strong></span> <span class='ocrx_word' id='word_1_28' title='bbox 638 598 815 668; x_wconf 78' lang='grc' dir='ltr'>μάτην</span> <span class='ocrx_word' id='word_1_29' title='bbox 846 598 986 650; x_wconf 82' lang='grc' dir='ltr'>ποιεῖ</span> <span class='ocrx_word' id='word_1_30' title='bbox 1014 601 1042 652; x_wconf 87' lang='grc' dir='ltr'><strong>ό</strong></span> <span class='ocrx_word' id='word_1_31' title='bbox 1073 596 1166 650; x_wconf 78' lang='grc' dir='ltr'>τοῦ</span> <span class='ocrx_word' id='word_1_32' title='bbox 1212 598 1420 667; x_wconf 82' lang='grc' dir='ltr'>Κυρίου</span> <span class='ocrx_word' id='word_1_33' title='bbox 1448 596 1696 667; x_wconf 81' lang='grc' dir='ltr'>μαθητὴς</span> 
     </span>
    </p>
   </div>
   <div class='ocr_carea' id='block_1_7' title="bbox 137 688 1696 761">
    <p class='ocr_par' dir='ltr' id='par_1_7' title="bbox 137 688 1696 761">
     <span class='ocr_line' id='line_1_7' title="bbox 137 688 1696 761; baseline -0.002 -17"><span class='ocrx_word' id='word_1_34' title='bbox 137 690 410 757; x_wconf 71' lang='grc' dir='ltr'>Ἰάκωϐος,</span> <span class='ocrx_word' id='word_1_35' title='bbox 464 688 599 743; x_wconf 87' lang='grc' dir='ltr'><strong>ἀλλά</strong></span> <span class='ocrx_word' id='word_1_36' title='bbox 640 690 919 761; x_wconf 77' lang='grc' dir='ltr'><strong>συντόμως</strong></span> <span class='ocrx_word' id='word_1_37' title='bbox 968 690 1186 746; x_wconf 76' lang='grc' dir='ltr'>ἅπαντα</span> <span class='ocrx_word' id='word_1_38' title='bbox 1238 689 1570 760; x_wconf 75' lang='grc' dir='ltr'><strong>φθέγγεται,</strong></span> <span class='ocrx_word' id='word_1_39' title='bbox 1620 688 1696 752; x_wconf 85' lang='grc' dir='ltr'>ὠς</span> 
     </span>
    </p>
   </div>
   <div class='ocr_carea' id='block_1_8' title="bbox 127 781 1695 855">
    <p class='ocr_par' dir='ltr' id='par_1_8' title="bbox 127 781 1695 855">
     <span class='ocr_line' id='line_1_8' title="bbox 127 781 1695 855; baseline -0.001 -19"><span class='ocrx_word' id='word_1_40' title='bbox 127 783 207 837; x_wconf 72' lang='grc' dir='ltr'>τοῦ</span> <span class='ocrx_word' id='word_1_41' title='bbox 257 782 709 853; x_wconf 81' lang='grc' dir='ltr'>συντετμημένου</span> <span class='ocrx_word' id='word_1_42' title='bbox 748 782 997 855; x_wconf 77' lang='grc' dir='ltr'>μαθητὴς</span> <span class='ocrx_word' id='word_1_43' title='bbox 1037 783 1221 852; x_wconf 85' lang='grc' dir='ltr'><strong>λόγου,</strong></span> <span class='ocrx_word' id='word_1_44' title='bbox 1252 784 1348 838; x_wconf 66' lang='grc' dir='ltr'><strong>καὶ</strong></span> <span class='ocrx_word' id='word_1_45' title='bbox 1378 784 1495 852; x_wconf 82' lang='grc' dir='ltr'><strong>ἀμα</strong></span> <span class='ocrx_word' id='word_1_46' title='bbox 1529 781 1695 835; x_wconf 82' lang='grc' dir='ltr'>συνά-</span> 
     </span>
    </p>
   </div>
   <div class='ocr_carea' id='block_1_9' title="bbox 127 874 1693 948">
    <p class='ocr_par' dir='ltr' id='par_1_9' title="bbox 127 874 1693 948">
     <span class='ocr_line' id='line_1_9' title="bbox 127 874 1693 948; baseline -0.001 -18"><span class='ocrx_word' id='word_1_47' title='bbox 127 895 227 945; x_wconf 79' lang='grc' dir='ltr'><strong>γων</strong></span> <span class='ocrx_word' id='word_1_48' title='bbox 277 876 377 930; x_wconf 76' lang='grc' dir='ltr'>τὸν</span> <span class='ocrx_word' id='word_1_49' title='bbox 420 878 724 948; x_wconf 77' lang='grc' dir='ltr'>ἀκροατὴν,</span> <span class='ocrx_word' id='word_1_50' title='bbox 757 877 853 930; x_wconf 72' lang='grc' dir='ltr'>καὶ</span> <span class='ocrx_word' id='word_1_51' title='bbox 880 875 1168 930; x_wconf 81' lang='grc' dir='ltr'>συντείνων</span> <span class='ocrx_word' id='word_1_52' title='bbox 1192 879 1271 941; x_wconf 87' lang='grc' dir='ltr'><strong>είς</strong></span> <span class='ocrx_word' id='word_1_53' title='bbox 1295 875 1355 929; x_wconf 82' lang='grc' dir='ltr'><strong>τὸ</strong></span> <span class='ocrx_word' id='word_1_54' title='bbox 1382 874 1457 947; x_wconf 77' lang='grc' dir='ltr'>μὴ</span> <span class='ocrx_word' id='word_1_55' title='bbox 1482 874 1693 946; x_wconf 83' lang='grc' dir='ltr'>παρέρ-</span> 
     </span>
    </p>
   </div>
   <div class='ocr_carea' id='block_1_10' title="bbox 127 966 1695 1039">
    <p class='ocr_par' dir='ltr' id='par_1_10' title="bbox 127 966 1695 1039">
     <span class='ocr_line' id='line_1_10' title="bbox 127 966 1695 1039; baseline -0.001 -17"><span class='ocrx_word' id='word_1_56' title='bbox 127 986 225 1038; x_wconf 81' lang='grc' dir='ltr'><strong>γως</strong></span> <span class='ocrx_word' id='word_1_57' title='bbox 251 969 464 1023; x_wconf 81' lang='grc' dir='ltr'>τούτων</span> <span class='ocrx_word' id='word_1_58' title='bbox 486 969 725 1025; x_wconf 75' lang='grc' dir='ltr'>ἀκούειν.</span> <span class='ocrx_word' id='word_1_59' title='bbox 767 988 787 1022; x_wconf 74' lang='grc' dir='ltr'><strong>ε</strong></span> <span class='ocrx_word' id='word_1_60' title='bbox 828 966 892 1023; x_wconf 81' lang='grc' dir='ltr'><strong>Ὀ</strong></span> <span class='ocrx_word' id='word_1_61' title='bbox 936 968 995 1022; x_wconf 78' lang='grc' dir='ltr'><strong>δέ</strong></span> <span class='ocrx_word' id='word_1_62' title='bbox 1040 968 1393 1039; x_wconf 64' lang='grc' dir='ltr'>παρακύψας.</span> <span class='ocrx_word' id='word_1_63' title='bbox 1429 988 1448 1021; x_wconf 73' lang='grc' dir='ltr'><strong>ι</strong></span> <span class='ocrx_word' id='word_1_64' title='bbox 1493 968 1695 1022; x_wconf 80' lang='grc' dir='ltr'>Σκόπει</span> 
     </span>
    </p>
   </div>
   <div class='ocr_carea' id='block_1_11' title="bbox 127 1056 1696 1133">
    <p class='ocr_par' dir='ltr' id='par_1_11' title="bbox 127 1056 1696 1133">
     <span class='ocr_line' id='line_1_11' title="bbox 127 1056 1696 1133; baseline 0.001 -18"><span class='ocrx_word' id='word_1_65' title='bbox 127 1065 198 1115; x_wconf 78' lang='grc' dir='ltr'>ὅτι</span> <span class='ocrx_word' id='word_1_66' title='bbox 243 1061 587 1133; x_wconf 63' lang='grc' dir='ltr'>Παμκὺψας</span> <span class='ocrx_word' id='word_1_67' title='bbox 626 1058 799 1127; x_wconf 73' lang='grc' dir='ltr'>εἶπεν,</span> <span class='ocrx_word' id='word_1_68' title='bbox 838 1060 956 1115; x_wconf 73' lang='grc' dir='ltr'>ἀλλ’</span> <span class='ocrx_word' id='word_1_69' title='bbox 1003 1062 1103 1115; x_wconf 78' lang='grc' dir='ltr'><strong>οὐκ</strong></span> <span class='ocrx_word' id='word_1_70' title='bbox 1155 1056 1447 1116; x_wconf 81' lang='grc' dir='ltr'>Εἰσελθὼν.</span> <span class='ocrx_word' id='word_1_71' title='bbox 1493 1060 1552 1116; x_wconf 82' lang='grc' dir='ltr'>Ὀ</span> <span class='ocrx_word' id='word_1_72' title='bbox 1586 1062 1696 1132; x_wconf 77' lang='grc' dir='ltr'>γὰρ</span> 
     </span>
    </p>
   </div>
   <div class='ocr_carea' id='block_1_12' title="bbox 129 1151 1693 1224">
    <p class='ocr_par' dir='ltr' id='par_1_12' title="bbox 129 1151 1693 1224">
     <span class='ocr_line' id='line_1_12' title="bbox 129 1151 1693 1224; baseline -0.001 -18"><span class='ocrx_word' id='word_1_73' title='bbox 129 1154 492 1221; x_wconf 84' lang='grc' dir='ltr'>πνευματικδς</span> <span class='ocrx_word' id='word_1_74' title='bbox 536 1151 699 1223; x_wconf 90' lang='grc' dir='ltr'>νόμος</span> <span class='ocrx_word' id='word_1_75' title='bbox 752 1153 815 1205; x_wconf 82' lang='grc' dir='ltr'>τὺ</span> <span class='ocrx_word' id='word_1_76' title='bbox 859 1151 1051 1223; x_wconf 64' lang='grc' dir='ltr'>ἐφετὸν</span> <span class='ocrx_word' id='word_1_77' title='bbox 1079 1152 1355 1224; x_wconf 85' lang='grc' dir='ltr'>πανταχοῦ</span> <span class='ocrx_word' id='word_1_78' title='bbox 1384 1152 1477 1205; x_wconf 79' lang='grc' dir='ltr'>καὶ</span> <span class='ocrx_word' id='word_1_79' title='bbox 1520 1168 1693 1222; x_wconf 84' lang='grc' dir='ltr'>μεγα-</span> 
     </span>
    </p>
   </div>
   <div class='ocr_carea' id='block_1_13' title="bbox 125 1243 1695 1316">
    <p class='ocr_par' dir='ltr' id='par_1_13' title="bbox 125 1243 1695 1316">
     <span class='ocr_line' id='line_1_13' title="bbox 125 1243 1695 1316; baseline 0.001 -19"><span class='ocrx_word' id='word_1_80' title='bbox 125 1246 257 1298; x_wconf 81' lang='grc' dir='ltr'>λεῖον</span> <span class='ocrx_word' id='word_1_81' title='bbox 284 1244 465 1314; x_wconf 78' lang='grc' dir='ltr'>ἔχων,</span> <span class='ocrx_word' id='word_1_82' title='bbox 495 1245 598 1299; x_wconf 75' lang='grc' dir='ltr'>καὶ</span> <span class='ocrx_word' id='word_1_83' title='bbox 627 1246 723 1299; x_wconf 83' lang='grc' dir='ltr'>ἀπ’</span> <span class='ocrx_word' id='word_1_84' title='bbox 762 1243 936 1315; x_wconf 79' lang='grc' dir='ltr'>αὐτῆς</span> <span class='ocrx_word' id='word_1_85' title='bbox 984 1245 1082 1314; x_wconf 81' lang='grc' dir='ltr'>τῆς</span> <span class='ocrx_word' id='word_1_86' title='bbox 1129 1243 1391 1316; x_wconf 78' lang='grc' dir='ltr'><strong>βραχείας</strong></span> <span class='ocrx_word' id='word_1_87' title='bbox 1442 1246 1695 1316; x_wconf 77' lang='grc' dir='ltr'><strong>ἐντυχίας</strong></span> 
     </span>
    </p>
   </div>
   <div class='ocr_carea' id='block_1_14' title="bbox 125 1334 1694 1405">
    <p class='ocr_par' dir='ltr' id='par_1_14' title="bbox 125 1334 1694 1405">
     <span class='ocr_line' id='line_1_14' title="bbox 125 1334 1694 1405; baseline -0.001 -14"><span class='ocrx_word' id='word_1_88' title='bbox 125 1334 254 1391; x_wconf 78' lang='grc' dir='ltr'>οἶδεν</span> <span class='ocrx_word' id='word_1_89' title='bbox 279 1337 611 1405; x_wconf 75' lang='grc' dir='ltr'>ἐφέλκεσθαί</span> <span class='ocrx_word' id='word_1_90' title='bbox 652 1354 713 1390; x_wconf 91' lang='grc' dir='ltr'><strong>τε</strong></span> <span class='ocrx_word' id='word_1_91' title='bbox 749 1339 848 1391; x_wconf 77' lang='grc' dir='ltr'>καὶ</span> <span class='ocrx_word' id='word_1_92' title='bbox 872 1336 1223 1403; x_wconf 86' lang='grc' dir='ltr'>τελειοποεῖν,</span> <span class='ocrx_word' id='word_1_93' title='bbox 1254 1338 1348 1392; x_wconf 72' lang='grc' dir='ltr'>καὶ</span> <span class='ocrx_word' id='word_1_94' title='bbox 1374 1338 1469 1393; x_wconf 84' lang='grc' dir='ltr'><strong>ἀτε</strong></span> <span class='ocrx_word' id='word_1_95' title='bbox 1510 1338 1571 1391; x_wconf 82' lang='grc' dir='ltr'><strong>τὸ</strong></span> <span class='ocrx_word' id='word_1_96' title='bbox 1600 1338 1694 1391; x_wconf 79' lang='grc' dir='ltr'>τέ-</span> 
     </span>
    </p>
   </div>
   <div class='ocr_carea' id='block_1_15' title="bbox 125 1431 1694 1503">
    <p class='ocr_par' dir='ltr' id='par_1_15' title="bbox 125 1431 1694 1503">
     <span class='ocr_line' id='line_1_15' title="bbox 125 1431 1694 1503; baseline 0.001 -20"><span class='ocrx_word' id='word_1_97' title='bbox 125 1432 258 1485; x_wconf 81' lang='grc' dir='ltr'>λειον</span> <span class='ocrx_word' id='word_1_98' title='bbox 288 1431 432 1503; x_wconf 75' lang='grc' dir='ltr'><strong>ἔχων</strong></span> <span class='ocrx_word' id='word_1_99' title='bbox 452 1432 549 1486; x_wconf 73' lang='grc' dir='ltr'>καὶ</span> <span class='ocrx_word' id='word_1_100' title='bbox 577 1431 711 1503; x_wconf 74' lang='grc' dir='ltr'>περὶ</span> <span class='ocrx_word' id='word_1_101' title='bbox 743 1432 923 1486; x_wconf 79' lang='grc' dir='ltr'>πάντα</span> <span class='ocrx_word' id='word_1_102' title='bbox 957 1431 1264 1496; x_wconf 72' lang='grc' dir='ltr'>ἀνελλιπὲς,</span> <span class='ocrx_word' id='word_1_103' title='bbox 1282 1432 1378 1487; x_wconf 79' lang='grc' dir='ltr'>τοῦ</span> <span class='ocrx_word' id='word_1_104' title='bbox 1399 1432 1694 1498; x_wconf 79' lang='grc' dir='ltr'><strong>ἐνδοιάζειν</strong></span> 
     </span>
    </p>
   </div>
   <div class='ocr_carea' id='block_1_16' title="bbox 126 1520 1693 1595">
    <p class='ocr_par' dir='ltr' id='par_1_16' title="bbox 126 1520 1693 1595">
     <span class='ocr_line' id='line_1_16' title="bbox 126 1520 1693 1595; baseline 0.004 -22"><span class='ocrx_word' id='word_1_105' title='bbox 126 1520 242 1589; x_wconf 76' lang='grc' dir='ltr'>περί</span> <span class='ocrx_word' id='word_1_106' title='bbox 276 1540 329 1574; x_wconf 87' lang='grc' dir='ltr'><strong>τι</strong></span> <span class='ocrx_word' id='word_1_107' title='bbox 360 1522 469 1575; x_wconf 78' lang='grc' dir='ltr'><strong>τῶν</strong></span> <span class='ocrx_word' id='word_1_108' title='bbox 498 1524 557 1575; x_wconf 83' lang='grc' dir='ltr'><strong>ἐν</strong></span> <span class='ocrx_word' id='word_1_109' title='bbox 604 1520 754 1591; x_wconf 74' lang='grc' dir='ltr'>αὐτῷ</span> <span class='ocrx_word' id='word_1_110' title='bbox 807 1521 1125 1589; x_wconf 76' lang='grc' dir='ltr'>ἀπαλλάξας</span> <span class='ocrx_word' id='word_1_111' title='bbox 1153 1524 1243 1577; x_wconf 80' lang='grc' dir='ltr'><strong>τὸν</strong></span> <span class='ocrx_word' id='word_1_112' title='bbox 1276 1525 1693 1595; x_wconf 84' lang='grc' dir='ltr'>ἐντυγχάνοντα,</span> 
     </span>
    </p>
   </div>
   <div class='ocr_carea' id='block_1_17' title="bbox 125 1613 1693 1686">
    <p class='ocr_par' dir='ltr' id='par_1_17' title="bbox 125 1613 1693 1686">
     <span class='ocr_line' id='line_1_17' title="bbox 125 1613 1693 1686; baseline 0.005 -22"><span class='ocrx_word' id='word_1_113' title='bbox 125 1615 209 1665; x_wconf 72' lang='grc' dir='ltr'><strong>καὶ</strong></span> <span class='ocrx_word' id='word_1_114' title='bbox 260 1613 606 1682; x_wconf 78' lang='grc' dir='ltr'>παραμένειν</span> <span class='ocrx_word' id='word_1_115' title='bbox 663 1613 895 1668; x_wconf 79' lang='grc' dir='ltr'>πέπεικε</span> <span class='ocrx_word' id='word_1_116' title='bbox 940 1618 1053 1678; x_wconf 84' lang='grc' dir='ltr'>τοῖς</span> <span class='ocrx_word' id='word_1_117' title='bbox 1094 1615 1468 1686; x_wconf 70' lang='grc' dir='ltr'><strong>τεθεαμένοις.</strong></span> <span class='ocrx_word' id='word_1_118' title='bbox 1523 1636 1542 1670; x_wconf 79' lang='grc' dir='ltr'><strong>ι</strong></span> <span class='ocrx_word' id='word_1_119' title='bbox 1599 1619 1693 1681; x_wconf 74' lang='grc' dir='ltr'><strong>Εἰς</strong></span> 
     </span>
    </p>
   </div>
   <div class='ocr_carea' id='block_1_18' title="bbox 125 1703 1692 1776">
    <p class='ocr_par' dir='ltr' id='par_1_18' title="bbox 125 1703 1692 1776">
     <span class='ocr_line' id='line_1_18' title="bbox 125 1703 1692 1776; baseline 0.003 -22"><span class='ocrx_word' id='word_1_120' title='bbox 125 1704 279 1772; x_wconf 72' lang='grc' dir='ltr'>νόμον</span> <span class='ocrx_word' id='word_1_121' title='bbox 306 1704 535 1757; x_wconf 80' lang='grc' dir='ltr'>τέλειον.</span> <span class='ocrx_word' id='word_1_122' title='bbox 579 1722 599 1755; x_wconf 72' lang='grc' dir='ltr'><strong>ι</strong></span> <span class='ocrx_word' id='word_1_123' title='bbox 646 1703 865 1775; x_wconf 81' lang='grc' dir='ltr'>Ἐπειδὴ</span> <span class='ocrx_word' id='word_1_124' title='bbox 922 1706 1067 1775; x_wconf 83' lang='grc' dir='ltr'><strong>μέγα</strong></span> <span class='ocrx_word' id='word_1_125' title='bbox 1124 1706 1388 1776; x_wconf 70' lang='grc' dir='ltr'>ἐφρόνουν</span> <span class='ocrx_word' id='word_1_126' title='bbox 1450 1707 1692 1761; x_wconf 79' lang='grc' dir='ltr'>Ἰουδαῖοι</span> 
     </span>
    </p>
   </div>
   <div class='ocr_carea' id='block_1_19' title="bbox 124 1794 1693 1868">
    <p class='ocr_par' dir='ltr' id='par_1_19' title="bbox 124 1794 1693 1868">
     <span class='ocr_line' id='line_1_19' title="bbox 124 1794 1693 1868; baseline 0.003 -21"><span class='ocrx_word' id='word_1_127' title='bbox 124 1798 171 1847; x_wconf 77' lang='grc' dir='ltr'><strong>ἐν</strong></span> <span class='ocrx_word' id='word_1_128' title='bbox 216 1798 339 1857; x_wconf 78' lang='grc' dir='ltr'>ταῖς</span> <span class='ocrx_word' id='word_1_129' title='bbox 392 1794 489 1848; x_wconf 80' lang='grc' dir='ltr'>τοῦ</span> <span class='ocrx_word' id='word_1_130' title='bbox 542 1796 711 1867; x_wconf 90' lang='grc' dir='ltr'>νόμου</span> <span class='ocrx_word' id='word_1_131' title='bbox 745 1799 1187 1868; x_wconf 81' lang='grc' dir='ltr'>παρατηρήσεσι,</span> <span class='ocrx_word' id='word_1_132' title='bbox 1224 1799 1317 1851; x_wconf 81' lang='grc' dir='ltr'>καὶ</span> <span class='ocrx_word' id='word_1_133' title='bbox 1356 1798 1582 1862; x_wconf 85' lang='grc' dir='ltr'>ταύταις</span> <span class='ocrx_word' id='word_1_134' title='bbox 1632 1799 1693 1852; x_wconf 84' lang='grc' dir='ltr'>τὺ</span> 
     </span>
    </p>
   </div>
   <div class='ocr_carea' id='block_1_20' title="bbox 127 1866 1761 1959">
    <p class='ocr_par' dir='ltr' id='par_1_20' title="bbox 127 1866 1761 1959">
     <span class='ocr_line' id='line_1_20' title="bbox 127 1866 1761 1959; baseline 0.004 -23"><span class='ocrx_word' id='word_1_135' title='bbox 127 1889 225 1937; x_wconf 69' lang='grc' dir='ltr'><strong>πᾶ)</strong></span> <span class='ocrx_word' id='word_1_136' title='bbox 256 1889 356 1955; x_wconf 79' lang='grc' dir='ltr'>τῆς</span> <span class='ocrx_word' id='word_1_137' title='bbox 398 1885 530 1954; x_wconf 77' lang='grc' dir='ltr'>περὶ</span> <span class='ocrx_word' id='word_1_138' title='bbox 566 1883 701 1940; x_wconf 79' lang='grc' dir='ltr'>Θεὸν</span> <span class='ocrx_word' id='word_1_139' title='bbox 727 1866 1013 1949; x_wconf 75' lang='grc' dir='ltr'>εὐσεϐείας</span> <span class='ocrx_word' id='word_1_140' title='bbox 1030 1866 1344 1958; x_wconf 79' lang='grc' dir='ltr'>κατορθοῦν</span> <span class='ocrx_word' id='word_1_141' title='bbox 1378 1887 1565 1959; x_wconf 71' lang='grc' dir='ltr'>ᾤοντο.</span> <span class='ocrx_word' id='word_1_142' title='bbox 1595 1889 1691 1943; x_wconf 76' lang='grc' dir='ltr'>καὶ</span> <span class='ocrx_word' id='word_1_143' title='bbox 1724 1866 1761 1919; x_wconf 72' lang='grc' dir='ltr'><strong>Β</strong></span> 
     </span>
    </p>
   </div>
   <div class='ocr_carea' id='block_1_21' title="bbox 123 1975 1692 2050">
    <p class='ocr_par' dir='ltr' id='par_1_21' title="bbox 123 1975 1692 2050">
     <span class='ocr_line' id='line_1_21' title="bbox 123 1975 1692 2050; baseline 0.003 -22"><span class='ocrx_word' id='word_1_144' title='bbox 123 1977 244 2046; x_wconf 75' lang='grc' dir='ltr'>περὶ</span> <span class='ocrx_word' id='word_1_145' title='bbox 297 1975 504 2038; x_wconf 80' lang='grc' dir='ltr'>ταύτας</span> <span class='ocrx_word' id='word_1_146' title='bbox 575 1975 967 2046; x_wconf 75' lang='grc' dir='ltr'>ἀσχολούμενοι</span> <span class='ocrx_word' id='word_1_147' title='bbox 1018 1978 1204 2047; x_wconf 83' lang='grc' dir='ltr'>μόνας,</span> <span class='ocrx_word' id='word_1_148' title='bbox 1261 1978 1416 2032; x_wconf 73' lang='grc' dir='ltr'>αὐτοὶ</span> <span class='ocrx_word' id='word_1_149' title='bbox 1480 1979 1579 2050; x_wconf 74' lang='grc' dir='ltr'>μὲν</span> <span class='ocrx_word' id='word_1_150' title='bbox 1633 1979 1692 2032; x_wconf 82' lang='grc' dir='ltr'><strong>τὸ</strong></span> 
     </span>
    </p>
   </div>
   <div class='ocr_carea' id='block_1_22' title="bbox 124 2069 1693 2141">
    <p class='ocr_par' dir='ltr' id='par_1_22' title="bbox 124 2069 1693 2141">
     <span class='ocr_line' id='line_1_22' title="bbox 124 2069 1693 2141; baseline 0.002 -21"><span class='ocrx_word' id='word_1_151' title='bbox 124 2069 320 2120; x_wconf 82' lang='grc' dir='ltr'>τέλειον</span> <span class='ocrx_word' id='word_1_152' title='bbox 351 2069 562 2129; x_wconf 79' lang='grc' dir='ltr'>ἑαυτοῖς</span> <span class='ocrx_word' id='word_1_153' title='bbox 588 2069 1085 2138; x_wconf 82' lang='grc' dir='ltr'>περιπεποιηκέναι</span> <span class='ocrx_word' id='word_1_154' title='bbox 1111 2071 1437 2138; x_wconf 73' lang='grc' dir='ltr'>ἐλογίζοντο,</span> <span class='ocrx_word' id='word_1_155' title='bbox 1470 2070 1605 2141; x_wconf 78' lang='grc' dir='ltr'>πρὸς</span> <span class='ocrx_word' id='word_1_156' title='bbox 1633 2070 1693 2123; x_wconf 79' lang='grc' dir='ltr'><strong>δὲ</strong></span> 
     </span>
    </p>
   </div>
   <div class='ocr_carea' id='block_1_23' title="bbox 124 2158 1687 2232">
    <p class='ocr_par' dir='ltr' id='par_1_23' title="bbox 124 2158 1687 2232">
     <span class='ocr_line' id='line_1_23' title="bbox 124 2158 1687 2232; baseline 0.004 -24"><span class='ocrx_word' id='word_1_157' title='bbox 124 2160 237 2220; x_wconf 68' lang='grc' dir='ltr'>τοὺς</span> <span class='ocrx_word' id='word_1_158' title='bbox 268 2158 462 2221; x_wconf 79' lang='grc' dir='ltr'>ἄλλους</span> <span class='ocrx_word' id='word_1_159' title='bbox 496 2158 820 2228; x_wconf 79' lang='grc' dir='ltr'>ἀνθρώπους</span> <span class='ocrx_word' id='word_1_160' title='bbox 859 2161 1235 2232; x_wconf 73' lang='grc' dir='ltr'><strong>ὑπερηφάνως</strong></span> <span class='ocrx_word' id='word_1_161' title='bbox 1270 2161 1363 2215; x_wconf 74' lang='grc' dir='ltr'><strong>καὶ</strong></span> <span class='ocrx_word' id='word_1_162' title='bbox 1406 2160 1687 2214; x_wconf 84' lang='grc' dir='ltr'>ὀνειδιστι-</span> 
     </span>
    </p>
   </div>
   <div class='ocr_carea' id='block_1_24' title="bbox 125 2247 1693 2321">
    <p class='ocr_par' dir='ltr' id='par_1_24' title="bbox 125 2247 1693 2321">
     <span class='ocr_line' id='line_1_24' title="bbox 125 2247 1693 2321; baseline 0.002 -20"><span class='ocrx_word' id='word_1_163' title='bbox 125 2249 227 2308; x_wconf 78' lang='grc' dir='ltr'>κῶς</span> <span class='ocrx_word' id='word_1_164' title='bbox 252 2249 522 2302; x_wconf 77' lang='grc' dir='ltr'>διέκειντο</span> <span class='ocrx_word' id='word_1_165' title='bbox 543 2287 558 2311; x_wconf 91' lang='grc'><strong>,</strong></span> <span class='ocrx_word' id='word_1_166' title='bbox 597 2247 673 2311; x_wconf 85' lang='grc' dir='ltr'>ὡς</span> <span class='ocrx_word' id='word_1_167' title='bbox 714 2249 873 2319; x_wconf 74' lang='grc' dir='ltr'>δῆλον</span> <span class='ocrx_word' id='word_1_168' title='bbox 899 2250 1006 2304; x_wconf 81' lang='grc' dir='ltr'>ἀπὸ</span> <span class='ocrx_word' id='word_1_169' title='bbox 1034 2250 1128 2304; x_wconf 77' lang='grc' dir='ltr'>τοῦ</span> <span class='ocrx_word' id='word_1_170' title='bbox 1157 2252 1213 2304; x_wconf 81' lang='grc' dir='ltr'>ἐν</span> <span class='ocrx_word' id='word_1_171' title='bbox 1240 2251 1555 2321; x_wconf 82' lang='grc' dir='ltr'>Εὑαγγελίῳ</span> <span class='ocrx_word' id='word_1_172' title='bbox 1589 2267 1693 2320; x_wconf 63' lang='lat' dir='ltr'><strong>spa-</strong></span> 
     </span>
    </p>
   </div>
   <div class='ocr_carea' id='block_1_25' title="bbox 126 2334 1690 2414">
    <p class='ocr_par' dir='ltr' id='par_1_25' title="bbox 126 2334 1690 2414">
     <span class='ocr_line' id='line_1_25' title="bbox 126 2334 1690 2414; baseline 0.002 -20"><span class='ocrx_word' id='word_1_173' title='bbox 126 2342 332 2412; x_wconf 74' lang='grc' dir='ltr'>ρεσαίου</span> <span class='ocrx_word' id='word_1_174' title='bbox 383 2343 480 2395; x_wconf 73' lang='grc' dir='ltr'><strong>καὶ</strong></span> <span class='ocrx_word' id='word_1_175' title='bbox 513 2334 587 2395; x_wconf 83' lang='grc' dir='ltr'><strong>ὧν</strong></span> <span class='ocrx_word' id='word_1_176' title='bbox 622 2342 766 2396; x_wconf 85' lang='grc' dir='ltr'><strong>κατά</strong></span> <span class='ocrx_word' id='word_1_177' title='bbox 822 2342 917 2397; x_wconf 80' lang='grc' dir='ltr'>τοῦ</span> <span class='ocrx_word' id='word_1_178' title='bbox 974 2343 1209 2397; x_wconf 84' lang='grc' dir='ltr'>τελώνου</span> <span class='ocrx_word' id='word_1_179' title='bbox 1261 2342 1690 2414; x_wconf 68' lang='grc' dir='ltr'>ἀπηυθαδίσατοθ</span> 
     </span>
    </p>
   </div>
   <div class='ocr_carea' id='block_1_26' title="bbox 122 2434 1691 2506">
    <p class='ocr_par' dir='ltr' id='par_1_26' title="bbox 122 2434 1691 2506">
     <span class='ocr_line' id='line_1_26' title="bbox 122 2434 1691 2506; baseline 0.001 -21"><span class='ocrx_word' id='word_1_180' title='bbox 122 2435 323 2505; x_wconf 79' lang='grc' dir='ltr'>ταύτην</span> <span class='ocrx_word' id='word_1_181' title='bbox 349 2434 453 2505; x_wconf 78' lang='grc' dir='ltr'><strong>τὴν</strong></span> <span class='ocrx_word' id='word_1_182' title='bbox 495 2435 674 2505; x_wconf 87' lang='grc' dir='ltr'>οῖησιν</span> <span class='ocrx_word' id='word_1_183' title='bbox 714 2435 1095 2489; x_wconf 82' lang='grc' dir='ltr'>καταστέλλων</span> <span class='ocrx_word' id='word_1_184' title='bbox 1116 2435 1145 2487; x_wconf 85' lang='grc' dir='ltr'><strong>ό</strong></span> <span class='ocrx_word' id='word_1_185' title='bbox 1170 2435 1440 2506; x_wconf 84' lang='grc' dir='ltr'>μακάριος</span> <span class='ocrx_word' id='word_1_186' title='bbox 1503 2436 1691 2490; x_wconf 82' lang='grc' dir='ltr'>Ἰάκω-</span> 
     </span>
    </p>
   </div>
   <div class='ocr_carea' id='block_1_27' title="bbox 124 2527 1693 2601">
    <p class='ocr_par' dir='ltr' id='par_1_27' title="bbox 124 2527 1693 2601">
     <span class='ocr_line' id='line_1_27' title="bbox 124 2527 1693 2601; baseline 0.004 -23"><span class='ocrx_word' id='word_1_187' title='bbox 124 2527 207 2589; x_wconf 76' lang='grc' dir='ltr'><strong>όος</strong></span> <span class='ocrx_word' id='word_1_188' title='bbox 257 2528 327 2580; x_wconf 71' lang='grc' dir='ltr'>τὰ</span> <span class='ocrx_word' id='word_1_189' title='bbox 373 2528 714 2598; x_wconf 82' lang='grc' dir='ltr'>προκείμενά</span> <span class='ocrx_word' id='word_1_190' title='bbox 762 2546 914 2600; x_wconf 82' lang='grc' dir='ltr'>φησι.</span> <span class='ocrx_word' id='word_1_191' title='bbox 972 2530 1247 2601; x_wconf 83' lang='grc' dir='ltr'>Μνησθεὶς</span> <span class='ocrx_word' id='word_1_192' title='bbox 1308 2531 1419 2600; x_wconf 86' lang='grc' dir='ltr'><strong>γάρ</strong></span> <span class='ocrx_word' id='word_1_193' title='bbox 1468 2530 1693 2601; x_wconf 86' lang='grc' dir='ltr'>ποιητοῦ</span> 
     </span>
    </p>
   </div>
   <div class='ocr_carea' id='block_1_28' title="bbox 130 2621 1696 2692">
    <p class='ocr_par' dir='ltr' id='par_1_28' title="bbox 130 2621 1696 2692">
     <span class='ocr_line' id='line_1_28' title="bbox 130 2621 1696 2692; baseline 0.006 -23"><span class='ocrx_word' id='word_1_194' title='bbox 130 2621 303 2689; x_wconf 72' lang='grc' dir='ltr'>ἕργων</span> <span class='ocrx_word' id='word_1_195' title='bbox 342 2621 441 2673; x_wconf 85' lang='grc' dir='ltr'>καὶ</span> <span class='ocrx_word' id='word_1_196' title='bbox 497 2621 809 2691; x_wconf 79' lang='grc' dir='ltr'>μακαρίσας</span> <span class='ocrx_word' id='word_1_197' title='bbox 857 2622 1050 2687; x_wconf 72' lang='grc' dir='ltr'>αὑτὸν,</span> <span class='ocrx_word' id='word_1_198' title='bbox 1098 2622 1491 2692; x_wconf 69' lang='grc' dir='ltr'>ἐπανορθοῦται</span> <span class='ocrx_word' id='word_1_199' title='bbox 1536 2625 1696 2686; x_wconf 72' lang='grc' dir='ltr'>εὐθὺς</span> 
     </span>
    </p>
   </div>
   <div class='ocr_carea' id='block_1_29' title="bbox 126 2712 1695 2784">
    <p class='ocr_par' dir='ltr' id='par_1_29' title="bbox 126 2712 1695 2784">
     <span class='ocr_line' id='line_1_29' title="bbox 126 2712 1695 2784; baseline 0.003 -20"><span class='ocrx_word' id='word_1_200' title='bbox 126 2713 208 2765; x_wconf 70' lang='grc' dir='ltr'>καὶ</span> <span class='ocrx_word' id='word_1_201' title='bbox 238 2712 301 2764; x_wconf 82' lang='grc' dir='ltr'>τὸ</span> <span class='ocrx_word' id='word_1_202' title='bbox 325 2713 385 2765; x_wconf 88' lang='grc' dir='ltr'><strong>ἐν</strong></span> <span class='ocrx_word' id='word_1_203' title='bbox 411 2713 479 2782; x_wconf 80' lang='grc' dir='ltr'>τῇ</span> <span class='ocrx_word' id='word_1_204' title='bbox 506 2712 723 2782; x_wconf 77' lang='grc' dir='ltr'>ποιήσει</span> <span class='ocrx_word' id='word_1_205' title='bbox 758 2712 910 2783; x_wconf 83' lang='grc' dir='ltr'><strong>παρά</strong></span> <span class='ocrx_word' id='word_1_206' title='bbox 936 2714 1046 2775; x_wconf 84' lang='grc' dir='ltr'>τοῖς</span> <span class='ocrx_word' id='word_1_207' title='bbox 1084 2712 1299 2775; x_wconf 78' lang='grc' dir='ltr'>πολλοῖς</span> <span class='ocrx_word' id='word_1_208' title='bbox 1332 2714 1695 2784; x_wconf 70' lang='grc' dir='ltr'>ἐπιφυόμενον</span> 
     </span>
    </p>
   </div>
   <div class='ocr_carea' id='block_1_30' title="bbox 124 2802 1697 2877">
    <p class='ocr_par' dir='ltr' id='par_1_30' title="bbox 124 2802 1697 2877">
     <span class='ocr_line' id='line_1_30' title="bbox 124 2802 1697 2877; baseline 0.003 -22"><span class='ocrx_word' id='word_1_209' title='bbox 124 2802 307 2867; x_wconf 79' lang='grc' dir='ltr'>κικὺν,</span> <span class='ocrx_word' id='word_1_210' title='bbox 340 2802 438 2855; x_wconf 78' lang='grc' dir='ltr'><strong>καί</strong></span> <span class='ocrx_word' id='word_1_211' title='bbox 467 2817 635 2872; x_wconf 82' lang='grc' dir='ltr'>φησι’</span> <span class='ocrx_word' id='word_1_212' title='bbox 664 2802 754 2871; x_wconf 74' lang='grc' dir='ltr'><strong>Μὴ</strong></span> <span class='ocrx_word' id='word_1_213' title='bbox 786 2802 1158 2872; x_wconf 72' lang='grc' dir='ltr'>ὑπολάμϐανε,</span> <span class='ocrx_word' id='word_1_214' title='bbox 1198 2806 1226 2859; x_wconf 83' lang='grc' dir='ltr'>ὁ</span> <span class='ocrx_word' id='word_1_215' title='bbox 1251 2804 1359 2858; x_wconf 81' lang='grc' dir='ltr'><strong>ἀπὸ</strong></span> <span class='ocrx_word' id='word_1_216' title='bbox 1388 2805 1488 2876; x_wconf 84' lang='grc' dir='ltr'>τῆς</span> <span class='ocrx_word' id='word_1_217' title='bbox 1542 2808 1697 2877; x_wconf 84' lang='grc' dir='ltr'>ποιή-</span> 
     </span>
    </p>
   </div>
   <div class='ocr_carea' id='block_1_31' title="bbox 125 2892 1695 2967">
    <p class='ocr_par' dir='ltr' id='par_1_31' title="bbox 125 2892 1695 2967">
     <span class='ocr_line' id='line_1_31' title="bbox 125 2892 1695 2967; baseline 0.003 -22"><span class='ocrx_word' id='word_1_218' title='bbox 125 2911 253 2956; x_wconf 85' lang='grc' dir='ltr'>σεως</span> <span class='ocrx_word' id='word_1_219' title='bbox 296 2892 393 2946; x_wconf 80' lang='grc' dir='ltr'>τοῦ</span> <span class='ocrx_word' id='word_1_220' title='bbox 440 2894 608 2964; x_wconf 88' lang='grc' dir='ltr'>νόμου</span> <span class='ocrx_word' id='word_1_221' title='bbox 654 2894 836 2963; x_wconf 82' lang='grc' dir='ltr'>λαχὼν</span> <span class='ocrx_word' id='word_1_222' title='bbox 888 2894 949 2946; x_wconf 82' lang='grc' dir='ltr'><strong>τὸ</strong></span> <span class='ocrx_word' id='word_1_223' title='bbox 1002 2895 1304 2963; x_wconf 78' lang='grc' dir='ltr'>μακάριον,</span> <span class='ocrx_word' id='word_1_224' title='bbox 1351 2895 1427 2960; x_wconf 87' lang='grc' dir='ltr'>ὡς</span> <span class='ocrx_word' id='word_1_225' title='bbox 1476 2898 1612 2967; x_wconf 87' lang='grc' dir='ltr'>μόνη</span> <span class='ocrx_word' id='word_1_226' title='bbox 1668 2898 1695 2967; x_wconf 68' lang='grc' dir='ltr'>ἡ</span> 
     </span>
    </p>
   </div>
   <div class='ocr_carea' id='block_1_32' title="bbox 126 2983 1696 3060">
    <p class='ocr_par' dir='ltr' id='par_1_32' title="bbox 126 2983 1696 3060">
     <span class='ocr_line' id='line_1_32' title="bbox 126 2983 1696 3060; baseline 0.004 -23"><span class='ocrx_word' id='word_1_227' title='bbox 126 2986 336 3053; x_wconf 66' lang='grc' dir='ltr'>ποίησις</span> <span class='ocrx_word' id='word_1_228' title='bbox 372 2984 489 3054; x_wconf 79' lang='grc' dir='ltr'>εχει</span> <span class='ocrx_word' id='word_1_229' title='bbox 537 2985 634 3037; x_wconf 80' lang='grc' dir='ltr'>καὶ</span> <span class='ocrx_word' id='word_1_230' title='bbox 680 2985 742 3037; x_wconf 72' lang='grc' dir='ltr'>τὸ</span> <span class='ocrx_word' id='word_1_231' title='bbox 787 2983 1086 3038; x_wconf 81' lang='grc' dir='ltr'>ἀπόδεκτον</span> <span class='ocrx_word' id='word_1_232' title='bbox 1110 2984 1263 3054; x_wconf 83' lang='grc' dir='ltr'><strong>παρά</strong></span> <span class='ocrx_word' id='word_1_233' title='bbox 1288 2984 1427 3056; x_wconf 86' lang='grc' dir='ltr'><strong>Θεῷ.</strong></span> <span class='ocrx_word' id='word_1_234' title='bbox 1454 2987 1528 3041; x_wconf 75' lang='grc' dir='ltr'>Οὐ</span> <span class='ocrx_word' id='word_1_235' title='bbox 1562 2988 1696 3060; x_wconf 76' lang='grc' dir='ltr'>γάρ’</span> 
     </span>
    </p>
   </div>
   <div class='ocr_carea' id='block_1_33' title="bbox 124 3075 1695 3148">
    <p class='ocr_par' dir='ltr' id='par_1_33' title="bbox 124 3075 1695 3148">
     <span class='ocr_line' id='line_1_33' title="bbox 124 3075 1695 3148; baseline 0.004 -21"><span class='ocrx_word' id='word_1_236' title='bbox 124 3078 227 3128; x_wconf 64' lang='grc' dir='ltr'>ἀλλ’</span> <span class='ocrx_word' id='word_1_237' title='bbox 262 3079 475 3139; x_wconf 80' lang='grc' dir='ltr'>ἐκεῖνος</span> <span class='ocrx_word' id='word_1_238' title='bbox 529 3078 558 3129; x_wconf 84' lang='grc' dir='ltr'><strong>ό</strong></span> <span class='ocrx_word' id='word_1_239' title='bbox 606 3075 747 3145; x_wconf 81' lang='grc' dir='ltr'><strong>μετά</strong></span> <span class='ocrx_word' id='word_1_240' title='bbox 793 3075 889 3130; x_wconf 77' lang='grc' dir='ltr'>τοῦ</span> <span class='ocrx_word' id='word_1_241' title='bbox 920 3078 1116 3143; x_wconf 79' lang='grc' dir='ltr'>ποιεῖν,</span> <span class='ocrx_word' id='word_1_242' title='bbox 1146 3077 1219 3148; x_wconf 81' lang='grc' dir='ltr'>μὴ</span> <span class='ocrx_word' id='word_1_243' title='bbox 1268 3078 1695 3143; x_wconf 81' lang='grc' dir='ltr'>ἐξονειδιστικῶς</span> 
     </span>
    </p>
   </div>
   <div class='ocr_carea' id='block_1_34' title="bbox 123 3171 1761 3261">
    <p class='ocr_par' dir='ltr' id='par_1_34' title="bbox 123 3171 1761 3261">
     <span class='ocr_line' id='line_1_34' title="bbox 123 3171 1761 3261; baseline 0.005 -38"><span class='ocrx_word' id='word_1_244' title='bbox 123 3171 222 3224; x_wconf 81' lang='grc' dir='ltr'><strong>τῶν</strong></span> <span class='ocrx_word' id='word_1_245' title='bbox 285 3172 465 3226; x_wconf 73' lang='grc' dir='ltr'>ἄλλων</span> <span class='ocrx_word' id='word_1_246' title='bbox 535 3172 669 3241; x_wconf 81' lang='grc' dir='ltr'><strong>μηδέ</strong></span> <span class='ocrx_word' id='word_1_247' title='bbox 719 3172 1153 3244; x_wconf 81' lang='grc' dir='ltr'>ἀφιλανθρώπως</span> <span class='ocrx_word' id='word_1_248' title='bbox 1197 3174 1333 3245; x_wconf 81' lang='grc' dir='ltr'>πρὸς</span> <span class='ocrx_word' id='word_1_249' title='bbox 1379 3176 1506 3240; x_wconf 83' lang='grc' dir='ltr'>τοὺς</span> <span class='ocrx_word' id='word_1_250' title='bbox 1560 3175 1691 3247; x_wconf 85' lang='grc' dir='ltr'>ὁμο·</span> <span class='ocrx_word' id='word_1_251' title='bbox 1717 3199 1761 3261; x_wconf 77' lang='lat' dir='ltr'><strong>c</strong></span> 
     </span>
    </p>
   </div>
   <div class='ocr_carea' id='block_1_35' title="bbox 124 3262 1691 3336">
    <p class='ocr_par' dir='ltr' id='par_1_35' title="bbox 124 3262 1691 3336">
     <span class='ocr_line' id='line_1_35' title="bbox 124 3262 1691 3336; baseline 0.006 -22"><span class='ocrx_word' id='word_1_252' title='bbox 124 3267 301 3328; x_wconf 85' lang='grc' dir='ltr'>γενείς</span> <span class='ocrx_word' id='word_1_253' title='bbox 330 3262 747 3334; x_wconf 81' lang='grc' dir='ltr'>διακείμενος,·‹</span> <span class='ocrx_word' id='word_1_254' title='bbox 781 3264 885 3317; x_wconf 83' lang='grc' dir='ltr'><strong>Τὸν</strong></span> <span class='ocrx_word' id='word_1_255' title='bbox 929 3264 1030 3335; x_wconf 83' lang='grc' dir='ltr'><strong>τῆς</strong></span> <span class='ocrx_word' id='word_1_256' title='bbox 1071 3264 1403 3336; x_wconf 82' lang='grc' dir='ltr'>ἐλευθερίας.</span> <span class='ocrx_word' id='word_1_257' title='bbox 1444 3287 1464 3321; x_wconf 65' lang='grc' dir='ltr'><strong>ε</strong></span> <span class='ocrx_word' id='word_1_258' title='bbox 1505 3268 1691 3323; x_wconf 79' lang='grc' dir='ltr'>Είπὼν</span> 
     </span>
    </p>
   </div>
   <div class='ocr_carea' id='block_1_36' title="bbox 124 3354 1691 3432">
    <p class='ocr_par' dir='ltr' id='par_1_36' title="bbox 124 3354 1691 3432">
     <span class='ocr_line' id='line_1_36' title="bbox 124 3354 1691 3432; baseline 0.006 -25"><span class='ocrx_word' id='word_1_259' title='bbox 124 3354 297 3423; x_wconf 67' lang='grc' dir='ltr'>Νόμαν</span> <span class='ocrx_word' id='word_1_260' title='bbox 323 3354 553 3419; x_wconf 78' lang='grc' dir='ltr'>τέλειον,</span> <span class='ocrx_word' id='word_1_261' title='bbox 582 3356 877 3426; x_wconf 78' lang='grc' dir='ltr'>ἐπήνεγκε,</span> <span class='ocrx_word' id='word_1_262' title='bbox 920 3356 1022 3409; x_wconf 75' lang='grc' dir='ltr'><strong>Τὸν</strong></span> <span class='ocrx_word' id='word_1_263' title='bbox 1068 3360 1167 3427; x_wconf 76' lang='grc' dir='ltr'>τῆς</span> <span class='ocrx_word' id='word_1_264' title='bbox 1212 3358 1544 3431; x_wconf 77' lang='grc' dir='ltr'>ἐλευθερίας,</span> <span class='ocrx_word' id='word_1_265' title='bbox 1590 3362 1691 3432; x_wconf 75' lang='grc' dir='ltr'><strong>τὴν</strong></span> 
     </span>
    </p>
   </div>
   <div class='ocr_carea' id='block_1_37' title="bbox 125 3445 1692 3524">
    <p class='ocr_par' dir='ltr' id='par_1_37' title="bbox 125 3445 1692 3524">
     <span class='ocr_line' id='line_1_37' title="bbox 125 3445 1692 3524; baseline 0.006 -26"><span class='ocrx_word' id='word_1_266' title='bbox 125 3445 435 3517; x_wconf 74' lang='grc' dir='ltr'>ἐλευθερίαν</span> <span class='ocrx_word' id='word_1_267' title='bbox 473 3447 750 3518; x_wconf 74' lang='grc' dir='ltr'>ἐπίσημον</span> <span class='ocrx_word' id='word_1_268' title='bbox 778 3448 942 3502; x_wconf 78' lang='grc' dir='ltr'>αὐτοῦ</span> <span class='ocrx_word' id='word_1_269' title='bbox 964 3448 1307 3519; x_wconf 86' lang='grc' dir='ltr'>ποιούμενος.</span> <span class='ocrx_word' id='word_1_270' title='bbox 1327 3451 1384 3505; x_wconf 84' lang='grc' dir='ltr'><em>Ὀ</em></span> <span class='ocrx_word' id='word_1_271' title='bbox 1416 3452 1526 3524; x_wconf 82' lang='grc' dir='ltr'>γὰρ</span> <span class='ocrx_word' id='word_1_272' title='bbox 1552 3455 1692 3509; x_wconf 89' lang='grc' dir='ltr'><strong>κατά</strong></span> 
     </span>
    </p>
   </div>
   <div class='ocr_carea' id='block_1_38' title="bbox 124 3538 1691 3615">
    <p class='ocr_par' dir='ltr' id='par_1_38' title="bbox 124 3538 1691 3615">
     <span class='ocr_line' id='line_1_38' title="bbox 124 3538 1691 3615; baseline 0.006 -25"><span class='ocrx_word' id='word_1_273' title='bbox 124 3538 352 3606; x_wconf 71' lang='grc' dir='ltr'>Χριστὸν</span> <span class='ocrx_word' id='word_1_274' title='bbox 386 3539 571 3609; x_wconf 84' lang='grc' dir='ltr'>νόμος,</span> <span class='ocrx_word' id='word_1_275' title='bbox 590 3539 691 3608; x_wconf 85' lang='grc' dir='ltr'>τῆς</span> <span class='ocrx_word' id='word_1_276' title='bbox 720 3541 847 3611; x_wconf 79' lang='grc' dir='ltr'>περὶ</span> <span class='ocrx_word' id='word_1_277' title='bbox 876 3543 982 3595; x_wconf 76' lang='grc' dir='ltr'><strong>πᾶν</strong></span> <span class='ocrx_word' id='word_1_278' title='bbox 1004 3541 1063 3595; x_wconf 83' lang='grc' dir='ltr'><strong>τὸ</strong></span> <span class='ocrx_word' id='word_1_279' title='bbox 1090 3543 1350 3615; x_wconf 85' lang='grc' dir='ltr'>σαρκικὸν</span> <span class='ocrx_word' id='word_1_280' title='bbox 1378 3544 1691 3615; x_wconf 77' lang='grc' dir='ltr'>ἀπήλλάξας</span> 
     </span>
    </p>
   </div>
   <div class='ocr_carea' id='block_1_39' title="bbox 124 3628 1710 3709">
    <p class='ocr_par' dir='ltr' id='par_1_39' title="bbox 124 3628 1710 3709">
     <span class='ocr_line' id='line_1_39' title="bbox 124 3628 1710 3709; baseline 0.011 -33"><span class='ocrx_word' id='word_1_281' title='bbox 124 3628 397 3694; x_wconf 68' lang='grc' dir='ltr'>δουλείας,</span> <span class='ocrx_word' id='word_1_282' title='bbox 446 3630 860 3702; x_wconf 75' lang='grc' dir='ltr'>σαὸεατισμῶν,</span> <span class='ocrx_word' id='word_1_283' title='bbox 918 3634 1009 3686; x_wconf 76' lang='grc' dir='ltr'><strong>καὶ</strong></span> <span class='ocrx_word' id='word_1_284' title='bbox 1064 3636 1388 3705; x_wconf 78' lang='grc' dir='ltr'>περιτομῆς,</span> <span class='ocrx_word' id='word_1_285' title='bbox 1438 3638 1533 3689; x_wconf 77' lang='grc' dir='ltr'>καὶ</span> <span class='ocrx_word' id='word_1_286' title='bbox 1591 3639 1710 3709; x_wconf 75' lang='grc' dir='ltr'><strong>τῆςΔ</strong></span> 
     </span>
    </p>
   </div>
   <div class='ocr_carea' id='block_1_40' title="bbox 124 3718 1690 3799">
    <p class='ocr_par' dir='ltr' id='par_1_40' title="bbox 124 3718 1690 3799">
     <span class='ocr_line' id='line_1_40' title="bbox 124 3718 1690 3799; baseline 0.006 -29"><span class='ocrx_word' id='word_1_287' title='bbox 124 3720 244 3787; x_wconf 74' lang='grc' dir='ltr'>περὶ</span> <span class='ocrx_word' id='word_1_288' title='bbox 274 3719 405 3783; x_wconf 77' lang='grc' dir='ltr'>τοὺς</span> <span class='ocrx_word' id='word_1_289' title='bbox 441 3718 635 3784; x_wconf 82' lang='grc' dir='ltr'>ἄλλους</span> <span class='ocrx_word' id='word_1_290' title='bbox 665 3722 965 3791; x_wconf 81' lang='grc' dir='ltr'>ἀγνισμοὺς</span> <span class='ocrx_word' id='word_1_291' title='bbox 1004 3721 1277 3794; x_wconf 85' lang='grc' dir='ltr'>λατρείας,</span> <span class='ocrx_word' id='word_1_292' title='bbox 1312 3726 1371 3776; x_wconf 92' lang='grc' dir='ltr'>ἐν</span> <span class='ocrx_word' id='word_1_293' title='bbox 1406 3725 1690 3799; x_wconf 76' lang='grc' dir='ltr'>ἐλευθερίᾳ</span> 
     </span>
    </p>
   </div>
   <div class='ocr_carea' id='block_1_41' title="bbox 122 3805 1691 3883">
    <p class='ocr_par' dir='ltr' id='par_1_41' title="bbox 122 3805 1691 3883">
     <span class='ocr_line' id='line_1_41' title="bbox 122 3805 1691 3883; baseline 0.007 -24"><span class='ocrx_word' id='word_1_294' title='bbox 122 3807 321 3861; x_wconf 73' lang='grc' dir='ltr'>τούτων</span> <span class='ocrx_word' id='word_1_295' title='bbox 345 3810 443 3861; x_wconf 79' lang='grc' dir='ltr'><strong>καὶ</strong></span> <span class='ocrx_word' id='word_1_296' title='bbox 475 3810 660 3863; x_wconf 72' lang='grc' dir='ltr'>ἀνέσει</span> <span class='ocrx_word' id='word_1_297' title='bbox 680 3811 773 3864; x_wconf 80' lang='grc' dir='ltr'>τὸν</span> <span class='ocrx_word' id='word_1_298' title='bbox 796 3811 1090 3881; x_wconf 81' lang='grc' dir='ltr'>προσιόντα</span> <span class='ocrx_word' id='word_1_299' title='bbox 1116 3805 1426 3883; x_wconf 79' lang='grc' dir='ltr'>καθίστησι.</span> <span class='ocrx_word' id='word_1_300' title='bbox 1464 3817 1573 3869; x_wconf 78' lang='grc' dir='ltr'><strong>Καὶ</strong></span> <span class='ocrx_word' id='word_1_301' title='bbox 1602 3817 1691 3871; x_wconf 84' lang='grc' dir='ltr'><strong>διὰ</strong></span> 
     </span>
    </p>
   </div>
   <div class='ocr_carea' id='block_1_42' title="bbox 124 3897 1689 3975">
    <p class='ocr_par' dir='ltr' id='par_1_42' title="bbox 124 3897 1689 3975">
     <span class='ocr_line' id='line_1_42' title="bbox 124 3897 1689 3975; baseline 0.008 -27"><span class='ocrx_word' id='word_1_302' title='bbox 124 3897 178 3949; x_wconf 65' lang='grc' dir='ltr'><strong>τό</strong></span> <span class='ocrx_word' id='word_1_303' title='bbox 211 3898 545 3968; x_wconf 79' lang='grc' dir='ltr'>ἐλευθέριον,</span> <span class='ocrx_word' id='word_1_304' title='bbox 579 3900 675 3953; x_wconf 72' lang='grc' dir='ltr'><strong>καὶ</strong></span> <span class='ocrx_word' id='word_1_305' title='bbox 704 3898 765 3952; x_wconf 87' lang='grc' dir='ltr'>τδ</span> <span class='ocrx_word' id='word_1_306' title='bbox 795 3899 905 3952; x_wconf 80' lang='grc' dir='ltr'>ἀπὸ</span> <span class='ocrx_word' id='word_1_307' title='bbox 956 3899 1058 3970; x_wconf 80' lang='grc' dir='ltr'><strong>τῆς</strong></span> <span class='ocrx_word' id='word_1_308' title='bbox 1101 3900 1415 3973; x_wconf 80' lang='grc' dir='ltr'>ἐλευθερίας</span> <span class='ocrx_word' id='word_1_309' title='bbox 1444 3905 1564 3975; x_wconf 77' lang='grc' dir='ltr'>ἡδὺ,</span> <span class='ocrx_word' id='word_1_310' title='bbox 1595 3907 1689 3961; x_wconf 77' lang='grc' dir='ltr'><strong>καὶ</strong></span> 
     </span>
    </p>
   </div>
   <div class='ocr_carea' id='block_1_43' title="bbox 124 3992 1689 4070">
    <p class='ocr_par' dir='ltr' id='par_1_43' title="bbox 124 3992 1689 4070">
     <span class='ocr_line' id='line_1_43' title="bbox 124 3992 1689 4070; baseline 0.01 -31"><span class='ocrx_word' id='word_1_311' title='bbox 124 3992 483 4061; x_wconf 64' lang='grc' dir='ltr'>προσεκτικδν</span> <span class='ocrx_word' id='word_1_312' title='bbox 516 3992 809 4063; x_wconf 75' lang='grc' dir='ltr'>εἰργάσατο</span> <span class='ocrx_word' id='word_1_313' title='bbox 843 3992 1052 4060; x_wconf 80' lang='grc' dir='ltr'>τοῦτον,</span> <span class='ocrx_word' id='word_1_314' title='bbox 1081 3997 1175 4048; x_wconf 82' lang='grc' dir='ltr'>καὶ</span> <span class='ocrx_word' id='word_1_315' title='bbox 1218 3997 1317 4067; x_wconf 79' lang='grc' dir='ltr'><strong>τῆς</strong></span> <span class='ocrx_word' id='word_1_316' title='bbox 1354 3998 1689 4070; x_wconf 79' lang='grc' dir='ltr'>λυμαινομέ-</span> 
     </span>
    </p>
   </div>
   <div class='ocr_carea' id='block_1_44' title="bbox 125 4082 1691 4159">
    <p class='ocr_par' dir='ltr' id='par_1_44' title="bbox 125 4082 1691 4159">
     <span class='ocr_line' id='line_1_44' title="bbox 125 4082 1691 4159; baseline 0.007 -27"><span class='ocrx_word' id='word_1_317' title='bbox 125 4098 215 4150; x_wconf 84' lang='grc' dir='ltr'><strong>νης</strong></span> <span class='ocrx_word' id='word_1_318' title='bbox 242 4082 420 4136; x_wconf 70' lang='grc' dir='ltr'>ἅπασι</span> <span class='ocrx_word' id='word_1_319' title='bbox 449 4084 564 4146; x_wconf 87' lang='grc' dir='ltr'>τοῖς</span> <span class='ocrx_word' id='word_1_320' title='bbox 602 4084 787 4147; x_wconf 78' lang='grc' dir='ltr'>καλοῖς</span> <span class='ocrx_word' id='word_1_321' title='bbox 818 4085 1127 4156; x_wconf 78' lang='grc' dir='ltr'>ἀπήλλαξεν</span> <span class='ocrx_word' id='word_1_322' title='bbox 1162 4087 1554 4159; x_wconf 81' lang='grc' dir='ltr'>ἐπιλησμονῆς.</span> <span class='ocrx_word' id='word_1_323' title='bbox 1588 4091 1691 4143; x_wconf 78' lang='grc' dir='ltr'><strong>Οὐ-</strong></span> 
     </span>
    </p>
   </div>
   <div class='ocr_carea' id='block_1_45' title="bbox 125 4170 1691 4254">
    <p class='ocr_par' dir='ltr' id='par_1_45' title="bbox 125 4170 1691 4254">
     <span class='ocr_line' id='line_1_45' title="bbox 125 4170 1691 4254; baseline 0.007 -32"><span class='ocrx_word' id='word_1_324' title='bbox 125 4170 205 4222; x_wconf 67' lang='grc' dir='ltr'><strong>δὲν</strong></span> <span class='ocrx_word' id='word_1_325' title='bbox 226 4173 337 4242; x_wconf 83' lang='grc' dir='ltr'>γὰρ</span> <span class='ocrx_word' id='word_1_326' title='bbox 364 4172 512 4226; x_wconf 70' lang='grc' dir='ltr'>οὕτω</span> <span class='ocrx_word' id='word_1_327' title='bbox 555 4174 910 4245; x_wconf 82' lang='grc' dir='ltr'>περιέχεσθαί</span> <span class='ocrx_word' id='word_1_328' title='bbox 945 4194 1088 4241; x_wconf 85' lang='grc' dir='ltr'>τινος</span> <span class='ocrx_word' id='word_1_329' title='bbox 1130 4177 1332 4244; x_wconf 84' lang='grc' dir='ltr'>πείθει,</span> <span class='ocrx_word' id='word_1_330' title='bbox 1364 4179 1439 4243; x_wconf 87' lang='grc' dir='ltr'><strong>ὡς</strong></span> <span class='ocrx_word' id='word_1_331' title='bbox 1474 4180 1536 4232; x_wconf 80' lang='grc' dir='ltr'>τὸ</span> <span class='ocrx_word' id='word_1_332' title='bbox 1567 4182 1691 4254; x_wconf 77' lang='grc' dir='ltr'>περὶ</span> 
     </span>
    </p>
   </div>
   <div class='ocr_carea' id='block_1_46' title="bbox 127 4262 1687 4343">
    <p class='ocr_par' dir='ltr' id='par_1_46' title="bbox 127 4262 1687 4343">
     <span class='ocr_line' id='line_1_46' title="bbox 127 4262 1687 4343; baseline 0.008 -30"><span class='ocrx_word' id='word_1_333' title='bbox 127 4262 179 4313; x_wconf 67' lang='grc' dir='ltr'>τὸ</span> <span class='ocrx_word' id='word_1_334' title='bbox 210 4265 447 4333; x_wconf 75' lang='grc' dir='ltr'>πρᾶγμα</span> <span class='ocrx_word' id='word_1_335' title='bbox 474 4264 911 4336; x_wconf 77' lang='grc' dir='ltr'>ἐνθεωρούμενον</span> <span class='ocrx_word' id='word_1_336' title='bbox 941 4266 1132 4322; x_wconf 80' lang='grc' dir='ltr'>ἄνετόν</span> <span class='ocrx_word' id='word_1_337' title='bbox 1160 4285 1220 4322; x_wconf 81' lang='grc' dir='ltr'><strong>τε</strong></span> <span class='ocrx_word' id='word_1_338' title='bbox 1249 4270 1345 4323; x_wconf 79' lang='grc' dir='ltr'>καὶ</span> <span class='ocrx_word' id='word_1_339' title='bbox 1362 4270 1687 4343; x_wconf 81' lang='grc' dir='ltr'>ἐλευθέριον.</span> 
     </span>
    </p>
   </div>
   <div class='ocr_carea' id='block_1_47' title="bbox 127 4352 1693 4431">
    <p class='ocr_par' dir='ltr' id='par_1_47' title="bbox 127 4352 1693 4431">
     <span class='ocr_line' id='line_1_47' title="bbox 127 4352 1693 4431; baseline 0.008 -30"><span class='ocrx_word' id='word_1_340' title='bbox 127 4352 350 4421; x_wconf 71' lang='grc' dir='ltr'>[προσέτι</span> <span class='ocrx_word' id='word_1_341' title='bbox 367 4354 467 4406; x_wconf 74' lang='grc' dir='ltr'><strong>καὶ</strong></span> <span class='ocrx_word' id='word_1_342' title='bbox 490 4354 759 4425; x_wconf 81' lang='grc' dir='ltr'>μακάριον</span> <span class='ocrx_word' id='word_1_343' title='bbox 775 4356 1023 4426; x_wconf 76' lang='grc' dir='ltr'>ἀπέφηνε</span> <span class='ocrx_word' id='word_1_344' title='bbox 1045 4355 1137 4411; x_wconf 81' lang='grc' dir='ltr'><strong>τὸν</strong></span> <span class='ocrx_word' id='word_1_345' title='bbox 1156 4356 1448 4413; x_wconf 83' lang='grc' dir='ltr'>τοιοῦτον.ι</span> <span class='ocrx_word' id='word_1_346' title='bbox 1468 4359 1693 4431; x_wconf 80' lang='grc' dir='ltr'>Ἀκροα-</span> 
     </span>
    </p>
   </div>
   <div class='ocr_carea' id='block_1_48' title="bbox 123 4444 1690 4523">
    <p class='ocr_par' dir='ltr' id='par_1_48' title="bbox 123 4444 1690 4523">
     <span class='ocr_line' id='line_1_48' title="bbox 123 4444 1690 4523; baseline 0.009 -30"><span class='ocrx_word' id='word_1_347' title='bbox 123 4444 214 4513; x_wconf 82' lang='grc' dir='ltr'>τὴς</span> <span class='ocrx_word' id='word_1_348' title='bbox 244 4444 640 4513; x_wconf 74' lang='grc' dir='ltr'>ἐπιλησμονῆς.</span> <span class='ocrx_word' id='word_1_349' title='bbox 688 4462 708 4497; x_wconf 69' lang='grc' dir='ltr'><strong>ε</strong></span> <span class='ocrx_word' id='word_1_350' title='bbox 743 4447 823 4516; x_wconf 74' lang='grc' dir='ltr'><strong>Τῇ</strong></span> <span class='ocrx_word' id='word_1_351' title='bbox 876 4447 1145 4517; x_wconf 85' lang='grc' dir='ltr'>ἀκροάσει</span> <span class='ocrx_word' id='word_1_352' title='bbox 1196 4450 1402 4519; x_wconf 77' lang='grc' dir='ltr'>συνῆψε</span> <span class='ocrx_word' id='word_1_353' title='bbox 1430 4451 1530 4523; x_wconf 81' lang='grc' dir='ltr'>τὴν</span> <span class='ocrx_word' id='word_1_354' title='bbox 1566 4454 1690 4507; x_wconf 83' lang='grc' dir='ltr'>ἐπι-</span> 
     </span>
    </p>
   </div>
   <div class='ocr_carea' id='block_1_49' title="bbox 1799 595 3373 669">
    <p class='ocr_par' dir='ltr' id='par_1_49' title="bbox 1799 595 3373 669">
     <span class='ocr_line' id='line_1_49' title="bbox 1799 595 3373 669; baseline 0 -17"><span class='ocrx_word' id='word_1_355' title='bbox 1799 597 2003 653; x_wconf 87' lang='lat' dir='ltr'><strong>frustra</strong></span> <span class='ocrx_word' id='word_1_356' title='bbox 2030 612 2093 651; x_wconf 92' lang='lat' dir='ltr'><strong>ac</strong></span> <span class='ocrx_word' id='word_1_357' title='bbox 2125 608 2327 653; x_wconf 83' lang='lat' dir='ltr'><strong>temere</strong></span> <span class='ocrx_word' id='word_1_358' title='bbox 2351 597 2480 653; x_wconf 63' lang='lat' dir='ltr'><strong>facit</strong></span> <span class='ocrx_word' id='word_1_359' title='bbox 2516 595 2751 652; x_wconf 87' lang='lat' dir='ltr'><strong>Jacobus</strong></span> <span class='ocrx_word' id='word_1_360' title='bbox 2790 597 3005 653; x_wconf 79' lang='lat' dir='ltr'><strong>Domini</strong></span> <span class='ocrx_word' id='word_1_361' title='bbox 3051 598 3373 669; x_wconf 82' lang='lat' dir='ltr'><strong>discipulus,</strong></span> 
     </span>
    </p>
   </div>
   <div class='ocr_carea' id='block_1_50' title="bbox 1798 687 3369 761">
    <p class='ocr_par' dir='ltr' id='par_1_50' title="bbox 1798 687 3369 761">
     <span class='ocr_line' id='line_1_50' title="bbox 1798 687 3369 761; baseline -0.001 -16"><span class='ocrx_word' id='word_1_362' title='bbox 1798 690 1894 745; x_wconf 85' lang='lat' dir='ltr'><strong>sed</strong></span> <span class='ocrx_word' id='word_1_363' title='bbox 1945 690 2124 744; x_wconf 83' lang='lat' dir='ltr'><strong>omnia</strong></span> <span class='ocrx_word' id='word_1_364' title='bbox 2182 687 2417 745; x_wconf 81' lang='lat' dir='ltr'><strong>breviter</strong></span> <span class='ocrx_word' id='word_1_365' title='bbox 2464 688 2725 759; x_wconf 75' lang='lat' dir='ltr'><strong>loquitur,</strong></span> <span class='ocrx_word' id='word_1_366' title='bbox 2771 696 3024 761; x_wconf 88' lang='lat' dir='ltr'><strong>tanquam</strong></span> <span class='ocrx_word' id='word_1_367' title='bbox 3073 690 3369 747; x_wconf 85' lang='lat' dir='ltr'><strong>abbreviati</strong></span> 
     </span>
    </p>
   </div>
   <div class='ocr_carea' id='block_1_51' title="bbox 1804 780 3373 853">
    <p class='ocr_par' dir='ltr' id='par_1_51' title="bbox 1804 780 3373 853">
     <span class='ocr_line' id='line_1_51' title="bbox 1804 780 3373 853; baseline -0.001 -15"><span class='ocrx_word' id='word_1_368' title='bbox 1804 783 1955 840; x_wconf 82' lang='lat' dir='ltr'><strong>verbi</strong></span> <span class='ocrx_word' id='word_1_369' title='bbox 1983 781 2308 853; x_wconf 83' lang='lat' dir='ltr'><strong>discipulus,</strong></span> <span class='ocrx_word' id='word_1_370' title='bbox 2357 780 2625 851; x_wconf 83' lang='lat' dir='ltr'><strong>simulque</strong></span> <span class='ocrx_word' id='word_1_371' title='bbox 2674 780 2978 837; x_wconf 87' lang='lat' dir='ltr'><strong>auditorem</strong></span> <span class='ocrx_word' id='word_1_372' title='bbox 3022 783 3280 853; x_wconf 76' lang='lat' dir='ltr'><strong>colligens</strong></span> <span class='ocrx_word' id='word_1_373' title='bbox 3308 798 3373 837; x_wconf 88' lang='lat' dir='ltr'><strong>ac</strong></span> 
     </span>
    </p>
   </div>
   <div class='ocr_carea' id='block_1_52' title="bbox 1796 872 3370 943">
    <p class='ocr_par' dir='ltr' id='par_1_52' title="bbox 1796 872 3370 943">
     <span class='ocr_line' id='line_1_52' title="bbox 1796 872 3370 943; baseline -0.002 -12"><span class='ocrx_word' id='word_1_374' title='bbox 1796 877 2086 931; x_wconf 86' lang='lat' dir='ltr'><strong>continens</strong></span> <span class='ocrx_word' id='word_1_375' title='bbox 2124 888 2193 927; x_wconf 84' lang='lat' dir='ltr'><strong>ne</strong></span> <span class='ocrx_word' id='word_1_376' title='bbox 2221 873 2337 927; x_wconf 64' lang='lat' dir='ltr'><strong>hac</strong></span> <span class='ocrx_word' id='word_1_377' title='bbox 2366 872 2537 927; x_wconf 85' lang='lat' dir='ltr'><strong>otiose</strong></span> <span class='ocrx_word' id='word_1_378' title='bbox 2580 873 2814 928; x_wconf 87' lang='lat' dir='ltr'><strong>audiret.</strong></span> <span class='ocrx_word' id='word_1_379' title='bbox 2853 891 2871 925; x_wconf 79' lang='grc' dir='ltr'><strong>ι</strong></span> <span class='ocrx_word' id='word_1_380' title='bbox 2917 873 2987 927; x_wconf 84' lang='lat' dir='ltr'><strong>At</strong></span> <span class='ocrx_word' id='word_1_381' title='bbox 3016 872 3107 943; x_wconf 91' lang='lat' dir='ltr'><strong>qui</strong></span> <span class='ocrx_word' id='word_1_382' title='bbox 3142 889 3370 943; x_wconf 89' lang='lat' dir='ltr'><strong>prospe-</strong></span> 
     </span>
    </p>
   </div>
   <div class='ocr_carea' id='block_1_53' title="bbox 1798 962 3373 1034">
    <p class='ocr_par' dir='ltr' id='par_1_53' title="bbox 1798 962 3373 1034">
     <span class='ocr_line' id='line_1_53' title="bbox 1798 962 3373 1034; baseline -0.002 -12"><span class='ocrx_word' id='word_1_383' title='bbox 1798 966 1955 1022; x_wconf 82' lang='lat' dir='ltr'><strong>xerit.</strong></span> <span class='ocrx_word' id='word_1_384' title='bbox 1994 984 2013 1017; x_wconf 75' lang='grc' dir='ltr'><strong>ι</strong></span> <span class='ocrx_word' id='word_1_385' title='bbox 2036 964 2333 1019; x_wconf 85' lang='lat' dir='ltr'><strong>Considera</strong></span> <span class='ocrx_word' id='word_1_386' title='bbox 2365 962 2511 1033; x_wconf 90' lang='lat' dir='ltr'><strong>quod</strong></span> <span class='ocrx_word' id='word_1_387' title='bbox 2532 963 2759 1019; x_wconf 79' lang='lat' dir='ltr'><strong>dixerit:</strong></span> <span class='ocrx_word' id='word_1_388' title='bbox 2792 964 2893 1030; x_wconf 86' lang='lat' dir='ltr'><strong>Qui</strong></span> <span class='ocrx_word' id='word_1_389' title='bbox 2925 964 3287 1034; x_wconf 79' lang='lat' dir='ltr'><strong>prospexerit,</strong></span> <span class='ocrx_word' id='word_1_390' title='bbox 3319 974 3373 1019; x_wconf 88' lang='lat' dir='ltr'><strong>et</strong></span> 
     </span>
    </p>
   </div>
   <div class='ocr_carea' id='block_1_54' title="bbox 1796 1052 3375 1125">
    <p class='ocr_par' dir='ltr' id='par_1_54' title="bbox 1796 1052 3375 1125">
     <span class='ocr_line' id='line_1_54' title="bbox 1796 1052 3375 1125; baseline -0.003 -14"><span class='ocrx_word' id='word_1_391' title='bbox 1796 1071 1928 1123; x_wconf 91' lang='lat' dir='ltr'><strong>non,</strong></span> <span class='ocrx_word' id='word_1_392' title='bbox 1958 1055 2062 1121; x_wconf 85' lang='lat' dir='ltr'><strong>Qui</strong></span> <span class='ocrx_word' id='word_1_393' title='bbox 2107 1056 2385 1125; x_wconf 81' lang='lat' dir='ltr'><strong>ingressus</strong></span> <span class='ocrx_word' id='word_1_394' title='bbox 2416 1053 2604 1109; x_wconf 90' lang='lat' dir='ltr'><strong>fuerit.</strong></span> <span class='ocrx_word' id='word_1_395' title='bbox 2660 1052 2973 1124; x_wconf 86' lang='lat' dir='ltr'><strong>Spiritualis</strong></span> <span class='ocrx_word' id='word_1_396' title='bbox 3002 1071 3240 1125; x_wconf 84' lang='lat' dir='ltr'><strong>namque</strong></span> <span class='ocrx_word' id='word_1_397' title='bbox 3287 1056 3375 1108; x_wconf 68' lang='lat' dir='ltr'><strong>lex</strong></span> 
     </span>
    </p>
   </div>
   <div class='ocr_carea' id='block_1_55' title="bbox 1796 1145 3371 1218">
    <p class='ocr_par' dir='ltr' id='par_1_55' title="bbox 1796 1145 3371 1218">
     <span class='ocr_line' id='line_1_55' title="bbox 1796 1145 3371 1218; baseline 0.002 -17"><span class='ocrx_word' id='word_1_398' title='bbox 1796 1146 2144 1218; x_wconf 81' lang='lat' dir='ltr'><strong>magniﬁcum</strong></span> <span class='ocrx_word' id='word_1_399' title='bbox 2182 1146 2435 1215; x_wconf 83' lang='lat' dir='ltr'><strong>quiddam</strong></span> <span class='ocrx_word' id='word_1_400' title='bbox 2469 1155 2524 1201; x_wconf 89' lang='lat' dir='ltr'><strong>et</strong></span> <span class='ocrx_word' id='word_1_401' title='bbox 2562 1145 2763 1216; x_wconf 89' lang='lat' dir='ltr'><strong>ubique</strong></span> <span class='ocrx_word' id='word_1_402' title='bbox 2794 1147 3152 1203; x_wconf 86' lang='lat' dir='ltr'><strong>desiderabile</strong></span> <span class='ocrx_word' id='word_1_403' title='bbox 3184 1148 3371 1211; x_wconf 85' lang='lat' dir='ltr'><strong>habet,</strong></span> 
     </span>
    </p>
   </div>
   <div class='ocr_carea' id='block_1_56' title="bbox 1796 1237 3369 1309">
    <p class='ocr_par' dir='ltr' id='par_1_56' title="bbox 1796 1237 3369 1309">
     <span class='ocr_line' id='line_1_56' title="bbox 1796 1237 3369 1309; baseline -0.001 -14"><span class='ocrx_word' id='word_1_404' title='bbox 1796 1240 1940 1295; x_wconf 92' lang='lat' dir='ltr'><strong>unde</strong></span> <span class='ocrx_word' id='word_1_405' title='bbox 1962 1239 2125 1294; x_wconf 86' lang='lat' dir='ltr'><strong>etiam</strong></span> <span class='ocrx_word' id='word_1_406' title='bbox 2147 1253 2209 1293; x_wconf 84' lang='lat' dir='ltr'><strong>ex</strong></span> <span class='ocrx_word' id='word_1_407' title='bbox 2240 1253 2405 1309; x_wconf 89' lang='lat' dir='ltr'><strong>prava</strong></span> <span class='ocrx_word' id='word_1_408' title='bbox 2428 1237 2511 1294; x_wconf 90' lang='lat' dir='ltr'><strong>sui</strong></span> <span class='ocrx_word' id='word_1_409' title='bbox 2533 1238 2877 1294; x_wconf 87' lang='lat' dir='ltr'><strong>assecutione</strong></span> <span class='ocrx_word' id='word_1_410' title='bbox 2910 1241 3059 1294; x_wconf 88' lang='lat' dir='ltr'><strong>novit</strong></span> <span class='ocrx_word' id='word_1_411' title='bbox 3092 1241 3369 1295; x_wconf 90' lang='lat' dir='ltr'><strong>attrahere</strong></span> 
     </span>
    </p>
   </div>
   <div class='ocr_carea' id='block_1_57' title="bbox 1794 1328 3373 1401">
    <p class='ocr_par' dir='ltr' id='par_1_57' title="bbox 1794 1328 3373 1401">
     <span class='ocr_line' id='line_1_57' title="bbox 1794 1328 3373 1401; baseline 0 -15"><span class='ocrx_word' id='word_1_412' title='bbox 1794 1339 1849 1386; x_wconf 91' lang='lat' dir='ltr'><strong>et</strong></span> <span class='ocrx_word' id='word_1_413' title='bbox 1875 1328 2179 1401; x_wconf 85' lang='lat' dir='ltr'><strong>perfectum</strong></span> <span class='ocrx_word' id='word_1_414' title='bbox 2204 1328 2430 1383; x_wconf 88' lang='lat' dir='ltr'><strong>reddere</strong></span> <span class='ocrx_word' id='word_1_415' title='bbox 2462 1346 2476 1383; x_wconf 89' lang='lat'><strong>:</strong></span> <span class='ocrx_word' id='word_1_416' title='bbox 2502 1343 2736 1398; x_wconf 87' lang='lat' dir='ltr'><strong>cumque</strong></span> <span class='ocrx_word' id='word_1_417' title='bbox 2753 1328 3144 1399; x_wconf 80' lang='lat' dir='ltr'><strong>perfectionem</strong></span> <span class='ocrx_word' id='word_1_418' title='bbox 3174 1330 3373 1386; x_wconf 87' lang='lat' dir='ltr'><strong>habeat</strong></span> 
     </span>
    </p>
   </div>
   <div class='ocr_carea' id='block_1_58' title="bbox 1795 1421 3374 1492">
    <p class='ocr_par' dir='ltr' id='par_1_58' title="bbox 1795 1421 3374 1492">
     <span class='ocr_line' id='line_1_58' title="bbox 1795 1421 3374 1492; baseline -0.002 -12"><span class='ocrx_word' id='word_1_419' title='bbox 1795 1432 1850 1480; x_wconf 90' lang='lat' dir='ltr'><strong>et</strong></span> <span class='ocrx_word' id='word_1_420' title='bbox 1897 1424 1951 1477; x_wconf 91' lang='lat' dir='ltr'><strong>in</strong></span> <span class='ocrx_word' id='word_1_421' title='bbox 1982 1423 2238 1478; x_wconf 89' lang='lat' dir='ltr'><strong>omnibus</strong></span> <span class='ocrx_word' id='word_1_422' title='bbox 2283 1421 2500 1476; x_wconf 90' lang='lat' dir='ltr'><strong>defectu</strong></span> <span class='ocrx_word' id='word_1_423' title='bbox 2539 1430 2743 1488; x_wconf 85' lang='lat' dir='ltr'><strong>careat,</strong></span> <span class='ocrx_word' id='word_1_424' title='bbox 2779 1437 2903 1476; x_wconf 89' lang='lat' dir='ltr'><strong>eum</strong></span> <span class='ocrx_word' id='word_1_425' title='bbox 2949 1422 3040 1492; x_wconf 93' lang='lat' dir='ltr'><strong>qui</strong></span> <span class='ocrx_word' id='word_1_426' title='bbox 3089 1434 3374 1478; x_wconf 83' lang='lat' dir='ltr'><strong>assecutus</strong></span> 
     </span>
    </p>
   </div>
   <div class='ocr_carea' id='block_1_59' title="bbox 1794 1511 3370 1585">
    <p class='ocr_par' dir='ltr' id='par_1_59' title="bbox 1794 1511 3370 1585">
     <span class='ocr_line' id='line_1_59' title="bbox 1794 1511 3370 1585; baseline -0.004 -14"><span class='ocrx_word' id='word_1_427' title='bbox 1794 1524 1898 1579; x_wconf 83' lang='lat' dir='ltr'><strong>est,</strong></span> <span class='ocrx_word' id='word_1_428' title='bbox 1928 1514 1983 1567; x_wconf 89' lang='lat' dir='ltr'><strong>in</strong></span> <span class='ocrx_word' id='word_1_429' title='bbox 2018 1512 2170 1567; x_wconf 92' lang='lat' dir='ltr'><strong>nullo</strong></span> <span class='ocrx_word' id='word_1_430' title='bbox 2203 1512 2458 1582; x_wconf 88' lang='lat' dir='ltr'><strong>relinquit</strong></span> <span class='ocrx_word' id='word_1_431' title='bbox 2486 1512 2654 1567; x_wconf 90' lang='lat' dir='ltr'><strong>dubio</strong></span> <span class='ocrx_word' id='word_1_432' title='bbox 2697 1511 2841 1566; x_wconf 87' lang='lat' dir='ltr'><strong>circa</strong></span> <span class='ocrx_word' id='word_1_433' title='bbox 2886 1514 3089 1583; x_wconf 88' lang='lat' dir='ltr'><strong>aliquid</strong></span> <span class='ocrx_word' id='word_1_434' title='bbox 3137 1514 3280 1585; x_wconf 73' lang='lat' dir='ltr'><strong>quod</strong></span> <span class='ocrx_word' id='word_1_435' title='bbox 3318 1513 3370 1566; x_wconf 87' lang='lat' dir='ltr'><strong>in</strong></span> 
     </span>
    </p>
   </div>
   <div class='ocr_carea' id='block_1_60' title="bbox 1794 1604 3375 1674">
    <p class='ocr_par' dir='ltr' id='par_1_60' title="bbox 1794 1604 3375 1674">
     <span class='ocr_line' id='line_1_60' title="bbox 1794 1604 3375 1674; baseline -0.001 -13"><span class='ocrx_word' id='word_1_436' title='bbox 1794 1621 1857 1661; x_wconf 87' lang='lat' dir='ltr'><strong>ea</strong></span> <span class='ocrx_word' id='word_1_437' title='bbox 1886 1606 2198 1659; x_wconf 88' lang='lat' dir='ltr'><strong>continetur</strong></span> <span class='ocrx_word' id='word_1_438' title='bbox 2230 1621 2245 1660; x_wconf 90' lang='lat'><strong>:</strong></span> <span class='ocrx_word' id='word_1_439' title='bbox 2272 1612 2326 1658; x_wconf 90' lang='lat' dir='ltr'><strong>et</strong></span> <span class='ocrx_word' id='word_1_440' title='bbox 2354 1606 2434 1659; x_wconf 89' lang='lat' dir='ltr'><strong>eis</strong></span> <span class='ocrx_word' id='word_1_441' title='bbox 2460 1604 2551 1674; x_wconf 89' lang='lat' dir='ltr'><strong>qui</strong></span> <span class='ocrx_word' id='word_1_442' title='bbox 2587 1604 2673 1659; x_wconf 85' lang='lat' dir='ltr'><strong>vel</strong></span> <span class='ocrx_word' id='word_1_443' title='bbox 2697 1604 3057 1674; x_wconf 78' lang='lat' dir='ltr'><strong>inspexerunt</strong></span> <span class='ocrx_word' id='word_1_444' title='bbox 3083 1607 3375 1672; x_wconf 84' lang='lat' dir='ltr'><strong>persuadet</strong></span> 
     </span>
    </p>
   </div>
   <div class='ocr_carea' id='block_1_61' title="bbox 1796 1696 3373 1767">
    <p class='ocr_par' dir='ltr' id='par_1_61' title="bbox 1796 1696 3373 1767">
     <span class='ocr_line' id='line_1_61' title="bbox 1796 1696 3373 1767; baseline 0.003 -16"><span class='ocrx_word' id='word_1_445' title='bbox 1796 1709 1855 1752; x_wconf 90' lang='lat' dir='ltr'><strong>ut</strong></span> <span class='ocrx_word' id='word_1_446' title='bbox 1893 1697 1947 1751; x_wconf 91' lang='lat' dir='ltr'><strong>in</strong></span> <span class='ocrx_word' id='word_1_447' title='bbox 1978 1712 2040 1751; x_wconf 87' lang='lat' dir='ltr'><strong>ea</strong></span> <span class='ocrx_word' id='word_1_448' title='bbox 2082 1706 2456 1765; x_wconf 86' lang='lat' dir='ltr'><strong>permaneant.</strong></span> <span class='ocrx_word' id='word_1_449' title='bbox 2497 1716 2514 1747; x_wconf 82' lang='grc' dir='ltr'><strong>ι</strong></span> <span class='ocrx_word' id='word_1_450' title='bbox 2562 1696 2760 1767; x_wconf 84' lang='lat' dir='ltr'><strong>Legem</strong></span> <span class='ocrx_word' id='word_1_451' title='bbox 2808 1698 3128 1767; x_wconf 79' lang='lat' dir='ltr'><strong>perfectam.</strong></span> <span class='ocrx_word' id='word_1_452' title='bbox 3171 1719 3190 1753; x_wconf 73' lang='grc' dir='ltr'><strong>ι</strong></span> <span class='ocrx_word' id='word_1_453' title='bbox 3224 1700 3373 1767; x_wconf 77' lang='lat' dir='ltr'><strong>Qun-</strong></span> 
     </span>
    </p>
   </div>
   <div class='ocr_carea' id='block_1_62' title="bbox 1791 1789 3370 1863">
    <p class='ocr_par' dir='ltr' id='par_1_62' title="bbox 1791 1789 3370 1863">
     <span class='ocr_line' id='line_1_62' title="bbox 1791 1789 3370 1863; baseline 0.002 -18"><span class='ocrx_word' id='word_1_454' title='bbox 1791 1794 1938 1847; x_wconf 84' lang='lat' dir='ltr'><strong>niam</strong></span> <span class='ocrx_word' id='word_1_455' title='bbox 1989 1791 2358 1845; x_wconf 84' lang='lat' dir='ltr'><strong>ell‘erebantur</strong></span> <span class='ocrx_word' id='word_1_456' title='bbox 2403 1789 2574 1844; x_wconf 71' lang='lat' dir='ltr'><strong>Judaei</strong></span> <span class='ocrx_word' id='word_1_457' title='bbox 2629 1800 2853 1859; x_wconf 87' lang='lat' dir='ltr'><strong>propter</strong></span> <span class='ocrx_word' id='word_1_458' title='bbox 2916 1791 3052 1863; x_wconf 80' lang='lat' dir='ltr'><strong>legis</strong></span> <span class='ocrx_word' id='word_1_459' title='bbox 3106 1793 3370 1848; x_wconf 83' lang='lat' dir='ltr'><strong>observa-</strong></span> 
     </span>
    </p>
   </div>
   <div class='ocr_carea' id='block_1_63' title="bbox 1792 1879 3372 1954">
    <p class='ocr_par' dir='ltr' id='par_1_63' title="bbox 1792 1879 3372 1954">
     <span class='ocr_line' id='line_1_63' title="bbox 1792 1879 3372 1954; baseline 0.001 -15"><span class='ocrx_word' id='word_1_460' title='bbox 1792 1886 1987 1949; x_wconf 89' lang='lat' dir='ltr'><strong>tiones,</strong></span> <span class='ocrx_word' id='word_1_461' title='bbox 2021 1892 2076 1938; x_wconf 90' lang='lat' dir='ltr'><strong>et</strong></span> <span class='ocrx_word' id='word_1_462' title='bbox 2101 1883 2185 1936; x_wconf 89' lang='lat' dir='ltr'><strong>his</strong></span> <span class='ocrx_word' id='word_1_463' title='bbox 2219 1896 2487 1936; x_wconf 89' lang='lat' dir='ltr'><strong>summam</strong></span> <span class='ocrx_word' id='word_1_464' title='bbox 2510 1879 2731 1951; x_wconf 83' lang='lat' dir='ltr'><strong>pietatis</strong></span> <span class='ocrx_word' id='word_1_465' title='bbox 2752 1881 2807 1935; x_wconf 91' lang='lat' dir='ltr'><strong>in</strong></span> <span class='ocrx_word' id='word_1_466' title='bbox 2836 1880 3006 1937; x_wconf 91' lang='lat' dir='ltr'><strong>Deum</strong></span> <span class='ocrx_word' id='word_1_467' title='bbox 3031 1899 3089 1937; x_wconf 90' lang='lat' dir='ltr'><strong>se</strong></span> <span class='ocrx_word' id='word_1_468' title='bbox 3114 1896 3372 1954; x_wconf 68' lang='lat' dir='ltr'><strong>praestare</strong></span> 
     </span>
    </p>
   </div>
   <div class='ocr_carea' id='block_1_64' title="bbox 1792 1976 3369 2051">
    <p class='ocr_par' dir='ltr' id='par_1_64' title="bbox 1792 1976 3369 2051">
     <span class='ocr_line' id='line_1_64' title="bbox 1792 1976 3369 2051; baseline 0 -18"><span class='ocrx_word' id='word_1_469' title='bbox 1792 1978 2059 2051; x_wconf 90' lang='lat' dir='ltr'><strong>putabant</strong></span> <span class='ocrx_word' id='word_1_470' title='bbox 2092 1992 2106 2029; x_wconf 90' lang='lat'><strong>:</strong></span> <span class='ocrx_word' id='word_1_471' title='bbox 2136 1977 2331 2046; x_wconf 88' lang='lat' dir='ltr'><strong>hisque</strong></span> <span class='ocrx_word' id='word_1_472' title='bbox 2370 1976 2500 2031; x_wconf 84' lang='lat' dir='ltr'><strong>solis</strong></span> <span class='ocrx_word' id='word_1_473' title='bbox 2544 1984 2817 2042; x_wconf 88' lang='lat' dir='ltr'><strong>vacantes,</strong></span> <span class='ocrx_word' id='word_1_474' title='bbox 2845 1976 2947 2032; x_wconf 87' lang='lat' dir='ltr'><strong>sibi</strong></span> <span class='ocrx_word' id='word_1_475' title='bbox 2990 1978 3210 2048; x_wconf 85' lang='lat' dir='ltr'><strong>quidem</strong></span> <span class='ocrx_word' id='word_1_476' title='bbox 3243 1996 3369 2050; x_wconf 86' lang='lat' dir='ltr'><strong>per-</strong></span> 
     </span>
    </p>
   </div>
   <div class='ocr_carea' id='block_1_65' title="bbox 1793 2067 3375 2136">
    <p class='ocr_par' dir='ltr' id='par_1_65' title="bbox 1793 2067 3375 2136">
     <span class='ocr_line' id='line_1_65' title="bbox 1793 2067 3375 2136; baseline 0 -11"><span class='ocrx_word' id='word_1_477' title='bbox 1793 2070 2084 2126; x_wconf 86' lang='lat' dir='ltr'><strong>fectionem</strong></span> <span class='ocrx_word' id='word_1_478' title='bbox 2121 2067 2496 2131; x_wconf 78' lang='lat' dir='ltr'><strong>vindicabant,</strong></span> <span class='ocrx_word' id='word_1_479' title='bbox 2538 2081 2663 2136; x_wconf 86' lang='lat' dir='ltr'><strong>erga</strong></span> <span class='ocrx_word' id='word_1_480' title='bbox 2700 2077 2927 2123; x_wconf 66' lang='lat' dir='ltr'><strong>caeteros</strong></span> <span class='ocrx_word' id='word_1_481' title='bbox 2973 2085 3101 2125; x_wconf 88' lang='lat' dir='ltr'><strong>vero</strong></span> <span class='ocrx_word' id='word_1_482' title='bbox 3128 2070 3375 2125; x_wconf 80' lang='lat' dir='ltr'><strong>homines</strong></span> 
     </span>
    </p>
   </div>
   <div class='ocr_carea' id='block_1_66' title="bbox 1793 2156 3368 2229">
    <p class='ocr_par' dir='ltr' id='par_1_66' title="bbox 1793 2156 3368 2229">
     <span class='ocr_line' id='line_1_66' title="bbox 1793 2156 3368 2229; baseline -0.001 -15"><span class='ocrx_word' id='word_1_483' title='bbox 1793 2158 2032 2229; x_wconf 88' lang='lat' dir='ltr'><strong>superbo</strong></span> <span class='ocrx_word' id='word_1_484' title='bbox 2092 2166 2148 2213; x_wconf 86' lang='lat' dir='ltr'><strong>et</strong></span> <span class='ocrx_word' id='word_1_485' title='bbox 2214 2156 2614 2228; x_wconf 89' lang='lat' dir='ltr'><strong>improperioso</strong></span> <span class='ocrx_word' id='word_1_486' title='bbox 2668 2156 2851 2212; x_wconf 89' lang='lat' dir='ltr'><strong>animo</strong></span> <span class='ocrx_word' id='word_1_487' title='bbox 2914 2157 3093 2213; x_wconf 75' lang='lat' dir='ltr'><strong>affecti</strong></span> <span class='ocrx_word' id='word_1_488' title='bbox 3167 2169 3368 2213; x_wconf 87' lang='lat' dir='ltr'><strong>erant:</strong></span> 
     </span>
    </p>
   </div>
   <div class='ocr_carea' id='block_1_67' title="bbox 1791 2246 3371 2321">
    <p class='ocr_par' dir='ltr' id='par_1_67' title="bbox 1791 2246 3371 2321">
     <span class='ocr_line' id='line_1_67' title="bbox 1791 2246 3371 2321; baseline -0.001 -18"><span class='ocrx_word' id='word_1_489' title='bbox 1791 2247 1950 2321; x_wconf 59' lang='lat'><strong>551</strong></span> <span class='ocrx_word' id='word_1_490' title='bbox 1980 2247 2432 2318; x_wconf 87' lang='lat' dir='ltr'><strong>quemadmodum</strong></span> <span class='ocrx_word' id='word_1_491' title='bbox 2473 2246 2818 2303; x_wconf 86' lang='lat' dir='ltr'><strong>manifestum</strong></span> <span class='ocrx_word' id='word_1_492' title='bbox 2858 2258 2941 2302; x_wconf 90' lang='lat' dir='ltr'><strong>est</strong></span> <span class='ocrx_word' id='word_1_493' title='bbox 2982 2263 3047 2302; x_wconf 83' lang='lat' dir='ltr'><strong>ex</strong></span> <span class='ocrx_word' id='word_1_494' title='bbox 3079 2247 3371 2318; x_wconf 62' lang='lat' dir='ltr'><strong>pliarismo,</strong></span> 
     </span>
    </p>
   </div>
   <div class='ocr_carea' id='block_1_68' title="bbox 1793 2337 3371 2410">
    <p class='ocr_par' dir='ltr' id='par_1_68' title="bbox 1793 2337 3371 2410">
     <span class='ocr_line' id='line_1_68' title="bbox 1793 2337 3371 2410; baseline -0.001 -17"><span class='ocrx_word' id='word_1_495' title='bbox 1793 2339 1861 2394; x_wconf 92' lang='lat' dir='ltr'><strong>de</strong></span> <span class='ocrx_word' id='word_1_496' title='bbox 1889 2355 1995 2410; x_wconf 92' lang='lat' dir='ltr'><strong>quo</strong></span> <span class='ocrx_word' id='word_1_497' title='bbox 2026 2341 2079 2394; x_wconf 91' lang='lat' dir='ltr'><strong>in</strong></span> <span class='ocrx_word' id='word_1_498' title='bbox 2096 2337 2448 2410; x_wconf 80' lang='lat' dir='ltr'><strong>Evangelia“</strong></span> <span class='ocrx_word' id='word_1_499' title='bbox 2468 2380 2482 2405; x_wconf 97' lang='lat'><strong>,</strong></span> <span class='ocrx_word' id='word_1_500' title='bbox 2502 2349 2556 2395; x_wconf 91' lang='lat' dir='ltr'><strong>et</strong></span> <span class='ocrx_word' id='word_1_501' title='bbox 2580 2340 2649 2394; x_wconf 90' lang='lat' dir='ltr'><strong>ab</strong></span> <span class='ocrx_word' id='word_1_502' title='bbox 2683 2340 2872 2410; x_wconf 89' lang='lat' dir='ltr'><strong>bisqui</strong></span> <span class='ocrx_word' id='word_1_503' title='bbox 2894 2339 3155 2395; x_wconf 89' lang='lat' dir='ltr'><strong>adversus</strong></span> <span class='ocrx_word' id='word_1_504' title='bbox 3184 2340 3371 2395; x_wconf 83' lang='lat' dir='ltr'><strong>Publi-</strong></span> 
     </span>
    </p>
   </div>
   <div class='ocr_carea' id='block_1_69' title="bbox 1794 2430 3372 2500">
    <p class='ocr_par' dir='ltr' id='par_1_69' title="bbox 1794 2430 3372 2500">
     <span class='ocr_line' id='line_1_69' title="bbox 1794 2430 3372 2500; baseline -0.001 -15"><span class='ocrx_word' id='word_1_505' title='bbox 1794 2446 1988 2485; x_wconf 91' lang='lat' dir='ltr'><strong>eanum</strong></span> <span class='ocrx_word' id='word_1_506' title='bbox 2012 2430 2388 2486; x_wconf 88' lang='lat' dir='ltr'><strong>contumeliosi</strong></span> <span class='ocrx_word' id='word_1_507' title='bbox 2405 2441 2589 2487; x_wconf 84' lang='lat' dir='ltr'><strong>erant:</strong></span> <span class='ocrx_word' id='word_1_508' title='bbox 2624 2434 2772 2488; x_wconf 87' lang='lat' dir='ltr'><strong>hunc</strong></span> <span class='ocrx_word' id='word_1_509' title='bbox 2800 2432 3048 2487; x_wconf 89' lang='lat' dir='ltr'><strong>timorem</strong></span> <span class='ocrx_word' id='word_1_510' title='bbox 3072 2431 3372 2500; x_wconf 86' lang='lat' dir='ltr'><strong>reprimens</strong></span> 
     </span>
    </p>
   </div>
   <div class='ocr_carea' id='block_1_70' title="bbox 1796 2520 3371 2593">
    <p class='ocr_par' dir='ltr' id='par_1_70' title="bbox 1796 2520 3371 2593">
     <span class='ocr_line' id='line_1_70' title="bbox 1796 2520 3371 2593; baseline 0 -18"><span class='ocrx_word' id='word_1_511' title='bbox 1796 2521 1986 2576; x_wconf 87' lang='lat' dir='ltr'><strong>beatus</strong></span> <span class='ocrx_word' id='word_1_512' title='bbox 2028 2520 2264 2576; x_wconf 82' lang='lat' dir='ltr'><strong>Jacobus</strong></span> <span class='ocrx_word' id='word_1_513' title='bbox 2303 2522 2435 2577; x_wconf 89' lang='lat' dir='ltr'><strong>dicit</strong></span> <span class='ocrx_word' id='word_1_514' title='bbox 2483 2537 2549 2577; x_wconf 88' lang='lat' dir='ltr'><strong>ea</strong></span> <span class='ocrx_word' id='word_1_515' title='bbox 2589 2538 2710 2593; x_wconf 63' lang='lat' dir='ltr'><strong>quae</strong></span> <span class='ocrx_word' id='word_1_516' title='bbox 2761 2527 3160 2593; x_wconf 88' lang='lat' dir='ltr'><strong>proponuntur.</strong></span> <span class='ocrx_word' id='word_1_517' title='bbox 3210 2520 3371 2575; x_wconf 77' lang='lat' dir='ltr'><strong>Facta</strong></span> 
     </span>
    </p>
   </div>
   <div class='ocr_carea' id='block_1_71' title="bbox 1796 2612 3373 2682">
    <p class='ocr_par' dir='ltr' id='par_1_71' title="bbox 1796 2612 3373 2682">
     <span class='ocr_line' id='line_1_71' title="bbox 1796 2612 3373 2682; baseline 0.002 -16"><span class='ocrx_word' id='word_1_518' title='bbox 1796 2627 2029 2681; x_wconf 80' lang='lat' dir='ltr'><strong>namque</strong></span> <span class='ocrx_word' id='word_1_519' title='bbox 2058 2612 2335 2668; x_wconf 89' lang='lat' dir='ltr'><strong>mentione</strong></span> <span class='ocrx_word' id='word_1_520' title='bbox 2360 2626 2585 2682; x_wconf 90' lang='lat' dir='ltr'><strong>operum</strong></span> <span class='ocrx_word' id='word_1_521' title='bbox 2615 2613 2734 2682; x_wconf 83' lang='lat' dir='ltr'><strong>ejus</strong></span> <span class='ocrx_word' id='word_1_522' title='bbox 2762 2613 2855 2682; x_wconf 89' lang='lat' dir='ltr'><strong>qui</strong></span> <span class='ocrx_word' id='word_1_523' title='bbox 2888 2628 3194 2668; x_wconf 87' lang='lat' dir='ltr'><strong>sermonem</strong></span> <span class='ocrx_word' id='word_1_524' title='bbox 3216 2612 3373 2669; x_wconf 81' lang='lat' dir='ltr'><strong>factis</strong></span> 
     </span>
    </p>
   </div>
   <div class='ocr_carea' id='block_1_72' title="bbox 1795 2704 3372 2776">
    <p class='ocr_par' dir='ltr' id='par_1_72' title="bbox 1795 2704 3372 2776">
     <span class='ocr_line' id='line_1_72' title="bbox 1795 2704 3372 2776; baseline 0.001 -17"><span class='ocrx_word' id='word_1_525' title='bbox 1795 2705 2072 2775; x_wconf 80' lang='lat' dir='ltr'><strong>exprimit,</strong></span> <span class='ocrx_word' id='word_1_526' title='bbox 2109 2704 2197 2759; x_wconf 93' lang='lat' dir='ltr'><strong>ubi</strong></span> <span class='ocrx_word' id='word_1_527' title='bbox 2231 2720 2356 2760; x_wconf 89' lang='lat' dir='ltr'><strong>eum</strong></span> <span class='ocrx_word' id='word_1_528' title='bbox 2384 2706 2601 2761; x_wconf 91' lang='lat' dir='ltr'><strong>beatum</strong></span> <span class='ocrx_word' id='word_1_529' title='bbox 2634 2706 2968 2776; x_wconf 66' lang='lat' dir='ltr'><strong>praedicavit,</strong></span> <span class='ocrx_word' id='word_1_530' title='bbox 2998 2705 3179 2762; x_wconf 88' lang='lat' dir='ltr'><strong>statim</strong></span> <span class='ocrx_word' id='word_1_531' title='bbox 3208 2708 3372 2761; x_wconf 88' lang='lat' dir='ltr'><strong>etiam</strong></span> 
     </span>
    </p>
   </div>
   <div class='ocr_carea' id='block_1_73' title="bbox 1796 2797 3370 2869">
    <p class='ocr_par' dir='ltr' id='par_1_73' title="bbox 1796 2797 3370 2869">
     <span class='ocr_line' id='line_1_73' title="bbox 1796 2797 3370 2869; baseline -0.001 -18"><span class='ocrx_word' id='word_1_532' title='bbox 1796 2797 2019 2869; x_wconf 88' lang='lat' dir='ltr'><strong>corrigit</strong></span> <span class='ocrx_word' id='word_1_533' title='bbox 2040 2797 2241 2851; x_wconf 91' lang='lat' dir='ltr'><strong>malum</strong></span> <span class='ocrx_word' id='word_1_534' title='bbox 2263 2798 2407 2867; x_wconf 92' lang='lat' dir='ltr'><strong>quod</strong></span> <span class='ocrx_word' id='word_1_535' title='bbox 2426 2797 2610 2853; x_wconf 88' lang='lat' dir='ltr'><strong>multis</strong></span> <span class='ocrx_word' id='word_1_536' title='bbox 2625 2812 2691 2852; x_wconf 80' lang='lat' dir='ltr'><strong>ex</strong></span> <span class='ocrx_word' id='word_1_537' title='bbox 2706 2800 3019 2868; x_wconf 83' lang='lat' dir='ltr'><strong>operatione</strong></span> <span class='ocrx_word' id='word_1_538' title='bbox 3040 2798 3370 2864; x_wconf 88' lang='lat' dir='ltr'><strong>adnaseitur,</strong></span> 
     </span>
    </p>
   </div>
   <div class='ocr_carea' id='block_1_74' title="bbox 1796 2888 3373 2961">
    <p class='ocr_par' dir='ltr' id='par_1_74' title="bbox 1796 2888 3373 2961">
     <span class='ocr_line' id='line_1_74' title="bbox 1796 2888 3373 2961; baseline 0.001 -19"><span class='ocrx_word' id='word_1_539' title='bbox 1796 2897 1850 2942; x_wconf 89' lang='lat' dir='ltr'><strong>et</strong></span> <span class='ocrx_word' id='word_1_540' title='bbox 1882 2890 1955 2943; x_wconf 88' lang='lat' dir='ltr'><strong>ait</strong></span> <span class='ocrx_word' id='word_1_541' title='bbox 1984 2907 1998 2943; x_wconf 89' lang='lat'><strong>:</strong></span> <span class='ocrx_word' id='word_1_542' title='bbox 2031 2888 2108 2944; x_wconf 74' lang='lat' dir='ltr'><strong>Ne</strong></span> <span class='ocrx_word' id='word_1_543' title='bbox 2135 2889 2411 2944; x_wconf 79' lang='lat' dir='ltr'><strong>existimes</strong></span> <span class='ocrx_word' id='word_1_544' title='bbox 2440 2890 2585 2960; x_wconf 90' lang='lat' dir='ltr'><strong>quod</strong></span> <span class='ocrx_word' id='word_1_545' title='bbox 2618 2905 2681 2943; x_wconf 78' lang='lat' dir='ltr'><strong>ex</strong></span> <span class='ocrx_word' id='word_1_546' title='bbox 2720 2889 2978 2959; x_wconf 87' lang='lat' dir='ltr'><strong>operibus</strong></span> <span class='ocrx_word' id='word_1_547' title='bbox 3008 2888 3140 2961; x_wconf 82' lang='lat' dir='ltr'><strong>legis</strong></span> <span class='ocrx_word' id='word_1_548' title='bbox 3177 2889 3373 2945; x_wconf 88' lang='lat' dir='ltr'><strong>sortia-</strong></span> 
     </span>
    </p>
   </div>
   <div class='ocr_carea' id='block_1_75' title="bbox 1796 2981 3367 3055">
    <p class='ocr_par' dir='ltr' id='par_1_75' title="bbox 1796 2981 3367 3055">
     <span class='ocr_line' id='line_1_75' title="bbox 1796 2981 3367 3055; baseline 0.001 -20"><span class='ocrx_word' id='word_1_549' title='bbox 1796 2981 1871 3035; x_wconf 91' lang='lat' dir='ltr'><strong>ris</strong></span> <span class='ocrx_word' id='word_1_550' title='bbox 1909 2981 2490 3053; x_wconf 86' lang='lat' dir='ltr'><strong>beatitudinem,quasi</strong></span> <span class='ocrx_word' id='word_1_551' title='bbox 2510 2985 2622 3039; x_wconf 90' lang='lat' dir='ltr'><strong>sola</strong></span> <span class='ocrx_word' id='word_1_552' title='bbox 2648 2988 2893 3055; x_wconf 88' lang='lat' dir='ltr'><strong>operatio</strong></span> <span class='ocrx_word' id='word_1_553' title='bbox 2915 2984 3113 3041; x_wconf 87' lang='lat' dir='ltr'><strong>habeat</strong></span> <span class='ocrx_word' id='word_1_554' title='bbox 3132 2984 3367 3039; x_wconf 90' lang='lat' dir='ltr'><strong>utetiam</strong></span> 
     </span>
    </p>
   </div>
   <div class='ocr_carea' id='block_1_76' title="bbox 1796 3070 3369 3149">
    <p class='ocr_par' dir='ltr' id='par_1_76' title="bbox 1796 3070 3369 3149">
     <span class='ocr_line' id='line_1_76' title="bbox 1796 3070 3369 3149; baseline 0.001 -22"><span class='ocrx_word' id='word_1_555' title='bbox 1796 3072 1938 3143; x_wconf 88' lang='lat' dir='ltr'><strong>apud</strong></span> <span class='ocrx_word' id='word_1_556' title='bbox 1985 3070 2155 3127; x_wconf 92' lang='lat' dir='ltr'><strong>Deum</strong></span> <span class='ocrx_word' id='word_1_557' title='bbox 2200 3074 2390 3129; x_wconf 82' lang='lat' dir='ltr'><strong>reddat</strong></span> <span class='ocrx_word' id='word_1_558' title='bbox 2432 3075 2821 3146; x_wconf 87' lang='lat' dir='ltr'><strong>aeceptabilem</strong></span> <span class='ocrx_word' id='word_1_559' title='bbox 2858 3092 2871 3128; x_wconf 90' lang='lat'><strong>:</strong></span> <span class='ocrx_word' id='word_1_560' title='bbox 2912 3090 3253 3149; x_wconf 84' lang='lat' dir='ltr'><strong>nequaquam</strong></span> <span class='ocrx_word' id='word_1_561' title='bbox 3298 3080 3369 3129; x_wconf 87' lang='lat' dir='ltr'><strong>ita</strong></span> 
     </span>
    </p>
   </div>
   <div class='ocr_carea' id='block_1_77' title="bbox 1795 3166 3370 3239">
    <p class='ocr_par' dir='ltr' id='par_1_77' title="bbox 1795 3166 3370 3239">
     <span class='ocr_line' id='line_1_77' title="bbox 1795 3166 3370 3239; baseline 0.001 -17"><span class='ocrx_word' id='word_1_562' title='bbox 1795 3173 1901 3233; x_wconf 88' lang='lat' dir='ltr'><strong>est,</strong></span> <span class='ocrx_word' id='word_1_563' title='bbox 1945 3166 2039 3223; x_wconf 85' lang='lat' dir='ltr'><strong>sed</strong></span> <span class='ocrx_word' id='word_1_564' title='bbox 2084 3166 2173 3222; x_wconf 90' lang='lat' dir='ltr'><strong>ille</strong></span> <span class='ocrx_word' id='word_1_565' title='bbox 2210 3167 2403 3223; x_wconf 89' lang='lat' dir='ltr'><strong>beatus</strong></span> <span class='ocrx_word' id='word_1_566' title='bbox 2442 3176 2526 3222; x_wconf 93' lang='lat' dir='ltr'><strong>est</strong></span> <span class='ocrx_word' id='word_1_567' title='bbox 2557 3168 2649 3238; x_wconf 88' lang='lat' dir='ltr'><strong>qui</strong></span> <span class='ocrx_word' id='word_1_568' title='bbox 2689 3169 2849 3224; x_wconf 89' lang='lat' dir='ltr'><strong>simul</strong></span> <span class='ocrx_word' id='word_1_569' title='bbox 2892 3177 2947 3224; x_wconf 92' lang='lat' dir='ltr'><strong>et</strong></span> <span class='ocrx_word' id='word_1_570' title='bbox 2981 3168 3129 3235; x_wconf 86' lang='lat' dir='ltr'><strong>facit,</strong></span> <span class='ocrx_word' id='word_1_571' title='bbox 3162 3178 3217 3223; x_wconf 88' lang='lat' dir='ltr'><strong>et</strong></span> <span class='ocrx_word' id='word_1_572' title='bbox 3246 3184 3370 3239; x_wconf 79' lang='lat' dir='ltr'><strong>erga</strong></span> 
     </span>
    </p>
   </div>
   <div class='ocr_carea' id='block_1_78' title="bbox 1794 3259 3369 3331">
    <p class='ocr_par' dir='ltr' id='par_1_78' title="bbox 1794 3259 3369 3331">
     <span class='ocr_line' id='line_1_78' title="bbox 1794 3259 3369 3331; baseline 0.001 -17"><span class='ocrx_word' id='word_1_573' title='bbox 1794 3269 2019 3314; x_wconf 63' lang='lat' dir='ltr'><strong>caeteros</strong></span> <span class='ocrx_word' id='word_1_574' title='bbox 2058 3259 2140 3313; x_wconf 90' lang='lat' dir='ltr'><strong>sui</strong></span> <span class='ocrx_word' id='word_1_575' title='bbox 2170 3259 2382 3331; x_wconf 84' lang='lat' dir='ltr'><strong>generis</strong></span> <span class='ocrx_word' id='word_1_576' title='bbox 2415 3260 2666 3316; x_wconf 88' lang='lat' dir='ltr'><strong>homines</strong></span> <span class='ocrx_word' id='word_1_577' title='bbox 2703 3277 2813 3316; x_wconf 90' lang='lat' dir='ltr'><strong>non</strong></span> <span class='ocrx_word' id='word_1_578' title='bbox 2844 3262 3238 3318; x_wconf 87' lang='lat' dir='ltr'><strong>contumelioso</strong></span> <span class='ocrx_word' id='word_1_579' title='bbox 3269 3276 3369 3316; x_wconf 89' lang='lat' dir='ltr'><strong>nee</strong></span> 
     </span>
    </p>
   </div>
   <div class='ocr_carea' id='block_1_79' title="bbox 1793 3350 3364 3420">
    <p class='ocr_par' dir='ltr' id='par_1_79' title="bbox 1793 3350 3364 3420">
     <span class='ocr_line' id='line_1_79' title="bbox 1793 3350 3364 3420; baseline 0.001 -17"><span class='ocrx_word' id='word_1_580' title='bbox 1793 3350 2093 3405; x_wconf 85' lang='lat' dir='ltr'><strong>inhumano</strong></span> <span class='ocrx_word' id='word_1_581' title='bbox 2116 3352 2538 3409; x_wconf 79' lang='lat' dir='ltr'><strong>animoaﬂectus</strong></span> <span class='ocrx_word' id='word_1_582' title='bbox 2563 3361 2671 3408; x_wconf 91' lang='lat' dir='ltr'><strong>est.</strong></span> <span class='ocrx_word' id='word_1_583' title='bbox 2712 3372 2731 3405; x_wconf 73' lang='grc' dir='ltr'><strong>ι</strong></span> <span class='ocrx_word' id='word_1_584' title='bbox 2765 3354 2896 3420; x_wconf 66' lang='lat' dir='ltr'><strong>Quae</strong></span> <span class='ocrx_word' id='word_1_585' title='bbox 2919 3364 3003 3408; x_wconf 91' lang='lat' dir='ltr'><strong>est</strong></span> <span class='ocrx_word' id='word_1_586' title='bbox 3029 3354 3314 3408; x_wconf 81' lang='lat' dir='ltr'><strong>libertatis.</strong></span> <span class='ocrx_word' id='word_1_587' title='bbox 3346 3373 3364 3405; x_wconf 72' lang='grc' dir='ltr'><strong>ι</strong></span> 
     </span>
    </p>
   </div>
   <div class='ocr_carea' id='block_1_80' title="bbox 1794 3440 3365 3515">
    <p class='ocr_par' dir='ltr' id='par_1_80' title="bbox 1794 3440 3365 3515">
     <span class='ocr_line' id='line_1_80' title="bbox 1794 3440 3365 3515; baseline 0.003 -18"><span class='ocrx_word' id='word_1_588' title='bbox 1794 3440 1897 3497; x_wconf 89' lang='lat' dir='ltr'><strong>Ubi</strong></span> <span class='ocrx_word' id='word_1_589' title='bbox 1935 3442 2157 3498; x_wconf 82' lang='lat' dir='ltr'><strong>dixisset</strong></span> <span class='ocrx_word' id='word_1_590' title='bbox 2177 3443 2371 3515; x_wconf 80' lang='lat' dir='ltr'><strong>Legem</strong></span> <span class='ocrx_word' id='word_1_591' title='bbox 2404 3444 2723 3515; x_wconf 80' lang='lat' dir='ltr'><strong>perfectam,</strong></span> <span class='ocrx_word' id='word_1_592' title='bbox 2776 3446 3089 3515; x_wconf 73' lang='lat' dir='ltr'><strong>subiunxit:</strong></span> <span class='ocrx_word' id='word_1_593' title='bbox 3126 3446 3255 3513; x_wconf 63' lang='lat' dir='ltr'><strong>Qum</strong></span> <span class='ocrx_word' id='word_1_594' title='bbox 3288 3457 3365 3502; x_wconf 82' lang='lat' dir='ltr'><strong>est</strong></span> 
     </span>
    </p>
   </div>
   <div class='ocr_carea' id='block_1_81' title="bbox 1792 3534 3371 3609">
    <p class='ocr_par' dir='ltr' id='par_1_81' title="bbox 1792 3534 3371 3609">
     <span class='ocr_line' id='line_1_81' title="bbox 1792 3534 3371 3609; baseline 0.003 -20"><span class='ocrx_word' id='word_1_595' title='bbox 1792 3534 2078 3603; x_wconf 87' lang='lat' dir='ltr'><strong>libertatis,</strong></span> <span class='ocrx_word' id='word_1_596' title='bbox 2099 3537 2385 3609; x_wconf 89' lang='lat' dir='ltr'><strong>assignans</strong></span> <span class='ocrx_word' id='word_1_597' title='bbox 2409 3540 2527 3609; x_wconf 82' lang='lat' dir='ltr'><strong>ejus</strong></span> <span class='ocrx_word' id='word_1_598' title='bbox 2553 3538 2883 3595; x_wconf 86' lang='lat' dir='ltr'><strong>libertatem.</strong></span> <span class='ocrx_word' id='word_1_599' title='bbox 2909 3540 3020 3595; x_wconf 82' lang='lat' dir='ltr'><strong>Lex</strong></span> <span class='ocrx_word' id='word_1_600' title='bbox 3042 3540 3185 3596; x_wconf 92' lang='lat' dir='ltr'><strong>enim</strong></span> <span class='ocrx_word' id='word_1_601' title='bbox 3212 3541 3371 3595; x_wconf 84' lang='lat' dir='ltr'><strong>Chri-</strong></span> 
     </span>
    </p>
   </div>
   <div class='ocr_carea' id='block_1_82' title="bbox 1794 3628 3369 3703">
    <p class='ocr_par' dir='ltr' id='par_1_82' title="bbox 1794 3628 3369 3703">
     <span class='ocr_line' id='line_1_82' title="bbox 1794 3628 3369 3703; baseline 0.002 -21"><span class='ocrx_word' id='word_1_602' title='bbox 1794 3628 1862 3682; x_wconf 89' lang='lat' dir='ltr'><strong>sti</strong></span> <span class='ocrx_word' id='word_1_603' title='bbox 1899 3644 1929 3685; x_wconf 86' lang='lat' dir='ltr'><strong>a</strong></span> <span class='ocrx_word' id='word_1_604' title='bbox 1967 3629 2231 3684; x_wconf 86' lang='lat' dir='ltr'><strong>servitute</strong></span> <span class='ocrx_word' id='word_1_605' title='bbox 2277 3630 2518 3686; x_wconf 85' lang='lat' dir='ltr'><strong>liberans</strong></span> <span class='ocrx_word' id='word_1_606' title='bbox 2562 3629 2807 3685; x_wconf 90' lang='lat' dir='ltr'><strong>omnium</strong></span> <span class='ocrx_word' id='word_1_607' title='bbox 2860 3632 3179 3697; x_wconf 87' lang='lat' dir='ltr'><strong>carnalium,</strong></span> <span class='ocrx_word' id='word_1_608' title='bbox 3240 3642 3369 3703; x_wconf 87' lang='lat' dir='ltr'><strong>puta</strong></span> 
     </span>
    </p>
   </div>
   <div class='ocr_carea' id='block_1_83' title="bbox 1793 3716 3373 3777">
    <p class='ocr_par' dir='ltr' id='par_1_83' title="bbox 1793 3716 3373 3777">
     <span class='ocr_line' id='line_1_83' title="bbox 1793 3716 3373 3777; baseline 0.003 -6"><span class='ocrx_word' id='word_1_609' title='bbox 1793 3716 2156 3773; x_wconf 88' lang='lat' dir='ltr'><strong>Sabbatorum</strong></span> <span class='ocrx_word' id='word_1_610' title='bbox 2186 3728 2241 3773; x_wconf 91' lang='lat' dir='ltr'><strong>et</strong></span> <span class='ocrx_word' id='word_1_611' title='bbox 2270 3718 2700 3775; x_wconf 89' lang='lat' dir='ltr'><strong>eircumcisionis</strong></span> <span class='ocrx_word' id='word_1_612' title='bbox 2732 3736 2796 3776; x_wconf 90' lang='lat' dir='ltr'><strong>ac</strong></span> <span class='ocrx_word' id='word_1_613' title='bbox 2824 3722 3003 3776; x_wconf 90' lang='lat' dir='ltr'><strong>cultus</strong></span> <span class='ocrx_word' id='word_1_614' title='bbox 3034 3722 3175 3777; x_wconf 89' lang='lat' dir='ltr'><strong>circa</strong></span> <span class='ocrx_word' id='word_1_615' title='bbox 3210 3733 3373 3776; x_wconf 73' lang='lat' dir='ltr'><strong>caete-</strong></span> 
     </span>
    </p>
   </div>
   <div class='ocr_carea' id='block_1_84' title="bbox 1790 3810 3373 3882">
    <p class='ocr_par' dir='ltr' id='par_1_84' title="bbox 1790 3810 3373 3882">
     <span class='ocr_line' id='line_1_84' title="bbox 1790 3810 3373 3882; baseline 0.001 -17"><span class='ocrx_word' id='word_1_616' title='bbox 1790 3824 1878 3865; x_wconf 89' lang='lat' dir='ltr'><strong>ras</strong></span> <span class='ocrx_word' id='word_1_617' title='bbox 1904 3810 2326 3880; x_wconf 80' lang='lat' dir='ltr'><strong>puriﬁcationes,</strong></span> <span class='ocrx_word' id='word_1_618' title='bbox 2354 3811 2411 3866; x_wconf 92' lang='lat' dir='ltr'><strong>in</strong></span> <span class='ocrx_word' id='word_1_619' title='bbox 2472 3812 2722 3866; x_wconf 88' lang='lat' dir='ltr'><strong>libertate</strong></span> <span class='ocrx_word' id='word_1_620' title='bbox 2751 3823 2805 3868; x_wconf 90' lang='lat' dir='ltr'><strong>et</strong></span> <span class='ocrx_word' id='word_1_621' title='bbox 2833 3814 3015 3882; x_wconf 85' lang='lat' dir='ltr'><strong>requie</strong></span> <span class='ocrx_word' id='word_1_622' title='bbox 3040 3814 3108 3868; x_wconf 89' lang='lat' dir='ltr'><strong>ab</strong></span> <span class='ocrx_word' id='word_1_623' title='bbox 3139 3814 3222 3867; x_wconf 78' lang='lat' dir='ltr'><strong>liis</strong></span> <span class='ocrx_word' id='word_1_624' title='bbox 3247 3829 3373 3868; x_wconf 77' lang='lat' dir='ltr'><strong>con-</strong></span> 
     </span>
    </p>
   </div>
   <div class='ocr_carea' id='block_1_85' title="bbox 1793 3895 3367 3967">
    <p class='ocr_par' dir='ltr' id='par_1_85' title="bbox 1793 3895 3367 3967">
     <span class='ocr_line' id='line_1_85' title="bbox 1793 3895 3367 3967; baseline 0.003 -18"><span class='ocrx_word' id='word_1_625' title='bbox 1793 3895 1968 3949; x_wconf 87' lang='lat' dir='ltr'><strong>stituit</strong></span> <span class='ocrx_word' id='word_1_626' title='bbox 1998 3895 2347 3950; x_wconf 90' lang='lat' dir='ltr'><strong>accedentem</strong></span> <span class='ocrx_word' id='word_1_627' title='bbox 2381 3912 2393 3949; x_wconf 90' lang='lat'><strong>:</strong></span> <span class='ocrx_word' id='word_1_628' title='bbox 2424 3905 2479 3950; x_wconf 90' lang='lat' dir='ltr'><strong>et</strong></span> <span class='ocrx_word' id='word_1_629' title='bbox 2508 3908 2733 3967; x_wconf 89' lang='lat' dir='ltr'><strong>propter</strong></span> <span class='ocrx_word' id='word_1_630' title='bbox 2764 3899 3073 3955; x_wconf 87' lang='lat' dir='ltr'><strong>libertatem</strong></span> <span class='ocrx_word' id='word_1_631' title='bbox 3104 3915 3167 3955; x_wconf 90' lang='lat' dir='ltr'><strong>ac</strong></span> <span class='ocrx_word' id='word_1_632' title='bbox 3197 3905 3367 3955; x_wconf 75' lang='lat' dir='ltr'><strong>suavi-</strong></span> 
     </span>
    </p>
   </div>
   <div class='ocr_carea' id='block_1_86' title="bbox 1793 3987 3369 4059">
    <p class='ocr_par' dir='ltr' id='par_1_86' title="bbox 1793 3987 3369 4059">
     <span class='ocr_line' id='line_1_86' title="bbox 1793 3987 3369 4059; baseline 0.004 -17"><span class='ocrx_word' id='word_1_633' title='bbox 1793 3996 1956 4042; x_wconf 86' lang='lat' dir='ltr'><strong>tatem</strong></span> <span class='ocrx_word' id='word_1_634' title='bbox 1973 4003 2091 4057; x_wconf 65' lang='lat' dir='ltr'><strong>quae</strong></span> <span class='ocrx_word' id='word_1_635' title='bbox 2113 3987 2406 4042; x_wconf 89' lang='lat' dir='ltr'><strong>alibertate</strong></span> <span class='ocrx_word' id='word_1_636' title='bbox 2434 3990 2700 4059; x_wconf 85' lang='lat' dir='ltr'><strong>procedit,</strong></span> <span class='ocrx_word' id='word_1_637' title='bbox 2736 3992 2898 4046; x_wconf 88' lang='lat' dir='ltr'><strong>etiam</strong></span> <span class='ocrx_word' id='word_1_638' title='bbox 2926 3992 3073 4048; x_wconf 90' lang='lat' dir='ltr'><strong>hunc</strong></span> <span class='ocrx_word' id='word_1_639' title='bbox 3100 4002 3369 4048; x_wconf 84' lang='lat' dir='ltr'><strong>attentum</strong></span> 
     </span>
    </p>
   </div>
   <div class='ocr_carea' id='block_1_87' title="bbox 1792 4078 3361 4151">
    <p class='ocr_par' dir='ltr' id='par_1_87' title="bbox 1792 4078 3361 4151">
     <span class='ocr_line' id='line_1_87' title="bbox 1792 4078 3361 4151; baseline 0.004 -20"><span class='ocrx_word' id='word_1_640' title='bbox 1792 4078 1991 4143; x_wconf 87' lang='lat' dir='ltr'><strong>reddit,</strong></span> <span class='ocrx_word' id='word_1_641' title='bbox 2036 4078 2338 4149; x_wconf 88' lang='lat' dir='ltr'><strong>liberatque</strong></span> <span class='ocrx_word' id='word_1_642' title='bbox 2385 4080 2658 4136; x_wconf 86' lang='lat' dir='ltr'><strong>oblivione</strong></span> <span class='ocrx_word' id='word_1_643' title='bbox 2688 4098 2808 4151; x_wconf 75' lang='lat' dir='ltr'><strong>qua:</strong></span> <span class='ocrx_word' id='word_1_644' title='bbox 2847 4084 2987 4139; x_wconf 86' lang='lat' dir='ltr'><strong>bona</strong></span> <span class='ocrx_word' id='word_1_645' title='bbox 3027 4087 3208 4139; x_wconf 89' lang='lat' dir='ltr'><strong>omnia</strong></span> <span class='ocrx_word' id='word_1_646' title='bbox 3251 4103 3361 4141; x_wconf 80' lang='lat' dir='ltr'><strong>cer-</strong></span> 
     </span>
    </p>
   </div>
   <div class='ocr_carea' id='block_1_88' title="bbox 1792 4168 3370 4242">
    <p class='ocr_par' dir='ltr' id='par_1_88' title="bbox 1792 4168 3370 4242">
     <span class='ocr_line' id='line_1_88' title="bbox 1792 4168 3370 4242; baseline 0.007 -22"><span class='ocrx_word' id='word_1_647' title='bbox 1792 4168 2016 4237; x_wconf 91' lang='lat' dir='ltr'><strong>rumpit.</strong></span> <span class='ocrx_word' id='word_1_648' title='bbox 2060 4168 2206 4222; x_wconf 85' lang='lat' dir='ltr'><strong>Nihil</strong></span> <span class='ocrx_word' id='word_1_649' title='bbox 2234 4170 2379 4226; x_wconf 88' lang='lat' dir='ltr'><strong>enim</strong></span> <span class='ocrx_word' id='word_1_650' title='bbox 2406 4171 2543 4225; x_wconf 88' lang='lat' dir='ltr'><strong>adeo</strong></span> <span class='ocrx_word' id='word_1_651' title='bbox 2578 4174 2870 4242; x_wconf 86' lang='lat' dir='ltr'><strong>persuadet</strong></span> <span class='ocrx_word' id='word_1_652' title='bbox 2896 4174 3178 4230; x_wconf 71' lang='lat' dir='ltr'><strong>adhaerere</strong></span> <span class='ocrx_word' id='word_1_653' title='bbox 3209 4177 3370 4232; x_wconf 87' lang='lat' dir='ltr'><strong>alicui</strong></span> 
     </span>
    </p>
   </div>
   <div class='ocr_carea' id='block_1_89' title="bbox 1794 4258 3368 4339">
    <p class='ocr_par' dir='ltr' id='par_1_89' title="bbox 1794 4258 3368 4339">
     <span class='ocr_line' id='line_1_89' title="bbox 1794 4258 3368 4339; baseline 0.008 -28"><span class='ocrx_word' id='word_1_654' title='bbox 1794 4258 1933 4312; x_wconf 90' lang='lat' dir='ltr'><strong>sicut</strong></span> <span class='ocrx_word' id='word_1_655' title='bbox 1966 4259 2117 4322; x_wconf 87' lang='lat' dir='ltr'><strong>illud,</strong></span> <span class='ocrx_word' id='word_1_656' title='bbox 2143 4276 2339 4331; x_wconf 85' lang='lat' dir='ltr'><strong>nempe</strong></span> <span class='ocrx_word' id='word_1_657' title='bbox 2366 4264 2510 4333; x_wconf 91' lang='lat' dir='ltr'><strong>quod</strong></span> <span class='ocrx_word' id='word_1_658' title='bbox 2533 4266 2774 4335; x_wconf 89' lang='lat' dir='ltr'><strong>requiem</strong></span> <span class='ocrx_word' id='word_1_659' title='bbox 2802 4283 2832 4321; x_wconf 89' lang='lat' dir='ltr'><strong>a</strong></span> <span class='ocrx_word' id='word_1_660' title='bbox 2858 4270 3089 4339; x_wconf 87' lang='lat' dir='ltr'><strong>negotiis</strong></span> <span class='ocrx_word' id='word_1_661' title='bbox 3121 4279 3173 4324; x_wconf 91' lang='lat' dir='ltr'><strong>et</strong></span> <span class='ocrx_word' id='word_1_662' title='bbox 3203 4271 3368 4326; x_wconf 85' lang='lat' dir='ltr'><strong>liber-</strong></span> 
     </span>
    </p>
   </div>
   <div class='ocr_carea' id='block_1_90' title="bbox 1794 4352 3369 4430">
    <p class='ocr_par' dir='ltr' id='par_1_90' title="bbox 1794 4352 3369 4430">
     <span class='ocr_line' id='line_1_90' title="bbox 1794 4352 3369 4430; baseline 0.01 -29"><span class='ocrx_word' id='word_1_663' title='bbox 1794 4356 1960 4404; x_wconf 90' lang='lat' dir='ltr'><strong>tatem</strong></span> <span class='ocrx_word' id='word_1_664' title='bbox 1995 4352 2123 4407; x_wconf 88' lang='lat' dir='ltr'><strong>dare</strong></span> <span class='ocrx_word' id='word_1_665' title='bbox 2153 4354 2509 4423; x_wconf 90' lang='lat' dir='ltr'><strong>conspicitur.</strong></span> <span class='ocrx_word' id='word_1_666' title='bbox 2542 4355 2771 4428; x_wconf 87' lang='lat' dir='ltr'><strong>Insuper</strong></span> <span class='ocrx_word' id='word_1_667' title='bbox 2805 4359 2950 4415; x_wconf 90' lang='lat' dir='ltr'><strong>hunc</strong></span> <span class='ocrx_word' id='word_1_668' title='bbox 2989 4375 3203 4430; x_wconf 69' lang='lat' dir='ltr'><strong>quoque</strong></span> <span class='ocrx_word' id='word_1_669' title='bbox 3240 4363 3369 4416; x_wconf 82' lang='lat' dir='ltr'><strong>bea-</strong></span> 
     </span>
    </p>
   </div>
   <div class='ocr_carea' id='block_1_91' title="bbox 1794 4442 3369 4508">
    <p class='ocr_par' dir='ltr' id='par_1_91' title="bbox 1794 4442 3369 4508">
     <span class='ocr_line' id='line_1_91' title="bbox 1794 4442 3369 4508; baseline 0.007 -11"><span class='ocrx_word' id='word_1_670' title='bbox 1794 4451 1908 4497; x_wconf 89' lang='lat' dir='ltr'><strong>tum</strong></span> <span class='ocrx_word' id='word_1_671' title='bbox 1943 4442 2351 4499; x_wconf 86' lang='lat' dir='ltr'><strong>demonstravit.</strong></span> <span class='ocrx_word' id='word_1_672' title='bbox 2384 4464 2403 4497; x_wconf 77' lang='grc'><strong>(</strong></span> <span class='ocrx_word' id='word_1_673' title='bbox 2429 4446 2657 4501; x_wconf 88' lang='lat' dir='ltr'><strong>Auditor</strong></span> <span class='ocrx_word' id='word_1_674' title='bbox 2681 4449 2997 4505; x_wconf 81' lang='lat' dir='ltr'><strong>obliviosus.</strong></span> <span class='ocrx_word' id='word_1_675' title='bbox 3034 4471 3052 4503; x_wconf 75' lang='grc' dir='ltr'><strong>ι</strong></span> <span class='ocrx_word' id='word_1_676' title='bbox 3088 4453 3369 4508; x_wconf 83' lang='lat' dir='ltr'><strong>Auditioni</strong></span> 
     </span>
    </p>
   </div>
   <div class='ocr_carea' id='block_1_92' title="bbox 124 4527 1697 4616">
    <p class='ocr_par' dir='ltr' id='par_1_92' title="bbox 124 4527 1691 4613">
     <span class='ocr_line' id='line_1_92' title="bbox 124 4527 1691 4613; baseline 0.011 -33"><span class='ocrx_word' id='word_1_677' title='bbox 124 4527 413 4601; x_wconf 75' lang='grc' dir='ltr'>λησμονὴν,</span> <span class='ocrx_word' id='word_1_678' title='bbox 454 4531 533 4595; x_wconf 83' lang='grc' dir='ltr'>ὡς</span> <span class='ocrx_word' id='word_1_679' title='bbox 577 4533 627 4586; x_wconf 81' lang='grc' dir='ltr'><strong>εί</strong></span> <span class='ocrx_word' id='word_1_680' title='bbox 676 4533 818 4587; x_wconf 82' lang='grc' dir='ltr'>ἐνδεῖ</span> <span class='ocrx_word' id='word_1_681' title='bbox 862 4533 965 4605; x_wconf 84' lang='grc' dir='ltr'>τῆς</span> <span class='ocrx_word' id='word_1_682' title='bbox 1019 4538 1289 4609; x_wconf 83' lang='grc' dir='ltr'>ποιήσεως</span> <span class='ocrx_word' id='word_1_683' title='bbox 1330 4543 1364 4611; x_wconf 79' lang='grc' dir='ltr'><strong>η</strong></span> <span class='ocrx_word' id='word_1_684' title='bbox 1409 4542 1691 4613; x_wconf 82' lang='grc' dir='ltr'>ἀκρόασις,</span> 
     </span>
    </p>
   </div>
   <div class='ocr_carea' id='block_1_93' title="bbox 1794 4527 3371 4616">
    <p class='ocr_par' dir='ltr' id='par_1_93' title="bbox 1799 4534 3371 4616">
     <span class='ocr_line' id='line_1_93' title="bbox 1799 4534 3371 4616; baseline 0.01 -30"><span class='ocrx_word' id='word_1_685' title='bbox 1799 4534 2081 4602; x_wconf 80' lang='lat' dir='ltr'><strong>conjunxit</strong></span> <span class='ocrx_word' id='word_1_686' title='bbox 2123 4535 2471 4603; x_wconf 75' lang='lat' dir='ltr'><strong>oblivionem,</strong></span> <span class='ocrx_word' id='word_1_687' title='bbox 2497 4539 2641 4607; x_wconf 90' lang='lat' dir='ltr'><strong>quod</strong></span> <span class='ocrx_word' id='word_1_688' title='bbox 2681 4540 2943 4595; x_wconf 90' lang='lat' dir='ltr'><strong>auditioni</strong></span> <span class='ocrx_word' id='word_1_689' title='bbox 2979 4558 3119 4613; x_wconf 87' lang='lat' dir='ltr'><strong>opus</strong></span> <span class='ocrx_word' id='word_1_690' title='bbox 3147 4546 3216 4599; x_wconf 91' lang='lat' dir='ltr'><strong>sit</strong></span> <span class='ocrx_word' id='word_1_691' title='bbox 3240 4561 3371 4616; x_wconf 84' lang='lat' dir='ltr'><strong>ope-</strong></span> 
     </span>
    </p>
   </div>
   <div class='ocr_carea' id='block_1_94' title="bbox 124 4622 1692 4701">
    <p class='ocr_par' dir='ltr' id='par_1_94' title="bbox 124 4622 1692 4701">
     <span class='ocr_line' id='line_1_94' title="bbox 124 4622 1692 4701; baseline 0.01 -30"><span class='ocrx_word' id='word_1_692' title='bbox 124 4622 268 4675; x_wconf 72' lang='grc' dir='ltr'>οὺδὲν</span> <span class='ocrx_word' id='word_1_693' title='bbox 298 4624 535 4693; x_wconf 80' lang='grc' dir='ltr'>πρᾶγμα</span> <span class='ocrx_word' id='word_1_694' title='bbox 582 4625 659 4695; x_wconf 78' lang='grc' dir='ltr'>μὴ</span> <span class='ocrx_word' id='word_1_695' title='bbox 700 4624 794 4678; x_wconf 80' lang='grc' dir='ltr'>καὶ</span> <span class='ocrx_word' id='word_1_696' title='bbox 820 4625 919 4697; x_wconf 81' lang='grc' dir='ltr'><strong>τὴν</strong></span> <span class='ocrx_word' id='word_1_697' title='bbox 969 4628 1345 4701; x_wconf 73' lang='grc' dir='ltr'>ἐπιλησμονὴν</span> <span class='ocrx_word' id='word_1_698' title='bbox 1392 4633 1692 4687; x_wconf 76' lang='grc' dir='ltr'>ἐπακολου-</span> 
     </span>
    </p>
   </div>
   <div class='ocr_carea' id='block_1_95' title="bbox 126 4709 1691 4798">
    <p class='ocr_par' dir='ltr' id='par_1_95' title="bbox 126 4709 1691 4798">
     <span class='ocr_line' id='line_1_95' title="bbox 126 4709 1691 4798; baseline 0.012 -35"><span class='ocrx_word' id='word_1_699' title='bbox 126 4709 301 4782; x_wconf 77' lang='grc' dir='ltr'>θῆσαι,</span> <span class='ocrx_word' id='word_1_700' title='bbox 338 4714 415 4777; x_wconf 76' lang='grc' dir='ltr'>ὡς</span> <span class='ocrx_word' id='word_1_701' title='bbox 454 4715 598 4770; x_wconf 69' lang='grc' dir='ltr'>κατὰ</span> <span class='ocrx_word' id='word_1_702' title='bbox 638 4716 915 4789; x_wconf 72' lang='grc' dir='ltr'>πάρεργον</span> <span class='ocrx_word' id='word_1_703' title='bbox 957 4721 1059 4774; x_wconf 82' lang='grc' dir='ltr'><strong>οὐκ</strong></span> <span class='ocrx_word' id='word_1_704' title='bbox 1101 4722 1340 4794; x_wconf 80' lang='grc' dir='ltr'>ἐνεργῶς</span> <span class='ocrx_word' id='word_1_705' title='bbox 1360 4722 1457 4792; x_wconf 81' lang='grc' dir='ltr'>τῆς</span> <span class='ocrx_word' id='word_1_706' title='bbox 1490 4726 1691 4798; x_wconf 84' lang='grc' dir='ltr'>ἀκροά-</span> 
     </span>
    </p>
   </div>
   <div class='ocr_carea' id='block_1_96' title="bbox 126 4807 607 4877">
    <p class='ocr_par' dir='ltr' id='par_1_96' title="bbox 126 4807 607 4877">
     <span class='ocr_line' id='line_1_96' title="bbox 126 4807 607 4877; baseline 0.01 -22"><span class='ocrx_word' id='word_1_707' title='bbox 126 4820 254 4868; x_wconf 83' lang='grc' dir='ltr'>σεως</span> <span class='ocrx_word' id='word_1_708' title='bbox 282 4807 607 4877; x_wconf 82' lang='grc' dir='ltr'>γενομένης.</span> 
     </span>
    </p>
   </div>
   <div class='ocr_carea' id='block_1_97' title="bbox 183 4894 1687 4975">
    <p class='ocr_par' dir='ltr' id='par_1_97' title="bbox 183 4894 1687 4975">
     <span class='ocr_line' id='line_1_97' title="bbox 183 4894 1687 4975; baseline 0.011 -30"><span class='ocrx_word' id='word_1_709' title='bbox 183 4894 253 4946; x_wconf 82' lang='grc' dir='ltr'><strong>ει</strong></span> <span class='ocrx_word' id='word_1_710' title='bbox 299 4912 388 4960; x_wconf 76' lang='grc' dir='ltr'><strong>τις</strong></span> <span class='ocrx_word' id='word_1_711' title='bbox 414 4895 589 4949; x_wconf 72' lang='grc' dir='ltr'>δοκεῖ</span> <span class='ocrx_word' id='word_1_712' title='bbox 614 4896 885 4966; x_wconf 82' lang='grc' dir='ltr'>θρῆσκος</span> <span class='ocrx_word' id='word_1_713' title='bbox 917 4899 1073 4954; x_wconf 80' lang='grc' dir='ltr'>εἶναι</span> <span class='ocrx_word' id='word_1_714' title='bbox 1095 4902 1165 4957; x_wconf 80' lang='grc' dir='ltr'><strong>ἐν</strong></span> <span class='ocrx_word' id='word_1_715' title='bbox 1196 4902 1360 4975; x_wconf 82' lang='grc' dir='ltr'>ὑμῖν,</span> <span class='ocrx_word' id='word_1_716' title='bbox 1398 4904 1485 4974; x_wconf 78' lang='grc' dir='ltr'><strong>μὴ</strong></span> <span class='ocrx_word' id='word_1_717' title='bbox 1518 4911 1687 4974; x_wconf 79' lang='grc' dir='ltr'>χαλι-</span> 
     </span>
    </p>
   </div>
   <div class='ocr_carea' id='block_1_98' title="bbox 119 4984 1689 5065">
    <p class='ocr_par' dir='ltr' id='par_1_98' title="bbox 119 4984 1689 5065">
     <span class='ocr_line' id='line_1_98' title="bbox 119 4984 1689 5065; baseline 0.012 -32"><span class='ocrx_word' id='word_1_718' title='bbox 119 4984 397 5053; x_wconf 69' lang='grc' dir='ltr'>ναγωτῶν</span> <span class='ocrx_word' id='word_1_719' title='bbox 428 4985 722 5054; x_wconf 67' lang='grc' dir='ltr'>γλῶσσαν</span> <span class='ocrx_word' id='word_1_720' title='bbox 748 4989 955 5057; x_wconf 85' lang='grc' dir='ltr'>αὐτοῦ,</span> <span class='ocrx_word' id='word_1_721' title='bbox 978 4991 1140 5046; x_wconf 69' lang='grc' dir='ltr'>ἀλλὰ</span> <span class='ocrx_word' id='word_1_722' title='bbox 1166 4994 1412 5049; x_wconf 78' lang='grc' dir='ltr'>ἀπατῶν</span> <span class='ocrx_word' id='word_1_723' title='bbox 1436 4998 1689 5065; x_wconf 81' lang='grc' dir='ltr'>καρδίαν</span> 
     </span>
    </p>
   </div>
   <div class='ocr_carea' id='block_1_99' title="bbox 124 5073 1687 5156">
    <p class='ocr_par' dir='ltr' id='par_1_99' title="bbox 124 5073 1687 5156">
     <span class='ocr_line' id='line_1_99' title="bbox 124 5073 1687 5156; baseline 0.013 -32"><span class='ocrx_word' id='word_1_724' title='bbox 124 5073 321 5137; x_wconf 72' lang='grc' dir='ltr'>αὑτοῦ,</span> <span class='ocrx_word' id='word_1_725' title='bbox 374 5076 593 5130; x_wconf 76' lang='grc' dir='ltr'>τούτου</span> <span class='ocrx_word' id='word_1_726' title='bbox 636 5077 895 5147; x_wconf 77' lang='grc' dir='ltr'>μάταιος</span> <span class='ocrx_word' id='word_1_727' title='bbox 949 5080 989 5149; x_wconf 80' lang='grc' dir='ltr'><strong><em>ἠ</em></strong></span> <span class='ocrx_word' id='word_1_728' title='bbox 1020 5084 1328 5151; x_wconf 78' lang='grc' dir='ltr'>θρησκεία.</span> <span class='ocrx_word' id='word_1_729' title='bbox 1390 5090 1687 5156; x_wconf 80' lang='grc' dir='ltr'>Θρησκεία</span> 
     </span>
    </p>
   </div>
   <div class='ocr_carea' id='block_1_100' title="bbox 126 5166 1682 5249">
    <p class='ocr_par' dir='ltr' id='par_1_100' title="bbox 126 5166 1682 5249">
     <span class='ocr_line' id='line_1_100' title="bbox 126 5166 1682 5249; baseline 0.012 -35"><span class='ocrx_word' id='word_1_730' title='bbox 126 5166 339 5233; x_wconf 79' lang='grc' dir='ltr'>καθαρὰ</span> <span class='ocrx_word' id='word_1_731' title='bbox 364 5166 465 5219; x_wconf 78' lang='grc' dir='ltr'><strong>καί</strong></span> <span class='ocrx_word' id='word_1_732' title='bbox 512 5167 798 5236; x_wconf 83' lang='grc' dir='ltr'>ἀμίαντος</span> <span class='ocrx_word' id='word_1_733' title='bbox 841 5172 1001 5239; x_wconf 77' lang='grc' dir='ltr'>παρὰ</span> <span class='ocrx_word' id='word_1_734' title='bbox 1050 5174 1130 5239; x_wconf 84' lang='grc' dir='ltr'>τῷ</span> <span class='ocrx_word' id='word_1_735' title='bbox 1163 5176 1284 5241; x_wconf 86' lang='grc' dir='ltr'><strong>Θεῷ</strong></span> <span class='ocrx_word' id='word_1_736' title='bbox 1329 5180 1426 5232; x_wconf 78' lang='grc' dir='ltr'>καὶ</span> <span class='ocrx_word' id='word_1_737' title='bbox 1480 5183 1682 5249; x_wconf 74' lang='grc' dir='ltr'>Πατρὶ,</span> 
     </span>
    </p>
   </div>
   <div class='ocr_carea' id='block_1_101' title="bbox 124 5254 1686 5339">
    <p class='ocr_par' dir='ltr' id='par_1_101' title="bbox 124 5254 1686 5339">
     <span class='ocr_line' id='line_1_101' title="bbox 124 5254 1686 5339; baseline 0.013 -35"><span class='ocrx_word' id='word_1_738' title='bbox 124 5254 264 5321; x_wconf 81' lang='grc' dir='ltr'>αὕτη</span> <span class='ocrx_word' id='word_1_739' title='bbox 290 5256 484 5323; x_wconf 81' lang='grc' dir='ltr'>ἐστίν,</span> <span class='ocrx_word' id='word_1_740' title='bbox 518 5258 987 5316; x_wconf 74' lang='grc' dir='ltr'>ἐπισκέπτεσθαι</span> <span class='ocrx_word' id='word_1_741' title='bbox 1023 5264 1328 5333; x_wconf 71' lang='grc' dir='ltr'>ὀρφανοὺς</span> <span class='ocrx_word' id='word_1_742' title='bbox 1362 5269 1460 5322; x_wconf 84' lang='grc' dir='ltr'>καὶ</span> <span class='ocrx_word' id='word_1_743' title='bbox 1494 5270 1686 5339; x_wconf 81' lang='grc' dir='ltr'>χήρας</span> 
     </span>
    </p>
   </div>
   <div class='ocr_carea' id='block_1_102' title="bbox 124 5344 1687 5428">
    <p class='ocr_par' dir='ltr' id='par_1_102' title="bbox 124 5344 1687 5428">
     <span class='ocr_line' id='line_1_102' title="bbox 124 5344 1687 5428; baseline 0.012 -33"><span class='ocrx_word' id='word_1_744' title='bbox 124 5344 188 5395; x_wconf 81' lang='grc' dir='ltr'><strong>ὲν</strong></span> <span class='ocrx_word' id='word_1_745' title='bbox 234 5346 302 5413; x_wconf 76' lang='grc' dir='ltr'>τῇ</span> <span class='ocrx_word' id='word_1_746' title='bbox 360 5349 564 5416; x_wconf 66' lang='grc' dir='ltr'>θλίψει</span> <span class='ocrx_word' id='word_1_747' title='bbox 633 5349 861 5405; x_wconf 67' lang='grc' dir='ltr'><strong>αὐτῶν·</strong></span> <span class='ocrx_word' id='word_1_748' title='bbox 912 5352 1180 5408; x_wconf 73' lang='grc' dir='ltr'>ἄσπιλον</span> <span class='ocrx_word' id='word_1_749' title='bbox 1229 5357 1447 5413; x_wconf 70' lang='grc' dir='ltr'>ἐαυτέν</span> <span class='ocrx_word' id='word_1_750' title='bbox 1488 5362 1687 5428; x_wconf 61' lang='grc' dir='ltr'>τηρεῖν</span> 
     </span>
    </p>
   </div>
   <div class='ocr_carea' id='block_1_103' title="bbox 124 5437 653 5508">
    <p class='ocr_par' dir='ltr' id='par_1_103' title="bbox 124 5437 653 5508">
     <span class='ocr_line' id='line_1_103' title="bbox 124 5437 653 5508; baseline 0.009 -18"><span class='ocrx_word' id='word_1_751' title='bbox 124 5437 238 5490; x_wconf 74' lang='grc' dir='ltr'>ἀπὸ</span> <span class='ocrx_word' id='word_1_752' title='bbox 263 5439 368 5492; x_wconf 83' lang='grc' dir='ltr'>τοῦ</span> <span class='ocrx_word' id='word_1_753' title='bbox 398 5441 653 5508; x_wconf 78' lang='grc' dir='ltr'>κόσμου.</span> 
     </span>
    </p>
   </div>
   <div class='ocr_carea' id='block_1_104' title="bbox 204 5528 1683 5613">
    <p class='ocr_par' dir='ltr' id='par_1_104' title="bbox 204 5528 1683 5613">
     <span class='ocr_line' id='line_1_104' title="bbox 204 5528 1683 5613; baseline 0.011 -33"><span class='ocrx_word' id='word_1_754' title='bbox 204 5528 265 5580; x_wconf 86' lang='grc' dir='ltr'>Ἡ</span> <span class='ocrx_word' id='word_1_755' title='bbox 312 5531 623 5597; x_wconf 78' lang='grc' dir='ltr'>θρησκεία,</span> <span class='ocrx_word' id='word_1_756' title='bbox 657 5533 817 5587; x_wconf 84' lang='grc' dir='ltr'>πλέον</span> <span class='ocrx_word' id='word_1_757' title='bbox 843 5552 895 5588; x_wconf 90' lang='grc' dir='ltr'><strong>τι</strong></span> <span class='ocrx_word' id='word_1_758' title='bbox 924 5536 1072 5591; x_wconf 83' lang='grc' dir='ltr'>δοκεῖ</span> <span class='ocrx_word' id='word_1_759' title='bbox 1114 5538 1212 5609; x_wconf 79' lang='grc' dir='ltr'>τῆς</span> <span class='ocrx_word' id='word_1_760' title='bbox 1255 5539 1488 5602; x_wconf 85' lang='grc' dir='ltr'>πίστεως</span> <span class='ocrx_word' id='word_1_761' title='bbox 1519 5542 1683 5613; x_wconf 82' lang='grc' dir='ltr'>ἔχειν.</span> 
     </span>
    </p>
   </div>
   <div class='ocr_carea' id='block_1_105' title="bbox 125 5619 1689 5703">
    <p class='ocr_par' dir='ltr' id='par_1_105' title="bbox 125 5619 1689 5703">
     <span class='ocr_line' id='line_1_105' title="bbox 125 5619 1689 5703; baseline 0.009 -30"><span class='ocrx_word' id='word_1_762' title='bbox 125 5619 376 5691; x_wconf 65' lang='grc' dir='ltr'>Κρυςίων</span> <span class='ocrx_word' id='word_1_763' title='bbox 404 5624 514 5693; x_wconf 80' lang='grc' dir='ltr'><strong>γάρ</strong></span> <span class='ocrx_word' id='word_1_764' title='bbox 538 5641 700 5680; x_wconf 86' lang='grc' dir='ltr'>τινων</span> <span class='ocrx_word' id='word_1_765' title='bbox 746 5629 945 5697; x_wconf 84' lang='grc' dir='ltr'>γνῶσιν</span> <span class='ocrx_word' id='word_1_766' title='bbox 972 5630 1031 5685; x_wconf 86' lang='grc' dir='ltr'><strong>τὸ</strong></span> <span class='ocrx_word' id='word_1_767' title='bbox 1059 5631 1231 5703; x_wconf 77' lang='grc' dir='ltr'>ὄνομα</span> <span class='ocrx_word' id='word_1_768' title='bbox 1260 5634 1689 5703; x_wconf 77' lang='grc' dir='ltr'>ἐπαγγέλλεται,</span> 
     </span>
    </p>
   </div>
   <div class='ocr_carea' id='block_1_106' title="bbox 220 5795 713 5864">
    <p class='ocr_par' dir='ltr' id='par_1_106' title="bbox 220 5795 713 5864">
     <span class='ocr_line' id='line_1_106' title="bbox 220 5795 713 5864; baseline 0.022 -17"><span class='ocrx_word' id='word_1_769' title='bbox 220 5797 257 5827; x_wconf 79' lang='grc'><strong>’³</strong></span> <span class='ocrx_word' id='word_1_770' title='bbox 293 5795 417 5854; x_wconf 76' lang='lat' dir='ltr'><strong>Luc.</strong></span> <span class='ocrx_word' id='word_1_771' title='bbox 451 5815 603 5864; x_wconf 78' lang='lat' dir='ltr'><strong>mu,</strong></span> <span class='ocrx_word' id='word_1_772' title='bbox 631 5803 713 5859; x_wconf 67' lang='lat'><strong>10.</strong></span> 
     </span>
    </p>
   </div>
   <div class='ocr_carea' id='block_1_107' title="bbox 1798 4628 3367 4710">
    <p class='ocr_par' dir='ltr' id='par_1_107' title="bbox 1798 4628 3367 4710">
     <span class='ocr_line' id='line_1_107' title="bbox 1798 4628 3367 4710; baseline 0.01 -29"><span class='ocrx_word' id='word_1_773' title='bbox 1798 4628 2030 4692; x_wconf 88' lang='lat' dir='ltr'><strong>ratione,</strong></span> <span class='ocrx_word' id='word_1_774' title='bbox 2066 4628 2273 4684; x_wconf 92' lang='lat' dir='ltr'><strong>nullum</strong></span> <span class='ocrx_word' id='word_1_775' title='bbox 2304 4643 2487 4686; x_wconf 87' lang='lat' dir='ltr'><strong>autem</strong></span> <span class='ocrx_word' id='word_1_776' title='bbox 2518 4647 2657 4703; x_wconf 89' lang='lat' dir='ltr'><strong>opus</strong></span> <span class='ocrx_word' id='word_1_777' title='bbox 2695 4636 3022 4694; x_wconf 87' lang='lat' dir='ltr'><strong>oblivionem</strong></span> <span class='ocrx_word' id='word_1_778' title='bbox 3067 4652 3367 4710; x_wconf 83' lang='lat' dir='ltr'><strong>sequatur:</strong></span> 
     </span>
    </p>
   </div>
   <div class='ocr_carea' id='block_1_108' title="bbox 1797 4718 3367 4797">
    <p class='ocr_par' dir='ltr' id='par_1_108' title="bbox 1797 4718 3367 4797">
     <span class='ocr_line' id='line_1_108' title="bbox 1797 4718 3367 4797; baseline 0.009 -26"><span class='ocrx_word' id='word_1_779' title='bbox 1797 4718 1949 4786; x_wconf 91' lang='lat' dir='ltr'><strong>quasi</strong></span> <span class='ocrx_word' id='word_1_780' title='bbox 1979 4718 2246 4788; x_wconf 81' lang='lat' dir='ltr'><strong>superﬂua</strong></span> <span class='ocrx_word' id='word_1_781' title='bbox 2266 4720 2336 4775; x_wconf 91' lang='lat' dir='ltr'><strong>sit</strong></span> <span class='ocrx_word' id='word_1_782' title='bbox 2364 4722 2573 4778; x_wconf 86' lang='lat' dir='ltr'><strong>auditio</strong></span> <span class='ocrx_word' id='word_1_783' title='bbox 2594 4739 2712 4793; x_wconf 63' lang='lat' dir='ltr'><strong>qua:</strong></span> <span class='ocrx_word' id='word_1_784' title='bbox 2733 4728 2914 4797; x_wconf 89' lang='lat' dir='ltr'><strong>operis</strong></span> <span class='ocrx_word' id='word_1_785' title='bbox 2943 4728 3234 4785; x_wconf 76' lang='lat' dir='ltr'><strong>eiﬁcaeiam</strong></span> <span class='ocrx_word' id='word_1_786' title='bbox 3260 4747 3367 4785; x_wconf 84' lang='lat' dir='ltr'><strong>non</strong></span> 
     </span>
    </p>
   </div>
   <div class='ocr_carea' id='block_1_109' title="bbox 1798 4808 1981 4865">
    <p class='ocr_par' dir='ltr' id='par_1_109' title="bbox 1798 4808 1981 4865">
     <span class='ocr_line' id='line_1_109' title="bbox 1798 4808 1981 4865; baseline 0.016 -3"><span class='ocrx_word' id='word_1_787' title='bbox 1798 4808 1981 4865; x_wconf 59' lang='lat' dir='ltr'><strong>habet</strong></span> 
     </span>
    </p>
   </div>
   <div class='ocr_carea' id='block_1_110' title="bbox 1866 4900 3369 4979">
    <p class='ocr_par' dir='ltr' id='par_1_110' title="bbox 1866 4900 3369 4979">
     <span class='ocr_line' id='line_1_110' title="bbox 1866 4900 3369 4979; baseline 0.007 -25"><span class='ocrx_word' id='word_1_788' title='bbox 1866 4900 1908 4967; x_wconf 86' lang='lat' dir='ltr'><strong>l,</strong></span> <span class='ocrx_word' id='word_1_789' title='bbox 1938 4900 2127 4955; x_wconf 69' lang='lat'><strong>26-27.</strong></span> <span class='ocrx_word' id='word_1_790' title='bbox 2162 4900 2221 4956; x_wconf 88' lang='lat' dir='ltr'><strong>Si</strong></span> <span class='ocrx_word' id='word_1_791' title='bbox 2251 4905 2367 4974; x_wconf 77' lang='lat' dir='ltr'><strong>quis</strong></span> <span class='ocrx_word' id='word_1_792' title='bbox 2398 4906 2602 4960; x_wconf 81' lang='lat' dir='ltr'><strong>videtur</strong></span> <span class='ocrx_word' id='word_1_793' title='bbox 2635 4908 2904 4979; x_wconf 73' lang='lat' dir='ltr'><strong>religiosus</strong></span> <span class='ocrx_word' id='word_1_794' title='bbox 2952 4927 3062 4963; x_wconf 79' lang='lat' dir='ltr'><strong>esse</strong></span> <span class='ocrx_word' id='word_1_795' title='bbox 3103 4922 3240 4965; x_wconf 81' lang='lat' dir='ltr'><strong>mtcr</strong></span> <span class='ocrx_word' id='word_1_796' title='bbox 3278 4929 3369 4965; x_wconf 78' lang='lat' dir='ltr'><strong>vos</strong></span> 
     </span>
    </p>
   </div>
   <div class='ocr_carea' id='block_1_111' title="bbox 1796 4994 3366 5070">
    <p class='ocr_par' dir='ltr' id='par_1_111' title="bbox 1796 4994 3366 5070">
     <span class='ocr_line' id='line_1_111' title="bbox 1796 4994 3366 5070; baseline 0.008 -25"><span class='ocrx_word' id='word_1_797' title='bbox 1796 4994 1885 5062; x_wconf 84' lang='lat' dir='ltr'><strong>qui</strong></span> <span class='ocrx_word' id='word_1_798' title='bbox 1923 5010 2025 5047; x_wconf 81' lang='lat' dir='ltr'><strong>non</strong></span> <span class='ocrx_word' id='word_1_799' title='bbox 2080 4996 2253 5064; x_wconf 84' lang='lat' dir='ltr'><strong>frenat</strong></span> <span class='ocrx_word' id='word_1_800' title='bbox 2301 4996 2537 5066; x_wconf 84' lang='lat' dir='ltr'><strong>linguam</strong></span> <span class='ocrx_word' id='word_1_801' title='bbox 2583 5002 2869 5061; x_wconf 79' lang='lat' dir='ltr'><strong>suam,sed</strong></span> <span class='ocrx_word' id='word_1_802' title='bbox 2906 5003 3045 5070; x_wconf 76' lang='lat' dir='ltr'><strong>fallit</strong></span> <span class='ocrx_word' id='word_1_803' title='bbox 3075 5019 3164 5055; x_wconf 85' lang='lat' dir='ltr'><strong>cor</strong></span> <span class='ocrx_word' id='word_1_804' title='bbox 3192 5020 3366 5065; x_wconf 76' lang='lat' dir='ltr'><strong>situm,</strong></span> 
     </span>
    </p>
   </div>
   <div class='ocr_carea' id='block_1_112' title="bbox 1794 5085 3367 5163">
    <p class='ocr_par' dir='ltr' id='par_1_112' title="bbox 1794 5085 3367 5163">
     <span class='ocr_line' id='line_1_112' title="bbox 1794 5085 3367 5163; baseline 0.008 -27"><span class='ocrx_word' id='word_1_805' title='bbox 1794 5085 1951 5153; x_wconf 80' lang='lat' dir='ltr'><strong>hujus</strong></span> <span class='ocrx_word' id='word_1_806' title='bbox 1984 5101 2119 5138; x_wconf 74' lang='lat' dir='ltr'><strong>vana</strong></span> <span class='ocrx_word' id='word_1_807' title='bbox 2170 5096 2243 5141; x_wconf 83' lang='lat' dir='ltr'><strong>cst</strong></span> <span class='ocrx_word' id='word_1_808' title='bbox 2280 5088 2481 5158; x_wconf 85' lang='lat' dir='ltr'><strong>religio.</strong></span> <span class='ocrx_word' id='word_1_809' title='bbox 2521 5089 2721 5161; x_wconf 83' lang='lat' dir='ltr'><strong>Religio</strong></span> <span class='ocrx_word' id='word_1_810' title='bbox 2767 5108 2904 5163; x_wconf 85' lang='lat' dir='ltr'><strong>pura</strong></span> <span class='ocrx_word' id='word_1_811' title='bbox 2942 5104 2989 5147; x_wconf 76' lang='lat' dir='ltr'><strong>et</strong></span> <span class='ocrx_word' id='word_1_812' title='bbox 3024 5096 3367 5149; x_wconf 83' lang='lat' dir='ltr'><strong>immaculata</strong></span> 
     </span>
    </p>
   </div>
   <div class='ocr_carea' id='block_1_113' title="bbox 1794 5178 3369 5257">
    <p class='ocr_par' dir='ltr' id='par_1_113' title="bbox 1794 5178 3369 5257">
     <span class='ocr_line' id='line_1_113' title="bbox 1794 5178 3369 5257; baseline 0.006 -28"><span class='ocrx_word' id='word_1_813' title='bbox 1794 5179 1935 5244; x_wconf 84' lang='lat' dir='ltr'><strong>apud</strong></span> <span class='ocrx_word' id='word_1_814' title='bbox 1965 5178 2126 5231; x_wconf 84' lang='lat' dir='ltr'><strong>Deum</strong></span> <span class='ocrx_word' id='word_1_815' title='bbox 2159 5189 2206 5231; x_wconf 89' lang='lat' dir='ltr'><strong>et</strong></span> <span class='ocrx_word' id='word_1_816' title='bbox 2238 5178 2449 5234; x_wconf 82' lang='lat' dir='ltr'><strong>Patrem</strong></span> <span class='ocrx_word' id='word_1_817' title='bbox 2499 5182 2608 5236; x_wconf 75' lang='lat' dir='ltr'><strong>Itazc</strong></span> <span class='ocrx_word' id='word_1_818' title='bbox 2643 5195 2740 5248; x_wconf 82' lang='lat' dir='ltr'><strong>est,</strong></span> <span class='ocrx_word' id='word_1_819' title='bbox 2780 5186 2995 5239; x_wconf 79' lang='lat' dir='ltr'><strong>visitare</strong></span> <span class='ocrx_word' id='word_1_820' title='bbox 3049 5187 3275 5257; x_wconf 85' lang='lat' dir='ltr'><strong>pupillos</strong></span> <span class='ocrx_word' id='word_1_821' title='bbox 3306 5204 3369 5239; x_wconf 82' lang='lat' dir='ltr'><strong>ac</strong></span> 
     </span>
    </p>
   </div>
   <div class='ocr_carea' id='block_1_114' title="bbox 1789 5270 3366 5342">
    <p class='ocr_par' dir='ltr' id='par_1_114' title="bbox 1789 5270 3366 5342">
     <span class='ocr_line' id='line_1_114' title="bbox 1789 5270 3366 5342; baseline 0.006 -21"><span class='ocrx_word' id='word_1_822' title='bbox 1789 5270 1975 5323; x_wconf 74' lang='lat' dir='ltr'><strong>viduas</strong></span> <span class='ocrx_word' id='word_1_823' title='bbox 2002 5271 2057 5323; x_wconf 81' lang='lat' dir='ltr'><strong>in</strong></span> <span class='ocrx_word' id='word_1_824' title='bbox 2097 5271 2373 5340; x_wconf 73' lang='lat' dir='ltr'><strong>afﬂictione</strong></span> <span class='ocrx_word' id='word_1_825' title='bbox 2402 5275 2637 5342; x_wconf 81' lang='lat' dir='ltr'><strong>ipsorum</strong></span> <span class='ocrx_word' id='word_1_826' title='bbox 2679 5292 2697 5329; x_wconf 93' lang='grc'>.·</span> <span class='ocrx_word' id='word_1_827' title='bbox 2728 5277 3135 5331; x_wconf 80' lang='lat' dir='ltr'><strong>immaculatum</strong></span> <span class='ocrx_word' id='word_1_828' title='bbox 3157 5294 3366 5331; x_wconf 80' lang='lat' dir='ltr'><strong>servare</strong></span> 
     </span>
    </p>
   </div>
   <div class='ocr_carea' id='block_1_115' title="bbox 1786 5364 2318 5430">
    <p class='ocr_par' dir='ltr' id='par_1_115' title="bbox 1786 5364 2318 5430">
     <span class='ocr_line' id='line_1_115' title="bbox 1786 5364 2318 5430; baseline 0.011 -17"><span class='ocrx_word' id='word_1_829' title='bbox 1786 5364 2010 5430; x_wconf 63' lang='lat' dir='ltr'><strong>seipsum</strong></span> <span class='ocrx_word' id='word_1_830' title='bbox 2043 5381 2074 5416; x_wconf 88' lang='lat' dir='ltr'><strong>a</strong></span> <span class='ocrx_word' id='word_1_831' title='bbox 2107 5366 2318 5421; x_wconf 81' lang='lat' dir='ltr'><strong>mundo.</strong></span> 
     </span>
    </p>
   </div>
   <div class='ocr_carea' id='block_1_116' title="bbox 1859 5546 3365 5619">
    <p class='ocr_par' dir='ltr' id='par_1_116' title="bbox 1859 5546 3365 5619">
     <span class='ocr_line' id='line_1_116' title="bbox 1859 5546 3365 5619; baseline 0.005 -22"><span class='ocrx_word' id='word_1_832' title='bbox 1859 5546 2138 5617; x_wconf 75' lang='grc' dir='ltr'>Θρησκεία</span> <span class='ocrx_word' id='word_1_833' title='bbox 2186 5548 2378 5619; x_wconf 80' lang='lat' dir='ltr'><strong>religio</strong></span> <span class='ocrx_word' id='word_1_834' title='bbox 2424 5548 2543 5619; x_wconf 90' lang='lat' dir='ltr'><strong>plus</strong></span> <span class='ocrx_word' id='word_1_835' title='bbox 2589 5549 2846 5618; x_wconf 87' lang='lat' dir='ltr'><strong>quiddam</strong></span> <span class='ocrx_word' id='word_1_836' title='bbox 2900 5551 3099 5605; x_wconf 87' lang='lat' dir='ltr'><strong>habere</strong></span> <span class='ocrx_word' id='word_1_837' title='bbox 3151 5550 3365 5607; x_wconf 82' lang='lat' dir='ltr'><strong>videtur</strong></span> 
     </span>
    </p>
   </div>
   <div class='ocr_carea' id='block_1_117' title="bbox 1788 5636 3361 5712">
    <p class='ocr_par' dir='ltr' id='par_1_117' title="bbox 1788 5636 3361 5712">
     <span class='ocr_line' id='line_1_117' title="bbox 1788 5636 3361 5712; baseline 0.004 -23"><span class='ocrx_word' id='word_1_838' title='bbox 1788 5653 1948 5707; x_wconf 85' lang='lat' dir='ltr'><strong>quam</strong></span> <span class='ocrx_word' id='word_1_839' title='bbox 1986 5636 2135 5692; x_wconf 78' lang='lat' dir='ltr'><strong>fides.</strong></span> <span class='ocrx_word' id='word_1_840' title='bbox 2163 5637 2531 5703; x_wconf 84' lang='lat' dir='ltr'><strong>Quorumdam</strong></span> <span class='ocrx_word' id='word_1_841' title='bbox 2563 5640 2710 5695; x_wconf 89' lang='lat' dir='ltr'><strong>enim</strong></span> <span class='ocrx_word' id='word_1_842' title='bbox 2734 5640 3069 5696; x_wconf 87' lang='lat' dir='ltr'><strong>occultorum</strong></span> <span class='ocrx_word' id='word_1_843' title='bbox 3096 5641 3361 5712; x_wconf 82' lang='lat' dir='ltr'><strong>cognitio—</strong></span> 
     </span>
    </p>
   </div>
  </div>
