4178 6454
144 430 251 495 473

1024 431 1411 495 COMMENT.
1440 434 1522 495 IN
1564 436 1803 495 EPIST.
1836 439 2133 503 CATHOL
2179 443 2465 506 JACOBI.

3322 450 3433 519 474

142 543 252 609 τὴν
273 541 487 594 πίστιν
510 539 618 594 τοῦ
651 539 878 608 Κυρίου
913 539 1083 609 ἡμῶν
1103 540 1316 609 Ἰησοῦ
1346 544 1611 612 Χριστοῦ
1630 546 1722 611 τῆς

1844 550 2010 604 beatis
2050 553 2206 620 ﬁdem
2234 555 2448 610 Domini
2477 559 2646 612 nostri
2672 558 2800 615 Jesu
2829 560 3031 617 Christi
3066 578 3132 618 ea;
3164 567 3433 635 opinione.

138 634 349 701 δόξης.
430 632 576 687 Ἐὰν
630 630 745 702 γὰρ
788 634 1039 701 εἰσέλθῃ
1090 637 1179 700 είς
1205 633 1321 702 τὴν
1367 638 1722 706 συναγωγὴν

1844 639 1989 694 Nam
2033 645 2077 695 si
2122 645 2456 714 ingrediatur
2494 649 2550 702 in
2591 659 2781 703 catum
2824 663 3055 707 uestrum
3091 656 3171 709 uir
3209 672 3433 712 aureum

136 726 302 796 ὑμῶν
332 724 494 794 ἀνὴρ
524 723 1056 793 χρυσοδακτύλιος
1082 725 1153 779 ἐν
1198 724 1413 794 ἐσθῆτι
1463 727 1731 797 λαμπρᾷ,

1839 742 2052 801 gestans
2083 737 2362 804 annulum,
2403 749 2543 794 veste
2576 740 2797 794 indutus
2828 743 3130 809 splendida,
3164 747 3435 817 ingredia-

133 818 382 886 sto'mn
428 818 498 871 δὲ
558 818 658 871 καὶ
695 816 935 887 πτωχὸς
979 818 1051 871 ἐν
1072 817 1321 887 ῥυπαρᾷ
1341 819 1575 889 ἐσθῆτι,
1637 825 1722 877 καί

1840 835 1930 878 tur
1959 836 2139 880 autem
2170 837 2216 881 et
2250 845 2455 897 pauper
2490 832 2543 885 in
2585 835 2803 888 sordida
2835 842 2992 901 ueste,
3022 844 3070 889 et
3099 840 3433 906 respexeritis

134 912 506 981 ἐπιϐλέψητε
564 910 665 965 ἐπὶ
718 910 828 965 τὸν
864 910 1166 981 φοροῦντα
1200 911 1317 980 τὴν
1339 912 1572 983 ἐσθῆτα
1619 914 1722 982 τὴν

1838 919 1909 972 ad
1948 920 2101 974 illum
2134 923 2225 991 qui
2259 933 2451 978 vestem
2497 936 2667 995 gestat
2705 929 3042 997 spendidam,
3084 946 3147 983 ac
3187 933 3429 987 dixeritis

134 1005 443 1075 λαμπρὰν,
482 1004 582 1057 καὶ
608 1003 818 1071 είπητε
839 1003 1021 1071 αὐτῷ,
1051 1004 1135 1058 Σὺ
1158 1003 1347 1060 κάθου
1372 1000 1492 1060 ὧδε
1508 1006 1732 1073 καλῶς,

135 1096 227 1150 καὶ
283 1097 372 1162 τῷ
409 1094 628 1164 ,πτωχῷ
667 1096 899 1163 ειπητε,
942 1094 1026 1148 Σὺ
1063 1094 1245 1163 στῆθι
1296 1096 1442 1163 ἐκεῖ,
1471 1097 1510 1166 ἣ
1544 1097 1733 1152 κάθου

132 1185 245 1244 ὦδε
266 1189 393 1245 ὑπὸ
417 1190 487 1244 τὸ
513 1189 856 1245 ὑποπόδιόν
887 1205 1028 1258 μου.
1053 1188 1163 1243 Καὶ
1192 1192 1267 1244 οὐ
1295 1188 1633 1260 διεκρίθητε
1663 1191 1734 1245 ἐν

132 1287 393 1353 ἑαυτοῖς.
422 1288 537 1342 Kal
563 1286 848 1358 ἐγένεσθε
876 1285 1071 1355 κριταὶ
1108 1284 1519 1357 διαλογισμῶν
1544 1302 1732 1355 πονη-

126 1397 269 1449 ρων.

204 1490 226 1521 ι
253 1471 348 1542 Μὴ
373 1472 432 1525 ὲν
456 1471 978 1543 προσωποληψίαις.
1011 1491 1030 1524 s
1080 1472 1139 1526 '0
1164 1471 1274 1543 γὰρ
1329 1472 1389 1524 ἒν
1439 1486 1730 1542 προσωπο-

132 1564 300 1633 India.
350 1580 408 1617 τι
460 1564 653 1629 ποιῶν,
697 1564 898 1619 πολλοῦ
960 1564 1151 1620 σπίλου
1181 1606 1196 1631 ,
1256 1563 1463 1634 πολλῆς
1513 1562 1729 1635 κηλῖδος

133 1655 325 1711 ἑαυτὸν
384 1656 799 1729 ἀναπίμπλησι,
841 1658 905 1711 τὸ
956 1659 1227 1729 ὁμογενὲς
1266 1655 1573 1727 ἀτιμάζων,
1631 1656 1731 1710 καὶ

131 1751 237 1821 πρὸ
271 1749 489 1804 ἑκείνου
519 1751 738 1818 ἑαυτὸν,
760 1750 814 1803 εί
833 1766 897 1818 γε
923 1751 957 1821 ἡ
985 1750 1121 1822 πρὸς
1150 1750 1211 1801 τὸ
1238 1750 1424 1819 ὅμοιον
1442 1746 1724 1812 ἐπίδειξις,

129 1843 223 1895 καὶ
284 1842 425 1913 πρὸς
484 1842 679 1897 ἑαυτὸν
738 1842 1177 1913 παραπέμπεται
1213 1841 1273 1894 τὸ
1327 1840 1722 1912 πραττόμενον.

134 1954 154 1986 ι
181 1936 296 1989 Καὶ
321 1937 387 1989 οὑ
417 1936 750 2009 διεκρίθητε.
782 1955 802 1988 s
849 1936 933 2001 Ὀ,
959 1934 1093 2001 Καὶ,
1121 1933 1419 2002 σύνδεσμος
1435 1932 1723 2005 παρέλκει.

141 2028 289 2082 ’Δντὶ
322 2028 446 2093 τοῦ,
481 2030 555 2083 Τὸ
584 2027 923 2100 διακριτικὸν
945 2028 1100 2099 ὑμῶν
1154 2025 1527 2096 διεφθείρατε,
1558 2024 1728 2098 μηδε-

133 2122 263 2190 μίαν
304 2123 609 2192 συζήτησιν
664 2124 997 2192 ποιήσαντες
1025 2120 1256 2191 πότερον
1300 2118 1582 2190 τιμητέον,
1636 2118 1727 2172 τὸν

132 2214 347 2283 πένητα
384 2214 506 2282 μὲν,
551 2214 843 2268 σπουδαῖον
878 2213 1013 2284 δὲ,ἢ
1058 2212 1151 2265 τὸν
1170 2210 1425 2265 πλούσιον
1456 2210 1577 2281 μὲν,
1630 2212 1726 2283 ρᾳ-

129 2305 305 2374 θυμον
332 2305 411 2369 δὲ,
448 2305 563 2358 ἀλλ’
594 2304 769 2369 οὕτως
795 2304 1129 2373 ἁδιακρίτως
1186 2304 1280 2358 καὶ
1332 2306 1389 2358 ὲν
1434 2319 1726 2374 προσωπο-

115 2396 299 2467 “India
328 2397 424 2451 τὸν
464 2398 564 2467 μὲν
592 2398 895 2467 ἐτιμήσατε
943 2396 1031 2450 διὰ
1077 2397 1169 2449 τὸν
1219 2395 1469 2459 πλοῦτον,
1530 2395 1620 2448 τὸν
1670 2394 1727 2448 δὲ

128 2491 440 2558 ἠτιμήσατε
477 2489 568 2542 διὰ
598 2488 697 2558 τὴν
724 2489 943 2543 πενίαν.
984 2507 1001 2540 ι
1064 2486 1177 2542 Καὶ
1224 2488 1477 2556 ἐγένεσθε
1539 2486 1725 2556 κριταὶ

128 2580 497 2651 διαλογισμῶν
524 2582 803 2652 πονηρῶν.
850 2601 869 2634 ι
906 2579 1224 2645 Τουτέστιν,
1273 2581 1452 2634 ἄδικοι
1517 2578 1722 2650 κριταὶ,

128 2676 190 2742 τῇ
244 2673 485 2743 πονηρίᾳ
539 2673 603 2725 ἑκ
661 2672 1129 2743 προσωποληψίας
1194 2671 1575 2742 προσθέμενοι.
1642 2670 1723 2733 Ὀ,

129 2765 261 2826 Καὶ,
292 2764 612 2833 σύνδεσμος,
640 2764 904 2833 παρέλκει
928 2762 1165 2816 ἐνταῦθα
1194 2762 1270 2825 ὠς
1295 2762 1531 2830 εἴρηται,
1562 2759 1727 2828 συνή-

128 2856 236 2919 θως
258 2856 599 2928 ἀρχαῖζούσῃ
630 2857 847 2926 φράσει.
887 2855 1047 2908 Ἐπεὶ
1099 2853 1409 2915 ἀποδόσεως
1430 2851 1597 2921 οὔσης
1640 2854 1725 2904 ὲν-

126 2949 307 3002 ταῦθα
334 2948 429 3001 τοῦ
487 2950 747 3019 ἀνωτέρω
793 2949 1109 3020 εἰρημένου,
1152 2945 1405 3017 περιττὸς
1457 2947 1485 2997 ὁ
1537 2944 1726 2997 σύνδε-

128 3056 285 3108 σμος.
320 3040 476 3092 Ἔστι
511 3038 621 3108 γὰρ
644 3037 837 3099 οὕτως.
884 3037 1012 3091 Ἐὰν
1063 3037 1173 3107 γὰρ
1228 3035 1446 3105 εἰσέλθῃ
1466 3025 1567 3098 ἐἰς
1624 3034 1724 3105 τὴν

130 3129 455 3200 συναγωγὴν
478 3129 654 3200 ὑμῶν,
706 3128 848 3200 ἀνὴρ
913 3126 1373 3199 χρυσοδακτύλιος
1425 3128 1481 3178 ὲν
1536 3124 1723 3195 ἐσθῆτι

1756 1901 1803 1961 Β

1837 1013 1920 1067 illi
1949 1030 1966 1067 :
1998 1012 2068 1068 Tu
2097 1015 2221 1069 sede
2249 1017 2332 1071 hic
2362 1018 2504 1083 bene,
2532 1021 2757 1089 pauperi
2786 1037 2906 1075 vero
2928 1022 3208 1076 dixeritis:
3244 1027 3318 1078 Tu
3346 1035 3432 1079 sta

1834 1105 1971 1174 illic,
2004 1117 2099 1161 aut
2135 1111 2255 1164 sede
2287 1111 2373 1164 hic
2410 1111 2593 1166 subter
2633 1113 2923 1168 scabellum
2964 1131 3142 1169 meum
3173 1132 3194 1170 :
3234 1126 3283 1171 et
3323 1134 3430 1172 non

1835 1201 2174 1271 dijudicastis
2204 1204 2348 1269 apud
2375 1221 2465 1259 vos
2486 1207 2667 1274 ipsos:
2700 1214 2753 1259 et
2783 1204 2919 1275 [acti
2949 1208 3071 1262 estis
3095 1208 3308 1278 judices
3337 1225 3431 1264 co-

1835 1290 2156 1361 gitationum
2183 1291 2476 1349 malarum.

1912 1492 1930 1525 ι
1965 1472 2041 1529 Ne
2073 1490 2196 1529 cum
2234 1484 2490 1546 respectu
2532 1490 2914 1546 personarum.
2952 1496 2971 1530 ι
3006 1478 3144 1533 Nam
3178 1478 3270 1550 qui
3301 1495 3426 1536 cum

1833 1576 2087 1637 respectu
2122 1582 2484 1637 personarum
2522 1569 2727 1635 aliquid
2767 1569 2921 1636 facit,
2974 1570 3143 1626 multa
3188 1572 3425 1640 macula,

1832 1658 2003 1713 multo
2042 1659 2245 1729 probro
2285 1661 2529 1731 seipsum
2564 1660 2760 1732 replet,
2802 1661 3114 1734 proximum
3158 1662 3427 1719 dedecore

1830 1746 2093 1813 alliciens,
2124 1763 2189 1805 ac
2218 1749 2457 1818 seipsum
2488 1751 2651 1806 etiam
2682 1762 2809 1807 ante
2844 1752 2997 1807 illum
3023 1768 3184 1807 :nam
3213 1752 3428 1809 exhibi-

1832 1842 1908 1897 tio
1939 1857 2066 1914 erga
2099 1851 2409 1899 consortem
2440 1844 2763 1900 transmittit
2792 1846 2844 1901 id
2873 1846 3020 1916 quod
3068 1845 3127 1900 tit
3152 1847 3321 1902 etiam
3351 1847 3423 1903 ad

1832 1934 2095 2004 seipsum.
2141 1952 2161 1987 ι
2208 1932 2274 1988 Ει
2313 1949 2426 1991 non
2470 1935 2832 2006 dijudicastis.
2876 1954 2896 1989 ι
2939 1936 3297 2007 Conjunctio,
3333 1937 3421 2003 Et,

1830 2030 2105 2085 abundat:
2134 2036 2234 2086 hoc
2248 2040 2353 2096 est,
2384 2029 2730 2102 Dijudicandi
2761 2032 2871 2087 vim
2899 2047 3022 2102 quae
3041 2032 3096 2086 in
3123 2031 3280 2087 vobis
3306 2039 3425 2089 erat

1830 2120 2179 2192 corrupistis,
2221 2122 2427 2176 nullam
2458 2122 2871 2192 inquisitionem
2905 2124 3171 2179 facientes
3201 2134 3323 2179 uter
3352 2124 3425 2179 sit

1830 2215 2206 2281 honorandus,
2254 2230 2532 2285 pauperne
2580 2216 2783 2285 probus
2824 2217 2939 2271 sive
2980 2216 3311 2285 industrius,
3350 2232 3421 2273 an

1831 2309 1988 2364 dives
2021 2309 2207 2381 segnis
2243 2320 2257 2362 :
2294 2309 2388 2363 sed
2422 2308 2497 2363 ita
2536 2308 2656 2365 sine
2679 2308 2889 2380 judicio
2919 2319 3125 2365 etcum
3153 2324 3422 2379 persona~

1829 2417 1951 2455 rum
1984 2411 2254 2472 respectu,
2296 2402 2441 2457 hunc
2480 2402 2701 2473 quidem
2742 2412 2964 2473 propter
2993 2402 3214 2459 divitias
3248 2404 3427 2457 bono-

1830 2494 2018 2557 rastis,
2047 2492 2206 2548 illum
2242 2509 2372 2549 vero
2407 2505 2633 2563 prepter
2664 2503 3044 2564 paupertatem
3078 2496 3423 2564 contemptui

1830 2586 2122 2643 habuistis.
2185 2606 2203 2638 ‹
2252 2587 2319 2641 Et
2380 2586 2512 2642 facti
2574 2586 2709 2642 estis
2762 2586 2976 2656 judices
3025 2586 3419 2657 cogitationum

1830 2681 2115 2735 malarum.
2155 2699 2173 2731 ι
2219 2680 2335 2735 Hoc
2365 2689 2468 2745 est,
2506 2679 2692 2750 injusti
2728 2679 2965 2749 judices,
2998 2677 3204 2733 malitia
3237 2678 3420 2734 affecti

1828 2788 1893 2828 ex
1934 2786 2293 2841 personarqu
2344 2781 2623 2841 respectu.
2680 2770 2794 2826 Hoc
2836 2771 2953 2825 loco
2998 2770 3243 2826 abundat
3285 2786 3421 2826 con-

1824 2861 2037 2933 junctio
2062 2863 2177 2927 καὶ,
2211 2862 2263 2916 id
2291 2870 2392 2927 est,
2426 2872 2499 2926 et,
2531 2862 2673 2917 sicut
2707 2862 2913 2917 dictum
2950 2871 3055 2927 est,
3089 2877 3155 2916 ex
3192 2878 3291 2917 usu
3328 2879 3422 2918 ve-

1829 2960 1961 3013 teris
1997 2959 2233 3030 phrasis.
2265 2958 2403 3013 Cum
2431 2958 2579 3014 enim
2610 2959 2681 3012 sit
2712 2959 2800 3014 hic
2829 2960 3101 3014 sermonis
3132 2961 3421 3030 responsio

1827 3050 1893 3104 ad
1928 3049 1981 3104 id
2012 3050 2157 3118 quod
2195 3048 2497 3116 praecessit,
2526 3048 2801 3119 superﬂua
2839 3058 2924 3103 est
2955 3049 3288 3119 coniunctio.
3323 3049 3424 3107 Est

1827 3139 1973 3192 enim
2008 3139 2082 3192 ita
2113 3137 2422 3193 ordinanda
2457 3138 2732 3193 sententia
2771 3158 2781 3188 :
2825 3137 2960 3192 Nam
3003 3138 3046 3194 si
3080 3139 3421 3211 ingrediatur

125 3220 374 3289 λαμπρᾷ,
399 3220 619 3292 εἰσέλθῃ
642 3220 698 3273 δὲ
723 3221 815 3272 καὶ
848 3219 1066 3289 πτωχὸς
1109 3219 1167 3269 ὲν
1219 3218 1443 3288 ῥυπαρᾷ
1509 3216 1718 3285 ἐσθῆτι,

1828 3232 1885 3285 in
1928 3242 2128 3286 coetum
2174 3240 2417 3284 vestrum
2464 3229 2549 3283 vir
2584 3244 2812 3283 aureum
2859 3237 3079 3300 gestans
3129 3230 3417 3295 annulum,

124 3313 217 3364 καὶ
265 3312 417 3379 ἑξῆς,
450 3311 513 3363 οὗ
548 3310 857 3381 διεκρίθητε
893 3314 951 3363 ὲν
1015 3311 1265 3375 ἑαυτοῖς,
1316 3308 1415 3362 καὶ
1466 3308 1717 3376 ἐγένεσθε

125 3404 311 3472 κριταὶ
341 3402 717 3472 διαλογισμῶν
746 3402 1024 3473 πονηρῶν·
1054 3402 1323 3466 τουτέστι,
1350 3403 1424 3455 Τὸ
1452 3402 1723 3471 διακριτι-

125 3498 217 3549 κὸν
264 3496 424 3566 ὑμῶν
479 3496 918 3567 διαφθείραντες,
959 3496 1222 3564 γεγόνατε
1255 3497 1313 3549 ἐν
1359 3495 1558 3567 ἐκλογῇ
1610 3496 1720 3549 τῶν

124 3590 383 3660 πονηρῶν
426 3590 819 3661 διαλογισμῶν,
870 3590 964 3643 τὸν
1000 3590 1103 3661 μὲν
1151 3592 1518 3661 τιμήσαντες,
1552 3592 1642 3645 τὸν
1664 3592 1722 3644 δὲ

124 3683 515 3754 ἀτιμήσαντες,
542 3681 721 3736 καίτοι
746 3681 848 3752 τῆς
889 3681 1105 3753 φύσεως
1141 3682 1243 3753 τῆς
1283 3684 1454 3754 αὐτῆς
1478 3683 1719 3756 ἐνυπαρ-

126 3774 328 3847 χούσης
354 3775 716 3847 ἀμφοτέροις.

204 3954 561 4016 Ἀκούσατε,
584 3951 841 4021 ἀδελφοί
864 3969 985 4022 μου
1016 3952 1334 4023 ἀγαπητοί.
1374 3955 1496 4021 Οὐχ
1525 3957 1557 4008 ό
1576 3954 1722 4021 Θεὸς

125 4046 450 4111 ἐξελέξατο
498 4046 642 4112 τοὺς
701 4045 977 4116 πτωχοὺς
1025 4046 1136 4101 τοῦ
1197 4048 1431 4116 κόσμου
1485 4048 1720 4115 τούτου,

125 4140 465 4204 πλουσίους
497 4138 569 4191 ἐν
602 4138 822 4199 πίστει,
851 4137 950 4191 καὶ
1005 4140 1424 4209 κληρονόμους
1455 4139 1565 4209 τῆς
1602 4140 1721 4204 ¹βα-

126 4231 383 4296 σιλείας,
414 4226 492 4300 ἧς
521 4230 921 4299 ἐπηγγείλατο
953 4229 1078 4296 τοῖς
1128 4229 1447 4300 ἀγαπῶσιν
1496 4232 1724 4295 αὐτόν;

136 4320 334 4389 Ὑμεῖς
360 4318 434 4373 δὲ
466 4319 799 4388 ήτιμήσατε
823 4319 934 4373 τὸν
988 4320 1250 4387 πτωχόν.
1287 4321 1416 4388 Οὐκ
1450 4322 1503 4373 οι
1533 4321 1724 4373 πλού-

126 4428 243 4465 σιοι
272 4411 924 4465 καταδυναστεύουσιν
959 4409 1146 4479 ὑμῶν,
1182 4410 1281 4463 καί
1314 4412 1483 4465 αὐτοὶ
1516 4411 1727 4465 ἕλκου-

127 4522 226 4559 σιν
254 4503 415 4574 ῠμᾶς
443 4505 531 4568 είς
557 4503 871 4571 κριτήρια;
914 4505 1039 4556 Οὐκ
1070 4502 1241 4555 αὐτοὶ
1275 4503 1726 4572 βλασφημοῦσι

1822 3331 1976 3376 veste
2010 3322 2234 3376 indutus
2260 3320 2567 3390 splendida,
2604 3319 2946 3391 ingrediatur
2978 3328 3163 3375 autem
3193 3333 3245 3374 et
3278 3338 3417 3391 pau-

1824 3430 1921 3485 per
1950 3415 2007 3469 in
2048 3415 2268 3470 sordida
2313 3422 2489 3480 veste,
2521 3421 2655 3477 etc.,
2700 3428 2810 3467 non
2847 3413 3193 3483 dijudicastis
3228 3415 3284 3469 in
3318 3432 3417 3470 vo-

1822 3506 2045 3577 bisipsis
2082 3516 2138 3561 et
2198 3504 2323 3561 facti
2370 3505 2503 3561 estis
2536 3504 2753 3575 judices
2799 3505 3197 3576 cogitationum
3251 3507 3418 3560 mala-

1824 3614 1945 3652 rum
1972 3615 1985 3650 :
2012 3596 2180 3671 55h
2198 3600 2301 3654 hoc
2334 3604 2441 3665 est,
2472 3596 2820 3667 Dijudicandi
2848 3597 2956 3651 vim
2980 3608 3414 3668 corrumpentcs.

1823 3691 2065 3763 elegistis
2108 3692 2281 3747 malas
2338 3691 2721 3763 cogitationes,
2770 3690 2924 3745 illum
2966 3690 3190 3760 quidem
3241 3692 3420 3746 bono-

1824 3792 2031 3848 rantes,
2081 3784 2229 3839 hunc
2276 3793 2459 3839 autem
2514 3784 2855 3854 contemptui
2911 3784 3177 3840 habentes
3226 3802 3239 3840 :
3290 3800 3417 3840 cum

1825 3888 2008 3933 tamen
2036 3878 2227 3933 eadem
2258 3886 2404 3933 esset
2435 3876 2490 3931 in
2524 3886 2761 3947 utroque
2796 3886 3014 3931 natura.

1896 3970 1963 4032 il,
1990 3969 2109 4024 5-3.
2151 3968 2363 4030 Audite,
2403 3970 2599 4038 fratres
2642 3968 2742 4021 mei
2790 3968 2967 4021 dilecti
3007 3984 3025 4021 :
3066 3984 3234 4021 nonne
3278 3967 3417 4022 Deus

1825 4060 1978 4131 elegit
2008 4076 2270 4128 pauperes
2303 4059 2485 4111 samuli
2516 4058 2698 4126 hujus,
2728 4057 2918 4109 divites
2948 4060 3000 4110 in
3028 4057 3131 4124 [ide
3163 4067 3211 4111 et
3246 4059 3417 4111 licere-

1826 4152 1913 4205 des
1946 4152 2095 4220 regni
2128 4150 2267 4219 quod
2305 4150 2548 4218 promisit
2582 4148 2925 4219 diligentibus
2963 4150 3058 4202 se?
3104 4147 3205 4202 Vos
3237 4160 3417 4202 autem

1828 4242 2147 4313 contemptui
2173 4243 2433 4295 habuistis
2460 4258 2769 4311 pauperem.
2804 4243 2992 4297 Nonne
3017 4244 3201 4296 divites
3232 4253 3418 4313 tyran-

1827 4336 2002 4389 nidem
2038 4344 2277 4388 exercent
2310 4335 2365 4388 in
2395 4351 2504 4399 vos,
2543 4344 2592 4388 et
2628 4335 2791 4388 iidem
2832 4338 3047 4389 trahunt
3085 4350 3171 4389 vos
3206 4336 3276 4387 ad
3316 4335 3417 4387 tri-

1828 4425 2082 4477 bunalia?
2108 4424 2295 4477 Nonne
2322 4426 2420 4492 ipsi
2450 4425 2811 4493 blasplzemant
2844 4427 3031 4479 bonum
3065 4442 3251 4479 nomen
3278 4427 3418 4495 quod

1831 4507 2125 4560 invocatum
2151 4517 2228 4561 est
2251 4523 2406 4573 super
2436 4524 2522 4561 vos
2545 4511 2569 4563 .’
2592 4508 2653 4563 Si
2692 4520 2865 4563 tamen
2902 4519 3061 4579 legem
3100 4515 3310 4581 quidem
3329 4527 3421 4564 ex-

128 4596 190 4649 τὸ
222 4595 417 4649 καλὸν
444 4593 632 4661 ὄνομα
674 4593 740 4646 τὸ
764 4590 1102 4670 ἐπικληθὲν
1132 4589 1225 4658 ἐφ’
1250 4588 1439 4659 ὑμᾶς;
1472 4593 1541 4644 Εἰ
1574 4591 1714 4657 μέν·

1831 4595 1983 4664 pletis
2022 4599 2217 4667 regiam
2255 4599 2418 4667 juxta
2454 4600 2789 4669 Scripturam
2814 4618 2832 4654 :
2870 4601 3065 4669 Diliges
3114 4603 3416 4670 proximum

128 4706 211 4743 τοι
248 4690 443 4756 νόμον
468 4659 697 4739 τελεῖτε
716 4659 1053 4748 βασιλικὸν
1096 4683 1245 4737 κατὰ
1296 4682 1406 4749 τὴν
1437 4682 1713 4751 Γραφὴν,

142 4779 496 4847 Ἀγαπήσεις
528 4777 633 4830 τὸν
652 4776 925 4842 πλησίον
952 4791 1071 4828 σου
1089 4774 1171 4841 ὠς
1198 4775 1482 4836 σεαυτὸν,
1516 4773 1717 4837 καλῶς

130 4871 364 4925 ποιεῖτε.
397 4872 469 4923 Ei
491 4868 561 4921 δὲ
586 4866 1177 4935 προσωποληπτεῖτε,
1212 4868 1510 4934 ἁμαρτίαν
1547 4864 1719 4936 ἐργά-

130 4963 294 5024 ζεσθε
318 4962 711 5032 ἐλεγχόμενοι
741 4960 858 5015 ὑπὸ
910 4960 1016 5014 τοῦ
1047 4961 1260 5029 νόμου,
1315 4960 1394 5025 ὠς
1449 4959 1719 5027 ,ταραεὰ-

132 5077 237 5114 ται.

206 5150 431 5221 Ἐπειδὴ
485 5151 519 5219 ἠ
581 5149 741 5203 πενία
771 5146 1035 5218 δυσχερές
1075 5150 1191 5200 ἐστι
1227 5148 1338 5209 τοῖς
1365 5145 1577 5208 πολλοῖς
1618 5145 1713 5198 καὶ

135 5245 287 5312 μόνον
321 5241 661 5313 ἀκουσθῆναι
684 5258 699 5274 ο
730 5241 821 5295 διὰ
853 5241 1012 5293 τοῦτο
1061 5241 1249 5302 εἰπὼν,
1300 5242 1427 5302 τοὺς
1460 5240 1714 5309 Πτωχοὺς

131 5339 218 5389 τοῦ
251 5338 479 5399 κὸσκου,
507 5335 713 5398 εὐθέως
737 5337 1008 5404 ἐπήγαγε,
1060 5335 1379 5396 Πλουσίους.
1418 5334 1553 5404 Περὶ
1583 5332 1634 5385 τί
1660 5332 1714 5384 δὲ

1835 4694 1982 4739 tuum
2012 4688 2147 4740 sicut
2190 4689 2438 4757 teipsum,
2475 4691 2600 4745 bene
2641 4692 2837 4761 facitis.
2883 4691 2942 4745 Si
2974 4708 3091 4746 rero
3136 4708 3417 4760 personam

1831 4780 2112 4845 respicitis,
2162 4790 2433 4848 percatmn
2480 4787 2829 4850 committitis,
2867 4785 3092 4839 cont-icti
3125 4803 3217 4855 per
3252 4786 3413 4855 legent

1828 4872 1967 4939 quod
1988 4872 2105 4925 sitis
2139 4881 2574 4943 transgressores.

1893 5130 2161 5209 Quoniam
2200 5153 2495 5214 paupertas
2522 5142 2606 5197 vel
2637 5140 2828 5196 auditu
2865 5138 3050 5210 gravis
3080 5149 3167 5193 est
3201 5136 3409 5199 multis,

1817 5240 1937 5295 ideo
1981 5255 2105 5294 cum
2149 5238 2411 5302 dixisset,
2457 5234 2736 5306 Pauperes
2780 5234 2993 5295 mundi,
3039 5230 3227 5286 statim
3271 5230 3411 5284 sub-

1810 5333 2010 5405 iunxit,
2057 5332 2278 5385 Divites.
2319 5329 2375 5383 In
2428 5344 2537 5398 quo
2585 5338 2769 5383 autem
2816 5325 3058 5381 divites?
3112 5324 3168 5377 in
3211 5324 3316 5378 tide
3354 5331 3411 5377 ct

134 5428 455 5492 πλουσίουςς
517 5428 656 5496 Περὶ
688 5426 787 5498 τὴν
823 5426 1008 5479 πίστιν
1055 5426 1149 5478 καὶ
1174 5429 1231 5480 ὲν
1253 5429 1317 5496 τῇ
1338 5425 1539 5479 πίστει.
1603 5424 1712 5477 Καὶ

1827 5426 1957 5480 :irca
2000 5423 2183 5477 Iidem.
2238 5421 2454 5476 Etenim
2496 5420 2574 5475 ita
2613 5434 2673 5474 se
2720 5433 2808 5471 res
2858 5417 3045 5471 habet.
3099 5414 3236 5469 Nam
3283 5429 3417 5468 cum

136 5523 233 5592 γὰρ
251 5520 428 5583 οὕτως
450 5520 582 5590 ἔχει.
614 5520 688 5572 Τὸ
723 5520 829 5590 γὰρ
865 5522 992 5590 περὶ
1021 5522 1112 5574 τὸν
1159 5521 1364 5588 κόσμον
1394 5518 1705 5589 ἀπερίσπα-

136 5627 253 5663 στον
289 5610 400 5663 τῶν
435 5609 707 5678 πενήτων,
734 5611 1116 5681 ὲνεργοτέρους
1157 5610 1354 5673 αὐτοὺς
1388 5610 1483 5663 καὶ
1523 5626 1707 5679 πρακ-

134 5702 460 5771 τικωτέρους
489 5699 598 5753 τῶν
645 5700 1042 5767 πλουτούντων,
1097 5701 1316 5755 ἐπειδὰν
1368 5700 1709 5769 προσέλθωσι

133 5799 193 5866 τῇ
225 5797 428 5860 πίστει,
458 5794 623 5847 ποιεῖ.
657 5792 748 5844 Διὸ
790 5794 885 5846 καὶ
911 5796 940 5847 δ
1001 5793 1205 5865 Κύριος
1256 5791 1530 5857 τοιούτους
1578 5794 1703 5856 τοὶς

139 5884 376 5960 μαθητὰς
407 5882 721 5950 ἐπελέξατο,
754 5881 844 5947 οὓς
893 5887 985 5940 καὶ
1025 5885 1391 5956 ximat-651w;
1424 5884 1519 5955 τῆς
1553 5884 1703 5955 βττι-

1815 5531 2085 5588 paupcrcs
2131 5530 2239 5569 non
2290 5513 2665 5569 distrahantur
2716 5510 2863 5564 circa
2908 5522 2997 5561 res
3051 5504 3279 5569 mundi,
3319 5505 3416 5559 ubi

1818 5606 2155 5662 accesserint
2195 5605 2263 5659 ad
2308 5604 2491 5666 ﬁdem,
2535 5602 2710 5673 magis
2754 5598 2967 5655 strenui
3002 5596 3306 5652 redduntur
3350 5610 3415 5650 ac

1819 5700 1970 5770 Operi
2022 5699 2195 5770 magis
2233 5697 2546 5752 insistentes
2592 5709 2757 5765 quam
2810 5691 3027 5747 divites.
3084 5689 3208 5744 Ideo
3247 5688 3413 5743 etiam

1820 5793 2086 5848 Dominus
2128 5792 2265 5846 tales
2311 5790 2474 5858 elegit
2516 5789 2836 5857 discipulos,
2873 5799 3011 5855 quos
3046 5782 3212 5837 etiam
3252 5781 3413 5850 regni

1818 5884 2062 5939 ἥσει-θόρε
2091 5881 2409 5939 declatat'it.
2445 5899 2462 5932 ι
2494 5878 2884 5950 Blasphemant
2918 5878 3119 5931 bomun
3150 5887 3417 5927 1101:20th
