4178 6454
737 417 845 479 475

1809 413 2212 476 (ECUMENII
2251 413 2547 474 TRICC/E
2585 407 2932 472 EPISCOPI

3892 401 4014 467 476

736 527 947 581 Bonum
988 541 1188 582 nomen
1221 534 1304 581 est
1335 541 1536 583 nomen
1570 544 1771 585 novum
1808 529 1960 598 juxta
1995 528 2316 598 prophetam
2345 578 2348 584 .

2455 526 2570 590 είας
2600 523 2891 589 ἀνέδειξεν.
2934 541 2953 575 ι
2992 518 3382 592 Βλασφημοῦσι
3429 518 3490 572 τὸ
3548 517 3716 571 καλὸν
3740 515 3942 586 ὄνομα.
3987 535 4006 567 ι

735 617 1010 670 dicentem
1046 633 1058 668 :
1101 634 1119 668 ι
1149 615 1249 671 llis
1286 617 1380 688 qui
1431 619 1563 673 mihi
1610 619 1854 673 serviunt
1890 619 2180 674 vocabitur
2217 634 2318 673 no-

737 721 861 761 men
895 722 1093 761 novum
1121 710 1266 778 quod
1298 710 1652 765 benedieetur
1681 726 1846 780 super
1873 725 2093 765 omnem
2125 712 2321 766 faciem

738 808 898 852 terra:
919 798 984 851 “.
1013 816 1031 849 ι
1055 828 1122 839 -
1141 817 1159 850 ι
1191 798 1352 855 Juxta
1381 802 1744 872 Scripturam.
1780 821 1798 854 ι
1836 800 2322 858 Deuteronomium

740 888 895 943 dicit.

825 1070 1088 1138 ΠΛΟ-15.
1121 1067 1371 1138 Quisquis
1424 1069 1559 1122 enim
1619 1077 1783 1121 totam
1833 1067 1993 1138 legem
2038 1065 2339 1131 servaverit,

755 1161 1031 1230 offenderit
1050 1172 1221 1214 autem
1248 1161 1299 1213 in
1328 1177 1451 1225 uno,
1474 1161 1648 1229 factus
1668 1169 1743 1213 est
1764 1159 1998 1212 omnium
2018 1175 2159 1214 reus.
2193 1155 2340 1211 Nam

751 1255 842 1324 qui
865 1253 999 1306 dixit
1027 1270 1044 1307 :
1067 1250 1148 1306 Ne
1163 1253 1454 1315 masc/aeris,
1478 1251 1612 1304 dixit
1637 1253 1817 1313 etiam,
1835 1251 2158 1305 Neoccidas.
2184 1249 2339 1315 Quod

2424 619 2498 670 Τὸ
2522 617 2685 670 καλὸν
2714 617 2904 686 ὄνομα.
2935 615 3144 683 Ὄνομα
3178 612 3382 676 καινὸν,
3415 611 3472 664 τδ
3490 611 3632 664 κατᾶ
3668 610 3763 663 τὸν
3788 609 4019 679 προφή-

2423 729 2524 783 την
2541 710 2632 764 τὸν
2655 710 2956 776 φάσκοντα,
2996 727 3014 760 ι
3053 708 3177 770 Τοῖς
3202 707 3259 759 δὲ
3284 703 3598 759 δουλεύουσί
3651 721 3742 772 μοι
3797 701 4016 770 κληθήσ-

2428 822 2580 858 σεται
2632 805 2803 873 ὄνομα
2855 803 3063 868 καινὸν,
3105 800 3133 854 ὃ
3169 799 3602 868 εὐλογηθήσεται
3651 795 3744 848 ἐπὶ
3789 795 3902 846 πᾶν
3951 792 4018 844 τὺ

2426 897 2719 967 πρόσωπον
2745 895 2840 964 τῆς
2879 895 3004 964 γῆς.
3039 913 3058 945 ι
3101 922 3168 942 -.-
3211 910 3230 943 ι
3274 890 3441 944 Κατά
3475 888 3572 960 τὴν
3602 887 3848 959 Γραφήν.
3881 903 3899 935 ι
3939 882 4021 938 τὸ

2427 986 2847 1057 Δευτερονόμιον
2881 985 3051 1052 λέγει.

2498 1081 2710 1145 Ὅστις
2737 1080 2847 1148 γὰρ
2875 1079 3022 1131 ὅλον
3053 1076 3163 1130 τὸν
3210 1078 3402 1144 νόμον
3454 1071 3716 1141 τηρήσῃ,
3781 1069 4023 1136 πταίσῃ

2427 1174 2496 1227 δὲ
2533 1174 2602 1228 ἐν
2632 1172 2744 1236 ἐνὶ,
2774 1172 2983 1242 γέγονε
3008 1168 3251 1222 πάντων
3269 1168 3506 1236 ἔνοχος.
3557 1165 3620 1218 '0
3646 1162 3756 1232 γὰρ
3801 1161 4020 1220 ειπὼν,

2430 1268 2528 1336 Μὴ
2549 1266 2905 1336 μοιχεύσῃς,
2932 1259 3064 1316 εἷπε
3102 1259 3227 1322 καὶ,
3256 1258 3356 1325 Μὴ
3381 1256 3710 1326 φονεύσῃς.
3741 1256 3810 1306 Et
3843 1251 3912 1304 δὲ
3945 1253 4025 1304 οὐ

749 1347 796 1398 εἰ
810 1360 914 1398 non
930 1345 1093 1413 fuerit
1113 1347 1416 1406 moechatus,
1433 1343 1684 1397 occideris
1699 1354 1892 1406 tamen,
1909 1345 2086 1413 factus
2101 1361 2152 1397 es
2171 1354 2339 1397 trans-

2451 1359 2783 1427 ιοιχεύσῃς,
2834 1354 3146 1425 φονεύσῃς
3206 1353 3294 1416 δὲ,
3356 1349 3610 1420 γέγονας
3666 1344 4025 1414 παραϐάτης

749 1455 957 1508 ρνεδεοι·
989 1438 1134 1508 legis.
1174 1439 1258 1492 Ita
1285 1437 1572 1506 loquamini
1611 1448 1658 1491 et
1692 1440 1768 1492 ita
1806 1439 2038 1507 (acidis.
2063 1438 2219 1492 veluti
2246 1454 2339 1506 per

751 1532 912 1602 legem
948 1531 1208 1584 libertati;
1230 1531 1532 1600 judicandi.
1568 1531 2116 1601 Siquidemjudicium
2141 1535 2333 1602 absque

750 1622 1113 1676 misericordia
1141 1625 1243 1682 erit
1278 1625 1326 1678 ei
1353 1626 1439 1694 qui
1461 1640 1561 1678 non
1600 1625 1848 1693 prwstitit
1890 1625 2330 1679 misericordiam.

751 1712 1029 1769 Gloriatur
1046 1726 1219 1767 autem
1235 1716 1597 1769 misericordia
1625 1716 1873 1770 adversus
1896 1716 2184 1784 judicium.

826 1819 844 1850 ι
879 1802 1182 1856 ()ﬂ'enderit
1219 1814 1402 1860 autem
1444 1807 1497 1861 in
1538 1823 1669 1862 uno.
1701 1828 1720 1859 ›
1762 1808 1874 1864 Hoc
1895 1811 2050 1866 ‘circa
2083 1809 2330 1868 dilectio—

749 1904 874 1942 nem
900 1890 1059 1958 dixit,
1080 1904 1304 1963 propter
1321 1911 1480 1964 quam
1501 1899 1664 1952 etiam
1687 1915 1902 1954 omnem
1931 1903 2330 1969 praecedentem

749 1993 1060 2037 sermonem
1113 1985 1275 2040 latius
1298 1988 1558 2042 disseruit
1610 1990 2089 2050 demonstrationis
2139 1995 2334 2065 gratia.

750 2073 912 2144 455
940 2075 1080 2130 Dixit
1103 2089 1306 2143 autem,
1338 2079 1417 2136 Ne
1449 2085 1761 2151 mmcheris,
1790 2101 1859 2140 ne
1888 2087 2128 2151 occidas,
2157 2103 2337 2143 exem-

750 2165 828 2233 pli
857 2180 1040 2220 causa.
1079 2167 1380 2226 Considera
1418 2182 1598 2228 tamen
1645 2176 1789 2244 quod
1831 2178 2078 2248 exempla
2119 2179 2228 2233 sint
2272 2195 2337 2233 ex

752 2261 894 2328 lege,
937 2269 1209 2329 quatenus
1239 2264 1560 2321 conferebat
1587 2268 1653 2321 ad
1679 2268 2051 2325 dilectionem.
2078 2273 2213 2327 Nam
2244 2274 2339 2342 qui

752 2348 998 2418 perfecte
1036 2352 1209 2420 diligit
1250 2355 1580 2422 proximum,
1629 2358 1717 2414 hic
1759 2375 1936 2431 neque
1975 2364 2340 2419 mcechabitur

753 2456 933 2510 neque
961 2443 1194 2497 occidet.
1230 2445 1357 2500 llaec
1386 2447 1532 2501 enim
1569 2449 1687 2518 ejus
1723 2463 1851 2508 sunt
1880 2454 1974 2523 qui
2013 2456 2196 2510 animo
2229 2456 2338 2510 ini-

754 2532 899 2587 mico
931 2533 1162 2590 affectus
1205 2545 1291 2592 est
1333 2553 1458 2608 erga
1496 2543 1831 2610 proximum.
1884 2546 2340 2620 Quandoquidem

754 2625 860 2679 nisi
903 2625 976 2679 ita
1018 2625 1314 2693 diceretur,
1358 2632 1546 2687 nullus
1595 2635 1880 2691 hominum
1927 2640 2110 2696 salvus
2160 2644 2337 2707 fieret,

757 2736 882 2775 cum
913 2738 1082 2776 nemo
1116 2740 1215 2793 per
1245 2725 1426 2780 omnia
1461 2735 1642 2781 servet
1675 2738 2077 2798 praeceptorum
2117 2731 2342 2804 integri-

757 2822 946 2868 tatem.
981 2815 1083 2880 Qui
1126 2816 1271 2870 enim
1325 2819 1634 2873 castitatem
1671 2821 1824 2875 verbi
1869 2836 2032 2878 causa
2078 2825 2340 2893 servavit,

756 2909 838 2963 ira
877 2909 1151 2963 interdum
1189 2920 1484 2979 superatus
1516 2921 1599 2967 est
1632 2930 1645 2966 :
1673 2923 1728 2968 et
1752 2913 1843 2983 qui
1878 2915 2220 2988 eleemosyna
2252 2933 2343 2973 or-

757 3012 923 3061 natus
966 3011 1068 3066 est,
1117 3002 1322 3056 invidia
1369 3003 1622 3059 fortassis
1666 3004 1966 3062 oﬂ'uscatus
2009 3017 2113 3062 est.
2158 3008 2343 3079 Itaque

759 3107 869 3145 non
899 3093 966 3147 de
997 3093 1194 3162 quovis
1223 3094 1428 3149 dictum
1465 3104 1547 3149 est
1578 3096 1668 3165 qui
1709 3097 1764 3150 in
1797 3097 2091 3155 virtutibus
2131 3102 2342 3157 nullum

2429 1440 2641 1520 νόμου.
2667 1449 2866 1513 Οὕτως
2897 1445 3160 1512 λαλεῖτε,
3189 1445 3288 1498 καὶ
3326 1442 3515 1507 οὕτως
3539 1439 3781 1502 ποιεῖτε,
3825 1435 4026 1500 ῶςδιὰ

2430 1544 2618 1609 νόμου
2657 1539 3003 1607 ἐλευθερίας
3022 1536 3358 1606 μέλλοντες
3397 1534 3726 1599 κρίνεσθαι.
3799 1529 3862 1580 Ἡ
3907 1527 4026 1593 γὰρ

2432 1635 2630 1703 κρίσις
2657 1631 2907 1696 ἀνέλεος
2953 1631 3033 1696 τῷ
3067 1628 3153 1698 μὴ
3216 1625 3543 1694 ποιήσαντι
3590 1623 3784 1686 ἕλεος.
3833 1623 4026 1672 Κατα-

2433 1722 2729 1792 καυχᾶται
2759 1721 2827 1774 δὲ
2855 1721 3034 1774 ἔλεον
3057 1718 3332 1786 κρίσεως.

2512 1835 2530 1867 ι
2553 1814 2762 1884 Πταίσῃ
2786 1812 2842 1865 δὲ
2857 1813 2912 1865 ὲν
2939 1811 3040 1865 ἑνί.
3065 1829 3084 1862 ι
3107 1808 3279 1862 Τοῦτο
3297 1807 3426 1876 περὶ
3459 1805 3677 1872 ἀγάπης
3705 1804 3920 1870 εἴρηκε.
3955 1800 4023 1852 δι’

2436 1911 2509 1981 ἢν
2565 1907 2659 1961 καὶ
2686 1905 2862 1958 πάντα
2892 1904 2984 1956 τὸν
3017 1901 3122 1971 πρὸ
3175 1899 3368 1952 τούτου
3427 1899 3707 1950 κατέτεινε
3734 1894 3898 1961 λόγον
3947 1893 4027 1954 εἰς

2438 1999 2810 2066 κατασκευήν.
2876 1994 2950 2046 Τὸ
2977 1993 3055 2056 δὲ,
3103 1992 3178 2044 Οὐ
3230 1989 3565 2058 μοιχεύσεις,
3618 1987 3680 2038 οὐ
3715 1987 4026 2052 φονεύσεις,

2439 2091 2838 2159 ὑποδείγματος
2900 2085 3091 2156 εἴρηκε
3142 2085 3321 2154 χάριν.
3373 2080 3574 2134 Σκόπει
3624 2079 3681 2130 δὲ
3711 2080 3793 2131 ὅτι
3830 2078 3932 2129 καὶ
3961 2078 4030 2127 τὰ

2441 2183 2816 2250 ὑποδείγματα
2873 2181 2936 2232 ὲκ
2982 2177 3078 2230 τοῦ
3103 2178 3182 2239 εἰς
3209 2175 3431 2244 ἀγάπην
3481 2170 3865 2231 συντελοῦντός
3918 2173 4027 2221 εἰσι

2440 2276 2627 2344 νόμου.
2656 2273 2714 2326 Ὀ
2746 2272 2847 2341 γάρ
2869 2271 3051 2323 τέλεον
3075 2267 3306 2336 ἀγαπῶν
3333 2265 3428 2318 τὸν
3453 2264 3703 2334 πλησίον,
3730 2255 3889 2325 οὗτος
3907 2261 4030 2314 οὐδὲ

2443 2364 2742 2435 μοιχεύσει,
2772 2361 2892 2417 οὐδὲ
2917 2361 3191 2430 φονεύσει.
3224 2355 3451 2427 Ἐχθροῦ
3506 2357 3616 2425 γὰρ
3666 2353 3842 2407 ταῦτα
3885 2351 4034 2405 οὕτω

2440 2454 2770 2516 διατιθέντος
2787 2453 2881 2506 τὸν
2906 2451 3157 2520 πλησίον.
3203 2448 3437 2502 Ἐπεὶεί
3483 2447 3560 2516 μὴ
3622 2444 3800 2508 τοῦτο,
3851 2443 4035 2503 οὐδεὶς

2440 2545 2508 2601 ἂν
2534 2546 2838 2616 ἀνθρώπων
2872 2543 3092 2612 σωθείη,
3139 2540 3356 2602 οὐδενὸς
3385 2537 3601 2608 ἔχοντος
3632 2537 3691 2590 τὸ
3721 2537 3809 2590 διὰ
3838 2537 4037 2589 πασῶν

2441 2639 2551 2694 τῶν
2584 2637 2811 2691 ἐντολῶν
2837 2634 3144 2697 ἀνελλιπὲς.
3195 2634 3253 2685 '0
3283 2633 3393 2701 γὰρ
3438 2629 3684 2697 ἁγνείαν,
3711 2628 3870 2698 φέρε,
3927 2645 4036 2680 κα-

2441 2730 2773 2803 τωρθωκὼς,
2802 2728 2977 2798 θυμοῦ
3017 2728 3131 2781 ἐσθ’
3164 2729 3252 2779 ὅτε
3300 2726 3553 2795 ἡττᾶται.
3611 2723 3719 2775 Καὶ
3741 2722 4038 2790 ὀίὲλεημο-

2445 2821 2580 2895 σύνῃ
2609 2819 3113 2890 περιανθιζόμενος,
3153 2817 3442 2887 βασκανίᾳ,
3476 2813 3724 2882 εἰτύχοι,
3758 2811 4034 2882 fluat-59w-

2443 2932 2553 2968 ται.
2592 2914 2754 2966 Ὥστε
2806 2913 2867 2966 οὐ
2904 2913 3032 2981 περὶ
3092 2909 3294 2972 παντὸς
3346 2909 3588 2977 εἴρηται,
3622 2905 3720 2959 τοῦ
3762 2905 3908 2957 κατὰ
3936 2905 4040 2966 τὰς

2443 3006 2647 3077 ἀρετὰς
2711 3003 3051 3067 ἀνελλιποῦς,
3110 3002 3246 3055 ἀλλά
3277 3002 3408 3070 περὶ
3462 3000 3707 3067 ἀγάπης,
3730 2999 3803 3060 ὡς
3835 2998 3898 3049 οὐ
3927 2997 4040 3066 χρὴ

2445 3095 3055 3171 προσωποληπτοῦντας
3073 3093 3380 3156 ἀνελλιπῶς
3403 3091 3610 3160 ταύτην
3659 3091 3867 3154 ἀνύειν,
3917 3090 4040 3143 ἀλλ’

761 3185 961 3237 haheat
989 3183 1284 3251 defectum,
1313 3187 1408 3242 sed
1438 3187 1506 3242 de
1532 3189 1845 3255 dilectione,
1869 3191 2014 3260 quod
2046 3208 2156 3247 non
2183 3210 2346 3266 opor-

2451 3187 2732 3251 ὁλοτελῶς.
2761 3187 2934 3240 Τοῦτο
2958 3187 3014 3239 δὲ
3047 3185 3144 3239 καὶ
3171 3185 3301 3254 περὶ
3340 3183 3452 3236 τῶν
3481 3182 3656 3236 ἀλλων
3685 3180 3902 3250 ἀρετῶν
3933 3197 4042 3245 φα-

761 3283 873 3329 teat
901 3275 1043 3328 hanc
1066 3290 1190 3329 cum
1219 3275 1434 3332 defectu
1459 3293 1526 3332 ex
1555 3295 1909 3349 personarum
1935 3292 2186 3353 respectu
2214 3300 2342 3354 per-

765 3367 951 3432 ficere,
986 3369 1080 3422 sed
1117 3369 1346 3441 integre.
1389 3368 1505 3426 Hoc
1537 3380 1720 3426 autem
1748 3373 1815 3428 de
1842 3373 1966 3428 aliis
1994 3389 2211 3445 quoque
2232 3377 2344 3430 vir-

765 3456 976 3510 tutibus
995 3457 1243 3512 dicimus.
1278 3456 1412 3512 Nam
1439 3459 1530 3529 qui
1557 3476 1667 3516 non
1695 3461 1934 3530 perfecte
1961 3465 2226 3521 modestis
2254 3474 2349 3522 aut

764 3549 929 3618 justis
965 3549 1132 3603 rebus
1164 3551 1314 3604 verbi
1350 3553 1522 3620 gratia
1557 3554 1809 3620 adhaesit,
1841 3555 1937 3611 sed
1974 3571 2097 3611 cum
2133 3557 2349 3614 defectu

769 3656 902 3694 usus
929 3639 1114 3706 fuerit,
1143 3643 1229 3697 hic
1251 3643 1607 3700 clau—dieando
1633 3647 1685 3700 in
1714 3648 2013 3705 tractandis
2037 3651 2347 3720 virtutibus,

770 3732 1028 3786 universo
1067 3733 1283 3787 virtutis
1331 3749 1562 3805 corpore
1598 3737 1822 3793 vitiatus
1854 3749 1956 3793 est.
1999 3739 2352 3810 lntelligenda

768 3829 855 3876 est
886 3822 1051 3892 igitur
1080 3823 1164 3878 lex
1195 3840 1317 3892 quae
1347 3825 1414 3879 de
1443 3827 1735 3884 dilectione
1765 3830 1894 3899 agit,
1920 3829 1988 3885 de
2020 3847 2126 3900 qua
2161 3832 2353 3901 praeci-

772 3929 916 3984 puus
952 3923 1036 3968 est
1083 3915 1185 3983 ipsi
1238 3931 1457 3986 scopus.
1503 3917 1702 3990 Legem
1747 3937 1881 3976 vero
1923 3921 2191 3978 libertatis
2224 3923 2356 3979 dicit

773 4021 897 4072 quae
953 4014 1104 4059 caret
1161 4017 1413 4075 respectu
1476 4024 1893 4078 personarum:
1949 4029 2070 4080 quae
2129 4024 2212 4068 est
2267 4015 2354 4068 lex

778 4097 1002 4150 Christi.
1054 4097 1155 4163 Qui
1209 4098 1356 4152 enim
1404 4115 1692 4168 personam
1748 4101 1995 4171 respicit,
2051 4119 2164 4158 non
2217 4105 2356 4160 liber

782 4198 884 4251 est,
934 4189 1027 4242 sed
1059 4205 1248 4244 servus
1284 4209 1298 4250 ;
1345 4189 1517 4244 Nam:
1556 4209 1576 4243 ι
1615 4191 1788 4258 Aquo
1807 4191 1931 4258 quis
1947 4203 2237 4264 superatus
2276 4204 2358 4250 est

784 4285 903 4352 ejus
936 4293 991 4336 ct
1025 4299 1215 4338 servus
1245 4293 1327 4338 est
1349 4284 1416 4337 ὀ.
1445 4304 1464 4336 ›
1493 4315 1563 4323 —
1602 4305 1619 4336 ι
1648 4285 1923 4340 Iudicium
1955 4287 2162 4356 absque
2192 4289 2360 4343 mise-

783 4377 1020 4431 ricordia
1048 4377 1151 4431 erit
1182 4380 1253 4432 ei.
1288 4399 1304 4429 ι
1343 4377 1396 4431 Si
1433 4379 1698 4448 proximis
1731 4381 2106 4434 remiserimus
2139 4391 2362 4450 peccata

781 4469 983 4539 quibus
1024 4469 1077 4522 in
1115 4485 1214 4523 nos
1246 4470 1613 4538 deliquerunt,
1639 4480 1689 4523 et
1726 4485 1926 4540 egenos
1957 4471 2048 4540 qui
2081 4471 2228 4524 inter
2261 4486 2363 4526 nos

2456 3299 2576 3354 μεν,
2607 3282 2702 3343 σος
2728 3281 2838 3350 γὰρ
2873 3278 2946 3349 μὴ
2971 3278 3060 3331 διὰ
3092 3275 3282 3338 τέλους
3306 3275 3416 3327 τῶν
3466 3270 3843 3342 σωφρονικῶν,
3877 3272 4036 3340 φέρε,

2453 3373 2618 3446 ἢτῶν
2652 3373 2878 3425 δικαίων
2908 3369 3248 3438 ἀντίσχηται,
3285 3366 3400 3421 ἀλλ’
3462 3366 3845 3432 ἐλλιπέστερον
3887 3365 4042 3432 χρὴ-

2457 3482 2641 3535 σηται,
2671 3457 2826 3526 οὗτος
2868 3459 3122 3532 χωλεύων
3179 3460 3309 3530 περὶ
3357 3457 3458 3528 τὴν
3509 3456 3911 3526 μεταχείρισιν,
3961 3455 4043 3522 τῷ

2459 3555 2621 3611 παντὶ
2647 3557 2746 3626 τῆς
2772 3553 2972 3625 ἀρετῆς
2993 3551 3303 3622 ἐλυμήνατο
3343 3551 3580 3620 σώματι.
3608 3549 3768 3601 Ὀλον
3801 3547 3895 3601 οὖν
3949 3549 4044 3600 τὸν

2459 3648 2623 3718 νόμον
2639 3647 2730 3698 τὸν
2758 3644 2888 3714 περὶ
2908 3644 3009 3713 τῆς
3027 3644 3256 3713 ,ἀγάπης
3273 3641 3594 3706 ἀκουστέον,
3627 3641 3756 3708 περὶ
3784 3634 3846 3693 οὗ
3866 3655 4043 3710 προη-

2458 3739 2746 3808 γουμένως
2769 3735 2917 3805 αὐτῷ
2944 3739 2971 3789 ὁ
3000 3736 3223 3798 σκοπός.
3261 3733 3447 3803 Νόμον
3497 3733 3557 3788 δὲ
3583 3733 3919 3802 ἐλευθερίας,
3950 3732 4046 3783 τὸν

2459 3828 2962 3902 ἀπροσωποληπτόν
2997 3843 3189 3897 φησιν,
3224 3826 3283 3887 ὃς
3315 3825 3462 3877 ἐστιν
3493 3827 3521 3877 ὁ
3550 3824 3645 3876 τοῦ
3680 3822 3942 3892 Χριστοῦ.
3984 3822 4045 3874 Ὀ

2459 3924 2570 3993 γὰρ
2600 3920 3100 3992 προσωπολήπτης,
3147 3919 3246 3971 οὐκ
3291 3917 3608 3987 ἐλεύθερος,
3639 3916 3774 3969 ἀλλά
3832 3915 4041 3972 δοῦλος.

2468 4035 2486 4068 ι
2520 4011 2591 4084 ᾯ
2612 4015 2720 4083 γάρ
2741 4029 2822 4074 τες
2842 4013 3094 4082 ἥττηται,
3124 4009 3299 4080 τούτῳ
3317 4009 3411 4062 καὶ
3437 4006 3784 4061 δεδούλωται.
3809 4025 3827 4057 ι
3846 4036 3914 4046 --
3935 4025 3953 4056 ι
3976 4005 4042 4057 Ἣ

2461 4106 2572 4176 γὰρ
2598 4105 2776 4176 κρίσις
2810 4101 3132 4172 ἀνέλεος,τῷ
3169 4101 3243 4172 μὴ
3304 4102 3594 4171 ποιήσαντι
3653 4098 3828 4160 ἔλεος.
3865 4116 3885 4149 ι
3925 4097 4045 4148 Τῶν

2462 4198 2543 4261 εἰς
2571 4195 2797 4258 ἑαυτοὺς
2823 4194 3244 4264 ἁμαρτημάτων
3289 4192 3554 4259 ἀφιέντας
3583 4193 3732 4261 ἡμᾶς
3761 4192 3880 4250 τοῖς
3906 4189 4046 4257 πλη-

2467 4289 2600 4354 σίον,
2660 4289 2754 4340 καὶ
2806 4289 2920 4348 τοῖς
2969 4287 3077 4338 τῶν
3113 4284 3472 4353 ὑπαρχόντων
3521 4285 3654 4354 ἡμῖν
3708 4282 4050 4351 μεταδόσεως

2465 4373 2860 4436 κοινωνοῦντας
2883 4375 2994 4434 τοῖς
3014 4372 3279 4433 ἐνδεέσιν,
3321 4374 3346 4423 δ
3371 4371 3480 4424 ἀπὸ
3514 4371 3608 4422 τοῦ
3629 4368 3766 4422 Θεοῦ
3797 4373 3877 4431 είς
3901 4372 4050 4438 ἡμᾶς

2468 4466 2612 4528 ἔλεος
2641 4466 2698 4516 ὲν
2736 4468 2802 4536 τῇ
2825 4464 2932 4517 τῶν
2957 4463 3340 4534 βεὸαιωμένων
3371 4463 3709 4532 ἀναλήψεται
3730 4462 4045 4528 διαγνώσει.

780 4567 931 4626 sunt,
973 4561 1444 4630 eleemosynarum
1487 4571 1800 4614 nostrarum
1837 4562 2129 4632 participes
2153 4562 2348 4630 ,fcceri‘

2471 4557 2630 4626 Μέγα
2666 4557 2774 4626 γάρ
2807 4556 2866 4608 τὸ
2886 4555 3240 4624 κατόρθωμα,
3287 4554 3478 4622 ῶσπερ
3528 4555 3864 4614 ἀπεναντίας
3911 4552 4049 4622 βαρῦ

782 4667 908 4706 mus
963 4653 1078 4718 :,in
1124 4652 1465 4707 discussione
1507 4668 1698 4707 eorum
1743 4670 1865 4724 quae
1900 4654 1955 4707 in
1991 4653 2098 4708 vita
2139 4664 2358 4724 peracta

792 4752 942 4802 sunt.
973 4742 1070 4797 Dei
1108 4757 1329 4811 quoque
1356 4743 1731 4799 misericordia
1759 4761 1856 4800 nos
1890 4744 2146 4814 excipiet.
2173 4743 2361 4815 Siqui-

795 4836 917 4889 dem
955 4836 1005 4890 id
1040 4836 1361 4905 prmclarum
1387 4845 1471 4892 est
1490 4836 1725 4899 facinus.
1748 4839 2206 4908 quemadmodum
2230 4855 2260 4893 e
2279 4839 2363 4894 di-

787 4942 948 4980 verso
974 4928 1153 4995 gravis
1183 4928 1570 4982 condemnatio
1603 4929 1708 4982 illis
1739 4929 1843 4982 crit
1872 4929 1962 4998 qui
1997 4946 2105 4984 non
2143 4929 2366 4982 fuerunt

789 5019 931 5070 bene
966 5032 1030 5070 ac
1063 5018 1148 5085 pie
1183 5019 1362 5071 all'ecti
1411 5034 1538 5090 erga
1576 5034 1687 5073 suae
1723 5021 1887 5074 sortis
1925 5021 2195 5075 homines.
2233 5019 2366 5073 Nam

791 5121 886 5173 eos
919 5107 1009 5175 qui
1051 5120 1370 5176 permanent
1409 5108 1560 5163 nullo
1603 5109 1967 5163 condolentiaz
2000 5109 2199 5163 affectu
2238 5109 2371 5163 moti

793 5215 920 5272 erga
962 5201 1240 5268 proximos
1282 5201 1376 5271 qui
1426 5200 1480 5254 in
1534 5216 1594 5256 se
1635 5202 2008 5270 deliquerunt,
2053 5202 2182 5255 mali
2227 5200 2371 5256 servi

795 5293 1180 5347 condemnatio
1236 5293 1656 5362 complectetur,
1680 5279 1806 5346 una
1839 5309 1964 5347 eum
1998 5292 2366 5347 retributione

795 5399 916 5452 quae
972 5383 1026 5437 in
1070 5383 1319 5437 oratione
1375 5385 1656 5438 Dominica
1705 5385 2042 5455 designatur.
2102 5385 2176 5438 Ibi
2229 5384 2374 5438 enim

799 5477 1036 5544 petimus
1075 5492 1104 5529 a
1145 5475 1254 5531 Deo
1291 5486 1347 5530 ut
1386 5476 1542 5530 nobis
1587 5477 1829 5531 remittat
1868 5477 2012 5531 sicut
2043 5483 2098 5530 et
2136 5491 2236 5529 nos
2281 5491 2372 5530 re-

802 5567 1067 5621 mittimus
1137 5569 1216 5623 eis
1273 5569 1365 5638 qui
1426 5569 1479 5621 in
1558 5584 1660 5624 nos
1729 5566 2098 5637 deliquerunt.
2155 5568 2224 5622 Et
2278 5582 2374 5623 eos

798 5661 894 5730 qui
960 5661 1082 5714 duri
1151 5671 1323 5727 sunt,
1385 5661 1643 5730 nulloque
1707 5661 2097 5717 misericordia:
2169 5660 2371 5718 afl'cctu

919 5843 957 5871 ”
995 5841 1091 5898 isa.
1125 5857 1253 5908 szi,
1282 5841 1333 5892 ‘2.
1415 5843 1455 5871 ²⁰
1487 5841 1525 5893 li
1551 5840 1694 5894 l‘ctr.
1754 5858 1810 5905 ιι,
1862 5843 1944 5896 19.

2467 4649 2527 4701 τὸ
2556 4649 2876 4716 κατάκριμα
2907 4649 3019 4710 τοῖς
3047 4652 3121 4716 μὴ
3147 4645 3284 4715 πρὸς
3319 4646 3378 4698 τὸ
3423 4645 3695 4715 ὁμόφυλον
3745 4646 4050 4698 εὐσυνειδὸ-

2468 4755 2576 4800 τως
2628 4736 2973 4790 διατεθεῖσιν.
3031 4735 3154 4787 Ἐπί
3189 4751 3250 4787 τε
3281 4736 3392 4805 γὰρ
3437 4735 3544 4789 τῶν
3575 4737 3651 4798 εἰς
3676 4735 3905 4798 ἑαυτοὺς
3949 4737 4052 4789 ὑπὸ

2470 4834 2581 4885 τῶν
2604 4832 2829 4902 πλησίον
2865 4831 3370 4901 πλημμεληθέντων
3417 4828 3763 4899 ἀσυμπαθῶς
3808 4829 4051 4893 διαγενο-

2478 4926 2678 4995 μένων,
2706 4924 2767 4977 τὸ
2789 4923 2882 4976 τοῦ
2916 4923 3154 4992 πονηροῦ
3183 4922 3372 4976 δούλου
3415 4922 3737 4991 κατάκριμα
3772 4937 4051 4990 περιστοι-

2471 5015 2637 5086 χίσει,
2675 5015 2811 5085 μετᾶ
2838 5017 2934 5066 καὶ
2965 5014 3058 5066 τοῦ
3087 5017 3146 5067 ἐν
3182 5017 3246 5083 τῇ
3276 5016 3407 5084 εὐχῇ
3433 5013 3904 5081 ἀνταποδόματος.
3942 5014 4050 5065 Καὶ

2472 5109 2580 5177 γὰρ
2600 5107 2819 5176 ἀφιέναι
2841 5109 2974 5178 ἡμῖν
2997 5107 3113 5159 ἐκεῖ
3146 5109 3180 5176 ἡ
3203 5107 3416 5177 αἴτησις
3465 5106 3602 5175 πρὸς
3644 5104 3802 5168 Θεὸν,
3869 5104 4051 5166 καθὼς

2478 5198 2570 5250 καὶ
2602 5199 2766 5267 ἡμεῖς
2823 5199 2935 5259 τοῖς
2965 5198 3045 5258 εις
3092 5198 3239 5266 ἡμᾶς
3289 5194 3751 5265 πλημμελήσασιν
3793 5194 4046 5262 ἀφίεμεν.

2478 5291 2590 5344 Καὶ
2645 5292 2757 5352 τοῖς
2811 5289 3056 5357 ἀνηλεῶς
3090 5290 3210 5358 ἦτοι
3260 5287 3636 5354 ἀκοινωνήτως
3667 5286 3762 5338 καὶ
3801 5284 4052 5354 σκληρῶς

2486 5382 2624 5452 πρὸς
2657 5382 2783 5444 τοὺς
2805 5381 3103 5450 χρῄζοντας
3161 5379 3482 5449 σωματικῆς
3530 5376 3885 5447 παραμυθίας
3933 5375 4050 5428 δια-

2482 5473 2777 5542 κειμένοις,
2808 5472 3033 5533 ἁνίλεως
3060 5472 3151 5523 καὶ
3179 5471 3211 5539 ἠ
3243 5470 3421 5539 κρίσις
3462 5468 3771 5537 ἀπαντήσει
3800 5467 3940 5521 κατὰ
3962 5467 4052 5517 τὸν

2484 5565 2726 5635 παρόντα
2749 5563 2928 5631 λόγον.
2965 5582 2983 5614 ι
3020 5563 3450 5630 Κατακαυχᾶται
3478 5559 3535 5611 δὲ
3571 5559 3722 5610 ἔλεον
3759 5558 4042 5626 κρίσεως.»

2481 5657 2543 5710 0i
2574 5655 2681 5726 γὰρ
2702 5655 2992 5725 ἐλεήμονες
3025 5653 3436 5723 ἐλεηθήσονται,
3493 5650 3630 5704 κατὰ
3664 5648 3760 5718 τὴν
3791 5647 3884 5701 τοῦ
3941 5648 4052 5701 Κυ-
