4178 6454
779 416 887 480 I79

1811 404 2216 469 (ECUMENII
2244 401 2538 463 TRICCE
2577 400 2925 462 EPISCOPI

3923 398 4039 464 4‘30

768 534 1043 581 mortuam
1076 533 1130 579 et
1162 521 1552 578 viviﬁcantium
1592 533 1817 589 operum
1857 528 2176 588 expertem;
2211 514 2350 568 Pau-

2459 529 2589 582 φησι
2619 513 3045 582 συγκατάθησιν,
3069 510 3267 583 νεκρὰν
3299 507 3437 564 εἶναι
3487 508 3692 572 πίστιν,
3736 511 3836 564 καὶ
3870 512 4037 579 ἀμοιο

770 619 860 673 lus
896 632 1029 673 vero
1068 615 1205 670 dicit
1240 630 1361 670 eam
1410 630 1534 683 quae
1586 622 1672 668 est
1714 628 1781 667 ex
1817 611 2021 666 aﬁ'ectu
2062 625 2183 679 quae
2217 607 2344 662 laeti

772 712 924 767 nullo
971 709 1136 764 modo
1180 708 1493 765 destituitur
1528 723 1546 763 :
1588 721 1767 777 neque
1810 704 1955 759 enim
1995 703 2112 757 haec
2144 702 2347 769 absque

772 802 1019 858 honestis
1054 800 1211 858 lactis
1243 801 1449 856 innasci
1484 798 1976 870 posset.Siquidem
2009 796 2151 850 hanc
2178 794 2349 848 Abra-

774 896 901 950 ham
937 909 1282 965 nequaquam
1322 902 1655 949 consecutus
1693 900 1796 956 est,
1840 889 1944 945 nisi
1989 889 2141 959 prius
2171 895 2349 940 certa-

773 989 921 1044 mine
953 990 1252 1059 praemisso,
1298 1003 1407 1058 quo
1447 998 1671 1058 paterna
1700 984 2023 1057 cognatione
2053 980 2350 1051 expellere-

774 1089 885 1143 tur.
908 1081 997 1137 cui
1027 1080 1312 1136 certamini
1354 1080 1486 1135 ﬁdes
1525 1078 1581 1132 in
1617 1076 1900 1148 praemium
1930 1072 2306 1130 dcelarabatur
2333 1085 2349 1123 :

775 1172 871 1228 sed
913 1173 1054 1227 hanc
1097 1173 1360 1242 operibus
1404 1170 1706 1240 praeposuit
1742 1168 1963 1232 Paulus,
1996 1179 2196 1234 nempe
2226 1163 2350 1218 sab-

771 1262 1023 1318 batorum
1043 1263 1515 1319 observationibus
1526 1263 1681 1331 juxta
1696 1261 1890 1332 legem,
1910 1254 2348 1316 circumcisione,

774 1353 1096 1424 exterisque
1135 1354 1627 1425 puriﬁcationibus.
1681 1350 1957 1421 Siquidem
1990 1349 2098 1404 duo
2130 1362 2351 1416 quoque

774 1446 1076 1518 signiﬁcata
1106 1446 1525 1517 conspiciuntur
1554 1446 1610 1500 in
1636 1444 1915 1515 operibus.
1943 1441 2077 1495 Nam
2104 1450 2160 1495 et
2183 1454 2349 1509 opera

774 1539 1020 1608 quaedam
1053 1539 1212 1593 ﬁdem
1240 1538 1570 1593 conﬁrmare
1596 1537 1872 1601 dicuntur,
1896 1550 2128 1604 quorum
2156 1547 2349 1602 expers

774 1628 820 1683 si
854 1628 927 1684 sit
961 1628 1113 1695 ﬁdes,
1148 1638 1362 1683 mortua
1401 1637 1504 1684 est.
1535 1627 1880 1696 Rursumque
1904 1641 2067 1696 opera
2093 1626 2351 1680 dicuntur

774 1733 896 1787 quae
948 1718 1083 1789 legis
1128 1726 1277 1783 sunt,
1306 1718 1424 1773 sine
1455 1717 1654 1787 quibus
1686 1725 1743 1771 et
1770 1715 2042 1771 Abraham
2074 1722 2130 1768 et
2159 1727 2350 1767 omnes

775 1809 870 1878 qui
919 1816 1225 1878 sequuntur
1266 1806 1546 1863 Christum
1590 1807 1977 1876 justiﬁeantur.
2032 1804 2166 1872 Quis
2200 1804 2347 1859 enim

775 1861 1214 1971 negabitjverum
1258 1861 1394 1956 ἐξὲξ
1409 1861 1568 1971 quod
1590 1861 1736 1955 'ﬁdes
1771 1861 2111 1967 nequaquam
2151 1898 2216 1951 ad
2253 1897 2350 1951 im-
2381 1861 2423 1916 Β

774 2006 974 2060 purum
1007 1991 1335 2045 accederet?
1361 1990 1484 2045 dico
1516 2000 1695 2044 autem
1725 2003 1908 2043 veram
1950 1986 2134 2042 ﬁdem.
2163 1985 2350 2056 Neque

776 2081 922 2135 enim
957 2090 1291 2151 unguentum
1323 2080 1377 2134 in
1412 2080 1631 2151 capsula
1668 2080 2056 2134 reconderetur
2084 2094 2204 2148 qua:
2234 2078 2349 2133 luto

779 2171 939 2239 plena
972 2180 1117 2226 esset
1149 2185 1163 2229 :
1193 2188 1372 2241 neque
1404 2172 1459 2226 in
1494 2172 1712 2227 homine
1743 2172 1958 2241 impuro
1988 2171 2122 2226 ﬁdes
2151 2171 2353 2225 immit-

777 2269 985 2316 teretur
1024 2278 1055 2317 a
1095 2263 1230 2317 Deo.
1269 2263 1385 2317 Non
1421 2278 1550 2332 ergo
1588 2264 1796 2319 dissoni
1832 2272 1961 2319 sunt
2006 2264 2183 2318 sancti
2222 2276 2353 2332 apo-

779 2358 924 2423 stoli,
959 2359 1055 2414 sed
1094 2360 1149 2413 in
1184 2361 1401 2415 diverso
1431 2360 1733 2430 signiﬁcato
1774 2369 2089 2425 versantes,
2120 2360 2351 2430 quisque

777 2448 843 2503 ad
885 2450 968 2502 sui
1015 2448 1303 2519 signiﬁcati
1345 2466 1503 2505 usum
1549 2451 1695 2520 quod
1740 2450 1843 2505 sibi
1886 2450 2225 2521 propositum
2267 2458 2354 2507 est

778 2542 962 2610 dirigit
996 2557 1058 2595 ac
1092 2544 1363 2612 perducit.

849 2628 912 2691 ll,
944 2630 1132 2684 EID-£6.
1177 2630 1262 2684 Vis
1300 2641 1474 2684 autem
1522 2649 1859 2701 cognoscere,
1902 2648 1933 2685 o
1965 2632 2117 2685 homo
2152 2633 2349 2696 iuams,

778 2718 945 2789 458
972 2723 1111 2790 quod
1142 2723 1274 2790 ﬁdes
1308 2723 1504 2789 absque
1534 2726 1769 2792 operibus
1801 2734 2005 2777 mortua
2040 2725 2152 2777 sit?
2181 2724 2353 2778 Abra-

778 2811 899 2864 ham
940 2822 1093 2881 pater
1127 2823 1299 2867 noster
1324 2831 1489 2868 nonne
1519 2832 1582 2869 ex
1619 2816 1858 2882 operibus
1894 2816 2219 2884 justiﬁcatus
2250 2823 2348 2879 est,

778 2919 895 2957 cum
922 2902 1187 2959 obtulisset
1218 2907 1375 2960 Isaac
1400 2908 1571 2976 ﬁlium
1600 2924 1753 2961 suum
1782 2924 1939 2977 super
1967 2909 2180 2962 altare?
2209 2910 2355 2963 Vides

777 2997 918 3063 quod
958 2996 1086 3064 ﬁdes
1133 2998 1442 3066 adjumento
1482 3000 1639 3069 fuerit
1687 3001 1927 3065 operibus
1973 3000 2152 3066 illius,
2199 3012 2245 3055 et
2293 3019 2357 3056 ex

777 3086 1021 3154 operibus
1046 3087 1174 3154 ﬁdes
1212 3090 1441 3157 perfecta
1477 3090 1679 3159 fuerit?
1710 3089 1775 3143 Et
1817 3091 2073 3157 completa
2104 3100 2177 3144 est
2210 3090 2356 3146 Scri-

2449 604 2650 674 ροῦσαν
2675 604 2783 657 τῶν
2813 603 3317 674 ἀναζωπυρούντων
3360 601 3560 671 ἔργων.
3587 600 3797 663 Παῦλος
3827 601 3888 653 δὲ
3936 601 4040 670 τὴν

2449 695 2807 759 ἔκδιαθέσεως
2838 696 3005 764 λέγει,
3046 696 3169 764 ἥτις
3213 696 3313 747 οὒκ
3362 693 3652 763 ἐπέρηται
3702 693 3888 763 ἔργων
3926 694 4040 761 μαι

2446 785 2623 839 λιστα.
2686 786 2799 839 Οὐκ
2833 785 2899 839 ἂν
2962 768 3075 856 γὰρ
3134 784 3271 853 αὕτη
3322 784 3559 854 διακένῳ
3600 783 3818 852 σεμνῶν
3850 783 4039 853 ἔργων

2448 875 2743 943 ἐγγένοιτο.
2777 875 2914 929 Οὐδὲ
2943 879 3053 946 γαρ
3085 875 3207 929 οὐδὲ
3243 873 3495 945 Ἀϐραὰμ
3525 874 3682 944 ἔτυχε
3705 874 3921 942 ταύτης
3956 875 4039 943 μὴ

2450 966 2716 1036 πρότερον
2739 968 3164 1038 διηγωνισμένος
3211 966 3310 1037 τὴν
3368 966 3644 1036 πατρικὴν
3694 963 4042 1018 ἀπώσασθαι

2448 1059 2656 1113 ἀθεῖαν.
2713 1055 2894 1130 ᾯτινι
2931 1060 3275 1129 ἀγωνίσματι
3305 1061 3339 1131 l;
3363 1058 3545 1119 πίστις
3570 1056 3805 1111 επαθλον
3856 1055 4039 1127 ἑϐρα-

2450 1152 2660 1206 ϐιύιτο.
2708 1153 2849 1206 Ἀλλ’
2878 1152 3055 1223 ἔργων
3079 1151 3287 1219 ταύτην
3332 1153 3657 1226 προέκρινεν
3699 1153 3729 1204 ὁ
3782 1148 4037 1212 Παῦλος,

2449 1244 2559 1297 τῶν
2582 1242 2725 1298 κατά
2750 1244 2914 1313 νόμον
2939 1243 3347 1313 σαϐϐατισμῶν,
3394 1244 3491 1297 καὶ
3548 1242 3881 1315 περιτομῆς,
3937 1242 4044 1295 καὶ

2450 1336 2559 1389 τῶν
2586 1337 3127 1407 λοιπιῖινῖἀγιασμῶν.
3158 1337 3264 1390 Δύο
3313 1336 3423 1407 γὰρ
3451 1337 3549 1390 καὶ
3572 1337 3667 1390 ἐπὶ
3707 1334 3819 1387 τῶν
3850 1334 4040 1401 ἔργων

2451 1428 2647 1499 ὁρᾶται
2677 1430 2745 1483 τά
2781 1429 3179 1499 σημαινόμενα.
3215 1430 3391 1498 Ἔργα
3416 1430 3526 1498 γὰρ
3574 1429 3671 1480 καὶ
3716 1427 3784 1480 τὰ
3843 1426 4041 1477 πίστιν

2454 1520 2779 1592 βεϐαιοῦντα
2812 1523 3055 1589 λέγεται,
3082 1513 3160 1574 ὧν
3182 1520 3491 1591 ἀμοιροῦσα
3522 1522 3556 1589 ἡ
3607 1519 3789 1581 πίστις
3835 1519 4035 1587 νεκρά.

2455 1614 2634 1684 Ἔργα
2686 1614 2850 1668 πάλιν
2894 1616 2990 1669 καὶ
3046 1613 3117 1668 τά
3162 1612 3257 1667 τοῦ
3314 1614 3503 1682 νόμου.
3536 1608 3637 1663 Ὠν
3702 1613 3797 1663 καὶ.
3863 1612 4041 1679 χωρὶς

2465 1706 2716 1778 Ἀϐραὰμ
2746 1710 2843 1762 καὶ
2862 1709 3064 1769 πάντες
3100 1707 3149 1760 oi
3192 1705 3338 1759 κατά
3386 1705 3621 1775 Χριστὸν
3671 1702 4041 1756 δικαιοῦνται.

2467 1799 2620 1853 Ἐπεὶ
2681 1799 2763 1853 ὅτι
2816 1799 3001 1861 πίστις
3042 1799 3145 1851 οὐκ
3203 1798 3270 1850 ἂν
3332 1796 3628 1868 ἀκαθάρτῳ
3672 1794 4040 1865 προσγένοιτο

2458 1890 2623 1961 (λέγω
2658 1890 2714 1944 δὲ
2759 1889 2858 1961 τὴν
2911 1889 3027 1949 ὄντι
3076 1887 3306 1957 πίστιν),
3337 1887 3422 1950 τίς
3455 1888 3707 1956 ἀντερεῖς
3757 1885 3899 1939 Οὔτε
3919 1884 4041 1952 γάρ

2454 1980 2716 2052 βορϐόρου
2774 1980 2970 2051 πλήρει
3008 1981 3217 2051 ἀγγείῳ
3278 1978 3451 2051 μύρον
3504 1976 3855 2046 ταμιευθείη.
3908 1975 4041 2028 οὖτα

2452 2070 2752 2142 ἀκαθάρτῳ
2780 2070 3055 2141 ἀνθρώπῳ
3087 2071 3270 2133 πίστις
3294 2070 3569 2138 ἐγγένοιτο
3590 2067 3750 2121 Θεοῦ.
3786 2068 3906 2119 υύκ
3924 2069 4045 2135 ἀρα.

2452 2163 2708 2231 διάφωνοι
2740 2164 2790 2217 οί
2826 2163 2959 2217 θεῖοι
2999 2161 3311 2225 ἀπόστολοι,
3336 2162 3472 2217 ἀλλά
3514 2163 3644 2224 περὶ
3692 2160 3751 2213 τὸ
3775 2159 4044 2229 διάφορον

2452 2254 2547 2309 τοῦ
2595 2256 3000 2328 σημαινομένου
3050 2256 3428 2327 στρεφόμενοι.
3484 2256 3621 2323 πρὸς
3677 2253 3775 2322 τὴν
3842 2255 4044 2321 χρείαν

2457 2348 2686 2411 ἕκαστος
2718 2346 2813 2401 τοῦ
2857 2348 3285 2418 σημαινομένου,
3318 2346 3378 2400 τὸ
3410 2345 3672 2416 προτεθὲν
3711 2344 3860 2411 αὕτῷ
3888 2342 4045 2409 διεξ-

2458 2443 2580 2509 άγει
2609 2443 2703 2494 καὶ
2732 2442 3140 2511 ἐκπεραίνεται.

2528 2621 2733 2686 Θέλεις
2778 2620 2845 2673 δὲ
2892 2620 3136 2688 γνῶναι,
3184 2614 3231 2673 ὦ
3280 2620 3557 2685 ἄνθρωπε
3631 2616 3789 2677 κενέ,
3851 2617 3944 2668 ὅτι
4000 2617 4046 2685 ἠ

2455 2714 2662 2778 πίστις
2692 2712 2869 2779 χωρὶς
2892 2710 3012 2763 τῶν
3028 2712 3218 2779 ἔργων
3246 2708 3431 2776 νεκρά
3478 2709 3684 2769 ἑστιν;
3725 2708 3975 2774 Ἀϐραὰμ
4012 2709 4050 2759 ὁ

2457 2807 2654 2874 πατὴρ
2692 2805 2864 2875 ἡμῶν
2894 2808 3004 2859 οὐκ
3028 2804 3095 2868 ἐξ
3126 2803 3316 2872 ἔργων
3359 2800 3670 2865 ἐδικαιώθη
3706 2799 4051 2868 ἀνενέγκας·

2470 2900 2676 2955 Ἰσαὰκ
2729 2899 2835 2952 τόν
2867 2899 3001 2952 υἱὸν
3072 2892 3259 2950 ιίῠτοῡ
3301 2894 3398 2947 ἐπὶ
3450 2894 3512 2946 τὸ
3556 2890 4049 2956 θυσιαστήριονς

2458 2993 2711 3056 Βλέπεις
2739 2992 2828 3044 ὅτι
2852 2991 2891 3056 ἠ
2922 2991 3127 3055 πίστις
3143 2988 3433 3058 συνήργει
3465 2986 3589 3051 τοῖς
3614 2986 3809 3054 ἐρττις
3828 2983 4049 3046 αὑτοῦ,

2460 3084 2557 3137 καὶ
2611 3085 2679 3135 ἐκ
2741 3080 2862 3135 τῶν
2917 3082 3106 3149 ἔργων
3168 3077 3206 3147 ἡ
3263 3081 3469 3143 πίστις
3545 3077 3891 3142 ἐτελειώθιμ
3933 3076 4048 3129 Kal

777 3188 932 3245 plura
954 3195 1070 3248 qua!
1093 3180 1255 3233 dicit:
1275 3179 1511 3235 Credidit
1536 3180 1803 3236 Abraham
1829 3183 1956 3247 Deo,
1975 3193 2022 3237 et
2040 3185 2355 3251 imputatum

2460 3173 2773 3242 ἐπληρώθη
2810 3175 2847 3240 ἠ
2882 3173 3093 3242 Γριιφὴ
3128 3174 3165 3240 ή
3196 3170 3463 3239 ,ιέγουσίι
3491 3186 3505 3199 ·
3532 3170 3927 3224 "Balatu-ce
3976 3169 4051 3221 δὲ

780 3281 852 3321 est
877 3268 958 3321 illi
982 3270 1053 3322 ad
1072 3270 1365 3338 justitiam,
1391 3282 1437 3325 et
1466 3274 1666 3325 amicus
1693 3272 1788 3326 Dei
1810 3284 2024 3328 vocatus
2045 3285 2139 3328 est.
2169 3275 2359 3329 Videtis

777 3361 945 3425 igitur
970 3362 1109 3429 quod
1138 3378 1199 3414 ex.
1233 3362 1475 3430 operibus
1501 3363 1823 3432 justiﬁcetur
1852 3366 2035 3429 homo,
2075 3376 2121 3419 et
2156 3383 2261 3418 non
2293 3380 2358 3419 e1:

778 3450 1133 3517 ﬁdetautum.
1172 3450 1433 3507 Similiter
1474 3466 1644 3508 autem
1678 3466 1725 3508 et
1767 3454 1947 3508 Rahab
1983 3458 2231 3510 meretrix
2265 3474 2362 3509 an-

778 3555 881 3593 non
916 3557 981 3593 ea:
1016 3542 1258 3610 operibus
1285 3544 1585 3612 justi/irata
1616 3556 1712 3609 est,
1746 3563 1864 3599 cum
1896 3548 2179 3616 excepisset
2219 3566 2358 3603 nuu-

779 3632 880 3683 tios
918 3641 966 3685 et
1002 3632 1111 3685 alia
1142 3634 1225 3687 ria
1256 3636 1510 3691 emisisset
1532 3638 1557 3690 Ρ
1588 3637 1730 3691 Nam
1770 3638 2209 3708 quemadmodum
2238 3658 2355 3695 cor-

776 3739 874 3791 pus
903 3723 1099 3794 absque
1126 3726 1318 3793 spiritu
1348 3738 1611 3782 mortuum
1646 3741 1743 3793 est,
1776 3732 1853 3784 ita
1882 3741 1935 3787 et
1996 3731 2129 3800 ﬁdes
2163 3730 2359 3802 absque

778 3816 1020 3883 operibus
1048 3826 1255 3873 mortua
1286 3828 1384 3872 est.

848 3993 1072 4047 lnanem
1123 3996 1416 4064 appellavit
1473 3998 1751 4053 hominem
1803 4002 1896 4069 qui
1945 4002 2013 4057 de
2054 4002 2200 4057 nuda
2251 4004 2356 4059 ﬁde

779 4086 1065 4153 gloriatur,
1096 4102 1221 4141 cum
1256 4089 1394 4144 nihil
1427 4090 1796 4145 subsistentia:
1829 4092 1897 4145 ad
1930 4094 2356 4163 completionem

780 4194 877 4245 per
920 4194 1087 4250 opera
1131 4190 1327 4236 nactus
1373 4182 1461 4236 sit.
1514 4202 1533 4233 ι
1584 4183 1857 4237 Abraham
1902 4194 2055 4253 pater
2087 4194 2292 4239 noster.
2331 4205 2351 4237 ι

779 4266 1045 4323 Eumdem
1063 4268 1338 4323 Abraham
1371 4280 1479 4325 tam
1513 4271 1712 4327 Paulus
1733 4274 1777 4305 "
1808 4290 1970 4344 quam
2006 4275 2095 4329 hic
2122 4274 2358 4332 Jacobus

778 4359 848 4413 ad
883 4361 1190 4429 exemplum
1227 4364 1494 4417 sermonis
1534 4364 1603 4418 de
1648 4363 1752 4418 ﬁde
1793 4366 2024 4419 assumit
2058 4382 2070 4419 :
2110 4367 2200 4420 ille
2234 4368 2357 4437 qui-

780 4451 903 4505 dem
931 4462 989 4506 ut
1011 4454 1262 4508 ostendat
1292 4454 1451 4509 ﬁdem
1476 4456 1733 4526 operibus
1754 4458 2175 4513 eminentiorem
2198 4476 2352 4515 esse:

2474 3267 2719 3333 Ἀϐραὰμ
2752 3264 2831 3329 τῷ
2857 3262 2997 3328 Θεῷ,
3031 3263 3129 3315 καί
3173 3264 3459 3332 ἐλογίσθη
3510 3262 3670 3327 αὐτῷ
3700 3266 3787 3328 εἰς
3813 3263 4049 3316 δικαιο-

2460 3358 2807 3421 σύνην-,καὶ
2846 3358 3026 3424 φίλος
3061 3356 3207 3409 Θεοῦ
3254 3356 3505 3421 ἐκλήθη.
3573 3354 3778 3423 Ὁρᾶτε
3833 3358 4051 3408 τοίνυν

2460 3445 2547 3498 ὅτι
2568 3445 2637 3509 ἐξ
2668 3445 2857 3513 ἔργων
2887 3445 3219 3499 δικαιοῦται
3247 3448 3279 3499 ό
3311 3446 3640 3513 ἅνθρωπος,
3679 3442 3776 3496 καί
3816 3445 3930 3497 οὐκ
3976 3445 4050 3496 ἐκ

2460 3540 2720 3605 πίστεως
2736 3542 2971 3609 μόνον;
3013 3540 3256 3606 Ὁμοίως
3278 3539 3344 3591 δὲ
3370 3538 3469 3590 καὶ
3530 3537 3715 3591 Ῥαὰὸ
3755 3539 3795 3604 ὴ
3846 3540 4047 3604 πόρνη

2461 3634 2574 3686 οὐκ
2604 3632 2675 3697 ἐξ
2690 3634 2883 3701 ἔργων
2902 3632 3216 3699 ἐδικαιώθη
3257 3629 3679 3700 ὑποδεξαμένη
3705 3632 3840 3694 τοί-ς
3872 3632 4049 3699 ἀγγέ-

2460 3729 2633 3792 λους,
2675 3725 2773 3780 καί
2801 3726 2975 3793 ἑτέρᾳ
2998 3724 3116 3790 ὀδῷ
3160 3725 3548 3788 ἐκϐαλοῦσα;
3575 3724 3805 3791 Ὠσπερ
3832 3722 3943 3791 γὰρ
3979 3725 4046 3775 τὸ

2461 3816 2634 3885 σῶμα
2655 3817 2835 3885 χωρὶς
2853 3817 3195 3884 πνεύματος
3215 3817 3432 3883 νεκρόν
3464 3814 3655 3877 ἐστιν,
3690 3814 3845 3866 οὕτω
3862 3814 3962 3867 καὶ
4006 3815 4046 3882 ἠ

2460 3909 2668 3973 πίστις
2687 3907 2865 3974 χωρίς
2894 3905 3015 3960 τῶν
3034 3907 3225 3975 ἔργων
3246 3906 3430 3974 νεκρὰ
3468 3906 3621 3959 ἐστι.

2530 4000 2703 4053 Κενδν
2734 3998 2997 4052 ὲκάλεσεν
3022 3997 3310 4069 ἄνθρωπον
3336 4000 3429 4051 τὸν
3458 4000 3585 4071 ψιλῇ
3733 4003 3918 4054 πίστει
3943 4002 4045 4053 αὖ-

2460 4090 2867 4160 χοῦντα,μηδὲν
2900 4091 3000 4161 τῆς
3031 4090 3119 4142 sta
3163 4090 3273 4143 τῶν
3319 4090 3494 4161 ἔργων
3539 4093 3898 4156 ὑποστάσεως
3946 4110 4041 4147 xs-

2460 4183 2733 4252 κτημένον
2755 4184 2834 4246 είς
2869 4182 3172 4253 πλήρωσιν.
3202 4200 3222 4234 ι
3276 4182 3527 4253 Ἀϐραὰμ
3558 4189 3583 4237 ὁ
3612 4185 3798 4255 πατὴρ
3821 4185 4038 4253 ἡμῶν.»

2460 4272 2564 4325 Τὸν
2592 4273 2756 4325 αὐτὸν
2804 4272 3057 4341 ’Δϐραάμ
3094 4272 3417 4342 ἀμφότεροι,
3455 4276 3542 4326 ὅτε
3599 4273 3813 4336 Παίλος
3873 4276 3973 4329 καὶ
4017 4277 4045 4325 ὁ

2471 4363 2728 4425 Ἰάκωϐος
2759 4357 2911 4424 οὗτος
2936 4360 3015 4424 είς
3042 4362 3343 4431 ὑπόδειγμα
3380 4364 3474 4415 τοῦ
3495 4365 3593 4434 τῆς
3626 4366 3859 4426 πίστεως
3880 4365 4044 4430 λόγου

2460 4452 2830 4523 λαμϐάνουσιν
2859 4469 2873 4483 ·
2898 4452 2926 4503 ὀ
2960 4452 3059 4520 μὲν
3083 4452 3179 4521 τὴν
3200 4454 3383 4505 πίστιν
3409 4455 3517 4506 τῶν
3572 4455 3749 4524 ἔργων
3806 4458 4046 4523 κρείττω

782 4544 872 4597 hic
902 4559 1032 4599 vero
1073 4562 1290 4601 rursum
1324 4563 1491 4616 opera
1530 4564 1651 4603 esse
1694 4549 1799 4603 ﬁde
1838 4551 2215 4619 prtestantiora
2258 4568 2354 4621 per

2460 4550 2672 4611 δεικνὺς
2696 4548 2762 4600 δι’
2786 4547 3183 4617 ὑπώείγματος
3217 4548 3307 4601 τοῦ
3332 4550 3475 4602 κατᾶ
3497 4550 3589 4603 τὸν
3625 4551 3907 4620 Ἀϐρααμ·
3928 4554 3956 4604 ὁ
3985 4552 4041 4603 δὲ

780 4637 1033 4691 eumdem
1065 4638 1361 4692 Abraham.
1394 4638 1459 4693 Et
1504 4642 1756 4709 superius
1792 4641 2011 4709 quidem
2039 4643 2243 4697 dictum
2276 4652 2359 4698 est

779 4729 921 4797 quod
980 4731 1125 4784 circa
1178 4731 1380 4800 duplex
1446 4732 1567 4785 ﬁdei
1625 4733 1986 4803 signiﬁcatum
2046 4744 2352 4801 versantes,

781 4821 1013 4889 quisque
1045 4822 1098 4875 id
1127 4821 1282 4876 aﬁ‘ert
1325 4825 1469 4891 quod
1500 4822 1568 4876 ad
1598 4824 1681 4878 sui
1715 4825 1973 4893 propositi
2006 4827 2354 4882 demonstra-

784 4913 986 4967 tionem
1022 4913 1295 4969 conducit.
1331 4913 1560 4979 Quidam
1593 4925 1770 4969 tamen
1809 4916 2026 4970 Patrum
2058 4918 2164 4972 hoc
2192 4920 2355 4972 etiam

786 5004 949 5058 modo
976 5004 1043 5059 de
1077 5006 1178 5059 hac
1211 5020 1271 5059 re
1304 5005 1711 5064 intellexerunt.
1730 5007 1899 5061 Aiunt
1927 5008 2073 5063 enim
2103 5010 2356 5064 eumdem

784 5096 1060 5149 Abraham
1107 5096 1271 5151 variis
1318 5098 1638 5153 distinctum
1690 5100 2025 5169 temporibus
2075 5101 2359 5170 utriusque

786 5188 909 5243 ﬁdei
940 5189 1174 5259 gessisse
1206 5190 1521 5262 imaginem,
1554 5200 1603 5245 et
1634 5190 1753 5261 ejus
1782 5208 1901 5261 qua:
1931 5200 2055 5247 aute
2090 5193 2358 5263 baptisma

786 5290 872 5335 est
911 5295 1013 5335 nec
1051 5281 1282 5351 requirit
1314 5297 1499 5351 opera,
1542 5282 1633 5337 sed
1668 5283 1841 5337 solam
1880 5282 2039 5337 ﬁdem
2075 5294 2128 5337 et
2169 5284 2360 5338 salutis

786 5372 1186 5427 confessionem
1215 5388 1281 5427 ac
1308 5373 1533 5428 verbum
1559 5389 1664 5442 quo
1688 5374 2047 5443 justiﬁeamur
2072 5378 2359 5431 credentes

787 5462 842 5516 in
868 5460 1167 5525 Christum,
1190 5469 1245 5517 et
1271 5463 1388 5532 ejus
1417 5478 1537 5533 qua:
1563 5463 1810 5533 sequitur
1843 5464 2112 5534 baptisma
2143 5478 2198 5519 et
2224 5482 2358 5520 cutt-

788 5553 973 5616 iuncta
1002 5564 1086 5609 est
1118 5555 1378 5624 operibus
1422 5573 1435 5609 :
1482 5565 1538 5611 et
1582 5556 1653 5609 ita
1701 5572 1811 5610 non
1853 5566 2078 5627 apparet
2112 5557 2358 5612 diversus

786 5646 878 5715 qui
911 5646 965 5700 iu
992 5648 1253 5717 apostolis
1284 5648 1501 5705 loeutus
1529 5659 1611 5706 est
1642 5649 1865 5722 spiritus
1895 5670 1907 5705 :
1937 5651 2029 5706 sed
2067 5651 2212 5722 quod
2246 5653 2360 5708 haec

852 5820 899 5852 "
940 5822 1098 5877 llum.
1136 5837 1207 5885 tv,
1248 5822 1312 5876 12
1344 5839 1497 5893 seqq.

2467 4642 2628 4695 πάλιν
2652 4641 2721 4693 τὰ
2747 4640 2884 4711 ἔργα
2916 4641 3011 4709 τῆς
3035 4640 3270 4703 πίστεως
3310 4640 3399 4693 διὰ
3430 4641 3525 4693 τοῦ
3558 4642 3721 4693 αὑτοῦ
3762 4644 4040 4713 Ἀϐρααμ.

2465 4735 2578 4787 Καὶ
2604 4734 2816 4803 εἴρηται
2852 4733 2951 4801 μὲν
2969 4732 3101 4791 ἄνω,
3134 4732 3209 4793 ὡς
3238 4748 3301 4783 πε
3314 4735 3367 4801 pi.
3396 4734 3455 4785 τὸ
3485 4734 3661 4786 διττὸν
3706 4734 3800 4786 τοῦ
3836 4753 4042 4805 σημαι-

2464 4825 2691 4894 νομένου
2735 4825 2997 4893 ἑκάτερος
3050 4824 3366 4895 στρέφεται,
3421 4826 3485 4878 τὸ
3557 4827 3847 4879 συντεὶοῦν
3890 4827 4043 4896 αὐτῷ

2466 4919 2603 4987 πρὸς
2624 4918 2723 4988 τὴν
2761 4916 3031 4980 ἀπόδειξιν
3057 4917 3416 4985 ἐπαγόμενος.
3468 4918 3626 4981 Τινὲς
3669 4918 3858 4987 μέντοι
3936 4921 4043 4971 τῶν

2464 5008 2721 5077 Πατέρων
2750 5010 2845 5061 καὶ
2863 5007 3007 5061 οὕτω
3038 5010 3167 5077 περὶ
3192 5007 3384 5060 τούτου
3417 5007 3684 5073 ἔγνωσαν.
3735 5010 3874 5062 Φασὶ
3931 5012 4043 5079 γὰρ

2467 5099 2559 5151 τὸν
2608 5098 2770 5151 αὐτὸν
2828 5096 3079 5168 Ἀϐραὰμ
3135 5100 3245 5157 τοῖς
3302 5099 3515 5166 χρόνοις
3571 5099 4041 5169 διαστελὶόμενον.

2464 5188 2730 5254 ἑκατέρας
2789 5187 3025 5251 πίστεως
3082 5181 3224 5239 εἶναι
3275 5187 3480 5253 εἰκόνα,
3532 5190 3766 5257 καὶτῆς
3820 5191 3929 5260 πρὸ
3954 5191 4043 5243 τοῦ

2472 5279 2850 5349 βαπτίσματος
2871 5278 2970 5348 τῆς
3005 5278 3081 5349 μὴ
3107 5279 3476 5351 ἐπιζητούσης
3515 5281 3675 5350 ἔργα,
3705 5284 3755 5334 εἰ
3811 5283 3885 5351 μὴ
3946 5285 4043 5350 τὴν

2469 5372 2652 5423 πίστιν
2694 5371 2863 5439 μόνην
2901 5371 2993 5423 καὶ
3011 5370 3107 5440 τὴν
3131 5370 3424 5440 ὁμολογίαν
3443 5372 3542 5441 τῆς
3571 5373 3843 5443 σωτηρίας
3875 5374 4044 5426 καὶτὸ

2471 5464 2623 5534 ῥῆμα
2654 5454 3077 5529 ᾧδικαιούμεθα
3110 5461 3456 5524 πιστεύοντες
3490 5463 3569 5523 εἰς
3616 5462 3872 5530 Χριστὸν,
3954 5464 4044 5515 καὶ

2466 5556 2565 5625 τῆς
2634 5554 2774 5625 μετά
2811 5554 2873 5608 τὸ
2925 5554 3231 5624 βάπτισμα,
3275 5554 3372 5621 τῆς
3431 5553 3868 5622 συνεζευγμὲνης
3934 5555 4042 5613 τοῖς

2470 5649 2671 5720 εργοις.
2735 5647 2921 5709 Οὕτως
2962 5648 3061 5701 οὐκ
3115 5646 3355 5700 ἐναντίον
3397 5646 3644 5716 φαίνεται
3706 5645 3768 5699 τὸ
3825 5648 3883 5699 ἐν
3929 5648 4040 5707 τοις
