4178 6454
125 431 231 493 ιει

1025 432 1409 495 COMMENT.
1452 436 1533 494 IN
1576 436 1814 498 EPIST.
1851 438 2167 503 CATIIOL.
2200 441 2485 502 JACOBI.

3292 445 3398 507 482

124 542 457 607 ἀποστόλοις
482 544 726 613 λαλῆσαν
755 544 993 614 πνεῦμα.
1036 524 1200 598 ’Ἀλλὰ
1234 547 1332 615 τῆς
1374 547 1473 615 μὲν
1494 547 1559 599 δι’
1580 549 1708 618 ὀμο-

1817 550 2035 617 quidem
2088 551 2221 606 ﬁdes
2271 553 2383 606 sola
2425 549 2776 605 confessione
2821 550 3087 620 justiﬁcet
3132 556 3398 609 acceden-

124 634 320 699 λογίας
355 637 526 706 μόνης
562 637 885 706 δικαιούσης
911 638 1001 688 τὸν
1063 638 1381 707 προσιόντα,
1428 640 1476 689 εἰ
1528 655 1709 708 παρα-

126 728 325 797 χρῆμα
381 728 607 783 ἀπέλθοι
637 728 735 782 τοῦ
794 728 939 799 βίου·
980 728 1178 801 (τούτῳ
1205 729 1312 799 γὰρ
1341 730 1401 781 οὐ
1458 730 1714 800 πάρεισιν

124 820 289 888 ἔργα,
318 818 434 871 ἀλλ’
458 821 669 888 ἐφόδιον
699 820 848 891 αὐτῷ
882 821 1067 875 ἱκανὸν
1096 823 1128 891 ἡ
1157 820 1247 874 διὰ
1283 819 1377 872 τοῦ
1404 819 1715 889 βαπτίσμα-

121 929 216 973 τος
244 911 563 982 κάθαρσις)’
611 914 709 981 τῆς
737 913 796 967 δὲ
828 914 918 966 τὸν
948 915 1049 982 ἤδη
1083 911 1521 983 βεὸαπτισμένον
1548 912 1713 965 ἀπαι-

122 1003 329 1073 τούσης
362 1006 460 1057 καὶ
492 1004 713 1072 ἀγαθῶν
742 1005 919 1075 ἔργων
976 1003 1260 1069 ἐπίδειξιν.
1308 1001 1498 1073 Τούτῳ
1541 1004 1638 1057 καὶ
1684 1005 1713 1056 ὁ

123 1095 344 1158 Παῦλος
375 1100 659 1167 συμφωνεῖ
687 1097 916 1166 ἑτέρωθι
961 1096 1138 1164 λέγων
1194 1096 1367 1158 οὓτως
1421 1098 1516 1150 xal.
1563 1096 1710 1151 διδά-

124 1204 274 1240 σκων
303 1189 408 1256 τὴν
461 1192 598 1259 μετὰ
620 1190 682 1242 τὸ
738 1189 1022 1259 βάπτισμα
1074 1189 1280 1251 πίστιν,
1319 1188 1419 1258 τὴν
1470 1188 1558 1242 διὰ
1602 1189 1710 1243 τῶν

120 1279 304 1346 ἔργων
339 1281 624 1333 τελείωσιν
647 1281 920 1344 ἀπαιτεῖν,
969 1283 1027 1333 ὲν
1056 1276 1138 1343 οἷς
1166 1296 1351 1349 φησιν,
1386 1298 1405 1329 ι
1442 1280 1576 1333 Οὔτε
1616 1299 1709 1334 πε-

122 1371 326 1439 ριτομὴ
370 1371 639 1441 τιίσχύει,
669 1372 793 1426 οὔτε
833 1372 1189 1442 ἀκροϐυστία,
1230 1370 1366 1424 ἀλλὰ
1416 1369 1598 1434 πίστις
1640 1372 1708 1425 δι’

120 1460 354 1530 ἀγάπης
393 1464 792 1533 ἐνεργουμένη.
833 1483 852 1515 ι
901 1465 967 1516 Ἥ
996 1464 1052 1516 δὲ
1094 1461 1307 1531 ἀγάπη,
1340 1462 1541 1532 πολλῆς
1561 1462 1709 1531 φιλο-

123 1551 316 1618 σοφίας
348 1553 522 1607 δεῖται
549 1557 630 1618 είς
652 1555 711 1608 τὺ
736 1556 1117 1627 πληρωθῆναι.

197 1668 469 1732 Ἄλλως.
519 1668 632 1733 Τῆς
666 1667 766 1737 μὲν
797 1670 859 1721 ἐκ
888 1669 1055 1738 μόνης
1109 1669 1345 1732 πίστεως
1371 1672 1707 1735 δικαιώσεως

122 1758 285 1811 εἰκὼν
317 1756 696 1832 ἦν’Ᾱὸραὰμ,
748 1764 835 1815 ὅτε
894 1763 1187 1827 πιστεύσας
1245 1764 1499 1835 ἐλογίσθη
1557 1765 1706 1831 αὑτῷ

120 1853 197 1913 εἰς
234 1852 619 1922 δικαιοσύνην,
676 1854 773 1923 τῆς
820 1854 876 1907 δὲ
932 1855 990 1919 ἐξ
1036 1855 1236 1928 ἔργων,
1298 1858 1385 1909 ὅτε
1442 1858 1535 1910 τὸν
1590 1858 1705 1909 υἱὸν

117 1943 426 2010 ἀνενέγκας
487 1946 577 1997 ἐπὶ
599 1944 659 1997 τδ
688 1945 1096 2016 θυσιαστήριον.
1161 1946 1272 1999 Καὶ
1304 1946 1411 2017 γὰρ
1441 1947 1501 1999 οὐ
1536 1946 1701 2015 μόνον

118 2036 174 2086 τὸ
205 2036 373 2104 ἔργον
433 2036 631 2099 ἐποίει,
658 2037 793 2090 ἀλλά
816 2039 911 2091 καὶ
939 2038 1040 2105 τῆς
1070 2038 1309 2101 πίστεως
1337 2040 1437 2092 οὐκ
1466 2040 1699 2106 ἀπέστη,

117 2127 197 2176 ὅτι
230 2128 288 2177 ὲν
323 2126 519 2179 Ἰσαὰκ
549 2128 732 2195 μέλλει
768 2128 829 2181 τὸ
862 2128 1083 2199 σπέρμα
1115 2128 1283 2183 αὐτοῦ
1314 2130 1605 2197 πληθύνειν
1627 2132 1703 2196 ώς

117 2218 183 2268 τὰ
228 2218 437 2287 ἄστρα,
502 2218 859 2286 λογισάμενος
899 2219 980 2272 ὅτι
1025 2219 1119 2271 καί⁵
1148 2220 1211 2273 ὲκ
1248 2219 1458 2290 νεκρῶν
1490 2222 1701 2290 ἐγεῖραι

116 2308 341 2371 δυνατὸς
373 2312 402 2361 ό
470 2308 625 2373 Θεός.
685 2312 873 2380 Ὅμως
948 2312 1042 2365 καὶ
1084 2312 1176 2365 τὸν
1240 2311 1456 2365 Δαυῒδό
1491 2313 1702 2376 Παῦλος

116 2402 448 2470 προκομίζει
476 2403 751 2472 μάρτυρα,
780 2403 959 2471 σοφῶς
989 2405 1360 2469 διασκευάζων
1388 2406 1455 2459 τὰ
1482 2405 1699 2461 ἑαυτοῦ.

120 2492 271 2563 ᾜδει
295 2492 413 2561 γαρ
432 2493 509 2562 τῷ
526 2493 654 2563 θείῳ
674 2494 950 2563 Πνεύματι
973 2496 1070 2565 τὴν
1089 2496 1389 2564 μέλλουσαν
1407 2499 1462 2550 ὲν
1476 2496 1702 2567 Χριστῷ

118 2582 460 2653 παρέσεσθαι
494 2584 633 2636 κατὰ
658 2586 884 2655 καιροὺς
918 2584 1124 2639 πίστιν.
1158 2585 1247 2637 Διό
1266 2601 1416 2654 φησν
1465 2602 1483 2634 ι
1508 2585 1701 2638 Μακά-

120 2691 229 2740 ριος
254 2668 460 2743 ἀνὴρῷ
487 2675 545 2727 οὒ
583 2676 657 2744 μὴ
674 2675 957 2745 λογίσηται
1003 2675 1204 2746 Κύριος
1258 2677 1559 2746 ἁμαρτίαν.
1586 2695 1602 2726 ι
1634 2708 1698 2717 -

124 2782 141 2813 ι
175 2765 237 2817 Ἡ
293 2768 486 2827 πίστις
549 2766 718 2834 χωρὶς
776 2766 885 2817 τῶν
920 2765 1097 2837 ἔργων
1142 2766 1313 2835 νεκρά
1360 2768 1541 2819 ἐστι.»
1589 2764 1701 2835 Τὴν

122 2857 253 2921 μετα
289 2856 357 2907 τὸ
387 2855 670 2925 βάπτισμα
728 2856 911 2908 πίστιν
954 2855 1125 2923 λέγει.
1179 2854 1344 2907 Οὐδὲν
1364 2854 1474 2923 γάρ
1519 2855 1701 2917 πίστις

118 2949 317 3015 ὠφελεῖ
375 2949 688 3018 χηρεύουσα
715 2946 914 3017 ἔργων,
949 2947 998 2999 εί
1033 2945 1107 3015 μὴ
1136 2947 1233 2998 καὶ
1263 2945 1513 3015 μείζονος
1553 2946 1699 3014 ἡμᾶς

120 3042 525 3109 ἁμαρτήματος
581 3038 869 3100 ὑποδίκους
934 3036 1258 3105 καθίστησι,
1319 3038 1379 3090 τὺ
1436 3038 1700 3091 τάλαντον

122 3133 217 3199 μὲν
285 3130 579 3195 λαϐόντας,
625 3129 698 3200 μὴ
732 3128 1162 3198 ἐπιφερομένους
1196 3128 1253 3180 δὲ
1279 3129 1376 3197 τὴν
1413 3128 1696 3199 ἐργασίαν.

123 3223 281 3274 Ὅθεν
329 3222 427 3273 καὶ
449 3222 478 3274 ὀ
511 3220 716 3289 Κύριος
752 3221 1119 3290 ὑπογραμμὸν
1146 3220 1343 3283 διδοὺς,
1367 3220 1443 3282 ώς
1485 3220 1621 3288 μετά
1641 3218 1702 3272 τὸ
1732 3254 1775 3312 c

121 3312 410 3383 βάπτισμα
460 3313 556 3364 καὶ
621 3312 797 3381 ἔργων
850 3312 983 3381 ἡμῖν
1029 3312 1149 3375 δεῖ,
1208 3309 1530 3381 βαπτισθεὶς
1600 3311 1707 3364 ὑπὸ

131 3404 405 3465 Ἰωάννου,
464 3401 561 3469 τὴν
610 3401 817 3472 ἔρημον
874 3400 1101 3469 ἔφθασε,
1147 3400 1241 3452 καὶ
1277 3402 1405 3461 τοὺς
1444 3399 1582 3452 κατά
1605 3398 1700 3451 τοῦ

119 3494 369 3548 διαϐόλου
409 3494 695 3562 ἀνεδέχετο
719 3492 959 3560 ἀγῶνας.
981 3492 1093 3546 Καὶ
1124 3490 1339 3554 Παῦλος
1370 3490 1428 3543 δὲ
1453 3493 1567 3553 τοῖς

120 3586 223 3635 τῶν
257 3582 584 3654 μυστηρίων
612 3582 893 3647 ἀξιωθεῖσι
936 3584 1209 3654 παραινεῖ,
1242 3581 1441 3650 λέγων,
1483 3600 1501 3633 ι
1523 3581 1700 3633 Σπου-

119 3674 371 3741 δάσωμεν
419 3672 688 3725 εἰσελθεῖν
749 3674 830 3736 είς
876 3673 1092 3742 ἐκείνην
1138 3672 1238 3743 τὴν
1276 3671 1642 3737 κατάπαυσιν,
1676 3688 1696 3723 ι

120 3765 189 3826 ὡς
239 3765 342 3816 οὐκ
388 3763 671 3835 ἀρκούσης
727 3765 827 3834 τῆς
873 3764 1147 3829 πίστεως,
1208 3763 1325 3817 ἀλλ’
1375 3762 1703 3832 ὀφειλούσης

122 3856 492 3925 προστεθῆναι
546 3856 641 3909 καὶ
695 3857 795 3927 τῆς
858 3854 1260 3928 καθαριότητος
1302 3853 1397 3908 τοῦ
1439 3854 1581 3925 βίου,
1608 3853 1703 3907 καὶ

118 3946 313 4016 πολλὴν
340 3947 476 4017 περὶ
505 3944 699 3999 τουτου
730 3946 985 4015 γενέσθαι
1021 3946 1287 4017 σπουδήν.

185 4080 281 4147 Μὴ
314 4079 541 4134 πολλοὶ
574 4078 936 4133 διδάσκαλοι
972 4080 1237 4149 γίνεσθε,
1269 4080 1528 4151 ἀδελφοί
1554 4101 1697 4152 μου,

119 4168 338 4236 εἰδότες
378 4170 472 4223 ὅτι
508 4168 710 4239 μεῖζον
766 4169 944 4240 κρῖμα
986 4171 1323 4241 ληψόμεθα.
1355 4174 1565 4228 Πολλὰ
1590 4174 1700 4245 τὰρ

120 4262 405 4329 πταίομεν
439 4261 729 4328 ἅπαντες.

188 4372 379 4427 Εἰπὼν
404 4373 666 4443 ἀνωτέρω
696 4374 793 4427 καὶ
831 4373 1051 4438 διδάξας
1074 4377 1174 4446 τὴν
1199 4376 1383 4429 πίστιν
1409 4378 1483 4447 μὴ
1509 4379 1698 4432 διάκε-

120 4479 203 4515 νον
251 4463 433 4534 εργων
508 4463 817 4518 σπουδαίων
878 4466 1181 4535 κεκτῆσθαι
1241 4469 1367 4531 τοὺς
1420 4471 1649 4533 πιστοὺς
1679 4511 1695 4537 ,

125 4554 321 4623 μετέϐη
344 4556 444 4607 καὶ
474 4555 563 4623 ἐφ’
598 4556 785 4625 ἕτερον
824 4556 1054 4625 ἀδελφὸν
1080 4558 1278 4611 τούτου
1304 4560 1693 4630 παράγγελμα.

124 4645 248 4748 gini.
275 4646 395 4748 γάρ
415 4662 564 4748 τινες
601 4644 873 4748 διδάσκειν
904 4646 1278 4717 ἐπιχειροῦσιν
1313 4647 1349 4701 ἃ
1385 4650 1459 4719 μὴ
1484 4650 1699 4721 κατώρ·
1733 4694 1775 4748 D

122 4731 292 4785 θωσαν
332 4733 541 4801 αὐτοί).
598 4734 709 4787 Καί
756 4752 923 4803 φησιν
958 4736 1041 4789 ὃτι
1074 4737 1260 4806 μεῖζον
1292 4738 1354 4790 τὸ
1386 4742 1559 4808 κρῖμα
1587 4743 1697 4793 τῶν

120 4824 373 4877 τοιούτων
427 4826 568 4892 μετὰ
625 4824 723 4878 τοῦ
776 4826 945 4897 μηδὲν
1001 4828 1328 4896 κερδαίνειν.
1371 4830 1431 4883 '0
1480 4830 1590 4901 γὰρ
1625 4832 1694 4885 τὰ

126 4915 193 4985 μὴ
226 4915 504 4985 προσόντα
539 4915 809 4968 διδάσκων
842 4917 919 4980 ὡς
963 4917 1094 4971 δντα
1123 4918 1275 4989 αὐτῷ
1295 4958 1311 4984 ,
1366 4922 1695 4992 κατάκριτός

124 5005 363 5070 ἐστινὼς
408 5006 496 5059 διὰ
555 5008 656 5077 τῆς
714 5008 879 5061 αὐτοῦ
935 5008 1189 5080 γλώσσης
1217 5012 1555 5069 ὀλισθαίνων,
1584 5016 1691 5067 Καὶ

127 5093 349 5159 βεϐαιῶν
386 5096 550 5149 τοῦτο
610 5098 675 5149 ὲκ
717 5098 1033 5167 περιουσίας
1088 5100 1275 5167 φησίν.
1333 5101 1396 5153 Ei
1442 5103 1551 5171 γάρ
1599 5104 1693 5155 καὶ

123 5184 285 5249 ams;
324 5187 609 5257 ἠγλῶσσα
670 5188 917 5257 πέφυκεν
979 5189 1308 5243 ὀλισθαίνειν
1362 5192 1421 5256 ἐξ
1452 5194 1690 5263 ἀπροσε-

124 5277 232 5342 ξιις
262 5273 338 5332 ὧν
366 5280 461 5333 καὶ
507 5280 569 5332 τὸ
595 5281 769 5351 κρίμα
828 5286 927 5333 οὐκ
976 5282 1366 5352 ἀποδιδράσκει
1407 5287 1434 5338 ό
1487 5288 1690 5355 ταύτην

126 5372 567 5441 κεκτημένος,ώς
596 5372 849 5443 Σολομῶν
875 5390 1031 5443 φησι,
1064 5375 1292 5442 λέγων,‹
1317 5378 1395 5430 Δι’
1413 5379 1690 5449 ἁμαρτίαν

126 5462 339 5530 χειλέων
356 5463 672 5533 ἐμπίμπτει
695 5466 775 5527 εἰς
805 5467 1011 5533 παγίδα
1033 5467 1374 5536 ἁμαρτωλόςο
1390 5465 1561 5540 »ἦπου
1584 5471 1693 5526 ave

129 5556 187 5606 ἰκ
213 5558 467 5625 προνοίας
512 5558 867 5628 ἁμαρτάνων,
894 5560 1160 5615 διδάσκων
1210 5564 1275 5632 τῇ
1301 5562 1520 5635 γλώσσῃ
1552 5564 1587 5617 ἃ
1616 5566 1691 5636 μὴ

194 5753 239 5789 ’⁸
270 5752 541 5829 Galatia,
574 5755 645 5829 6.7
709 5756 753 5788 ³⁷
785 5754 922 5829 Gen.
950 5772 1041 5818 xv,
1087 5756 1147 5829 6.
1210 5756 1260 5829 7“
1289 5756 1425 5812 Gen.
1460 5774 1591 5825 χχιι,
1625 5760 1691 5813 10
1711 5775 1861 5829 seqq.

133 5835 266 5890 nn,
292 5825 346 5877 2.
424 5824 469 5857 ²¹
497 5825 689 5881 Matth.
724 5841 801 5894 ιν,
846 5827 866 5881 l
905 5841 1056 5896 seqq.

1824 651 1953 702 tem.
1988 644 2030 699 si
2064 644 2249 697 statim
2278 660 2308 697 a
2333 644 2471 698 mala
2502 644 2612 697 vita
2647 643 2894 698 discedat
2927 646 3078 712 (huic
3110 646 3254 700 enim
3287 663 3397 702 non

1819 733 2020 789 adsunt
2050 748 2236 805 opera,
2265 735 2358 788 sed
2394 735 2667 789 sutﬁciens
2703 733 2803 803 ipsi
2846 738 3144 790 remedium
3179 746 3264 790 est
3297 753 3399 805 pu-

1819 825 2049 880 riﬁcatio
2096 842 2193 895 per
2238 826 2610 895 baptismum),
2637 827 2726 881 illa
2772 842 2902 879 vero
2939 827 3008 881 ab
3046 844 3111 882 eo
3150 830 3239 898 qui
3285 832 3393 900 iam

1817 913 2124 983 baptizatus
2148 925 2230 968 est
2261 914 2486 983 requirit
2507 915 2669 967 etiam
2700 916 2964 970 bonorum
2992 932 3214 986 Operum
3241 921 3397 975 exhi-

1816 1006 2098 1061 bitionem.
2132 1006 2268 1061 Cum
2303 1008 2407 1061 hoc
2440 1022 2605 1061 sensu
2645 1005 2843 1061 Paulus
2874 1024 3093 1079 quoque
3124 1015 3398 1068 consentit

1814 1097 1922 1151 alio
1951 1099 2004 1151 in
2033 1098 2172 1163 loco,
2208 1098 2280 1152 ita
2308 1099 2515 1163 dicens,
2548 1114 2613 1152 ac
2641 1099 2844 1154 docens
2876 1100 3032 1154 ﬁdem
3068 1112 3191 1169 post
3221 1103 3396 1173 bapti-

1818 1203 1934 1242 sma
1976 1189 2362 1257 perfectionem
2406 1191 2687 1258 requirere
2732 1206 2830 1261 per
2869 1206 3054 1259 opera,
3101 1210 3222 1247 cum
3266 1195 3340 1249 ait
3376 1212 3393 1249 :

1820 1300 1838 1331 ι
1876 1280 2061 1350 Neque
2088 1282 2434 1334 circumcisio
2466 1284 2761 1351 quidquam
2794 1284 2938 1337 valet
2973 1300 3148 1353 neque
3183 1303 3395 1356 praepu-

1814 1370 1970 1430 tium.
2007 1370 2174 1441 5.59
2207 1370 2298 1425 sed
2343 1372 2477 1427 lides
2515 1388 2637 1441 qua:
2675 1388 2771 1442 per
2808 1374 3157 1428 dilectionem
3198 1392 3397 1444 opera-

1814 1470 1903 1515 tur
1926 1463 1992 1515 ".
2022 1481 2039 1512 ι
2070 1462 2240 1515 Porro
2269 1463 2488 1518 dilectio
2520 1464 2681 1534 longo
2718 1474 2839 1535 eget
2863 1465 3127 1520 exercitio
3155 1475 3215 1520 ut
3244 1484 3397 1523 com-

1810 1554 2043 1624 plealur.

1882 1665 1999 1719 Alio
2027 1666 2200 1720 modo.
2252 1665 2526 1720 Abraham
2592 1667 2768 1736 imago
2824 1670 3044 1737 quidem
3089 1669 3191 1724 fuit
3232 1670 3391 1740 iusti-

1810 1758 2080 1813 ﬁcationis
2107 1774 2228 1827 qum
2276 1775 2337 1813 ex
2366 1760 2475 1813 sola
2513 1760 2617 1813 ﬁde
2651 1759 2728 1824 ﬁt,
2784 1762 3002 1829 quando
3063 1762 3390 1831 imputatum

1810 1850 1913 1905 fuit
1952 1850 2052 1919 ipsi
2076 1852 2141 1904 ad
2163 1851 2441 1919 justitiam
2478 1853 2620 1919 quod
2648 1852 2947 1907 crediderit
3000 1855 3046 1885 "
3074 1873 3088 1907 :
3117 1855 3236 1925 ejus
3260 1872 3391 1910 vero

1810 1958 1931 2013 qua:
1952 1951 2035 1996 est
2057 1957 2119 1995 ex
2145 1943 2419 2011 operibus,
2485 1943 2704 2012 quando
2752 1942 2920 1997 ﬁlium
2988 1944 3185 1999 obtulit
3227 1961 3395 2015 super

1809 2030 1981 2086 altare
2013 2033 2081 2086 ".
2113 2033 2391 2102 Siquidem
2424 2048 2531 2086 non
2564 2033 2740 2087 solum
2795 2034 3084 2104 peragebat
3114 2050 3271 2105 opus,
3296 2034 3393 2090 sed

1809 2120 1973 2174 etiam
1998 2122 2051 2174 in
2086 2122 2190 2175 ﬁde
2225 2123 2527 2190 permansit
2557 2124 2701 2190 quod
2723 2137 2822 2192 per
2841 2124 2985 2177 Isaac
3009 2124 3385 2193 multiplican-

1807 2212 1936 2267 dum
1973 2222 2319 2268 essetsemen
2351 2228 2509 2269 Suum
2539 2214 2681 2268 sicut
2722 2222 2889 2281 astra,
2918 2214 3392 2285 existimansquod

1808 2304 1972 2358 etiam
2034 2322 2101 2359 ex
2123 2306 2353 2360 mortuis
2386 2317 2570 2375 posset
2602 2306 2745 2360 Deus
2773 2307 3041 2361 suscitare
3065 2309 3129 2360 ³⁸.
3176 2308 3385 2363 Tamen

1808 2393 2011 2449 Paulus
2047 2395 2297 2463 producit
2321 2396 2481 2448 etiam
2512 2394 2677 2449 David
2706 2394 2757 2447 in
2792 2404 2982 2449 testem
3017 2396 3082 2457 ³⁸,
3107 2398 3387 2465 sapienter

1809 2501 1902 2540 Sua
1927 2487 2276 2539 conﬁrmans.
2310 2485 2549 2539 Noverat
2572 2485 2717 2537 enim
2743 2484 2830 2539 ille
2850 2500 2948 2554 per
2976 2485 3239 2555 Spiritum
3268 2502 3387 2542 eam

1810 2578 1969 2631 ﬁdem
2001 2594 2119 2647 qua:
2152 2577 2351 2631 futuris
2422 2577 2765 2646 temporibus
2851 2590 3081 2631 ventura
3137 2588 3253 2633 erat
3294 2596 3392 2649 per

1806 2667 2083 2723 Christum
2121 2689 2133 2721 :
2169 2669 2294 2721 ideo
2319 2669 2394 2722 ait
2431 2688 2443 2722 :
2478 2688 2494 2719 ι
2520 2667 2814 2722 Βοοῑυεγίι·
2845 2670 2933 2723 cui
2962 2685 3071 2724 non
3100 2671 3391 2739 imputahit

1809 2761 2071 2815 Dominus
2096 2771 2377 2830 peccatum
2414 2762 2477 2815 ³¹.
2520 2781 2538 2813 ι
2575 2792 2646 2802 —
2673 2781 2690 2813 ι
2729 2761 2890 2815 Fides
2937 2762 3144 2831 absque
3189 2764 3378 2833 Operi-

1808 2852 1911 2907 bus
1938 2864 2144 2908 mortua
2178 2866 2280 2909 est.
2327 2873 2344 2904 ι
2382 2855 2566 2908 Fidem
2599 2854 2729 2907 dicit
2770 2869 2890 2923 qua:
2923 2865 3006 2908 est
3037 2864 3165 2924 post
3204 2856 3390 2925 bapti-

1809 2961 1944 2999 sma.
1987 2944 2132 2999 Nihil
2160 2948 2304 3001 enim
2332 2946 2553 3014 prodest
2601 2945 2737 2999 ﬁdes
2796 2946 3052 3000 destituta
3108 2948 3386 3016 operibus,

1807 3037 1913 3090 nisi
1943 3037 2087 3105 quod
2114 3052 2217 3091 nos
2259 3037 2449 3107 majori
2483 3037 2664 3091 adhuc
2717 3048 2945 3106 peccato
2990 3038 3164 3091 reddit
3211 3038 3390 3091 obno-

1809 3128 1952 3192 xios,
1988 3129 2080 3197 qui
2114 3129 2376 3182 talentum
2409 3128 2628 3197 quidem
2676 3129 3009 3197 accepimus,
3050 3128 3261 3183 lucrum
3309 3139 3391 3183 la-

1810 3234 1938 3273 men
1971 3232 2080 3271 non
2114 3217 2423 3272 retulimus.
2456 3216 2611 3273 Unde
2633 3226 2688 3270 et
2714 3216 2973 3271 Dominus
3000 3218 3150 3271 velut
3190 3218 3386 3271 adum—

1809 3312 2018 3366 brando
2051 3312 2213 3367 nobis
2245 3311 2410 3365 tradit
2433 3312 2579 3381 quod
2614 3322 2737 3380 post
2769 3311 3035 3379 baptisma
3072 3312 3385 3365 necessaria

1804 3402 1961 3456 nobis
1981 3401 2093 3455 sint
2118 3417 2305 3471 opera,
2356 3418 2478 3456 cum
2508 3418 2536 3455 a
2567 3401 2776 3456 Joanne
2828 3402 3137 3471 baptizatus
3169 3402 3237 3455 ad
3281 3402 3379 3456 dc-

1807 3500 2012 3545 sertum
2042 3493 2315 3561 pervenit,
2369 3500 2425 3547 et
2467 3493 2765 3546 certamina
2797 3494 3059 3547 adversus
3106 3492 3382 3547 diabolum

1804 3581 2047 3651 suscepit
2080 3584 2144 3636 ".
2190 3582 2393 3638 Paulus
2424 3598 2641 3653 quoque
2670 3598 2766 3637 eos
2804 3583 2897 3652 qui
2959 3584 3215 3653 mysteria
3273 3584 3384 3652 jam

1804 3680 2138 3741 acceperant
2170 3672 2509 3738 adhortatur,
2530 3674 2721 3729 dicens
2746 3689 2759 3724 :
2788 3694 2805 3723 ι
2832 3674 3384 3745 Studeamusingrcdi

1804 3762 1859 3817 in
1892 3763 2034 3817 illam
2068 3765 2311 3834 requiem
2344 3766 2392 3797 ³⁸
2426 3783 2474 3818 ι»
2518 3766 2672 3835 quasi
2715 3782 2823 3819 non
2850 3766 3081 3820 suﬁiciat
3110 3766 3267 3831 ﬁdes,
3289 3767 3385 3821 sed

1802 3853 1926 3909 addi
1948 3870 2164 3925 quoque
2182 3855 2378 3909 debeat
2392 3856 2516 3910 vita:
2534 3857 2760 3925 puritas,
2777 3868 2831 3911 et
2849 3857 3111 3911 circahoc
3127 3870 3383 3926 magnum

1804 3945 2054 4001 adhiberi
2091 3947 2358 4002 studium.

1874 4078 1965 4143 Ill,
1991 4081 2043 4148 l,
2082 4081 2136 4135 2.
2172 4080 2355 4135 Nolite
2384 4083 2566 4147 plures
2598 4082 2842 4152 magistri
2864 4082 3001 4151 ﬁeri,
3035 4083 3228 4152 fratre:
3258 4085 3377 4148 mei,

1800 4175 2021 4227 scientes
2042 4173 2182 4242 quod
2212 4174 2389 4242 majus
2449 4174 2706 4240 iudicium
2764 4174 3031 4243 sumpturi
3092 4175 3380 4228 simus:in

1806 4261 1989 4313 multis
2021 4261 2161 4314 enim
2195 4259 2425 4314 labimur
2442 4277 2641 4315 omnes.

1870 4372 2009 4428 Cum
2038 4373 2093 4427 in
2130 4374 2511 4443 superioribus
2538 4373 2767 4427 dixisset
2800 4389 2864 4427 ac
2886 4375 3163 4429 docuisset
3192 4374 3380 4430 ﬁdeles

1803 4472 1864 4517 ut
1894 4464 2051 4519 ﬁdem
2074 4466 2422 4533 possiderent
2455 4481 2566 4519 non
2603 4481 2832 4520 vacuam
2895 4466 3052 4520 bonis
3096 4467 3378 4536 operibus,

1802 4555 1870 4609 ad
1894 4556 2041 4609 aliud
2098 4558 2317 4611 transiit
2364 4566 2697 4625 praeceptum
2736 4558 2862 4610 huic
2887 4572 3227 4627 germanum.
3255 4558 3380 4612 Ete-

1803 4648 1915 4700 nim
1946 4646 2169 4715 quidam
2204 4649 2401 4702 docere
2429 4658 2699 4702 conantur
2748 4664 2870 4717 qua:
2932 4663 3033 4704 nec
3085 4650 3186 4718 ipsi
3242 4664 3380 4718 pra:-

1802 4746 2068 4792 stantzet
2096 4738 2172 4791 ait
2223 4737 2371 4807 quod
2439 4739 2614 4807 majus
2684 4739 2788 4791 erit
2846 4754 3034 4792 eorum
3087 4737 3375 4807 judicium,

1803 4830 2249 4899 quandoquidem
2284 4830 2421 4884 nihil
2451 4829 2586 4883 lucri
2616 4829 2942 4883 attulerunt.
2994 4829 3129 4883 Nam
3181 4828 3275 4899 qui
3312 4844 3375 4884 ca

1802 4921 1966 4977 docet
1999 4935 2121 4990 qua:
2148 4936 2259 4974 non
2288 4930 2521 4990 prosunt
2550 4930 2808 4988 tanquam
2853 4920 2941 4974 illa
2983 4919 3210 4984 habens,
3245 4934 3378 4974 con-

1801 5010 2092 5064 demnatus
2121 5020 2207 5064 est
2232 5010 2399 5063 veluti
2431 5023 2525 5062 sua
2562 5008 2740 5077 lingua
2775 5008 2977 5075 lapsus.
3030 5006 3145 5060 Hoc
3192 5013 3373 5059 autem

1799 5101 2169 5155 abundantius
2192 5102 2523 5155 conﬁrmans
2553 5100 2704 5154 dicit.
2749 5099 3068 5167 Quanquam
3102 5097 3246 5151 enim
3266 5097 3373 5150 alio

1801 5208 2020 5263 quoque
2053 5193 2214 5246 modo
2244 5209 2306 5245 ex
2336 5190 2665 5261 negligentia
2717 5206 2887 5259 prona
2942 5198 3026 5245 est
3076 5189 3257 5259 lingua
3307 5191 3373 5243 ad

1800 5285 2117 5344 labendum,
2152 5284 2204 5337 in
2238 5300 2301 5338 ea
2329 5282 2841 5353 quorumjudicium
2870 5296 2977 5335 non
3019 5279 3244 5350 eﬂ'ugiet
3274 5281 3371 5349 qui

1803 5384 1944 5436 hanc
1980 5392 2179 5436 nactus
2224 5388 2327 5443 est,
2366 5378 2825 5451 quemadmodum
2881 5379 3048 5433 habet
3092 5378 3372 5439 Solomon,

1801 5475 1989 5530 dicens
2016 5492 2029 5527 :
2060 5474 2227 5545 460
2258 5495 2276 5526 ι
2308 5475 2535 5543 Propter
2564 5481 2847 5542 peccatum
2873 5472 3138 5525 labiorum
3183 5470 3375 5527 incidit

1802 5568 1859 5620 in
1891 5567 2143 5637 laqueum
2178 5577 2431 5638 peccator
2459 5567 2526 5630 3‘;
2569 5586 2587 5618 ι
2626 5566 2798 5620 multo
2827 5573 3009 5618 tamen
3047 5564 3221 5635 magis
3280 5564 3371 5633 qui

1935 5763 1981 5793 "
2012 5762 2179 5819 llehr.
2209 5780 2262 5820 ιι
2292 5767 2478 5821 l7-l9.
2519 5766 2565 5800 ³ο
2589 5764 2746 5821 Rom.
2781 5780 2855 5829 tv,
2878 5767 2911 5820 ϐ
2937 5779 3093 5834 seqq.
3166 5766 3210 5797 "
3230 5762 3370 5818 Psal.

1135 5828 1177 5860 ⁸³
1205 5828 1370 5883 Ilebr.
1403 5845 1478 5895 tv,
1502 5830 1555 5883 4.
1637 5831 1680 5862 ³⁸
1710 5828 1870 5888 Pror.
1909 5847 2004 5899 xu,
2033 5835 2115 5889 15.
