4178 6454
84 413 183 476 485

936 416 1322 480 COMMENT.
1370 417 1449 476 IN
1485 418 1722 478 EPIS'l‘.
1765 419 2081 481 CATIIOL.
2132 423 2414 484 JACOBI.

3227 432 3333 496 486

86 532 302 586 ποιοῦσα
325 533 385 587 τὸ
416 534 546 604 πῦρ.
593 535 753 587 Ἀλλά
781 535 871 588 καὶ
912 537 1074 607 αὑτὴ,
1118 538 1275 606 φησὶ,
1333 537 1653 605 φλογίξεται

1760 538 1949 592 fraude
1978 551 2236 608 operatur
2269 560 2281 595 :
2314 541 2568 612 perjuriis
2599 542 2774 597 aliena
2810 544 2987 614 carpit
3030 563 3042 599 :
3081 555 3136 600 et
3168 562 3334 618 super

85 626 178 676 ὑπὸ
234 629 335 695 τῆς
395 627 643 696 γεέννης.
687 627 774 688 Ὠς
801 627 959 696 δῆλον
1003 629 1112 681 ἀπὸ
1144 627 1240 681 τοῦ
1272 629 1369 699 τὴν
1396 629 1650 696 γλῶσσαν

83 717 614 788 ἀποτηγανιζομένου
660 718 942 773 πλουσίου.
975 719 1087 788 Τὴν
1132 720 1386 787 γλῶσσαν
1412 721 1521 794 γὰρ
1550 721 1652 775 οὐκ

85 809 202 861 ἀλλο
244 809 559 873 κολάζεται,
608 810 695 863 διὰ
717 811 777 864 τὸ
807 811 944 881 πρὸς
1009 811 1314 866 ἀπόλαυσιν
1352 815 1447 868 καὶ
1476 815 1652 883 φλυαο

89 901 198 966 ρίαν
262 900 546 970 εὐτρεπές.
603 900 668 953 El
715 902 812 970 μὲν
842 901 936 954 οῦν
971 903 1081 973 Τῆς
1115 903 1340 975 γεέννης
1382 906 1518 974 ἔχει,
1576 905 1653 968 ὥς

85 1009 196 1043 τινα
251 992 365 1043 τῶν
397 994 749 1062 ἀντιγράφων
779 993 911 1064 ἔχει,
942 993 1087 1047 οὕτω
1117 996 1180 1049 τὸ
1219 997 1384 1067 ῥητὸν
1413 999 1654 1052 ἀναπτυ-

87 1086 251 1137 κτέον.
281 1085 344 1136 Εἰ
377 1085 436 1138 δὲ
483 1086 587 1138 Τὸν
621 1088 813 1157 τροχὸν
857 1087 956 1156 τῆς
989 1089 1258 1155 γενέσεως
1303 1091 1440 1160 ἔχει,
1464 1091 1650 1146 τοιαύ-

86 1192 180 1242 της
227 1175 490 1244 τυγχάνει
537 1181 635 1246 τῆς
690 1178 919 1241 λύσεωςο
976 1180 1182 1250 Τροχὸν
1232 1183 1524 1248 γενέσεως,
1557 1183 1655 1252 τὴν

88 1268 222 1336 ζωὴν
283 1269 444 1337 ἡμῶν
501 1289 659 1340 φησι.
721 1273 1052 1340 Φλογίξουσα
1089 1275 1181 1328 οὖν
1211 1276 1305 1327 τὸν
1329 1277 1525 1347 τροχὸν
1555 1279 1656 1347 τῆς

87 1358 368 1421 γενέσεως.
416 1361 600 1414 σπιλοῖ
655 1364 754 1430 τὴν
801 1366 972 1434 ζωήν.
1003 1367 1114 1420 Καὶ
1152 1369 1306 1434 πῶς;
1363 1369 1656 1439 Προπετῶς

87 1450 394 1519 κινουμένη.
447 1452 565 1520 ’Δφ⁹
601 1448 660 1508 οὗ
691 1457 718 1509 ό
746 1455 858 1523 βίος
889 1457 1048 1526 ήμῶν
1089 1459 1505 1529 ἐκτραχύνεται,
1537 1461 1657 1530 ἦτοι

87 1541 110 1590 ό
131 1543 318 1609 χρόνος
353 1543 452 1612 τῆς
481 1546 627 1615 ζωῆς
650 1548 827 1615 ἡμῶν.
852 1548 1054 1602 Τοῦτον
1077 1551 1186 1621 γὰρ
1209 1554 1306 1605 καὶ
1336 1555 1361 1604 ὁ
1380 1552 1656 1622 Μελῳδὸς,

90 1631 344 1697 στέςανον
373 1634 546 1686 εἰπὼν
573 1635 666 1688 τοῦ
707 1637 979 1692 ἐνιαυτοῦ.
1009 1642 1279 1708 Στέφανος
1307 1643 1363 1695 δέ
1398 1645 1494 1696 καὶ
1535 1661 1662 1712 τρο-

87 1722 166 1788 χὶς
195 1723 253 1774 οὐ
287 1724 632 1796 διενηνόχασι
661 1731 802 1783 κατά
829 1731 891 1783 τὸ
911 1732 1171 1785 κυκλικὸν
1203 1735 1300 1786 καὶ
1327 1736 1655 1805 τροχοειδές.

89 1815 282 1883 Τροχδς
306 1817 366 1868 δὲ
392 1817 422 1868 ό
448 1817 561 1886 βίος
590 1819 664 1882 ὡς
693 1821 773 1883 εἰς
825 1822 1021 1875 ἑαυτὸν
1061 1824 1497 1895 ἀνελιττόμενος.
1535 1827 1659 1889 Πῶς

1755 626 1940 680 omnia
1971 637 2149 682 rotam
2207 631 2468 699 gehennae
2513 631 2813 686 inﬂammat
2852 651 2864 687 :
2897 635 3001 688 hoc
3030 645 3113 690 est
3141 636 3333 690 incen-

1757 719 1837 774 dit
1883 729 1937 774 et
1989 721 2189 775 excitat
2235 723 2287 775 in
2339 739 2440 778 nos
2484 725 2816 794 gehennam,
2872 728 3041 782 veluti
3099 731 3336 800 grassari

1755 808 1966 864 faciens
1988 809 2280 865 adversum
2318 827 2418 866 nos
2445 814 2646 881 ignem.
2711 815 2817 869 Sed
2859 825 2914 869 et
2947 818 3085 885 ipsa,
3135 820 3335 888 inquit,

1757 902 2072 956 incenditur
2095 916 2124 955 a
2160 904 2433 974 gehenna.
2467 906 2925 973 quemadmodum
2983 908 3333 962 manifestum

1757 1005 1839 1048 est
1867 1009 1933 1048 ex
1968 994 2137 1049 divite
2167 994 2260 1064 qui
2285 995 2470 1065 lingua
2493 996 2842 1050 cruciabatur
2875 998 2941 1050 ³⁸.
2983 997 3170 1067 Neque
3187 1001 3334 1054 enim

1758 1085 1828 1140 ob
1853 1068 1997 1142 aliud
2023 1085 2204 1156 lingua
2246 1087 2498 1155 punitur,
2529 1101 2690 1155 quam
2722 1087 2842 1142 ideo
2896 1088 3043 1157 quod
3085 1099 3336 1159 prompta

1757 1177 1931 1232 luerit
1956 1179 2024 1232 ad
2055 1178 2284 1232 delicias
2317 1188 2371 1232 et
2392 1194 2586 1248 nugas.
2607 1177 2791 1248 Itaque
2831 1179 2872 1232 si
2905 1181 3110 1249 legatur
3139 1181 3337 1236 Rotam

1760 1270 2049 1341 gehennaz,
2096 1269 2239 1323 sicut
2277 1271 2536 1324 nonnulla
2593 1271 2799 1324 habent
2855 1272 3210 1340 exemplaria.
3262 1273 3337 1326 ita

1761 1365 2082 1433 explicanda
2108 1375 2192 1420 est
2243 1366 2537 1419 sententia.
2596 1365 2652 1420 Si
2709 1381 2837 1420 vero
2891 1366 3091 1420 habeat
3141 1368 3337 1420 [lotam

1760 1458 2086 1522 nativitatis,
2147 1460 2310 1514 talem
2369 1459 2678 1528 assequitur
2730 1461 3102 1514 solutionem:
3141 1461 3337 1513 [lotam

1760 1551 2060 1606 nativitatis
2099 1552 2231 1606 dicit
2282 1552 2448 1606 vitam
2497 1562 2763 1606 nostram.
2816 1553 3165 1606 lnllannnans
3208 1568 3338 1623 ergo

1761 1650 1936 1694 rotam
1981 1641 2282 1695 nativitatis
2318 1641 2661 1696 contaminat
2691 1643 2856 1696 vitam
2892 1661 2902 1694 :
2933 1651 2986 1695 et
3015 1643 3286 1711 quomodo
3319 1643 3342 1694 ἲ

1761 1729 1927 1801 462
1965 1732 2098 1784 Dum
2138 1747 2346 1786 temere
2397 1747 2461 1786 ac
2501 1733 2808 1801 petulanter
2868 1741 3140 1796 movetur,
3195 1732 3341 1786 unde

1764 1828 2120 1890 exasperatur
2150 1822 2261 1875 vita
2290 1831 2502 1886 nostra,
2535 1823 2650 1877 sive
2685 1834 2898 1892 tempus
2951 1824 3075 1876 vita:
3107 1832 3337 1879 nostrzr.

88 1905 134 1955 δὲ
160 1907 343 1959 σπι).οτ
392 1908 483 1961 τὸν
515 1908 629 1977 βίον
680 1912 874 1981 ἡμῶν;
913 1913 1070 1969 Οὕτω
1100 1919 1396 1987 κινουμένη
1420 1919 1495 1982 ὡς
1517 1906 1656 1971 ἀνω-

1765 1914 1878 1969 Hoc
1925 1914 2071 1968 enim
2105 1922 2159 1968 et
2209 1913 2671 1984 Psalmographus
2717 1928 2973 1968 coronam
3027 1914 3336 1982 appellavit,

90 1995 214 2062 τέρω
262 1999 594 2069 εἰρήκαμεν.
660 2003 778 2070 Ἀφ’
825 1999 902 2058 ὦν
957 2007 1052 2060 καὶ
1122 2009 1512 2079 ἐρρυπωμένος
1564 2012 1660 2064 καὶ

91 2088 513 2155 πολυστένακτος
557 2096 584 2146 ό
642 2094 755 2161 βίος
809 2097 1173 2154 ἀποτελεῖται.
1232 2100 1420 2166 Οὕτως
1465 2098 1560 2156 οὖν
1621 2106 1654 2173 ἠ

91 2177 298 2242 γλῶσσα
349 2181 669 2248 μεταγέσθω
698 2185 773 2253 τῷ
802 2186 947 2257 ὀρθῷ
975 2187 1136 2259 λόγῳ.
1165 2191 1285 2244 Κᾶν
1307 2193 1415 2262 γὰρ
1443 2193 1658 2256 κόσμος

91 2270 191 2319 ἐστὶ
237 2269 354 2338 τῆς
398 2273 633 2338 ἀδικίας,
658 2276 824 2329 οἱονεὶ
854 2279 992 2348 πρὸς
1024 2281 1116 2332 τὸν
1150 2282 1470 2353 συρφετώδη
1502 2283 1658 2354 ὄχλον

91 2361 171 2410 καὶ
194 2360 421 2430 δημώδη
468 2365 814 2438 ἐκφερομένη
845 2370 938 2421 καὶ
969 2370 1266 2438 βλέπουσα.
1294 2376 1513 2446 Κόσμον
1549 2377 1658 2447 γὰρ

93 2451 309 2504 ἐνταῦθα
365 2454 428 2505 τὸ
472 2457 677 2525 πλῆθος
747 2461 1062 2518 ἀκουστέον.
1124 2465 1195 2517 Ἢ
1227 2466 1431 2529 κόσμος
1485 2469 1655 2532 ἐστὶν,

93 2543 196 2607 ἦτοι
257 2546 547 2613 κοσμοῦσα
571 2549 670 2618 τὴν
702 2550 1051 2624 ἀνθρωπίνην
1097 2555 1279 2625 φύσιν.
1318 2559 1502 2631 Ταύτῃ
1551 2560 1659 2628 γὰρ

95 2631 330 2700 ἀλλήλοις
368 2638 735 2708 κοινωνοῦμεν
767 2641 875 2696 τῶν
923 2644 1130 2698 ἑαυτῶν
1153 2649 1459 2717 νοημάτων.
1506 2651 1660 2702 Ἐπεὶ

95 2722 172 2771 καὶ
211 2722 359 2776 οὕτω
416 2729 563 2790 τινὲς
620 2729 902 2798 βούλονται
951 2734 1041 2787 τὸν
1099 2736 1302 2807 κῦσμον
1359 2739 1659 2808 λαμϐάνειν

96 2813 211 2878 πρὸς
266 2821 572 2887 σημασίαν.
631 2821 767 2877 Ἀλλ’
816 2820 908 2878 οὖν
937 2826 1075 2896 πρὸς
1111 2828 1203 2881 τὸν
1243 2829 1478 2900 δημώδη’
1504 2831 1658 2902 ὄχλον

98 2906 384 2973 ςερόμενον
430 2909 636 2973 ἀδικεῖ,
685 2914 781 2966 καὶ
838 2916 1020 2968 σπιλοί
1061 2917 1181 2972 ὅλον
1211 2922 1271 2973 τὸ
1304 2921 1464 2991 σῶμα
1493 2963 1506 2985 ,
1563 2923 1658 2976 καὶ

98 2994 318 3062 τλογίζει
374 3001 466 3051 τὸν
519 3002 712 3072 τροχὸν
741 3005 841 3073 τῆς
891 3009 1179 3074 γενέσεως,
1219 3013 1314 3066 καὶ
1345 3014 1658 3081 φλογίζεται

97 3082 183 3134 ὑπὸ
226 3086 328 3154 τῆς
387 3091 637 3159 γεέννης.
686 3096 872 3163 Ὀμως
895 3098 954 3150 ού
983 3100 1220 3167 χαλεπὸν
1274 3104 1659 3174 μεταχειρίσα-

99 3175 203 3227 σθαι
228 3180 439 3249 ταύτην
484 3184 619 3251 πρὸς
649 3185 709 3238 τὸ
739 3187 979 3256 εὐλόγως
1009 3192 1301 3261 κινεῖσθαι,
1328 3197 1421 3248 καὶ
1443 3195 1517 3260 ὼς
1537 3197 1604 3249 ἂν
1631 3199 1659 3250 ό

101 3272 605 3356 μεταχειριζόμενος
662 3275 971 3352 βουληθείη.
1029 3284 1092 3336 ΕΞ
1134 3285 1253 3354 γὰρ¹
1285 3286 1436 3340 πᾶσα
1496 3287 1659 3356 φύσις

100 3353 278 3425 θηρίων
310 3379 370 3413 τε
414 3365 505 3415 καὶ
563 3370 848 3435 πετεινῶν,
901 3373 1149 3442 ἑρπετῶν
1203 3379 1382 3431 τεκαὶ
1431 3379 1660 3432 ἐναλίων

99 3448 383 3549 δαμάζεται
441 3460 536 3508 καὶ
564 3458 893 3530 δεδάμασται
922 3467 986 3534 τῇ
1018 3467 1177 3533 φύσει
1217 3471 1282 3539 τῇ
1320 3469 1659 3544 ἀνθρωπίνῃ,

101 3544 188 3608 ἀρα
218 3544 313 3613 τὴν
337 3546 602 3612 γλῶσσαν
628 3552 710 3604 ὅτι
755 3554 1126 3626 ἀκατάσχετον
1150 3561 1341 3626 κακὸν,
1371 3561 1454 3614 ὅτι
1489 3563 1660 3634 μεστὴ

191 3635 572 3711 θανατηφόρου
605 3645 778 3707 οὐδεὶς
802 3649 1102 3718 ἀνθρώπων
1132 3653 1357 3708 δύναται
1381 3655 1657 3725 δαμάσαι;

102 3724 193 3776 Οὐκ
219 3728 279 3778 ἂν
310 3730 549 3800 εἴποιμι.
583 3734 645 3785 Ei
671 3737 777 3804 γὰρ
829 3738 1140 3807 ἀδάμαστος
1170 3743 1264 3794 καὶ
1291 3742 1488 3796 οὔποτε
1523 3745 1660 3814 πρὸς

103 3817 147 3866 τὸ
175 3824 421 3884 κρεῖσσον
481 3826 841 3892 ἁπονεύουαα,
903 3831 1020 3892 πῶς
1055 3834 1112 3883 ἐν
1147 3834 1285 3903 αὐτῇ
1328 3834 1658 3905 εὐλογοῦμεν

102 3908 174 3958 τὶί
231 3913 361 3964 Θεὸν
421 3915 520 3966 καὶ
570 3918 820 3987 Πατέρα,
885 3924 977 3975 καὶ
1005 3925 1060 3976 ἐν
1105 3925 1240 3996 αὐτῇ
1291 3927 1662 3997 καταρώμεθα

103 4003 202 4060 13;;
239 4004 603 4073 ἀνθρώπου;;
653 4009 781 4063 Ἰδοὺ
814 4015 951 4080 πρὸς
990 4014 1049 4066 τὸ
1073 4015 1320 4086 βούλημα
1363 4019 1660 4087 μετάγεται

103 4091 174 4140 τυ]
229 4097 543 4164 χρωμένου.
593 4100 732 4151 Ἀλλ’
767 4102 827 4154 οῦ
874 4105 1003 4174 χρὴ,
1056 4107 1273 4172 ἀδελφοί
1310 4125 1434 4176 μου,
1485 4108 1660 4160 ταῦτα

104 4181 221 4234 cito)
270 4188 549 4253 γίνεσθαι.
584 4191 645 4242 Εἰ
673 4193 778 4262 γάρ
829 4193 895 4246 δι’
937 4197 1107 4266 αὐτῆς
1139 4198 1490 4268 εὐλογοῦμεν,
1550 4195 1658 4266 ἆρα

105 4273 205 4334 τοῦς
239 4276 357 4327 καθ’
412 4279 678 4346 ὁμοίωσιν
711 4280 845 4334 Θεοῦ
885 4287 1175 4350 γεγονότας
1210 4287 1528 4356 ἀνθρώπους
1560 4289 1658 4338 οὐκ

106 4364 302 4434 ςίτχύνη
371 4371 724 4439 καταρᾶσθαι
757 4390 772 4437 ;
810 4374 880 4426 Ἦ
902 4375 1107 4428 δίκαιον
1157 4377 1244 4429 ἶνα
1294 4379 1358 4430 ἐκ
1413 4377 1506 4428 τοῦ
1564 4377 1660 4428 αῦ-

107 4454 178 4504 τοῦ
244 4459 517 4528 στόματος
563 4462 853 4532 ἐξέρχηται
885 4466 1110 4534 εὐλογία
1150 4470 1242 4520 καὶ
1293 4470 1542 4538 κατάρα;
1579 4469 1654 4520 Οὔ

106 4563 206 4615 19'.-

1760 2003 1951 2058 dicens
1978 2021 1991 2056 :
2023 2003 2320 2060 Benedices
2346 2020 2563 2060 coronze
2591 2005 2741 2062 anni.
2805 2005 2945 2060 ltota
2981 2021 3111 2061 vero
3144 2016 3198 2060 et
3245 2023 3341 2061 co-

1761 2108 1896 2147 rona
1933 2094 1989 2147 in
2041 2108 2108 2148 eo
2158 2094 2518 2158 conveniunt,
2573 2095 2716 2162 quod
2765 2105 2996 2163 utraque
3048 2095 3340 2148 circularis

1759 2195 1846 2240 est
1875 2194 1930 2240 et
1949 2185 2294 2239 orbicularis.
2314 2183 2454 2240 Bota
2485 2195 2666 2240 autem
2688 2186 2888 2240 dicitur
2909 2188 3042 2249 vita,
3077 2196 3335 2254 tanquam

1761 2276 1814 2329 in
1841 2276 2078 2345 seipsam
2107 2277 2375 2331 revoluta.
2447 2277 2733 2342 Quomodo
2779 2285 2963 2331 autem
3022 2276 3361 2332 contaminat

1761 2367 1930 2421 vitam
1963 2368 2252 2437 nostraml?
2304 2366 2383 2421 Ita
2440 2376 2588 2422 mota
2647 2369 2790 2422 sicut
2850 2377 3010 2422 antea
3057 2367 3339 2423 diximus:

1760 2466 1984 2527 propter
2015 2472 2136 2526 qua:
2161 2465 2216 2512 et
2242 2457 2517 2511 sordidata
2545 2463 2601 2510 et
2631 2458 2790 2526 plena
2815 2457 3067 2526 suspiriis
3100 2457 3210 2510 vita
3234 2473 3339 2510 no-

1760 2557 1871 2602 stra
1908 2549 2207 2619 peragitur.
2263 2547 2377 2604 lloc
2402 2547 2564 2603 modo
2593 2547 2757 2618 igitur
2797 2548 2982 2619 lingua
3011 2558 3162 2604 recto
3225 2563 3342 2602 ser-

1759 2654 1921 2695 mone
1945 2639 2366 2712 circumagatur.
2394 2639 2607 2694 Etenim
2627 2640 2865 2693 mundus
2896 2649 2977 2695 est
3007 2639 3334 2709 iniquitatis,

1760 2733 1928 2787 veluti
1953 2733 2018 2786 ad
2046 2733 2209 2786 vilem
2237 2747 2300 2786 ac
2344 2732 2665 2801 popularem
2721 2732 2934 2785 turbam
2979 2732 3233 2786 devoluta
3284 2741 3340 2785 et

1760 2825 2079 2895 respiciens.
2130 2822 2263 2877 Nam
2297 2823 2534 2877 mundus
2565 2823 2666 2878 hoc
2697 2822 2816 2878 loco
2855 2824 3175 2894 intelligitur
3197 2826 3340 2878 mul-

1761 2914 1957 2968 titudo.
1995 2913 2362 2968 Autmundus
2397 2923 2500 2978 est,
2535 2913 2588 2967 id
2628 2923 2732 2975 est,
2761 2923 3172 2977 ornamentum,
3212 2915 3326 2968 sive

1762 3021 1968 3061 ornans
2002 3007 2301 3060 humanam
2339 3015 2589 3059 naturam
2624 3021 2638 3058 :
2673 3021 2771 3074 per
2805 3005 2945 3058 hanc
2992 3007 3135 3058 enim
3183 3021 3336 3058 com-

1761 3099 2106 3152 municamus
2152 3098 2388 3151 invicem
2431 3105 2646 3152 nostras
2666 3096 3025 3166 cogitationes
3050 3113 3062 3124 '
3098 3097 3343 3164 quando-

1686 3228 1730 3286 ϐ
1761 3186 1983 3258 quidem
2019 3186 2075 3240 in
2129 3186 2229 3240 hac
2260 3200 2480 3256 quoque
2519 3184 2920 3254 signiﬁcatione
2947 3184 3138 3239 volunt
3191 3201 3334 3238 non-

1709 3263 1730 3286 ’
1765 3278 1904 3333 nulli
1953 3277 2220 3332 Mundum
2280 3278 2556 3347 accipere.
2628 3279 2811 3346 Itaque
2875 3276 3003 3330 dum
3050 3277 3223 3331 fertur
3271 3278 3340 3330 ad

1763 3371 1928 3424 vilem
1956 3369 2196 3432 turbam,
2227 3369 2482 3439 injuriam
2524 3367 2655 3422 facit
2712 3377 2766 3422 et
2823 3377 2988 3421 nocet
3049 3382 3113 3421 ac
3167 3377 3339 3422 totum

1761 3475 1961 3530 corpus
1992 3460 2345 3525 contaminat,
2379 3470 2435 3514 et
2488 3459 2785 3514 inﬂammat
2812 3471 2985 3514 rotam
3017 3461 3335 3526 nativitatis,

1766 3552 2242 3622 inﬂammaturque
2291 3569 2318 3607 a
2352 3553 2623 3623 gehenna.
2655 3550 2767 3606 Nec
2801 3562 2981 3606 tamen
3014 3553 3154 3607 hanc
3198 3553 3338 3608 dim-

1762 3646 1864 3700 cilc
1893 3646 2236 3714 estdirigere
2280 3654 2338 3698 ut
2392 3655 2538 3698 recte
2591 3653 2894 3706 moveatur,
2961 3654 3016 3698 et
3060 3659 3125 3698 eo
3178 3645 3339 3698 modo

1762 3753 1870 3806 quo
1915 3736 2048 3790 velit
2079 3737 2123 3790 is
2164 3737 2258 3806 qui
2283 3737 2568 3805 gubernat.
2634 3735 2767 3788 Nam
2833 3735 2876 3788 si
2921 3735 3100 3789 omnis
3143 3744 3339 3789 natura

1761 3826 1999 3881 ferarum
2035 3842 2100 3881 ac
2122 3828 2402 3882 volucrum
2428 3842 2491 3880 ac
2519 3827 2852 3894 serpentium
2885 3835 2939 3878 et
2993 3827 3336 3880 marinorum

1762 3921 2014 3976 domatur
2041 3930 2098 3974 et
2132 3921 2336 3975 domita
2371 3927 2454 3973 est
2513 3935 2543 3974 a
2604 3929 2798 3974 natura
2845 3920 3100 3982 humana,
3157 3929 3336 3972 utrum

1762 4011 2020 4082 linguam,
2044 4011 2190 4080 quod
2219 4012 2287 4065 sit
2311 4011 2662 4066 incoercibile
2709 4011 2932 4075 malum,
2989 4010 3133 4080 quod
3177 4011 3332 4080 plena

1761 4120 1974 4160 veneno
2003 4105 2308 4168 mortifero,
2345 4105 2528 4157 nullus
2556 4103 2838 4157 hominum
2872 4105 3095 4158 domare
3124 4103 3337 4172 potest?

1759 4195 2201 4267 Nequaquamita
2237 4210 2361 4250 esse
2394 4196 2654 4259 dicerem,
2693 4194 2749 4248 Si
2788 4195 2932 4248 enim
2979 4196 3187 4248 domari
3226 4210 3336 4248 non

1761 4297 1961 4358 potest,
1999 4302 2102 4341 nec
2138 4302 2379 4356 unquam
2412 4285 2478 4340 ad
2501 4285 2553 4340 id
2573 4286 2718 4354 quod
2738 4286 2936 4339 melius
2959 4295 3041 4339 est
3068 4285 3334 4346 declinat,

1761 4378 2034 4447 quomodo
2067 4392 2164 4446 per
2211 4391 2332 4430 eam
2372 4375 2758 4430 benedicimus
2807 4375 2918 4430 Deo
2978 4385 3034 4430 et
3066 4377 3242 4439 Patri,
3281 4383 3338 4429 et

1765 4484 1862 4537 per
1885 4483 2004 4520 eam
2026 4467 2402 4521 maledicimus
2434 4464 2784 4520 hominibus?
2829 4465 2968 4520 Ecce
3001 4465 3068 4518 ad
3100 4466 3217 4534 ejus
3243 4465 3336 4533 qui

1689 4552 1733 4610 D
1764 4561 1930 4613 utitur
1961 4561 2296 4614 voluntatem
2339 4560 2751 4629 circumagitur.
2783 4558 2889 4612 Sed
2945 4574 3056 4613 non
3109 4565 3358 4626 oportet,

107 4643 272 4700 fratres
299 4649 562 4715 mei,ba-c
596 4651 668 4705 ita
699 4651 834 4706 fieri.
904 4652 961 4707 Si
990 4655 1136 4708 enim
1163 4671 1260 4724 per
1286 4659 1455 4724 ipsam
1524 4653 1910 4708 benedicimus
1983 4654 2114 4718 Deo,
2174 4671 2356 4708 annon
2422 4655 2596 4724 pudor
2641 4663 2727 4708 est
2785 4652 3109 4706 maledicere
3162 4650 3338 4704 homi-

108 4738 238 4792 mbus
270 4744 360 4810 qui
405 4745 478 4796 ad
515 4743 607 4796 Dei
659 4744 1076 4800 similitudinem
1111 4748 1315 4802 conditi
1365 4748 1537 4804 sunt?
1583 4761 1652 4800 an
1691 4747 1897 4816 justum
1930 4761 2010 4802 eSt
2051 4759 2109 4800 ut
2139 4763 2200 4800 ex
2232 4747 2426 4801 eodem
2496 4761 2592 4799 ore
2658 4745 2970 4814 egrediatur
3026 4741 3337 4797 benedictio

108 4845 147 4883 et
169 4837 516 4892 maledictio?
542 4855 648 4894 non
691 4852 908 4910 oportet
952 4843 1026 4897 ita
1058 4843 1197 4898 ﬁeri.

164 4935 307 4986 Οῡτω
357 4935 460 4989 καὶ
494 4936 535 5000 ἡ
566 4935 820 5003 γλῶσσα
861 4939 1081 5006 μικρὸν
1131 4941 1318 5008 μέλος
1365 4941 1518 5006 ἐστὶ,
1562 4941 1660 4997 καὶ

104 5025 466 5093 μεγαλαυχεῇ
531 5023 690 5078 Ἰδοὺ
767 5028 985 5094 ἡλίκον
1039 5029 1162 5096 πῦρ
1216 5031 1444 5098 ’ἡλίκην
1505 5033 1663 5098 ὕλην

108 5114 344 5171 ἀνάπτει,
395 5116 512 5170 Καὶ
543 5116 580 5182 ἠ
615 5116 864 5186 γλῶσσα
894 5120 959 5172 τὸ
997 5122 1140 5187 πῦρ.
1180 5125 1242 5175 '0
1273 5125 1498 5193 κόσμος
1552 5125 1662 5192 τῆς

109 5203 329 5271 ἀεικείας.
387 5209 596 5272 οὓτως
635 5209 671 5275 ἡ
701 5207 954 5277 γλῶσσα
1004 5215 1357 5267 καθίσταται
1411 5216 1480 5268 ἐν
1541 5215 1663 5279 τοῖς

105 5297 322 5359 μέλεσιν
377 5298 576 5369 ἡμῶν,
603 5300 975 5366 ήσπιλοῦσα
1017 5308 1165 5373 9.101-
1212 5305 1280 5358 τό
1317 5305 1508 5375 σῶμα,
1560 5305 1659 5360 καὶ

111 5391 442 5457 φλογίζουσα
501 5393 610 5445 τὸν
667 5396 882 5461 τροχὸν
907 5394 1018 5462 τῆς
1042 5398 1353 5464 γενέσεως,
1379 5401 1476 5451 καὶ
1510 5402 1658 5468 φλο-

114 5477 344 5548 τιζσμένη
407 5482 531 5537 ὑπὸ
589 5482 699 5549 τῆς
746 5485 1018 5553 γεέννης.
1082 5486 1257 5541 Πᾶσα
1307 5489 1419 5556 τὰρ
1468 5491 1656 5558 φύσις

116 5571 299 5634 θηρίων
325 5591 387 5627 τε
449 5575 554 5628 καὶ
611 5576 922 5642 πετεινῶν,
965 5579 1230 5646 ἑρπετῶν
1265 5597 1328 5634 τε
1377 5582 1476 5634 καὶ
1511 5582 1656 5634 ἐνα-

114 5662 232 5714 λίων
277 5665 594 5736 δαμάζεται
652 5670 751 5723 καὶ
793 5669 1161 5742 δεδάμασται
1224 5673 1296 5742 τῇ
1350 5676 1530 5744 φύσει
1580 5673 1656 5743 τῇ

172 5837 209 5868 ⁸⁸
236 5840 356 5897 Luc.
400 5860 517 5911 xvi,
550 5845 640 5900 24.

1831 4936 1924 5000 ΙΙΙ,
1955 4932 2076 4987 5-9.
2112 4929 2201 4986 Ita
2243 4931 2431 5002 lingua
2481 4929 2733 4999 pusillum
2783 4929 3077 4981 membrum
3125 4936 3222 4988 est,
3288 4937 3338 4979 rt

1762 5042 1957 5096 magna
1985 5025 2187 5093 jactat.
2240 5021 2371 5075 Ecce
2429 5022 2647 5090 exiguus
2701 5022 2835 5090 ignis
2877 5036 3033 5089 quam
3089 5034 3338 5088 magnam

1762 5118 2042 5171 materiam
2071 5116 2322 5168 incendit.
2361 5114 2423 5166 Et
2462 5113 2642 5182 lingua
2679 5113 2812 5182 ignis
2843 5122 2944 5175 est,
2980 5109 3208 5162 mundus
3233 5111 3337 5160 ini~

1763 5208 2002 5278 quitatis.
2042 5204 2129 5258 Sic
2158 5205 2338 5272 lingua
2367 5202 2711 5255 constituitur
2759 5203 2814 5252 in
2870 5200 3110 5251 mentlrris
3147 5199 3337 5250 nostris

1765 5315 1881 5369 qua:
1915 5296 2147 5352 maculat
2179 5305 2343 5347 totum
2376 5310 2584 5362 corpus,
2617 5302 2664 5344 ct
2716 5293 3012 5358 inﬂammat
3049 5298 3216 5340 rotant
3243 5303 3337 5338 na-

1767 5396 2069 5456 tivitatis,et
2098 5391 2513 5458 inﬂammatum
2533 5388 2786 5456 gehenna.
2814 5383 2976 5454 463
3003 5381 3180 5437 Omnis
3202 5385 3339 5432 enini

1765 5497 1963 5542 natura
1984 5495 2033 5538 et
2061 5486 2294 5550 ferarum
2321 5492 2366 5533 et
2399 5480 2683 5538 volucrum,
2717 5477 3193 5544 serpentiumqueet
3227 5488 3347 5522 ma—

1765 5583 2006 5635 rinorum
2035 5578 2283 5630 domatur
2311 5584 2358 5626 et
2390 5573 2589 5625 domita
2622 5579 2696 5622 cst
2733 5586 2763 5621 a
2815 5578 3007 5620 natura
3054 5567 3285 5616 Launmna
3323 5581 3339 5615 :

1766 5671 2003 5743 linguam
2034 5677 2210 5722 autem
2248 5664 2422 5720 nullus
2451 5663 2721 5718 hominum
2767 5660 2979 5714 domare
3017 5653 3343 5725 potest?in-
