4178 6454
797 462 902 526 48³1

1835 444 2235 508 (ΙΞΕΙΙΜΕΝΙΙ
2277 437 2568 500 TRICC/E
2618 432 2957 496 EPISCOPI

3991 417 4107 481 483

799 575 1072 632 coercibile
1092 572 1315 634 malum,
1344 572 1499 640 plena
1541 582 1732 621 veneno
1759 565 2054 632 mortifero.
2077 560 2180 613 Per
2203 559 2374 625 ipsum

2503 552 2846 620 irOpwm'r-n'
2893 547 3007 613 τὴν
3055 546 3122 598 δὲ
3179 541 3472 612 γλῶσσαν
3541 536 3741 601 οὐδεὶς
3818 533 4114 587 δύναται

798 666 1147 723 benedicimus
1170 664 1275 717 Deo
1325 673 1373 717 et
1423 659 1597 723 Patri,
1656 668 1702 712 et
1743 673 1835 726 per
1899 656 2065 721 ipsam
2112 648 2382 703 maledici-

796 776 914 813 mus
960 755 1256 812 hominibus
1309 754 1397 824 qui
1449 751 1520 805 ad
1569 746 1974 804 similitudinem
2042 743 2140 797 Dei
2185 739 2382 796 conditi

797 859 945 905 sunt.

879 1157 898 1188 ‹
934 1137 1011 1191 lta
1038 1142 1094 1192 et
1122 1135 1327 1204 lingua.
1365 1152 1383 1185 ι
1427 1132 1712 1201 Tanquam
1739 1129 2014 1185 diceretur
2047 1143 2060 1179 :
2094 1126 2176 1181 Ad
2226 1138 2384 1179 eum-

800 1230 922 1284 dem
953 1228 1176 1283 modum
1237 1234 1294 1281 et
1348 1225 1531 1293 lingua
1576 1231 1726 1277 recte
1761 1221 1969 1276 moveri
2017 1219 2200 1282 debet,
2259 1230 2383 1285 quae

800 1320 906 1376 etsi
943 1319 1205 1390 pusillum
1243 1315 1666 1377 sitmembrum,
1714 1326 1912 1382 magna
1948 1319 2132 1364 tamen
2198 1321 2388 1376 opera-

803 1422 912 1476 tur,
948 1412 1091 1465 bona
1123 1409 1385 1464 videlicet
1416 1414 1471 1460 et
1504 1405 1644 1458 mala
1675 1422 1689 1459 :
1732 1419 1848 1457 non
1902 1413 1989 1456 est
2040 1408 2219 1454 autem
2251 1397 2388 1451 adeo

805 1502 1101 1572 explicitus
1126 1515 1326 1563 sermo,
1357 1497 1620 1568 quoniam
1668 1494 1966 1549 ahbreviati
2014 1491 2164 1545 verbi
2214 1489 2388 1544 disci-

801 1594 963 1661 pulus
992 1591 1193 1659 estqui
1256 1590 1363 1643 hoc
1415 1587 1624 1642 scribit.
1663 1604 1680 1636 ‹
1719 1583 1951 1638 Mundus
1995 1578 2317 1648 iniquitatis.
2361 1596 2378 1628 ι

801 1683 1064 1737 Mundum
1113 1683 1218 1736 hoc
1243 1681 1364 1735 loco
1394 1681 1585 1734 volunt
1613 1676 1835 1745 quidam
1899 1671 2206 1744 signiﬁcare
2249 1669 2390 1724 mul-

803 1772 1116 1836 titudinem,
1194 1766 1654 1838 quemadmodum
1713 1764 1878 1819 etiam
1955 1762 2048 1816 ubi
2124 1761 2382 1814 dicitur:

807 1882 825 1914 ι
862 1864 1094 1918 Mundus
1119 1876 1243 1916 eum
1266 1876 1378 1914 non
1412 1858 1668 1929 cognovit
1703 1857 1770 1921 ³⁸,
1798 1876 1815 1907 ι
1845 1857 1948 1910 hoc
1977 1862 2079 1911 est.
2110 1850 2388 1921 popularis

2485 641 2815 709 ἀνθρώπων
2887 635 3188 704 δαμάσσας
3232 631 3674 698 Ἀκατιὶσχετον
3717 625 3931 680 κακὸν
3998 639 4115 691 με-

2485 734 2603 802 στὴ
2677 732 2770 786 ὶοῦ
2828 727 3266 795 θανατηφόρου.
3354 725 3456 776 Ἑν
3489 717 3643 785 αὐτῇ
3692 712 4115 783 εὐλογοῦμεν

2485 828 2593 879 τὸν
2637 825 2787 878 Θεὸν
2838 821 2937 875 καί
2969 818 3223 886 Πατέρα,
3251 814 3350 869 καί
3374 814 3443 867 ἐν
3490 808 3646 877 αὐτῇ
3683 805 4116 874 καταρώμεθα

2486 919 2631 982 τοὺς
2679 914 3035 984 ἀνθρώπους
3082 910 3226 974 τοὺς
3250 907 3381 962 καθ’
3413 904 3700 976 ὁμοίωσιν
3726 899 3882 955 Θεοῦ
3918 913 4118 967 qna-ro.

2486 1011 2689 1073 νότας.

2565 1119 2583 1151 ι
2610 1099 2768 1152 Οὕτω
2807 1097 2904 1151 καὶ
2933 1096 3175 1166 γλῶσσα.
3209 1113 3228 1148 ι
3272 1089 3420 1146 ’Λντὶ
3447 1088 3565 1142 τοῦ·
3598 1087 3703 1140 Τὸν
3745 1084 3926 1140 αὐτὸν
3963 1083 4112 1153 τρό-

2489 1207 2590 1243 πον
2647 1192 2799 1259 καὶὴ
2832 1187 3058 1257 γλῶσσα
3107 1186 3314 1254 ὀφείλει
3363 1180 3634 1236 κινεῖσθαι
3677 1177 3884 1240 καλῶς,
3926 1175 3964 1228 ὃ
3997 1175 4116 1227 κᾶν

2493 1282 2690 1352 μικρὸν
2745 1280 2908 1350 μέλος
2957 1278 3126 1340 ἐστὶν,
3165 1277 3304 1332 ἀλλά
3335 1273 3547 1346 μεγάλα
3583 1269 3912 1342 ἐργάζεται,
3949 1265 4116 1318 καὶ-ἀ

2490 1374 2692 1445 δηλαδὴ
2742 1375 2836 1426 καὶ
2865 1371 3032 1427 κακά.
3083 1371 3198 1426 Οὐκ
3225 1368 3540 1438 ὲξήπλωται
3567 1365 3626 1418 δὲ
3652 1362 3849 1425 οὕτως,
3871 1362 3976 1413 ὅτι
4005 1357 4114 1410 τοῦ

2495 1463 2942 1533 συντετμημένου
2997 1462 3159 1530 λόγου
3215 1458 3464 1528 μαθητὴς
3505 1458 3535 1509 ὀ
3585 1455 3762 1509 ταῦτα
3821 1454 4110 1522 nni-(.197.

2497 1573 2516 1607 ι
2557 1555 2616 1608 Ὀ
2647 1554 2854 1624 κόσμος
2901 1552 3002 1621 τῆς
3060 1550 3294 1610 ἀδικίας.
3328 1567 3348 1601 ι
3395 1548 3617 1616 Κόσμον
3668 1544 3816 1604 τινες
3842 1541 4114 1594 ἐνταῦθα

2488 1645 2552 1698 τὸ
2581 1645 2786 1715 πλῆθος
2840 1644 3122 1714 βούλονται
3175 1640 3486 1710 σημαίνειν,
3537 1637 3727 1705 ὥσπερ
3751 1637 3846 1688 καὶ
3878 1635 3951 1684 ὲν
3993 1631 4109 1699 τῷ,

2499 1755 2517 1786 ι
2551 1735 2608 1788 Ὀ
2632 1735 2840 1806 κόσμος
2864 1725 3031 1788 αὑτὸν
3056 1735 3156 1786 οὐκ
3181 1732 3344 1799 ἔγνω,
3373 1749 3392 1782 ι
3422 1729 3544 1783 ἀντὶ
3581 1727 3695 1792 τοῦ,
3735 1726 3797 1779 τὸ
3822 1723 4112 1794 δημῶδες

2496 1828 2720 1898 πλῆθος.
2770 1828 2990 1897 Κόσμος
3016 1823 3110 1880 οὖν
3132 1825 3228 1879 καὶ
3263 1827 3297 1895 ἠ
3321 1823 3545 1891 γλῶσσα
3563 1823 3838 1882 τουτέστι,
3868 1818 4110 1886 πλῆθος

3959 1911 4034 1942 κ.-

804 1954 1120 2008 multitudo.
1177 1951 1416 2006 Mundus
1481 1906 1662 2020 ligitur
1714 1957 1797 2003 est
1850 1956 1904 2000 et
1952 1947 2159 2014 lingua,
2191 1943 2245 1996 id
2303 1951 2388 1996 est

2503 1920 2738 1983 ἀδικίας,
2789 1921 2886 1971 καὶ
2941 1921 3071 1972 ὅσου
3125 1917 3385 1988 πλήθους,
3455 1917 3694 1985 εἴρηται,
3733 1906 3910 1965 δι’ὧν
3955 1911 4107 1978 ἔφη,

802 2046 1101 2100 multitudo
1135 2043 1463 2113 iniquitatis.
1517 2039 1584 2093 Et
1614 2047 1818 2110 quanta
1860 2037 1930 2092 sit
1976 2035 2270 2090 multitudo
2311 2033 2386 2087 ibi

802 2139 1008 2193 dictum
1040 2145 1125 2192 est
1142 2150 1266 2190 cum
1299 2132 1584 2204 praemisit,
1608 2147 1774 2202 quam
1800 2145 2052 2200 magnam
2075 2128 2384 2184 materiam.

808 2248 826 2279 ι
874 2226 1069 2284 Omnis
1095 2226 1242 2279 enim
1295 2233 1554 2278 natura.»
1589 2221 1722 2288 Quae
1760 2230 1891 2275 sunt
1935 2221 2102 2290 hujus
2122 2219 2379 2288 objectio-

802 2321 911 2386 nis,
945 2320 1250 2389 intelligere
1295 2325 1509 2386 oportet
1535 2315 1691 2384 juxta
1746 2328 1809 2368 ea
1865 2327 1987 2382 quae
2031 2313 2187 2381 prius
2244 2311 2388 2366 dicta

803 2422 950 2467 sunt.
1014 2411 1148 2466 Cum
1172 2411 1320 2464 enim
1353 2409 1505 2478 prius
1536 2407 1763 2461 dixisset
1786 2419 1851 2460 ac
1902 2404 2238 2459 ostendisset
2293 2419 2391 2472 per

804 2500 1018 2554 frenum
1081 2509 1135 2553 et
1162 2515 1259 2568 per
1280 2497 1713 2569 gubernaculum
1746 2495 1893 2564 quod
1923 2510 1985 2548 ea
2038 2511 2160 2564 quae
2190 2494 2387 2563 pusilla

805 2591 1163 2658 quidcmsunt
1200 2603 1394 2659 magna
1433 2587 1686 2641 elﬁciunt
1715 2585 1846 2641 dum
1901 2594 2051 2640 recte
2078 2597 2388 2649 moventur,

812 2698 877 2736 ac
917 2680 1297 2750 subjunxisset
1327 2679 1473 2748 quod
1526 2679 1644 2748 pari
1687 2678 1855 2732 modo
1906 2689 1961 2732 et
2008 2677 2188 2749 lingua
2232 2679 2394 2734 debet

807 2774 1105 2844 circumagi
1140 2781 1290 2828 recto
1332 2788 1586 2827 sermone
1619 2791 1632 2827 :
1667 2773 1907 2828 ostendit
1945 2789 2094 2826 nunc
2128 2773 2392 2841 subjectis

807 2865 1080 2934 exemplis
1110 2865 1256 2934 quod
1305 2865 1645 2935 impossibile
1680 2879 1790 2918 non
1841 2865 1914 2918 sit
1960 2865 2034 2916 illi
2087 2865 2390 2934 imperare:

814 2969 1073 3026 tanquam
1105 2957 1150 3010 si
1177 2957 1421 3012 diceret:
1453 2955 1558 3009 Sed
1585 2956 1730 3010 dicet
1775 2955 1971 3025 aliquis
2018 2955 2162 3024 quod
2213 2955 2392 3024 lingua

814 3063 1128 3117 quanquam
1164 3046 1422 3117 pusillum
1459 3046 1528 3099 sit
1558 3047 1886 3111 membrum,
1920 3055 2162 3099 attamen
2198 3061 2393 3114 magna

810 3147 1072 3208 operatur
1103 3139 1245 3193 bona
1277 3149 1332 3192 et
1362 3139 1500 3192 mala
1534 3156 1546 3192 :
1591 3153 1773 3204 neque
1838 3138 2165 3207 obsequens,
2215 3152 2392 3206 neque

813 3229 1110 3282 tractabilis
1143 3238 1226 3283 est
1267 3244 1297 3280 a
1333 3228 1491 3282 nobis
1528 3227 1596 3280 ad
1631 3242 1697 3280 ea
1759 3241 1878 3294 quas
1928 3228 2201 3281 volumus.
2251 3227 2394 3281 Nihil

812 3320 916 3374 hoc
940 3320 1049 3390 agit
1081 3322 1146 3374 ad
1177 3319 1615 3389 responsionem.
1644 3317 1778 3372 Nam
1810 3318 1853 3371 si
1886 3317 2031 3372 feras
2081 3335 2178 3372 sua
2202 3329 2395 3373 natura

810 3428 924 3465 non
967 3412 1297 3466 domesticas
1332 3412 1517 3465 domat
1549 3411 1737 3476 homo,
1773 3425 1944 3465 szevas
1973 3411 2196 3478 quidem
2239 3427 2398 3482 aspe-

811 3511 925 3564 ctu,
968 3512 1023 3556 at
1073 3503 1231 3572 longe
1261 3503 1432 3572 magis
1461 3516 1634 3557 smvas
1683 3502 1750 3555 ad
1799 3502 2167 3569 tractandum,
2213 3518 2399 3558 nonne

811 3593 983 3647 multo
1008 3594 1180 3661 magis
1204 3593 1490 3662 proprium
1561 3593 1871 3646 membrum
1921 3600 2158 3646 tractare
2212 3603 2400 3664 posset

818 3693 878 3736 ut
901 3684 1003 3737 sibi
1029 3684 1189 3738 facile
1220 3685 1671 3755 obtemperaret?
1703 3684 1829 3740 Ideo
1879 3685 2042 3739 etiam
2070 3688 2215 3755 quod
2275 3691 2352 3742 ait
2384 3707 2396 3743 :

814 3775 1085 3845 Linguam
1126 3785 1308 3830 autem
1432 3777 1618 3831 nullus
1643 3777 1929 3832 hominum
1955 3778 2180 3833 domare
2199 3791 2400 3849 potest,

817 3883 925 3923 non
952 3875 1036 3920 est
1057 3865 1378 3923 atlirmative
1410 3867 1726 3938 legendum,
1754 3870 1849 3924 sed
1873 3884 1971 3939 per
2006 3870 2402 3926 dubitationem

826 3968 923 4013 aut
995 3959 1511 4031 interrogationem,
1558 3967 1618 4013 ut
1659 3961 1764 4014 hoc
1815 3960 1979 4015 modo
2045 3961 2257 4016 dicatur
2289 4003 2301 4016 .
2347 3962 2404 4017 Si

818 4048 970 4105 feras
1014 4051 1312 4105 indomitas
1369 4050 1736 4105 mansuefacit
1787 4049 1952 4107 homo
1997 4062 2051 4106 et
2099 4054 2406 4108 traetabiles

815 4141 1020 4205 reddit,
1052 4157 1237 4195 annon
1275 4156 1430 4195 suam
1481 4141 1723 4210 linguam
1766 4142 1992 4196 domare
2043 4144 2286 4212 poterit?
2330 4142 2405 4198 Ita

815 4247 948 4303 ergo
983 4233 1275 4302 legendum
1305 4240 1390 4286 est
1429 4233 1535 4286 hoc
1575 4241 1631 4287 et
1684 4232 2123 4303 intelligendum.
2174 4232 2310 4288 Nam
2360 4234 2406 4289 si

819 4325 1094 4379 assertive
1122 4325 1422 4388 diceretur,
1456 4339 1815 4392 nequaquam
1840 4325 1894 4377 in
1924 4339 2215 4393 progressu
2257 4334 2408 4380 recte

819 4417 1102 4470 videretur
1124 4414 1204 4467 uti
1227 4414 1602 4469 exhortatione
1645 4454 1660 4478 ,
1706 4430 1829 4469 cum
1867 4415 1940 4468 ait
1971 4433 1981 4467 :
2019 4414 2135 4470 Non
2166 4427 2404 4486 oportet,

820 4507 1020 4561 fratres
1048 4507 1178 4570 mei,
1207 4505 1324 4560 haec
1356 4505 1429 4560 ita
1455 4505 1590 4560 ﬁeri.
1620 4505 1756 4560 Nam
1799 4508 1844 4561 si
1882 4508 2220 4576 impossibile
2259 4521 2408 4564 esset

2495 2013 2694 2084 ἡλίκην
2747 2012 2896 2080 ὅλην.
2939 2029 2957 2063 ι
3013 2012 3170 2064 Πᾶσα
3205 2010 3313 2080 γὰρ
3359 2007 3542 2078 φύσις.
3569 2026 3588 2059 ι
3623 2006 3706 2058 Τὰ
3733 2005 3836 2073 τῆς
3861 2003 4111 2056 avt-.10-

2495 2104 2621 2172 γίας
2657 2104 2864 2174 ταύτης
2899 2103 3036 2173 πρὸς
3067 2103 3136 2156 τὰ
3161 2103 3424 2166 ἀνωτέρω
3455 2099 3724 2171 εἰρημένα
3753 2097 4106 2151 ἀκουστέον.

2495 2197 2685 2252 Είπὼν
2740 2198 2851 2266 γὰρ
2879 2200 2973 2252 καὶ
3023 2197 3204 2263 δείξας
3257 2195 3347 2248 διὰ
3393 2194 3490 2247 τοῦ
3557 2190 3809 2262 χαλινοῦ,
3859 2188 3955 2242 διὰ
3997 2186 4105 2239 τοῦ

2495 2287 2840 2360 πηδαλίου,ἃ
2877 2288 3051 2358 μικρὰ
3104 2286 3206 2354 μὲν
3252 2284 3393 2350 ἐστι,
3456 2281 3668 2350 μεγάλα
3692 2280 3748 2331 δὲ
3797 2276 4108 2346 κατορθοῖ,

2497 2380 2678 2443 καλῶς
2739 2381 3059 2450 κινούμενα,
3100 2377 3196 2430 καὶ
3251 2375 3553 2442 ἐπενέγκας
3607 2370 3864 2425 ὂτιοῦτω
3927 2369 4040 2420 καὶ
4071 2367 4104 2433 ἡ

2497 2473 2722 2538 γλῶσσα
2752 2472 2960 2541 ὀφείλει
2993 2469 3329 2540 μετάγεσθαι
3351 2467 3429 2538 τῷ
3465 2464 3611 2536 ὀρθῷ
3637 2465 3804 2532 λόγῳ,
3840 2462 4111 2514 δείκνυσι

2501 2563 2596 2615 νῦν
2621 2563 2721 2616 οὐκ
2759 2563 3000 2616 ἀδύνατα
3039 2561 3425 2632 προστάσσειν,
3453 2557 3541 2610 διὰ
3561 2557 3670 2608 τῶν
3699 2553 4110 2621 ὑποκειμένων

2501 2653 2940 2722 ὑποδειγμάτων,
2979 2651 3168 2721 ὥσπερ
3195 2653 3244 2702 εἰ
3273 2649 3480 2716 ἔλεγεν·
3527 2647 3666 2699 Ἀλλ’
3701 2647 3819 2714 ἐρεῖ
3861 2661 3949 2706 τις
4017 2644 4110 2694 ὅτι

2499 2744 2602 2798 κᾶν
2635 2743 2827 2813 μικρὸν
2861 2743 3021 2811 μέλος
3045 2744 3078 2812 ἡ
3108 2741 3352 2810 γλῶσσα,
3379 2739 3495 2792 ἀλλ’
3528 2737 3620 2790 οὖν
3658 2736 3875 2805 μεγάλα
3907 2738 4104 2805 ἐργα-

2501 2837 2704 2908 ζομένη
2739 2836 2878 2889 καλὰ
2903 2836 2998 2889 καὶ
3027 2836 3196 2897 κακὰ,
3229 2835 3330 2887 οὐκ
3360 2831 3620 2902 εὐπειθὴς
3646 2830 3756 2883 οὐδ’
3792 2830 4106 2896 εὖᾶγωγος

2503 2934 2632 3002 ἡμῖν
2697 2935 2814 2983 ἐστι
2874 2930 3009 2996 πρὸς
3050 2929 3085 2982 ἃ
3139 2927 3459 2996 βουλόμεθα.
3515 2926 3682 2978 Οὐδὲν
3734 2922 3900 2976 τοῦτο
3957 2922 4109 2990 πρὸς

2504 3025 2820 3092 ἀπολογίαν.
2847 3025 2908 3076 Εἰ
2935 3024 3045 3093 γὰρ
3075 3023 3319 3074 ἀνοίκεια
3351 3023 3415 3091 τῇ
3445 3018 3638 3074 ἑαυτοῦ
3666 3019 3825 3087 gaias:
3857 3016 4115 3087 δαμὰζει

2504 3118 2792 3188 ἄνθρωπος
2839 3116 3002 3187 θηρία
3045 3113 3257 3184 χαλεπὰ
3320 3113 3416 3181 μὲν
3453 3113 3600 3175 ἰδεῖν,
3636 3108 4013 3180 χαλεπώτερα
4052 3108 4111 3157 δὲ

2509 3209 3020 3278 μεταχειρίσασθαι,
3056 3207 3119 3258 οὐ
3161 3206 3341 3276 πολλῷ
3377 3203 3575 3270 μᾶλλον
3605 3201 3666 3253 τὸ
3702 3197 3903 3252 ἑαυτοῦ
3936 3199 4109 3267 μέλω

2504 3302 2771 3363 εὐείκτως
2805 3299 3283 3370 μεταχειρίσαιτο;
3328 3296 3419 3349 Διὸ
3448 3298 3544 3348 καὶ
3578 3293 3658 3358 τὸ,
3692 3292 3802 3363 Τὴν
3829 3292 3891 3344 δὲ
3919 3291 4109 3358 γλῶσ-

2505 3412 2603 3447 σαν
2628 3394 2804 3456 οὐδεὶς
2867 3392 3172 3462 ἀνθρώπων
3222 3391 3462 3460 δαμάσαι
3515 3387 3759 3448 δύναται,
3813 3385 3893 3454 μὴ
3957 3386 4106 3435 κατὰ

2503 3487 2809 3555 ἀπόφανσιν
2848 3484 3262 3553 ἀναγνωστέον,
3328 3481 3464 3535 ἀλλὰ
3524 3481 3648 3533 κατ’
3710 3477 4102 3546 itast-59.1mm

2506 3580 2624 3631 Ἵνα
2775 3577 2968 3640 οὕτως.
3015 3577 3080 3629 Εἰ
3128 3575 3196 3628 τὰ
3259 3573 3528 3627 ἀτίθασσα
3584 3569 3750 3640 θηρία
3799 3567 4107 3637 ἄνθρωπος

2505 3669 2819 3724 τιθασσεύει
2873 3669 2967 3722 καὶ
3011 3666 3330 3737 χειρονοήθη
3390 3666 3554 3728 ποιεῖ,
3606 3660 3715 3733 ἆρα
3745 3660 3847 3730 τὴν
3899 3658 4104 3713 ἑαυτοῦ

2507 3764 2760 3832 γλῶσσαν
2814 3763 2876 3815 οὐ
2915 3762 3187 3831 δάμάσει;
3253 3756 3361 3812 Οὖν
3423 3755 3821 3825 ἀναγνωστέον.
3867 3754 3936 3808 Et
3995 3754 4107 3820 γὰρ

2508 3857 2648 3911 κατὰ
2706 3855 3036 3924 ἀπόφανσιν,
3067 3853 3167 3906 οὐκ
3204 3852 3270 3904 ἂν
3298 3851 3424 3920 δέξῃ
3457 3849 3662 3919 προῖὼν
3684 3846 3868 3910 καλῶς
3893 3844 4107 3915 κεχρῆ-

2512 3949 2634 4002 σθαι
2661 3949 2740 4019 τῷ
2769 3947 3158 4016 νουθετήματι,
3188 3943 3333 4012 λέγω
3359 3942 3416 3995 δὲ
3452 3941 3555 4010 τῷ,
3588 3939 3687 4004 οὗ,
3715 3937 3942 4005 ἀδελφοί
3973 3955 4103 4008 μου,

2509 4041 2686 4094 ταῦτα
2715 4038 2858 4093 οὕτω
2877 4036 3152 4107 γίνεσθαι.
3186 4036 3250 4088 El
3279 4033 3388 4105 γὰρ
3421 4032 3683 4086 ἀδύνατον
3710 4030 4105 4100 μεταρρυθμί-

2512 4152 2625 4200 σαι,
2654 4135 2683 4186 ὀ
2717 4132 3003 4194 ἀδυνάτοις
3057 4129 3361 4200 ἐπιχειρεῖν
3409 4124 3717 4195 παραινῶν,
3740 4123 3842 4175 οὐκ
3873 4121 4104 4189 ἀσφαλῆ

2508 4225 2606 4295 τὴν
2654 4223 2976 4293 παραίνεσιν
3005 4223 3168 4274 ποιεῖ.
3213 4217 3443 4288 Φήσειέν
3489 4232 3576 4278 τις
3600 4232 3614 4246 ·
3647 4214 3722 4266 Τδ
3761 4213 3839 4274 δὲ,
3878 4213 4104 4265 ἀκατά-

2513 4332 2707 4385 σχετον
2745 4315 2938 4377 κακὸν,
3000 4310 3172 4382 μεστὴ
3211 4307 3291 4361 ἰοῦ
3341 4303 3918 4378 Θανατηφόρου,κατά
3965 4305 4107 4355 datr}-

2511 4425 2707 4475 φανσιν
2756 4403 3174 4476 προσενεκτέον.
3221 4400 3504 4471 Αὐξητικά
3549 4400 3656 4469 γάρ
3689 4400 3806 4450 ἐστι
3840 4395 3940 4448 τοῦ
3970 4395 4105 4447 δυσ-

2515 4499 2929 4569 μεταχειρίστου
2967 4497 3068 4568 τῆς
3100 4494 3375 4565 γλώσσης.
3416 4494 3578 4547 Ἀλλά
3615 4493 3710 4546 καὶ
3745 4492 3830 4552 τὸ.
3881 4490 3982 4545 Ἐκ
4005 4491 4101 4542 τοῦ

820 4600 892 4653 ita
948 4599 1228 4667 adaptare.
1287 4597 1333 4652 is
1375 4598 1468 4668 qui
1505 4598 1867 4667 impossibilia
1923 4601 2197 4666 admonet,
2244 4601 2395 4674 m

2515 4589 2683 4645 αὑτοῦ
2759 4588 3030 4658 στόματος
3082 4587 3365 4656 ἐξέρχεται
3430 4584 3654 4651 εὐλογία
3717 4581 3815 4635 καὶ
3853 4581 4103 4651 κατάρα,

819 4700 930 4738 non
962 4684 1211 4738 stabilem
1232 4699 1294 4738 ac
1316 4686 1735 4740 convenientem
1768 4686 1898 4741 facit
1950 4688 2401 4746 admonitionem.

825 4776 1043 4830 Diceret
1084 4775 1329 4845 aliquis:
1385 4776 1639 4832 Attamen
1696 4780 1840 4848 quod
1903 4781 2000 4844 ait,
2052 4780 2409 4843 lncoetcibile

825 4870 1049 4932 malum,
1097 4869 1256 4938 plena
1287 4885 1502 4924 veneno
1558 4871 1863 4936 mortifero,
1921 4875 2181 4929 assertive
2220 4877 2406 4945 profe-

823 4961 1052 5015 rendum
1088 4968 1172 5013 est
1201 4979 1213 5014 :
1248 4961 1365 5015 haec
1388 4962 1533 5015 enim
1563 4977 1661 5031 per
1724 4973 2074 5032 augmentum
2107 4967 2407 5020 ostendunt

822 5052 1060 5122 linguam
1084 5066 1206 5105 esse
1230 5050 1651 5105 intractabilem.
1689 5053 1888 5106 Verum
1920 5071 1948 5107 e
1968 5056 2207 5115 diverso.
2250 5058 2405 5122 illud,

826 5142 900 5194 Ex
931 5143 1123 5196 eodem
1182 5158 1277 5196 ore
1330 5144 1575 5212 procedit
1614 5145 1921 5198 benedictio
1983 5157 2036 5199 et
2077 5147 2406 5214 maledictio,

825 5231 1129 5285 dubitative
1152 5242 1233 5284 est
1259 5234 1545 5302 legendum
1581 5253 1592 5284 :
1627 5236 1874 5309 estenim
1897 5250 2079 5290 sermo
2103 5239 2406 5291 exhortan-

828 5323 897 5376 tis
933 5323 1235 5377 auditores.
1270 5323 1403 5376 Nam
1435 5325 1481 5378 si
1530 5327 1788 5394 iubemur
1836 5341 2028 5381 omnes
2057 5327 2407 5394 benedicere,

837 5415 1108 5483 siquidem
1145 5416 1396 5470 maledici
1426 5430 1654 5484 regnum
1691 5417 1782 5472 Dei
1823 5419 1876 5472 in
1902 5419 2277 5474 hereditatem
2295 5436 2406 5475 non

829 5511 1260 5570 consequentur,
1285 5518 1466 5558 annon
1502 5506 1672 5573 pudet
1723 5506 1915 5560 eodem
1945 5507 2020 5560 uti
2057 5508 2302 5562 membro
2333 5509 2400 5562 ad

827 5592 1192 5646 ministerium
1226 5594 1535 5664 iniquitatis
1565 5604 1621 5649 et
1649 5596 1806 5650 bonae
1830 5598 2167 5665 operationis
2190 5597 2402 5652 ?Nemo

829 5684 1070 5754 prudens
1091 5685 1282 5740 eodem
1311 5688 1679 5744 instrumento
1729 5690 1901 5744 lutum
1949 5700 2192 5746 moveret
2225 5699 2279 5744 ct
2305 5707 2406 5746 un-

905 5863 946 5896 ³⁵
978 5861 1134 5918 Joan.
1172 5880 1212 5933 t,
1249 5864 1334 5921 10.

2515 4683 2634 4734 κατ’
2693 4681 3040 4750 ιπαπόρησιν
3078 4677 3477 4746 ἀναγνωστέον.
3516 4676 3906 4745 Ἐντρέποντος
3941 4674 4058 4744 γὰρ
4082 4677 4106 4726 ὀ

2512 4772 2670 4838 λόγος
2701 4772 2829 4832 τοὺς
2893 4767 3174 4839 ἀκροατάς
3235 4769 3384 4820 ἔστιν
3413 4809 3428 4832 ,
3484 4767 3534 4819 ει
3583 4765 3830 4831 εὐλογεῖν
3889 4765 4105 4824 πάντας

2515 4862 2872 4932 κελευόμεθαο
2908 4863 3154 4933 Λοξδοροι
3177 4863 3287 4930 γὰρ
3322 4860 3599 4930 βασιλείαν
3629 4858 3765 4911 Θεοῦ
3793 4859 3852 4910 οὐ
3895 4857 4105 4926 κληρο-

2514 4956 2865 5024 νομήσουσιν.
2918 4951 3066 5023 Ἀρα
3120 4953 3221 5005 οὐκ
3270 4951 3499 5021 αἰσχύνη
3549 4949 3626 5020 τῷ
3671 4949 3821 5018 αὑτῷ
3877 4948 4105 5018 ὀργά-μμ

2514 5047 2751 5116 χρῆσθαι
2779 5045 3042 5114 ὑπουργῴ
3073 5045 3271 5106 κακίας
3302 5046 3394 5096 καὶ
3421 5042 3869 5109 καλοκάγαθίας;
3903 5040 4104 5100 Οὐδεὶς

2513 5138 2622 5189 τῶν
2678 5137 3104 5207 σωφρονούντων
3126 5136 3203 5206 τῷ
3231 5135 3379 5206 αὖτῷ
3436 5136 3654 5205 ὀργάνῳ
3683 5133 3946 5203 βόρϐορον
3981 5132 4103 5185 δια-

2512 5228 2772 5298 ταράξειε
2830 5231 2923 5282 καὶ
2965 5229 3155 5298 μύρον.
3211 5207 3530 5296 Προσέύχῃς
3578 5225 3669 5294 Μὴ
3718 5222 3949 5291 κατα.ρῶ
4014 5223 4106 5274 τὸν

2513 5322 2727 5392 ἐχθρόν.
2761 5321 2910 5391 Εὐχὴ
2937 5322 3047 5390 γὰρ
3070 5321 3164 5372 καὶ
3197 5321 3413 5388 κατάρα
3437 5319 3569 5370 πολὺ
3589 5317 3648 5368 τὸ
3665 5316 3828 5385 μέσον
3855 5315 4102 5382 ἔχουσιν,

2520 5412 2583 5463 Εἰ
2635 5411 2711 5480 μὴ
2748 5411 2917 5480 ἀφίης
2956 5411 3033 5480 τῷ
3059 5410 3410 5480 λελυπηκότι,
3461 5408 3580 5461 οὐδὲ
3625 5406 3964 5476 ἀφεθήσεταί
3991 5423 4101 5469 σοι,

2512 5502 2650 5555 ἀλλὰ
2708 5501 3101 5573 καταρώμενος
3165 5502 3392 5556 σεαυτὸν
3447 5499 3673 5570 etiam,
3734 5499 3899 5567 ἡνίκα
3960 5496 4096 5566 εὔχῃ

2513 5595 2782 5664 ἀφεθῆναί
2826 5597 3005 5647 σοιτά
3031 5594 3394 5663 ὀφειλήματα,
3456 5591 3638 5653 καθὼς
3677 5590 3742 5642 ἂν
3789 5588 3885 5642 καὶ
3933 5589 4100 5649 αὐτὸς

2515 5689 2683 5758 ἀφίης
2753 5690 2868 5752 τοῖς
2937 5687 3165 5741 σεαυτοῦ
3226 5686 3554 5756 ὀφειλέταις.
3621 5684 3784 5737 Ἀλλὰ
3809 5679 4095 5736 καλὲ-ατο]
