4178 6454
128 391 236 458 489

1043 380 1433 446 COMMENT.
1471 380 1549 443 IN
1589 381 1824 445 EPIST.
1872 381 2189 445 CATHOL.
2216 379 2497 446 JACOBI.

3306 382 3414 446 ἀιιο

127 506 690 582 ιὺπαρακολουθήτου
734 503 895 576 χάριν
944 502 1040 558 καὶ
1070 502 1191 556 ὅλον
1221 500 1283 555 τὸ
1312 499 1515 572 χωρίον
1538 517 1722 572 ιιταρα⁸

1832 511 2118 576 guentum.
2149 497 2332 553 Oras?
2377 497 2458 553 Ne
2488 497 2785 556 maledicas
2819 497 3070 556 inimico.
3114 497 3252 555 Nam
3291 515 3418 557 ora-

121 600 346 662 θέσθαι,
400 598 541 669 πρὸς
596 597 698 665 τὴν
748 594 956 650 οἰκείαν
984 593 1137 660 τάξιν
1165 591 1264 660 τῆς
1289 591 1564 662 φράσεως,
1600 593 1724 645 τινὰ.

125 692 239 746 τῶν
295 691 629 746 ἐλλιπόντων
691 685 1107 760 προστιθέντας.
1165 685 1359 739 Ἔσται
1413 683 1472 737 δὲ
1525 683 1720 748 οὕτως·

136 787 272 839 Ἰδοὺ
327 783 439 837 τῶν
487 784 673 836 ἵππων
724 783 854 842 τοὺς
910 778 1164 849 χαλινοὺς
1219 778 1299 839 είς
1352 775 1421 830 τά
1478 777 1723 846 στόματα

125 877 404 947 βάλλομεν
455 875 592 945 πρὸς
611 874 674 925 τὸ
704 871 994 926 πείθεσθαι
1048 869 1250 930 αὐτοὺς
1276 868 1431 938 ἡμῖν,
1470 868 1567 920 καὶ
1599 868 1720 921 ὅλον

122 972 183 1021 τὺ
208 969 378 1037 σῶμα
409 965 590 1020 αὐτῶν
631 963 966 1036 μετάγομεν,
1011 961 1123 1015 locis
1153 962 1249 1016 καὶ
1281 962 1350 1013 τά
1382 960 1542 1014 πλοῖα
1567 976 1580 990 ’
1621 977 1722 1028 τη-

121 1059 364 1113 λικαῦτα
392 1059 541 1122 δντα,
569 1059 665 1109 καὶ
698 1055 804 1110 ὑπὸ
837 1053 1091 1126 σκληρῶν
1117 1054 1340 1122 ἀνέμων
1364 1051 1720 1121 ἐλαυνόμενα,

126 1152 436 1222 μετάγεται
485 1151 590 1203 ὑπὸ
615 1147 900 1216 ἐλαχίστου
937 1145 1228 1215 πηδαλίου,
1256 1145 1390 1197 ὅπου
1422 1143 1488 1196 ἂν
1513 1146 1546 1213 ἡ
1575 1143 1721 1213 ὁρμὴ

123 1232 586 1307 τοῦέὑθύνοντος
633 1244 910 1313 βούληται.
961 1239 1150 1302 Οὕτως
1173 1237 1267 1291 οὖν
1297 1236 1396 1290 κα)⁸
1437 1237 1468 1306 ἡ
1500 1236 1724 1304 γλῶσσα.

127 1337 459 1407 μετάγεσθω
502 1335 583 1404 τῷ
606 1335 758 1407 ὀρθῷ
809 1335 974 1403 λόγῳ.
1008 1329 1210 1387 Καὶᾏύ
1246 1328 1487 1400 χαλεπὸν
1540 1327 1720 1381 τοῦτο.

122 1433 286 1484 Πᾶσα
322 1431 435 1504 γάρ
480 1429 643 1497 φύσις
695 1426 903 1497 Θηρίων
933 1442 994 1478 τε
1016 1426 1112 1478 καὶ
1145 1423 1434 1486 πετεινῶν,
1465 1420 1724 1491 ἑρπετῶν

119 1541 176 1576 τε
214 1526 319 1577 καὶ
364 1521 596 1576 ἐναλίων
659 1519 970 1587 δαμάζεται
1019 1517 1114 1570 καὶ
1153 1516 1491 1586 δεδάμασται
1522 1516 1589 1584 τῇ
1620 1511 1724 1581 φύ-

122 1633 204 1668 σει
230 1619 301 1686 τῇ
332 1614 678 1684 ἀνθρωπίνῃ.
735 1610 880 1664 Bibe
919 1609 1095 1664 ταῦτα
1136 1607 1333 1671 οὕτως,
1387 1607 1486 1677 τὴν
1543 1605 1720 1676 γλῶσ-

122 1727 222 1760 σαν
254 1708 436 1770 οὐδεὶς
455 1706 680 1760 δύναται
709 1705 954 1773 δαμάσαι
982 1720 997 1768 ;
1029 1703 1146 1756 Οὐκ
1169 1700 1235 1754 ἂν
1259 1701 1492 1770 εἴποιμι.

1831 597 1906 652 ιὶο
1938 603 1995 648 et
2017 589 2348 655 maledictio,
2377 603 2574 660 magno
2617 590 2887 648 dissident
2949 589 3266 646 interstitio.
3301 589 3418 646 Nisi

1831 684 2108 743 remiseris
2135 683 2186 738 ei
2212 683 2304 752 qui
2329 691 2381 736 te
2441 683 2810 749 contristavit,
2871 700 3050 755 neque
3108 685 3421 741 remittetur

1831 780 1928 833 tibi
1964 796 1976 831 :
2015 777 2110 830 sed
2135 774 2510 830 maledicendo
2555 776 2791 846 teipsum
2823 779 3027 846 capies,
3097 794 3224 834 cum
3292 791 3461 836 oras,
3497 811 3502 814 -

1832 879 1892 924 ut
1912 869 2007 923 tibi
2043 869 2397 938 remittantur
2434 868 2640 931 debila,
2676 871 3140 938 quemadmodum
3165 881 3222 926 et
3242 881 3298 926 tu
3327 886 3420 927 re-

1832 962 2006 1016 mittis
2035 961 2375 1016 debitoribus
2416 963 2526 1017 tuis
2553 963 2617 1017 ³⁷.
2647 963 2754 1018 Sed
2786 965 3070 1034 prmstabit
3100 974 3160 1020 ut
3211 967 3422 1021 facilia.

1834 1052 1915 1106 ris
1939 1052 2350 1122 consequentiae
2381 1052 2555 1122 gratia
2608 1061 2778 1107 totam
2817 1055 3151 1125 particulam
3192 1055 3247 1110 in
3301 1072 3419 1111 me-

1833 1145 1984 1200 dium
2032 1145 2380 1215 proferamus
2437 1143 2503 1197 ad
2557 1144 2802 1200 debitum
2881 1148 3097 1216 phrasis
3144 1149 3418 1212 ordinem,

1833 1239 2098 1293 nonnulla
2127 1254 2250 1306 quae
2270 1237 2774 1295 desuntaddentes.
2829 1240 2946 1294 Erit
2972 1252 3153 1296 autem
3185 1243 3242 1297 in
3274 1245 3424 1298 hunc

1831 1334 2054 1387 modum
2091 1333 2270 1386 :Ecce
2303 1332 2359 1385 in
2400 1346 2496 1386 ora
2535 1347 2802 1398 equorum
2861 1332 3018 1388 frena
3069 1335 3422 1391 immittimus

1829 1435 1889 1489 ut
1921 1434 2156 1495 parcant
2190 1426 2372 1490 nobis,
2402 1435 2456 1480 ct
2517 1434 2692 1480 totum
2719 1441 2919 1496 corpus
2943 1442 3131 1482 eorum
3183 1430 3424 1484 circum-

1829 1518 2083 1588 agimus:
2112 1534 2241 1574 ecce
2263 1533 2483 1588 quoque
2523 1534 2692 1573 naves
2735 1535 2859 1573 cum
2907 1528 3072 1574 tanta:
3123 1519 3235 1576 sint
3280 1529 3337 1576 et
3391 1537 3423 1576 a

1828 1609 2008 1662 ventis
2029 1610 2190 1664 saevis
2218 1610 2517 1681 agitentur,
2574 1626 2604 1664 a
2627 1610 2858 1665 minimo
2897 1613 3275 1682 gubernaculo
3312 1613 3423 1666 cir-

1827 1709 2194 1769 cumaguntur
2218 1716 2549 1769 quocunque
2582 1701 2819 1769 impetus
2841 1702 3135 1772 dirigentis
3159 1704 3419 1758 voluerit.

119 1799 195 1854 lta
225 1814 369 1870 ergo
416 1808 474 1853 et
539 1798 722 1866 lingua
770 1804 921 1850 recto
964 1808 1221 1848 sermone
1280 1792 1708 1862 circumagatur.
1752 1787 1942 1858 Neque
1971 1790 2025 1844 id
2059 1790 2284 1844 dillicile
2313 1799 2419 1844 est.
2449 1790 2643 1844 Omnis
2676 1791 2823 1844 enim
2871 1801 3068 1846 natura
3141 1800 3197 1846 et
3276 1791 3425 1846 lera-

121 1909 245 1948 rum
279 1902 340 1947 et
369 1894 653 1947 volucrum
688 1889 1140 1957 serpentiumque
1163 1894 1218 1941 et
1247 1886 1584 1940 marinorum
1619 1885 1875 1938 domatur
1896 1889 1953 1937 et
1983 1884 2189 1938 domita
2213 1891 2297 1938 est
2339 1898 2368 1937 a
2403 1893 2601 1938 natura
2641 1882 2904 1938 humana.
2972 1882 3131 1948 Quod
3197 1883 3240 1938 si
3302 1884 3422 1940 haec

121 1989 192 2042 ita
217 1995 379 2050 sunt,
406 1987 649 2056 linguam
676 1985 860 2040 nullus
893 1984 1120 2039 domare
1153 1981 1383 2052 potest?
1410 1981 1469 2036 Id
1503 1995 1846 2050 nequaquam
1871 1980 1980 2036 dici
2013 1989 2213 2050 potest.

200 2086 302 2137 Ἐκ
334 2083 446 2137 τοῦ
500 2083 690 2138 αὑτοῦ
754 2086 1056 2151 στόματος
1113 2079 1420 2150 ἐξέρχεται
1475 2081 1724 2145 εὐλογία

1898 2078 2208 2140 “1,1048.
2265 2078 2350 2132 Ea:
2404 2080 2582 2132 eodem
2623 2094 2713 2132 ore
2770 2079 3000 2146 procedit
3051 2079 3340 2134 benedictio
3371 2094 3422 2136 et

120 2179 215 2235 καί
248 2177 522 2245 κατάρα;
578 2180 662 2231 Οὐ
685 2175 828 2246 χρὴ,
863 2175 1120 2244 ἀδελφοί
1151 2190 1295 2243 μου,
1347 2171 1540 2225 ταῦτα
1569 2171 1726 2223 οὔτω

122 2270 426 2336 τίνεσθαι.
498 2269 649 2331 Μήτι
709 2267 748 2332 ἠ
805 2265 969 2335 πηγῆ
1023 2264 1092 2316 ἐκ
1147 2262 1261 2329 τῆς
1319 2261 1509 2329 αὐτῆς
1572 2258 1729 2326 δπῆς

117 2362 296 2428 ,ϐρύει
319 2361 392 2413 τὸ
415 2358 611 2429 γλυκὺ
642 2358 742 2412 καὶ
769 2358 836 2411 τὸ
859 2357 1107 2422 πικρόν;
1127 2354 1222 2420 Μή
1247 2353 1522 2418 δύναται,
1547 2352 1725 2407 ἁδελ-

123 2449 224 2515 gol
242 2465 396 2515 μου,
423 2446 587 2514 συκὴ
611 2447 822 2511 ἐλαίας
847 2443 1095 2510 ποιῆσαι
1117 2483 1131 2507 ,
1164 2443 1202 2510 ἢ
1237 2443 1508 2510 ἄμπελος
1525 2442 1726 2504 σῦκα;

124 2542 316 2605 οὕτως
355 2539 610 2608 οὐδεμία
641 2538 804 2606 πηγὴ
839 2538 1057 2591 ἀλικὸν
1095 2535 1192 2589 καὶ
1241 2533 1440 2604 γλυκὺ
1473 2531 1728 2600 ποιῆσαι

123 2634 305 2699 ὕδωρ.
348 2635 448 2697 Τίς
503 2631 697 2700 σορὸς
741 2630 840 2684 καί
889 2628 1241 2696 ἐπιστήμων
1266 2628 1335 2679 ὲν
1388 2626 1572 2694 ὑμῖν;
1605 2627 1728 2678 Δει-

127 2725 286 2788 ξάτω
306 2724 383 2776 ἐκ
416 2723 530 2791 τῆς
592 2721 792 2788 καλῆς
841 2719 1237 2788 ἀναστροφῆς
1267 2721 1339 2773 τὰ
1359 2719 1504 2787 ἔργα
1538 2715 1728 2771 αὑτοῦ

126 2817 193 2868 ὲν·
228 2814 530 2882 πραΰτητι
549 2812 794 2880 σοφίας.
818 2813 884 2863 El
907 2808 975 2862 δὲ
1021 2807 1210 2876 ζῆλον
1265 2808 1482 2876 πικρὸν
1533 2807 1726 2874 ἔχετε,

127 2909 222 2961 καὶ
251 2908 519 2974 ἐρίθειαν
537 2905 606 2958 ἐν
629 2904 700 2972 τῇ
720 2903 932 2971 καρδίᾳ
956 2901 1145 2971 ὑμῶν,
1161 2901 1246 2970 μὴ
1262 2899 1730 2968 κατακαυχᾶσθε

128 3000 226 3052 καὶ
283 2996 594 3066 ψεύδεσθε
649 2995 800 3049 κατὰ
853 2993 964 3061 τῆς
1021 2993 1332 3058 ἀληθείας.
1399 2991 1522 3043 Οὐκ
1556 2989 1731 3042 ἐστιν

127 3090 280 3157 αὕτη
330 3091 369 3157 ἡ
415 3089 608 3155 σοφία
659 3086 892 3139 ἀνωθεν
935 3083 1368 3153 κατερχομένη,
1415 3082 1552 3137 ἀλλ’
1599 3081 1730 3134 ἐπίο

128 3199 309 3250 Tuae,
373 3179 638 3248 ψυχικὴ,
702 3176 1128 3247 δαιμονιώδης.
1156 3177 1354 3230 ’ὐπου
1402 3175 1514 3242 γὰρ
1547 3173 1730 3239 ζῆλος

129 3274 224 3326 καί
247 3273 501 3338 ἐρίσεια.
557 3269 684 3323 ἐκεῖ
720 3269 1163 3334 ἀκαταστασία,
1189 3267 1288 3321 καὶ
1328 3265 1452 3320 πᾶν
1486 3265 1728 3335 φαῦλον

128 3363 395 3433 πρᾶγμα.
434 3363 510 3417 Ἠ
537 3361 607 3414 δὲ
629 3361 862 3416 ἀνωθεν
897 3363 1108 3428 σοφία,
1143 3358 1517 3428 πρῶτονμὲν
1569 3356 1724 3426 ἁγνή

1834 2171 2181 2226 maledictio?
2212 2171 2334 2224 Non
2371 2179 2592 2238 opontet,
2624 2172 2818 2240 fratres
2850 2171 2971 2231 mei,
3001 2171 3112 2225 lucc
3137 2172 3213 2225 ita
3274 2173 3417 2240 ﬁeri.

1832 2260 2107 2330 Numquid
2132 2264 2250 2332 fons
2278 2277 2342 2314 ea:
2365 2263 2543 2314 eodem
2579 2261 2845 2328 foramine
2883 2263 3076 2315 emittit
3107 2263 3314 2317 dulcem
3372 2277 3420 2319 et

1831 2369 2077 2407 amaram
2109 2370 2302 2423 aquam
2326 2352 2513 2408 lNum
2542 2362 2729 2421 potest,
2761 2354 2954 2424 fratres
2980 2355 3102 2421 mei,
3125 2355 3255 2414 licus
3276 2355 3420 2410 oleas

1832 2447 2065 2515 gignere,
2095 2453 2191 2497 aut
2227 2445 2346 2498 vitis
2377 2446 2508 2513 ﬁcus
2535 2447 2560 2500 2
2589 2444 2678 2500 Sic
2736 2446 2912 2500 nullus
2960 2449 3075 2517 fons
3105 2448 3305 2501 salsam
3357 2463 3423 2502 ac

1832 2535 2035 2590 dulcem
2062 2546 2231 2605 potest
2252 2537 2402 2590 edere
2431 2554 2649 2607 aquam.
2682 2538 2812 2602 Quis
2869 2540 3078 2607 sapiens
3123 2549 3171 2593 et
3202 2541 3421 2594 scientia

1835 2633 2093 2701 prteditus
2117 2632 2259 2685 inter
2284 2647 2390 2684 vos.
2452 2631 2712 2685 Ostendat
2748 2646 2814 2684 ea:
2849 2631 2986 2684 bona
3025 2634 3423 2686 conversatione

1838 2739 1997 2789 opcra
2055 2739 2152 2776 sua
2205 2739 2324 2776 cum
2363 2723 2773 2776 mansuetudine
2823 2724 3123 2792 sapientiw.
3180 2723 3332 2788 Quod
3377 2728 3424 2779 si

1833 2813 2232 2868 temnlationem
2271 2830 2518 2866 amaram
2561 2813 2766 2867 habetis
2823 2825 2869 2867 et
2920 2816 3305 2868 contentionem
3367 2817 3423 2868 in

1833 2910 1986 2963 corde
2019 2919 2206 2971 vestro,
2241 2907 2404 2962 nolite
2418 2908 2642 2978 gloriari
2683 2918 2730 2961 et
2767 2910 3041 2962 mendaces
3089 2924 3199 2963 esse
3257 2907 3424 2980 465

1833 3001 2087 3053 adversus
2121 3002 2416 3054 veritatem.
2460 2998 2581 3052 Non
2615 3008 2689 3052 est
2751 3002 2891 3053 enim
2923 3001 3025 3053 ista
3088 3001 3350 3070 sapientia
3397 3016 3426 3053 ε

1832 3092 2077 3160 supernis
2100 3093 2439 3155 descendens,
2487 3093 2577 3144 sed
2625 3103 2858 3157 terrena,
2907 3093 3182 3158 animalis,
3231 3093 3421 3147 diabo-

1833 3182 1958 3237 lica.
1999 3181 2256 3238 L’bienim
2289 3182 2564 3238 wmulatio
2583 3193 2631 3235 et
2650 3183 2936 3247 contentio,
2973 3183 3041 3236 ibi
3066 3183 3426 3238 inconstantia

1831 3287 1881 3332 et
1917 3292 2070 3330 omne
2118 3293 2248 3344 opus
2299 3292 2542 3345 pravum.
2579 3274 2708 3340 Qui:
2762 3286 2943 3329 autem
2990 3293 3017 3329 e
3052 3278 3294 3345 supernis
3348 3287 3424 3332 est

1833 3371 2126 3439 sapientia,
2159 3372 2393 3439 primum
2429 3370 2639 3438 quidem
2663 3379 2812 3422 casta
2845 3380 2940 3432 est,
2966 3371 3156 3425 deinde
3171 3371 3419 3439 paci/ica,

129 3454 302 3506 ἐστιν
337 3490 356 3517 ,
419 3453 628 3505 ἔπειτα
667 3451 942 3519 εἰρηνικὴ
969 3491 985 3516 ,
1051 3449 1347 3517 ἐπιεικὴς,
1397 3448 1682 3514 εὐπειθὴς
1709 3487 1726 3513 ,

1836 3436 2096 3526 modesta,
2119 3436 2448 3526 tractabilis,
2467 3464 2625 3532 plena
2661 3463 3029 3516 misericordia
3061 3472 3110 3518 et
3160 3436 3423 3533 fructibus

128 3545 320 3615 μεστὴ
374 3543 596 3610 ἐλέους
648 3544 747 3597 καὶ
805 3543 1056 3612 καρπῶν
1109 3542 1389 3613 ἀγαθῶν,
1464 3540 1730 3608 ἀδιάκρι-

135 3656 233 3703 τος
276 3639 380 3691 καὶ
445 3623 874 3705 ἀνιιπόκριτοξο.
923 3636 1167 3704 Καρπός
1225 3635 1297 3688 δὲ
1346 3633 1459 3702 τῆς
1505 3633 1730 3686 δικαιο-

131 3732 327 3797 σύν-ης
351 3731 428 3783 ἕν
451 3727 666 3798 ειρήνῃ
713 3730 1025 3798 σπείρεται
1091 3728 1215 3795 τοῖς
1263 3727 1548 3782 ποιοῦσιν
1568 3725 1726 3796 ειρή-

132 3840 265 3891 νην.

206 3939 225 3971 ι
251 3920 354 3973 Ἕκ
405 3918 505 3972 τοῦ
556 3916 723 3970 αὐτοῦ
760 3917 1048 3988 στόματος.
1086 3933 1106 3968 s
1153 3915 1262 3968 Τοῦ
1312 3914 1726 3986 κατηξιωμένου

133 4009 393 4079 τοιαύτης
445 4008 840 4079 μυσταγωγίας
892 4007 1058 4077 μηδὲν
1110 4007 1312 4074 πικρὸν
1346 4005 1724 4069 ὲκδαλλέσθω,

139 4104 304 4173 μηδὲν
341 4101 535 4170 άηδὲς.
569 4118 589 4151 ι
616 4099 715 4162 Τίς
751 4099 916 4167 σοφὸς
954 4099 1012 4150 ιν
1049 4098 1202 4168 ὑμῖν.
1227 4114 1247 4146 ι
1280 4097 1540 4166 Φίλαρχοι
1572 4096 1726 4158 ὄντες

136 4195 184 4246 οἱ
211 4195 524 4264 ἄνθρωποι,
561 4192 657 4246 καὶ
699 4193 768 4262 τῇ
805 4192 970 4261 σοφίᾳ
1005 4189 1101 4242 τοῦ
1155 4189 1363 4258 κόσμου
1397 4188 1587 4242 τούτου
1622 4187 1724 4242 αὑ-

136 4285 378 4356 χοῦντες,
409 4287 538 4338 κατ’
568 4283 686 4354 ιριν
715 4283 810 4335 καὶ
837 4281 1000 4350 ζῆλον
1039 4281 1150 4334 τῶν
1179 4279 1357 4350 ὀρθῶν
1386 4278 1724 4334 διδασκάλων

137 4377 464 4443 ὶκήρυττον,
505 4371 954 4441 δχλαγωγοῦντες
992 4371 1180 4435 άπλῶς
1227 4372 1324 4426 καὶ
1353 4371 1549 4439 φθόνον
1590 4370 1726 4439 πρὸς

136 4466 342 4526 τούτοις
373 4464 617 4534 ἔχοντες,
649 4464 742 4515 καὶ
783 4462 1238 4532 παραμιγνύντες
1285 4464 1398 4526 τοῖς
1440 4461 1606 4523 θείοις
1657 4460 1726 4513 τά

135 4556 479 4627 ἀνθρώπινα,
534 4556 623 4607 ἴνα
651 4557 718 4625 τῇ
767 4555 1049 4624 καινότητι
1089 4554 1198 4606 τῶν
1250 4553 1560 4623 λεγομένων
1608 4557 1728 4607 ἐπι-

141 4649 381 4703 σώθται
398 4649 532 4710 τοὺς
553 4647 876 4708 ἀκούοντας.
898 4647 1064 4698 Ὀθεν
1088 4648 1183 4700 καὶ
1209 4646 1452 4714 αἱρέσεις
1476 4643 1720 4716 ἐξῆλθον.

139 4739 442 4811 Πληρώσας
470 4735 567 4791 οὖν
596 4738 689 4791 τὸν
712 4740 842 4808 περὶ
870 4739 1204 4808 προπετείας
1229 4739 1386 4805 λόγον
1420 4740 1515 4791 καὶ
1544 4739 1722 4807 ἀκρα-
1757 4779 1798 4834 D

139 4832 252 4894 σίας
284 4833 573 4901 γλώσσης,
608 4831 823 4900 μέτεισι
857 4831 1044 4883 λοιπὸν
1077 4833 1174 4884 καὶ
1202 4831 1296 4883 ἐπὶ
1325 4829 1415 4883 τὸν
1439 4831 1496 4896 ἐξ
1527 4831 1722 4900 ὁμοίας

139 4924 446 4993 ιμιληξίας
475 4924 834 4994 ἐγγινόμενον
864 4923 1178 4994 ἀνθρώποις
1211 4923 1424 4992 φθόνον.
1452 4925 1559 4977 Καί
1590 4941 1723 4993 φησι

138 5018 336 5079 ταύτας
364 5018 470 5081 τάς
501 5016 858 5080 διδασκαλίας
888 5017 950 5069 οὐ
983 5017 1407 5087 καθεστηκότων
1433 5013 1600 5079 εἶναι,
1628 5016 1723 5069 ἅτε

144 5111 270 5181 μηδὲ
316 5113 385 5162 ἐκ
443 5110 641 5178 σοφίας
689 5108 857 5172 obeat;
889 5109 1064 5173 θείας,
1121 5110 1260 5163 ἀλλὰ
1309 5108 1723 5180 δαιμονιώδους.

140 5203 318 5258 Ταῦτα
346 5205 405 5258 δὲ
437 5199 564 5256 εἷπε
591 5206 996 5275 προεπαινέσας
1026 5206 1120 5258 τὸν
1146 5204 1351 5273 ἀγαθὸν
1375 5204 1721 5268 διδάσκαλον,

139 5294 197 5347 hx
239 5296 555 5366 πραότητος
601 5297 777 5364 λέγων
830 5296 998 5350 αὐτοῦ
1051 5296 1150 5367 τὴν
1199 5297 1394 5366 σοφίαν
1443 5297 1511 5349 δι’
1545 5296 1723 5366 ἔργων

139 5387 406 5457 χρηστῶν.
450 5387 674 5459 Ἐπειδὴ
706 5388 764 5442 δὲ
809 5389 872 5441 τὸ
908 5387 1004 5442 τοῦ
1038 5385 1200 5458 ζήλου
1254 5388 1426 5458 ὄνομα
1461 5390 1523 5441 ὲν
1557 5388 1722 5458 μισό-

150 5496 266 5547 τητι
313 5482 515 5550 δρᾶται
562 5481 819 5552 χρηστῶν
861 5497 923 5534 τε
979 5481 1079 5535 καὶ
1127 5481 1350 5551 φαύλων
1411 5481 1550 5551 (εστι
1612 5481 1722 5552 γάρ

143 5571 295 5645 ζῆλος
327 5576 547 5646 κίνησις
578 5575 758 5646 ψυχῆς
791 5576 1151 5647 ἑνθουσιὼδης
1182 5578 1274 5630 ἐπί
1313 5594 1365 5629 τι
1398 5578 1540 5648 μετά
1576 5594 1722 5640 τινος

141 5664 525 5736 Mnestheus;
557 5668 652 5722 τοῦ
687 5671 822 5740 πρὸς
854 5669 882 5724 δ
914 5672 947 5740 η
976 5671 1184 5744 σπουδή
1221 5669 1385 5742 ἐστι.)
1421 5670 1521 5726 Διά
1555 5670 1716 5725 τοῦτο

209 5849 250 5883 π
285 5849 485 5908 Ilattb.
525 5866 606 5914 τι.
635 5852 672 5908 9
694 5869 852 5924 seqq.

452 5950 725 6010 ΡΑτιοι..
759 5949 877 6010 Gn.
913 5948 1150 6010 CXIX.

1831 3555 2004 3616 bonis,
2029 3560 2225 3625 absque
2242 3556 2652 3624 dijudicatione,
2679 3557 2794 3609 sine
2808 3555 3171 3610 simulatione.
3194 3555 3425 3611 Fructus

1830 3655 2013 3700 autem
2064 3646 2296 3717 justitic
2339 3649 2398 3702 in
2441 3663 2572 3718 pace
2595 3648 2894 3702 seminatur
2941 3647 3263 3720 facientibus
3323 3665 3423 3718 pa-

1829 3754 1959 3793 cem.

1909 3933 1929 3969 s
1979 3916 2058 3970 Ex
2107 3914 2302 3970 eodem
2348 3929 2464 3970 ore.
2519 3933 2540 3967 ι
2586 3913 2746 3981 Quod
2781 3913 3098 3984 huiusmodi
3137 3930 3420 3972 sacrorum

1828 4006 2172 4075 disciplinam
2207 4005 2442 4074 accepit,
2477 4005 2616 4059 nihil
2658 4021 2908 4060 amarum
2949 4008 3253 4074 emittatur,
3281 4009 3420 4063 nihil

1828 4099 2123 4169 ingratum.
2166 4114 2186 4148 ι
2225 4096 2360 4161 Quis
2410 4097 2632 4166 sapiens
2664 4097 2810 4152 inter
2839 4113 2957 4153 vos.
2999 4115 3018 4151 ι
3063 4099 3201 4154 Cum
3238 4100 3420 4155 homi-

1829 4209 1927 4247 nes
1959 4198 2143 4246 essent
2170 4190 2540 4253 ambitiosi,et
2572 4190 2645 4244 ob
2673 4191 2996 4260 sapientiam
3031 4189 3197 4261 hujus
3228 4192 3421 4247 mundi

1829 4286 2229 4358 gloriarentur,
2272 4297 2338 4336 ex
2397 4280 2752 4337 contentione
2811 4290 2868 4337 et
2929 4283 3278 4338 aetiiulatione
3335 4298 3423 4337 rer

1828 4387 2042 4433 ctorum
2089 4382 2488 4445 praeceptorum
2536 4374 2928 4443 praedicabant,
2970 4385 3159 4444 aperte
3205 4375 3421 4445 plebem

1829 4470 1898 4524 ad
1936 4467 2263 4521 seditionem
2301 4465 2678 4529 sollicitantes,
2710 4473 2766 4519 et
2795 4474 3060 4534 praeterea
3100 4465 3305 4519 invidia
3337 4474 3420 4519 ta-

1829 4559 2116 4614 bescentes
2158 4571 2222 4609 ac
2254 4556 2652 4625 permiscentes
2694 4553 2934 4610 humana
2983 4555 3206 4622 divinis,
3239 4564 3297 4609 ut
3326 4569 3423 4610 eo-

1829 4667 1950 4706 rum
1981 4666 2101 4720 qua:
2146 4650 2463 4704 dicerentur
2492 4648 2734 4702 novitate
2765 4650 3178 4703 attraherentur
3203 4649 3420 4703 audito-

1830 4758 1918 4797 res
1948 4760 1961 4795 :
1992 4741 2136 4794 unde
2163 4740 2328 4793 etiam
2358 4739 2683 4808 prodierunt
2710 4740 2967 4794 haereses.
2997 4738 3225 4809 Expleto
3258 4741 3423 4813 igitur

1830 4847 2084 4888 sermone
2128 4832 2197 4886 de
2245 4831 2445 4901 linguae
2493 4831 2793 4900 petulantia
2849 4847 2914 4886 ac
2958 4831 3420 4902 intemperantia.

1833 4927 2027 4980 transit
2069 4924 2332 4993 deinceps
2375 4923 2443 4978 ad
2490 4923 2775 4988 invidiam,
2812 4939 2935 4994 quae
2986 4925 3302 4980 hominibus
3353 4942 3423 4980 ex

1832 5018 1996 5072 simili
2041 5017 2354 5071 temeritate
2399 5016 2748 5071 innascitur:
2778 5025 2832 5072 et
2875 5016 2952 5071 ait
2996 5015 3096 5070 has
3141 5017 3422 5072 doctrinas

1830 5125 1942 5163 non
1990 5124 2112 5164 esse
2156 5111 2484 5165 constitutas
2529 5124 2592 5164 ac
2625 5111 2832 5173 lirmas,
2865 5125 2991 5165 cum
3020 5125 3202 5180 neque
3234 5126 3301 5165 ex
3336 5109 3420 5166 ui-

1829 5203 1955 5257 vina
2002 5203 2114 5257 sint
2158 5203 2457 5273 sapientia,
2504 5202 2600 5258 sed
2653 5203 3009 5258 daamoniaca.
3061 5201 3187 5259 Haec
3232 5213 3417 5258 autem

1831 5295 1971 5350 dixit
2013 5300 2219 5349 bonum
2265 5296 2562 5351 exhortans
2592 5305 3012 5366 pmceptorem,
3040 5295 3232 5351 dicens
3260 5304 3321 5350 ut
3349 5311 3417 5351 ex

1822 5392 2248 5446 mansuetudine
2278 5406 2435 5445 suam
2481 5393 2737 5447 ostendat
2778 5391 3103 5462 sapientiam
3145 5406 3243 5462 per
3272 5391 3417 5446 bona

1821 5498 2009 5554 Opera.
2043 5483 2312 5550 Quoniam
2355 5494 2540 5540 autem
2587 5500 2791 5540 nomen
2836 5484 2963 5551 zeli,
2996 5485 3051 5540 id
3077 5492 3163 5540 est
3190 5483 3416 5539 amula-

1822 5577 2009 5642 tionis,
2037 5577 2279 5632 medium
2326 5586 2412 5632 est
2449 5586 2506 5633 et
2539 5592 2605 5632 ex
2645 5592 2705 5632 se
2736 5576 3058 5633 indiﬂerens
3085 5576 3155 5632 ad
3185 5576 3329 5631 bona
3361 5582 3420 5630 et

1827 5670 1989 5727 mala.
2012 5671 2134 5742 (Est
2163 5670 2311 5727 enim
2331 5671 2504 5738 zelus,
2547 5669 2663 5727 sive
2688 5671 2990 5736 amulatio,
3032 5679 3216 5727 motus
3245 5669 3417 5727 animi

2901 5952 2976 6012 16
