4178 6454
752 415 851 478 μοι

1824 414 2228 475 (ECUMENII
2260 413 2553 475 TRlCCd'I
2599 414 2937 476 Ei’lSCOi‘l

3910 416 4017 481 492

739 530 1028 599 instigatus
1059 524 1127 582 ad
1163 523 1367 595 aliquid
1410 539 1534 581 cum
1565 525 1745 595 aliqua
1784 526 2179 583 assimilatione
2207 528 2320 595 ejus

2434 526 2642 595 Πικρὸν
2677 528 2973 598 ἐπήνεγκε,
3000 528 3211 592 δεικνὺς
3243 527 3303 581 τδ
3336 528 3475 598 πρὸς
3501 528 3557 583 τί
3595 529 3625 582 ὁ
3657 529 3845 600 ζῆλος.
3883 532 4027 601 Ἕρί⁴

739 618 806 672 ad
854 616 997 686 quod
1041 624 1125 672 est
1153 616 1398 671 studium
1446 616 1532 671 vel
1555 614 1821 686 .aﬂ'ectus)
1876 626 2166 688 pr0pterea
2200 618 2329 672 sub-

736 710 916 781 junxit
968 710 1251 774 Amaram,
1287 709 1589 765 ostendens
1632 709 1698 764 ad
1743 709 1873 779 quid
1915 711 2000 764 sit-
2028 710 2324 765 aemulatio.

738 800 947 869 ὲρίθεια
980 815 1111 853 vero
1141 810 1226 855 est
1285 800 1663 869 vituperabilis
1698 800 1976 855 contentio
2002 812 2054 856 et
2079 802 2326 871 pertina-

738 893 841 945 cia.
882 910 898 942 ι
936 891 1181 946 Primum
1226 891 1444 960 quidem
1487 900 1637 946 easta
1676 900 1781 948 est.
1812 910 1830 942 ι
1878 890 1933 946 ld
1964 901 2066 957 est,
2096 908 2229 963 pura
2271 902 2327 948 et

738 980 860 1036 sine
908 982 1086 1046 sorde,
1135 981 1267 1034 nulli
1323 982 1399 1035 rei
1448 982 1654 1035 carnali
1704 983 2012 1036 adhaerens.
2049 1001 2067 1032 ι
2108 984 2324 1052 Absque

738 1076 1154 1146 dijudicatioue.
1192 1094 1209 1125 ι
1252 1074 1367 1127 Non
1410 1074 1734 1129 discernens
1779 1075 2193 1130 observationes
2246 1077 2325 1129 ci-

736 1169 933 1222 borum
974 1175 1029 1219 ct
1069 1166 1345 1219 variarum
1377 1166 1669 1221 lotionum.
1698 1166 1770 1220 De
1803 1167 1888 1220 liis
1922 1177 2105 1221 autem
2133 1179 2325 1224 exacte

734 1258 955 1312 disserit
986 1260 1185 1311 Paulus
1215 1258 1267 1310 in
1291 1258 1530 1327 Epistola
1566 1257 1633 1312 ad
1665 1258 2102 1314 Colossenses”.

807 1346 895 1414 IV,
929 1348 1042 1402 l4.
1088 1349 1232 1405 Unde
1258 1350 1393 1403 bella
1425 1365 1489 1402 ac
1517 1349 1631 1403 lites
1657 1351 1795 1404 inter
1818 1352 1937 1405 vos?
1965 1351 2153 1405 Nonne
2178 1352 2319 1415 hinc,

734 1454 919 1507 nempe
953 1455 1017 1492 ea:
1044 1438 1402 1508 voluptatibus
1444 1441 1628 1493 vestris
1664 1457 1779 1507 qua:
1813 1441 2045 1494 militant
2076 1442 2127 1494 in
2156 1458 2322 1494 mem-

735 1529 843 1582 bris
870 1533 1106 1586 vestris?
1135 1530 1521 1599 Concupiscitis
1566 1542 1615 1585 et
1663 1549 1767 1586 non
1810 1532 2009 1586 habetis
2039 1549 2058 1587 :
2090 1534 2324 1587 occiditis

735 1630 782 1674 et
813 1622 1162 1686 azmulamini,
1194 1638 1287 1676 nec
1314 1625 1527 1691 potestis
1556 1625 1781 1692 adipisci
1805 1638 1825 1678 :
1851 1626 2101 1694 pugnatis
2124 1640 2187 1678 ac
2212 1624 2323 1677 bel-

736 1714 880 1770 latis.
914 1714 1079 1784 566
1112 1725 1159 1767 et
1202 1731 1301 1766 non
1337 1715 1580 1782 accipitis
1615 1716 1668 1767 id
1705 1725 1917 1783 propter
1963 1716 2101 1785 quod
2144 1726 2323 1782 postu-

735 1806 883 1858 latis.
917 1804 1102 1858 l’etitis
1136 1815 1183 1858 et
1232 1822 1334 1858 non
1366 1806 1629 1874 accipitis,
1671 1822 1731 1858 eo
1765 1807 1903 1876 quod
1932 1806 2070 1859 male
2109 1806 2317 1875 petatis,

2436 617 2562 669 θεια
2617 618 2672 671 δέ
2723 622 2878 673 ἐστιν
2920 620 3182 687 ἐπίψογος
3213 621 3538 690 φιλονεικία.
3596 639 3613 673 ι
3664 622 3894 692 [Ιρῶτον
3928 624 4024 691 μὲν

2429 708 2570 779 ἁγνή
2602 710 2774 765 ἐστιν.
2808 731 2827 762 ι
2874 711 3063 781 Ἀγνὴ,
3098 712 3319 784 καθαρά
3338 712 3433 764 καὶ
3463 711 3769 784 ἁρύπαρος,
3796 713 4025 783 μηδενὸς

2428 801 2537 854 τῶν
2560 802 2843 874 σαρκικῶν
2872 805 3232 875 ἀντεχομένη.
3276 824 3293 855 ι
3333 804 3693 876 ’Λδιάκριτος.
3732 824 3749 855 ι
3787 805 3880 874 Μὴ
3913 805 4025 857 δια-

2429 896 2693 965 κρίνουσα
2749 898 3167 968 παρατηρήσεις
3212 897 3554 967 βρωμάτων,
3600 898 3695 951 καὶ
3745 899 4023 967 διαφόρων

2427 990 2780 1060 βαπτισμῶν.
2818 991 3092 1061 Ἀκρισῶς
3143 991 3200 1044 δὲ
3232 991 3359 1061 περὶ
3406 991 3613 1044 τούτων
3652 993 3711 1043 ἐν
3764 993 3834 1059 τῇ
3886 991 4021 1059 πρὸς

2427 1082 2769 1145 Κολασσαεῐς
2804 1085 3111 1149 διαλέγεται
3147 1084 3177 1136 ὁ
3212 1082 3447 1146 Παῦλος.

2500 1345 2693 1398 Πόθεν
2726 1345 2974 1413 πόλεμοι
3003 1346 3100 1400 καὶ
3130 1344 3319 1415 μάχαι
3346 1346 3417 1399 ἐν
3439 1346 3620 1416 ὐμῖνς
3654 1348 3775 1400 Οὐκ
3809 1345 4017 1399 ἐντεῦ-

2426 1439 2550 1500 θεν,
2582 1437 2651 1490 ἐκ
2699 1436 2819 1490 τῶν
2866 1437 3105 1505 ἡδονῶν
3137 1437 3326 1506 ὑμῶν,
3362 1436 3482 1491 τῶν
3518 1438 4019 1507 στρατευομένων

2425 1526 2494 1579 ἐν
2514 1525 2639 1591 τοῖς
2656 1528 2914 1596 μέλεσιν
2930 1527 3120 1597 ῠμῶν;
3152 1529 3543 1598 Ἑπιθυμεῖτε,
3571 1530 3675 1584 καὶ
3693 1533 3805 1584 οὐκ
3824 1532 4015 1599 ἔχετε.

2425 1618 2668 1671 Φονεῖτε
2705 1620 2803 1673 καὶ
2844 1619 3113 1686 ζηλοῦτε,
3147 1621 3245 1674 καὶ
3278 1624 3350 1674 οὐ
3382 1621 3651 1675 δύνασθε
3681 1622 4016 1689 ἐπιτυχεῖν.

2424 1708 2709 1777 Μάχεσθε
2761 1711 2859 1765 καὶ
2908 1712 3243 1781 πολεμεῖτε,
3280 1714 3378 1766 καὶ
3422 1715 3537 1767 οὐκ
3586 1714 3756 1782 ἔχετε
3800 1714 3904 1766 διὰ
3954 1715 4018 1767 τὸ

2425 1800 2716 1856 αἰτεῖσθαι
2743 1801 2919 1871 ὑμᾶς.
2945 1804 3185 1863 Αἰτεῖτε.
3229 1805 3328 1858 καί
3357 1809 3429 1859 οὐ
3475 1807 3831 1875 λαμϐάνετε,
3865 1806 4017 1858 διότι

733 1907 792 1949 ut
818 1900 871 1949 in
899 1897 1254 1966 voluptatibus
1278 1899 1462 1949 vestris
1489 1899 1796 1951 insumatis.
1826 1898 2067 1951 Adulteri
2090 1908 2139 1951 et
2160 1898 2320 1951 adul-

2425 1893 2624 1961 κακῶς
2666 1895 2949 1956 αἰτεῖσθε,
2981 1897 3081 1949 ἵνα
3123 1897 3193 1949 ἐν
3230 1899 3360 1962 ταῖς
3388 1897 3638 1964 ἡδοναῖς
3690 1897 3865 1966 ἡμῶν
3909 1898 4015 1950 δα-

736 2000 863 2044 tcrtc
895 1990 1099 2043 nescitis
1125 1991 1264 2058 quod
1290 1990 1530 2041 amicitia
1565 1991 1745 2043 mundi
1774 1991 2055 2043 inimicitia
2086 2001 2163 2044 est
2193 2008 2315 2060 erga

734 2082 942 2135 Deum?
977 2068 1289 2150 Quicunque
1324 2098 1445 2151 ergo
1480 2082 1700 2136 voluerit
1734 2098 1843 2137 esse
1877 2085 2078 2137 amicus
2110 2085 2316 2151 mundi,

732 2176 977 2227 inimicus
1016 2174 1112 2227 Dei
1152 2175 1507 2229 constituitur.

804 2354 1057 2409 Ostendit
1090 2354 1235 2425 quod
1272 2354 1400 2408 licet
1432 2353 1786 2423 praceptoris
1821 2368 2131 2408 sermonem
2166 2353 2321 2409 ellin—

732 2455 882 2517 gant,
916 2448 1012 2501 toti
1054 2455 1234 2500 tamen
1266 2446 1516 2500 carnales
1547 2454 1699 2511 sunt,
1733 2453 1789 2499 et
1816 2445 2192 2516 indignissima
2225 2462 2321 2515 pa-

732 2547 900 2603 trant,
935 2539 1240 2608 volaptates
1273 2538 1373 2591 sibi
1405 2538 1538 2607 ipsis
1576 2546 1925 2591 accersentes
1954 2554 1967 2589 :
2004 2538 2057 2592 bi
2100 2538 2319 2607 quidem

734 2645 976 2683 mensam
996 2628 1423 2693 delicatiorem,(
1430 2628 1569 2697 quod
1589 2636 1643 2681 et
1663 2627 1861 2681 Paulus
1879 2628 2025 2692 ipsos
2042 2629 2323 2699 arguendo

732 2719 864 2776 dicit
919 2740 936 2771 ι
978 2717 1115 2773 Nam
1170 2719 1262 2788 qui
1309 2719 1442 2773 tales
1474 2728 1621 2781 sunt,
1652 2717 1845 2787 inquit,
1872 2718 2104 2772 Domino
2135 2730 2323 2774 nostro

732 2831 841 2869 non
874 2814 1118 2869 serviunt
1142 2813 1235 2867 sed
1263 2827 1362 2866 suo
1388 2811 1563 2865 ventri
1581 2811 1657 2876 ";
1684 2812 1729 2879 ι)
1748 2811 1835 2865 alii
1869 2826 1999 2866 vero
2026 2812 2323 2880 possessio-

733 2923 858 2960 nem
902 2908 1269 2975 pretiosorum
1305 2917 1559 2973 agrorum
1600 2911 1694 2957 aut
1735 2902 2021 2957 domorum
2060 2903 2320 2973 concupi-

732 3008 949 3053 scentes
1018 3017 1030 3051 :
1096 2996 1189 3050 alii
1254 3011 1468 3049 rursum
1536 2994 1795 3050 familiam
1875 3010 2158 3049 assumere
2231 3004 2325 3049 aut

733 3090 955 3142 donmm
1011 3087 1202 3141 domui
1261 3086 1593 3156 conjungere
1662 3102 1675 3139 :
1731 3085 1871 3140 alius
1921 3096 2102 3140 autem
2177 3086 2320 3141 aliud

732 3180 1035 3256 quippiam,
1078 3179 1132 3232 in
1181 3179 1381 3248 quibus
1422 3178 1692 3248 malignus
1742 3176 1833 3232 ille
1884 3178 2114 3247 imponit
2166 3178 2317 3247 ipsis,

2422 1987 2761 2055 πανήσητε.
2798 1986 3009 2056 Μοιχοί
3058 1988 3156 2041 καί
3192 1988 3555 2057 μοιχαλίδες
3580 2029 3593 2051 ,
3628 1991 3739 2041 οὐκ
3788 1988 4017 2053 οιόατε,

2424 2078 2512 2131 ὅτι
2542 2079 2580 2144 ή
2614 2079 2787 2148 φιλία
2810 2078 2918 2132 τοῦ
2961 2080 3217 2147 κόσμου,
3260 2081 3444 2149 ἐχθρὰ
3474 2081 3578 2134 τοῦ
3622 2082 3771 2134 Θεοῦ
3797 2082 4017 2139 ἑστιν;

2426 2170 2496 2237 ὃς
2527 2171 2603 2224 ἂν
2627 2169 2913 2238 ,βουληθῇ
2938 2173 3117 2239 φίλος
3157 2168 3307 2226 εἶναι
3341 2174 3443 2227 τοῦ
3495 2176 3747 2242 κόσμου,
3797 2174 4017 2243 ἐχθρές

2423 2263 2529 2317 τοῦ
2558 2263 2707 2317 Θεοῦ
2736 2264 3115 2318 καθίσταται.

2500 2356 2787 2409 Δείκνυσιν
2825 2356 2902 2416 ὼς
2937 2357 3051 2409 κᾶν
3089 2355 3541 2410 ὑποπλάττωνται
3577 2358 3732 2424 λόγον
3760 2359 4018 2414 δτὲαπκα-

2424 2445 2597 2507 λικδν,
2628 2447 2776 2513 ὅμως
2811 2444 2922 2498 ὅλοι
2955 2444 3211 2514 σαρκικοί
3242 2447 3370 2508 είσι,
3404 2448 3499 2498 καὶ
3530 2447 3598 2498 τὰ
3647 2448 4021 2515 χαλεπώτατα

2426 2538 2799 2606 πράττουσιν,
2854 2537 3050 2607 ὴδονάς
3099 2537 3315 2599 ἑαυτοῖς
3376 2539 3751 2608 ποριζόμενοι.
3789 2543 3859 2592 Ui.
3915 2543 4019 2610 μὲν

2427 2630 2733 2701 ἁδροτέρας
2763 2630 3065 2701 τραπέζης,
3102 2629 3150 2699 (ὃ
3192 2630 3286 2682 καὶ
3327 2629 3538 2693 Παῦλος
3580 2632 3761 2685 αὐτῶν
3784 2650 4020 2701 καταγι-

2428 2721 2655 2774 νώσκων
2686 2721 2872 2790 φησίν·
2914 2739 2930 2771 ι
2964 2722 3033 2773 Οἱ
3068 2722 3176 2792 γὰρ
3202 2720 3432 2775 τοιοῦτοι
3465 2723 3545 2793 τῷ
3574 2724 3762 2794 Κυρίῳ
3800 2726 3863 2776 οὐ
3897 2725 4020 2778 δον-

2428 2811 2699 2874 λεύουσιν,
2736 2811 2872 2864 ἀλλά
2902 2814 2969 2881 τῇ
3008 2812 3217 2864 ἑαυτῶν
3252 2811 3454 2881 κοιλίᾳ,
3493 2815 3540 2878 ι)
3579 2813 3627 2864 οΞ
3660 2813 3714 2864 δὲ
3762 2815 4018 2881 κτήσεως

2428 2904 2697 2973 λαμπρῶν
2731 2904 2921 2974 ἀγρῶν
2969 2904 3002 2973 ἢ
3044 2904 3232 2956 οἰκιῶν
3264 2904 3647 2973 ὀριγνώμενοι.
3690 2905 3899 2965 "Aliter,
3934 2908 4017 2957 οἱ·

2429 2997 2648 3049 κετείαν
2682 2996 3134 3067 περιόαλέσθαιῆ
3170 2997 3467 3057 συνοικίας.
3499 2996 3691 3060 Ἀλλος
3715 2996 3772 3050 δὲ
3797 2997 3870 3051 δι’
3889 2998 4021 3050 ἄλλο

2428 3104 2501 3140 τι.
2537 3088 2675 3156 Περὶ
2707 3087 2743 3141 ἀ
2786 3089 2813 3140 ὁ
2846 3088 3081 3157 πονηρὸς
3120 3089 3304 3150 αὐτοῖς
3351 3088 3694 3159 ὑποτίθησιν,
3732 3091 4021 3159 ἀποτυλᾷν

2430 3180 2630 3242 αὐτοὺς
2676 3179 2776 3247 τῆς
2809 3179 3021 3232 ἑαυτῶν
3070 3180 3461 3249 μηχανώμενος
3492 3181 3788 3251 σωτηρίας.
3819 3200 3838 3232 ι
3863 3181 4022 3233 Ἐπι-

735 3273 993 3328 conando
1024 3271 1236 3325 illorum
1262 3270 1566 3341 depra‘dari
1599 3270 1832 3325 animas.
1874 3289 1891 3321 ι
1925 3270 2320 3339 Concupiscitis

2431 3270 2655 3339 θυμεῖτε
2716 3271 2809 3323 καὶ
2870 3272 2971 3323 οὐκ
3019 3272 3193 3341 ἔχετε.
3228 3289 3248 3323 ι
3286 3271 3440 3325 Κατὰ
3493 3270 3643 3325 θέσιν
3705 3273 3800 3325 καὶ
3853 3274 4022 3343 ἄρσιν

729 3374 785 3419 et
808 3380 915 3417 non
951 3363 1183 3421 habetis.
1212 3381 1231 3414 ι
1266 3371 1372 3417 etc.
1402 3362 1501 3416 Per
1530 3360 1679 3414 θέσιν
1706 3370 1761 3415 et
1794 3362 1975 3432 ἄρσιν.
2010 3361 2064 3416 id
2102 3370 2185 3416 est
2220 3377 2321 3431 po-

734 3455 991 3511 sitionem
1040 3464 1095 3508 et
1138 3454 1468 3509 oblationem
1524 3454 1772 3524 procedit
1807 3473 1819 3509 :
1856 3470 1979 3508 cum
2025 3455 2195 3509 thesis
2231 3470 2320 3510 as-

732 3550 968 3604 sumitur
1031 3556 1256 3618 propter
1303 3547 1735 3612 absurditatem,
1780 3547 2092 3602 absurditas
2135 3556 2318 3602 autem

736 3650 1029 3710 propterea
1063 3641 1207 3708 quod
1252 3638 1609 3694 incitamenta
1641 3639 1941 3709 voluptatis
1968 3647 2154 3709 postea
2184 3654 2318 3693 con-

731 3731 1036 3799 spiciantur
1076 3731 1247 3785 latere
1271 3732 1326 3785 in
1362 3730 1521 3785 thesi.
1552 3728 1687 3784 Nam
1716 3739 1772 3784 et
1792 3730 2235 3799 concupiscentia
2264 3731 2316 3783 in

736 3823 1083 3892 perfectione
1131 3824 1472 3890 voluptatum
1506 3822 1696 3876 ﬁnitur
1727 3831 1783 3875 et
1808 3821 1999 3875 casdes.
2021 3821 2319 3888 aemulatio,

730 3928 1025 3983 pugnaque
1063 3913 1316 3967 similiter
1348 3926 1413 3966 ac
1443 3912 1645 3966 bellum
1676 3926 1786 3965 non
1815 3920 1945 3965 sunt
1973 3910 2116 3965 bona
2148 3928 2161 3963 :
2199 3911 2322 3965 ideo

729 4018 909 4074 neque
950 4005 1035 4056 illa
1074 4012 1489 4073 consequuntur
1530 4017 1766 4071 quorum
1806 4017 1971 4057 causa
2011 4002 2128 4055 haec
2188 4000 2322 4055 εσθ-

731 4100 903 4147 etant.
941 4090 1495 4147 Animadvertendum
1547 4099 1632 4145 est
1677 4100 1860 4146 autem
1898 4090 2001 4145 hoc
2031 4091 2148 4146 loco
2176 4091 2321 4160 quod

730 4181 937 4237 caedem
989 4189 1046 4235 et
1094 4180 1296 4235 bellum
1340 4178 1473 4233 dicit
1516 4193 1627 4233 non
1661 4178 2010 4248 corporalia:
2038 4179 2143 4233 hoc
2172 4180 2318 4233 enim

732 4287 895 4344 grave
942 4279 1091 4326 esset
1138 4272 1303 4325 etiam
1352 4269 1421 4323 de
1468 4268 1777 4323 latronibus
1817 4268 2108 4339 cogitare:
2150 4268 2321 4323 multo

732 4376 862 4433 ergo
887 4363 1069 4417 minus
1089 4361 1155 4417 de
1181 4361 1265 4415 bis
1289 4359 1384 4430 qui
1411 4359 1751 4428 aliquantum
1777 4358 1966 4414 ﬁdeles
1990 4368 2166 4425 erant,
2184 4368 2239 4413 et
2252 4359 2321 4413 ad

731 4456 1024 4510 Dominum
1071 4454 1431 4509 accedebant.
1487 4450 1594 4506 Sed
1633 4459 1695 4505 ut
1742 4451 1873 4505 mihi
1909 4451 2145 4517 videtur,
2175 4452 2322 4507 occi-

732 4547 862 4602 dere
889 4545 1146 4601 d'xuntur
1173 4543 1249 4596 illi
1278 4542 1372 4611 qui
1403 4540 1711 4594 temerariis
1742 4540 1826 4593 his
1850 4541 2137 4594 conatibus
2166 4556 2318 4594 suam

2426 3364 2640 3431 πρόεισι
2689 3361 2793 3431 τῆς
2845 3362 3072 3427 θέσεως,
3106 3365 3507 3434 ἀναιρουμένης
3553 3365 3640 3417 διά
3672 3366 3732 3416 το
3784 3366 4014 3419 ἄτοπον.

2424 3455 2497 3506 Τὸ
2525 3453 2583 3506 δὲ
2639 3453 2842 3507 ἄτοπον
2896 3455 2983 3507 διὰ
3014 3455 3074 3507 τὸ
3127 3455 3319 3525 ἡδονῆς
3357 3456 3762 3525 ὑπεκκαύματα
3794 3459 4017 3525 μέλλειν

2424 3545 2644 3598 ἔσεσθαι
2691 3545 2761 3598 τά
2804 3546 2899 3599 ἐπὶ
2930 3549 2996 3615 τῇ
3044 3546 3213 3599 θέσει
3249 3548 3679 3616 ἐνθεωρούμενα.
3716 3550 3848 3601 Ἠτε
3903 3551 4017 3618 γὰρ

2422 3636 2691 3706 ἐπιθυμία
2758 3639 2817 3689 ὲν
2870 3637 3074 3707 ἡδονῶν
3134 3639 3437 3691 ἑπιτελέσει
3479 3641 3819 3710 ἀποτελευτᾷ
3871 3643 3900 3693 ὃ
3954 3658 4016 3692 τε

2427 3728 2586 3795 φόνος
2620 3729 2719 3781 καὶ
2765 3728 2793 3780 ὁ
2816 3728 2997 3798 ζῆλος,
3040 3730 3136 3782 καὶ
3160 3728 3225 3799 δὴ
3260 3730 3411 3799 καὶὴ
3448 3731 3596 3800 μάχη
3628 3747 3689 3782 τε
3722 3733 3819 3785 καὶ
3847 3733 3878 3784 ό
3911 3732 4016 3784 πόα

2423 3818 2589 3889 λεμος
2619 3821 2720 3872 οὐκ
2774 3822 2977 3887 ἀγαθά.
3020 3822 3220 3891 Διόπερ
3253 3822 3372 3875 οὐδὲ
3418 3823 3749 3890 τυγχάνουσι
3777 3823 4015 3887 τούτων,

2424 3903 2499 3965 ὧν
2528 3910 2713 3963 ἕνεκεν
2754 3910 2928 3964 ταῦτα
2959 3911 3396 3979 ἐπιτηδεύουσιν.
3444 3912 3802 3966 Ἐπιστατέον
3846 3914 3905 3966 δὲ
3935 3915 4015 3977 ὠς

2424 4003 2586 4071 φόνον
2632 4003 2870 4054 ἐνταῦθα
2920 4006 3016 4056 καὶ
3047 4003 3282 4072 πόλεμον
3312 4007 3373 4056 οὐ
3409 4006 3500 4056 τὸν
3537 4006 3802 4074 σαρκικόν
3849 4023 4013 4073 φησι.

2423 4093 2599 4147 Τοῦτο
2620 4094 2729 4163 γάρ
2766 4094 2906 4164 βαρὺ
2949 4097 3047 4149 καὶ
3076 4096 3220 4149 κατὰ
3274 4096 3489 4167 λῃστῶν
3530 4099 3754 4157 ἐννοεῖν,
3795 4099 3870 4167 μὴ
3926 4101 4014 4153 ὅτι

2423 4200 2486 4252 γε
2528 4185 2671 4237 κατά
2724 4185 2914 4246 ποσῶς
2958 4186 3163 4237 πιστῶν
3203 4188 3299 4239 καὶ
3342 4185 3423 4256 τῷ
3462 4187 3649 4256 Κυρίῳ
3701 4202 4015 4257 προσερχο-

2426 4276 2628 4346 μένων.
2673 4277 2812 4329 Ἀλλ’
2859 4275 2933 4339 ὦς
2964 4276 3027 4344 γέ
3073 4294 3163 4346 μοι
3200 4276 3378 4340 δοκεῖ,
3411 4278 3656 4345 φονεύειν
3697 4279 3834 4345 (ne!
3879 4280 4015 4340 to);

2425 4367 2524 4437 τὴν
2556 4368 2767 4420 ἑαυτῶν
2821 4366 3000 4437 ψυχὴν
3050 4367 3482 4430 ἀποκτιννύντας
3541 4371 3658 4429 ταῖς
3704 4369 4016 4437 τολμηραῖς

2425 4456 2650 4518 ταύταις
2694 4456 3097 4526 ἐπιχειρήσεσι,
3133 4456 3203 4509 δι’
3234 4456 3300 4519 ἃς
3338 4458 3483 4510 καὶὸ
3521 4457 3656 4526 πρὸς
3706 4458 3804 4527 τὴν
3850 4460 4016 4509 εἰρσέ-

2425 4546 2579 4599 6ειαν
2614 4550 2795 4611 αὐτοῖς
2844 4548 3101 4618 πόλεμος.
3147 4550 3258 4602 Καὶ
3302 4548 3492 4620 ὥσπερ
3536 4548 3742 4619 προῖὼν
3782 4552 4014 4617 μοιχοὺς

730 4639 989 4694 occidunt
1017 4636 1278 4699 animam,
1311 4642 1536 4704 propter
1564 4631 1710 4701 quod
1739 4632 1905 4687 etiam
1948 4631 2151 4687 bellum
2184 4632 2316 4701 ipsis

2425 4640 2523 4692 καὶ
2557 4639 2872 4708 μοιχαλίὸας
2924 4642 3065 4709 ἐρεῖ,
3109 4639 3172 4691 οὺ
3222 4640 3439 4701 πάντως
3474 4639 3751 4704 τοιούτους
3804 4643 4016 4705 αὐτοὺς

730 4740 816 4785 est
846 4731 1107 4783 adversus
1147 4726 1428 4795 pietatem.
1478 4724 1545 4777 Et
1588 4723 2043 4792 quemadmodum
2091 4723 2145 4776 in
2189 4739 2315 4791 pro-

730 4836 920 4893 gressu
955 4818 1230 4873 adulteros
1261 4824 1421 4870 vocat
1459 4824 1515 4869 et
1554 4813 1847 4877 adulteras,
1879 4828 1989 4868 non
2023 4814 2166 4883 quod
2200 4829 2317 4868 om-

729 4915 863 4969 nino
894 4911 1028 4966 Iales
1057 4911 1187 4973 sint,
1222 4909 1317 4963 sed
1349 4907 1494 4978 quod
1538 4907 1723 4962 divina
1774 4914 2034 4975 recteque
2069 4906 2316 4961 instituta

731 5013 1005 5076 praecepta
1034 5009 1419 5071 eonstuprent,
1444 4998 1768 5053 declinando
1793 4996 1858 5051 ad
1886 4996 1991 5050 alia
2020 4996 2315 5065 illegitima;

731 5111 912 5167 neque
961 5095 1108 5150 enim
1153 5094 1411 5147 toleraret
1459 5089 1727 5160 quispiam
1785 5096 2143 5143 scortatorem
2180 5104 2317 5157 pra:-

732 5198 1032 5260 ccptorem,
1057 5172 1221 5241 etiam
1256 5185 1301 5239 si
1332 5183 1502 5253 magis
1532 5197 1692 5251 quam
1724 5180 1872 5250 porci
1905 5195 2063 5235 cceno
2101 5180 2316 5235 involu-

731 5294 823 5339 tus
856 5290 1004 5337 esset
1037 5298 1050 5335 :
1082 5280 1155 5333 ita
1186 5292 1320 5348 ergo
1343 5276 1521 5331 cades
1554 5289 1617 5328 ac
1652 5273 1792 5327 bella
1827 5272 1959 5327 dicit
1980 5289 2090 5327 non
2122 5288 2313 5343 corp.)—

731 5375 887 5434 ralia.
940 5372 1035 5427 sed
1077 5371 1313 5441 animam
1362 5365 1769 5421 concernentia.
1821 5383 1837 5415 ι
1885 5364 2074 5418 Petitis
2115 5373 2170 5418 et
2212 5374 2317 5418 non

730 5466 998 5536 accipitis.
1045 5483 1063 5515 ι
1116 5460 1588 5530 Quemadmodum
1646 5458 1946 5527 pharisaeus
1991 5457 2057 5511 de
2119 5474 2227 5527 quo
2266 5450 2334 5510 in'

728 5555 1029 5623 Evangelio
1073 5553 1372 5607 secundum
1424 5548 1685 5602 Lucam"
1721 5564 1734 5600 ;
1768 5564 1887 5602 nam
1926 5557 2131 5617 quanto
2168 5548 2320 5616 plura

730 5648 1057 5705 recensebat
1102 5661 1199 5701 sua
1250 5646 1392 5699 bona
1445 5630 1635 5721 opera,
1686 5651 1839 5696 tanto
1891 5641 2061 5711 magis
2110 5642 2320 5697 ditinas

809 5831 854 5864 ³⁸
895 5830 1103 5887 Coloss.
1134 5847 1189 5897 ll,
1224 5832 1243 5884 1
1281 5845 1434 5900 seqq.

2432 4728 2613 4792 ὅντας,
2650 4729 2764 4781 ἀλλ’
2788 4728 2863 4793 ὼς
2899 4729 2968 4782 τά
3018 4728 3137 4781 θεῖα
3175 4730 3270 4781 καὶ
3294 4728 3474 4790 καλῶς
3528 4728 3719 4798 ἔχοντα
3765 4735 4020 4799 προστά-

2423 4836 2611 4888 γματα
2641 4822 2708 4889 τῇ
2758 4819 2896 4892 πρὸς
2934 4818 3098 4890 ἔτερα
3136 4819 3267 4872 νόθα
3306 4820 3594 4873 ἀποκλίσει
3644 4822 4014 4891 πορεύοντας·

2423 4912 2527 4964 οὐκ
2559 4912 2626 4963 ἀν
2678 4911 2786 4981 γάρ
2820 4928 2904 4974 τις
2938 4912 3140 4981 πόρνον
3186 4912 3477 4983 ἀνάσχοιτο
3518 4913 3868 4979 διδασκάλου,
3908 4916 4019 4970 κᾶν

2423 5003 2625 5073 χοίρων
2776 5003 3278 5075 βορϐορωδέστερος
3332 5004 3475 5059 οὕτω
3515 5009 3611 5061 καὶ
3659 5008 3857 5074 φόνους
3917 5013 4022 5063 καὶ

2423 5096 2700 5166 πολέμους
2748 5097 2812 5149 ού
2838 5098 2968 5161 τοὺς
3009 5097 3378 5167 σωματικοὺς.
3413 5096 3550 5152 ἀλλά
3579 5098 3707 5161 τοὺς
3733 5098 4020 5169 dumo-2s;

2422 5186 2590 5254 λέγει.
2623 5205 2641 5238 ι
2665 5186 2877 5240 Αἰτεῖτε
2906 5186 3001 5240 καὶ
3027 5188 3089 5239 οὐ
3118 5186 3447 5257 λαμϐάνετε.
3476 5206 3496 5240 ι
3542 5189 3627 5251 Ὠς
3650 5189 3681 5240 ὁ
3710 5194 4020 5260 φαρισαῖο;

2420 5278 2449 5329 ὁ
2477 5280 2536 5330 ὲν
2564 5276 2641 5347 τῷ
2673 5276 2819 5329 κατά
2848 5277 3062 5330 Λουκᾶν
3084 5277 3422 5348 Εὐαγγελίῳ.
3452 5278 3602 5349 ὀσῳ
3639 5282 3752 5350 γάρ
3781 5281 4021 5337 πλείονα

2420 5368 2682 5436 κατέλεγε
2723 5368 2831 5421 τῶν
2861 5368 3030 5422 αὐτοῦ
3066 5370 3540 5439 κατορθωμάτων,
3555 5373 3798 5443 τοσούτῳ
3837 5375 4018 5430 πλέον

2417 5460 2516 5528 τὴν
2551 5460 2703 5513 θείαν
2733 5460 2972 5513 ἀπέθυεν
3010 5461 3203 5531 ἀκοὴν,
3234 5464 3330 5515 καὶ
3359 5464 3388 5515 ὁ
3417 5463 3524 5515 τῶν
3555 5466 3821 5533 ῥημάτων
3835 5466 4017 5533 δγιιας

2418 5550 2571 5609 κενὸς
2600 5552 2727 5619 περὶ
2748 5551 2813 5602 τὰ
2836 5551 2989 5621 χείλη
3016 5553 3295 5623 κατέρρει,
3319 5555 3414 5607 καὶ
3434 5555 3513 5617 εἰς
3538 5556 3711 5623 ἀφρόν
3737 5556 4018 5618 διελύετο,

2419 5643 2670 5713 καθάπερ
2702 5642 3079 5710 παφλάζοντος
3116 5643 3383 5715 κύματος.
3422 5646 3563 5700 Ἀλλ’
3618 5649 3737 5719 ἐρεῖ
3783 5665 3898 5719 τις,
3950 5652 4015 5706 Ei

1512 5830 1554 5861 ”
1589 5830 1748 5883 Rom.
1783 5843 1891 5894 ιιι-ι,
1919 5825 2006 5880 l8.
2083 5826 2282 5879 “Luc.
2315 5840 2469 5890 nm,
2517 5826 2605 5881 Η.
