4178 6454
149 423 256 485 €93

1043 413 1431 475 COMMENT.
1481 411 1562 471 IN
1604 409 1843 472 EPIST.
1875 410 2509 476 CATHOLEJACOBI.

3312 412 3419 478 494

150 537 240 592 τοῦ
293 531 505 604 Κυρίου
544 530 721 602 Ἰησοῦ
755 527 1060 597 ἐπαγγελία
1095 527 1304 598 ἀληθὴς
1332 525 1426 580 τοῦ
1463 523 1732 594 ἀψευδοῦς

1863 523 2130 579 ὼιιιι-ιὼοι
2184 542 2383 592 aures,
2434 536 2488 582 et
2545 525 2722 581 inanis
2773 525 3074 596 amplitudo
3126 528 3417 584 verborum

151 627 494 690 διδασκάλου,
510 625 591 686 τὸ,
610 643 629 676 ι
642 625 756 678 Πᾶν
768 623 797 674 6
812 620 978 675 αἰτῶν
991 620 1282 691 λαμϐάνει,
1296 619 1440 682 »πῶς
1457 617 1551 671 νῦν
1566 616 1738 669 ταῦτά

153 737 318 789 φησιν
351 721 380 772 6
429 718 623 787 παρὼν
671 713 1001 779 ἀπόστολος;
1043 711 1206 766 Ἀλλά
1238 727 1443 781 φαμεν,
1471 709 1547 773 ὼς
1575 709 1602 761 6
1633 705 1738 777 ὁδῷ

153 818 216 882 τῇ
248 812 531 882 ἀκολούθῳ
554 813 652 864 ἐπὶ
671 810 734 863 τδ
754 811 925 863 αἰτεῖν
954 807 1148 879 χωρῶν
1182 807 1297 878 ἔχει
1320 807 1415 858 καὶ
1443 804 1542 875 τὴν
1573 806 1740 870 ἐπαγ-

151 907 344 968 γελίαν
378 904 652 974 ἀκεραίαν
701 903 931 972 μηδενὸς
966 899 1212 970 ἀστοχῶν
1245 899 1353 952 τῶν
1380 896 1735 965 αἰτουμένων.

158 1000 216 1051 Εἰ
245 999 301 1050 δέ
333 1016 418 1060 τις
441 997 545 1063 ἔξω
573 999 830 1067 χωρήσας
854 995 949 1048 τοῦ
975 993 1181 1047 σκοποῦ
1205 992 1305 1062 τῆς
1335 990 1738 1062 παραδοθείσης

152 1093 430 1157 αἰτήσεως
457 1089 603 1155 δόξει
653 1091 849 1154 αἰτεῖν,
900 1089 1025 1158 οὐχὶ
1053 1087 1219 1142 αἰτῶν
1265 1085 1325 1139 δν
1382 1084 1462 1137 δεῖ
1515 1082 1738 1153 τρόπον,

155 1186 278 1238 οῦδέ
316 1185 495 1237 αἰτεῖ·
535 1183 618 1236 διὸ
662 1183 785 1235 οὺδέ
824 1181 1075 1251 λήψεται.
1119 1181 1208 1241 Ὠς
1241 1179 1352 1248 γὰρ
1397 1175 1738 1238 διδασκάλου,

157 1277 314 1346 φέρε,
335 1275 736 1346 γραμματικοῦ
761 1272 1236 1343 ἐπαγγελλομένου
1256 1271 1436 1325 πάντα
1463 1268 1555 1320 τὸν
1581 1283 1742 1338 προσο

161 1368 310 1420 ιόιτα
342 1366 492 1436 αὐτῷ
540 1366 775 1431 διδάξειν
802 1367 902 1435 τὴν
931 1364 1041 1418 τῶν
1074 1360 1484 1433 γραμματικῶν
1516 1360 1742 1428 ἐπιστή-

162 1477 291 1528 μην,
337 1459 501 1522 αὐτὸς
529 1460 587 1512 δέ
615 1458 865 1528 ἐκμελῶς
911 1456 1190 1528 προσέλθῃ
1221 1456 1317 1508 καὶ
1354 1452 1430 1524 μὴ
1464 1452 1745 1514 συντείνας

159 1551 356 1606 ἐαυτὸν
392 1554 420 1605 6
478 1551 760 1621 μαθητιῶν
819 1551 956 1622 πρὸς
1016 1550 1117 1618 τὴν
1148 1548 1258 1601 τῶν
1318 1543 1745 1616 ἐπηγγελμένων

159 1643 452 1713 ἀνάληψιν,
485 1640 604 1696 εἶτα
629 1644 815 1714 ὅμοιος
846 1641 1191 1710 ἀποφανθείη
1226 1643 1292 1710 τῇ
1325 1637 1603 1708 ἐκμελείᾳ,
1638 1632 1748 1704 ἆρά

157 1750 219 1800 γε
250 1733 478 1795 δικαίως
505 1732 570 1786 ἀν
602 1750 684 1795 τις
711 1731 939 1802 ψεύδους
972 1731 1242 1800 γράψαιτο
1268 1730 1356 1782 τὸν
1391 1727 1744 1788 διδάσκαλον;

1839 616 1986 671 circa
2021 617 2162 672 labia
2196 618 2488 686 deﬂuebat,
2515 620 2678 692 467
2709 630 2764 676 et
2792 619 2849 675 in
2877 636 3129 691 spumam
3159 622 3421 678 dissolve-

1841 709 2003 763 batur
2043 709 2098 762 in
2145 710 2369 764 modum
2413 713 2695 766 aestuantis
2740 711 2957 767 ﬂuctus.
2995 714 3102 768 Sed
3135 713 3278 769 dicet
3317 716 3421 769 ali-

1840 801 1966 870 quis
1994 817 2008 855 :
2041 799 2094 855 Si
2138 799 2351 857 Domini
2391 803 2519 857 Jesu
2559 806 2912 874 praeceptoris
2940 805 3031 875 qui
3062 807 3282 861 mentiri
3319 823 3422 862 ne-

1840 893 1960 963 quit
1985 909 2110 948 vera
2143 905 2226 948 est
2257 895 2567 966 promissio,
2600 911 2704 965 qua
2737 897 2810 949 ait
2845 914 2858 951 :
2891 915 2908 947 ι
2941 897 3134 952 Omnis
3162 900 3254 969 qui
3288 900 3425 969 petit

1842 984 2062 1054 accipit,
2093 1005 2110 1036 ι
2133 988 2406 1054 quomodo
2439 990 2556 1044 haec
2594 1005 2742 1044 nunc
2772 989 2906 1044 dicit
2935 1006 3176 1060 prtesens
3205 1005 3425 1062 aposto-

1845 1082 1963 1136 lus?
1992 1080 2098 1135 Sed
2131 1083 2363 1136 dicimus
2390 1085 2534 1154 quod
2581 1085 2628 1140 is
2665 1087 2758 1155 qui
2807 1087 2987 1140 debita
3025 1087 3108 1142 via
3148 1098 3203 1142 et
3234 1091 3425 1144 ordine

1845 1175 1910 1228 ad
1955 1175 2249 1244 petendum
2286 1177 2548 1244 procedit,
2581 1177 2745 1233 habet
2784 1179 2947 1235 etiam
2997 1181 3264 1252 integrann
3302 1198 3428 1252 pro~

1845 1264 2186 1330 missionem,
2230 1265 2285 1319 in
2336 1266 2487 1321 nullo
2535 1267 2830 1325 frustratus
2878 1271 2963 1326 bis
2997 1288 3116 1342 qua:
3144 1283 3426 1342 petuntur.

1848 1353 1903 1408 Si
1948 1371 2075 1410 vero
2107 1356 2413 1424 procedens
2441 1367 2595 1412 extra
2631 1373 2858 1429 scopum
2903 1363 3114 1417 tradita:
3147 1363 3429 1432 petitionis

1849 1456 2034 1517 petere
2069 1448 2364 1514 videbitur,
2396 1465 2505 1504 non
2536 1460 2730 1520 petens
2757 1453 2900 1506 sicut
2924 1464 3160 1522 op0rtet,
3186 1471 3255 1509 ne
3294 1459 3431 1524 petit

1848 1536 2088 1605 quidem,
2125 1537 2250 1592 ideo
2292 1553 2404 1592 non
2458 1539 2710 1609 accipiet.
2742 1539 3212 1604 Quemadmodum
3257 1545 3428 1610 enim,

1849 1627 1999 1682 verbi
2052 1629 2252 1697 gratia,
2284 1632 2329 1684 si
2375 1643 2680 1703 praeceptor
2718 1637 3107 1707 grammaticus
3146 1639 3432 1708 promittat

1851 1733 1910 1772 se
1942 1719 2228 1774 docturum
2276 1738 2496 1778 omnem
2536 1726 2604 1780 ad
2634 1741 2692 1780 se
2723 1729 3074 1783 accedentem
3114 1733 3432 1800 grammati-

160 1827 235 1879 Ού
271 1825 494 1892 σῶφρον
517 1819 670 1886 οὗτος
687 1825 877 1876 ποιῶν.
906 1824 979 1877 Οὐ
1007 1823 1118 1893 γὰρ
1145 1819 1448 1892 προσῆλθεν
1477 1820 1504 1872 6
1539 1819 1748 1888 μέλλων

1863 1826 1994 1877 eam,
2029 1813 2119 1867 ille
2149 1823 2330 1868 autem
2362 1817 2453 1885 qui
2493 1818 2703 1873 discere
2735 1822 2888 1890 cupit
2916 1821 3156 1878 indebite
3187 1825 3432 1888 accedat,

166 1890 463 1988 μανθάνειν
490 1917 564 1979 di;
606 1920 633 1969 6
678 1915 997 1978 διδάσκαλος
1023 1890 1440 1985 προετρέψατο.
1487 1914 1599 1966 Καὶ
1633 1912 1749 1971 πῶς

1863 1917 1960 1957 nec
1988 1905 2228 1972 seipsum
2256 1905 2457 1977 dirigat
2499 1909 2568 1962 ad
2605 1924 2795 1963 eorum
2840 1927 2961 1981 qua:
3002 1916 3270 1982 promissa
3307 1925 3436 1969 sunt

163 2011 242 2071 δέ,
279 2011 312 2081 ἦ
349 2010 402 2060 τί
442 2011 550 2079 χρὴ
576 2011 769 2073 αἰτεῖν,
805 2009 950 2061 εἴποι
985 2024 1070 2070 τις
1095 2007 1196 2072 ἀν;
1226 2005 1401 2058 Αὑτοῦ
1439 2004 1538 2075 τὴν
1575 2007 1749 2071 ἐπαγ-

164 2102 357 2170 γελίαν
401 2100 772 2169 ποιησαμένου
829 2099 1162 2152 ἐπάκουσον.
1205 2099 1418 2150 Αἰτεῖτε
1449 2097 1548 2167 τὴν
1595 2096 1751 2166 βασι-

165 2195 318 2247 λείαν
350 2192 446 2246 τοῦ
484 2191 648 2254 Θεοῦ,
679 2193 775 2245 καὶ
807 2190 904 2260 τὴν
951 2189 1303 2259 δικαιοσύνην
1351 2187 1536 2241 αὑτοῦ.
1583 2187 1752 2251 Δῆλον

164 2282 260 2340 οὖν
294 2285 372 2348 ὡς
409 2286 505 2352 ὅγε
557 2283 730 2346 οὕτως
776 2281 966 2346 αἰτῶν,
1016 2283 1111 2334 καὶ
1144 2283 1275 2349 περὶ
1311 2279 1571 2333 τοιούτων
1621 2295 1755 2348 προ-

169 2379 516 2447 ηγουμένως,
549 2376 671 2428 οὐδέ
698 2375 808 2428 τῶν
831 2376 1009 2429 ἀλλων
1039 2375 1355 2444 ἀστοχήσει,
1391 2364 1466 2425 ῶν
1493 2373 1522 2424 6
1544 2370 1755 2440 λαμϐά-

169 2490 276 2524 νων
303 2472 407 2524 οὐκ
435 2471 543 2537 ἔξω
591 2472 839 2522 πεσεῖται
869 2468 972 2538 τῆς
1013 2465 1210 2520 ἐαυτοῦ
1249 2465 1543 2537 σωτηρίας.
1603 2465 1663 2519 ⁸0
1699 2463 1756 2517 δέ

172 2564 444 2633 ἐπιδλαδῆ
478 2566 574 2617 καὶ
614 2562 884 2632 ἐπιζήμια
921 2560 1118 2644 αἰτῶν,
1153 2561 1252 2630 ούχ
1297 2559 1408 2624 ἐξει
1445 2558 1759 2629 παρέχοντα

171 2659 386 2721 τοῦτον,
423 2657 558 2727 παρ’
599 2653 660 2712 οῦ
698 2659 850 2709 πᾶσα
879 2654 1028 2718 δόσις
1059 2653 1264 2723 ἀγαθή.
1302 2653 1464 2707 Ἀλλὰ
1494 2654 1588 2705 καὶ
1619 2651 1760 2719 γνῶ-

177 2770 264 2804 σιν
297 2752 451 2804 θείαν
485 2751 651 2804 αἰτῶν
679 2751 774 2803 καὶ
805 2749 880 2818 μὴ
898 2747 1222 2818 λαμϐάνων,
1251 2746 1354 2815 ῆτι
1388 2743 1760 2814 πνευματικὸν

175 2845 447 2913 χάρισμα,
484 2842 573 2896 διὰ
606 2842 915 2913 φιληδονίαν
945 2842 1112 2894 αἰτῶν
1156 2841 1214 2893 οὐ
1259 2838 1508 2910 λήψεται.
1559 2834 1762 2897 Κακῶς

177 2938 288 3005 γὰρ
321 2936 468 2987 αἰτεῖ
496 2936 592 2987 καὶ
625 2934 795 2986 κακὸν
821 2933 908 2985 ἐπ’
933 2931 1178 3000 ἀπωλείᾳ
1214 2928 1434 2982 ἑαυτοῦ.
1467 2927 1542 2980 Οὐ
1586 2926 1761 2994 δήπου

176 3029 234 3082 δέ
274 3028 465 3080 κακῶν
509 3025 800 3097 πάροχοςό
832 3025 986 3088 Θεός.
1039 3023 1232 3094 Μοιχοὶ
1292 3024 1385 3076 καὶ
1435 3018 1759 3090 μοιχαλίδες.

187 3141 207 3173 ι
239 3123 355 3175 Ούκ
408 3121 625 3181 οἴδατε,
658 3119 742 3172 ὃτι
785 3121 819 3188 ἡ
859 3118 1010 3187 φιλία
1064 3117 1161 3170 τοῦ
1221 3117 1452 3184 κόσμου.
1491 3133 1509 3165 ι
1543 3111 1764 3182 Ἐπειδὴ

1853 1997 2248 2064 rcceptionem,
2299 1998 2498 2054 deinde
2554 2001 2750 2056 similis
2790 2018 2901 2057 sua:
2941 2005 3262 2061 absurditati
3305 2023 3436 2062 eva-

1852 2088 1965 2153 dat,
1992 2107 2123 2144 num
2152 2093 2420 2162 quispiam
2453 2105 2847 2166 praeceptorem
2869 2101 3066 2155 merito
3092 2094 3437 2159 accusaverit

1854 2185 2160 2239 mendacii?
2189 2179 2310 2241 talis
2349 2197 2498 2243 certe
2526 2205 2635 2244 non
2661 2192 2958 2260 prudenter
2986 2193 3208 2251 faceret.
3250 2197 3439 2268 Neque

1856 2279 2003 2333 enim
2053 2280 2099 2333 is
2132 2280 2225 2359 qui
2269 2281 2615 2352 disciplinam
2665 2296 2992 2356 accepturus
3022 2299 3174 2353 erat,
3207 2293 3441 2346 accessit

1857 2371 2000 2426 sicut
2032 2383 2334 2443 praeceptor
2362 2377 2704 2432 exhortatur.
2740 2377 2954 2435 Diceret
2983 2391 3168 2436 autem
3198 2384 3393 2453 aliquis
3421 2403 3438 2441 ;

1861 2463 1926 2516 Et
1963 2465 2240 2533 quomodo
2283 2476 2378 2520 aut
2419 2468 2549 2536 quid
2591 2479 2779 2539 petere
2814 2478 3064 2541 Oportet?
3098 2475 3278 2544 Ipsum
3314 2477 3442 2532 audi

1859 2555 1951 2624 qui
1981 2557 2403 2626 promissionem
2437 2559 2586 2615 fecit.
2620 2581 2637 2613 ι
2676 2562 2853 2619 Petite
2879 2581 3105 2636 regnum
3150 2567 3243 2623 Dei
3276 2569 3444 2639 etju—

1861 2650 2062 2703 stitiam
2105 2651 2306 2720 ejus“.
2346 2671 2364 2704 ι
2420 2652 2763 2710 Manifestum
2805 2672 2933 2729 ergo
2965 2660 3110 2729 quod
3155 2661 3202 2716 is
3235 2663 3326 2732 qui
3369 2663 3444 2718 ita

1863 2744 1999 2811 petit
2027 2752 2082 2797 et
2108 2745 2456 2813 potissimum
2482 2747 2549 2800 tle
2581 2747 2776 2803 talibus
2806 2767 2820 2804 :
2854 2766 3032 2820 neque
3066 2753 3186 2808 aliis
3213 2753 3444 2809 frustra-

1865 2832 2031 2896 bitur,
2060 2850 2179 2902 quae
2218 2835 2494 2904 accipiens
2542 2855 2652 2893 non
2693 2841 2850 2895 cadet
2885 2851 3037 2897 extra
3063 2859 3126 2899 ea
3164 2860 3283 2914 qua:
3317 2857 3448 2902 sunt

1866 2939 1980 2978 sua:
2033 2927 2247 3009 salutis.
2297 2926 2399 2992 Qui
2449 2945 2580 2985 vero
2621 2931 2815 2987 nociva
2866 2948 2930 2988 ac
2971 2935 3232 2991 damnosa
3287 2939 3444 3008 petit,

1868 3019 2011 3073 hunc
2038 3034 2145 3072 non
2171 3019 2390 3075 habebit
2419 3037 2482 3075 ea
2515 3023 2844 3078 tribuentem
2868 3041 2898 3079 a
2927 3043 3036 3096 quo
3067 3030 3247 3083 omnis
3275 3031 3448 3086 dona-

1868 3111 1943 3164 tio
1979 3112 2141 3166 bona.
2190 3112 2296 3167 Sed
2331 3116 2492 3168 etiam
2544 3116 2783 3172 divinam
2817 3129 3010 3189 petens
3049 3123 3324 3190 notitiam,
3353 3137 3449 3181 aut

179 3214 442 3284 ἀνωτέρω
495 3211 690 3282 μικρὸν
739 3208 988 3280 διήλεγξέ
1038 3215 1192 3272 τινας
1249 3204 1758 3301 ψευδοσόφουςπὴν

1871 3202 2153 3270 spirituale
2201 3203 2424 3272 aliquod
2475 3205 2678 3260 donum
2713 3223 2744 3261 a
2786 3211 3062 3277 voluptate
3117 3223 3290 3284 petes,
3337 3232 3448 3271 non

180 3305 334 3358 θείαν
375 3303 888 3372 καταπορνεύοντας
935 3302 1184 3374 Γραφὴν,
1220 3302 1315 3354 καὶ
1363 3296 1762 3366 ἐνδιαστρόφως

180 3395 316 3465 αὐτῇ
349 3393 669 3463 χρωμένους
699 3391 837 3462 πρὸς
873 3390 935 3443 τὸ
969 3391 1180 3444 ἐαυτῶν
1205 3387 1474 3458 βούλημα,
1507 3385 1594 3437 ἵνα
1631 3382 1765 3452 ἔχω-

185 3505 266 3540 σιν
300 3490 366 3539 ἐκ
416 3486 608 3539 τούτου
664 3485 878 3551 ἐφόδιον
906 3483 1008 3554 τῆς
1058 3481 1268 3535 ἑαυτῶν
1300 3479 1552 3549 ἐνηδόνου
1596 3475 1762 3545 ζωῆς,

183 3580 339 3634 τοῦτο
375 3581 430 3632 δέ
458 3581 558 3632 οὐκ
583 3579 804 3632 ἄλλοθέν
832 3576 999 3630 ποθεν
1027 3577 1060 3647 ἢ
1085 3575 1144 3640 ἐξ
1165 3575 1483 3640 ἀλαζονείας
1508 3571 1764 3624 συνίστα-

184 3691 269 3725 ται
304 3674 404 3725 καὶ
439 3671 946 3740 ὑπερηφανίας,δώ
966 3668 1124 3722 τοῦτο
1161 3667 1255 3721 νῦν
1287 3668 1383 3720 καὶ
1415 3662 1768 3734 ἐμϐριθέστε-

189 3782 274 3833 ρον
301 3764 545 3833 πρόεισι,
580 3764 675 3815 καὶ
703 3759 1136 3829 ἀλλοτριώτερον
1164 3759 1262 3827 τῆς
1291 3754 1486 3810 ἐαυτοῦ
1520 3752 1764 3824 πρᾳότη-

186 3874 269 3919 τος
304 3856 578 3924 κέχρηται
611 3856 723 3916 τοῖς
761 3853 1134 3914 όνειδιστικοῖς
1168 3851 1366 3918 λόγοις,
1413 3849 1634 3918 μοιχοὺς
1672 3847 1768 3899 καὶ

191 3947 502 4017 μοιχαλίδας
530 3944 826 3997 ἀποκαλῶν
852 3945 978 4006 τοὺς
999 3940 1297 4004 τοιούτους,
1317 3941 1412 3994 καὶ
1437 3938 1767 4006 ἐλεγκτικῶς

191 4038 595 4108 καταισχύνων,
617 4035 883 4097 τοιούτοις
919 4035 1104 4104 σχεδὸν
1134 4031 1472 4103 κεχρημένος
1501 4031 1764 4098 ἐλέγχοις.

191 4129 319 4182 Εἰπέ
364 4145 481 4198 μοι,
519 4127 736 4194 μάταιε·
770 4123 932 4190 σοφὸν
974 4123 1167 4176 ἐαυτὸν
1195 4122 1520 4188 ἀποφαίνειν
1549 4118 1764 4188 βούλει;

194 4221 286 4273 καὶ
320 4219 492 4274 πόθεν
515 4219 643 4288 ύμῖν
673 4218 732 4270 τὸ
768 4218 883 4287 μετ’
913 4215 1086 4286 ἔριδος
1115 4216 1210 4268 καὶ
1231 4213 1494 4284 διηνεκῶς
1526 4211 1767 4280 πολέμου

192 4315 283 4383 ζῇν
313 4354 328 4375 ,
376 4314 476 4366 καὶ
513 4312 571 4364 τδ
604 4312 692 4363 ἀεὶ
718 4309 1172 4380 προσπεφυκέναι
1202 4311 1314 4370 τοῖς
1357 4305 1629 4378 παροῦσι;
1663 4304 1770 4356 Καὶ

191 4407 245 4458 τὸ
290 4407 390 4474 ἡδὺ
461 4402 560 4457 τοῦ
613 4405 881 4474 παρόντος
952 4403 1069 4472 βίου
1135 4400 1498 4470 μεταδιώκειν
1563 4399 1772 4468 ἀμετα·

195 4499 452 4566 στρεπτί;
505 4497 620 4548 Οὑκ
647 4495 762 4547 ἐστι
791 4494 950 4546 τοῦτο
984 4491 1185 4562 σοφῶν,
1223 4492 1359 4544 ἀλλά
1403 4490 1638 4559 χυδαίων
1673 4490 1771 4541 ἀν-

1870 3292 2102 3360 accipiet
2142 3309 2155 3346 :
2192 3293 2328 3346 male
2377 3292 2522 3348 enim
2569 3295 2726 3364 petit,
2774 3305 2829 3350 et
2879 3299 3078 3352 malum
3123 3311 3206 3354 est
3252 3302 3320 3356 ad
3364 3305 3449 3356 sui

1869 3382 2231 3451 perditionem
2261 3399 2276 3440 :
2306 3397 2468 3453 porro
2505 3384 2647 3439 Deus
2677 3399 3019 3455 nequaquam
3064 3389 3254 3444 tribuit
3285 3392 3446 3445 mala.

1875 3492 1894 3526 ι
1961 3474 2208 3530 Adulteri
2270 3487 2326 3531 et
2387 3476 2666 3533 adulterae.
2726 3479 2960 3536 Nescitis
3009 3484 3154 3552 quod
3211 3486 3449 3541 amicitia

1870 3569 2080 3623 mundi.
2109 3587 2127 3620 ι
2157 3569 2423 3634 Quoniam
2452 3571 2638 3640 paucis
2670 3572 3097 3642 reprehenderat
3123 3576 3176 3629 in
3204 3579 3451 3648 superio-

1869 3663 2019 3717 ribus
2048 3663 2311 3731 quosdam
2342 3662 2507 3718 falsos
2532 3665 2934 3736 sapicntes,qui
2959 3669 3201 3724 divinam
3225 3680 3450 3726 constu-

1870 3759 2097 3822 prarent
2121 3752 2456 3822 Scripturam
2485 3764 2541 3809 ct
2569 3770 2830 3824 perverso
2859 3759 3052 3814 ordine
3083 3761 3199 3831 ipsa
3226 3773 3451 3818 uteren-

1870 3853 1960 3897 tur
2017 3845 2084 3898 ad
2142 3861 2296 3900 suam
2356 3849 2736 3914 voluntatem,
2796 3860 2856 3905 ut
2907 3851 3032 3907 hinc
3087 3857 3450 3924 patrocinium

1872 3936 2138 3992 haberent
2163 3955 2273 3992 sua-
2297 3940 2636 4008 voluptuosa:
2663 3944 2819 3998 vitae:
2854 3945 2958 3999 hoc
2981 3956 3162 4000 autem
3199 3964 3264 4003 ex
3302 3951 3453 4004 nullo

1872 4030 1977 4084 alio
2009 4031 2184 4084 oritur
2213 4047 2373 4100 quam
2409 4048 2476 4086 ex
2520 4035 2830 4104 arrogantia
2871 4035 3121 4107 fastuque
3157 4042 3452 4110 superbire,

1877 4132 2165 4192 propterea
2190 4137 2408 4191 quoque
2433 4139 2580 4178 nunc
2597 4125 2815 4194 gravius
2839 4130 3087 4195 procedit
3108 4140 3160 4184 et
3176 4132 3455 4195 probrosis

1879 4218 2051 4272 utitur
2074 4217 2274 4280 verbis,
2300 4232 2328 4270 a
2359 4232 2456 4269 sua
2485 4217 2705 4272 levitate
2740 4223 2977 4274 maxime
3007 4221 3222 4286 alienis,
3251 4237 3455 4279 vocans

1877 4310 2010 4361 tales
2054 4307 2333 4361 adulteros
2388 4317 2442 4361 et
2485 4308 2780 4375 adulteras,
2815 4323 2869 4367 et
2915 4317 3195 4385 arguendo
3229 4319 3458 4387 pudefa-

1873 4400 2044 4462 ciens,
2069 4413 2132 4452 ac
2159 4399 2354 4452 talibus
2377 4400 2771 4468 propemodum
2795 4411 2956 4458 utens
2977 4409 3416 4464 accusationibus
3440 4428 3451 4464 :

1878 4491 1974 4544 Dic
2007 4490 2161 4554 mihi,
2194 4505 2333 4543 vane
2368 4507 2381 4544 :
2418 4492 2721 4560 sapientem
2769 4493 3002 4563 teipsum
3046 4499 3304 4554 exhibere
3339 4502 3454 4556 vis?

193 4591 345 4659 δρῶν,
381 4591 479 4641 καὶ
541 4587 675 4657 πρὸς
705 4586 802 4655 τὴν
833 4586 1016 4654 φιλίαν
1067 4583 1160 4637 τοῦ
1205 4583 1412 4652 κόσμου
1442 4580 1758 4634 ἀποκλινάν-

1877 4593 1932 4637 et
1961 4583 2106 4636 unde
2141 4582 2295 4636 vobis
2329 4583 2476 4652 quod
2511 4598 2635 4638 cum
2671 4587 3027 4642 contentione
3053 4599 3108 4643 et
3143 4592 3285 4646 bello
3319 4609 3453 4648 con-

193 4701 309 4736 των.
351 4687 419 4735 ὐ
453 4684 547 4734 καὶ
597 4681 819 4752 μοιχοὺς
851 4680 996 4746 ὑμᾶς
1035 4677 1279 4730 δείκνυσι
1314 4675 1408 4728 τοῦ
1443 4673 1770 4727 ἐναποθέτου

195 4781 280 4830 καὶ
304 4777 453 4828 θείου
482 4777 578 4827 καὶ
612 4774 886 4844 σώφρονος
918 4771 1170 4833 κάλλους,
1204 4771 1263 4822 τὸ
1295 4770 1544 4837 θυμῶδες
1578 4785 1768 4835 προτι-

200 4872 407 4938 μῶντας
451 4869 548 4920 καὶ
583 4867 812 4936 βέϐηλον
846 4868 942 4919 καὶ
972 4865 1223 4935 αἰσχρὸν,
1267 4865 1359 4916 καὶ
1400 4866 1466 4933 τῇ
1509 4865 1645 4932 πρὸς
1682 4863 1772 4916 τὸν

198 4965 430 5032 παρόντα
464 4958 821 5030 προσπαθείᾳ
845 4956 944 5026 τὴν
968 4957 1106 5025 πρὸς
1141 4954 1275 5007 Θεὸν
1303 4954 1506 5025 ἔχθραν
1542 4955 1770 5005 ἐπαναι-

202 5054 511 5122 ρουμὲνους.
545 5052 616 5102 Ἥ
667 5051 768 5101 οῦκ
798 5049 972 5100 οἴδατε
1006 5048 1088 5099 ὅτι
1139 5050 1172 5117 ἡ
1224 5047 1316 5100 τοῦ
1359 5049 1564 5116 κόσμου
1619 5045 1770 5112 φιλία

204 5146 471 5214 ἀλλοτριοῖ
516 5143 615 5212 τῆς
675 5140 827 5203 θείας
871 5139 1141 5209 φιλίας,ἢ
1197 5139 1426 5209 ἐχθροὺς
1477 5135 1771 5206 ἀποφαίνει

197 5238 356 5299 Θεοῦς
391 5237 614 5304 Κόσμον
642 5233 880 5286 ἐνταῦθα
907 5235 1088 5285 πᾶσαν
1119 5232 1217 5300 τὴν
1250 5231 1442 5300 ύλικὴν
1465 5231 1610 5300 ζωὴν
1637 5231 1772 5282 ἀπο-

200 5330 391 5392 καλῶν,
428 5327 506 5388 ὡς
565 5324 779 5394 μητέρα
838 5323 935 5392 τῆς
984 5321 1213 5391 φθορᾶς.
1245 5316 1354 5384 τΗς
1402 5321 1430 5372 6
1481 5321 1772 5390 μετασχεῖν

203 5422 460 5482 σπεύδων,
496 5415 692 5486 ἐχθρὸς
720 5414 933 5482 γίνεται
962 5412 1058 5466 τοῦ
1087 5413 1242 5465 Θεοῦ.
1271 5414 1370 5466 Διά
1397 5412 1500 5481 γὰρ
1527 5414 1625 5482 τὴν
1644 5413 1773 5482 περὶ

203 5512 267 5564 τὰ
295 5509 549 5578 ἀνωφελῆ
581 5507 837 5575 σπουδὴν,
875 5505 1157 5575 ὀλιγώρως
1192 5505 1306 5573 ἔχει
1337 5505 1445 5557 τῶν
1491 5506 1652 5558 θείων
1682 5509 1774 5560 καὶ

206 5600 603 5672 ὑπεροπτικῶς.
654 5599 712 5651 Ὀ
749 5597 884 5668 πρὸς
917 5597 1114 5668 μόνους
1132 5597 1259 5659 τοὺς
1288 5598 1652 5668 μισουμένους
1681 5600 1778 5653 καὶ

208 5693 422 5764 ἐχθροὺς
456 5679 621 5763 ἡμῶν
655 5690 961 5761 πάσχομεν.
1001 5689 1106 5745 Δύο
1130 5687 1422 5760 τοιγαροῦν
1462 5689 1632 5743 ὄντων
1664 5690 1773 5744 τῶν

281 5873 322 5903 δ’
359 5870 552 5927 Matth.
596 5887 674 5937 vl,
696 5870 766 5925 35

1877 4671 2030 4725 tinue
2073 4671 2272 4726 vivatis
2295 4713 2308 4736 ,
2343 4671 2510 4743 468
2538 4689 2862 4745 semperque
2889 4677 3028 4732 affixi
3064 4681 3181 4735 sitis
3209 4699 3453 4751 praesen-

1877 4762 2043 4822 tibus,
2077 4777 2139 4815 ac
2175 4763 2461 4830 praesentis
2499 4765 2624 4819 vitae
2658 4766 3058 4834 jucunditatem
3089 4781 3244 4828 certo
3270 4776 3454 4832 animo

1874 4854 2323 4924 prosequamini?
2350 4854 2400 4908 id
2428 4871 2538 4909 non
2563 4863 2648 4912 est
2674 4860 3002 4928 sapientium
3032 4864 3127 4918 sed
3153 4866 3455 4938 vulgarium

1874 4947 2143 5012 virorum,
2178 4956 2234 5001 et
2266 4947 2359 5017 qui
2403 4948 2470 5002 ad
2511 4949 2699 5004 mundi
2747 4951 3042 5008 amicitiam
3087 4956 3454 5024 declinarunt,

1876 5045 1931 5091 ct
1963 5051 2061 5090 vos
2106 5037 2347 5091 ostendit
2394 5038 2671 5094 adulteros
2715 5041 2806 5109 qui
2846 5043 3142 5099 recondita:
3172 5055 3226 5100 et
3259 5048 3457 5104 divina:

1875 5145 1938 5184 ac
1978 5130 2225 5184 honestat
2271 5129 2663 5198 pulchritudini
2720 5134 2998 5203 vulgarem
3063 5147 3118 5190 et
3169 5139 3456 5207 profanam

1877 5232 2203 5292 turpemque
2250 5223 2576 5292 praferatis,
2627 5234 2682 5280 et
2725 5226 3069 5284 inimicitiam
3109 5247 3237 5302 erga
3286 5233 3456 5289 Deum

1877 5317 2075 5386 geratis
2101 5315 2170 5369 ob
2209 5315 2464 5371 affectum
2503 5317 2569 5372 ad
2602 5321 2912 5387 praesentia.
2945 5324 3026 5376 An
3059 5325 3284 5379 nescitis
3312 5328 3459 5396 quod

1877 5406 2064 5461 mundi
2110 5407 2351 5461 amicitia
2385 5408 2591 5463 alienat
2644 5425 2676 5464 a
2721 5410 2904 5465 divina
2944 5415 3206 5478 amicitia,
3236 5425 3329 5470 aut
3362 5415 3459 5472 Dei

1878 5498 2054 5553 reddit
2086 5498 2378 5554 inimicos?
2420 5501 2686 5554 mundum
2728 5500 2833 5556 hoc
2869 5502 2991 5558 loco
3017 5505 3310 5561 nominans
3338 5523 3455 5562 om.

1878 5609 2000 5647 nem
2041 5594 2381 5647 materialem
2432 5608 2783 5664 crassamque
2831 5596 3018 5661 vitam,
3049 5606 3312 5669 tanquam
3344 5616 3461 5655 ma-

1883 5697 2019 5742 trem
2049 5684 2438 5755 corruptionis,
2469 5686 2626 5755 cujus
2668 5686 2716 5743 is
2758 5688 2853 5757 qui
2899 5689 3173 5763 particeps
3203 5706 3325 5748 esse
3365 5707 3465 5750 co-
