4178 6454
760 416 869 480 495

1781 413 2190 474 (ECUMENII
2235 414 2529 474 TRICCnE
2578 415 2944 474 EPISCOPI.

3914 416 4018 478 4'36

751 542 933 596 natur,
963 529 1053 584 Dei
1081 528 1337 585 inimicus
1377 526 1630 583 eﬂlcilur.
1662 526 1794 582 Nam
1836 539 2059 599 propter
2088 529 2325 590 studium

2439 534 2566 599 περὶ
2597 530 2630 583 ἃ
2659 530 2982 584 σπεύδουσιν
3025 530 3326 599 ἄνθρωποι,
3363 530 3499 584 Θεοῦ
3533 531 3628 585 καὶ
3668 531 3897 600 κόσμου,
3928 534 4022 585 καὶ

749 622 895 676 circa
927 620 1164 683 inutilia,
1201 617 1541 689 negligenter
1566 634 1628 673 ac
1667 620 1947 675 fastidiose
1972 636 2029 674 se
2061 621 2229 675 habet
2269 622 2334 675 ad

747 714 955 774 divina,
1004 713 1148 782 quod
1191 712 1336 766 circa
1379 711 1527 768 solos
1557 712 1679 767 illos
1710 713 1867 766 nobis
1899 713 2171 783 contingit
2198 728 2335 782 quos

746 807 874 861 odio
905 805 1173 858 habemus
1219 804 1506 874 nostrique
1549 814 1679 859 sunt
1719 803 1951 857 inimici.
1985 801 2121 858 Cum
2153 805 2334 872 itaque

746 903 856 957 duo
893 901 1000 954 sint
1032 900 1180 952 circa
1219 914 1339 967 quae
1389 899 1612 952 student
1645 897 1915 960 homines,
1950 911 2150 964 nempe
2192 895 2333 950 Deus

746 1008 808 1046 ac
859 989 1118 1054 mundus,
1153 1000 1206 1044 et
1265 991 1407 1043 circa
1455 999 1748 1058 utrumque
1798 989 1994 1042 horum
2043 997 2332 1041 versentur

745 1085 875 1148 duo,
926 1085 1169 1138 amicitia
1225 1094 1280 1138 et
1327 1084 1509 1136 odium
1565 1099 1577 1137 :
1627 1083 1772 1136 circa
1819 1079 2330 1136 utrumvis-horum

743 1177 975 1234 studiosi
1009 1191 1130 1229 esse
1176 1174 1676 1243 deprehendamur,
1715 1173 1944 1226 alterum
1976 1173 2197 1240 penitus
2235 1187 2332 1225 nc-

743 1269 946 1339 gligere
980 1268 1249 1320 videmur.
1291 1265 1546 1319 Studium
1588 1275 1769 1319 autem
1824 1265 1963 1333 parit
2006 1264 2325 1326 amicitiam,

741 1359 1068 1430 negligentia
1104 1373 1239 1412 vero
1287 1359 1492 1411 odium.
1531 1357 1634 1422 Qui
1663 1373 1791 1426 ergo
1830 1356 2028 1409 divinis
2061 1356 2324 1418 adhmret,

741 1454 834 1507 Dei
872 1452 1086 1504 amicus
1130 1460 1234 1514 cst,
1265 1461 1320 1504 et
1366 1451 1566 1503 dicitur
1598 1468 1609 1502 :
1639 1449 1742 1513 Qui
1779 1464 1906 1501 vero
1942 1448 2112 1501 Deum
2157 1448 2328 1518 negli-

742 1547 836 1614 git,
873 1555 923 1598 et
967 1545 1053 1598 his
1083 1560 1205 1614 qua:
1237 1545 1423 1597 mundi
1463 1550 1588 1595 sunt
1627 1542 1888 1595 tenaciter
1917 1542 2196 1595 adhaerere
2228 1541 2328 1593 de-

739 1636 1124 1706 prehenditur,
1179 1636 1267 1689 hic
1310 1635 1453 1688 inter
1494 1649 1588 1688 eos
1628 1643 1912 1702 reputetur
1959 1633 2050 1702 qui
2095 1633 2327 1685 maxime

737 1737 866 1782 sunt
891 1727 982 1781 Dei
1017 1725 1525 1790 inimici.Quoniam
1557 1740 1688 1779 vero
1718 1725 1834 1778 haec
1858 1735 1914 1778 et
1945 1740 2107 1778 omne
2138 1723 2330 1791 huius-

2439 620 2562 672 καθ’
2592 622 2856 686 ἑκάτερον
2885 621 3091 675 τούτων
3123 622 3216 675 δύο
3253 623 3659 693 στρεφομένων,
3700 623 3887 691 φιλίας
3929 624 4021 675 καὶ

2441 711 2653 780 μίσους,
2679 731 2743 764 πε
2755 713 2807 782 pi.
2830 714 3089 783 ὁπότερον
3117 715 3322 768 τούτων
3349 715 3741 777 σπουδάζοντες
3763 715 4022 784 ληφθείη-

2441 821 2562 873 μεν,
2590 807 2809 868 πάντως
2839 807 2934 860 τοῦ
2959 807 3148 876 ἑτέρου
3179 806 3533 876 ἀφειδοῦντες
3562 807 3838 878 ὀρώμεθα.
3874 809 4023 860 Usta!

2435 896 2512 961 δὲ,
2547 900 2579 968 ἠ
2617 898 2717 967 μὲν
2755 900 2960 968 σπουδὴ
2998 899 3205 966 φιλίαν,
3236 901 3268 969 ἡ
3319 900 3375 951 δὲ
3421 899 3705 968 ὀλιγωρία,
3744 902 3922 968 μῖσος,
3966 899 4021 960 ὃς

2434 989 2528 1042 οῦν
2560 990 2664 1041 τῶν
2697 990 2857 1052 θείων
2901 992 3244 1061 ἀντίσχηται,
3273 991 3445 1058 ¹φίλος
3475 991 3612 1044 Θεοῦ
3647 993 3743 1043 καὶ
3781 993 3898 1044 ἔστι
3930 993 4022 1044 καὶ

2434 1081 2673 1149 λέγεται.
2711 1083 2900 1145 Ὅστις
2933 1083 2988 1134 δὲ
3018 1083 3153 1135 Θεοῦ
3205 1087 3306 1153 μὲν
3344 1084 3765 1153 κατολιγωροίη,
3799 1085 3910 1136 τῶν
3965 1085 4019 1136 δὲ

2434 1175 2528 1225 τοῦ
2577 1176 2784 1244 κόσμου
2815 1177 2984 1245 ἀπρὶξ
3008 1177 3329 1247 ἐξεχόμενος
3361 1178 3610 1248 φωρῷτο,
3643 1173 3800 1239 οὗτος
3823 1181 3882 1231 ὲν
3913 1180 4021 1240 τοῖς

2444 1263 2676 1334 μάλιστα
2705 1265 2914 1335 ἐχθροῖς
2939 1267 3361 1337 καταλογισθείη
3391 1269 3549 1321 θεοῦ.
3582 1269 3733 1320 Ἐπεὶ
3764 1269 3822 1321 δὲ
3850 1268 4020 1322 ταῦτα

2438 1359 2533 1409 καὶ
2565 1359 2672 1410 πᾶν
2721 1358 2782 1409 τὸ
2815 1357 2924 1409 τῶν
2970 1358 3228 1411 τοιούτων
3259 1361 3427 1411 κακον
3462 1360 3521 1424 ἐξ
3561 1359 3886 1422 ἀλαζονείας
3929 1364 4021 1413 καὶ

2439 1450 2825 1518 ὑπερηφανίας
2865 1450 2973 1501 τῶν
3017 1450 3368 1520 ψευδοσόφων
3421 1453 3635 1520 ἑδείιθη
3678 1453 4020 1505 διδασκάλων

2440 1539 2731 1608 φυόμενον,
2780 1540 3020 1610 δευτέρῳ
3054 1542 3215 1593 πάλιν
3244 1543 3450 1612 ἐλέγχῳ
3489 1546 3775 1612 κέχρηται,
3827 1545 4024 1613 ἀνανῆ-

2436 1629 2533 1698 ψαι
2558 1630 2876 1698 βουλόμενος
2906 1633 3003 1698 τῆς
3058 1633 3230 1703 μέθης
3265 1635 3461 1697 αὐτοὺς
3493 1636 3600 1689 τῶν
3632 1636 3894 1688 τοιούτων
3932 1639 4023 1689 καὶ

2436 1722 2530 1774 τοῦ
2558 1722 2726 1790 κάρον
2758 1725 3089 1790 ἀπαλλάξαι,
3124 1728 3216 1778 καί
3246 1745 3410 1797 φησιν
3435 1744 3448 1758 ·

736 1823 878 1877 modi
917 1822 1116 1876 malum
1160 1836 1224 1874 ex
1262 1820 1404 1874 fastu
1441 1829 1495 1873 et
1533 1821 1785 1889 superbia
1823 1819 1958 1872 falso
1993 1817 2322 1886 sapientium
2364 1827 2757 1885 praeceptorum
2792 1828 2972 1872 ortum
3018 1821 3276 1876 habuisse
3323 1833 3605 1878 ostensum
3673 1837 3778 1889 cst,
3849 1827 4022 1882 altero

737 1931 956 1971 rursum
998 1923 1323 1983 argumento
1358 1928 1488 1965 usus
1528 1921 1630 1975 est,
1661 1913 1808 1979 ipsos
1844 1925 1872 1963 a
1911 1912 2094 1963 talium
2134 1907 2401 1964 ebrietate
2426 1909 2750 1978 resipiscere
2782 1911 2970 1965 volens
3000 1922 3053 1965 et
3085 1930 3112 1965 a
3151 1916 3370 1981 crapula
3398 1916 3648 1982 liberare,
3675 1931 3726 1972 et
3753 1921 3872 1974 ait:

807 2009 898 2073 ιν,
934 2008 986 2073 5,
1019 2011 1072 2061 ti.
1100 2009 1177 2060 An
1214 2007 1411 2075 putatis
1440 2004 1576 2073 quod
1611 2006 1840 2057 inaniter
1872 2005 2151 2072 Scriptura
2180 2002 2323 2054 dicat
2359 2009 2399 2062 Β

736 2103 805 2154 ad
839 2099 1130 2152 invidiam?
1161 2097 1494 2165 Concupiscit
1526 2097 1742 2166 spiritus
1781 2097 1869 2166 qui
1899 2097 2102 2149 habitat
2144 2096 2199 2147 in
2233 2111 2323 2147 vo-

735 2194 814 2245 bis
846 2208 861 2244 :
895 2191 1157 2259 majorem
1190 2199 1364 2240 autem
1391 2189 1481 2240 dat
1509 2187 1774 2256 gratiam?

808 2285 940 2338 Tale
974 2284 1253 2352 quidpiam
1302 2297 1398 2350 per
1447 2280 1565 2334 haec
1597 2281 1884 2350 significat.
1919 2297 2016 2350 per
2051 2281 2324 2336 defectum

738 2388 899 2431 utens
943 2391 1233 2438 Sermone,
1283 2383 1337 2428 ct
1385 2389 1602 2426 rursum
1663 2389 1758 2442 per
1812 2390 1973 2427 usum
2027 2375 2323 2430 abbreviali

737 2469 910 2523 verbi.
953 2468 1042 2522 Ait
1089 2481 1261 2536 ergo:
1303 2464 1415 2536 Ego
1467 2466 1685 2533 quidem
1724 2465 1963 2535 propriis
2013 2468 2192 2520 verbis
2239 2482 2328 2520 re-

737 2558 1006 2630 prehendi
1069 2573 1165 2610 vos
1223 2557 1366 2611 circa
1427 2566 1634 2610 rectum
1690 2564 1745 2609 et
1788 2555 2324 2625 irreprchensibilem

737 2659 899 2705 usu'm
933 2649 1217 2720 sapientia:
1250 2659 1465 2709 vestrae.
1501 2664 1569 2702 ne
1604 2663 1670 2702 ex
1698 2649 2004 2718 arrogantia
2039 2651 2325 2705 abutentes

739 2742 875 2810 ipsa,
912 2740 1233 2794 adulteretis
1280 2753 1343 2792 ac
1385 2739 1571 2791 dolose
1621 2739 1864 2791 tractetis
1905 2740 2166 2794 doctrinm
2209 2757 2325 2795 ser-

739 2845 921 2884 mone.
944 2830 1146 2894 Quodsi
1178 2839 1232 2882 et
1271 2845 1300 2882 a
1326 2826 1605 2897 Scriptura
1633 2827 1734 2881 hoc
1757 2829 2328 2902 expetitis,569au-

737 2922 869 2976 dite.
930 2921 1061 2973 Nam
1114 2921 1227 2972 haec
1272 2920 1450 2974 dicit:
1493 2937 1510 2968 ι
1578 2918 1841 2973 Dominus
1886 2922 2138 2989 superbis
2187 2922 2321 2975 resi-

737 3015 910 3069 stit“.
953 3032 971 3062 ι
1006 3012 1189 3080 Itaque
1217 3028 1324 3065 non
1357 3013 1593 3065 absurde
1634 3013 1904 3074 dicebam,
1939 3014 2324 3081 procedentem

737 3123 801 3161 ex
854 3104 1111 3174 superbia
1147 3113 1522 3174 contemptum
1559 3107 1871 3160 divinorum
1915 3107 2229 3171 dogmatum
2271 3115 2327 3161 et

736 3213 995 3268 magnum
1052 3212 1179 3266 erga
1232 3198 1494 3252 mundum
1546 3200 1814 3264 studium,
1869 3199 2211 3253 inimicitiam
2258 3201 2324 3254 ad

739 3295 912 3348 Deum
955 3294 1313 3348 constituere.
1367 3292 1422 3348 Si
1473 3295 1618 3348 enim
1665 3296 1915 3365 superbis
1960 3295 2184 3358 resistit,
2219 3296 2323 3349 ini-

2505 2000 2571 2055 Ἢ
2608 2002 2838 2056 δοκεῖτε
2873 2004 2960 2057 ὅτι
2990 2004 3173 2069 κενῶς
3205 2008 3242 2072 ἡ
3267 2007 3475 2074 I‘pagi‘z
3506 2010 3667 2076 λέγει
3699 2012 3851 2076 πρὸς
3880 2015 4022 2079 ςθόο

2429 2094 2907 2156 νον;“Επιποθεῖ
2924 2095 2986 2146 τὸ
3020 2097 3275 2160 πνεῦμα,
3306 2096 3335 2148 ὂ
3365 2096 3717 2164 κατῴκησεν
3746 2099 3812 2151 ἐν
3846 2099 4016 2166 ἡμῖν,

2424 2185 2665 2254 μείζονα
2697 2187 2764 2237 δὲ
2793 2186 3001 2239 δίδωσι
3039 2188 3217 2255 χάριν
3245 2205 3260 2249 ;

2501 2277 2727 2330 Τοιοῦτό
2778 2296 2831 2331 τι
2885 2279 2972 2331 διὰ
3002 2280 3207 2332 τούτων
3250 2281 3419 2349 δηλοῖ,
3475 2281 3832 2345 ὲλλειπτικῶς
3872 2283 4020 2351 χρώ-

2432 2388 2592 2441 μενος
2620 2370 2698 2440 τῷ
2743 2371 2908 2439 λόγῳ,
2959 2373 3052 2424 καὶ
3089 2372 3273 2435 πάλιν,
3318 2373 3405 2423 διὰ
3436 2373 3531 2440 τὴν
3576 2373 3669 2424 τοῦ
3717 2386 4020 2439 σιντετμη-

2432 2464 2596 2532 μένου
2666 2463 2828 2530 λόγου
2875 2464 3089 2533 χρῆσιν.
3128 2466 3296 2532 Φησὶν
3354 2463 3446 2516 οὖν
3477 2481 3490 2494 ·
3534 2464 3677 2532 Ἐγὼ
3727 2466 3822 2532 μὲν
3872 2467 4019 2532 ὑμᾶς

2428 2557 2540 2617 τοῖς
2570 2555 2793 2616 οἰκείοις
2828 2557 3102 2624 ἐπέστησα
3125 2557 3304 2622 λόγοις
3342 2557 3470 2625 περὶ
3503 2556 3563 2607 τὸ
3600 2558 3726 2608 εῦεὺ
3753 2557 3848 2608 καὶ
3879 2557 4022 2607 ἀκα-

2426 2648 2741 2713 τάγνωστον
2772 2648 2870 2714 τῆς
2918 2649 3170 2717 χρήσεως
3227 2648 3324 2715 τῆς
3364 2647 3557 2714 σοφίας
3592 2648 3768 2714 ὑμῶν,
3820 2647 3900 2709 ὡς
3955 2646 4021 2698 ἂν

2432 2739 2507 2807 μὴ
2543 2738 2600 2801 ἐξ
2655 2739 3032 2808 ὑπερηφανίας
3068 2739 3499 2807 παραχρώμενοι
3544 2738 3714 2806 ταύτῃ
3759 2739 4022 2808 νοθεύητε

2430 2832 2525 2884 καὶ
2553 2830 2754 2882 δολοῖτε
2804 2829 2895 2882 τὸν
2945 2829 3042 2898 τῆς
3075 2829 3425 2892 διδασκαλίας
3481 2829 3658 2895 λόγον.
3713 2830 3774 2880 El
3819 2830 3876 2881 δὲ
3924 2830 4025 2881 καὶ

2428 2925 2536 2976 ἀπὸ
2571 2925 2668 2994 τῆς
2704 2923 2928 2992 Γραφῆς
2961 2922 3123 2975 τοῦτο
3164 2923 3401 2994 ζητεῖτε,
3437 2923 3685 2975 ἀκούετε.
3722 2922 3872 2991 Αῦτη
3906 2926 4021 2992 γάρ

2429 3034 2561 3085 φησι
2584 3033 2596 3047 ⁸
2645 3035 2662 3066 ι
2694 3018 2900 3085 Κύριος
2938 3017 3312 3087 ὑπερηφάνοις
3367 3016 3772 3066 ἀντιτάσσεται.
3803 3033 3820 3065 ι
3854 3016 4024 3066 Ὥστε

2427 3108 2528 3160 οὐκ
2557 3108 2817 3167 ἀσκόπως
2868 3107 3024 3176 ἔφην,
3067 3110 3164 3176 τὴν
3204 3105 3263 3169 ἐξ
3319 3106 3696 3174 ὑπερηφανίας
3743 3107 4027 3173 καταφρό-

2427 3214 2584 3266 νησιν
2623 3199 2720 3266 μὲν
2753 3196 2862 3249 τῶν
2911 3197 3005 3249 τοῦ
3055 3197 3261 3266 Κυρίου
3293 3196 3606 3263 δογμάτων,
3639 3198 4026 3249 κατάσπευσιν

2427 3289 2482 3341 δὲ
2517 3289 2650 3358 πρὸς
2685 3289 2777 3342 τὸν
2830 3289 3063 3358 κόσμον,
3112 3288 3314 3358 ἔχθραν
3345 3290 3594 3357 ἐμποιεῖν
3627 3289 3704 3348 εἰς
3749 3287 3908 3340 Θεὸν.
3962 3288 4025 3340 Ei

739 3384 895 3439 micis
943 3392 1125 3436 autem
1173 3381 1429 3437 resistere
1480 3385 1740 3449 solemus,
1785 3385 1972 3454 utique
2016 3386 2178 3439 etiam
2232 3401 2323 3440 su-

2431 3380 2540 3449 γὰρ
2564 3386 2676 3444 τοῖς
2714 3383 3088 3450 ὑπερηφάνοις
3122 3382 3533 3441 ἀντιτάσσεται,
3571 3380 3784 3448 ἐχθροῖς
3815 3380 3870 3430 δὲ
3893 3379 4026 3431 είω-

738 3474 889 3544 perbi
955 3474 1096 3527 inter
1171 3472 1424 3528 inimicos
1478 3477 1862 3530 connumerari
1920 3478 2142 3531 debent.
2206 3478 2324 3531 Non

736 3565 881 3619 enim
925 3564 1164 3617 inaniter
1193 3572 1287 3617 aut
1326 3580 1484 3629 vane,
1517 3568 1603 3620 vel
1630 3567 1696 3621 ad
1730 3568 2012 3634 invidiam,
2044 3569 2325 3640 Scriptura

738 3653 976 3710 diﬂicilia
1007 3653 1166 3708 nobis
1191 3663 1244 3706 ct
1275 3653 1416 3708 vires
1455 3666 1668 3710 nostras
1699 3659 2018 3712 excedentia
2054 3671 2321 3728 prtecepta

739 3746 1017 3817 publicat,
1066 3746 1161 3800 sed
1209 3747 1352 3815 quod
1402 3750 1755 3819 concupiscat
1801 3753 1917 3806 sive
1959 3763 2176 3821 expetat
2227 3768 2325 3806 sua

737 3838 1126 3894 exhortatione
1155 3839 1553 3895 inhabitantem
1587 3843 1642 3895 in
1677 3844 1835 3897 nobis
1867 3845 2091 3915 gratiam
2122 3861 2323 3915 :quam

741 3931 834 3985 ubi
861 3947 960 4000 per
984 3929 1321 4000 spiritualem
1351 3934 1671 3988 modestiam
1706 3936 1978 3990 invenerit
2007 3948 2322 4006 operantem

739 4023 794 4076 in
849 4023 1032 4088 nobis,
1090 4026 1351 4094 majorem
1408 4026 1500 4079 dat
1553 4026 1804 4096 gratiam.
1843 4028 2030 4096 Itaque
2079 4029 2121 4083 si
2174 4027 2324 4084 Scri-

739 4121 914 4184 ptura:
944 4116 1351 4186 obtemperatis,
1382 4118 1615 4171 humiles
1643 4134 1740 4172 vos
1769 4120 1975 4174 reddite
1999 4131 2053 4174 et
2083 4121 2325 4191 abiectos

738 4221 925 4259 coram
964 4206 1215 4272 Domino,
1244 4218 1298 4264 et
1333 4209 1625 4264 invenietis
1653 4211 1880 4278 gratiam
1911 4227 2006 4282 per
2039 4214 2324 4269 exaltatio-

739 4310 866 4349 nem
889 4296 1053 4351 illius.
1098 4299 1482 4370 ’Υπερηφανία
1535 4310 1721 4354 autem
1763 4302 1954 4356 vitium
1984 4314 2067 4357 est
2108 4307 2325 4375 penitus

739 4385 961 4450 inﬂans,
990 4405 1152 4458 quam
1185 4392 1480 4446 elationem
1513 4392 1746 4446 dicimus
1781 4411 1794 4446 :
1825 4403 1878 4448 et
1912 4396 2094 4450 diﬂ‘ert
2124 4398 2191 4451 ab
2236 4414 2322 4451 ar-

737 4479 1008 4548 rogantia,
1038 4495 1157 4549 qua
1207 4482 1384 4550 οίησις
1435 4482 1656 4546 dicitur,
1686 4484 1943 4552 quoniam
1992 4485 2077 4538 illa
2117 4487 2184 4541 de
2238 4486 2324 4541 bis

736 4584 860 4638 quae
897 4570 1060 4624 habet
1105 4573 1400 4637 extollitur,
1440 4573 1557 4628 haec
1586 4583 1764 4628 autem
1797 4575 1864 4629 de
1899 4576 1984 4630 his
2012 4592 2133 4646 quae
2173 4579 2323 4633 nullo

2431 3473 2606 3541 θαμεν
2649 3473 3097 3535 ἀντιτάσσεσθαι,
3136 3473 3357 3534 παντως
3388 3488 3490 3522 που
3523 3473 3615 3523 καὶ
3653 3472 3702 3521 οἱ
3731 3471 4026 3538 ὑπερήφα-

2426 3583 2507 3618 νοι
2544 3569 2599 3617 ὲν
2629 3569 2742 3628 τοῖς
2796 3565 3011 3634 ἐχθροῖς
3068 3563 3539 3630 καταλογιοθεῖεν.
3594 3563 3670 3614 Otii
3707 3564 3814 3629 γὰρ
3843 3564 4025 3623 κενῶς

2427 3659 2546 3727 ἦτοι
2589 3658 2856 3727 ματαίως,
2892 3658 2924 3726 ἦ
2960 3657 3096 3726 πρὸς
3137 3656 3333 3723 φθόνον
3359 3657 3390 3724 ἡ
3421 3655 3612 3724 Γραφὴ
3649 3655 3718 3706 τά
3758 3655 4026 3722 ἀμήχανι

2426 3751 2559 3818 ἡμῖν
2595 3749 2686 3801 καὶ
2719 3749 3078 3800 ἀποτείνοντα
3109 3749 3208 3815 τὴν
3240 3748 3520 3816 ἡμετέραν
3545 3746 3776 3814 δύναμιν
3799 3764 4028 3815 παραγ-

2427 3841 2676 3909 γέλματα
2709 3842 3039 3910 διαγορεύει,
3077 3841 3190 3891 ἀλλ’
3228 3839 3572 3890 ὲπιποθοῦσα
3595 3878 3609 3901 ,
3663 3840 3782 3906 ἡτοι
3819 3838 4026 3906 ἐπιζηο

2425 3931 2595 3983 τοῦσα
2626 3933 2723 4000 την
2761 3931 2850 3983 διὰ
2878 3935 2976 4001 τῆς
3023 3931 3426 4000 παρακλήσεως
3480 3929 3650 3997 αὐτῆς
3699 3931 4027 3994 ἐγκατοικι-

2427 4022 2664 4093 ζομένην
2694 4026 2827 4092 ἡμῖν
2859 4024 3020 4091 χάριν
3043 4038 3054 4049 ⁸
3089 4023 3426 4090 εὑρίσκουσα
3459 4021 3515 4072 δὲ
3545 4019 3749 4088 ταύτην
3783 4022 4021 4090 ἑνεργον

2427 4115 2485 4166 ἐν
2517 4117 2650 4182 ἡμῖν
2679 4114 2766 4165 διὰ
2791 4113 2894 4180 τῆς
2927 4114 3314 4175 ταπεινώσεως
3340 4116 3438 4180 τῆς
3473 4113 3870 4181 πνευματικῆς,
3893 4115 4021 4181 μεί-

2427 4207 2557 4270 ζονα
2596 4207 2781 4258 δίδωσι
2817 4207 3002 4275 χάριν.
3035 4206 3199 4258 Ὥστε
3237 4206 3284 4256 εί
3310 4205 3586 4274 πειθήνιοί
3618 4209 3739 4257 ἐστε
3770 4210 3836 4275 τῇ
3871 4207 4027 4276 Γρα-

2427 4297 2924 4367 φῇνταπεινώθητε
2976 4298 3210 4349 ἐνώπιον
3257 4297 3353 4348 τοῦ
3401 4295 3574 4360 Θεοῦ,
3602 4297 3695 4347 καὶ
3741 4297 4024 4366 εὖρήσετε

2424 4390 2524 4458 τὴν
2571 4388 2657 4439 διὰ
2688 4386 2785 4454 τῆς
2818 4387 2984 4438 αὑτοῦ
3024 4385 3288 4454 ὑψώσεως
3319 4387 3500 4456 χάριν.
3544 4386 3932 4456 Ὑπερηφανία
3967 4389 4026 4440 δέ

2425 4481 2572 4532 ἐστιν
2602 4482 2634 4548 ἡ
2669 4480 2746 4542 είς
2791 4478 2944 4540 τέλος
2976 4478 3272 4550 ἐπηρμένη
3322 4478 3514 4541 κακία,
3545 4478 3879 4547 διαφέρουσα
3915 4481 4027 4548 τῆς

2423 4570 2676 4639 οἰήσεως,
2724 4569 2805 4621 ὅτι
2843 4571 2875 4637 ἡ
2922 4568 3021 4636 μὲν
3063 4569 3157 4619 ἐπὶ
3204 4566 3582 4636 ὑπηργμένοις
3629 4569 3764 4636 αὐτῇ
3801 4585 4028 4621 κατεπ-

735 4661 901 4714 modo
949 4662 1049 4715 sibi
1094 4665 1438 4733 contingunt.
1485 4663 1744 4733 Opposita
1797 4681 1929 4718 vero
1982 4682 2011 4720 e
2055 4668 2320 4724 diametro

2430 4662 2668 4732 αίρεται,
2697 4663 2730 4730 ἡ
2761 4661 2940 4729 οἴησις
2971 4659 3028 4711 δὲ
3054 4659 3148 4712 ἐπὶ
3190 4658 3455 4728 μηδαμῶς
3486 4659 3816 4727 ὑπάρχουσι.
3852 4660 4030 4712 Κατὰ

737 4751 1017 4806 humilitas
1047 4754 1162 4808 sive
1203 4755 1366 4808 animi
1398 4755 1663 4809 modestia
1694 4772 1946 4826 magnum
1979 4758 2180 4812 bonum
2211 4772 2314 4816 est.

734 4841 812 4902 Et
841 4844 1100 4916 quoniam
1155 4854 1446 4914 utrumque
1494 4846 1798 4901 voluntarie
1842 4850 1997 4903 llOblS
2029 4853 2315 4922 contingit,

736 4939 988 5013 quisquis
1030 4953 1125 5007 per
1176 4938 1541 5009 arrogantiam
1599 4941 1839 5008 seipsum
1871 4943 2089 5004 exaltat.
2122 4957 2317 5014 praeter

736 5035 842 5090 hoc
862 5031 1006 5104 quod
1035 5047 1065 5084 a
1095 5031 1327 5084 Domino
1351 5031 1747 5085 condemnatus
1773 5041 1874 5097 est,
1902 5034 2124 5103 insuper
2154 5038 2316 5090 etiam

734 5127 806 5180 ab
849 5126 969 5195 ipso
1015 5121 1332 5176 humiliatur
1368 5141 1380 5176 :
1416 5123 1653 5177 exaltato
1701 5140 1798 5193 per
1841 5129 2182 5182 occasionem
2227 5130 2316 5183 illo

733 5219 826 5286 qui
876 5217 1114 5284 seipsum
1167 5230 1232 5268 ex
1279 5214 1444 5267 animi
1484 5216 1747 5289 modestia
1780 5218 2051 5286 dejecerat
2085 5237 2096 5271 :
2132 5231 2314 5289 utpote

735 5323 798 5362 ea
856 5306 1029 5369 duce,
1081 5306 1473 5360 certaminibus
1526 5309 1863 5376 spiritualem
1924 5311 2311 5366 sublimitatem

734 5396 1158 5452 conciliantibus
1204 5396 1276 5448 illi
1318 5397 1407 5466 qui
1457 5397 1508 5449 in
1555 5397 1638 5451 his
1686 5415 1806 5452 sese
1859 5403 2119 5455 exercuit.
2161 5421 2180 5452 ‹
2235 5406 2316 5456 An

736 5487 940 5558 putatis
969 5487 1111 5556 quod
1153 5487 1394 5541 inaniter
1429 5486 1706 5557 Scriptura
1752 5491 1914 5551 dicat,
1946 5501 2038 5545 aut
2077 5498 2142 5546 ad
2177 5495 2316 5547 invi-

735 5579 917 5632 diam?
955 5597 972 5629 ι
1012 5578 1160 5631 Nihil
1209 5579 1425 5638 horum.
1458 5581 1551 5633 sed
1578 5581 1910 5649 concupiscit
1953 5583 2066 5635 sive
2111 5587 2314 5652 expetit

733 5669 961 5735 gratiam
1011 5669 1064 5722 in
1111 5671 1262 5726 vobis
1308 5686 1405 5741 per
1453 5686 1605 5727 suam
1637 5672 2071 5729 exhortationem
2102 5675 2316 5731 inhabi-

804 5852 848 5886 “
881 5851 896 5900 1
925 5851 1070 5907 Pctr.
1107 5868 1160 5914 ν.
1193 5853 1249 5908 5;

2427 4757 2720 4826 διάμετρον
2753 4756 2807 4808 δὲ
2844 4757 2876 4824 ἡ
2908 4753 3134 4821 ἀτυφία,
3157 4754 3274 4823 ἤτοι
3303 4753 3653 4816 ταπείνωσις.
3689 4757 3832 4823 μέγα
3870 4759 4031 4824 ἀγα,

2429 4850 2520 4902 θὸν
2552 4852 2687 4902 ἐστι.
2724 4850 2830 4901 Καὶ
2865 4849 3054 4916 ἐπειδὴ
3101 4849 3391 4916 ἀμφότερα
3426 4849 3828 4917 προαιρετικῶς
3878 4854 4031 4920 ἡμῖν

2427 4939 2725 5004 ἐγγίνεται,
2752 4940 2858 4999 πᾶς
2884 4939 2911 4989 ὁ
2935 4938 3074 4988 κατά
3100 4937 3420 5001 ἀλαζονείαν
3449 4937 3598 5004 ὑψῶν
3630 4941 3844 5003 ἑαυτὸν,
3877 4943 4032 5010 πρὸς

2426 5029 2501 5098 τῷ
2523 5030 2626 5080 ὑπὸ
2648 5031 2850 5100 Κυρίου
2880 5031 3333 5098 κατακεκρίσθαι,
3356 5030 3433 5082 ἔτι
3455 5031 3512 5082 δὲ
3537 5032 3905 5084 ταπεινοῦται
3929 5036 4031 5086 ὑπ’

2425 5123 2612 5186 αὑτοῦ,
2641 5122 2946 5191 ὑψουμένου
2967 5124 3024 5172 ἐν
3056 5121 3233 5190 καιρῷ
3265 5121 3358 5172 τοῦ
3393 5128 3531 5175 κατὰ
3552 5124 3785 5188 ἀτυφίαν
3819 5141 4036 5177 ταπειο

2424 5215 2693 5276 νώσαντος
2712 5214 2927 5279 ἑαυτὸν,
2944 5215 3039 5267 ᾰτε
3057 5214 3167 5264 τῶν
3183 5214 3268 5264 ἐπ’
3287 5215 3422 5283 αὐτῇ
3441 5215 3618 5266 ἄθλων
3637 5216 4035 5282 ξεναγούντων

2420 5309 2512 5360 τὸν
2535 5307 2873 5376 κεχρημένον
2905 5308 3040 5375 πρὸς
3063 5305 3193 5373 ὕψος
3219 5308 3611 5373 πνευματικόν.
3640 5326 3656 5356 ι
3691 5308 3761 5358 Ἣ
3800 5308 4035 5362 δοκεῖτε

2427 5399 2508 5450 ὅτι
2538 5398 2707 5457 κενῶς
2729 5400 2761 5465 ἡ
2781 5397 2969 5466 Γραφὴ
3001 5397 3170 5461 λέγει,
3194 5397 3226 5463 ἢ
3253 5397 3386 5464 πρὸς
3412 5397 3633 5462 (pedum;
3663 5416 3678 5446 ι
3704 5399 3874 5448 Οἱεδεν
3897 5405 4036 5453 τοὺ-

2426 5509 2554 5543 των.
2588 5489 2725 5540 Ἀλλ’
2759 5489 3008 5539 ἐπιποθεί
3031 5488 3148 5555 ἦτοι
3176 5488 3425 5554 ἐπιζητεῖ
3452 5488 3548 5556 τὴν
3577 5489 3661 5540 διὰ
3689 5490 3788 5556 τῆς
3825 5507 4035 5562 παρα-

2426 5583 2671 5653 κλήσεως
2706 5581 2876 5647 αὐτῆς
2926 5582 3435 5646 ὲγκατοικισθεῖσαν
3469 5582 3597 5648 ὑμῖν
3636 5582 3819 5650 χάριν.
3857 5585 4037 5639 Ἐστι

2453 5677 2474 5729 ὲ
2502 5678 2684 5746 ὅμοιον
2715 5674 2856 5726 κατά
2891 5671 3272 5741 ἀποσιώπησιν
3298 5671 3396 5741 τῆς
3436 5672 3779 5742 ἀναιρέσεως
3808 5673 3896 5744 τῷ
3933 5677 4038 5729 ἐπὶ
