4178 6454
784 393 901 458 499
1865 398 2263 461 CECUMENII
2294 398 2434 459 ΤΗΙ⁴

2410 397 2590 458 [eos
2622 395 2967 459 EPISCOPI
3953 414 4060 475 ωο

1392 507 1618 564 CAPUT
1670 508 1760 563 Vl.
2402 511 2446 566 Α

2402 511 2446 566 Α
3055 507 3308 561 usus.
3360 509 3450 574 ς’.

789 643 940 709 Quod
971 657 1073 695 non
1101 659 1190 704 per
1219 643 1503 716 hominem,
1537 644 1626 716 sed
1677 658 1768 709 per
1800 641 1965 694 Deum
2013 657 2221 709 gressus
2270 644 2368 694 viri

2478 642 2609 716 .0?’
2636 645 2749 716 9,5?
2778 643 2849 695 ἐν
2870 642 3181 716 ἀνθρῴπφ,
3379 641 3463 716 ἐν.
3484 642 3606 705 Θεῷ
3635 646 3705 716 τὰ
3735 649 4067 716 διαδήματα

859 714 1163 791 diriguntur
1204 713 1304 791 {in
1337 728 1437 779 quo
1478 713 1638 791 etiam
1677 704 1964 791 't-ractatur
2013 704 2079 764 de
2105 714 2367 791 .avaritin

2548 704 3245 791 duopoqxarsvbairsrai.
3285 714 3388 791 Ἐν
3426 704 3473 775 ᾧ
3526 704 3659 777 πὲίὶ
3700 704 4066 791 {lem-Effci;

859 784 1082 857 divitum
1112 781 1431 857 mimorum
1460 781 1663 834 deliciis
1709 783 1763 834 in
1808 784 1904 834 huc
1957 782 2147 834 namde
2188 799 2252 835 ac
2309 784 2371 835 de

2547 783 2883 857 πλουσίων,
2925 781 3021 832 καὶ
3057 780 3167 847 τῆς
3191 783 3269 857 ’ἐν
3300 782 3508 857 κόςμιρ
3560 783 3789 857 τρυφῆς
3838 780 4064 857 αὐτῶν,

855 853 1001 921 justo
1029 852 1121 904 Dei
1148 852 1372 919 judicio.

2544 852 2642 905 καὶ
2685 852 2816 914 περὶ
2842 851 3275 918 δικαιοκρισίας
3310 852 3414 903 τοῦ
3442 851 3612 905 Θεοῦ.

862 965 956 1025 IV,
986 965 1173 1019 15-17.
1210 965 1359 1032 Agite
1381 980 1519 1016 nunc
1550 965 1641 1032 qui
1684 965 1858 1017 dicitis
1884 983 1901 1017 :
1933 966 2102 1018 Hodie
2150 976 2197 1019 et
2251 984 2369 1019 cras

2548 966 2691 1033 Ἀγε
2738 964 2854 1017 νῦν
2909 966 2961 1016 οὶ
3013 963 3320 1030 λέγοντες,
3381 962 3653 1031 Σήμερον
3714 971 3810 1019 καὶ
3844 973 4068 1037 αὔριον

789 1056 1190 1125 proﬁciscamur
1223 1057 1273 1106 in
1299 1056 1435 1106 hanc
1457 1057 1749 1115 civitatem,
1798 1066 1846 1108 et
1887 1073 2113 1124 agamus
2164 1057 2235 1109 ibi
2271 1074 2370 1108 au-

2474 1056 2902 1123 πορευσώμεθα
2926 1058 3012 1119 είς
3059 1054 3242 1120 τήνδε
3273 1054 3387 1118 τὴν
3426 1056 3628 1117 πόλιν,
3668 1057 3762 1109 καί
3803 1062 4066 1128 ποιήσω-

789 1162 913 1196 num
950 1161 1133 1201 unum.
1175 1154 1221 1196 et
1252 1146 1577 1213 negotiemur
1600 1161 1661 1197 ac
1691 1145 1897 1197 lucrum
1952 1147 2233 1214 faciamus,
2284 1147 2371 1213 qui

2469 1165 2585 1217 μεν
2624 1147 2751 1199 ἐκεῖ
2774 1148 3058 1199 ἐνιαυτὸν
3097 1146 3225 1198 ἕνα·
3276 1146 3373 1198 καὶ
3406 1147 3927 1215 ἐμπορευσώμεθα,
3965 1157 4067 1207 καὶ

788 1236 1045 1305 ignoratis
1079 1237 1202 1303 quid
1230 1237 1464 1304 futurum
1502 1238 1567 1288 sit
1598 1247 1805 1300 postero
1838 1239 1939 1290 die.
1975 1237 2107 1301 Quae
2132 1247 2203 1290 est
2234 1238 2370 1288 enim

2474 1237 2882 1305 κερδήσωμεν·
2925 1237 3157 1300 Οἷτινες
3218 1237 3328 1287 οὐκ
3360 1236 3693 1289 ἐπίστασθε
3722 1239 3789 1289 τὸ
3828 1240 3936 1305 τῆς
3957 1246 4065 1297 αὖ-

787 1329 897 1381 υἱιο
925 1337 1095 1379 vestra
1126 1329 1148 1379 I’
1190 1328 1367 1392 νίτρον
1392 1328 1531 1380 enim
1560 1338 1633 1380 est
1664 1330 1752 1396 qui
1780 1331 1847 1380 ad
1892 1331 2135 1398 exiguum
2172 1338 2372 1393 tempus

2474 1345 2625 1381 οιον.
2660 1328 2807 1380 Ποία
2848 1329 2956 1395 γὰρ
2986 1328 3022 1391 ἡ
3056 1326 3167 1392 ζωὴ
3200 1325 3398 1393 ὐμῶν;
3448 1326 3643 1394 Ἀτμίς
3675 1328 3783 1393 γὰρ
3827 1331 4001 1385 ἔσται
4031 1338 4065 1394 ἠ

788 1424 1012 1483 apparet
1044 1425 1094 1468 et
1146 1417 1329 1468 deinde
1365 1420 1661 1480 ευαιιετείις
1691 1434 1786 1481 pro
1834 1436 1892 1471 eo
1921 1419 2059 1486 quod
2095 1420 2371 1471 dicendum

2477 1418 2688 1485 ὀλίγον
2757 1416 3089 1485 φαινομένη
3116 1456 3129 1479 ,
3214 1416 3420 1470 ἔπειτα
3499 1416 3567 1469 δὲ
3636 1418 4063 1489 ἀφανιζομένη,

788 1508 931 1560 vobis
957 1515 1075 1559 erat
1101 1524 1118 1559 :
1139 1505 1194 1560 Si
1240 1507 1497 1562 Dominus
1524 1509 1765 1572 voluerit,
1807 1520 1852 1562 et
1878 1511 1923 1563 si
1951 1512 2257 1575 vixerimus,
2291 1512 2373 1579 fa-

2489 1509 2647 1562 Ἀντὶ
2719 1507 2827 1561 τοῦ
2891 1507 3093 1575 λέγειν
3158 1506 3358 1575 ὑμᾶς·
3404 1506 3539 1560 Ἐὰν
3601 1511 3634 1561 ό
3685 1512 3903 1576 Κύριος
3969 1519 4067 1568 oe.

789 1599 993 1652 ciamus
1024 1601 1119 1651 hoc
1153 1609 1247 1651 aut
1276 1596 1429 1652 illud.
1465 1600 1619 1653 Nunc
1648 1614 1826 1653 autem
1862 1603 2171 1671 gloriamini
2200 1604 2252 1653 in
2279 1616 2372 1652 ar-

2474 1600 2667 1668 λήσῃ,
2725 1600 2827 1652 καί
2884 1597 3175 1667 ζήσωμεν,
3232 1598 3329 1650 καί
3385 1599 3734 1668 ποιήσωμεν
3794 1603 3972 1657 τοῦτο
4027 1607 4064 1671 ἦ

790 1692 1047 1761 roganliis
1096 1693 1299 1745 vestris.
1367 1691 1541 1746 Omnis
1577 1694 1861 1747 exsultatio
1904 1695 2027 1747 talis
2085 1695 2227 1747 mala
2274 1703 2371 1747 est.

2476 1690 2695 1743 ἐκεῖνο.
2732 1689 2861 1743 Νῦν
2906 1688 2975 1741 δὲ
3015 1686 3329 1755 καυχᾶσθε
3382 1689 3452 1742 ἐν
3516 1690 3647 1754 ταῖς
3694 1692 4066 1759 ἀλαζονείαις

793 1784 964 1853 Igitur
1015 1786 1103 1851 qui
1144 1786 1283 1837 novit
1334 1795 1470 1839 recte
1522 1786 1693 1854 facere
1740 1803 1830 1840 nec
1871 1787 2021 1855 facit,
2051 1786 2135 1839 hic
2160 1798 2373 1855 peccato

2476 1782 2662 1851 ὑμῶν.
2726 1780 2903 1837 Πᾶσα
2960 1780 3263 1847 καύχησις
3309 1783 3553 1849 τοιαύτη
3595 1782 3829 1850 πονηρά
3871 1784 4063 1839 ἐστιν.

793 1888 1017 1933 tenetur.
2406 1910 2453 1967 Β
2480 1874 2673 1928 Εὶδότι
2703 1870 2819 1967 οὑν
2844 1875 3037 1927 καλὸν
3066 1872 3283 1939 ποιεῖν,
3322 1873 3420 1926 καί
3441 1872 3527 1942 μὴ
3560 1874 3853 1941 ποιοῦντι,
3880 1877 4068 1945 ἀμαρο

2480 1967 2576 2019 tta
2612 1963 2773 2029 αὐτῷ
2802 1966 2994 2018 ἐστιν.

871 2079 889 2109 ι
925 2059 1027 2125 Qui
1069 2058 1249 2112 dicitis
1288 2076 1300 2111 :
1337 2055 1530 2111 Hodie.
1572 2076 1590 2108 ι
1629 2053 1746 2109 Non
1771 2054 2257 2123 tollitpotcstatem
2282 2059 2377 2104 aut

2557 2076 2575 2107 ι
2613 2056 2678 2108 Ol
2706 2056 2983 2121 λέγοντεςο
3025 2055 3299 2124 Σήμερον.
3338 2074 3356 2106 ›
3392 2055 3468 2108 Οὐ
3504 2055 3605 2125 τὴν
3639 2054 3886 2119 ἐξουσίαν
3910 2055 4069 2109 ἀναι-

789 2151 1025 2207 liberum
1068 2150 1376 2213 arbitrium,
1422 2148 1513 2202 sed
1548 2132 1917 2202 ostenditnon
1947 2160 2066 2199 esse
2101 2151 2273 2197 totum
2322 2142 2374 2195 in

2482 2150 2585 2218 psi,
2625 2146 2759 2200 ἀλλὰ
2782 2148 3057 2200 δείκνυσιν
3081 2148 3165 2200 ότι
3189 2148 3251 2199 οὑ
3285 2147 3346 2199 τὸ
3380 2148 3490 2199 πᾶν
3514 2148 3683 2200 αὑτοῦ
3723 2150 3891 2212 ἐστιν,
3928 2149 4066 2203 ἀλλὰ

793 2260 959 2297 manu
990 2244 1109 2313 ejus
1142 2262 1154 2295 :
1190 2258 1315 2295 nam
1351 2252 1589 2310 superna
1624 2254 1840 2307 quoque
1871 2252 2007 2306 Oplls
2051 2244 2133 2290 est
2179 2235 2373 2305 gratia.

2478 2239 2645 2291 δεῖται
2676 2239 2774 2290 καὶ
2806 2238 2901 2307 τῆς
2938 2236 3146 2291 ἄνωθεν
3182 2239 3424 2306 χάριτος,
3460 2238 3680 2303 Ἔξεστι
3708 2236 3807 2304 μὲν
3835 2237 3947 2308 γὰρ
3969 2243 4067 2293 καὶ

792 2336 948 2389 Licet
973 2334 1118 2387 enim
1146 2342 1201 2386 et
1231 2342 1441 2386 certare
1476 2340 1529 2384 ει
1557 2344 1783 2383 currere
1826 2344 1889 2383 ac
1925 2327 2191 2397 negotiari
2252 2342 2374 2381 om-

2477 2329 2660 2383 ἀθλείν
2687 2331 2783 2381 καὶ
2806 2328 3022 2399 τρέχειν
3057 2330 3153 2381 καὶ
3184 2327 3613 2398 ἐμπορεύεσθαι,
3659 2330 3754 2380 καὶ
3787 2328 3965 2381 πάντα
3997 2330 4067 2381 τὰ

794 2426 995 2492 niaque
1024 2438 1183 2493 agere
1216 2439 1338 2491 quze
1382 2430 1512 2474 sunt
1539 2425 1605 2474 ad
1638 2421 1801 2473 vitam
1842 2438 1854 2471 :
1887 2434 1994 2472 non
2032 2428 2213 2471 tamen
2259 2417 2376 2471 haec

2480 2423 2615 2490 πρὸς
2646 2422 2705 2475 τὸ
2740 2421 2838 2490 ζῇν
2873 2421 3141 2489 ἐνεργεῖν,
3174 2419 3314 2472 ἀλλά
3362 2419 3437 2488 μὴ
3471 2422 3583 2480 τοῖς
3612 2419 3832 2480 οἰκείοις
3878 2420 4064 2481 πόνοις

793 2514 1033 2584 propriis
1067 2511 1344 2565 laboribus
1386 2511 1707 2569 attribuere,
1747 2508 1839 2562 sed
1874 2508 2073 2562 divina:
2122 2507 2374 2577 benigni-

2479 2513 2638 2565 τοῦτο
2687 2509 3021 2581 λογίζεσθαι,
3060 2510 3197 2563 ἀλλὰ
3240 2513 3307 2580 τῇ
3358 2510 3451 2563 τοῦ
3484 2510 3621 2563 Θεοῦ
3666 2509 4067 2581 φιλανθρωπία.

797 2603 914 2656 tati.
948 2603 1297 2669 Aitnamque
1318 2599 1619 2653 Jeremias:
1652 2618 1669 2649 ι
1712 2597 1965 2663 Domine,
2016 2612 2121 2651 non
2178 2598 2230 2650 in
2276 2597 2375 2650 ho-

2477 2605 2616 2673 Φησὶ
2642 2607 2748 2674 γὰρ
2793 2604 3101 2674 ἰερεμίαςο
3144 2622 3162 2653 ι
3202 2603 3402 2672 Κύριε,
3449 2603 3548 2655 οὑκ
3580 2604 3638 2654 ὲν
3671 2603 3747 2671 τῷ
3790 2604 4065 2672 ἀνθρώπῳ

795 2694 945 2747 mine
974 2702 1059 2745 est
1092 2692 1202 2745 vita
1238 2690 1412 2759 ipsius
1442 2690 1510 2743 ⁸⁷.
1558 2708 1575 2740 ι
1617 2689 1683 2742 Ει
1740 2688 2125 2741 l‘arcemiastes
2159 2704 2171 2740 :
2226 2704 2243 2735 ι
2299 2683 2377 2739 Ne

2480 2699 2513 2766 ή
2547 2697 2665 2757 όόὸς
2700 2696 2889 2750 αὑτοῦ.
2928 2716 2947 2749 ι
3000 2698 3116 2751 Καὶ
3144 2699 3171 2750 ό
3210 2698 3659 2766 Παροιμιαστής’
3702 2715 3718 2747 ι
3757 2698 3847 2767 Μὴ
3879 2698 4066 2765 καυχῶ

794 2783 1049 2853 glorieris
1074 2783 1126 2834 in
1162 2782 1488 2842 crastinum,
1520 2796 1643 2833 cum
1681 2780 1897 2848 ignores
1933 2779 2060 2846 quid
2101 2778 2377 2846 pariturus

2479 2790 2549 2842 τὰ
2571 2792 2649 2851 είς
2680 2788 2889 2857 αὔριον.
2924 2790 2999 2842 Οὑ
3030 2791 3141 2858 γὰρ
3174 2786 3321 2851 οἶδας
3354 2790 3407 2840 τί
3444 2789 3661 2853 τέξεται
3704 2792 3735 2858 ἠ
3772 2790 4058 2842 ἐπεοῦσα.»

795 2876 866 2928 sit
900 2877 1195 2943 insequens
1222 2874 1337 2926 dies
1357 2873 1423 2926 δ’.
1470 2892 1486 2923 ι
1526 2904 1593 2913 -
1641 2890 1658 2923 ι
1700 2871 1830 2936 Qua:
1857 2870 1939 2924 οέι
1966 2871 2113 2924 enim
2148 2871 2255 2923 vita
2289 2886 2379 2924 γε·

2479 2910 2548 2924 —~
2579 2900 2595 2931 ι
2626 2882 2760 2933 Ποία
2791 2882 2897 2949 γὰρ
2929 2884 2962 2951 ή
2989 2881 3102 2950 ζωὴ
3133 2881 3324 2949 {ipf-iv;
3355 2899 3375 2932 ›
3424 2882 3497 2933 Τὸ
3531 2881 3759 2948 μάταιον
3790 2883 3885 2933 καὶ
3920 2881 4064 2933 οὑτι-

795 2965 957 3022 stra?
996 2986 1014 3017 ν
1053 2964 1177 3017 llaec
1202 2964 1354 3027 dicit,
1380 2964 1675 3017 vanitatem
1742 2978 1804 3015 ac
1853 2962 2216 3026 abjectioncm
2254 2961 2379 3016 vita:

2480 2974 2637 3026 δεινὸν
2693 2974 2787 3043 τῆς
2847 2974 3121 3045 ἡμετέρας
3176 2974 3491 3043 ὑποφαίνων
3522 2974 3685 3042 ζωῆς,
3729 2974 3825 3026 καὶ
3873 2990 4054 3025 καται-

796 3067 1000 3114 nostra:
1035 3057 1329 3127 designans
1368 3076 1379 3106 :
1413 3066 1467 3109 et
1497 3054 1852 3124 pudefaciens
1896 3069 1996 3107 nos
2046 3054 2190 3121 quod
2234 3055 2380 3108 circa

2483 3066 2694 3137 σχύνων
2722 3068 2869 3135 ἡμᾶς
2902 3068 2977 3129 ὡς
3006 3069 3138 3137 περὶ
3165 3068 3323 3119 τοῦτο
3362 3068 3421 3119 τὸ
3453 3068 3563 3120 πᾶν
3597 3069 3628 3136 ἡ
3640 3067 3756 3136 μῶν
3796 3064 4062 3136 κατατρί-

799 3149 851 3203 id
880 3162 1042 3203 omne
1075 3156 1290 3217 tempus
1327 3146 1450 3200 vitae
1485 3155 1684 3199 nostrae
1738 3159 2203 3208 consummamus,
2235 3159 2298 3198 ac
2325 3145 2379 3197 in

2484 3154 2678 3218 6οντας
2722 3155 2823 3224 τῆς
2874 3156 3041 3224 ζωῆς,
3077 3155 3250 3209 ταὺτά
3278 3171 3466 3225 φησιν,
3499 3157 3583 3208 ὅτι
3619 3158 3678 3209 ὲν
3708 3157 4063 3225 προσκαίροις

800 3238 1145 3308 temporariis
1174 3237 1353 3301 malis,
1382 3246 1437 3290 et
1467 3236 1522 3289 in
1556 3235 1645 3290 his
1674 3250 1795 3304 quae
1855 3234 2018 3288 simul
2075 3243 2135 3288 ut
2190 3243 2380 3289 exorta
2408 3257 2450 3319 ς

2414 3257 2456 3319 ο
2488 3250 2699 3310 κακοῖς,
2734 3250 2825 3299 καὶ
2848 3247 2965 3316 ἅμα
2995 3247 3073 3317 τῷ
3104 3248 3408 3317 ὑποστῆναι
3443 3248 3885 3317 ἀφανιζομένοις,
3921 3249 3947 3299 ὁ
3975 3247 4064 3298 κόο

794 3341 925 3387 sInt
953 3338 1309 3396 evanescunt,
1341 3328 1505 3401 472
1541 3329 1718 3383 omnis
1740 3329 1893 3383 labor
1934 3336 2123 3385 noster
2156 3328 2377 3397 explea-

2485 3357 2583 3402 πός
2609 3338 2768 3408 ήμῶν
2798 3338 2939 3400 ἅπας
2974 3338 3301 3392 ἐπιτελεῖται.
3335 3339 3504 3393 Τοῦτο
3545 3342 3637 3392 καὶ
3672 3336 3835 3391 Δαυτδ
3866 3338 4064 3391 διακω-

797 3434 908 3479 tur.
946 3422 1059 3478 Hoc
1102 3434 1155 3477 et
1187 3424 1355 3477 David
1397 3423 1721 3493 perstringit
1759 3422 1946 3476 dicens
2002 3440 2017 3474 :
2078 3440 2094 3473 ι
2153 3420 2379 3475 Verum-

2486 3431 2681 3502 μῳδῶν
2722 3447 2887 3500 φησι.
2934 3448 2952 3480 ι
3008 3431 3211 3483 Μέντοι
3266 3447 3328 3499 γε
3356 3432 3414 3483 ὲν
3454 3431 3623 3483 είκόνι
3682 3428 4060 3497 διαπορεύεται

798 3532 980 3577 tamen
1013 3522 1064 3573 in
1109 3520 1343 3591 imagine
1376 3520 1680 3589 pertransit
1707 3520 1895 3581 homo,
1950 3530 2132 3572 tamen
2174 3517 2379 3571 frustra

2482 3524 2789 3592 ἄνθρωπος,
2822 3522 2963 3591 πλὴν
3000 3523 3177 3592 μάτην
3199 3523 3556 3594 ταράσσεται,
3593 3540 3609 3573 ι
3645 3522 3913 3586 τουτέστι,
3938 3521 4062 3587 περὶ

796 3613 1158 3669 conturbatur
1191 3615 1258 3677 ",
1298 3633 1314 3664 ι
1353 3613 1455 3665 hoc
1495 3623 1599 3676 est,
1637 3611 1781 3665 circa
1812 3612 1865 3664 id
1916 3612 2060 3690 quod
2109 3624 2217 3662 non
2272 3616 2375 3673 est,

2481 3616 2541 3668 τὸ
2570 3616 2646 3687 μὴ
2684 3615 2764 3682 ὃν,
2826 3616 2941 3667 ἀλλ’
2966 3616 3091 3668 ὅσον
3121 3618 3177 3667 ὲν
3210 3616 3459 3685 φάσματι
3493 3615 3813 3683 ὑποστῆναι.
3846 3612 4059 3666 Τοιοῦτο

796 3708 892 3764 sed
927 3708 983 3760 in
1009 3706 1126 3761 solo
1158 3706 1540 3774 phantasmate
1568 3703 1857 3758 subsistit:
1894 3701 2204 3771 hujusmodi
2226 3716 2381 3754 nam-

2481 3708 2590 3776 γὰρ
2623 3709 2655 3777 ή
2709 3706 2890 3759 είκών.
2930 3707 3001 3759 Ἦ
3044 3709 3171 3777 περὶ
3223 3709 3321 3776 τὴν
3376 3706 3449 3777 μὴ
3485 3707 3919 3766 αὑουπόστατον,
3948 3700 4058 3755 ἀλλ’

796 3816 905 3870 que
932 3814 1019 3853 res
1046 3808 1131 3858 est
1167 3798 1381 3868 imago;
1417 3806 1510 3850 aut
1537 3798 1682 3851 circa
1720 3796 1771 3850 id
1799 3796 1945 3865 quod
1972 3811 2082 3848 non
2117 3804 2199 3848 est
2232 3794 2377 3847 idem

2481 3799 2605 3849 ὅσον
2636 3799 2693 3849 ἐν
2728 3797 3065 3866 ἀφομοιώσει
3098 3798 3190 3850 καὶ
3232 3798 3480 3867 εἰκασμῷ
3503 3798 3601 3868 τῆς
3634 3798 3800 3859 ὅντως
3838 3794 4060 3864 τιιροδείιι⁹

797 3891 1130 3954 subsistens,
1166 3889 1259 3943 sed
1288 3896 1561 3957 quatenus
1607 3888 2058 3941 assimilationem
2116 3888 2279 3941 habet
2326 3895 2382 3941 et

2484 3888 2680 3957 νούσης
2726 3888 2889 3956 ζωῆς·
2937 3907 2956 3939 ι
3025 3891 3213 3958 Ἀτμὶς
3272 3891 3379 3960 γάρ
3422 3892 3591 3943 ἐστιν.
3636 3907 3656 3941 ε
3727 3890 3915 3957 Ἀτμίς
3950 3890 4060 3939 ἔστι

795 3982 1168 4050 conjecturam
1202 3977 1325 4032 cu'm
1356 3980 1465 4031 vita
1498 3995 1620 4049 qua:
1653 3995 1783 4032 vere
1831 3978 2102 4048 procedit.
2140 3998 2158 4029 ι
2197 3978 2380 4047 Vapor

2484 3979 2744 4040 σύστασις
2776 3978 3021 4049 ἀερώδης
3047 3981 3155 4033 ἀπὸ
3178 3982 3351 4049 πυρὸς
3382 3980 3653 4048 θάλψεως,
3684 3980 3743 4043 ἐξ
3767 3981 4059 4048 ὑγρότητος

795 4072 943 4126 enim
969 4078 1071 4123 est.
1110 4088 1128 4119 ι
1170 4069 1351 4136 Vapor
1399 4078 1481 4121 est
1540 4069 1845 4138 coagulatio
1906 4084 2068 4122 aerea
2130 4068 2199 4121 ab
2239 4068 2381 4139 ignis

2481 4066 2933 4137 ἀναθυμιωμένη,
2984 4070 3279 4139 ἐλαχίστην
3335 4072 3435 4139 τὴν
3486 4070 3788 4121 ὑπόστασιν
3839 4068 4056 4137 ἔχουσα.

796 4162 975 4217 calore
1000 4177 1066 4215 ex
1093 4160 1321 4214 humore
1342 4159 1626 4224 exhalans,
1654 4160 1933 4213 minimam
1965 4160 2172 4213 habens
2198 4158 2381 4213 subsi-

2483 4160 2580 4211 Διὰ
2613 4158 2721 4229 γὰρ
2756 4158 2856 4227 τὴν
2886 4160 3027 4227 ἄγαν
3058 4160 3364 4228 λεπτότητα
3406 4160 3616 4229 ταχέως
3648 4160 3724 4229 τῷ
3754 4159 4061 4227 περιέχοντι

796 4254 1075 4308 steutiam.
1104 4250 1240 4305 Nam
1267 4258 1488 4320 propter
1513 4250 1895 4305 vehementem
1925 4252 2270 4313 tenuitatem,
2298 4251 2378 4305 fa—

2481 4248 2864 4317 ὲναφανίζεται
2910 4249 3166 4319 χωροῦσα
3199 4253 3336 4321 πρὸς
3367 4250 3526 4303 τοῦτο
3572 4253 3666 4304 καὶ
3714 4250 4056 4318 διαλυομένην

797 4344 901 4399 cile
924 4344 1306 4398 circumstami
1332 4342 1550 4410 corpori
1578 4342 1821 4397 cedendo
1857 4344 2136 4397 evanescit
2181 4358 2245 4397 ac
2276 4342 2382 4397 dis-

2479 4339 2731 4409 καθάπερ
2760 4341 2895 4410 πρὸς
2925 4341 3070 4411 ὕδωρ
3101 4342 3272 4411 μικρὰ
3320 4342 3484 4404 νοτίς.
3526 4340 3769 4409 Τοιούτῳ
3797 4341 4059 4393 ἁπείιασε

796 4434 1048 4497 solvitur,
1088 4433 1256 4487 veluti
1310 4434 1562 4488 modicus
1613 4434 1811 4488 humor
1858 4434 2154 4488 accedente
2216 4449 2377 4503 aqua.

2479 4432 2579 4502 τὴν
2610 4432 2889 4502 ἡμετέραν
2937 4433 3105 4504 ζωήν.
3140 4435 3251 4485 Καὶ
3298 4434 3449 4502 μάλα
3489 4434 3786 4503 εὐστόχως.
3820 4429 4062 4484 Μεσολα-

794 4525 915 4580 Tali
949 4525 1277 4579 assimilavit
1322 4524 1489 4577 vitam
1537 4534 1783 4579 nostram
1832 4542 1845 4581 :
1890 4524 2053 4594 idque
2090 4523 2227 4577 scite
2279 4523 2377 4576 ad-

2481 4524 2657 4593 δήσας
2692 4523 2747 4577 δὲ
2774 4523 2850 4593 τῷ
2881 4526 3107 4593 τοιούτῳ
3151 4526 3513 4593 ὑποδείγματι
3549 4525 3638 4577 τὸν
3679 4525 3858 4591 λόγον,
3903 4521 4060 4575 πάλιν

795 4616 1043 4671 modum.
1081 4616 1251 4670 Porro
1283 4629 1533 4669 sermone
1582 4615 1674 4669 tali
1730 4616 1982 4685 exemplo
2050 4616 2375 4683 intercepto,
2404 4600 2445 4659 Ῑ]

2409 4600 2458 4659 Ῑ)
2484 4612 2543 4677 ἐξ
2575 4614 2924 4683 ὑποστροφῆς
2966 4614 3260 4667 ἀποδίδωσι
3293 4615 3352 4666 τὸ
3382 4615 3678 4668 ἀκόλουθον
3701 4612 3868 4682 αὑτῷ.
3908 4612 4059 4663 Ἐστι

796 4721 1022 4761 rursum
1070 4721 1135 4759 ex
1191 4705 1565 4775 hypostrophe
1599 4687 1778 4759 reddit
1815 4706 1959 4773 quod
2015 4704 2117 4775 ipsi
2174 4720 2375 4760 conse-

2482 4705 2591 4775 γὰρ
2630 4704 2749 4756 ὅλον
2804 4704 2865 4756 τδ
2909 4706 3109 4775 χωρίον
3140 4703 3335 4768 οὕτως*
3372 4706 3506 4773 Ἀγε
3552 4706 3671 4772 νῦν,
3712 4708 3760 4757 oi
3790 4688 4060 4771 λέγοντες.

794 4812 973 4869 quens
1007 4806 1143 4851 erat.
1188 4796 1285 4849 Est
1313 4796 1459 4849 enim
1496 4805 1609 4850 tota
1644 4796 1909 4865 particula
1946 4798 2052 4851 hoc
2086 4797 2250 4851 modo
2281 4810 2376 4850 or-

2486 4797 2732 4867 Σήμερον
2761 4800 2858 4851 καὶ
2887 4797 3077 4869 αὔριον
3108 4798 3507 4869 πορευσώμεθα
3538 4801 3620 4861 εἰς
3649 4799 3807 4869 τήνδε
3838 4798 3942 4868 τὴν
3979 4794 4060 4847 πό-

791 4889 1031 4945 dinanda
1064 4908 1079 4945 2
1110 4888 1267 4959 Agite
1287 4904 1436 4943 nunc
1472 4889 1561 4955 qui
1605 4888 1805 4954 dicitis,
1828 4890 1998 4945 Hodie
2030 4897 2087 4944 et
2112 4905 2233 4944 cras
2256 4904 2381 4959 pro-

2485 4891 2591 4957 λιν,
2618 4891 2713 4943 καὶ
2740 4892 3057 4961 ποιήσωμεν
3090 4893 3207 4944 ἐκεῖ
3235 4892 3481 4944 ἐνιαυτὸν
3510 4893 3630 4957 ἕνα,
3661 4892 3756 4945 καὶ
3792 4892 4059 4957 ἐμπορευ-

790 4983 1102 5038 ﬁciscamur
1130 4981 1183 5034 in
1220 4980 1365 5035 illam
1400 4981 1700 5044 civitatem,
1736 4991 1793 5037 et
1816 4998 2045 5051 agamus
2068 4984 2142 5037 ibi
2168 4999 2376 5038 annum

2488 4982 2712 5051 σώμεθα
2743 4984 2838 5035 καὶ
2862 4984 3240 5053 κερδήσωμεν’
3265 4986 3388 5037 ἀντὶ
3425 4984 3516 5037 τοῦ
3547 4986 3725 5051 λέγειν
3750 4984 3917 5053 ὑμᾶς.
3944 4980 4060 5033 Ἐὰν

791 5090 987 5137 unum,
1024 5083 1079 5128 et
1107 5073 1451 5138 negotiemur
1484 5088 1549 5126 ac
1573 5074 1786 5128 lucrum
1826 5074 2095 5131 faciamus
2124 5094 2138 5132 :
2164 5092 2265 5146 pro
2311 5091 2379 5131 eo

2479 5079 2506 5131 ὁ
2531 5078 2736 5147 Κύριος
2779 5077 3004 5149 θελήσῃ,
3029 5081 3126 5132 καὶ
3152 5080 3412 5149 ζήσωμεν
3437 5080 3533 5133 καὶ
3563 5082 3881 5148 ποιήσωμεν
3910 5074 4059 5129 τοίτο

790 5164 937 5234 quod
969 5162 1263 5216 dicendum
1293 5162 1451 5216 vobis
1479 5170 1619 5215 erat.
1656 5160 1713 5216 Si
1748 5162 2012 5220 Dominus
2044 5166 2297 5230 voluerit,
2325 5176 2380 5221 et

2478 5168 2510 5239 ἢ
2569 5172 2765 5223 ἐκεῖνο.
2811 5188 2832 5221 ε
2863 5170 2977 5223 Νῦν
3030 5170 3087 5222 δὲ
3120 5170 3398 5241 καυχᾶσθε
3450 5174 3508 5223 ὲν
3568 5174 3691 5233 ταῖς
3724 5168 4058 5232 ἀλαζονείαις

789 5253 832 5308 si
855 5254 1171 5317 vixerimus,
1211 5251 1475 5305 faciamus
1509 5252 1613 5307 hoc
1636 5266 1731 5310 aut
1752 5256 1905 5310 illud.
1946 5276 1963 5309 ι
2005 5257 2161 5313 Nunc
2193 5268 2375 5314 autem

2477 5261 2651 5329 ὑμῶν.
2691 5284 2708 5312 ι
2744 5260 2932 5324 Οὕτως
2955 5261 3112 5325 ὄντος
3148 5262 3244 5314 τοῦ
3276 5262 3597 5327 ἀκολούθου,
3622 5264 3681 5315 οὑ
3708 5262 3868 5314 τοῦτο
3898 5257 4056 5315 ποιεί.

788 5342 1101 5414 gloriamini
1124 5343 1177 5394 in
1204 5342 1529 5411 arrogantiis
1544 5344 1763 5398 vestris.
1792 5364 1809 5397 ι
1830 5344 1966 5400 Cum
1987 5347 2060 5403 ita
2086 5363 2215 5402 vera
2240 5365 2375 5403 con-

2474 5353 2614 5405 ἀλλὰ
2640 5353 2906 5422 διακόψας
2943 5353 3020 5423 τῷ
3058 5354 3465 5423 παραδείγματι
3510 5355 3609 5424 τὴν
3647 5354 3937 5422 συνέχειαν
3975 5345 4056 5399 τοῦ

786 5432 996 5487 secutio
1023 5434 1295 5487 sermonis
1318 5443 1483 5494 esset,
1518 5449 1626 5487 non
1654 5434 1757 5489 hoc
1792 5434 1937 5500 facit,
1967 5437 2063 5499 sed
2080 5450 2367 5508 postquam

2479 5445 2661 5513 λόγου,
2727 5446 2869 5515 μετὰ
2920 5445 3093 5498 ταῦτα
3135 5448 3410 5517 ἐπήνεγκε
3450 5449 3511 5500 τὸ
3557 5448 3804 5501 ἐλλεῖπον
3853 5445 4055 5511 φθάσας

784 5524 1037 5594 exemplo
1075 5524 1397 5579 intersecuit
1418 5526 1689 5581 sermonis
1713 5530 2184 5598 consequentiam,
2215 5531 2371 5585 dein-

2477 5536 2565 5589 διὰ
2598 5536 2696 5604 τῆς
2732 5535 2825 5589 τοῦ
2857 5538 3183 5606 πράγματος
3211 5539 3419 5601 εἰκόνος
3446 5539 3505 5589 τὸ
3549 5539 3781 5607 μάταιον
3821 5530 4055 5594 ὑποστῆ-

789 5630 917 5687 cops
955 5616 1244 5705 subiunxit
1270 5618 1414 5685 quod
1438 5618 1648 5685 deerat,
1675 5635 1774 5691 per
1798 5620 2091 5694 imaginem
2120 5624 2199 5679 rei
2235 5640 2368 5696 pro-

2482 5646 2571 5682 σαι
2604 5628 2696 5682 τοῦ
2743 5629 2803 5693 ἐξ
2834 5628 3158 5694 ἀλαζονείας
3193 5630 3322 5701 περὶ
3351 5628 3501 5683 τόνδε
3537 5629 3629 5682 τὸν
3674 5627 3881 5697 κόσμον
3904 5618 4054 5696 ήμῶν

852 5794 1123 5851 "Jcrem.
1147 5794 1307 5862 1,25.
1385 5796 1428 5828 δ’
1452 5793 1610 5853 Prov.
1642 5812 1808 5864 xxvn,
1840 5802 1885 5854 l.
1928 5800 1971 5831 δ’
2000 5801 2122 5857 Psal
2170 5819 2371 5861 xxxviii
2410 5807 2464 5860 7.
