4178 6454
135 398 235 468 ειμι

1072 405 1457 468 COMMENT.
1501 406 1579 468 ΙΝ
1611 406 1852 466 EPIST.
1884 407 2202 468 CATHOL.
2233 409 2522 470 JACOBI.

3305 405 3413 469 502

135 520 584 593 περισπωμένου.
606 520 772 575 ’Ἔστι
806 521 915 591 γὰρ
946 521 1143 586 οὕτως·
1191 525 1486 594 Καυχᾶσθε
1521 526 1579 577 ὲν
1608 527 1725 587 ταῖς

1834 523 1998 578 brans
2023 540 2088 580 ac
2113 524 2451 580 conrincens
2489 526 2714 580 subesse
2746 525 3043 579 vanitatem
3072 523 3127 576 in
3167 539 3234 578 eo
3268 529 3414 594 quod

135 613 484 679 ἀλαζονείαις
523 615 701 685 ὑμῶν.
732 613 887 678 Τίνες
911 633 926 681 ;
979 616 1190 680 Οἴτινες
1215 618 1318 669 οὑκ
1345 616 1640 670 ἐπίστασθε
1665 617 1725 670 τὸ

136 707 435 776 εἰσαύριον.
464 706 602 763 Ποία
632 709 740 779 γὰρ
771 712 804 779 ἡ
845 708 960 780 ζωὴ
986 711 1172 779 ὑμῶν;
1203 711 1319 763 Καὶ
1361 711 1511 779 ἑξῆς.
1541 712 1641 763 Διά
1666 710 1725 763 δὲ

134 799 249 863 τοῦ,
282 799 423 852 Ποία
450 801 484 870 ἡ
523 798 637 866 ζωὴ
668 800 853 867 ὑμῶν;
892 801 1259 867 ὲξουδενὼσας
1293 802 1392 872 τὴν
1421 802 1588 871 ζωὴν,
1631 803 1726 855 καὶ

136 892 573 962 πρωδοποιήσας
596 891 685 946 διὰ
711 893 906 946 τούτου
934 893 1013 963 τῷ
1044 896 1126 957 είς
1156 895 1433 948 εὐτέλειαν
1460 895 1726 966 παραδεί-

137 998 334 1050 γματι,
360 979 537 1043 οὕτως
565 981 766 1048 ἐπάγει
791 982 887 1035 καὶ
915 981 977 1033 τὺ
1008 982 1336 1051 ὑπόδειγμα,
1367 981 1727 1054 καιριώτατον

135 1073 294 1126 τοῦτο
317 1072 514 1127 ποιῶν.
554 1091 572 1123 ι
608 1074 904 1143 Καυχᾶσθε
925 1074 983 1126 ὲν
1003 1076 1126 1137 ταῖς
1145 1074 1487 1139 ἀλαζονείαις
1512 1073 1718 1141 ὑμῶν.»

151 1163 391 1226 ἈΜὼν
424 1166 517 1217 καὶ
546 1163 835 1228 ἀλαζονεία
874 1165 949 1234 μὴ
1005 1164 1340 1232 ὑφεστώτων
1379 1166 1728 1236 πραγμάτων

137 1258 252 1307 ἐστὶ
277 1255 511 1324 σπουδή.
536 1255 629 1306 Διὸ
663 1257 760 1308 καὶ
786 1255 1022 1315 άλαζῖυν
1059 1255 1279 1323 λέγεται
1318 1259 1352 1310 ὀ
1379 1257 1531 1324 μετὰ
1572 1255 1728 1323 ἄλης

133 1343 264 1406 ὧν,
306 1346 582 1407 τουτέστι,
621 1347 759 1414 μετὰ
809 1347 1045 1400 ἀστάτου
1096 1348 1193 1400 καὶ
1242 1346 1316 1416 μὴ
1357 1345 1572 1414 ἔχοντος
1603 1346 1729 1398 ὑπό-

138 1450 330 1487 στασιν
353 1435 704 1505 πράγματος.
735 1454 754 1487 ι
787 1437 947 1489 Πᾶσα
968 1437 1239 1506 καύχησις
1261 1435 1486 1506 τοιαύτη
1517 1435 1729 1507 πονηρά

137 1527 305 1581 ἐστιν.
347 1545 364 1577 ι
413 1528 895 1598 Ἐπαναλαμᾶάνει
940 1531 1040 1599 τὴν
1087 1529 1334 1582 διάκενον
1369 1528 1658 1598 καύχησιν,
1689 1531 1724 1600 ἦ

140 1637 214 1681 τις
239 1618 303 1683 ἐξ
337 1621 721 1690 ὑπερηφανίας
754 1621 900 1688 φιλεί
925 1622 1230 1676 τίκτεσθαι.
1268 1623 1376 1676 Καὶ
1397 1623 1559 1675 οἱονεὶ
1586 1639 1728 1691 συμ-

142 1712 421 1779 περαίνων
455 1711 548 1764 τὸν
585 1711 778 1764 ἑαυτοῦ
818 1713 1000 1780 λόγον,
1055 1715 1328 1783 ἐπιφέρει,
1384 1715 1464 1767 ὅτι
1518 1713 1730 1784 πονηρά

143 1803 317 1855 ἐστιν.
347 1804 410 1854 Ei
443 1803 496 1855 δὲ
532 1804 767 1872 πονηρά,
805 1803 1025 1867 πάντως
1046 1805 1128 1858 ὅτι
1164 1806 1258 1857 καὶ
1297 1805 1406 1858 άπδ
1436 1805 1529 1858 τοῦ
1559 1807 1732 1875 Πονη-

142 1890 234 1959 ροῦ
265 1894 408 1944 ἐστι.
451 1893 523 1943 υὺ
569 1893 736 1945 δεῖδὲ
779 1895 906 1955 τοὺς
937 1895 1014 1964 τῷ
1054 1894 1245 1964 Κυρίῳ
1293 1894 1382 1948 διὰ
1424 1894 1520 1948 τοῦ
1565 1873 1725 1964 ἁγίου
1760 1873 1804 1928 Β

141 1984 521 2053 βαπτίσματος
569 1985 934 2049 ἀνατεθὲντας
974 1987 1067 2039 τοῦ
1116 1988 1362 2058 Πονηροῦ
1417 1988 1724 2060 παραδέχε-

141 2077 262 2128 σθαι
297 2078 624 2146 ἐπισποράς.
665 2078 945 2147 Ἐπιφέρει
967 2079 1023 2131 δὲ
1053 2080 1149 2132 καὶ
1175 2081 1254 2144 τὸ,
1293 2081 1469 2135 Είδὸτι
1499 2078 1592 2136 οὖν
1623 2099 1723 2135 κα-

138 2168 224 2218 λὸν
250 2171 427 2220 πειείν
454 2170 546 2221 καὶ
574 2171 648 2240 μὴ
679 2172 944 2238 ποιοῦντι,
981 2172 1222 2243 ἁμαρτία
1268 2173 1418 2244 αὑτῷ
1451 2175 1586 2228 ἐστι·
1628 2174 1726 2227 καὶ

135 2263 259 2320 τοὺς
308 2260 831 2326 ψευδοδιδάσκαλους
884 2263 1132 2316 παιδεύει
1173 2266 1360 2319 πάλιν.
1413 2266 1504 2335 Μὴ
1547 2266 1723 2319 ταῦτα

138 2349 416 2400 παιδεύειν
471 2351 694 2421 τολμᾷς,
755 2352 792 2406 ἃ
867 2353 943 2423 μὴ
1000 2355 1266 2426 πρότερον
1315 2355 1721 2428 κατώρθωσαςς

144 2459 161 2491 ι
199 2442 487 2512 Μακάριος
546 2444 675 2513 γάρ,
705 2446 896 2514 φησὶν,
950 2447 1049 2518 οὑχ
1112 2448 1170 2510 ὃς
1219 2448 1444 2514 διδάξει,
1506 2449 1625 2502 ἀλλ’
1662 2449 1722 2514 ὃς

138 2533 357 2598 ποιήσει
392 2535 489 2585 καὶ
522 2534 746 2601 διδάξει.
781 2555 799 2586 ι
839 2537 1210 2606 Προηγείσθαι
1244 2538 1352 2608 γάρ
1381 2539 1462 2591 δεῖ
1485 2540 1552 2593 τά
1588 2540 1726 2610 ἔργα

137 2621 227 2672 τοῦ
260 2623 448 2687 λόγου.
478 2625 682 2677 Καθότι
708 2628 802 2679 καὶ
841 2628 1298 2699 ἐπιδεικνυμένην
1329 2630 1512 2684 πίστιν
1539 2633 1722 2702 ἀπαγ-

137 2714 316 2780 γέλλει
355 2716 583 2777 δίκαιος.
645 2736 662 2768 ι
712 2718 770 2770 ’0
802 2721 908 2788 γὰρ
943 2718 1109 2783 λύων,
1159 2724 1294 2790 φησὶ
1328 2722 1554 2792 κύριος’
1595 2723 1724 2791 μίαν

138 2808 242 2859 τ’ἷιν
300 2809 535 2861 ἐντολῶν
569 2811 775 2865 τούτων
823 2814 931 2865 τῶν
958 2814 1281 2885 ἐλαχίστων,
1327 2817 1422 2868 καὶ
1453 2817 1724 2871 διδάσκων

139 2897 310 2960 οὕτως
336 2901 464 2961 τοὺς
495 2901 840 2973 ἀνθρώπους,
878 2906 1149 2969 τουτέστι,
1190 2907 1480 2972 διακένως,
1518 2909 1604 2976 ἐφ’
1643 2903 1724 2973 οἷς

140 2992 236 3044 οὑκ
284 2992 607 3057 ἐκοπίασεν,
660 2995 946 3065 ἐλάχιστος
982 2997 1336 3067 κληθήσεται,
1377 3004 1552 3068 μέγας
1581 2999 1638 3052 δὲ
1667 2999 1724 3063 ὂς

144 3084 278 3151 μετὰ
306 3085 402 3163 τοῦ
440 3085 646 3155 πρᾶξαι
669 3087 891 3154 διδάξει.
925 3107 945 3140 s
1002 3090 1153 3143 Ἐπεὶ
1192 3094 1283 3145 καὶ
1313 3092 1477 3154 αὑτὸς
1507 3093 1534 3144 ὁ
1565 3092 1724 3147 θεάν-

1829 631 1931 670 1108
1960 617 2213 671 distrahit
2256 615 2409 671 circa
2438 617 2583 670 hunc
2618 619 2910 669 mundum.
2964 616 3062 670 Est
3110 615 3257 669 enim
3308 615 3415 671 hoc

1828 709 1989 762 modo
2017 707 2427 779 intelligendum
2462 723 2476 760 :
2515 705 2835 762 Gloriamini
2875 706 2928 759 in
2963 705 3284 775 arrogantiis
3333 721 3416 759 vc-

1829 801 1978 855 stris.
2016 799 2249 866 Quinam
2307 799 2401 870 qui
2436 798 2699 868 ignoratis
2722 798 2851 868 quid
2882 808 3100 867 postero
3141 797 3230 852 die
3268 797 3417 850 futu-

1829 908 1950 948 rum
1978 893 2065 948 sit.
2091 892 2224 960 Quae
2264 905 2350 948 est
2388 891 2536 945 enim
2579 891 2688 945 vita
2728 888 2950 943 vestra?
2988 897 3098 942 etc.
3154 888 3258 942 Per
3311 889 3417 944 hoc

1829 993 2011 1038 autem
2045 984 2191 1054 quod
2215 983 2292 1038 ait
2322 1000 2336 1037 :
2368 982 2502 1049 Quae
2529 989 2613 1035 est
2636 981 2783 1036 enim
2812 980 2920 1034 vita
2939 979 3145 1033 vestra?
3165 987 3417 1032 contem-

1827 1090 1968 1129 nens
1991 1076 2180 1141 vitam,
2208 1085 2264 1130 et
2289 1090 2388 1145 per
2436 1073 2538 1128 hoc
2602 1073 2744 1126 viam
2788 1082 3123 1139 praestruens
3167 1069 3418 1138 exemplo

1829 1168 1896 1222 ad
1919 1168 2264 1238 fragilitatem
2298 1167 2499 1237 posito,
2545 1166 2619 1220 ita
2675 1165 2955 1233 subjungit
2984 1172 3042 1218 et
3078 1163 3416 1232 exemplum,

1830 1260 2064 1315 reddens
2095 1259 2197 1314 hoc
2222 1259 2615 1313 firmissimum.
2650 1276 2669 1310 ι
2718 1256 3048 1312 Gloriamini
3081 1257 3133 1310 in
3159 1270 3418 1324 arrogan-

1831 1353 1923 1406 tiis
1961 1352 2180 1406 vestris.
2231 1369 2250 1402 s
2285 1352 2559 1420 Arrogans
2587 1358 2644 1403 et
2695 1348 3003 1420 arrogantia
3055 1349 3285 1402 ati'ectus
3332 1355 3416 1401 est

1827 1445 1895 1499 de
1917 1445 2081 1498 rebus
2111 1459 2220 1497 non
2254 1442 2703 1498 subsistentibus.
2739 1441 2862 1495 Ideo
2882 1440 3043 1494 etiam
3081 1439 3299 1502 ἀλαζών
3328 1439 3415 1492 di-

1830 1538 1972 1592 citur
1997 1538 2026 1588 ὁ
2055 1536 2193 1605 μετὰ
2221 1535 2356 1605 ἄλης
2381 1533 2511 1600 ζῶν,
2546 1534 2599 1588 id
2625 1542 2849 1588 estcum
2893 1532 3026 1586 mari
3061 1531 3270 1594 vivens,
3316 1531 3420 1584 hoc

1831 1636 1913 1681 est
1941 1642 2067 1681 cum
2112 1642 2172 1680 re
2222 1625 2464 1679 instabili
2524 1639 2629 1679 nec
2681 1623 2921 1678 habente
2985 1622 3417 1677 subsistentiam.

1837 1738 1856 1771 ι
1886 1717 2076 1772 Omnis
2094 1717 2389 1771 exsultatio
2421 1716 2547 1770 talis
2577 1717 2718 1770 mala
2751 1726 2853 1769 est.
2888 1734 2906 1766 ι
2952 1713 3170 1782 Repetit
3223 1727 3419 1765 vanam

1833 1810 2212 1882 gloriationem
2249 1824 2373 1878 quae
2408 1824 2477 1862 ex
2511 1808 2769 1878 superbia
2816 1807 2948 1860 oriri
2983 1805 3154 1874 cupit,
3206 1813 3262 1858 et
3296 1813 3419 1858 tan-

1835 1917 2000 1972 quam
2031 1917 2190 1956 suum
2213 1900 2551 1956 concludens
2569 1913 2883 1955 sermonem
2922 1897 3088 1951 infert
3108 1896 3251 1966 quod
3280 1894 3420 1948 mala

1837 1995 1907 2050 sit
1933 2013 1948 2053 :
1983 1993 2130 2064 quod
2159 1995 2207 2049 si
2232 1994 2394 2059 mala,
2417 1994 2610 2064 utique
2644 1992 2811 2046 etiam
2844 2006 2874 2044 a
2907 1991 3144 2059 Maligna
3167 1997 3270 2043 est.
3298 1987 3419 2042 Non

1834 2093 2052 2154 oportet
2077 2092 2259 2138 autem
2290 2097 2386 2138 eos
2419 2083 2509 2154 qui
2539 2097 2635 2152 per
2666 2083 2935 2152 baptisma
2969 2080 3200 2133 Domino
3220 2091 3388 2132 conse
3411 2102 3423 2116 ι

1834 2176 1970 2232 crati
1998 2183 2148 2241 sunt,
2176 2175 2340 2248 473
2363 2176 2501 2230 ullas
2544 2174 2823 2243 suscipere
2854 2189 2885 2227 a
2929 2172 3165 2240 Maligna
3197 2172 3416 2239 insper-

1834 2269 2038 2324 siones.
2081 2267 2250 2323 Infert
2282 2277 2470 2322 autem
2514 2274 2571 2321 et
2598 2264 2703 2320 hoc
2738 2264 2948 2334 :lgitur
2977 2264 3071 2330 qui
3099 2263 3251 2316 novit
3273 2271 3421 2317 recte

1835 2355 2017 2411 facere
2049 2371 2152 2412 nec
2191 2355 2346 2421 facit,
2392 2354 2484 2410 hic
2506 2363 2735 2424 peccato
2781 2362 3044 2408 tenetur:
3089 2366 3423 2421 rursumque

1836 2448 2001 2502 falsos
2033 2449 2289 2503 doctores
2308 2448 2563 2516 corripit.
2599 2445 2740 2500 Num
2773 2446 2893 2499 haec
2924 2444 3095 2498 audes
3142 2443 3422 2512 corripere

1837 2555 1962 2595 cum
1990 2556 2101 2594 non
2135 2540 2286 2609 prius
2314 2540 2368 2593 in
2415 2540 2498 2593 his
2550 2547 2696 2592 recte
2745 2544 2796 2591 te
2856 2535 3134 2606 gesseris?
3171 2555 3187 2584 ι
3226 2535 3423 2590 Beatus

1839 2635 2008 2697 enim,
2060 2634 2263 2703 inquit,
2293 2648 2405 2687 non
2443 2633 2534 2702 qui
2561 2631 2834 2694 docuerit,
2877 2630 2974 2685 sed
3003 2629 3096 2699 qui
3133 2630 3324 2683 fecerit
3367 2635 3424 2682 ct

1837 2727 2109 2783 docuerit.
2174 2744 2192 2778 ι
2262 2725 2491 2795 Oportet
2569 2725 2717 2778 enim
2772 2731 2829 2778 ut
2885 2737 3053 2791 opera
3114 2736 3422 2775 sermonem

1837 2816 2171 2886 praecedant,
2226 2815 2486 2883 quoniam
2536 2813 2719 2883 justus
2775 2811 3073 2866 exhibitam
3127 2810 3286 2863 ﬁdem
3323 2827 3423 2863 nn-

1838 2908 2078 2962 nuntiat.
2135 2925 2153 2958 ι
2211 2905 2348 2960 Nam
2405 2906 2498 2976 qui
2552 2905 2799 2969 solverit,
2861 2904 3043 2973 inquit
3137 2902 3421 2965 Dominus.

1841 3016 2012 3054 unum
2063 2999 2132 3054 de
2182 3000 2461 3054 mandatis
2499 2999 2619 3053 istis
2660 2997 2922 3061 minimis,
2967 3005 3021 3049 et
3070 2995 3316 3048 docuerit
3346 2995 3427 3048 sic

1840 3091 2116 3155 homines,
2148 3090 2204 3145 id
2236 3097 2340 3154 est,
2373 3090 2633 3149 inaniter,
2667 3103 2863 3157 nempe
2893 3103 2956 3141 ca
2987 3086 3038 3138 in
3074 3085 3273 3154 quibus
3313 3100 3425 3139 non

146 3175 388 3244 θρωπος,
413 3170 489 3230 ὧν
521 3179 727 3247 ήρξατο
755 3183 950 3244 ποιεῖν,
993 3183 1198 3236 τούτων
1238 3185 1331 3236 καὶ
1375 3185 1728 3239 διδασκαλίαν

1838 3183 2127 3247 laboravit,
2165 3181 2428 3235 minimus
2466 3180 2751 3235 vocabitur
2791 3197 2802 3231 :
2849 3193 3076 3247 ntaguus
3116 3185 3300 3229 autem
3349 3177 3417 3238 is,

143 3268 396 3320 ἐποιεῖτο,
447 3268 670 3323 Τοιοῦτό
702 3289 792 3340 μοι
837 3273 1110 3328 δοκεῖκαὶ
1141 3275 1221 3339 τὸ,
1260 3295 1278 3326 ι
1325 3277 1382 3328 '0
1425 3277 1729 3348 καυχώμε-

142 3378 244 3423 νος,
282 3362 341 3412 ἐν
380 3361 572 3430 Κυρίῳ
598 3365 918 3432 καυχάσθω,
966 3385 985 3416 ι
1029 3367 1150 3419 ἀντὶ
1182 3367 1298 3442 τοῦ,
1328 3371 1470 3422 κατά
1500 3368 1728 3440 Κύριον,

143 3453 330 3520 ἐκείνῳ
375 3452 660 3521 χρώμενος
705 3457 1066 3526 ὑποδείγματι
1117 3460 1251 3512 πολὺ
1303 3459 1589 3530 πρότερον,
1640 3461 1735 3515 καὶ

142 3545 274 3594 οῑτω
310 3545 503 3606 ποιῶν,
532 3545 675 3599 οὓτω
703 3549 995 3603 διδάσκων.
1037 3550 1190 3603 Ἐπεὶ
1223 3552 1318 3604 καὶ
1348 3553 1476 3605 ὅταν
1503 3555 1670 3622 φησιν
1703 3554 1732 3606 δ

146 3636 296 3687 Δαυίδ
318 3654 332 3666 ο
380 3657 397 3687 ι
436 3639 525 3690 Ἐν
556 3638 635 3708 τῷ
669 3641 856 3710 Κυρίῳ
881 3642 1300 3712 ἐπαινεθήσεται
1330 3647 1361 3713 ἡ
1389 3644 1536 3715 ψυχή
1569 3663 1724 3714 pou,»

145 3727 236 3779 οὐκ
259 3728 392 3780 ἄλλο
439 3747 628 3797 φησιν,
666 3731 697 3802 ἢ
731 3733 814 3785 ὅτι
849 3735 991 3788 κατά
1035 3735 1133 3798 τὰς
1174 3736 1397 3801 ἐντολάς
1431 3739 1732 3809 πορευόμε-

145 3832 228 3878 νος
254 3817 349 3869 τοῦ
382 3820 589 3888 Κυρίου
615 3823 954 3893 ὲπαινεθείη.

1836 3275 1927 3344 qui
1953 3274 2115 3328 simul
2148 3282 2204 3327 et
2228 3272 2418 3327 fecerit
2445 3281 2498 3326 et
2525 3270 2776 3326 docuerit
2803 3271 2873 3323 ⁵ο.
2916 3289 2933 3319 ι
2968 3266 3422 3336 Quandoquidem

1835 3367 2030 3436 etipse
2062 3367 2206 3421 Deus
2230 3375 2286 3421 et
2318 3366 2483 3419 homo
2537 3365 2732 3418 horum
2793 3363 3108 3416 doctrinam
3175 3360 3424 3414 tradebat

1834 3477 1956 3532 quae
1987 3461 2222 3531 primum
2262 3459 2444 3513 facere
2475 3468 2722 3527 eceperat
2746 3458 2814 3509 ⁵⁸.
2845 3454 3166 3524 llnjusmodi
3207 3468 3423 3521 quoque

1835 3554 2051 3607 videtur
2083 3552 2226 3620 quod
2258 3552 2333 3604 ait
2363 3549 2592 3603 Paulus:
2633 3567 2651 3598 ι
2686 3548 2787 3612 Qui
2817 3547 3094 3617 gloriatur,
3117 3545 3171 3597 in
3198 3543 3425 3596 Domino

1842 3646 2106 3717 glorietur
2132 3646 2177 3676 ”
2205 3661 2218 3708 ;
2251 3664 2266 3694 ι
2307 3644 2412 3698 hoc
2439 3653 2542 3702 est.
2571 3642 2876 3695 secundum
2913 3639 3225 3699 Dominum,
3279 3636 3425 3689 illius

1843 3738 2002 3807 longe.
2022 3749 2185 3790 antea
2214 3745 2378 3790 utens
2406 3733 2680 3803 exemplo,
2713 3742 2769 3787 et
2796 3732 2868 3785 ita
2897 3731 3102 3785 t'aciens
3134 3739 3190 3783 et
3219 3728 3289 3781 ita
3322 3727 3425 3780 do-

1839 3844 1989 3884 cens.
2030 3827 2304 3893 Quoniam
2336 3837 2391 3880 et
2426 3824 2597 3880 David
2649 3841 2773 3880 cum
2821 3825 2897 3878 ait
2947 3843 2959 3878 :
3010 3842 3030 3874 ι
3081 3823 3140 3876 In
3195 3819 3425 3875 Domino

146 3907 452 3964 hudabitur
525 3913 709 3968 anima
775 3930 896 3969 mea
955 3917 1030 3981 ⁵³,
1091 3935 1110 3968 ι
1177 3932 1290 3970 non
1345 3918 1495 3973 aliud
1557 3919 1712 3985 dicit,
1789 3935 1954 3990 quam
2007 3920 2154 3990 quod
2207 3919 2462 3990 gradiens
2503 3919 2655 3988 juxta
2723 3918 2940 3972 Domini
2991 3925 3260 3987 praecepta
3305 3915 3424 3968 lau-

145 4001 312 4056 detur.

215 4098 350 4163 Ἀγε
377 4095 520 4159 νῦν,
544 4099 599 4150 οι
645 4099 949 4163 πλούσιοι,
990 4102 1299 4156 κλαύσατε
1332 4103 1727 4172 ὀλολύζοντες

145 4187 234 4239 ἐπὶ
273 4188 405 4252 ταῖς
433 4193 864 4257 ταλαιπωρίαις
912 4192 1080 4261 ὑμῶν
1119 4195 1249 4260 ταῖς
1274 4197 1727 4265 ἐπερχομέναις.

157 4281 216 4330 ’0
243 4283 517 4347 πλοῦτος
545 4281 714 4351 ὑμῶν
743 4284 1004 4352 σέσηπε.
1034 4285 1114 4340 Τὰ
1134 4287 1334 4355 Ιμὰτια
1363 4287 1528 4356 ὑμῶν
1550 4290 1734 4355 σητό-

147 4375 327 4440 ϐρωτα
363 4376 638 4444 γέγονεν.
686 4376 740 4429 ’0
774 4380 1007 4445 χρυσὸς
1041 4378 1206 4447 ὑμῶν
1246 4381 1345 4432 καὶ
1398 4384 1429 4434 ό
1478 4381 1735 4450 ἄργυρος

148 4468 442 4521 κατίωται.
482 4467 593 4520 Καὶ
645 4470 679 4520 d
733 4468 824 4533 ίὸς
869 4468 1069 4523 αὐτῶν
1102 4473 1187 4536 εις
1225 4471 1553 4539 μαρτύριον
1589 4473 1733 4540 ὑμῖν

148 4555 330 4618 ἔσται,
383 4559 484 4610 καὶ
538 4558 788 4626 φάγεται
833 4560 940 4624 τὰς
981 4559 1215 4626 σάρκας
1250 4561 1413 4628 ὑμῶν
1462 4562 1541 4626 ὡς
1585 4563 1725 4628 πῦρ.

160 4649 637 4717 Ἐθησαυρίσατε
672 4650 860 4718 ὀργὴν
883 4652 952 4704 ἐν
978 4653 1267 4720 ἐσχάταις
1292 4652 1729 4721 ἢμέραιςΗδοὺ

148 4741 179 4791 ό
202 4744 421 4807 μισθὸς
448 4741 567 4794 τῶν
587 4743 851 4810 ἐργατῶν
873 4744 993 4796 τῶν
1017 4745 1385 4812 ἀμησάντων
1406 4745 1512 4810 τὰς
1535 4745 1730 4812 χώρας

146 4830 322 4895 ὑμῶν,
359 4834 394 4885 ό
420 4833 913 4900 ἀπεστερημένος
952 4833 1052 4902 ἀφ’
1082 4833 1251 4901 ὑμῶν
1281 4834 1494 4901 κράζει.
1527 4835 1634 4888 Καὶ
1667 4838 1727 4889 αὶ

142 4919 274 4979 ,βι-αὶ
303 4921 424 4974 τῶν
452 4923 822 4989 θερισάντων
848 4927 936 4988 εις
966 4924 1040 4977 τὰ
1079 4921 1201 4980 ὦτα
1236 4925 1458 4992 Κυρίου
1487 4923 1728 4979 Σιιΰαὼθ

147 5017 630 5080 εἰσεληλύθασιν.
704 5016 1114 5087 Ἐτρυερήσατε
1155 5018 1253 5070 ἐπὶ
1310 5015 1417 5084 τῆς
1467 5015 1582 5083 τῆς
1628 5015 1728 5070 καὶ

149 5105 629 5174 ἐσπαταλήσατε.
669 5110 990 5178 Ἑτρέψατε
1017 5110 1125 5175 τὰς
1153 5109 1401 5176 καρδίας
1434 5106 1616 5177 ὑμῶν,
1648 5108 1729 5174 ὡς

149 5196 212 5247 ἐν
237 5199 422 5268 ἡμέρᾳ
450 5201 716 5269 σφαγῆς.
743 5201 1204 5265 Κατεδικάσατε,
1225 5201 1600 5270 ἐφονεύσατε
1623 5200 1728 5251 τὸν

148 5287 390 5359 dignior.
414 5293 542 5344 Οὐκ
569 5293 996 5347 ἀντιτάσσεται
1031 5293 1193 5361 ὑμῖν.

219 5400 238 5433 ι
272 5386 402 5450 ’Ᾱγε
431 5383 580 5436 νῦν.»
618 5383 688 5436 Τὸ
720 5385 981 5453 φειδωλὸν
1007 5386 1101 5438 καὶ
1133 5385 1392 5455 γλίσχρον
1421 5385 1529 5438 τῶν
1557 5387 1723 5439 πλου-

153 5476 272 5526 σίων
293 5477 490 5546 θρῆνον
515 5479 696 5530 αὑτῶν
726 5482 982 5542 ποιεῖται,
1020 5479 1295 5542 ὀλολύζειν
1323 5478 1523 5540 αὑτοὺς
1544 5497 1725 5550 παρα-

153 5566 519 5636 κελευόμενος,
559 5570 833 5637 τουτέστι,
867 5570 1109 5641 θρηνεῖν,
1140 5571 1216 5634 ὡς
1247 5572 1324 5633 είς
1369 5569 1721 5640 ἀνύπαρκτον

154 5659 239 5709 καὶ
269 5659 472 5730 φθοράν
507 5662 945 5731 ταμιευομένους
985 5665 1080 5716 τὸν
1119 5662 1354 5716 πλοῦτον
1391 5662 1594 5729 αὐτῶν,
1624 5663 1719 5716 καὶ

211 5840 252 5872 ⁵⁸
275 5840 462 5899 Matth.
504 5858 586 5908 t:|,
621 5843 705 5899 l9.
775 5845 813 5877 ⁸¹
849 5843 971 5898 Act.
1004 5859 1045 5911 ι,
1089 5843 1138 5901 1.

1903 4106 1968 4172 V,
2012 4106 2129 4161 1-6.
2162 4107 2313 4177 Agite
2341 4123 2502 4170 nunc,
2527 4104 2960 4172 divites,plorate
2982 4103 3242 4171 cjulautes
3265 4121 3424 4174 super

1831 4200 2058 4252 miseriis
2113 4200 2299 4252 vestris
2358 4213 2473 4266 qum
2527 4197 2920 4266 supervenient.
2969 4195 3181 4248 Divitiw
3236 4207 3425 4251 vestras

1835 4293 2148 4361 putrefacta?
2190 4300 2310 4344 sunt
2352 4306 2368 4342 :
2419 4291 2728 4343 vestimenta
2779 4302 2953 4342 vestra
2997 4289 3149 4341 tineis
3200 4291 3424 4343 obnoxia

1836 4383 1976 4452 facta
2005 4390 2146 4435 sunt.
2191 4381 2393 4434 Aurum
2424 4389 2473 4432 et
2501 4389 2782 4446 argentum
2818 4389 3048 4433 vestrum
3091 4379 3310 4447 erugine
3341 4382 3424 4432 vi-

1841 4476 2034 4526 tiatum
2063 4483 2139 4524 est
2163 4486 2180 4523 :
2217 4479 2268 4522 et
2307 4484 2468 4537 erugo
2490 4485 2670 4521 eorum
2693 4469 2746 4520 in
2773 4469 3124 4521 testimonium
3145 4470 3284 4521 vobis
3301 4470 3423 4535 erit,

1839 4573 1886 4616 et
1923 4564 2103 4616 exedet
2149 4576 2335 4613 carnes
2381 4568 2582 4612 vestras
2628 4559 2762 4610 sicut
2810 4558 2969 4626 ignis.
3029 4556 3134 4610 Pro
3180 4559 3424 4610 thesauro

1841 4659 2208 4713 recondidistis
2244 4657 2382 4711 vobis
2433 4655 2570 4705 iram
2623 4655 2679 4706 in
2729 4655 2971 4706 extremis
3023 4655 3234 4706 diebus.
3292 4653 3425 4707 Ecce

1841 4766 2038 4804 merces
2060 4749 2418 4815 operariorum
2444 4747 2534 4816 qui
2567 4755 2892 4797 messuerunt
2929 4746 3167 4814 regiones
3199 4755 3421 4810 vestras,

1837 4860 1955 4913 quae
1988 4844 2176 4912 fraude
2205 4857 2309 4894 non
2349 4841 2554 4894 reddita
2582 4849 2657 4893 est
2687 4857 2718 4892 a
2749 4838 2911 4902 vobis,
2943 4839 3140 4891 clamat
3176 4855 3194 4892 :
3227 4850 3272 4892 et
3307 4840 3423 4891 cla-

1838 4949 2002 4985 mores
2037 4933 2125 5001 qui
2152 4938 2495 4994 messuerant,
2539 4931 2595 4981 in
2620 4945 2775 4982 aures
2810 4928 3019 4980 Domini
3047 4929 3282 4981 Sabaoth
3338 4931 3422 4981 in-

1835 5025 2106 5078 troierunt.
2134 5022 2195 5075 In
2217 5021 2419 5074 delictis
2451 5020 2657 5073 vixistis
2711 5035 2865 5087 super
2911 5028 3104 5071 terram
3132 5029 3178 5071 et
3208 5019 3422 5073 laseivi-

1827 5115 1942 5176 slis,
1983 5113 2252 5166 enutristis
2281 5111 2439 5162 corda
2463 5119 2632 5163 vestra
2660 5119 2932 5178 tanquam,
2959 5111 3012 5162 in
3041 5111 3177 5162 diem
3209 5112 3424 5164 occisio-

1831 5207 1933 5258 nis.
1977 5203 2371 5258 Condemnastis
2411 5208 2460 5254 et
2506 5202 2768 5255 occidistis
2813 5202 3044 5270 justum,
3091 5217 3182 5254 nec
3228 5203 3420 5257 restitit

1825 5298 1985 5351 vobis.

1901 5408 1919 5438 ι
1953 5388 2103 5453 Agite
2127 5403 2294 5443 nunc.
2319 5408 2338 5440 ο
2363 5386 2597 5443 Divitum
2623 5384 2972 5439 tenacitatem
3005 5398 3068 5436 ac
3093 5382 3418 5451 parcitatem

1830 5480 1956 5535 facit
1975 5481 2422 5537 lamentationem
2444 5483 2711 5551 ipsorum,
2739 5477 2949 5545 ejulare
2965 5491 3063 5530 eos
3080 5475 3420 5544 jubens,hoc

1827 5584 1930 5639 est,
1951 5575 2256 5639 lamentari,
2274 5584 2332 5629 ut
2351 5575 2443 5644 qui
2466 5573 2533 5627 ad
2550 5571 2828 5626 interitum
2848 5567 3267 5638 etperditionem
3292 5580 3420 5620 suas

1828 5665 2381 5729 reeondantdiritias,
2406 5663 2670 5732 nccipsas
2703 5666 2963 5714 nsumant
2983 5657 3039 5712 in
3054 5655 3418 5726 egenoszsola

1222 5845 1493 5901 "Jercin.
1528 5860 1604 5912 ts,
1641 5844 1747 5912 ιω
1797 5844 1840 5898 ll
1873 5842 1997 5905 Cor.
2033 5859 2084 5909 χ,
2139 5843 2220 5898 l7.
2301 5842 2348 5873 ⁸³
2396 5839 2540 5896 Psal.
2599 5852 2791 5904 xsxnl,
2846 5836 2900 5892 5.
