4178 6454
733 397 842 462 507

1799 401 2195 462 (ECUMENII
2225 403 2517 464 TRICCzE
2546 404 2886 466 EPISCOPI

3901 393 4012 457 503

734 513 787 565 iu
823 512 1064 582 hisqua:
1089 509 1233 565 facto
1261 524 1370 564 non
1407 508 1767 580 respondent.
1807 529 1824 562 ι
1864 511 2066 566 Utnon
2089 512 2143 565 in
2180 527 2316 568 eon-

2430 514 2666 583 βεϐαίου.
2712 515 2808 568 καὶ
2839 516 2871 583 ἡ
2902 514 3278 584 ἀπαγόρευσις
3315 513 3408 566 ἐπὶ
3440 511 3518 584 μὴ
3561 513 3695 575 οἵοις
3724 511 4008 578 γενέσθαι.

732 603 1136 658 damnationem
1169 601 1400 656 cadatis.
1451 620 1470 653 ι
1521 601 1842 672 ’Υπόκρισιν
1877 602 2012 659 dicit
2046 605 2316 675 κατάκρι-

739 713 847 754 σιν.
883 695 934 749 id
963 704 1049 748 est
1095 693 1632 754 condemnationem.
1663 709 1786 762 quae
1835 695 2193 764 subsequitur
2220 709 2316 750 eos

733 787 826 856 qui
859 787 1202 850 incessanter
1231 795 1286 840 et
1313 785 1430 840 sine
1467 786 1684 840 delectu
1731 786 1921 857 jurant
1954 803 1968 838 :
2011 797 2066 841 et
2095 786 2314 856 iurandi

733 879 1134 934 consuetudine
1184 878 1250 930 ad
1304 878 1602 946 perjurium
1659 877 1935 934 feruntur.
1986 881 2096 933 Aut
2151 881 2314 934 etiam

735 969 907 1023 dictio
939 969 1229 1037 ὑπόκρισιν
1259 969 1362 1021 hoc
1393 969 1514 1023 loco
1536 971 1819 1040 proprium
1856 971 2022 1025 habet
2041 971 2315 1041 signiﬁca-

741 1070 854 1113 tum
881 1062 1049 1129 (puta
1094 1059 1535 1128 simulationem)
1583 1063 1729 1131 quod
1782 1062 1932 1116 aliud
1968 1071 2054 1116 est
2087 1073 2140 1118 et
2167 1063 2316 1118 aliud

738 1163 980 1223 apparet.
1009 1153 1296 1219 Quomodo
1333 1169 1461 1224 ergo
1491 1153 1541 1206 in
1592 1153 1920 1222 hypocrisin:
1951 1155 2100 1209 cadit
2147 1155 2192 1210 is
2223 1156 2317 1225 qui

735 1246 918 1316 jurst?
951 1263 1072 1302 cum
1096 1247 1409 1314 iuramento
1433 1245 1671 1299 creditur
1714 1246 1934 1314 quidem
1981 1263 2142 1301 verax
2173 1262 2314 1312 esse,

745 1347 801 1391 at
840 1336 1200 1406 subsequenti
1231 1336 1662 1405 transgressione
1713 1337 1947 1391 mendax
1997 1353 2096 1406 pro
2138 1338 2318 1392 veraci

744 1430 1197 1498 deprehenditur.
1235 1426 1342 1481 Aut
1398 1428 1561 1482 etiam
1623 1430 1748 1498 quia
1804 1429 1916 1495 ναὶ,
1949 1430 1999 1483 id
2029 1440 2106 1484 est
2147 1441 2316 1495 certe,

743 1536 852 1573 non
883 1521 949 1573 ad
975 1519 1446 1572 conﬁrmationem
1479 1519 1770 1586 profertur,
1804 1535 1980 1591 neque
2005 1520 2091 1584 οὗ,
2134 1521 2184 1576 id
2212 1529 2314 1584 est,

743 1627 878 1675 non,
906 1612 973 1665 ad
1003 1610 1054 1666 id
1088 1612 1232 1680 quod
1279 1629 1388 1666 non
1429 1616 1724 1682 restioudet
1774 1614 1940 1670 facto.
2001 1615 2099 1669 Per
2152 1616 2316 1669 Deum

743 1712 925 1755 autem
963 1703 1150 1770 jurare
1181 1704 1431 1771 prohibet
1464 1715 1684 1773 propter
1707 1707 2009 1775 perjurium
2045 1725 2056 1758 :
2090 1721 2184 1774 per
2211 1720 2321 1760 cte-

746 1795 854 1847 lum
898 1811 1026 1848 vero
1064 1805 1121 1849 et
1165 1797 1396 1865 reliqua,
1429 1813 1496 1851 ne
1533 1808 1586 1851 et
1615 1800 1729 1854 hch
1759 1801 1823 1852 ad
1856 1800 2102 1854 divinum
2143 1800 2320 1854 hono-

745 1901 859 1938 rem
914 1887 1240 1941 referautur.
1302 1887 1623 1959 Quicunque
1658 1891 1804 1944 enim
1831 1892 2041 1961 jurant,
2076 1905 2173 1960 per
2205 1906 2319 1944 ma-
2355 1894 2395 1949 Β

741 1979 918 2047 jorem
958 1979 1162 2046 jurant.
1881 2044 1883 2046 _

818 2068 883 2125 γ.
920 2071 1106 2126 15-18.
1145 2071 1406 2142 Aﬂligitur
1433 2072 1628 2142 aliquis
1656 2073 1792 2126 inter
1817 2076 1948 2129 vos?
1984 2087 2114 2129 oret.
2148 2075 2323 2146 Equo

748 2163 927 2214 animo
955 2164 1275 2234 estaliquis?
1308 2164 1521 2232 psallat.
1553 2164 1868 2233 Inﬁrmatur
1895 2169 2008 2236 quis
2038 2169 2176 2220 inter
2205 2169 2324 2222 eos?

748 2264 984 2308 accersat
1021 2255 1342 2323 presbyteros
1383 2255 1631 2320 ecclesia',
1682 2265 1729 2308 et
1777 2267 1925 2308 orent
1980 2273 2137 2324 super
2182 2273 2323 2318 eum,

747 2356 996 2415 augentes
1029 2364 1142 2399 eum
1173 2346 1285 2399 oleo
1309 2348 1360 2399 in
1395 2347 1601 2400 nomine
1640 2346 1873 2412 Domini,
1929 2358 1978 2401 et
2029 2349 2325 2402 obsecratio

748 2439 870 2507 ﬁdei
899 2437 1103 2491 salvum
1137 2441 1312 2492 reddet
1363 2440 1714 2503 laborantem,
1767 2449 1813 2493 et
1847 2441 2006 2508 eriget
2060 2456 2178 2493 eum
2219 2439 2327 2494 Do-

752 2530 925 2582 minus
959 2546 976 2582 :
1013 2539 1061 2582 et
1083 2531 1128 2582 si
1169 2532 1222 2582 in
1254 2533 1479 2600 peccatis
1506 2532 1685 2600 fuerit,
1716 2534 2050 2585 remittemur
2080 2532 2147 2587 ei.
2183 2532 2325 2587 Con-

752 2621 981 2688 fitemini
1008 2623 1224 2674 invicem
1255 2624 1469 2684 delicta,
1517 2634 1563 2676 et
1596 2633 1744 2676 orate
1787 2641 1881 2693 pro
1911 2624 2053 2678 vobis
2105 2626 2328 2679 invicem

753 2719 810 2762 ut
840 2713 1118 2766 sanemini.
1161 2713 1378 2766 Multum
1412 2714 1545 2768 valet
1593 2715 1892 2782 deprecatio
1939 2715 2074 2784 justi
2123 2716 2323 2785 cﬂicax.

754 2803 901 2858 Elias
933 2805 1084 2858 homo
1114 2816 1227 2859 erat
1249 2808 1492 2860 similiter
1518 2808 1775 2862 obnoxius
1800 2807 2164 2878 affectionibus
2187 2809 2327 2864 sicut

754 2912 868 2958 nos,
903 2913 949 2950 et
981 2899 1280 2965 precatione
1300 2910 1540 2965 precatus
1560 2909 1631 2954 est
1652 2917 1714 2954 ne
1730 2901 1949 2966 plueret,
1985 2910 2033 2954 et
2063 2918 2163 2954 non
2193 2902 2328 2971 pluit

752 3003 912 3054 super
973 2998 1165 3041 terram
1199 3007 1365 3044 annos
1396 3001 1497 3044 tres
1531 3001 1577 3044 et
1609 3008 1807 3045 menses
1850 3009 1962 3047 sex.
2004 2992 2330 3062 Rursumque

753 3081 946 3146 oravit,
975 3091 1023 3133 et
1047 3082 1229 3135 caelum
1252 3082 1660 3153 deditpluviam,
1685 3093 1734 3138 et
1765 3093 1908 3139 terra
1933 3085 2182 3154 produxit
2210 3085 2327 3153 fru-

755 3179 896 3224 ctum
928 3188 1104 3225 suum.

2424 623 2442 655 ι
2482 604 2600 658 Ἰνα
2640 605 2714 675 μὴ
2766 605 2844 667 si;
2874 605 3165 674 ὑπόκρισιν
3212 604 3438 674 πέσητε.
3471 622 3492 655 s
3523 603 3633 671 Τὴν
3680 602 4015 669 ὑπόκρισιν

2418 695 2537 766 ἦτοι
2578 695 2677 766 τὴν
2729 698 3086 765 κατάκρισιν
3119 697 3290 764 λέγει,
3327 696 3452 766 ητις
3495 694 3855 748 ἐπακολουθεῖ
3893 697 4011 757 τοῖς

2419 791 2662 860 ἀφειδῶς
2687 792 2974 861 ὀμνύουσι,
3006 794 3102 846 καὶ
3127 791 3218 846 διὰ
3245 793 3344 862 τῆς
3378 791 3668 861 συνηθείας
3691 791 3802 845 τῶν
3825 791 4013 859 ὅρκων

2419 884 2513 937 ἰπὶ
2547 884 2608 938 τὸ
2641 885 2924 954 ιπιορκεῐν
2947 884 3358 955 ἐκφερομένοις.
3395 886 3464 937 Ἦ
3494 885 3590 937 καί
3613 882 3746 936 αὐτὸ
3780 883 3843 934 τὸ
3873 883 4012 934 0:0-

2420 975 2705 1046 κρίνεσθαι
2752 976 3009 1045 σημαίνει
3054 975 3296 1030 ἐνταῦθα
3335 975 3396 1029 τὺ
3439 975 3634 1043 ὄνομα,
3683 975 3712 1026 ὃ
3751 974 3882 1027 ἀλλο
3920 973 4008 1038 ὃν,

2419 1065 2605 1137 ἓτερον
2637 1067 2908 1136 φαίνεται.
2935 1067 3060 1129 Πῶς
3084 1066 3180 1121 οὖν
3214 1069 3294 1131 εἰς
3320 1066 3614 1136 ὑπόκρισιν
3653 1067 3682 1118 ό
3711 1064 3885 1133 ὀμνὺς
3911 1064 4011 1116 πί-

2421 1174 2544 1210 πτει
2570 1173 2585 1222 ;
2608 1158 3008 1228 Πιστευὸμενος
3034 1160 3132 1228 μὲν
3156 1159 3246 1212 διὰ,
3274 1158 3382 1211 τῶν
3403 1159 3582 1226 ὅρκων
3610 1157 3813 1226 ἀληθὴς
3838 1153 4006 1217 εἶναι,

2421 1250 2791 1320 παραόάσεως
2840 1251 2896 1303 δὲ
2945 1250 3442 1314 ἐπακολουθούσης,
3469 1249 3712 1319 ψεύστης
3747 1250 3875 1301 ἀντὶ
3908 1247 4006 1300 το]

2422 1341 2656 1410 ἀληθοῦς
2703 1341 3162 1412 ἀποφαινόμενος.
3211 1343 3279 1394 Ἢ
3335 1344 3429 1394 καὶ
3482 1342 3567 1404 τὸ,
3614 1339 3746 1406 Ναὶ,
3803 1340 3879 1409 μὴ
3915 1341 4010 1392 ἐπὶ

2423 1431 2643 1501 βεϐαίου
2674 1433 2984 1505 προφέρων,
3012 1434 3146 1502 μηδὲ
3174 1433 3256 1496 τὸ,
3279 1432 3384 1496 Οῦ,
3403 1433 3496 1485 ἐπὶ
3528 1432 3622 1484 τοῦ
3651 1433 3726 1500 μὴ
3755 1432 3873 1483 οἴου
3905 1447 4009 1484 πε-

2422 1525 2690 1594 πρᾶχθαι.
2751 1526 2967 1579 κωλύει
3030 1527 3087 1579 δὲ
3140 1526 3284 1578 κατά
3334 1524 3469 1578 Θεοῦ
3505 1525 3727 1593 ὀμνύειν
3775 1524 3866 1576 διά
3907 1524 4008 1592 την

2421 1617 2730 1686 ἐπιορκίαν,
2773 1619 2912 1670 κατά
2944 1619 3000 1672 δὲ
3031 1619 3124 1672 τοῦ
3158 1618 3395 1688 ούρανοῦ
3427 1619 3524 1671 καὶ
3553 1618 3662 1670 τῶν
3689 1617 3889 1680 ἀλλων,
3920 1617 4009 1669 διὰ

2421 1705 2480 1757 τὸ
2518 1705 2591 1776 μὴ
2631 1708 2726 1758 καὶ
2771 1708 2947 1762 ταῦτα
2987 1710 3066 1771 εἰς
3103 1709 3240 1762 Θεοῦ
3295 1709 3466 1778 τιμὴν
3513 1709 3761 1776 ἀνάγειν.
3799 1707 4008 1769 Πάντες

2423 1799 2531 1870 γάρ
2563 1801 2612 1852 ol
2642 1801 2937 1869 ὀμνύοντες
2983 1805 3125 1856 κατά
3155 1802 3250 1856 τοῦ
3287 1803 3536 1873 μείζονος
3573 1800 3859 1871 ὀμνύουσι.

2495 2052 2840 2108 Κακοπαθεῖ
2867 2070 2956 2117 τις
3005 2053 3076 2105 ἐν
3105 2051 3286 2120 ὑμῖν;
3329 2051 3777 2120 προσευχέσθω.
3813 2053 4009 2105 sese-

2420 2146 2525 2216 μεῖ
2553 2165 2640 2212 τις
2661 2164 2678 2211 ;
2716 2145 3024 2200 ’1⁸αλλέτω.
3072 2145 3344 2200 Ἀσθενεῖ
3383 2163 3474 2210 τις
3501 2145 3571 2198 ἐν
3596 2144 3776 2212 ὐμῖν;
3812 2159 4007 2212 προσ-

2427 2238 2790 2294 καλεσάσθω
2821 2237 2962 2304 τοὺς
3001 2237 3451 2306 πρεσϐυτέρους
3476 2235 3586 2304 τῆς
3615 2238 4010 2303 Ἐκκλησίας,

2428 2331 2527 2385 καὶ
2581 2329 3144 2398 προσευξάσθωσαν
3212 2329 3302 2382 ἐπ’
3359 2329 3572 2393 αὑτὸν,
3641 2329 4012 2396 ἀλείψαντες

2427 2421 2616 2476 αὑτὸν
2656 2421 2838 2485 ἐλαίῳ
2877 2421 2946 2473 ἐν
2985 2419 3064 2486 τῷ
3116 2420 3362 2490 ὀνόματι
3407 2420 3516 2474 τοῦ
3552 2421 3797 2488 Κυρίου.
3832 2406 3949 2473 Καί
3977 2421 4010 2485 ἠ

2429 2513 2580 2582 εὐχὴ
2635 2513 2746 2579 τῆς
2803 2514 3065 2577 πίστεως
3121 2509 3310 2566 σώσει
3366 2511 3475 2565 τὸν
3525 2513 3855 2580 κάμνοντα,
3914 2512 4011 2565 καί

2428 2603 2623 2673 ἐγερεῖ
2654 2602 2842 2657 αὑτὸν
2871 2605 2903 2656 ὀ
2935 2602 3186 2669 Κύριος,
3236 2600 3353 2654 κᾶν
3381 2602 3672 2678 ἁμαρτίας
3695 2595 3737 2671 ᾖ
3764 2615 4013 2666 πεποιηο

2429 2697 2569 2762 κὼς,
2599 2694 2963 2765 ἀφεθήσεται
2994 2693 3176 2759 αὐτῷ.
3195 2692 3694 2763 Ἐξομολογεῖσθε
3715 2692 4016 2756 ἀλλήλοις

2429 2791 2502 2846 τὰ
2563 2787 3024 2860 παραπτώματα,
3059 2785 3158 2841 καὶ
3204 2787 3463 2855 εὔχεσθε
3509 2787 3662 2854 ὑπὲρ
3695 2787 4012 2846 ἀλλήλων,

2431 2885 2586 2948 ὅπως
2639 2881 2860 2951 ἰαθῆτε.
2928 2879 3094 2935 Πολὺ
3137 2880 3340 2948 ίσχὺει
3382 2878 3594 2946 δέησις
3633 2878 3868 2932 δικαίου
3918 2877 4016 2930 ἐι·-

2430 2975 2780 3049 εργουμένη.
2851 2973 3050 3037 Ἠλίας
3133 2971 3444 3040 ἄνθρωπος
3498 2965 3575 3039 ἦν
3647 2966 4017 3037 ὁμοιοπαθὴς

2430 3070 2594 3141 ὑμῖν,
2629 3068 2724 3123 καί
2760 3061 3076 3136 προσευχῇ
3109 3061 3504 3132 προσηύξατο
3533 3061 3640 3115 τοῦ
3667 3059 4015 3130 μὴβρέξαι,

2433 3166 2531 3221 καὶ
2568 3166 2679 3218 οὐκ
2709 3159 2953 3229 ἔϐρεξεν
2975 3157 3074 3211 ἐπὶ
3101 3155 3213 3224 τῆς
3241 3154 3352 3226 τῆς
3383 3153 3706 3218 ἐνιαυτοὺς
3732 3151 3890 3220 τρεῖς
3919 3149 4019 3204 καὶ

748 3265 951 3336 μῆνας
986 3267 1074 3330 ἐξ.
1117 3269 1223 3322 Καὶ
1258 3267 1445 3324 πάλιν
1476 3269 1890 3340 προσηύξατο,
1939 3270 2038 3325 καὶ
2067 3272 2102 3324 ὁ
2142 3268 2401 3338 οὐρανὸς
2427 3263 2606 3322 ὑετὸν
2628 3259 2836 3325 ἔδωκε,
2858 3253 2958 3311 καὶ
3008 3255 3046 3323 ἠ
3081 3252 3155 3325 γῆ
3211 3251 3557 3320 ἐϐλάστησε
3613 3249 3722 3303 τὸν
3782 3245 4021 3316 καρπὸν

752 3360 965 3427 αὐτῆς.

827 3453 1183 3509 Aﬂlictionem
1211 3454 1504 3510 comitatur
1536 3455 1734 3523 oratio,
1771 3465 1831 3510 ut
1865 3455 1914 3510 ei
1945 3455 2036 3525 qui
2069 3453 2325 3525 amigitur

2501 3442 2579 3509 Τῇ
2627 3435 2971 3506 κακοπαθείᾳ.
3015 3431 3294 3504 προσευχὴ
3328 3432 3713 3500 παρομαρτεῖ,
3769 3430 3856 3484 ἵνα
3890 3447 4021 3484 κου-

760 3547 932 3600 lcvior
997 3549 1091 3600 liat
1147 3547 1731 3602 exituS'aﬂlictionum
1791 3548 1905 3602 sive
1943 3547 2326 3601 tentationum.

757 3640 961 3694 Deinde
992 3640 1080 3693 ubi
1099 3639 1265 3711 [.78
1289 3640 1600 3708 precatione
1635 3639 1901 3709 placuerit
1932 3655 1993 3694 ea
2024 3654 2144 3708 quae
2170 3638 2330 3692 nobis

755 3734 982 3787 molesta
1018 3741 1164 3794 sunt,
1189 3741 1241 3786 et
1262 3733 1330 3786 ad
1364 3748 1520 3786 suum
1550 3743 1752 3784 statum
1780 3747 1843 3785 ac
1883 3731 2329 3801 tranquillitatem

758 3825 1073 3895 pervenerit
1106 3825 1311 3887 anima,
1346 3833 1473 3878 tunc
1510 3824 1726 3892 psallat,
1769 3831 1826 3877 ut
1852 3838 1971 3893 quae
2022 3823 2124 3877 sibi
2182 3838 2333 3875 com-

756 3918 916 3972 moda
949 3927 1078 3971 sunt
1121 3916 1575 3984 multiplicantur,
1611 3932 1674 3972 ac
1701 3916 2002 3970 delectetur
2058 3915 2330 3983 spirituali

758 4009 1145 4064 exsultatione.
1192 4007 1472 4076 Siquidem
1509 4007 1757 4061 hilaritas
1788 4023 1851 4060 ac
1878 4007 2192 4075 jueuuditas
2248 4021 2334 4060 re-

757 4110 878 4155 etus
927 4100 1091 4152 animi
1125 4107 1296 4153 status
1343 4108 1444 4161 est,
1487 4099 1636 4168 juxta
1677 4113 1932 4170 maguum
1981 4116 2196 4169 quoque
2235 4116 2332 4153 no-

757 4204 931 4247 strum
963 4192 1242 4255 Basilium,
1310 4192 1634 4260 hymnorum
1684 4192 1798 4245 sive
1852 4191 2164 4245 divinarum
2219 4192 2335 4244 lau-

758 4287 888 4340 dum
919 4285 1322 4338 consolationes
1381 4283 1605 4352 gratiam
1668 4282 1978 4337 conferunt.
2023 4286 2214 4352 Itaque
2243 4283 2334 4352 qui

759 4394 868 4431 non
907 4377 975 4431 ita
1002 4376 1288 4445 processit,
1326 4390 1502 4442 neque
1533 4375 1598 4427 ad
1632 4375 1943 4444 huiusmodi
1978 4384 2178 4429 statum
2209 4390 2331 4444 per-

759 4466 932 4526 venit,
990 4480 1151 4534 quem
1193 4475 1247 4518 et
1287 4462 1452 4517 David
1504 4465 1848 4518 sanctitatem
1891 4475 2048 4518 vocat
2084 4482 2096 4517 :
2129 4482 2145 4514 ι
2189 4464 2336 4518 Psal-

760 4559 875 4618 lite,
909 4559 1178 4627 inquiens,
1219 4556 1446 4609 Domino
1472 4556 1643 4610 sancti
1663 4555 1782 4624 ejus
1812 4556 1883 4620 ",
1927 4573 1947 4607 ι
1985 4571 2208 4624 magnas
2229 4556 2336 4625 agit

758 4666 953 4718 nugas,
1011 4663 1148 4701 vane
1178 4656 1233 4700 et
1285 4645 1520 4699 inaniter
1557 4645 1817 4714 psallens,
1877 4646 2334 4714 quemadmodum

757 4740 924 4794 etiam
985 4737 1271 4806 proverbio
1322 4736 1532 4788 dicunt.
1570 4753 1589 4786 ι
1631 4735 1908 4804 ngentes
1952 4736 2091 4788 oleo.
2155 4753 2173 4784 ι
2222 4734 2334 4787 lloc

760 4832 921 4883 etiam
967 4829 1194 4882 Domino
1223 4827 1364 4880 inter
1414 4826 1665 4880 homines
1731 4826 1910 4879 adhuc
1972 4833 2334 4879 conversaute

759 4921 1032 4974 faciebant
1069 4917 1321 4988 apostoli.
1348 4925 1620 4985 tingentes
1645 4927 1876 4987 aegrotos
1897 4917 2018 4970 oleo
2046 4927 2099 4971 ct
2129 4931 2333 4969 sanan-

762 5024 844 5066 tes
867 5013 931 5064 ⁸³.
963 5032 980 5063 ι
1029 5011 1347 5080 Deprecatio
1385 5009 1592 5065 eilieax.
1635 5029 1653 5062 ι
1687 5010 1882 5064 Eﬂicax
1916 5018 1999 5063 est
2046 5010 2178 5078 justi
2211 5025 2335 5063 ora-

763 5109 858 5170 tio,
883 5105 1100 5175 quando
1124 5104 1167 5157 is
1194 5119 1290 5172 pro
1316 5118 1424 5172 quo
1451 5112 1725 5171 precatur,
1745 5101 2010 5170 spirituali
2043 5102 2334 5156 atllictione

758 5200 960 5268 juverit
989 5212 1112 5251 eum
1147 5194 1236 5264 qui
1263 5204 1534 5264 precatur.
1583 5195 1639 5246 Si
1683 5195 1830 5248 enim
1876 5194 2000 5247 aliis
2033 5209 2131 5262 pro
2175 5194 2335 5246 nobis

758 5292 1068 5352 orantibus,
1106 5305 1208 5344 nos
1240 5303 1494 5343 vacemus
1521 5287 1729 5342 deliciis
1755 5302 1820 5342 ac
1863 5286 2333 5349 dissolutionibus,

764 5387 999 5450 vitasque
1049 5381 1221 5450 plena:
1272 5378 1818 5448 transgressionihus.
1859 5376 2209 5431 dissolvimus
2242 5389 2337 5444 per

762 5480 863 5523 hoc
893 5469 1295 5523 vehementiam
1326 5466 1594 5519 orationis
1624 5482 1746 5534 qua:
1775 5474 1948 5519 certat
1985 5482 2080 5534 pro
2115 5465 2273 5518 nobis
2317 5483 2330 5519 ε

764 5575 819 5615 et
856 5563 1158 5629 completur
1199 5560 1252 5614 iu
1283 5559 1441 5612 nobis
1468 5558 1596 5612 illud
1617 5557 1762 5612 beati
1794 5556 1934 5610 Petri
1975 5575 1987 5609 :
2027 5556 2177 5612 Unus
2205 5555 2337 5610 εεόί-

763 5654 930 5708 ltcaus
969 5661 1024 5705 et
1069 5666 1211 5704 unus
1262 5650 1572 5710 destruens,
1615 5648 1751 5717 quid
1806 5647 2027 5716 prodest
2085 5647 2190 5701 illis
2229 5645 2337 5699 nisi

764 5743 952 5797 labor?

840 5859 880 5883 ⁵⁷
919 5857 1057 5910 Psal.
1099 5871 1184 5918 sx,
1225 5855 1274 5908 5.
1357 5855 1402 5887 “
1448 5853 1610 5908 Marc.
1669 5869 1742 5915 vt,
1803 5855 1881 5908 l5.

2433 3532 2636 3602 φοτέρα
2667 3529 2744 3598 τῷ
2785 3526 3166 3597 πειραζομένῳ
3214 3523 3364 3594 αὐτῷ
3413 3524 3445 3592 ὴ
3485 3521 3720 3585 διέξοδος
3759 3522 3870 3574 τῶν
3900 3541 4020 3574 πει-

2435 3623 2662 3696 ρασμῶν
2698 3621 2944 3691 γίνηται.
2984 3613 3118 3671 Εἶτα
3168 3616 3388 3670 ἐπειδὰν
3430 3616 3518 3668 διὰ
3551 3617 3652 3684 τῆς
3708 3616 4020 3685 προσευχῆς

2433 3713 2784 3782 κατευνασθῇ
2831 3713 2898 3765 τὰ
2941 3708 3258 3780 διοχλοῦντα
3293 3710 3446 3776 ἡμῖν.
3489 3707 3600 3759 Καὶ
3641 3706 3777 3776 πρὸς
3806 3705 3904 3775 τὴν
3937 3709 4017 3757 oi-

2435 3805 2562 3858 κίαν
2614 3805 2948 3856 κατάστασιν
3004 3802 3098 3853 καὶ
3147 3797 3452 3868 ἀταραξίαν
3483 3799 3750 3867 ἀφίκηται
3789 3800 3821 3866 ὴ
3849 3799 4018 3867 ψυχὴ,

2435 3892 2735 3964 τηνικαῦτα
2767 3891 3016 3960 ψαλλέτω
3057 3889 3144 3941 ἵνα
3198 3887 3266 3940 τά
3290 3887 3504 3957 χρηστά
3555 3887 3704 3956 αὐτῷ
3739 3887 4021 3940 πολυπλα-

2438 3985 2654 4056 σιασθῇ,
2681 3985 2775 4037 καὶ
2803 3981 3088 4052 ἐντρυφῴῃ
3121 3979 3197 4048 τῷ
3233 3977 3592 4048 πνευματικῷ
3620 3979 4018 4048 ἀγαλλιάματι.

2436 4079 2511 4130 Τὸ
2551 4077 2666 4145 γάρ
2700 4075 2883 4146 ἱλαρὸν
2930 4075 3026 4127 καὶ
3079 4071 3285 4126 ἄλυπον
3335 4071 3666 4140 κατάστημα
3692 4071 3789 4140 τῆς
3819 4071 4020 4141 ψυχῆς,

2437 4169 2579 4222 κατά
2630 4168 2720 4220 τὸν
2756 4165 3029 4236 ἡμέτερον
3087 4165 3182 4217 καὶ
3235 4162 3410 4232 μέγαν
3457 4163 3773 4225 Βασίλειον,
3813 4164 3872 4215 αί
3913 4164 4023 4215 τῶν

2440 4261 2627 4332 ὕμνων
2650 4259 2998 4330 παρηγορίας
3024 4254 3365 4326 χαρίζονται.
3395 4255 3454 4308 '0
3486 4255 3596 4325 γάρ
3625 4272 3704 4307 τοι
3755 4255 3832 4324 μὴ
3875 4255 4024 4310 οὕτω

2440 4353 2651 4425 προϐὰς
2699 4351 2834 4421 μηδὲ
2879 4349 2940 4402 τὸ
2978 4347 3191 4401 τοιοῦτο
3224 4345 3559 4415 κατάστημα
3593 4345 3826 4413 φθάσας,
3862 4346 3888 4398 ὃ
3931 4349 4024 4399 καὶ

2439 4442 2607 4496 Δαυῒδ
2636 4443 2892 4511 ὁσιότητα
2926 4439 3101 4492 καλεῖ.
3135 4457 3152 4489 ι
3190 4437 3414 4490 Ψάλατε
3439 4435 3568 4506 γὰρ,
3599 4437 3754 4504 φησι,
3781 4435 3861 4504 τῷ
3904 4439 3991 4490 Κυ
4011 4465 4027 4479 .

2443 4534 2562 4605 ρίῳ,
2591 4536 2637 4586 ol
2685 4535 2822 4586 ὅσιοι
2867 4531 3052 4585 αὑτοῦ.
3087 4549 3104 4581 ι
3155 4530 3335 4599 Λῆρον
3377 4527 3588 4598 μακρὸν
3638 4528 3854 4592 ὲξανύει
3904 4547 4028 4599 την-

2439 4626 2612 4690 ἀλ).ως
2663 4628 2756 4678 καὶ⁸
2807 4623 2971 4692 κενὴν
3011 4623 3255 4691 ψάλλων,
3291 4622 3367 4684 ὡς
3423 4623 3472 4673 οἱ
3524 4620 4024 4690 παροιμιαζόμενοί

2437 4738 2623 4789 φασιν.
2657 4736 2674 4768 ι
2701 4717 3048 4784 Ἀλείψαντες
3081 4715 3267 4785 ἐλαίῳ.
3307 4733 3324 4765 ι
3361 4715 3534 4766 Τοῦτο
3564 4715 3661 4766 καὶ
3689 4712 3782 4766 τοῦ
3817 4714 4024 4781 Κυρίου

2366 4797 2414 4856 Ῑ)
2441 4811 2519 4862 ἔτι
2550 4811 2660 4870 τοῖς
2696 4806 3011 4877 ἀνθρώποις
3042 4803 3628 4873 συναναστρεφομένου
3653 4804 3703 4854 0!
3731 4803 4025 4854 ἀπόστολοι

2439 4903 2680 4966 ἐποίουν,
2730 4901 3046 4967 ἀλείφοντες
3092 4898 3219 4959 τοὺς
3279 4895 3642 4958 ἀσθενοῦντας
3693 4894 3861 4964 ἐλαίῳ
3923 4896 4019 4948 καὶ

2445 4996 2685 5064 ἰώμενοι.
2717 5012 2734 5044 t
2764 4992 2960 5061 Δέησις
3001 4989 3391 5061 ἐνεργουμένη.
3424 5006 3443 5039 s
3493 4988 3833 5055 Ἐνεργείται
3863 4990 3896 5055 ή
3928 4988 4021 5040 τοῦ

2439 5087 2645 5142 δικαίου
2691 5085 2847 5154 εὐχὴ,
2909 5085 3038 5136 ὅταν
3096 5082 3192 5135 καὶ
3237 5083 3264 5133 ὀ
3303 5080 3446 5148 ὑπὲρ
3495 5075 3556 5131 οὒ
3603 5077 3826 5147 εὔχεται
3882 5095 4021 5149 συμ-

2446 5181 2660 5252 πράττη
2697 5177 2782 5230 διὰ
2819 5173 3115 5236 κακώσεως
3159 5173 3537 5240 πνευματικῆς
3585 5169 3665 5238 τῷ
3716 5170 4019 5238 εἰχομένῳ.

2449 5274 2545 5323 “Av
2575 5271 2682 5338 γὰρ
2711 5269 2915 5336 ἐτέρων
2961 5266 3103 5335 ὑπὲρ
3149 5264 3308 5333 ἡμῶν
3340 5262 3672 5332 εὐχομένων,
3712 5261 4022 5322 σπατάλαις

2444 5364 2604 5432 ἡμεῖς
2634 5360 2985 5429 σχολάζωμεν
3032 5359 3125 5410 καὶ
3167 5341 3386 5409 ἀνέσεσι
3442 5353 3534 5405 καὶ
3583 5351 4020 5422 ἐκδεδιῃτημένη)

2446 5455 2566 5524 βίῳ,
2588 5454 2853 5524 ἐκλύομεν
2887 5453 2976 5506 διὰ
3004 5451 3198 5504 τούτου
3227 5449 3287 5501 τὸ
3317 5447 3570 5500 σύντονον
3599 5448 3697 5514 τῆς
3731 5445 3902 5513 εὐχῆς
3929 5443 4018 5496 τοῦ

2447 5547 2588 5616 ὑπὲρ
2618 5546 2775 5614 ἡμῶν
2800 5542 3226 5612 ἀγωνιζομένου.
3277 5540 3385 5591 Καὶ
3428 5538 3645 5605 γίνεται
3673 5537 3758 5604 ἐφ’
3788 5537 3928 5604 ἡμῖν
3965 5533 4023 5586 τὸ

2447 5637 2541 5690 τοῦ
2569 5637 2842 5707 μακαρίου
2893 5635 3100 5703 Πέτρου
3123 5650 3134 5664 ·
3170 5625 3262 5693 Εἷς
3301 5627 3599 5699 οἰκοδομῶν
3631 5628 3726 5680 καὶ
3756 5621 3834 5688 εἷς
3889 5623 4021 5677 καθ-

2449 5730 2637 5798 αἶρων,
2667 5727 2816 5779 οὶδὲν
2852 5725 3132 5793 ὠφέλησεν
3162 5723 3193 5791 ἢ
3223 5721 3285 5773 κό
3299 5738 3424 5783 τους
