4178 6454
171 419 271 486 513

167 632 300 686 κατά
334 633 650 703 πρόγνωσιν
676 632 836 697 Θεοῦ,
876 634 1053 704 δηλῶν
1078 636 1160 687 δτι
1192 636 1357 704 μηδὲν
1394 638 1613 707 ὑστερεί
1643 636 1751 688 τῶν

167 726 498 796 προφητῶν,
549 728 598 779 οἳ
646 731 743 780 καὶ
801 730 955 781 αὐτοὶ
1006 729 1426 799 ἀπεστάλησαν,
1465 732 1513 783 εί
1552 729 1627 800 μὴ
1672 729 1751 800 τῷ

166 818 360 889 χρόνῳ.
424 820 549 872 Ὀτι
598 820 655 873 δὲ
704 821 1096 890 ἀπεστάλησαν
1160 825 1254 875 καὶ
1316 825 1364 876 οἱ
1448 824 1750 894 προφῆται,

180 908 408 971 Ἡσαΐας
458 913 624 980 φησὶν
673 914 731 963 ἐν
789 910 889 980 τῷ,
925 932 944 963 σ
979 914 1453 981 Εὑαγγελίσασοαι
1512 918 1750 985 πτωχοῖς

166 999 477 1053 ἀπέσταλκε
513 1018 601 1069 με.
645 1020 663 1051 ο
708 1002 849 1053 Ἀλλ’
883 1005 931 1055 εί
984 1006 1080 1056 καὶ
1128 1005 1208 1074 τῷ
1264 1006 1442 1076 χρόνῳ
1508 1006 1748 1077 ὑστερεῖ,

166 1091 274 1145 ἀλλ’
307 1094 433 1162 οὐχὶ
464 1095 562 1147 καὶ
596 1098 663 1166 τῇ
724 1097 1037 1165 προγνώσει
1079 1098 1175 1151 τοῦ
1219 1098 1374 1164 Θεοῦ,
1421 1100 1559 1153 ἀλλά
1609 1101 1751 1153 κατά

124 1201 136 1208 ’
163 1187 317 1238 τοῦτο
348 1187 639 1256 ἐνάμιλλον
682 1190 873 1242 ἑαυτὸν
908 1191 1151 1262 Ἱερεμίᾳ
1192 1193 1486 1259 ἀποφαίνει
1519 1195 1624 1263 πρὸ
1653 1194 1750 1246 τοῦ

164 1277 218 1328 ἐν
249 1277 434 1347 κοιλία
474 1278 781 1347 πλασθῆναι
815 1282 1145 1351 ἐγνωσμὲνῳ
1186 1300 1243 1335 τε
1279 1288 1370 1338 καὶ
1402 1286 1751 1355 ἡγιασμένῳ,

165 1372 256 1423 καὶ
293 1373 585 1442 προφήτην
632 1374 711 1435 είς
760 1374 887 1443 εονη
939 1377 1259 1445 τεῦειμένῳ.
1316 1379 1428 1431 Καὶ
1474 1379 1667 1449 ἐπειδὴ
1702 1380 1752 1431 oi

166 1465 444 1531 προφῆται
492 1466 611 1535 μεθ’
642 1468 846 1536 ἑτέρων
881 1470 974 1521 καὶ
1019 1470 1116 1539 τὴν
1158 1471 1395 1539 Χριστοῦ
1432 1474 1751 1541 προκατήγ-

165 1556 353 1618 γειλαν
401 1558 726 1624 παρουσίαν,
754 1557 771 1628 (
803 1560 1215 1629 Ἀπεστάλησαν
1251 1561 1382 1629 γὰρ,
1432 1562 1519 1613 διὰ
1548 1561 1748 1629 τοῦτο),

164 1636 320 1706 οὗτος
366 1647 698 1718 προστίθησι
732 1650 833 1715 τὴν
885 1650 1077 1719 χρείαν
1124 1654 1223 1719 τῆς
1280 1654 1619 1721 ἀποστολῆς,
1659 1655 1752 1706 καί

165 1753 235 1804 οη
246 1754 329 1787 σιν
385 1738 492 1799 δτι,
542 1740 630 1792 Ἐν
668 1741 928 1811 ἁγιασμῷ
962 1744 1278 1813 ἀπεστάλην
1327 1744 1643 1813 Πνεύματος
1675 1748 1751 1809 εἰς

165 1828 418 1899 ὑπακοὴν
460 1832 558 1885 καὶ
615 1835 911 1903 ῥαντισμὸν
958 1837 1193 1905 αἵματος
1255 1838 1430 1908 Ἰησοῦ
1484 1840 1749 1909 Χριστοῦ,

160 1921 319 1975 τοῦτο
343 1925 523 1995 δηλῶν
556 1926 647 1979 διὰ
682 1927 790 1979 τῶν
816 1933 1217 1999 προκειμένων,
1255 1932 1387 1985 ὃτιό
1412 1934 1612 2001 τρόπος
1649 1934 1751 2002 τῆς

163 2017 300 2085 ἐμῆς
327 2021 639 2091 ἀποστολῆς
672 2018 846 2087 οὗτος,
875 2027 1161 2096 ἀφορίσαι.
1195 2028 1369 2080 Τοῦτο
1409 2030 1517 2095 γάρ
1545 2029 1634 2080 διὰ
1657 2029 1750 2081 τοῦ

176 2108 480 2178 Ἀγασμοῦ
508 2115 768 2183 παριστᾷ,
817 2116 894 2175 ὡς
927 2117 1007 2175 τὸ,
1050 2136 1067 2167 ι
1110 2117 1218 2168 Καὶ
1262 2116 1451 2170 ἔτεοθέ
1501 2134 1590 2186 μοι
1624 2118 1751 2181 λαὸς

163 2202 479 2269 περιούσιος
512 2205 866 2274 ἡγιασμένος.
901 2224 921 2258 ι
976 2207 1122 2259 Ἀντὶ
1164 2211 1273 2277 γάρ
1304 2208 1397 2260 τοῦ
1430 2210 1752 2279 ἀφωρισμέ-

164 2310 247 2355 νος
271 2297 337 2348 ἐκ
367 2296 480 2348 τῶν
518 2296 698 2349 ἀλλων
748 2298 941 2353 ἐθνῶν.
982 2299 1041 2351 Ὀ
1082 2300 1285 2369 τρόπος
1326 2298 1417 2352 οῦν
1448 2304 1546 2371 τῆς
1585 2302 1751 2354 αὐτοῦ

163 2386 470 2457 ἀποστολῆς
517 2389 781 2459 ἀφορίσαι
832 2390 921 2442 διά
970 2392 1361 2460 πνευματικῶν
1394 2394 1752 2463 χαρισμάτων

163 2479 381 2547 ὑπήκοα
415 2480 545 2549 ἔθνη
576 2482 653 2551 τῷ
684 2482 904 2552 σταυρῷ
933 2486 1025 2535 καὶ
1051 2484 1128 2553 τῷ
1160 2484 1319 2537 πάθει
1351 2486 1592 2553 Χριστοῦ
1626 2490 1752 2552 ῥαν-

160 2573 444 2640 τιζόμενα.
484 2575 546 2626 οὐ
582 2574 768 2644 σποδῷ
817 2576 1130 2643 δαμάλεως,
1184 2578 1423 2647 ὁπηνίκα
1481 2578 1591 2631 δέοι
1653 2580 1753 2646 τῆς

161 2666 270 2718 ἀπὸ
306 2668 408 2735 τῆς
438 2665 663 2733 ἐθνικῆς
697 2671 1009 2738 κοινότητος
1064 2670 1233 2741 λαϐὴν
1267 2673 1748 2740 ἀποκαῢήρασίλαι,

161 2758 296 2811 ἀλλά
324 2760 404 2828 τῷ
437 2762 547 2813 ἀπὸ
587 2762 686 2814 τοῦ
723 2763 927 2825 πάθους
967 2765 1208 2831 Χριστοῦ
1256 2766 1473 2835 αἵματι.
1516 2768 1665 2835 ’Λμα
1695 2768 1750 2820 δὲ

162 2853 258 2903 καὶ
288 2856 771 2923 προανακροῦεται
797 2854 882 2907 δίά
909 2854 1003 2907 τοῦ
1036 2856 1266 2925 αἵματος
1302 2859 1361 2909 τὸ
1393 2858 1483 2911 διά
1515 2861 1752 2929 Χριστὸν

162 2946 272 2995 τῶν
312 2950 391 3007 εἰς
425 2948 590 2999 αὑτὸν
646 2952 1009 3002 πιστευόντων
1047 2952 1367 3020 μαρτύριον.
1410 2953 1468 3003 ’(·)
1502 2955 1609 3023 γὰρ
1642 2957 1749 3016 τοῖς

162 3040 260 3091 τοῦ
282 3039 614 3093 διδασκάλου
644 3042 704 3093 ἐν
733 3043 944 3109 ὑπακοῇ
998 3034 1263 3112 ἑπόμενος
1307 3047 1500 3113 ἴχνεσι,
1533 3047 1752 3109 πάντως

162 3131 364 3198 δεῆσαν
397 3132 521 3183 οῦδὲ
550 3133 715 3194 αὐτὸς
766 3133 831 3185 ἂν
870 3134 1178 3203 ἀπόσχηται
1221 3135 1282 3186 τὸ
1320 3136 1449 3187 ἴδιον
1481 3132 1622 3204 αἷμα
1656 3141 1751 3189 ὲκ-

1184 428 1575 493 COMMENT.
1618 430 1699 489 ΙΝ
1742 430 1980 491 EPIST.
2025 432 2139 492 IS.
2182 429 2436 491 PETRI.

166 543 269 611 γάρ
299 539 426 605 τοὺς
457 542 596 613 πρὸς
646 541 741 606 οὓς
784 544 819 614 ἡ
863 541 1174 614 Ἐπιστολή.
1217 545 1520 615 Ἐχρήσατο
1562 545 1620 599 δὲ
1653 544 1751 614 τῷ,

1860 544 2336 615 interpositionem
2390 545 2725 599 collocentur
2774 562 2788 600 :

3338 428 3442 494 ΞΗ

2849 560 2974 599 nam
3022 543 3327 615 significant
3379 547 3445 599 ad

1855 654 1992 706 quos
2026 640 2295 693 scribatur
2316 638 2576 708 Epistola.
2604 638 2746 693 Usus
2775 650 2859 693 est
2886 648 3067 693 autem
3096 653 3158 691 ea
3183 637 3445 706 particula

1851 728 2007 798 juxta
2056 730 2451 797 pra-Sciendum
2501 728 2616 792 Dei,
2659 729 2726 782 ad
2763 729 3181 798 signiﬁcandum
3210 729 3355 797 quod
3392 729 3445 781 in

1856 822 2009 875 nullo
2050 822 2121 873 sit
2152 821 2433 891 prephetis
2466 822 2738 891 posterior
2785 823 2876 890 qni
2913 832 2962 875 et
3000 822 3102 891 ipsi
3140 821 3286 875 missi
3326 822 3448 875 fue-

1856 922 1997 976 rant,
2053 912 2156 964 nisi
2217 921 2478 981 tempore.
2541 912 2695 979 Quod
2738 923 2919 966 autem
2965 912 3114 965 missi
3161 914 3365 967 fuerint
3390 922 3447 966 et

1856 1005 2159 1074 pmpbetaz,
2197 1004 2328 1057 dicit
2361 1006 2524 1058 lsaias
2556 1022 2679 1059 cum
2699 1004 2772 1057 ait
2800 1021 2813 1057 :
2848 1023 2865 1053 ι
2895 1002 2974 1056 Ad
3005 1004 3441 1055 annuntiandnm

1856 1100 2189 1169 pauperibus
2210 1098 2390 1151 brium
2430 1099 2682 1151 nuntium
2711 1098 2858 1152 misit
2890 1114 2975 1150 tne
3002 1096 3040 1148 ‘.
3072 1115 3089 1146 ι
3138 1093 3244 1147 Sed
3267 1108 3446 1161 quan-

1856 1207 2017 1259 quam
2054 1201 2299 1259 tempore
2336 1190 2666 1259 posteriores
2701 1192 2905 1252 tulerit,
2948 1203 3056 1242 non
3092 1197 3272 1241 tamen
3305 1200 3447 1254 prte-

1857 1284 2086 1336 scicntia
2119 1283 2233 1347 Dei,
2282 1284 2375 1337 sed
2408 1283 2460 1335 in
2499 1282 2601 1335 hoc
2644 1297 2827 1349 parem
2864 1298 2919 1334 se
2950 1282 3287 1335 demonstrat
3320 1293 3447 1332 cum

1854 1376 2112 1441 Jcremia,
2155 1378 2247 1446 qui
2281 1377 2596 1445 priusquam
2646 1376 2696 1426 in
2747 1382 2903 1426 utero
2939 1373 3199 1424 formatus
3231 1371 3445 1433 fuisset,

1855 1472 2111 1541 cognitus
2141 1472 2319 1525 fuerat
2349 1478 2403 1524 et
2436 1468 2809 1523 sanctificatns
2830 1483 2895 1521 ac
2931 1466 3192 1534 propheta
3224 1464 3288 1517 ad
3315 1478 3448 1531 gen-

1861 1574 1940 1618 tes
1971 1566 2303 1634 designatus.
2354 1564 2421 1618 Et
2448 1564 2704 1633 quoniam
2746 1562 3027 1631 propheta:
3052 1562 3192 1613 inter
3227 1567 3444 1620 ca'teia,

1856 1654 2057 1709 Christi
2090 1658 2385 1709 adventum
2421 1654 2841 1723 designaverant
2863 1653 2956 1721 (ob
2982 1652 3085 1705 hoc
3111 1652 3255 1704 enim
3296 1647 3448 1702 missi

1858 1745 2096 1815 fuerant)
2132 1748 2218 1801 hic
2259 1748 2642 1801 nec-ssitatcm
2677 1746 2759 1799 sui
2795 1745 2944 1799 addit
2988 1745 3324 1813 apostolatus
3360 1740 3448 1793 di-

1858 1852 1989 1891 cens
2022 1855 2033 1889 :
2089 1837 2146 1890 ln
2183 1837 2677 1891 sanctiﬁcationrm
2716 1837 2955 1904 Spiritus
2994 1837 3193 1889 missus
3235 1849 3355 1886 sum
3390 1832 3447 1885 in

1856 1927 2228 1981 obedientiam
2253 1937 2304 1981 et
2338 1929 2716 1997 aspersionem
2747 1927 3026 1996 sanguinis
3050 1925 3179 1978 Jcsu
3202 1923 3403 1977 (lhristi
3430 1940 3446 1976 :

1858 2021 1961 2075 hoc
1990 2022 2089 2092 sign
2116 2022 2306 2075 ificans
2349 2038 2446 2091 per
2475 2038 2536 2075 ea
2572 2037 2693 2091 quae
2731 2030 3113 2091 proponuntur
3159 2037 3170 2071 :
3222 2017 3319 2072 llic
3366 2028 3449 2073 est

1858 2117 2053 2169 modus
2080 2116 2184 2169 mei
2215 2116 2574 2183 apostolatus,
2602 2115 2668 2168 ad
2705 2116 3122 2184 scgregandum.
3185 2112 3318 2166 Nam
3347 2112 3451 2166 hcc

1854 2210 2108 2277 designat
2146 2225 2246 2278 pcr
2281 2208 2780 2262 Sanctiﬁrationcm
2817 2226 2830 2261 :
2879 2209 3018 2261 sicut
3059 2223 3181 2260 cum
3226 2207 3447 2270 dicitur,

1862 2321 1880 2351 ε
1924 2300 1987 2352 Et
2016 2301 2171 2354 eritis
2204 2301 2333 2353 tnihi
2355 2302 2590 2369 populus
2622 2300 2914 2369 peculiaris
2944 2298 3317 2351 sanctificatus
3344 2300 3385 2358 ³,
3426 2315 3444 2347 ι

1858 2394 1963 2447 hoc
2009 2404 2092 2448 est
2130 2406 2447 2465 segregatus
2481 2410 2546 2446 ex
2589 2393 2710 2445 aliis
2736 2392 3009 2461 gentibus.
3059 2390 3249 2444 Modus
3290 2389 3451 2459 igitur

1855 2489 2194 2553 apostolatus
2229 2488 2403 2556 ipsius
2437 2488 2554 2547 fuit,
2588 2496 2646 2540 ut
2668 2492 2952 2554 separaret
2978 2498 3076 2553 per
3110 2485 3250 2537 dona
3284 2482 3450 2550 spiri-

1856 2580 2020 2633 tualia
2056 2588 2244 2650 gentes
2275 2579 2616 2642 obcdienles,
2653 2593 2916 2647 aspersas
2943 2578 3198 2646 passione
3228 2584 3283 2629 et
3319 2591 3448 2628 san-

1856 2673 2018 2741 guine
2077 2669 2301 2735 Christi,
2359 2686 2467 2724 non
2514 2671 2699 2724 cinere
2757 2670 3025 2738 iuvencae,
3059 2684 3183 2723 cum
3233 2667 3449 2737 purgari

1855 2775 2091 2833 Oportet,
2128 2774 2341 2832 sumpta
2368 2763 2658 2816 occasione
2680 2778 2709 2815 a
2727 2760 3175 2830 coinquinatione
3202 2758 3451 2813 ethnico-

1857 2872 2029 2914 rum;
2086 2857 2179 2910 sed
2240 2855 2506 2925 sanguine
2558 2861 2782 2923 accepto
2839 2868 2867 2905 a
2927 2853 3181 2921 passione
3221 2850 3449 2905 Christi.

1859 2946 2030 2999 Simul
2055 2956 2238 2999 autem
2270 2956 2325 2999 ct
2358 2946 2626 3015 pra~|udio
2656 2944 2891 3014 quodam
2927 2946 3097 3011 tangit
3132 2946 3448 3011 martyrium

1856 3042 2139 3107 sanguinis
2183 3049 2408 3110 propter
2449 3040 2728 3093 Christum
2774 3046 3087 3105 susceptum
3134 3037 3204 3089 ab
3246 3035 3329 3088 his
3358 3037 3451 3103 qui

1855 3134 2088 3186 ercdunt
2122 3132 2176 3185 in
2211 3132 2384 3200 ipsum
2430 3150 2443 3185 :
2482 3147 2605 3183 nam
2633 3130 2725 3199 qni
2758 3146 2852 3198 per
2887 3128 3250 3182 obedientiam
3284 3128 3454 3179 vesti-

162 3221 285 3290 χέαι
307 3223 451 3292 ὑπὲρ
487 3222 581 3276 τοῦ
607 3224 900 3293 ἐκχέαντος
929 3226 989 3277 τὸ
1016 3225 1213 3278 ἑαυτοῦ
1247 3226 1388 3295 ὑπὲρ
1418 3226 1513 3278 τοῦ
1542 3228 1749 3295 κόσμου

1861 3226 1945 3293 gia
1981 3223 2229 3291 sequitur
2247 3222 2621 3291 prtcceptoris,
2647 3236 2771 3275 cum
2791 3219 3257 3272 omninonecessc
3288 3217 3454 3271 fuerit

165 3316 388 3377 παντός.
432 3335 450 3366 ι
488 3316 695 3385 Πέτρος
725 3316 1028 3379 ἀπόστολος
1076 3316 1249 3386 Ἰησοῦ
1287 3318 1550 3385 Χριστοῦ.
1579 3337 1596 3369 ›
1627 3319 1753 3383 Τοῖς

164 3409 231 3459 ἐκ
258 3409 563 3476 περιτομῆς
590 3404 744 3470 οὗτος
786 3409 1124 3472 ἐπιστέλλει,
1166 3410 1241 3472 ὡς
1276 3410 1304 3461 ὁ
1336 3410 1606 3479 μακάριος
1647 3412 1753 3464 Ἰά-

166 3498 366 3561 κὼσος.
410 3500 548 3553 ’Δλλ“
596 3501 803 3564 ἐκεῖνος
846 3502 944 3571 μὲν
997 3500 1267 3572 ἀορίστως
1309 3504 1442 3555 πᾶσι
1502 3506 1614 3565 τοῖς
1650 3504 1755 3556 ὑπὸ

166 3591 265 3660 τὴν
314 3594 650 3661 οἰκουμένην
698 3594 1049 3647 κατοικοῦσιν
1095 3594 1372 3656 Ἰουδαίοις
1416 3596 1755 3664 ὁπουδήποτε

169 3682 340 3739 οἷσιν.
376 3681 548 3747 Οὗτος
578 3687 634 3739 δὲ
664 3687 1070 3757 ἀφωρισμένως
1100 3692 1216 3751 toi’;
1268 3689 1497 3758 κλίμασι
1547 3691 1752 3743 ΙΙόντου

168 3779 462 3843 Γαλατίας.
523 3779 620 3843 Τὸ,
680 3780 906 3845 Πόντου,
962 3781 1018 3833 δὲ
1072 3782 1401 3851 προστίθησι
1462 3782 1751 3846 Γαλατίας.

172 3872 328 3925 Ἔστι
359 3874 469 3940 γάρ
523 3872 618 3925 καὶ
658 3872 793 3942 ἄλλη
838 3875 982 3925 κατά
1037 3873 1277 3935 Κελτοὺς
1310 3875 1570 3938 Γαλατία,
1633 3875 1755 3944 ἥτις

170 3965 263 4017 καὶ
297 3964 470 4026 ὄντως
515 3962 773 4027 Γαλατία,
820 3965 914 4031 ἀφ’
945 3960 1012 4035 ἦς
1038 3968 1128 4018 καὶ
1159 3962 1304 4021 οὗτοι
1337 3968 1755 4037 μετῳκίσθησαν

170 4055 429 4108 ἐνταῦθα.
478 4054 705 4118 Τούτοις
748 4055 843 4109 οὖν
873 4058 965 4109 καὶ
1003 4060 1116 4121 τοῖς
1165 4059 1376 4122 λοιποῖς
1426 4060 1607 4115 Εθνεσι
1640 4066 1756 4126 τοῖς

169 4146 511 4215 ἐγκειμένοις
542 4147 608 4215 τῇ
645 4150 945 4217 προγραφῇ
990 4151 1226 4202 ποιεῖται
1268 4152 1358 4203 τὸν
1382 4150 1561 4219 λόγον,
1591 4155 1756 4222 ἐγκυ-

171 4237 305 4299 κλίω
353 4238 528 4307 ταύτῃ
580 4237 865 4307 χρώμενος
906 4240 1222 4312 Ἐπιστολῇ.
1270 4243 1345 4295 Τὸ
1401 4244 1548 4313 ἑξῆς,
1614 4248 1756 4315 μετά

171 4331 494 4400 προσθήκης
538 4330 646 4382 τῶν
692 4328 928 4391 ἐλλιπῶς
979 4333 1309 4401 εἰρημένων.
1352 4335 1523 4387 Τοῦτο
1574 4336 1629 4388 δὲ
1664 4354 1757 4390 σα-

170 4425 399 4491 φηνείας
430 4425 617 4502 χάριν,
668 4426 749 4477 ἔτι
797 4426 854 4478 δέ
898 4426 1257 4495 μεταλήψεως
1302 4429 1409 4481 καὶ
1451 4433 1754 4501 μεταποιή-

174 4531 312 4579 σεως
338 4516 447 4572 τῶν
470 4518 613 4570 κατά
635 4518 734 4587 τὴν
771 4517 918 4585 λέξιν
944 4519 1155 4574 τύπων.

1262 4617 1281 4641 τ

756 4744 769 4773 ι

76 4857 85 4865 ἢ
240 4784 449 4854 Πέτρος
476 4784 771 4849 ἀπόστολος
800 4785 977 4855 Ἰησοῦ
996 4785 1235 4855 Χριστοῦ
1268 4788 1411 4841 κατά
1443 4790 1757 4861 πρόγνωσιν

170 4876 302 4930 θεοῦ
348 4876 561 4945 nam;
617 4876 1026 4948 ἀπεσταλμένος
1061 4880 1141 4942 είς
1180 4881 1241 4933 τὸ
1285 4882 1568 4951 ἀφορίζειν
1607 4885 1757 4956 αὺτῷ

171 4969 226 5021 ἐν
241 4969 537 5038 πνεύματι,
565 4972 660 5022 καὶ
688 4972 960 5039 ὑπηκόους
982 4973 1156 5024 ποιεῖν
1184 4974 1310 5036 τοὺς
1336 4975 1430 5027 τὸν
1460 4978 1757 5048 ῥαντισμὸν

170 5060 259 5111 τοῦ
289 5062 522 5129 αἵματος
565 5060 739 5130 Ἰησοῦ
789 5062 1029 5127 Χριστοῦ
1071 5064 1370 5133 καθάρσιον
1401 5066 1751 5137 δεξαμένους,

174 5153 301 5221 ὑμῖν
326 5158 440 5216 τοῖς
469 5153 743 5215 ἐκλεκτοῖς
772 5156 1182 5226 παρεπιδήμοις
1212 5158 1513 5229 διασπορᾶς
1550 5162 1753 5217 Πόντου

174 5246 458 5307 Γαλατίας,
493 5248 911 5310 Καππαδοκίας,
947 5248 1131 5310 Ἀσίας
1156 5251 1251 5302 καὶ
1287 5250 1558 5316 Βιθυνίας,
1594 5257 1754 5326 χάρις

174 5342 262 5391 καὶ
286 5341 478 5407 εἰρήνη
509 5340 863 5409 πληθυνθείη.
895 5341 1197 5409 Emme;
1230 5345 1257 5394 ὁ
1288 5343 1419 5406 Θεὸς
1439 5347 1530 5397 καὶ
1563 5350 1751 5418 Πατὴρ

172 5433 259 5483 τοῦ
293 5434 498 5501 Κυρίου
523 5433 682 5500 ἡμῶν
719 5432 894 5502 Ἰησοῦ
926 5433 1187 5502 Χριστοῦ.
1221 5436 1249 5486 ὁ
1278 5434 1365 5488 διὰ
1394 5438 1484 5488 τὸν
1514 5438 1751 5508 ἀνυπέρ-

173 5524 367 5591 ϐλητον
403 5525 569 5576 αὑτοῦ
609 5525 841 5577 πλοῦτον
889 5526 981 5577 καὶ
1012 5526 1160 5578 ἔλεον
1186 5527 1272 5579 διὰ
1313 5528 1412 5595 τῆς
1454 5532 1519 5582 ἐκ
1547 5532 1756 5602 νεκρῶν

173 5616 512 5679 ἀιαστάσεως
551 5617 723 5686 Ἰησοῦ
759 5618 995 5687 Χριστοῦ
1043 5619 1411 5689 ἀναγεννήσας
1442 5623 1591 5691 ἡμᾶς
1637 5625 1755 5694 ἦτοι

177 5710 570 5779 μεταποιήσας,
623 5710 718 5763 καὶ
751 5711 1122 5781 μεταθέμενος
1165 5713 1247 5776 είς
1304 5712 1498 5769 ἐλπίδα
1551 5714 1753 5784 ζῶσαν,

237 5886 383 5941 ‘lsa.
413 5903 523 5954 un,
569 5888 617 5942 l.
696 5891 714 5921 '
758 5888 913 5943 Deut.
950 5891 1138 5955 xtv,‘.’..

1858 3333 1961 3372 nec
2010 3318 2126 3386 ipse
2176 3316 2451 3369 recusabit
2499 3315 2779 3383 proprium
2829 3313 3059 3365 fundere
3105 3311 3450 3379 sanguinem.

1857 3425 1956 3478 pro
1987 3424 2054 3461 eo
2092 3409 2181 3477 qui
2210 3422 2368 3461 suum
2398 3423 2499 3476 pro
2536 3414 2647 3459 toto
2690 3406 2894 3458 mundo
2932 3404 3145 3458 cll'tulit.
3210 3422 3226 3451 ι
3262 3403 3454 3456 Petrus

1859 3502 2138 3571 apostolus
2178 3500 2310 3555 Jesu
2342 3500 2568 3554 Christi.
2609 3518 2627 3550 ι
2684 3496 2780 3552 llic
2807 3498 2912 3550 illis
2956 3497 3141 3549 scribit
3172 3496 3262 3565 qui
3296 3504 3449 3549 erant

1858 3612 1924 3649 cx
1955 3595 2373 3648 circumcisione
2401 3632 2413 3655 ,
2446 3593 2588 3645 sicut
2620 3600 2674 3644 et
2713 3592 2906 3642 beatus
2936 3588 3195 3650 Jacobus,
3230 3588 3323 3641 sed
3363 3587 3453 3641 ille

1856 3691 2077 3759 quidem
2112 3690 2395 3743 indefinite
2427 3688 2685 3741 omnibus
2713 3686 2918 3741 Jud:eis
2950 3685 3040 3754 qui
3076 3685 3261 3737 orhem
3292 3684 3419 3735 inha

1857 3781 2117 3844 bitarent,
2175 3781 2486 3848 ubicunque
2535 3788 2721 3832 essent
2770 3794 2783 3839 ;
2836 3777 2924 3831 hic
2978 3786 3160 3829 autem
3228 3774 3452 3829 definite

1857 3874 2170 3930 climatibus
2222 3875 2370 3940 ponti
2417 3872 2663 3926 Galatizc.
2716 3869 2939 3923 Addidit
2971 3879 3152 3921 autem
3196 3867 3350 3920 Ponti
3384 3868 3450 3921 ad

1857 3964 2145 4020 Calatiam.
2182 3964 2276 4018 Est
2307 3965 2451 4018 enim
2484 3973 2538 4017 ct
2561 3963 2669 4015 alio
2697 3962 2847 4031 juxta
2879 3962 3059 4014 Celtas
3089 3958 3296 4013 Calatia
3328 3976 3451 4028 qum

1858 4060 2023 4113 etiam
2047 4074 2173 4113 vere
2200 4058 2408 4112 Galatia
2437 4064 2541 4118 est,
2576 4072 2603 4108 a
2629 4071 2733 4125 qua
2765 4064 2821 4109 et
2851 4055 2901 4108 hi
2931 4053 3452 4121 transmigraverant

1857 4151 1923 4205 de
1967 4150 2167 4219 quibus
2198 4164 2343 4202 nunc
2382 4148 2511 4217 agit.
2564 4148 2654 4201 llis
2685 4160 2812 4216 ergo
2843 4143 3162 4211 czetcrisqne
3197 4142 3451 4213 gentibus

1857 4260 1977 4313 qua:
2029 4244 2081 4296 in
2136 4243 2548 4312 prmscriptionc
2576 4250 2859 4310 ponuntur
2892 4252 3205 4291 sermonem
3246 4234 3449 4305 dirigit,

1860 4336 2151 4391 universali
2192 4336 2309 4389 sive
2350 4333 2588 4404 generali
2622 4332 2723 4386 bac
2768 4346 2899 4384 usus
2927 4329 3188 4399 Epistula.
3228 4326 3451 4381 Littera:

1858 4444 1986 4498 ergo
2016 4428 2187 4481 series
2220 4428 2333 4481 haec
2359 4436 2465 4489 est,
2498 4442 2624 4480 cum
2668 4424 2947 4478 additione
2977 4437 3170 4476 eorum
3202 4435 3321 4488 qna-
3354 4436 3451 4487 per

1858 4522 2132 4575 defectum
2178 4520 2321 4573 dicta
2368 4526 2497 4572 sunt
2541 4515 3012 4571 manifestationes
3052 4512 3242 4583 gratia,
3283 4509 3448 4581 483

1859 4620 2148 4683 propterea
2192 4611 2355 4664 etiam
2386 4624 2510 4663 cum
2555 4605 3021 4675 transsumptione
3054 4619 3118 4658 ac
3149 4604 3449 4656 mutatione

1858 4703 2153 4773 figurarum
2178 4701 2245 4755 ad
2272 4700 2518 4753 verbum.

1930 4794 2123 4849 Petrus
2158 4792 2439 4862 apostolus
2467 4790 2596 4845 Jesu
2641 4787 2842 4844 Christi
2862 4788 3012 4858 juxta
3044 4784 3446 4857 prmscientiam

1858 4886 1951 4941 Dei
1982 4884 2180 4946 Patris,
2222 4883 2424 4937 missus
2449 4881 2518 4936 ad
2556 4881 2956 4952 segregandum
3001 4880 3103 4949 ipsi
3137 4879 3190 4933 in
3224 4878 3445 4947 spiritu,

1856 4988 1912 5032 et
1940 4978 2261 5031 obedientes
2302 4974 2610 5028 faciendum
2628 4988 2724 5027 eos
2755 4973 2846 5042 qui
2877 4971 3229 5041 expiatriccm
3256 4984 3448 5024 susce-

1864 5080 2064 5141 perunt
2101 5068 2476 5139 aspersionem
2512 5066 2792 5138 sanguinis
2826 5064 2958 5119 Jesu
3007 5064 3237 5125 Cl~risti,
3294 5062 3447 5116 vobis

1862 5163 2052 5216 electis
2078 5160 2308 5215 advenis
2327 5160 2556 5230 sparsim
2582 5158 2947 5212 incolentibus
2968 5155 3124 5209 Ponti
3156 5153 3443 5219 Galatiam,

1859 5254 2285 5324 Cappadociam,
2324 5252 2531 5312 Asiam,
2576 5265 2641 5305 ac
2681 5248 3017 5319 Bithyniam,
3059 5247 3227 5317 gratia
3257 5257 3313 5299 et
3342 5261 3445 5315 pax

1860 5348 2275 5417 multiplicetur.
2325 5346 2656 5399 Benedictus
2718 5344 2861 5398 Dens
2920 5350 2974 5395 et
3020 5339 3178 5394 Pater
3227 5338 3442 5394 Domini

1856 5439 2033 5493 nostri
2056 5438 2183 5492 Jesn
2224 5436 2426 5491 Christi
2454 5436 2546 5505 qui
2579 5452 2675 5505 per
2707 5433 3083 5488 incredibilem
3117 5446 3271 5485 suam
3303 5446 3445 5499 opu-

1859 5534 2085 5587 lentiam
2121 5540 2176 5585 et
2210 5529 2643 5584 misericordiam
2675 5543 2776 5598 per
2818 5523 3276 5579 resurrectionem
3310 5522 3441 5578 Jesu

1860 5624 2062 5680 Christi
2098 5639 2161 5677 ex
2199 5621 2431 5677 mortuis
2472 5620 2781 5689 regncravit
2811 5632 2931 5681 nos,
2964 5616 3080 5670 sive
3108 5624 3440 5669 transmuta-

1862 5717 1936 5771 vit
1980 5727 2033 5772 et
2081 5715 2419 5787 transposuit
2442 5712 2497 5769 in
2528 5727 2679 5782 spem
2713 5710 2894 5765 vivam
2964 5709 3020 5763 in
3068 5707 3439 5762 hereditatem
