4178 6454
763 447 870 512 515

1858 446 2188 509 (ECUMEN
2205 447 2256 504 lI
2288 445 2580 506 TRICCJE
2617 445 2963 507 EPISCOPI

3916 451 4043 517 516

766 562 1129 620 immortalem
1176 571 1229 617 et
1263 561 1802 617 iucoutaminabilem
1834 571 1889 616 et
1919 559 2343 616 immarcessibi-

2456 565 2526 624 είς
2567 561 2943 633 κληρονομίαν
2990 563 3266 633 ἄφθαρτον
3306 563 3397 617 καὶ
3438 563 3699 634 ἀμίαντον
3726 564 3822 618 καὶ
3878 567 4046 634 ἀμά-

767 657 896 719 lem,
941 654 1262 724 respositam
1303 653 1388 708 his
1418 654 1509 724 qui
1554 656 1795 723 potentia
1838 653 2219 707 custodiuntur
2249 666 2344 721 per

766 747 926 801 ﬁdem
955 761 970 802 ;
1011 760 1131 812 quae
1161 743 1296 800 ﬁdes
1326 744 1591 815 patefacta
1625 753 1710 799 est
1739 743 1899 798 nobis
1926 744 1992 797 ail
2021 744 2250 798 salutem
2289 742 2343 795 in

767 845 1012 904 tempore
1051 835 1154 888 hoc
1201 844 1465 898 extremo,
1506 837 1560 889 in
1615 850 1725 906 quo
1770 845 2017 906 tempore
2067 834 2343 904 paululum

764 925 1227 998 (quandoquidem
1263 927 1444 981 brevis
1472 944 1534 981 ac
1575 929 1788 983 modica
1818 936 1902 982 est
1933 941 2175 996 prmsens
2212 925 2342 996 vita)

765 1015 931 1068 modo
961 1031 1195 1070 maerore
1224 1016 1400 1069 aﬂecti
1434 1017 1620 1087 (etiam
1646 1020 1688 1071 si
1713 1027 1960 1088 oporteat
1991 1032 2086 1071 vos
2113 1031 2346 1070 umrore

766 1103 904 1157 afﬁci
937 1114 1157 1174 propter
1189 1106 1365 1159 varias
1387 1107 1708 1170 alllietiones
1725 1124 1787 1161 ac
1813 1107 2164 1176 tentationes)
2196 1108 2348 1161 exul-

767 1196 912 1258 tatis,
947 1195 1048 1250 hoc
1073 1196 1308 1251 scientes
1338 1199 1482 1266 quod
1512 1199 1887 1268 exploramini,
1928 1209 1986 1254 ut
2021 1200 2346 1269 comproba-

766 1289 843 1340 tio
873 1288 999 1342 ﬁdei
1029 1297 1224 1343 vestrae
1260 1290 1418 1361 longe
1449 1291 1735 1360 pretiosior
1769 1307 1903 1346 auro
1937 1291 2082 1360 quod
2111 1294 2252 1360 perit
2289 1301 2345 1348 et

766 1378 1032 1448 probatur
1062 1394 1158 1447 per
1190 1381 1390 1450 ignem,
1427 1382 1729 1450 reperiatur
1757 1383 1810 1435 in
1845 1383 2059 1437 laudem
2089 1392 2145 1439 et
2172 1386 2344 1438 bono-

767 1481 885 1520 rem
927 1477 983 1521 et
1031 1469 1255 1537 gloriam
1292 1470 1480 1530 vestri,
1519 1479 1648 1524 tunc
1672 1487 1796 1525 cum
1833 1473 2162 1528 revelabitur
2188 1473 2347 1529 Jesus

766 1557 1040 1623 Christus,
1068 1575 1229 1628 quem
1255 1559 1440 1615 Jesum
1470 1562 1770 1626 Christum,
1795 1580 1920 1618 cum
1955 1574 2115 1619 antea
2149 1580 2347 1635 corpo-

768 1649 954 1703 raliter
979 1665 1087 1703 non
1114 1652 1378 1717 videritis,
1410 1654 1630 1725 diligitis
1657 1674 1669 1710 :
1712 1656 1764 1708 in
1813 1656 1955 1710 hunc
1985 1665 2166 1710 autem
2191 1657 2347 1712 vobis

767 1755 877 1793 non
918 1741 1094 1794 visum
1133 1742 1442 1806 credentes,
1495 1745 1780 1798 exsultatis
1810 1745 2008 1816 gaudio
2062 1746 2344 1813 ineffabili,

2447 670 2660 722 ραντον,
2701 654 3072 722 ἀποκειμένην
3096 656 3208 716 τοῖς
3252 654 3310 704 ὲν
3337 654 3568 723 δυνάμει
3600 657 4048 724 φρουρουμένοις

2443 744 2530 797 διὰ
2558 743 2814 807 πίστεως.
2851 744 3013 807 Ἰιτις
3046 745 3226 807 πίστις
3251 745 3327 806 εἰς
3363 745 3640 814 σωτηρίαν
3665 744 4045 813 ἀπεκαλύφθη

2443 837 2580 904 ἡμῖν
2601 837 2661 888 ὲν
2689 836 2768 906 τῷ
2794 836 3007 906 ἐσχάτῳ
3028 836 3200 906 τούτῳ
3223 837 3421 907 καιρῷ.
3447 830 3588 902 Ἐνῷ
3606 837 3805 906 καιρῷ,
3835 837 4049 904 μικῴν

2445 926 2571 997 ἇρτι
2633 928 2779 998 (ἐπεὶ
2809 927 3004 996 μικρὸς
3041 927 3136 980 καὶ
3165 927 3343 995 ὀλίγος
3382 930 3409 980 ὁ
3435 926 3628 997 παρὼν
3670 927 3831 997 βίος,)
3859 926 4046 994 λυπη-

2447 1019 2635 1081 θέντες
2694 1018 2830 1087 (εἴγε
2856 1019 2948 1071 καὶ
2980 1018 3099 1070 δέον
3129 1019 3272 1088 ὑμᾶς
3295 1019 3604 1089 λυπηθῆναι
3639 1018 3727 1071 διὰ
3763 1017 4049 1070 ποικίλων

2447 1107 2820 1180 πειρασμῶν,)
2864 1110 3214 1177 ἀγαλλιᾶσθε,
3249 1110 3410 1163 τοῦτο
3440 1113 3664 1174 ειδότες,
3697 1112 3779 1163 ὅτι
3834 1114 4049 1181 πειρὰ-

2447 1200 2624 1266 ζεσθε,
2653 1200 2740 1253 ἵνα
2782 1200 2843 1254 τὸ
2870 1201 3114 1270 δοκίμιον
3164 1203 3262 1271 τῆς
3311 1202 3546 1264 πίστεως
3597 1203 3750 1270 ὑμῶν
3787 1204 3924 1276 πολὺ
3955 1218 4049 1252 τι·

2451 1290 2716 1361 μιώτερον
2777 1291 2873 1344 τοῦ
2928 1293 3301 1363 ἀπολλυμένου
3339 1293 3585 1363 χρυσίου,
3643 1293 3730 1345 διὰ
3760 1294 3932 1361 augt;
3978 1294 4048 1344 δὲ

2447 1385 2900 1452 δοκιμαζομένου,
2941 1385 3139 1454 εὑρεθῇ
3202 1389 3280 1449 είς
3330 1386 3551 1438 ἔπαινον
3586 1387 3679 1436 καὶ
3731 1387 3901 1454 τιμὴν
3939 1385 4048 1436 καὶ

2446 1475 2606 1538 δόξαν
2632 1476 2786 1544 ὑμῶν
2820 1477 2968 1539 τότε,
3001 1478 3088 1528 ὅτε
3119 1477 3564 1530 ἀποκαλύπτεται
3597 1477 3802 1547 Ἰησοῦς
3840 1479 3868 1528 ὁ
3901 1478 4048 1544 Npt-

2450 1568 2596 1630 στός.
2639 1569 2734 1620 Ὃν
2765 1568 2971 1636 Ἰησοῦν
3004 1570 3239 1640 Χριστὸν
3269 1570 3392 1638 ἀρτι
3430 1569 3757 1637 σωματικῶς
3812 1570 3889 1637 μὴ
3922 1571 4037 1620 tm-

2452 1659 2702 1728 ρακότες,
2741 1660 3013 1727 ἀγαπᾶτε.
3065 1661 3158 1722 El;
3186 1658 3373 1713 τοῦτον
3403 1660 3459 1712 δὲ
3502 1659 3594 1711 τὸν
3647 1663 3721 1728 μὴ
3751 1660 4045 1728 ὁρώμενον

2450 1748 2580 1816 ὑμῖν
2646 1747 2991 1810 πιστεύοντες
3043 1749 3374 1815 ἀγαλλιᾶσθε
3441 1749 3584 1818 χαρᾷ
3639 1748 4042 1815 ἀνεκλαλήτῳ,

767 1841 1110 1900 reportantes
1154 1833 1318 1886 ﬁnem
1368 1843 1582 1897 vestrae,
1629 1844 1683 1889 et
1726 1835 1848 1904 quis
1896 1836 1985 1890 ille
2039 1836 2347 1890 est?Salus

2456 1834 2801 1904 κομιζόμενοι
2851 1835 2911 1887 τὸ
2953 1834 3105 1898 τέλος
3165 1835 3266 1904 τῆς
3319 1835 3558 1895 πίστεως
3617 1834 3790 1904 ὑμῶν.
3851 1835 4046 1886 Kal-.5

769 1922 963 1975 animae
1000 1937 1012 1974 :
1049 1922 1117 1975 de
1149 1937 1254 1990 qua
1281 1923 1456 1978 salute
1481 1925 1641 1977 etiam
1659 1925 1937 1993 propheta
1971 1924 2196 1979 scrutati
2224 1931 2351 1978 sunt

2456 1926 2613 1980 τοῦτο
2645 1943 2660 1991 ;
2721 1927 2974 1997 Σωτηρία
2998 1927 3195 1996 ψυχῆς.
3268 1929 3405 1997 Περὶ
3433 1924 3500 1998 ἦς
3527 1927 3798 1996 σωτηρίας
3835 1926 3934 1978 καὶ
3987 1927 4046 1977 οι

771 2023 826 2067 et
863 2013 1261 2082 exquisierunt.
1310 2034 1328 2066 ι
1364 2016 1562 2069 Electis
1596 2016 1844 2070 advenis.
1895 2034 1914 2068 ι
1959 2017 2222 2079 Advenis,
2257 2025 2352 2071 aut

771 2115 994 2174 propter
1034 2105 1433 2174 dispersionem
1464 2107 1635 2172 dixit,
1673 2116 1768 2161 aut
1800 2107 1962 2162 etiam
1997 2109 2122 2178 quia
2157 2123 2351 2163 omnes

767 2197 857 2265 qui
893 2196 1197 2250 secundum
1228 2197 1397 2252 Deum
1445 2197 1636 2252 vivunt
1674 2199 1897 2253 advenae
1939 2207 2066 2254 sunt
2093 2199 2144 2252 in
2182 2210 2348 2266 terra,

767 2289 1225 2357 quemadmodum
1248 2291 1409 2343 etiam
1434 2290 1780 2344 dicitDavid:
1809 2309 1826 2341 ι
1857 2291 2077 2345 Advena
2109 2307 2208 2363 ego
2231 2307 2350 2348 sum

767 2382 912 2451 apud
948 2392 998 2435 te
1023 2389 1077 2435 et
1111 2382 1428 2451 peregrinus
1460 2383 1599 2437 sicut
1638 2398 1830 2438 omnes
1874 2394 2054 2453 patres
2101 2386 2206 2438 mei
2240 2385 2281 2438 ³.
2327 2402 2346 2436 ο

769 2473 1052 2542 Signiﬁcat
1087 2483 1270 2528 autem
1313 2488 1520 2528 nomen
1563 2475 1944 2546 παρεπίδημος
1988 2475 2132 2530 aliud
2187 2491 2352 2546 quam

769 2565 1130 2636 προσήλυτος.
1162 2565 1220 2620 Id
1243 2565 1387 2620 enim
1420 2566 1690 2636 signiﬁcat
1720 2583 1845 2623 eum
1871 2568 1963 2634 qui
1986 2568 2207 2624 aliunde
2236 2569 2352 2625 sive

770 2674 999 2730 peregre
1029 2659 1271 2721 advenit,
1313 2660 1417 2713 hoc
1459 2668 1644 2714 autem
1684 2663 2066 2732 παρεπίδημος
2106 2663 2227 2732 plus
2255 2663 2352 2716 ali-

768 2753 897 2823 quid
937 2761 992 2807 et
1029 2753 1318 2824 abiectius.
1348 2752 1816 2818 Quemadmodum
1854 2754 2002 2808 enim
2051 2754 2349 2825 πάρεργον,

771 2845 824 2900 id
868 2854 954 2900 est
999 2845 1146 2914 quod
1184 2845 1379 2909 obiter,
1423 2845 1585 2899 vilius
1623 2855 1709 2900 est
1741 2861 1905 2914 quam
1948 2846 2130 2917 ἔργον,
2173 2847 2224 2901 id
2269 2858 2354 2902 est

770 2953 930 3007 opus,
961 2945 1015 2991 et
1046 2936 1276 3004 πάροδος
1303 2977 1315 2998 .
1353 2937 1403 2990 id
1431 2944 1514 2991 est
1553 2937 1834 3001 transitus,
1866 2940 2048 2991 minus
2076 2948 2160 2992 est
2187 2954 2352 3008 quam

769 3030 913 3092 ὁδός,
945 3029 996 3082 id
1025 3040 1108 3082 est
1141 3028 1223 3081 via
1257 3044 1272 3082 :
1309 3027 1586 3097 Siquidem
1614 3043 1751 3098 opus
1772 3037 1828 3083 et
1845 3029 1929 3083 via
1950 3040 2078 3084 sunt
2106 3031 2348 3100 propria,

769 3125 824 3169 et
858 3131 977 3184 qum
1008 3115 1192 3169 studio
1207 3125 1464 3184 aguntur,
1494 3116 1761 3169 transitus
1789 3126 1972 3172 autem
1997 3119 2212 3187 etquod
2235 3119 2353 3174 obi-

2454 2020 2732 2090 προφῆται
2785 2019 3099 2090 ὴρεύνησαν
3167 2020 3261 2072 καὶ
3310 2019 3606 2090 ἐζήτησαν.
3667 2037 3685 2069 ι
3724 2017 4049 2080 Ἐκλεκτοῖς

2454 2114 2923 2183 παρεπιδήμοις.»
2987 2114 3080 2176 Τὸ,
3133 2113 3560 2182 Παρεπιδήμοις,
3608 2112 3727 2182 ἤτοι
3781 2111 3869 2163 διὰ
3939 2112 4048 2178 τὴν

2451 2208 2756 2278 διασπορὰν
2786 2203 3027 2278 εἷπεν,ἢ
3077 2207 3171 2260 καὶ
3218 2208 3301 2260 ὃτι
3366 2209 3566 2269 πάντες
3613 2208 3661 2259 et
3705 2206 3844 2257 κατά
3902 2205 4050 2256 Θεὸν

2455 2297 2657 2363 ζῶντες
2705 2299 3080 2370 παρεπίδημοι
3115 2298 3366 2367 λέγονται
3389 2297 3489 2366 τῆς
3526 2302 3653 2368 γῆς,
3687 2298 3762 2358 ὡς
3802 2297 3900 2349 καὶ
3931 2300 4047 2348 Δα-

2455 2395 2543 2447 υίδ
2583 2413 2770 2464 φησιν,
2815 2396 2900 2448 ὅτι
2949 2413 2967 2446 ι
2999 2395 3268 2464 Πάροικος
3298 2393 3411 2461 ἐγὼ
3441 2394 3592 2465 παρά
3621 2394 3706 2446 σοὶ
3740 2393 3833 2446 καὶ
3864 2409 4050 2461 παρε-

2453 2486 2714 2555 πίδημος,
2750 2486 2895 2541 καθά
2933 2486 3134 2548 πάντες
3167 2487 3217 2538 οί
3261 2488 3495 2556 πατέρες
3541 2502 3663 2555 μου.
3697 2503 3716 2536 ι
3772 2484 4051 2553 Σημαίνει

2453 2578 2510 2631 δὲ
2551 2579 2615 2631 τὸ
2646 2578 2821 2647 ὄνομα
2871 2577 2934 2631 οὐ
2984 2579 3186 2630 ταύτὸν
3218 2577 3303 2647 ῖτῷ
3357 2576 3683 2646 προσηλύτῳ
3721 2574 3901 2645 (τοῦτο
3931 2575 4049 2643 γὰρ

2454 2670 2547 2722 τὸν
2624 2668 2923 2738 ἀλλαχόθεν
2990 2668 3213 2721 ἐλθόντα
3274 2668 3553 2737 σημαίνει,
3597 2667 3719 2736 ἦτοι
3767 2665 4056 2734 ἐπιδημή-

2457 2766 2672 2834 σαντα),
2721 2763 2856 2817 ἀλλά
2904 2762 3066 2817 πλέον
3098 2781 3150 2815 τι
3203 2761 3298 2815 καὶ
3352 2760 3748 2830 εὐτελέστερον.
3826 2758 4054 2827 Ὥσπερ

2456 2858 2561 2929 γὰρ
2591 2857 2686 2908 τοῦ
2719 2857 2882 2926 ἔργον
2917 2855 2977 2909 τὸ
3037 2857 3336 2924 πάρεργον
3380 2853 3758 2923 εὐτελέστερον
3811 2851 3910 2904 καὶ
3941 2854 4054 2912 τῆς

2454 2952 2576 3006 ὁδοῦ
2611 2954 2644 3022 ἡ
2700 2949 2980 3019 πάροδος,
3016 2949 3218 3017 (ἔργον
3263 2948 3361 3017 μὲν
3408 2946 3518 3016 γάρ
3547 2945 3642 2998 καὶ
3688 2943 3849 3008 ὁδὸς,
3898 2943 4054 2995 αὐτὰ

2453 3046 2523 3100 τὰ
2556 3044 2724 3114 κύρια
2767 3047 2862 3097 καὶ
2894 3040 3229 3101 αὑθεντικῶς
3261 3039 3632 3108 πραττόμενα,
3671 3037 3951 3104 πάρεργον
3985 3035 4054 3086 δὲ

2456 3140 2550 3193 καὶ
2615 3135 2880 3205 πάροδος,
2936 3131 3003 3186 τά
3052 3131 3265 3194 τούτοις
3303 3130 3464 3183 οἱονεὶ
3532 3124 4053 3196 παρυφιστάμενα,)

772 3215 855 3260 ter
868 3207 944 3266 ﬁt.
966 3206 1133 3265 veluti
1159 3206 1380 3274 quaehis
1402 3220 1522 3262 sese
1544 3207 1818 3277 ingerunt.
1844 3206 1922 3263 Ita
1945 3208 2180 3282 (ξιάβᾷ¹
2203 3227 2348 3282 παρ-

2456 3231 2592 3284 οῦτω
2615 3230 2711 3283 καὶ
2732 3227 2810 3296 τῷ
2833 3227 2987 3295 ὲπιδή
2998 3243 3081 3295 μῳ
3094 3223 3155 3277 τὸ
3169 3221 3575 3294 παρεπίδημος
3587 3221 3662 3282 ὡς
3687 3217 4055 3288 παρυπόστα-

770 3298 1072 3368 επίδημος,
1123 3307 1379 3367 tanquam
1444 3299 1813 3354 subsistentia
1876 3315 1996 3356 sese
2053 3302 2348 3374 ingerens,

769 3389 1038 3457 abjectius
1063 3391 1280 3458 quidem
1312 3388 1618 3458 signiﬁcare
1641 3389 1855 3444 videtur
1883 3407 2045 3460 quam
2064 3392 2348 3461 ἐπίδημος.

777 3499 796 3531 ι
831 3480 1012 3534 Gratia
1062 3481 1216 3534 vobis
1265 3489 1320 3534 et
1353 3496 1453 3549 pax
1487 3483 1899 3553 multiplicetur.
1943 3503 1962 3536 ι
2008 3483 2226 3545 Gratia,
2285 3500 2352 3540 eo

770 3571 916 3638 quod
957 3571 1125 3641 gratis
1151 3569 1460 3636 salvemini,
1481 3584 1602 3624 cum
1642 3573 1778 3625 nihil
1813 3573 1879 3628 ad
1906 3573 1956 3626 id
1986 3573 2350 3628 contuleritis.

778 3683 799 3715 ε
819 3664 1015 3734 Etan
1041 3680 1056 3718 :
1093 3682 1110 3714 ι
1138 3664 1238 3716 bac
1254 3663 1398 3716 enim
1418 3679 1556 3732 opus
1571 3671 1656 3720 est
1679 3665 1744 3720 iis
1768 3666 1858 3735 qui
1883 3681 2040 3719 suum
2062 3666 2351 3721 Dominum

772 3758 1138 3821 oﬁenderunt,
1179 3764 1236 3810 et
1254 3756 1460 3811 inimici
1483 3757 1652 3825 ipsius
1682 3758 1963 3812 constituti
1989 3767 2137 3813 sunt.

846 3850 886 3915 I,
921 3850 974 3903 5.
1008 3848 1319 3902 Benedictus
1355 3849 1430 3901 sic
1464 3847 1610 3902 Deus
1640 3857 1689 3902 et
1729 3847 1890 3903 Pater
1929 3849 2144 3903 Domini
2185 3851 2354 3903 nom'i

771 3941 896 3996 Iesu
931 3939 1262 4009 Christi,qui
1277 3939 1433 4008 juxta
1462 3940 1727 4009 copiosam
1756 3939 2176 3994 misericordiam
2199 3956 2356 3994 suam

773 4031 1099 4098 regeneravit
1146 4046 1238 4084 nos
1283 4032 1340 4083 in
1364 4046 1510 4099 spem
1549 4031 1743 4091 vivam,
1789 4046 1884 4099 per
1921 4031 2357 4086 resurrectionem

772 4123 897 4177 Jesu
921 4121 1116 4176 Christi
1147 4137 1211 4175 ea:
1238 4122 1482 4174 mortuis.

845 4235 1128 4290 Benedicit
1172 4233 1366 4298 Deum,
1395 4234 1561 4287 banc
1608 4233 1708 4304 ipsi
1751 4234 2047 4305 gratiarum
2083 4235 2356 4290 actionem

775 4329 1021 4383 referens
1043 4327 1114 4381 ob
1147 4326 1289 4380 bona
1324 4341 1444 4395 quze
1481 4326 1689 4380 tribuit.
1727 4325 1860 4391 Quae
1898 4336 2025 4380 sunt
2055 4336 2237 4381 autem
2266 4328 2357 4381 illa

775 4436 896 4491 quae
918 4421 1042 4474 data
1074 4430 1202 4472 sunt
1226 4419 1250 4470 Ἰ
1276 4416 1434 4486 Spes.
1452 4433 1563 4471 non
1586 4419 1729 4473 sicut
1748 4419 2011 4488 promissa
2044 4434 2139 4489 per
2171 4418 2356 4474 Mosen

776 4513 1044 4569 habitatio
1085 4511 1139 4564 in
1176 4519 1317 4563 terra
1349 4508 1674 4573 Chananaea,
1707 4526 1827 4579 quae
1862 4526 1986 4579 spes
2022 4521 2209 4579 utpote
2237 4527 2360 4565 cor-

2458 3341 2542 3387 σις
2594 3323 2787 3392 ὁρᾶται
2838 3320 3218 3389 εὐτελέστερον
3247 3316 3549 3385 σημαίνων.
3629 3332 3647 3364 ι
3683 3313 3857 3380 Χάρις
3912 3311 4052 3377 ὑμῖν

2455 3417 2549 3469 καὶ
2574 3416 2766 3485 εἰρήνη
2805 3411 3157 3481 πληθυνθείη.
3191 3427 3210 3459 ι
3264 3406 3552 3478 Χάριςδιὰ
3605 3408 3894 3474 τοπροϊκα
3946 3402 4052 3452 καὶ

2464 3506 2630 3577 μηδὲν
2653 3503 3065 3572 εἰσενεγκόντας
3094 3502 3241 3572 ἡμᾶς
3271 3497 3562 3560 σώζεσθαι.
3601 3515 3621 3547 ι
3651 3497 3760 3548 Καὶ
3786 3493 4045 3562 εἰρήνη.»

2457 3598 2672 3668 Ταύτης
2708 3598 2817 3668 γὰρ
2852 3595 3009 3666 χρεία
3046 3597 3157 3656 τοῖς
3195 3589 3664 3661 προσκεκρουκόσι
3716 3586 3796 3656 τῷ
3828 3583 4053 3637 ἑαυτῶν

2455 3693 2723 3764 Δεσπότῃ,
2787 3690 2882 3744 καὶ
2926 3690 3007 3752 εἰς
3054 3685 3345 3756 πολεμίους
3387 3681 3552 3736 αὐτοῦ
3579 3678 3964 3748 τεταγμένοις.

2529 3871 2875 3939 Εὐλογητὸς
2902 3872 2934 3923 ό
2972 3869 3118 3933 Θεὸς
3145 3867 3242 3920 καί
3274 3864 3474 3930 Πατὴρ
3487 3861 3594 3915 τοῦ
3623 3860 3845 3928 Κυρίου
3869 3855 4055 3925 ἡμῶν

2471 3965 2679 4033 Ἰησοῦ
2717 3962 2996 4031 Χριστοῦ,
3039 3965 3072 4016 ὁ
3113 3959 3261 4014 κατὰ
3302 3959 3365 4010 τὸ
3419 3956 3580 4010 πολὺ
3629 3952 3817 4007 uincit
3866 3951 4051 4013 ἕλεος

2459 4058 2887 4127 ἀναγεννήσας
2931 4053 3089 4124 ἡμᾶς
3148 4056 3234 4118 εις
3281 4051 3500 4105 ἐλπίδα
3527 4047 3741 4108 ζῶσαν,
3781 4045 3856 4099 δι’
3890 4045 4050 4096 dra-

2460 4151 2735 4216 στάσεως
2784 4148 2989 4212 Ἰησοῦ
3017 4146 3274 4214 Χριστοῦ
3302 4147 3370 4198 ἐκ
3395 4141 3647 4210 νεκρῶν.

2533 4241 2762 4308 Εὑλογετ
2790 4240 2881 4292 τόν
2923 4239 3059 4290 Θεὸν
3101 4236 3309 4304 ταύτην
3343 4234 3494 4303 αύτῷ
3545 4233 3654 4286 τῶν
3705 4229 3931 4297 ἀγαθῶν
3969 4223 4052 4281 ὧν

2461 4334 2677 4387 δίδωσιν
2713 4332 3069 4401 εὐχαριστίαν
3100 4325 3422 4388 ἀντιδιδούς.
3467 4326 3599 4377 Τίνα
3646 4323 3701 4375 δὲ
3735 4325 3802 4375 τὰ
3837 4321 4052 4388 δωρού-

2466 4442 2602 4496 μενα
2644 4441 2658 4486 ;
2713 4424 2916 4488 Ἐλπὶς,
2946 4422 3044 4492 οὐχ
3073 4421 3162 4474 οἵα
3192 4422 3226 4490 ἡ
3253 4420 3342 4472 διὰ
3379 4418 3622 4477 Μωσέως
3658 4417 3717 4467 ἐν
3763 4416 3829 4483 τῇ
3861 4414 4051 4464 Χανα-

2465 4519 2592 4589 ναία
2624 4521 2692 4586 γῇ
2727 4516 3005 4579 κατοικία,
3056 4515 3178 4584 ἥτις
3203 4513 3370 4583 θνητὴ
3403 4511 3616 4578 θνητοῖς
3646 4507 4050 4575 ἐπαγγέλλεται

775 4603 1071 4675 ruptibilis,
1115 4601 1562 4670 corruptibilibus
1614 4602 1882 4671 promittit
1927 4604 2351 4672 corruptibilia:

2463 4586 2651 4677 θνητὰ,
2685 4607 2820 4660 ἀλλὰ
2852 4605 3020 4669 ζῶσα.
3060 4606 3169 4657 Καὶ
3197 4605 3359 4656 πόθεν
3388 4603 3447 4653 τὸ
3477 4604 3576 4671 ζῇν
3601 4601 3801 4668 ἔχουσα
3834 4616 3845 4658 ;
3911 4599 4050 4650 Ἀπὸ

776 4697 871 4750 sed
911 4697 1052 4748 viva.
1086 4695 1154 4747 Et
1182 4693 1322 4746 unde
1352 4691 1513 4746 vitam
1547 4702 1702 4746 nacta
1742 4702 1825 4746 est
1856 4694 1878 4746 ?
1907 4694 1948 4747 Α
1973 4693 2102 4748 Jesu
2141 4693 2359 4748 Christo

775 4788 866 4856 qui
896 4784 1193 4839 resurrexit
1214 4799 1280 4836 ex
1305 4783 1555 4836 mortuis.
1578 4784 1683 4838 Per
1710 4785 1814 4838 hdc
1835 4785 1982 4840 enim
2000 4785 2146 4854 quod
2176 4801 2360 4840 resur-

778 4880 938 4943 rexit,
969 4878 1213 4931 eamdem
1239 4876 1428 4929 tribuit
1455 4877 1903 4932 resurrectionem
1925 4887 1980 4932 et
2010 4879 2112 4932 illis
2140 4877 2232 4949 qui
2262 4893 2360 4948 per

778 4969 938 5024 ﬁdem
972 4967 1026 5021 in
1061 4968 1239 5036 ipsum
1283 4967 1552 5020 accedunt
1585 4966 1652 5021 ad
1683 4982 1832 5022 eum.
1866 4966 2004 5037 Spes
2037 4968 2205 5039 igitur
2237 4970 2358 5023 viva

775 5077 895 5131 qua:
923 5060 1104 5122 datur,
1129 5067 1213 5112 est
1242 5057 1530 5112 hatreditas
1561 5057 1988 5128 incorruptibilis
2025 5069 2080 5114 et
2105 5061 2356 5114 inconta-

780 5152 1074 5215 niinabilis,
1107 5167 1214 5205 non
1234 5152 1287 5203 in
1313 5160 1453 5204 terra
1484 5152 1741 5220 reposita,
1769 5152 2226 5220 quemadmodum
2259 5170 2356 5223 pa-

778 5245 974 5305 tribus,
1005 5243 1101 5298 sed
1127 5244 1179 5296 in
1204 5243 1535 5304 cmlis,unde
1555 5244 1720 5315 etiam
1752 5245 2172 5312 perpetuitatem
2200 5255 2358 5300 nacta

777 5346 880 5396 est.
918 5336 1063 5406 quod
1100 5335 1266 5390 etiam
1299 5335 1474 5404 majus
1499 5343 1583 5388 est
1604 5350 1765 5404 quam
1798 5336 2087 5391 hereditas
2114 5353 2235 5407 qua:
2273 5346 2360 5392 est

777 5432 832 5485 in
865 5443 1029 5486 terra.
1065 5430 1129 5484 Et
1169 5439 1458 5500 propterea
1493 5431 1837 5486 conservatio
1867 5441 1922 5486 et
1954 5433 2200 5487 custodia
2241 5451 2358 5489 cre-

777 5522 1020 5576 dentium
1055 5537 1071 5574 :
1102 5519 1322 5590 quando
1346 5521 1566 5590 quidem
1598 5521 1760 5575 etiam
1793 5522 1897 5576 hoc
1932 5523 2123 5577 orabat
2161 5524 2359 5578 Domi.—

779 5625 883 5664 nus
927 5611 1114 5663 dicens
1147 5628 1160 5663 :
1208 5629 1226 5662 ι
1264 5609 1432 5665 Serva
1465 5625 1581 5676 eos,
1609 5608 1770 5665 Pater
1811 5623 2000 5666 sancte
2025 5613 2066 5666 ⁸.
2104 5633 2123 5665 ι
2157 5614 2262 5668 Sed
2303 5624 2360 5670 et

778 5701 1043 5771 potentia.
1079 5701 1145 5755 Et
1174 5717 1294 5770 qum
1324 5711 1408 5756 est
1436 5703 1675 5772 patentia
1699 5702 1722 5756 ?
1743 5702 1874 5768 Quae
1908 5703 2068 5759 duret
2099 5721 2270 5777 usque
2287 5708 2354 5763 ad

856 5874 876 5908 ³
901 5873 1041 5929 Psal.
1067 5891 1298 5943 xxxvm,
1327 5877 1411 5930 l5.
1498 5878 1517 5907 ³
1551 5877 1709 5930 Joan.
1744 5897 1874 5947 xvii,
1912 5881 1998 5934 ll.

2460 4699 2556 4752 τοῦ
2592 4701 2655 4751 ὲκ
2705 4698 2914 4768 νεκρῶν
2964 4696 3298 4757 ἀναστάντος
3323 4694 3500 4762 Ἰησοῦ
3544 4690 3799 4758 Χριστοῦ.
3839 4691 3930 4741 Ἔν
3965 4687 4051 4752 οἷς

2460 4791 2571 4861 γὰρ
2606 4791 2826 4858 ἀνέστη,
2877 4789 2976 4857 τῆς
3021 4788 3194 4856 αὐτῆς
3221 4786 3444 4852 ἀξιώσει
3481 4783 3577 4836 καὶ
3626 4784 3752 4843 τοὺς
3800 4780 3886 4833 διὰ
3919 4782 4050 4831 πίσ-

2462 4900 2599 4944 τεως
2655 4884 2759 4952 τῆς
2807 4883 2886 4945 εἰς
2917 4881 3079 4936 αὑτὸν
3129 4880 3457 4949 προσιόντας
3496 4875 3666 4946 αὐτῷ.
3717 4875 3906 4934 Ἐλπὶς
3953 4869 4050 4924 οὖν

2462 4975 2617 5037 ζῶσα
2643 4975 2703 5026 τὸ
2741 4975 3044 5043 διδόμενον,
3077 4972 3415 5043 κληρονομία
3464 4969 3745 5037 ἄφθαρτος
3789 4967 3882 5018 καὶ
3913 4966 4050 5032 dui-

2467 5085 2646 5132 αντος,
2694 5068 2796 5120 οὐκ
2847 5069 2907 5118 ιν
2931 5069 3026 5136 γῇ,
3078 5066 3154 5128 ὡς
3200 5067 3312 5128 τοῖς
3344 5062 3632 5131 πατράσιν,
3677 5059 4046 5126 ἀποκειμένη,

2467 5158 2582 5211 ἀλλ’
2615 5160 2673 5210 ὲν
2702 5156 2974 5227 οὐρανοῖς.
3021 5157 3140 5225 Ἀφ’
3170 5149 3231 5209 οὗ
3276 5155 3370 5207 καὶ
3398 5154 3458 5206 τὸ
3507 5151 3813 5212 διαιωνίζον
3842 5149 4048 5216 κέκτη-

2465 5265 2579 5304 ται.
2632 5247 2697 5302 Ὃ
2750 5249 2847 5302 καὶ
2884 5249 3068 5320 μεῖζον
3107 5249 3208 5315 τῆς
3252 5251 3311 5301 ὲν
3358 5250 3428 5316 γῇ
3484 5244 3878 5315 κληρονομίας.
3934 5245 4046 5295 Καὶ

2468 5344 2603 5412 πρός
2632 5358 2694 5408 ἰε
2721 5340 2952 5402 τούτοις,
2997 5339 3325 5409 συντήρησις
3379 5339 3475 5390 καὶ
3511 5336 3723 5405 φρουρά
3777 5333 3886 5386 τῶν
3959 5350 4043 5383 m-

2469 5436 2801 5487 στευόντων.
2841 5433 2996 5486 Ἐπεὶ
3047 5433 3141 5484 καὶ
3178 5432 3337 5484 τοῦτο
3366 5428 3714 5501 προσηύξατο
3767 5429 3795 5480 ό
3839 5426 4045 5492 Κύριος

2467 5526 2659 5579 εἰπών.
2695 5544 2713 5576 ι
2749 5525 2791 5576 Τ
2795 5525 3002 5595 ήρησον
3024 5524 3247 5589 αὐτοὺς,
3282 5523 3464 5591 Πάτερ
3501 5519 3645 5587 ᾰγιε.
3683 5537 3702 5568 ι
3756 5516 3918 5568 Ἀλλὰ
3953 5514 4045 5567 καὶ

2467 5619 2525 5669 ὲν
2563 5615 2810 5685 δυνάμει.
2865 5616 2974 5666 Καὶ
3018 5614 3101 5676 τίς
3131 5615 3165 5684 ἡ
3194 5613 3422 5682 δύναμις
3453 5628 3468 5676 ;
3505 5610 3578 5661 Τὸ
3616 5608 3778 5678 μέχρι
3808 5607 3903 5673 τῆς
3947 5603 4042 5656 τοῦ

2468 5709 2675 5780 Κυρίου
2707 5705 3127 5776 ἀποκαλύψεως.
3186 5705 3249 5759 El
3277 5705 3386 5776 γὰρ
3423 5702 3499 5775 μὴ
3522 5700 3775 5772 δννατὴή
3805 5695 4041 5769 φρουρὰ,
