  <div class='ocr_page' id='page_1' title='image "/cluster/home/n/w/nwhite01/storage/ocr_20150623/119/nnc1.0046980091/266.png"; bbox 0 0 4178 6454; ppageno 0'>
   <div class='ocr_carea' id='block_1_1' title="bbox 128 448 232 518">
    <p class='ocr_par' dir='ltr' id='par_1_1' title="bbox 128 448 232 518">
     <span class='ocr_line' id='line_1_1' title="bbox 128 448 232 518; baseline -0.038 -1"><span class='ocrx_word' id='word_1_1' title='bbox 128 448 232 518; x_wconf 72' lang='grc'><strong>51⁸1</strong></span> 
     </span>
    </p>
   </div>
   <div class='ocr_carea' id='block_1_2' title="bbox 1168 430 2409 501">
    <p class='ocr_par' dir='ltr' id='par_1_2' title="bbox 1168 430 2409 501">
     <span class='ocr_line' id='line_1_2' title="bbox 1168 430 2409 501; baseline -0.009 0"><span class='ocrx_word' id='word_1_2' title='bbox 1168 436 1556 501; x_wconf 65' lang='lat' dir='ltr'><strong>CUMMENT.</strong></span> <span class='ocrx_word' id='word_1_3' title='bbox 1597 433 1672 493; x_wconf 80' lang='lat' dir='ltr'><strong>IN</strong></span> <span class='ocrx_word' id='word_1_4' title='bbox 1714 430 1949 491; x_wconf 79' lang='lat' dir='ltr'><strong>EPIST.</strong></span> <span class='ocrx_word' id='word_1_5' title='bbox 1992 430 2019 490; x_wconf 89' lang='grc' dir='ltr'><strong>Ῑ</strong></span> <span class='ocrx_word' id='word_1_6' title='bbox 2063 430 2122 491; x_wconf 89' lang='lat' dir='ltr'><strong>S.</strong></span> <span class='ocrx_word' id='word_1_7' title='bbox 2158 431 2409 491; x_wconf 79' lang='lat' dir='ltr'><strong>PETRI.</strong></span> 
     </span>
    </p>
   </div>
   <div class='ocr_carea' id='block_1_3' title="bbox 3301 431 3403 499">
    <p class='ocr_par' dir='ltr' id='par_1_3' title="bbox 3301 431 3403 499">
     <span class='ocr_line' id='line_1_3' title="bbox 3301 431 3403 499; baseline -0.01 -3"><span class='ocrx_word' id='word_1_8' title='bbox 3301 431 3403 499; x_wconf 75' lang='lat' dir='ltr'><strong>5l8</strong></span> 
     </span>
    </p>
   </div>
   <div class='ocr_carea' id='block_1_4' title="bbox 126 539 1719 630">
    <p class='ocr_par' dir='ltr' id='par_1_4' title="bbox 126 544 1705 630">
     <span class='ocr_line' id='line_1_4' title="bbox 126 544 1705 630; baseline -0.013 -16"><span class='ocrx_word' id='word_1_9' title='bbox 126 561 224 614; x_wconf 71' lang='grc' dir='ltr'>οὐκ</span> <span class='ocrx_word' id='word_1_10' title='bbox 253 557 324 611; x_wconf 77' lang='grc' dir='ltr'>ἂν</span> <span class='ocrx_word' id='word_1_11' title='bbox 349 556 637 628; x_wconf 77' lang='grc' dir='ltr'><strong>παρέτεινε</strong></span> <span class='ocrx_word' id='word_1_12' title='bbox 679 556 845 630; x_wconf 80' lang='grc' dir='ltr'>μέχρι</span> <span class='ocrx_word' id='word_1_13' title='bbox 873 552 1156 612; x_wconf 82' lang='grc' dir='ltr'>τοσούτου.</span> <span class='ocrx_word' id='word_1_14' title='bbox 1205 550 1363 603; x_wconf 70' lang='grc' dir='ltr'>Ἐπεὶ</span> <span class='ocrx_word' id='word_1_15' title='bbox 1396 544 1491 601; x_wconf 81' lang='grc' dir='ltr'>οὖν</span> <span class='ocrx_word' id='word_1_16' title='bbox 1529 544 1705 597; x_wconf 85' lang='grc' dir='ltr'>τοιαῦ-</span> 
     </span>
    </p>
   </div>
   <div class='ocr_carea' id='block_1_5' title="bbox 1824 539 3402 630">
    <p class='ocr_par' dir='ltr' id='par_1_5' title="bbox 1824 539 3402 599">
     <span class='ocr_line' id='line_1_5' title="bbox 1824 539 3402 599; baseline 0.003 -6"><span class='ocrx_word' id='word_1_17' title='bbox 1824 541 2200 595; x_wconf 62' lang='lat' dir='ltr'><strong>revelationetn</strong></span> <span class='ocrx_word' id='word_1_18' title='bbox 2225 541 2312 595; x_wconf 70' lang='lat' dir='ltr'><strong>vel</strong></span> <span class='ocrx_word' id='word_1_19' title='bbox 2332 539 2826 598; x_wconf 74' lang='lat' dir='ltr'><strong>manilcstationem</strong></span> <span class='ocrx_word' id='word_1_20' title='bbox 2849 541 3083 597; x_wconf 84' lang='lat' dir='ltr'><strong>Domini.</strong></span> <span class='ocrx_word' id='word_1_21' title='bbox 3103 542 3213 597; x_wconf 75' lang='lat' dir='ltr'><strong>Nisi</strong></span> <span class='ocrx_word' id='word_1_22' title='bbox 3245 560 3402 599; x_wconf 75' lang='lat' dir='ltr'><strong>enim</strong></span> 
     </span>
    </p>
   </div>
   <div class='ocr_carea' id='block_1_6' title="bbox 126 636 1718 719">
    <p class='ocr_par' dir='ltr' id='par_1_6' title="bbox 126 636 1718 719">
     <span class='ocr_line' id='line_1_6' title="bbox 126 636 1718 719; baseline -0.01 -16"><span class='ocrx_word' id='word_1_23' title='bbox 126 667 193 705; x_wconf 82' lang='grc' dir='ltr'><strong>τα</strong></span> <span class='ocrx_word' id='word_1_24' title='bbox 245 652 344 703; x_wconf 81' lang='grc' dir='ltr'><strong>καὶ</strong></span> <span class='ocrx_word' id='word_1_25' title='bbox 394 651 635 703; x_wconf 78' lang='grc' dir='ltr'>τοσαῦτα</span> <span class='ocrx_word' id='word_1_26' title='bbox 700 652 771 704; x_wconf 79' lang='grc' dir='ltr'>τὰ</span> <span class='ocrx_word' id='word_1_27' title='bbox 818 650 1095 719; x_wconf 84' lang='grc' dir='ltr'>διδόμενα,</span> <span class='ocrx_word' id='word_1_28' title='bbox 1152 646 1307 699; x_wconf 72' lang='grc' dir='ltr'>οὐδὲν</span> <span class='ocrx_word' id='word_1_29' title='bbox 1350 640 1577 700; x_wconf 77' lang='grc' dir='ltr'>ἀπεικὸς</span> <span class='ocrx_word' id='word_1_30' title='bbox 1623 636 1718 689; x_wconf 68' lang='grc' dir='ltr'>καὶ</span> 
     </span>
    </p>
   </div>
   <div class='ocr_carea' id='block_1_7' title="bbox 128 731 1719 811">
    <p class='ocr_par' dir='ltr' id='par_1_7' title="bbox 128 731 1719 811">
     <span class='ocr_line' id='line_1_7' title="bbox 128 731 1719 811; baseline -0.01 -16"><span class='ocrx_word' id='word_1_31' title='bbox 128 743 443 810; x_wconf 75' lang='grc' dir='ltr'>ἁγαλλίαμα</span> <span class='ocrx_word' id='word_1_32' title='bbox 471 742 897 811; x_wconf 76' lang='grc' dir='ltr'><strong>παρακολουθεῖν</strong></span> <span class='ocrx_word' id='word_1_33' title='bbox 964 742 1076 801; x_wconf 79' lang='grc' dir='ltr'>τοῖς</span> <span class='ocrx_word' id='word_1_34' title='bbox 1137 736 1498 806; x_wconf 80' lang='grc' dir='ltr'>λαμϐάνουσι.</span> <span class='ocrx_word' id='word_1_35' title='bbox 1571 731 1719 797; x_wconf 75' lang='grc' dir='ltr'>Πλὴν</span> 
     </span>
    </p>
   </div>
   <div class='ocr_carea' id='block_1_8' title="bbox 130 823 1714 901">
    <p class='ocr_par' dir='ltr' id='par_1_8' title="bbox 130 823 1714 901">
     <span class='ocr_line' id='line_1_8' title="bbox 130 823 1714 901; baseline -0.006 -16"><span class='ocrx_word' id='word_1_36' title='bbox 130 831 329 901; x_wconf 75' lang='grc' dir='ltr'>ὲπειδὴ’</span> <span class='ocrx_word' id='word_1_37' title='bbox 381 834 412 901; x_wconf 81' lang='grc' dir='ltr'>ὴ</span> <span class='ocrx_word' id='word_1_38' title='bbox 478 832 571 885; x_wconf 81' lang='grc' dir='ltr'>τοῦ</span> <span class='ocrx_word' id='word_1_39' title='bbox 606 833 931 887; x_wconf 76' lang='grc' dir='ltr'>διδασκάλου</span> <span class='ocrx_word' id='word_1_40' title='bbox 971 829 1294 898; x_wconf 81' lang='grc' dir='ltr'><strong>ἐπαγγελία,</strong></span> <span class='ocrx_word' id='word_1_41' title='bbox 1341 828 1463 896; x_wconf 68' lang='grc' dir='ltr'><strong>οὐχὶ</strong></span> <span class='ocrx_word' id='word_1_42' title='bbox 1515 823 1714 894; x_wconf 79' lang='grc' dir='ltr'>χαρὰν,</span> 
     </span>
    </p>
   </div>
   <div class='ocr_carea' id='block_1_9' title="bbox 130 917 1717 992">
    <p class='ocr_par' dir='ltr' id='par_1_9' title="bbox 130 917 1717 992">
     <span class='ocr_line' id='line_1_9' title="bbox 130 917 1717 992; baseline -0.007 -17"><span class='ocrx_word' id='word_1_43' title='bbox 130 922 261 975; x_wconf 74' lang='grc' dir='ltr'>ἀλλά</span> <span class='ocrx_word' id='word_1_44' title='bbox 296 924 479 992; x_wconf 74' lang='grc' dir='ltr'>λύπην</span> <span class='ocrx_word' id='word_1_45' title='bbox 506 926 808 991; x_wconf 84' lang='grc' dir='ltr'>είσηγείται</span> <span class='ocrx_word' id='word_1_46' title='bbox 833 940 848 953; x_wconf 89' lang='grc'><strong>·</strong></span> <span class='ocrx_word' id='word_1_47' title='bbox 904 940 924 973; x_wconf 82' lang='grc' dir='ltr'><strong>ι</strong></span> <span class='ocrx_word' id='word_1_48' title='bbox 977 922 1065 974; x_wconf 86' lang='grc' dir='ltr'>Ἐν</span> <span class='ocrx_word' id='word_1_49' title='bbox 1088 919 1168 988; x_wconf 87' lang='grc' dir='ltr'>τῷ</span> <span class='ocrx_word' id='word_1_50' title='bbox 1199 919 1391 986; x_wconf 66' lang='grc' dir='ltr'>κόσμῳ</span> <span class='ocrx_word' id='word_1_51' title='bbox 1431 917 1717 984; x_wconf 78' lang='grc' dir='ltr'><strong>φάσκουσα</strong></span> 
     </span>
    </p>
   </div>
   <div class='ocr_carea' id='block_1_10' title="bbox 130 1004 1713 1087">
    <p class='ocr_par' dir='ltr' id='par_1_10' title="bbox 130 1004 1713 1087">
     <span class='ocr_line' id='line_1_10' title="bbox 130 1004 1713 1087; baseline -0.005 -22"><span class='ocrx_word' id='word_1_52' title='bbox 130 1015 207 1065; x_wconf 78' lang='grc' dir='ltr'>ὅτι</span> <span class='ocrx_word' id='word_1_53' title='bbox 233 1013 417 1081; x_wconf 56' lang='grc' dir='ltr'>θλίψιν</span> <span class='ocrx_word' id='word_1_54' title='bbox 464 1014 636 1079; x_wconf 75' lang='grc' dir='ltr'>ἕξετε,</span> <span class='ocrx_word' id='word_1_55' title='bbox 676 1033 696 1066; x_wconf 74' lang='grc' dir='ltr'><strong>ι</strong></span> <span class='ocrx_word' id='word_1_56' title='bbox 758 1012 1081 1087; x_wconf 85' lang='grc' dir='ltr'>προστίθησι</span> <span class='ocrx_word' id='word_1_57' title='bbox 1115 1009 1193 1080; x_wconf 84' lang='grc' dir='ltr'>τῷ</span> <span class='ocrx_word' id='word_1_58' title='bbox 1223 1009 1592 1077; x_wconf 80' lang='grc' dir='ltr'>ἁγαλλιάματι</span> <span class='ocrx_word' id='word_1_59' title='bbox 1630 1004 1713 1072; x_wconf 88' lang='grc' dir='ltr'><strong>τδ,</strong></span> 
     </span>
    </p>
   </div>
   <div class='ocr_carea' id='block_1_11' title="bbox 146 1100 1711 1176">
    <p class='ocr_par' dir='ltr' id='par_1_11' title="bbox 146 1100 1711 1176">
     <span class='ocr_line' id='line_1_11' title="bbox 146 1100 1711 1176; baseline -0.001 -22"><span class='ocrx_word' id='word_1_60' title='bbox 146 1104 374 1171; x_wconf 75' lang='grc' dir='ltr'>Ὀλίγον.</span> <span class='ocrx_word' id='word_1_61' title='bbox 400 1105 713 1176; x_wconf 80' lang='grc' dir='ltr'>Καὶὲπειδὴ</span> <span class='ocrx_word' id='word_1_62' title='bbox 733 1104 891 1158; x_wconf 85' lang='grc' dir='ltr'>τοῦτο</span> <span class='ocrx_word' id='word_1_63' title='bbox 917 1103 1184 1172; x_wconf 74' lang='grc' dir='ltr'>λυπηρὸν,</span> <span class='ocrx_word' id='word_1_64' title='bbox 1207 1102 1403 1169; x_wconf 76' lang='grc' dir='ltr'>ἐπάγει</span> <span class='ocrx_word' id='word_1_65' title='bbox 1429 1100 1711 1167; x_wconf 83' lang='grc' dir='ltr'>τὺ,Ἀρτι,</span> 
     </span>
    </p>
   </div>
   <div class='ocr_carea' id='block_1_12' title="bbox 135 1191 1715 1267">
    <p class='ocr_par' dir='ltr' id='par_1_12' title="bbox 135 1191 1715 1267">
     <span class='ocr_line' id='line_1_12' title="bbox 135 1191 1715 1267; baseline -0.003 -22"><span class='ocrx_word' id='word_1_66' title='bbox 135 1194 401 1262; x_wconf 53' lang='grc' dir='ltr'>σύμφωνα</span> <span class='ocrx_word' id='word_1_67' title='bbox 436 1196 613 1263; x_wconf 76' lang='grc' dir='ltr'>λέγων</span> <span class='ocrx_word' id='word_1_68' title='bbox 660 1196 737 1267; x_wconf 81' lang='grc' dir='ltr'><strong>τῷ</strong></span> <span class='ocrx_word' id='word_1_69' title='bbox 764 1193 962 1249; x_wconf 80' lang='grc' dir='ltr'>ἑαυτοῦ</span> <span class='ocrx_word' id='word_1_70' title='bbox 1017 1192 1377 1262; x_wconf 82' lang='grc' dir='ltr'><strong>καθηγεμόνι.</strong></span> <span class='ocrx_word' id='word_1_71' title='bbox 1446 1191 1715 1251; x_wconf 78' lang='grc' dir='ltr'>Κάκεῖνος</span> 
     </span>
    </p>
   </div>
   <div class='ocr_carea' id='block_1_13' title="bbox 132 1276 1713 1359">
    <p class='ocr_par' dir='ltr' id='par_1_13' title="bbox 132 1276 1713 1359">
     <span class='ocr_line' id='line_1_13' title="bbox 132 1276 1713 1359; baseline -0.013 -6"><span class='ocrx_word' id='word_1_72' title='bbox 132 1276 262 1357; x_wconf 61' lang='lat' dir='ltr'><strong>rip;</strong></span> <span class='ocrx_word' id='word_1_73' title='bbox 302 1309 319 1339; x_wconf 77' lang='grc' dir='ltr'><strong>ι</strong></span> <span class='ocrx_word' id='word_1_74' title='bbox 374 1289 464 1341; x_wconf 83' lang='grc' dir='ltr'>Ἐν</span> <span class='ocrx_word' id='word_1_75' title='bbox 499 1288 576 1358; x_wconf 85' lang='grc' dir='ltr'>τῷ</span> <span class='ocrx_word' id='word_1_76' title='bbox 606 1291 796 1359; x_wconf 81' lang='grc' dir='ltr'>κόσμῳ</span> <span class='ocrx_word' id='word_1_77' title='bbox 837 1288 1012 1359; x_wconf 74' lang='grc' dir='ltr'>,φησὶ,</span> <span class='ocrx_word' id='word_1_78' title='bbox 1037 1286 1215 1356; x_wconf 77' lang='grc' dir='ltr'>θλίψιν</span> <span class='ocrx_word' id='word_1_79' title='bbox 1268 1284 1439 1350; x_wconf 77' lang='grc' dir='ltr'>εξετε,</span> <span class='ocrx_word' id='word_1_80' title='bbox 1480 1300 1500 1333; x_wconf 77' lang='grc' dir='ltr'><strong>ι</strong></span> <span class='ocrx_word' id='word_1_81' title='bbox 1544 1281 1713 1349; x_wconf 71' lang='grc' dir='ltr'>ἀλλ’ἢ</span> 
     </span>
    </p>
   </div>
   <div class='ocr_carea' id='block_1_14' title="bbox 133 1373 1711 1450">
    <p class='ocr_par' dir='ltr' id='par_1_14' title="bbox 133 1373 1711 1450">
     <span class='ocr_line' id='line_1_14' title="bbox 133 1373 1711 1450; baseline -0.002 -21"><span class='ocrx_word' id='word_1_82' title='bbox 133 1378 273 1448; x_wconf 70' lang='grc' dir='ltr'>λύπη</span> <span class='ocrx_word' id='word_1_83' title='bbox 303 1380 463 1447; x_wconf 80' lang='grc' dir='ltr'>ὑμῶν</span> <span class='ocrx_word' id='word_1_84' title='bbox 494 1381 573 1443; x_wconf 81' lang='grc' dir='ltr'><strong>είς</strong></span> <span class='ocrx_word' id='word_1_85' title='bbox 602 1383 776 1450; x_wconf 71' lang='grc' dir='ltr'>χαρὰν</span> <span class='ocrx_word' id='word_1_86' title='bbox 822 1382 1134 1449; x_wconf 79' lang='grc' dir='ltr'>γενήσεται.</span> <span class='ocrx_word' id='word_1_87' title='bbox 1168 1376 1241 1429; x_wconf 83' lang='grc' dir='ltr'><em>Ἦ</em></span> <span class='ocrx_word' id='word_1_88' title='bbox 1278 1373 1372 1429; x_wconf 82' lang='grc' dir='ltr'>οὖν</span> <span class='ocrx_word' id='word_1_89' title='bbox 1413 1374 1497 1439; x_wconf 72' lang='grc' dir='ltr'><strong>τὸ,</strong></span> <span class='ocrx_word' id='word_1_90' title='bbox 1528 1376 1711 1443; x_wconf 73' lang='grc' dir='ltr'>Ἄρτι,</span> 
     </span>
    </p>
   </div>
   <div class='ocr_carea' id='block_1_15' title="bbox 130 1462 1714 1538">
    <p class='ocr_par' dir='ltr' id='par_1_15' title="bbox 130 1462 1714 1538">
     <span class='ocr_line' id='line_1_15' title="bbox 130 1462 1714 1538; baseline -0.004 -18"><span class='ocrx_word' id='word_1_91' title='bbox 130 1468 212 1520; x_wconf 66' lang='grc' dir='ltr'>διὰ</span> <span class='ocrx_word' id='word_1_92' title='bbox 230 1470 295 1519; x_wconf 77' lang='grc' dir='ltr'>τὸ</span> <span class='ocrx_word' id='word_1_93' title='bbox 327 1468 645 1537; x_wconf 84' lang='grc' dir='ltr'>ἁγαλλίαμα</span> <span class='ocrx_word' id='word_1_94' title='bbox 675 1469 999 1538; x_wconf 82' lang='grc' dir='ltr'><strong>προσετέθη,</strong></span> <span class='ocrx_word' id='word_1_95' title='bbox 1044 1468 1121 1530; x_wconf 85' lang='grc' dir='ltr'>ὡς</span> <span class='ocrx_word' id='word_1_96' title='bbox 1148 1465 1241 1518; x_wconf 88' lang='grc' dir='ltr'>τοῦ</span> <span class='ocrx_word' id='word_1_97' title='bbox 1285 1464 1568 1535; x_wconf 79' lang='grc' dir='ltr'>μέλλοντος</span> <span class='ocrx_word' id='word_1_98' title='bbox 1601 1462 1714 1515; x_wconf 86' lang='grc' dir='ltr'>δια-</span> 
     </span>
    </p>
   </div>
   <div class='ocr_carea' id='block_1_16' title="bbox 130 1553 1709 1630">
    <p class='ocr_par' dir='ltr' id='par_1_16' title="bbox 130 1553 1709 1630">
     <span class='ocr_line' id='line_1_16' title="bbox 130 1553 1709 1630; baseline -0.003 -19"><span class='ocrx_word' id='word_1_99' title='bbox 130 1558 382 1627; x_wconf 75' lang='grc' dir='ltr'><strong>δέχεσθαι</strong></span> <span class='ocrx_word' id='word_1_100' title='bbox 420 1560 827 1630; x_wconf 77' lang='grc' dir='ltr'>ἀγαλλιάματος</span> <span class='ocrx_word' id='word_1_101' title='bbox 859 1562 959 1613; x_wconf 82' lang='grc' dir='ltr'>οὐκ</span> <span class='ocrx_word' id='word_1_102' title='bbox 1004 1561 1089 1611; x_wconf 77' lang='grc' dir='ltr'><strong>ἐπ’</strong></span> <span class='ocrx_word' id='word_1_103' title='bbox 1128 1558 1310 1624; x_wconf 76' lang='grc' dir='ltr'>ὀλίγον</span> <span class='ocrx_word' id='word_1_104' title='bbox 1361 1555 1536 1619; x_wconf 76' lang='grc' dir='ltr'>ὄντος,</span> <span class='ocrx_word' id='word_1_105' title='bbox 1593 1553 1709 1608; x_wconf 72' lang='grc' dir='ltr'>ἀλλ’</span> 
     </span>
    </p>
   </div>
   <div class='ocr_carea' id='block_1_17' title="bbox 132 1646 1711 1721">
    <p class='ocr_par' dir='ltr' id='par_1_17' title="bbox 132 1646 1711 1721">
     <span class='ocr_line' id='line_1_17' title="bbox 132 1646 1711 1721; baseline -0.003 -19"><span class='ocrx_word' id='word_1_106' title='bbox 132 1652 218 1702; x_wconf 78' lang='grc' dir='ltr'><strong>ἐπὶ</strong></span> <span class='ocrx_word' id='word_1_107' title='bbox 249 1653 468 1720; x_wconf 77' lang='grc' dir='ltr'>μακρόν</span> <span class='ocrx_word' id='word_1_108' title='bbox 510 1669 566 1704; x_wconf 84' lang='grc' dir='ltr'><strong>τε</strong></span> <span class='ocrx_word' id='word_1_109' title='bbox 594 1653 690 1705; x_wconf 77' lang='grc' dir='ltr'><strong>καὶ</strong></span> <span class='ocrx_word' id='word_1_110' title='bbox 715 1652 964 1721; x_wconf 79' lang='grc' dir='ltr'>ἄπειρον.</span> <span class='ocrx_word' id='word_1_111' title='bbox 995 1652 1066 1704; x_wconf 86' lang='grc' dir='ltr'><em>Ἢ</em></span> <span class='ocrx_word' id='word_1_112' title='bbox 1098 1651 1179 1715; x_wconf 81' lang='grc' dir='ltr'>τὸ,</span> <span class='ocrx_word' id='word_1_113' title='bbox 1228 1649 1459 1717; x_wconf 86' lang='grc' dir='ltr'>Ὀλίγον,</span> <span class='ocrx_word' id='word_1_114' title='bbox 1488 1647 1623 1716; x_wconf 81' lang='grc' dir='ltr'>πρὸς</span> <span class='ocrx_word' id='word_1_115' title='bbox 1650 1646 1711 1697; x_wconf 78' lang='grc' dir='ltr'>τὸ</span> 
     </span>
    </p>
   </div>
   <div class='ocr_carea' id='block_1_18' title="bbox 131 1735 1709 1813">
    <p class='ocr_par' dir='ltr' id='par_1_18' title="bbox 131 1735 1709 1813">
     <span class='ocr_line' id='line_1_18' title="bbox 131 1735 1709 1813; baseline 0.01 -26"><span class='ocrx_word' id='word_1_116' title='bbox 131 1738 529 1806; x_wconf 68' lang='grc' dir='ltr'><strong>ἐπιφερόμενον</strong></span> <span class='ocrx_word' id='word_1_117' title='bbox 575 1740 817 1810; x_wconf 63' lang='grc' dir='ltr'>λυπηρὸν</span> <span class='ocrx_word' id='word_1_118' title='bbox 865 1739 1162 1807; x_wconf 74' lang='grc' dir='ltr'>λογιστέον,</span> <span class='ocrx_word' id='word_1_119' title='bbox 1196 1740 1283 1792; x_wconf 79' lang='grc' dir='ltr'>ἵνα</span> <span class='ocrx_word' id='word_1_120' title='bbox 1389 1738 1583 1800; x_wconf 80' lang='grc' dir='ltr'>οὕτως·</span> <span class='ocrx_word' id='word_1_121' title='bbox 1642 1736 1709 1790; x_wconf 48' lang='lat' dir='ltr'><strong>Et</strong></span> 
     </span>
    </p>
   </div>
   <div class='ocr_carea' id='block_1_19' title="bbox 130 1828 1708 1901">
    <p class='ocr_par' dir='ltr' id='par_1_19' title="bbox 130 1828 1708 1901">
     <span class='ocr_line' id='line_1_19' title="bbox 130 1828 1708 1901; baseline 0.001 -22"><span class='ocrx_word' id='word_1_122' title='bbox 130 1828 246 1879; x_wconf 77' lang='grc' dir='ltr'>δέον</span> <span class='ocrx_word' id='word_1_123' title='bbox 285 1832 437 1882; x_wconf 74' lang='grc' dir='ltr'>ἐστὶν</span> <span class='ocrx_word' id='word_1_124' title='bbox 477 1829 655 1896; x_wconf 77' lang='grc' dir='ltr'>ὀλίγον</span> <span class='ocrx_word' id='word_1_125' title='bbox 695 1833 818 1900; x_wconf 80' lang='grc' dir='ltr'>ἄρτι</span> <span class='ocrx_word' id='word_1_126' title='bbox 846 1830 1176 1901; x_wconf 78' lang='grc' dir='ltr'><strong>λυπηθέντες</strong></span> <span class='ocrx_word' id='word_1_127' title='bbox 1210 1832 1267 1883; x_wconf 72' lang='grc' dir='ltr'>ἑν</span> <span class='ocrx_word' id='word_1_128' title='bbox 1293 1829 1557 1891; x_wconf 78' lang='grc' dir='ltr'>ποικίλοις</span> <span class='ocrx_word' id='word_1_129' title='bbox 1588 1844 1708 1881; x_wconf 82' lang='grc' dir='ltr'>πει-</span> 
     </span>
    </p>
   </div>
   <div class='ocr_carea' id='block_1_20' title="bbox 1824 633 3406 704">
    <p class='ocr_par' dir='ltr' id='par_1_20' title="bbox 1824 633 3406 704">
     <span class='ocr_line' id='line_1_20' title="bbox 1824 633 3406 704; baseline 0.004 -19"><span class='ocrx_word' id='word_1_130' title='bbox 1824 643 2022 703; x_wconf 82' lang='lat' dir='ltr'><strong>potens</strong></span> <span class='ocrx_word' id='word_1_131' title='bbox 2068 642 2214 686; x_wconf 87' lang='lat' dir='ltr'><strong>esset</strong></span> <span class='ocrx_word' id='word_1_132' title='bbox 2253 633 2520 697; x_wconf 87' lang='lat' dir='ltr'><strong>custodia,</strong></span> <span class='ocrx_word' id='word_1_133' title='bbox 2569 647 2909 702; x_wconf 73' lang='lat' dir='ltr'><strong>nequaquam</strong></span> <span class='ocrx_word' id='word_1_134' title='bbox 2954 645 3105 689; x_wconf 86' lang='lat' dir='ltr'><strong>tanto</strong></span> <span class='ocrx_word' id='word_1_135' title='bbox 3156 644 3406 704; x_wconf 77' lang='lat' dir='ltr'><strong>tempore</strong></span> 
     </span>
    </p>
   </div>
   <div class='ocr_carea' id='block_1_21' title="bbox 1823 722 3407 796">
    <p class='ocr_par' dir='ltr' id='par_1_21' title="bbox 1823 722 3407 796">
     <span class='ocr_line' id='line_1_21' title="bbox 1823 722 3407 796; baseline 0.004 -20"><span class='ocrx_word' id='word_1_136' title='bbox 1823 723 2167 793; x_wconf 82' lang='lat' dir='ltr'><strong>perduraret.</strong></span> <span class='ocrx_word' id='word_1_137' title='bbox 2200 722 2469 789; x_wconf 84' lang='lat' dir='ltr'><strong>Quoniam</strong></span> <span class='ocrx_word' id='word_1_138' title='bbox 2504 723 2666 793; x_wconf 81' lang='lat' dir='ltr'><strong>igitur</strong></span> <span class='ocrx_word' id='word_1_139' title='bbox 2695 734 2839 778; x_wconf 85' lang='lat' dir='ltr'><strong>tanta</strong></span> <span class='ocrx_word' id='word_1_140' title='bbox 2878 741 2939 779; x_wconf 87' lang='lat' dir='ltr'><strong>ac</strong></span> <span class='ocrx_word' id='word_1_141' title='bbox 2974 728 3096 781; x_wconf 82' lang='lat' dir='ltr'><strong>talia</strong></span> <span class='ocrx_word' id='word_1_142' title='bbox 3136 738 3263 781; x_wconf 88' lang='lat' dir='ltr'><strong>sunt</strong></span> <span class='ocrx_word' id='word_1_143' title='bbox 3285 743 3407 796; x_wconf 71' lang='lat' dir='ltr'><strong>qum</strong></span> 
     </span>
    </p>
   </div>
   <div class='ocr_carea' id='block_1_22' title="bbox 1822 814 3407 889">
    <p class='ocr_par' dir='ltr' id='par_1_22' title="bbox 1822 814 3407 889">
     <span class='ocr_line' id='line_1_22' title="bbox 1822 814 3407 889; baseline 0.003 -19"><span class='ocrx_word' id='word_1_144' title='bbox 1822 815 2049 876; x_wconf 88' lang='lat' dir='ltr'><strong>dantur,</strong></span> <span class='ocrx_word' id='word_1_145' title='bbox 2084 814 2222 868; x_wconf 87' lang='lat' dir='ltr'><strong>nihil</strong></span> <span class='ocrx_word' id='word_1_146' title='bbox 2262 815 2483 868; x_wconf 86' lang='lat' dir='ltr'><strong>ahsurdi</strong></span> <span class='ocrx_word' id='word_1_147' title='bbox 2512 825 2598 870; x_wconf 87' lang='lat' dir='ltr'><strong>est</strong></span> <span class='ocrx_word' id='word_1_148' title='bbox 2626 816 2769 884; x_wconf 91' lang='lat' dir='ltr'><strong>quod</strong></span> <span class='ocrx_word' id='word_1_149' title='bbox 2797 817 2959 870; x_wconf 89' lang='lat' dir='ltr'><strong>etiam</strong></span> <span class='ocrx_word' id='word_1_150' title='bbox 2987 831 3248 887; x_wconf 84' lang='lat' dir='ltr'><strong>sequatur</strong></span> <span class='ocrx_word' id='word_1_151' title='bbox 3276 836 3407 889; x_wconf 77' lang='lat' dir='ltr'><strong>gau-</strong></span> 
     </span>
    </p>
   </div>
   <div class='ocr_carea' id='block_1_23' title="bbox 1822 903 3406 976">
    <p class='ocr_par' dir='ltr' id='par_1_23' title="bbox 1822 903 3406 976">
     <span class='ocr_line' id='line_1_23' title="bbox 1822 903 3406 976; baseline 0.003 -17"><span class='ocrx_word' id='word_1_152' title='bbox 1822 905 1971 960; x_wconf 90' lang='lat' dir='ltr'><strong>dium</strong></span> <span class='ocrx_word' id='word_1_153' title='bbox 1990 904 2194 973; x_wconf 85' lang='lat' dir='ltr'><strong>eosqui</strong></span> <span class='ocrx_word' id='word_1_154' title='bbox 2215 903 2513 972; x_wconf 79' lang='lat' dir='ltr'><strong>accipiunt.</strong></span> <span class='ocrx_word' id='word_1_155' title='bbox 2549 904 2802 959; x_wconf 78' lang='lat' dir='ltr'><strong>Attamen</strong></span> <span class='ocrx_word' id='word_1_156' title='bbox 2824 908 3082 975; x_wconf 84' lang='lat' dir='ltr'><strong>quoniam</strong></span> <span class='ocrx_word' id='word_1_157' title='bbox 3118 911 3406 976; x_wconf 84' lang='lat' dir='ltr'><strong>promissio</strong></span> 
     </span>
    </p>
   </div>
   <div class='ocr_carea' id='block_1_24' title="bbox 1821 992 3409 1066">
    <p class='ocr_par' dir='ltr' id='par_1_24' title="bbox 1821 992 3409 1066">
     <span class='ocr_line' id='line_1_24' title="bbox 1821 992 3409 1066; baseline 0.001 -16"><span class='ocrx_word' id='word_1_158' title='bbox 1821 996 2093 1066; x_wconf 67' lang='lat' dir='ltr'><strong>magistri,</strong></span> <span class='ocrx_word' id='word_1_159' title='bbox 2114 1008 2223 1048; x_wconf 92' lang='lat' dir='ltr'><strong>non</strong></span> <span class='ocrx_word' id='word_1_160' title='bbox 2260 992 2514 1063; x_wconf 74' lang='lat' dir='ltr'><strong>gaudium</strong></span> <span class='ocrx_word' id='word_1_161' title='bbox 2542 995 2634 1047; x_wconf 88' lang='lat' dir='ltr'><strong>sed</strong></span> <span class='ocrx_word' id='word_1_162' title='bbox 2669 1010 2960 1050; x_wconf 72' lang='lat' dir='ltr'><strong>mwrorem</strong></span> <span class='ocrx_word' id='word_1_163' title='bbox 2986 997 3193 1050; x_wconf 89' lang='lat' dir='ltr'><strong>inducit</strong></span> <span class='ocrx_word' id='word_1_164' title='bbox 3222 999 3409 1051; x_wconf 86' lang='lat' dir='ltr'><strong>dicen-</strong></span> 
     </span>
    </p>
   </div>
   <div class='ocr_carea' id='block_1_25' title="bbox 1819 1085 3409 1153">
    <p class='ocr_par' dir='ltr' id='par_1_25' title="bbox 1819 1085 3409 1153">
     <span class='ocr_line' id='line_1_25' title="bbox 1819 1085 3409 1153; baseline 0 -11"><span class='ocrx_word' id='word_1_165' title='bbox 1819 1088 1891 1142; x_wconf 91' lang='lat' dir='ltr'><strong>do</strong></span> <span class='ocrx_word' id='word_1_166' title='bbox 1922 1104 1937 1140; x_wconf 89' lang='lat'><strong>:</strong></span> <span class='ocrx_word' id='word_1_167' title='bbox 1975 1104 1995 1138; x_wconf 86' lang='grc' dir='ltr'><strong>ι</strong></span> <span class='ocrx_word' id='word_1_168' title='bbox 2020 1086 2077 1139; x_wconf 92' lang='lat' dir='ltr'><strong>ln</strong></span> <span class='ocrx_word' id='word_1_169' title='bbox 2113 1085 2319 1140; x_wconf 87' lang='lat' dir='ltr'><strong>mundo</strong></span> <span class='ocrx_word' id='word_1_170' title='bbox 2342 1086 2687 1141; x_wconf 85' lang='lat' dir='ltr'><strong>alllictionem</strong></span> <span class='ocrx_word' id='word_1_171' title='bbox 2724 1090 2992 1144; x_wconf 82' lang='lat' dir='ltr'><strong>habebitis</strong></span> <span class='ocrx_word' id='word_1_172' title='bbox 3015 1090 3058 1153; x_wconf 86' lang='grc'>⁸,</span> <span class='ocrx_word' id='word_1_173' title='bbox 3088 1110 3105 1142; x_wconf 78' lang='grc' dir='ltr'><strong>ι</strong></span> <span class='ocrx_word' id='word_1_174' title='bbox 3134 1091 3199 1144; x_wconf 92' lang='lat' dir='ltr'><strong>ad</strong></span> <span class='ocrx_word' id='word_1_175' title='bbox 3232 1094 3409 1144; x_wconf 62' lang='lat' dir='ltr'><strong>exsul-</strong></span> 
     </span>
    </p>
   </div>
   <div class='ocr_carea' id='block_1_26' title="bbox 1822 1177 3410 1253">
    <p class='ocr_par' dir='ltr' id='par_1_26' title="bbox 1822 1177 3410 1253">
     <span class='ocr_line' id='line_1_26' title="bbox 1822 1177 3410 1253; baseline 0.004 -21"><span class='ocrx_word' id='word_1_176' title='bbox 1822 1179 2081 1233; x_wconf 85' lang='lat' dir='ltr'><strong>tationem</strong></span> <span class='ocrx_word' id='word_1_177' title='bbox 2109 1178 2278 1241; x_wconf 83' lang='lat' dir='ltr'><strong>addit,</strong></span> <span class='ocrx_word' id='word_1_178' title='bbox 2304 1177 2612 1232; x_wconf 87' lang='lat' dir='ltr'><strong>Paululum.</strong></span> <span class='ocrx_word' id='word_1_179' title='bbox 2651 1179 2719 1233; x_wconf 86' lang='lat' dir='ltr'><strong>Et</strong></span> <span class='ocrx_word' id='word_1_180' title='bbox 2748 1182 2872 1249; x_wconf 86' lang='lat' dir='ltr'><strong>quia</strong></span> <span class='ocrx_word' id='word_1_181' title='bbox 2914 1185 3085 1246; x_wconf 75' lang='lat' dir='ltr'><strong>tri~te,</strong></span> <span class='ocrx_word' id='word_1_182' title='bbox 3129 1184 3410 1253; x_wconf 70' lang='lat' dir='ltr'><strong>subiungit</strong></span> 
     </span>
    </p>
   </div>
   <div class='ocr_carea' id='block_1_27' title="bbox 1816 1266 3406 1341">
    <p class='ocr_par' dir='ltr' id='par_1_27' title="bbox 1816 1266 3406 1341">
     <span class='ocr_line' id='line_1_27' title="bbox 1816 1266 3406 1341; baseline 0.004 -20"><span class='ocrx_word' id='word_1_183' title='bbox 1816 1266 1994 1332; x_wconf 86' lang='lat' dir='ltr'><strong>Nunc,</strong></span> <span class='ocrx_word' id='word_1_184' title='bbox 2018 1266 2375 1321; x_wconf 86' lang='lat' dir='ltr'><strong>conlormiter</strong></span> <span class='ocrx_word' id='word_1_185' title='bbox 2404 1283 2525 1321; x_wconf 89' lang='lat' dir='ltr'><strong>cum</strong></span> <span class='ocrx_word' id='word_1_186' title='bbox 2567 1283 2669 1322; x_wconf 92' lang='lat' dir='ltr'><strong>suo</strong></span> <span class='ocrx_word' id='word_1_187' title='bbox 2695 1267 2833 1322; x_wconf 80' lang='lat' dir='ltr'><strong>duce</strong></span> <span class='ocrx_word' id='word_1_188' title='bbox 2872 1270 3119 1339; x_wconf 78' lang='lat' dir='ltr'><strong>loquens,</strong></span> <span class='ocrx_word' id='word_1_189' title='bbox 3162 1274 3253 1341; x_wconf 90' lang='lat' dir='ltr'><strong>qui</strong></span> <span class='ocrx_word' id='word_1_190' title='bbox 3284 1274 3361 1326; x_wconf 88' lang='lat' dir='ltr'><strong>ait</strong></span> <span class='ocrx_word' id='word_1_191' title='bbox 3392 1289 3406 1327; x_wconf 90' lang='lat'>:</span> 
     </span>
    </p>
   </div>
   <div class='ocr_carea' id='block_1_28' title="bbox 1824 1358 3407 1427">
    <p class='ocr_par' dir='ltr' id='par_1_28' title="bbox 1824 1358 3407 1427">
     <span class='ocr_line' id='line_1_28' title="bbox 1824 1358 3407 1427; baseline 0.005 -15"><span class='ocrx_word' id='word_1_192' title='bbox 1824 1379 1842 1412; x_wconf 81' lang='grc' dir='ltr'><strong>ι</strong></span> <span class='ocrx_word' id='word_1_193' title='bbox 1879 1361 1940 1414; x_wconf 91' lang='lat' dir='ltr'><strong>In</strong></span> <span class='ocrx_word' id='word_1_194' title='bbox 1986 1360 2193 1413; x_wconf 89' lang='lat' dir='ltr'><strong>mundo</strong></span> <span class='ocrx_word' id='word_1_195' title='bbox 2244 1358 2589 1415; x_wconf 81' lang='lat' dir='ltr'><strong>aﬂlictionem</strong></span> <span class='ocrx_word' id='word_1_196' title='bbox 2639 1361 2933 1427; x_wconf 81' lang='lat' dir='ltr'><strong>habebitis,</strong></span> <span class='ocrx_word' id='word_1_197' title='bbox 2969 1382 2986 1414; x_wconf 81' lang='grc' dir='ltr'><strong>ι</strong></span> <span class='ocrx_word' id='word_1_198' title='bbox 3041 1366 3133 1417; x_wconf 88' lang='lat' dir='ltr'><strong>sed</strong></span> <span class='ocrx_word' id='word_1_199' title='bbox 3185 1367 3407 1420; x_wconf 84' lang='lat' dir='ltr'><strong>tristitia</strong></span> 
     </span>
    </p>
   </div>
   <div class='ocr_carea' id='block_1_29' title="bbox 1815 1450 3409 1523">
    <p class='ocr_par' dir='ltr' id='par_1_29' title="bbox 1815 1450 3409 1523">
     <span class='ocr_line' id='line_1_29' title="bbox 1815 1450 3409 1523; baseline 0.004 -20"><span class='ocrx_word' id='word_1_200' title='bbox 1815 1462 1998 1506; x_wconf 81' lang='lat' dir='ltr'><strong>vestra</strong></span> <span class='ocrx_word' id='word_1_201' title='bbox 2020 1458 2267 1505; x_wconf 79' lang='lat' dir='ltr'><strong>vertetur</strong></span> <span class='ocrx_word' id='word_1_202' title='bbox 2293 1450 2348 1504; x_wconf 93' lang='lat' dir='ltr'><strong>in</strong></span> <span class='ocrx_word' id='word_1_203' title='bbox 2372 1452 2651 1521; x_wconf 79' lang='lat' dir='ltr'><strong>gaudium.</strong></span> <span class='ocrx_word' id='word_1_204' title='bbox 2683 1454 2789 1507; x_wconf 80' lang='lat' dir='ltr'><strong>Aut</strong></span> <span class='ocrx_word' id='word_1_205' title='bbox 2812 1468 2942 1523; x_wconf 80' lang='lat' dir='ltr'><strong>ergo</strong></span> <span class='ocrx_word' id='word_1_206' title='bbox 2964 1456 3105 1523; x_wconf 86' lang='lat' dir='ltr'><strong>quod</strong></span> <span class='ocrx_word' id='word_1_207' title='bbox 3146 1456 3220 1508; x_wconf 86' lang='lat' dir='ltr'><strong>ait</strong></span> <span class='ocrx_word' id='word_1_208' title='bbox 3253 1457 3409 1510; x_wconf 79' lang='lat' dir='ltr'><strong>Nunc</strong></span> 
     </span>
    </p>
   </div>
   <div class='ocr_carea' id='block_1_30' title="bbox 1814 1539 3408 1614">
    <p class='ocr_par' dir='ltr' id='par_1_30' title="bbox 1814 1539 3408 1614">
     <span class='ocr_line' id='line_1_30' title="bbox 1814 1539 3408 1614; baseline 0.003 -19"><span class='ocrx_word' id='word_1_209' title='bbox 1814 1539 2098 1605; x_wconf 76' lang='lat' dir='ltr'><strong>velModo,</strong></span> <span class='ocrx_word' id='word_1_210' title='bbox 2122 1550 2351 1610; x_wconf 88' lang='lat' dir='ltr'><strong>propter</strong></span> <span class='ocrx_word' id='word_1_211' title='bbox 2372 1541 2795 1595; x_wconf 82' lang='lat' dir='ltr'><strong>exsultationem</strong></span> <span class='ocrx_word' id='word_1_212' title='bbox 2828 1544 3069 1597; x_wconf 88' lang='lat' dir='ltr'><strong>additum</strong></span> <span class='ocrx_word' id='word_1_213' title='bbox 3106 1556 3209 1609; x_wconf 88' lang='lat' dir='ltr'><strong>cst,</strong></span> <span class='ocrx_word' id='word_1_214' title='bbox 3253 1548 3408 1614; x_wconf 83' lang='lat' dir='ltr'><strong>quasi</strong></span> 
     </span>
    </p>
   </div>
   <div class='ocr_carea' id='block_1_31' title="bbox 1813 1634 3411 1704">
    <p class='ocr_par' dir='ltr' id='par_1_31' title="bbox 1813 1634 3411 1704">
     <span class='ocr_line' id='line_1_31' title="bbox 1813 1634 3411 1704; baseline 0.005 -18"><span class='ocrx_word' id='word_1_215' title='bbox 1813 1647 2131 1688; x_wconf 79' lang='lat' dir='ltr'><strong>successura</strong></span> <span class='ocrx_word' id='word_1_216' title='bbox 2146 1634 2517 1688; x_wconf 73' lang='lat' dir='ltr'><strong>sitexsultatio</strong></span> <span class='ocrx_word' id='word_1_217' title='bbox 2534 1649 2653 1702; x_wconf 69' lang='lat' dir='ltr'><strong>quae</strong></span> <span class='ocrx_word' id='word_1_218' title='bbox 2672 1650 2778 1688; x_wconf 87' lang='lat' dir='ltr'><strong>non</strong></span> <span class='ocrx_word' id='word_1_219' title='bbox 2795 1637 3132 1704; x_wconf 82' lang='lat' dir='ltr'><strong>paululo.sed</strong></span> <span class='ocrx_word' id='word_1_220' title='bbox 3151 1638 3411 1694; x_wconf 79' lang='lat' dir='ltr'><strong>diuturno</strong></span> 
     </span>
    </p>
   </div>
   <div class='ocr_carea' id='block_1_32' title="bbox 1811 1718 3409 1787">
    <p class='ocr_par' dir='ltr' id='par_1_32' title="bbox 1811 1718 3409 1787">
     <span class='ocr_line' id='line_1_32' title="bbox 1811 1718 3409 1787; baseline 0.003 -13"><span class='ocrx_word' id='word_1_221' title='bbox 1811 1727 1868 1774; x_wconf 92' lang='lat' dir='ltr'><strong>et</strong></span> <span class='ocrx_word' id='word_1_222' title='bbox 1907 1718 2121 1773; x_wconf 82' lang='lat' dir='ltr'><strong>inﬁnito</strong></span> <span class='ocrx_word' id='word_1_223' title='bbox 2142 1728 2387 1787; x_wconf 90' lang='lat' dir='ltr'><strong>tempore</strong></span> <span class='ocrx_word' id='word_1_224' title='bbox 2405 1720 2585 1774; x_wconf 76' lang='lat' dir='ltr'><strong>duret.</strong></span> <span class='ocrx_word' id='word_1_225' title='bbox 2632 1720 2741 1774; x_wconf 85' lang='lat' dir='ltr'><strong>Aut</strong></span> <span class='ocrx_word' id='word_1_226' title='bbox 2778 1721 3085 1787; x_wconf 85' lang='lat' dir='ltr'><strong>Paululum,</strong></span> <span class='ocrx_word' id='word_1_227' title='bbox 3113 1724 3177 1777; x_wconf 90' lang='lat' dir='ltr'><strong>ad</strong></span> <span class='ocrx_word' id='word_1_228' title='bbox 3216 1726 3409 1778; x_wconf 88' lang='lat' dir='ltr'><strong>subsc-</strong></span> 
     </span>
    </p>
   </div>
   <div class='ocr_carea' id='block_1_33' title="bbox 1812 1809 3411 1878">
    <p class='ocr_par' dir='ltr' id='par_1_33' title="bbox 1812 1809 3411 1878">
     <span class='ocr_line' id='line_1_33' title="bbox 1812 1809 3411 1878; baseline 0.004 -16"><span class='ocrx_word' id='word_1_229' title='bbox 1812 1823 1990 1878; x_wconf 83' lang='lat' dir='ltr'><strong>quens</strong></span> <span class='ocrx_word' id='word_1_230' title='bbox 2036 1809 2183 1877; x_wconf 88' lang='lat' dir='ltr'><strong>quod</strong></span> <span class='ocrx_word' id='word_1_231' title='bbox 2225 1810 2516 1863; x_wconf 83' lang='lat' dir='ltr'><strong>contristat</strong></span> <span class='ocrx_word' id='word_1_232' title='bbox 2561 1810 2911 1866; x_wconf 78' lang='lat' dir='ltr'><strong>referendum</strong></span> <span class='ocrx_word' id='word_1_233' title='bbox 2958 1823 3065 1876; x_wconf 88' lang='lat' dir='ltr'><strong>est,</strong></span> <span class='ocrx_word' id='word_1_234' title='bbox 3104 1824 3162 1866; x_wconf 90' lang='lat' dir='ltr'><strong>ut</strong></span> <span class='ocrx_word' id='word_1_235' title='bbox 3206 1816 3277 1868; x_wconf 89' lang='lat' dir='ltr'><strong>sit</strong></span> <span class='ocrx_word' id='word_1_236' title='bbox 3325 1816 3411 1869; x_wconf 88' lang='lat' dir='ltr'><strong>hic</strong></span> 
     </span>
    </p>
   </div>
   <div class='ocr_carea' id='block_1_34' title="bbox 137 1886 1719 1993">
    <p class='ocr_par' dir='ltr' id='par_1_34' title="bbox 137 1886 1709 1993">
     <span class='ocr_line' id='line_1_34' title="bbox 137 1886 1709 1993; baseline 0.003 -22"><span class='ocrx_word' id='word_1_237' title='bbox 137 1923 389 1989; x_wconf 78' lang='grc' dir='ltr'>ρασμοῖς.</span> <span class='ocrx_word' id='word_1_238' title='bbox 450 1886 586 1974; x_wconf 56' lang='grc' dir='ltr'><strong>Ἀλλέ</strong></span> <span class='ocrx_word' id='word_1_239' title='bbox 614 1886 803 1993; x_wconf 60' lang='grc' dir='ltr'>ἐπειδὴ</span> <span class='ocrx_word' id='word_1_240' title='bbox 835 1923 896 1975; x_wconf 84' lang='grc' dir='ltr'>τὸ</span> <span class='ocrx_word' id='word_1_241' title='bbox 924 1886 1030 1975; x_wconf 69' lang='grc' dir='ltr'>τέιν</span> <span class='ocrx_word' id='word_1_242' title='bbox 1072 1886 1419 1993; x_wconf 72' lang='grc' dir='ltr'>πειρασμῶν,</span> <span class='ocrx_word' id='word_1_243' title='bbox 1477 1886 1709 1992; x_wconf 75' lang='grc' dir='ltr'>θόρυθον</span> 
     </span>
    </p>
   </div>
   <div class='ocr_carea' id='block_1_35' title="bbox 1824 1886 3411 1993">
    <p class='ocr_par' dir='ltr' id='par_1_35' title="bbox 1824 1900 3411 1974">
     <span class='ocr_line' id='line_1_35' title="bbox 1824 1900 3411 1974; baseline 0.005 -19"><span class='ocrx_word' id='word_1_244' title='bbox 1824 1901 1979 1974; x_wconf 63' lang='grc'><strong>485</strong></span> <span class='ocrx_word' id='word_1_245' title='bbox 2006 1916 2234 1956; x_wconf 78' lang='lat' dir='ltr'><strong>sensus:</strong></span> <span class='ocrx_word' id='word_1_246' title='bbox 2259 1900 2313 1954; x_wconf 92' lang='lat' dir='ltr'><strong>Si</strong></span> <span class='ocrx_word' id='word_1_247' title='bbox 2341 1916 2477 1970; x_wconf 88' lang='lat' dir='ltr'><strong>opus</strong></span> <span class='ocrx_word' id='word_1_248' title='bbox 2504 1901 2591 1966; x_wconf 86' lang='lat' dir='ltr'><strong>sit,</strong></span> <span class='ocrx_word' id='word_1_249' title='bbox 2621 1903 2897 1972; x_wconf 89' lang='lat' dir='ltr'><strong>paululum</strong></span> <span class='ocrx_word' id='word_1_250' title='bbox 2937 1920 3084 1958; x_wconf 89' lang='lat' dir='ltr'><strong>nunc</strong></span> <span class='ocrx_word' id='word_1_251' title='bbox 3114 1917 3411 1963; x_wconf 64' lang='lat' dir='ltr'><strong>llltnl&#39;elllrs</strong></span> 
     </span>
    </p>
   </div>
   <div class='ocr_carea' id='block_1_36' title="bbox 133 2011 1709 2082">
    <p class='ocr_par' dir='ltr' id='par_1_36' title="bbox 133 2011 1709 2082">
     <span class='ocr_line' id='line_1_36' title="bbox 133 2011 1709 2082; baseline 0.002 -22"><span class='ocrx_word' id='word_1_252' title='bbox 133 2011 393 2075; x_wconf 73' lang='grc' dir='ltr'>ἐνεποίει,</span> <span class='ocrx_word' id='word_1_253' title='bbox 447 2011 535 2064; x_wconf 64' lang='grc' dir='ltr'>διὰ</span> <span class='ocrx_word' id='word_1_254' title='bbox 570 2011 728 2065; x_wconf 79' lang='grc' dir='ltr'>τοῦτο</span> <span class='ocrx_word' id='word_1_255' title='bbox 783 2014 1031 2081; x_wconf 78' lang='grc' dir='ltr'>ἐπήγαγε</span> <span class='ocrx_word' id='word_1_256' title='bbox 1092 2012 1191 2082; x_wconf 80' lang='grc' dir='ltr'>τὴν</span> <span class='ocrx_word' id='word_1_257' title='bbox 1228 2012 1336 2065; x_wconf 81' lang='grc' dir='ltr'><strong>τῶν</strong></span> <span class='ocrx_word' id='word_1_258' title='bbox 1388 2011 1709 2081; x_wconf 77' lang='grc' dir='ltr'>πειρασμῶν</span> 
     </span>
    </p>
   </div>
   <div class='ocr_carea' id='block_1_37' title="bbox 135 2103 1710 2175">
    <p class='ocr_par' dir='ltr' id='par_1_37' title="bbox 135 2103 1710 2175">
     <span class='ocr_line' id='line_1_37' title="bbox 135 2103 1710 2175; baseline 0.001 -22"><span class='ocrx_word' id='word_1_259' title='bbox 135 2104 333 2162; x_wconf 85' lang='grc' dir='ltr'>αίτίαν,</span> <span class='ocrx_word' id='word_1_260' title='bbox 365 2104 449 2155; x_wconf 83' lang='grc' dir='ltr'>ὅτι</span> <span class='ocrx_word' id='word_1_261' title='bbox 474 2103 561 2156; x_wconf 72' lang='grc' dir='ltr'><strong>δια</strong></span> <span class='ocrx_word' id='word_1_262' title='bbox 586 2104 789 2156; x_wconf 81' lang='grc' dir='ltr'>τούτων</span> <span class='ocrx_word' id='word_1_263' title='bbox 812 2104 872 2156; x_wconf 86' lang='grc' dir='ltr'><strong>τδ</strong></span> <span class='ocrx_word' id='word_1_264' title='bbox 896 2105 1139 2172; x_wconf 85' lang='grc' dir='ltr'>δοκίμιον</span> <span class='ocrx_word' id='word_1_265' title='bbox 1162 2104 1316 2173; x_wconf 82' lang='grc' dir='ltr'>ὑμῶν</span> <span class='ocrx_word' id='word_1_266' title='bbox 1332 2104 1710 2175; x_wconf 78' lang='grc' dir='ltr'>φανερώτερον</span> 
     </span>
    </p>
   </div>
   <div class='ocr_carea' id='block_1_38' title="bbox 137 2195 1713 2269">
    <p class='ocr_par' dir='ltr' id='par_1_38' title="bbox 137 2195 1713 2269">
     <span class='ocr_line' id='line_1_38' title="bbox 137 2195 1713 2269; baseline 0.002 -23"><span class='ocrx_word' id='word_1_267' title='bbox 137 2196 347 2262; x_wconf 74' lang='grc' dir='ltr'>γίνεται</span> <span class='ocrx_word' id='word_1_268' title='bbox 372 2197 470 2248; x_wconf 75' lang='grc' dir='ltr'>καὶ</span> <span class='ocrx_word' id='word_1_269' title='bbox 498 2196 822 2269; x_wconf 76' lang='grc' dir='ltr'>τιμιώτερον</span> <span class='ocrx_word' id='word_1_270' title='bbox 848 2197 1096 2268; x_wconf 83' lang='grc' dir='ltr'>χρυσίου.</span> <span class='ocrx_word' id='word_1_271' title='bbox 1137 2195 1293 2250; x_wconf 81' lang='grc' dir='ltr'><strong>Ἐπεὶ</strong></span> <span class='ocrx_word' id='word_1_272' title='bbox 1322 2198 1418 2250; x_wconf 75' lang='grc' dir='ltr'>καὶ</span> <span class='ocrx_word' id='word_1_273' title='bbox 1459 2198 1592 2250; x_wconf 80' lang='grc' dir='ltr'><strong>αὐτὸ</strong></span> <span class='ocrx_word' id='word_1_274' title='bbox 1624 2197 1713 2249; x_wconf 87' lang='grc' dir='ltr'>δο-</span> 
     </span>
    </p>
   </div>
   <div class='ocr_carea' id='block_1_39' title="bbox 137 2288 1709 2360">
    <p class='ocr_par' dir='ltr' id='par_1_39' title="bbox 137 2288 1709 2360">
     <span class='ocr_line' id='line_1_39' title="bbox 137 2288 1709 2360; baseline 0.001 -21"><span class='ocrx_word' id='word_1_275' title='bbox 137 2288 508 2356; x_wconf 70' lang='grc' dir='ltr'>κιμαζόμενον</span> <span class='ocrx_word' id='word_1_276' title='bbox 556 2289 709 2358; x_wconf 80' lang='grc' dir='ltr'>πυρὶ,</span> <span class='ocrx_word' id='word_1_277' title='bbox 748 2292 945 2359; x_wconf 74' lang='grc' dir='ltr'>μᾶλλον</span> <span class='ocrx_word' id='word_1_278' title='bbox 989 2289 1296 2360; x_wconf 84' lang='grc' dir='ltr'>ἀνθρώποις</span> <span class='ocrx_word' id='word_1_279' title='bbox 1333 2289 1709 2351; x_wconf 75' lang='grc' dir='ltr'><strong>σπουδάζεται.</strong></span> 
     </span>
    </p>
   </div>
   <div class='ocr_carea' id='block_1_40' title="bbox 138 2378 1714 2448">
    <p class='ocr_par' dir='ltr' id='par_1_40' title="bbox 138 2378 1714 2448">
     <span class='ocr_line' id='line_1_40' title="bbox 138 2378 1714 2448; baseline 0.003 -20"><span class='ocrx_word' id='word_1_280' title='bbox 138 2378 480 2448; x_wconf 79' lang='grc' dir='ltr'>Πττοστίθησι</span> <span class='ocrx_word' id='word_1_281' title='bbox 521 2379 579 2433; x_wconf 78' lang='grc' dir='ltr'>δὲ</span> <span class='ocrx_word' id='word_1_282' title='bbox 603 2382 797 2447; x_wconf 75' lang='grc' dir='ltr'>καὶτὸ,</span> <span class='ocrx_word' id='word_1_283' title='bbox 829 2383 890 2434; x_wconf 77' lang='lat' dir='ltr'><strong>El</strong></span> <span class='ocrx_word' id='word_1_284' title='bbox 917 2383 1055 2448; x_wconf 82' lang='grc' dir='ltr'>δέον,</span> <span class='ocrx_word' id='word_1_285' title='bbox 1080 2382 1214 2435; x_wconf 74' lang='grc' dir='ltr'>διότι</span> <span class='ocrx_word' id='word_1_286' title='bbox 1238 2381 1363 2434; x_wconf 74' lang='grc' dir='ltr'>οὔτε</span> <span class='ocrx_word' id='word_1_287' title='bbox 1382 2383 1490 2445; x_wconf 84' lang='grc' dir='ltr'><strong>πᾶς</strong></span> <span class='ocrx_word' id='word_1_288' title='bbox 1522 2381 1714 2443; x_wconf 84' lang='grc' dir='ltr'>πιστὸς</span> 
     </span>
    </p>
   </div>
   <div class='ocr_carea' id='block_1_41' title="bbox 139 2466 1713 2545">
    <p class='ocr_par' dir='ltr' id='par_1_41' title="bbox 139 2466 1713 2545">
     <span class='ocr_line' id='line_1_41' title="bbox 139 2466 1713 2545; baseline 0.005 -28"><span class='ocrx_word' id='word_1_289' title='bbox 139 2466 460 2537; x_wconf 72' lang='grc' dir='ltr'><strong>πειράζεται</strong></span> <span class='ocrx_word' id='word_1_290' title='bbox 495 2468 584 2523; x_wconf 70' lang='grc' dir='ltr'><strong>διὰ</strong></span> <span class='ocrx_word' id='word_1_291' title='bbox 628 2470 883 2541; x_wconf 74' lang='grc' dir='ltr'>θλίψεως,</span> <span class='ocrx_word' id='word_1_292' title='bbox 918 2472 1043 2525; x_wconf 78' lang='grc' dir='ltr'>οὔτε</span> <span class='ocrx_word' id='word_1_293' title='bbox 1079 2477 1186 2537; x_wconf 81' lang='grc' dir='ltr'><strong>πᾶς</strong></span> <span class='ocrx_word' id='word_1_294' title='bbox 1216 2474 1560 2545; x_wconf 84' lang='grc' dir='ltr'>ἁμαρτωλὸς,</span> <span class='ocrx_word' id='word_1_295' title='bbox 1596 2472 1713 2526; x_wconf 81' lang='grc' dir='ltr'>ἀλλ’</span> 
     </span>
    </p>
   </div>
   <div class='ocr_carea' id='block_1_42' title="bbox 141 2558 1713 2635">
    <p class='ocr_par' dir='ltr' id='par_1_42' title="bbox 141 2558 1713 2635">
     <span class='ocr_line' id='line_1_42' title="bbox 141 2558 1713 2635; baseline 0.006 -27"><span class='ocrx_word' id='word_1_296' title='bbox 141 2558 258 2610; x_wconf 58' lang='lat' dir='ltr'><strong>alat</strong></span> <span class='ocrx_word' id='word_1_297' title='bbox 314 2560 625 2628; x_wconf 70' lang='grc' dir='ltr'>εὐθηνεϊται</span> <span class='ocrx_word' id='word_1_298' title='bbox 659 2563 921 2635; x_wconf 73' lang='grc' dir='ltr'>ἑκάτερος</span> <span class='ocrx_word' id='word_1_299' title='bbox 962 2565 1170 2619; x_wconf 86' lang='grc' dir='ltr'>τούτων</span> <span class='ocrx_word' id='word_1_300' title='bbox 1202 2568 1281 2628; x_wconf 89' lang='grc' dir='ltr'>εἰς</span> <span class='ocrx_word' id='word_1_301' title='bbox 1330 2566 1438 2620; x_wconf 85' lang='grc' dir='ltr'>ἀεί.</span> <span class='ocrx_word' id='word_1_302' title='bbox 1497 2565 1713 2619; x_wconf 83' lang='grc' dir='ltr'>Ἀλλόί</span> 
     </span>
    </p>
   </div>
   <div class='ocr_carea' id='block_1_43' title="bbox 145 2649 1716 2727">
    <p class='ocr_par' dir='ltr' id='par_1_43' title="bbox 145 2649 1716 2727">
     <span class='ocr_line' id='line_1_43' title="bbox 145 2649 1716 2727; baseline 0.004 -26"><span class='ocrx_word' id='word_1_303' title='bbox 145 2649 240 2717; x_wconf 84' lang='grc' dir='ltr'>μὲν</span> <span class='ocrx_word' id='word_1_304' title='bbox 282 2650 588 2721; x_wconf 78' lang='grc' dir='ltr'>θλιϐόμενοι</span> <span class='ocrx_word' id='word_1_305' title='bbox 633 2654 865 2719; x_wconf 84' lang='grc' dir='ltr'>δίκαιοι,</span> <span class='ocrx_word' id='word_1_306' title='bbox 920 2659 1000 2717; x_wconf 84' lang='grc' dir='ltr'><strong>είς</strong></span> <span class='ocrx_word' id='word_1_307' title='bbox 1053 2658 1374 2727; x_wconf 75' lang='grc' dir='ltr'>προσθήκην</span> <span class='ocrx_word' id='word_1_308' title='bbox 1436 2659 1716 2724; x_wconf 71' lang='grc' dir='ltr'>στεφάνων</span> 
     </span>
    </p>
   </div>
   <div class='ocr_carea' id='block_1_44' title="bbox 144 2738 1718 2816">
    <p class='ocr_par' dir='ltr' id='par_1_44' title="bbox 144 2738 1718 2816">
     <span class='ocr_line' id='line_1_44' title="bbox 144 2738 1718 2816; baseline 0.006 -29"><span class='ocrx_word' id='word_1_309' title='bbox 144 2738 458 2808; x_wconf 79' lang='grc' dir='ltr'>πάσχουσιν,</span> <span class='ocrx_word' id='word_1_310' title='bbox 482 2742 533 2793; x_wconf 87' lang='grc' dir='ltr'><strong>οί</strong></span> <span class='ocrx_word' id='word_1_311' title='bbox 564 2741 621 2794; x_wconf 81' lang='grc' dir='ltr'>δὲ</span> <span class='ocrx_word' id='word_1_312' title='bbox 660 2745 992 2815; x_wconf 76' lang='grc' dir='ltr'>ἁμαρτωλοὶ,</span> <span class='ocrx_word' id='word_1_313' title='bbox 1032 2746 1117 2798; x_wconf 77' lang='grc' dir='ltr'>ἵνα</span> <span class='ocrx_word' id='word_1_314' title='bbox 1161 2747 1269 2799; x_wconf 84' lang='grc' dir='ltr'>τῶν</span> <span class='ocrx_word' id='word_1_315' title='bbox 1306 2746 1718 2816; x_wconf 82' lang='grc' dir='ltr'>ἁμαρτημάτων</span> 
     </span>
    </p>
   </div>
   <div class='ocr_carea' id='block_1_45' title="bbox 144 2828 1714 2901">
    <p class='ocr_par' dir='ltr' id='par_1_45' title="bbox 144 2828 1714 2901">
     <span class='ocr_line' id='line_1_45' title="bbox 144 2828 1714 2901; baseline 0.006 -22"><span class='ocrx_word' id='word_1_316' title='bbox 144 2828 294 2898; x_wconf 81' lang='grc' dir='ltr'>δίκην</span> <span class='ocrx_word' id='word_1_317' title='bbox 324 2833 636 2888; x_wconf 80' lang='grc' dir='ltr'>ἑκτίσωσιν.</span> <span class='ocrx_word' id='word_1_318' title='bbox 696 2837 770 2889; x_wconf 69' lang='grc' dir='ltr'><strong>οὐ</strong></span> <span class='ocrx_word' id='word_1_319' title='bbox 826 2839 1027 2899; x_wconf 83' lang='grc' dir='ltr'>πάντες</span> <span class='ocrx_word' id='word_1_320' title='bbox 1056 2838 1112 2889; x_wconf 80' lang='grc' dir='ltr'>δὲ</span> <span class='ocrx_word' id='word_1_321' title='bbox 1162 2838 1362 2890; x_wconf 84' lang='grc' dir='ltr'>δίκαιοι</span> <span class='ocrx_word' id='word_1_322' title='bbox 1416 2838 1714 2901; x_wconf 76' lang='grc' dir='ltr'>θλίϐονται,</span> 
     </span>
    </p>
   </div>
   <div class='ocr_carea' id='block_1_46' title="bbox 146 2922 1718 3001">
    <p class='ocr_par' dir='ltr' id='par_1_46' title="bbox 146 2922 1718 3001">
     <span class='ocr_line' id='line_1_46' title="bbox 146 2922 1718 3001; baseline 0.006 -29"><span class='ocrx_word' id='word_1_323' title='bbox 146 2922 234 2974; x_wconf 79' lang='grc' dir='ltr'>ἵνα</span> <span class='ocrx_word' id='word_1_324' title='bbox 276 2925 349 2992; x_wconf 82' lang='grc' dir='ltr'>μὴ</span> <span class='ocrx_word' id='word_1_325' title='bbox 376 2926 476 2994; x_wconf 73' lang='grc' dir='ltr'>τὴν</span> <span class='ocrx_word' id='word_1_326' title='bbox 508 2928 705 2979; x_wconf 80' lang='grc' dir='ltr'>κακίαν</span> <span class='ocrx_word' id='word_1_327' title='bbox 729 2930 1017 2999; x_wconf 78' lang='grc' dir='ltr'>ἐπαινετὴν</span> <span class='ocrx_word' id='word_1_328' title='bbox 1053 2931 1301 2998; x_wconf 75' lang='grc' dir='ltr'>νομίσας,</span> <span class='ocrx_word' id='word_1_329' title='bbox 1345 2934 1584 3001; x_wconf 71' lang='grc' dir='ltr'>μισήσῃς</span> <span class='ocrx_word' id='word_1_330' title='bbox 1619 2932 1718 2999; x_wconf 79' lang='grc' dir='ltr'>τὴν</span> 
     </span>
    </p>
   </div>
   <div class='ocr_carea' id='block_1_47' title="bbox 143 3014 1719 3093">
    <p class='ocr_par' dir='ltr' id='par_1_47' title="bbox 143 3014 1719 3093">
     <span class='ocr_line' id='line_1_47' title="bbox 143 3014 1719 3093; baseline 0.008 -29"><span class='ocrx_word' id='word_1_331' title='bbox 143 3014 364 3083; x_wconf 79' lang='grc' dir='ltr'>ἀρετήν.</span> <span class='ocrx_word' id='word_1_332' title='bbox 398 3017 533 3070; x_wconf 70' lang='grc' dir='ltr'><strong>Οὐδὲ</strong></span> <span class='ocrx_word' id='word_1_333' title='bbox 567 3022 767 3083; x_wconf 73' lang='grc' dir='ltr'>πάντες</span> <span class='ocrx_word' id='word_1_334' title='bbox 802 3022 1117 3092; x_wconf 74' lang='grc' dir='ltr'>ἁμαρτωλοὶ</span> <span class='ocrx_word' id='word_1_335' title='bbox 1154 3022 1447 3085; x_wconf 78' lang='grc' dir='ltr'>θλίϐονται,</span> <span class='ocrx_word' id='word_1_336' title='bbox 1497 3024 1585 3076; x_wconf 79' lang='grc' dir='ltr'>ἵνα</span> <span class='ocrx_word' id='word_1_337' title='bbox 1645 3022 1719 3093; x_wconf 81' lang='grc' dir='ltr'>μὴ</span> 
     </span>
    </p>
   </div>
   <div class='ocr_carea' id='block_1_48' title="bbox 144 3109 1721 3185">
    <p class='ocr_par' dir='ltr' id='par_1_48' title="bbox 144 3109 1721 3185">
     <span class='ocr_line' id='line_1_48' title="bbox 144 3109 1721 3185; baseline 0.007 -26"><span class='ocrx_word' id='word_1_338' title='bbox 144 3110 175 3176; x_wconf 73' lang='grc' dir='ltr'><strong>ἡ</strong></span> <span class='ocrx_word' id='word_1_339' title='bbox 209 3109 507 3173; x_wconf 76' lang='grc' dir='ltr'>ἀνάστασις</span> <span class='ocrx_word' id='word_1_340' title='bbox 540 3114 841 3185; x_wconf 73' lang='grc' dir='ltr'>ἀπιπηθῇ,</span> <span class='ocrx_word' id='word_1_341' title='bbox 869 3116 944 3179; x_wconf 79' lang='grc' dir='ltr'><strong>ὡς</strong></span> <span class='ocrx_word' id='word_1_342' title='bbox 987 3118 1204 3169; x_wconf 77' lang='grc' dir='ltr'>πάντων</span> <span class='ocrx_word' id='word_1_343' title='bbox 1238 3116 1472 3169; x_wconf 74' lang='grc' dir='ltr'>ἐνταῦθα</span> <span class='ocrx_word' id='word_1_344' title='bbox 1503 3119 1569 3170; x_wconf 77' lang='grc' dir='ltr'>τὰ</span> <span class='ocrx_word' id='word_1_345' title='bbox 1597 3118 1721 3171; x_wconf 59' lang='grc' dir='ltr'>ἐλυ-</span> 
     </span>
    </p>
   </div>
   <div class='ocr_carea' id='block_1_49' title="bbox 144 3200 803 3273">
    <p class='ocr_par' dir='ltr' id='par_1_49' title="bbox 144 3200 803 3273">
     <span class='ocr_line' id='line_1_49' title="bbox 144 3200 803 3273; baseline 0.012 -22"><span class='ocrx_word' id='word_1_346' title='bbox 144 3200 251 3253; x_wconf 82' lang='grc' dir='ltr'>τῶν</span> <span class='ocrx_word' id='word_1_347' title='bbox 285 3203 803 3273; x_wconf 75' lang='grc' dir='ltr'>ἀπολαμϐανόντων.</span> 
     </span>
    </p>
   </div>
   <div class='ocr_carea' id='block_1_50' title="bbox 210 3400 1720 3479">
    <p class='ocr_par' dir='ltr' id='par_1_50' title="bbox 210 3400 1720 3479">
     <span class='ocr_line' id='line_1_50' title="bbox 210 3400 1720 3479; baseline 0.009 -26"><span class='ocrx_word' id='word_1_348' title='bbox 210 3400 312 3467; x_wconf 82' lang='grc' dir='ltr'><strong>Εἰς</strong></span> <span class='ocrx_word' id='word_1_349' title='bbox 345 3406 753 3473; x_wconf 82' lang='grc' dir='ltr'>κληρονομίαν</span> <span class='ocrx_word' id='word_1_350' title='bbox 780 3406 1083 3475; x_wconf 60' lang='grc' dir='ltr'>ἄφθαρτον</span> <span class='ocrx_word' id='word_1_351' title='bbox 1119 3411 1217 3463; x_wconf 80' lang='grc' dir='ltr'>καὶ</span> <span class='ocrx_word' id='word_1_352' title='bbox 1270 3411 1564 3479; x_wconf 81' lang='grc' dir='ltr'>ἀμίαντον</span> <span class='ocrx_word' id='word_1_353' title='bbox 1622 3414 1720 3467; x_wconf 80' lang='grc' dir='ltr'><strong>καί</strong></span> 
     </span>
    </p>
   </div>
   <div class='ocr_carea' id='block_1_51' title="bbox 146 3489 1723 3573">
    <p class='ocr_par' dir='ltr' id='par_1_51' title="bbox 146 3489 1723 3573">
     <span class='ocr_line' id='line_1_51' title="bbox 146 3489 1723 3573; baseline 0.011 -30"><span class='ocrx_word' id='word_1_354' title='bbox 146 3489 498 3558; x_wconf 80' lang='grc' dir='ltr'>ἀμάραντον</span> <span class='ocrx_word' id='word_1_355' title='bbox 528 3498 938 3565; x_wconf 79' lang='grc' dir='ltr'><strong>τετηρημένην</strong></span> <span class='ocrx_word' id='word_1_356' title='bbox 968 3499 1039 3551; x_wconf 86' lang='grc' dir='ltr'>ἐν</span> <span class='ocrx_word' id='word_1_357' title='bbox 1065 3502 1367 3567; x_wconf 68' lang='grc' dir='ltr'>οίφανοῖς,</span> <span class='ocrx_word' id='word_1_358' title='bbox 1434 3504 1518 3567; x_wconf 77' lang='grc' dir='ltr'><strong>είς</strong></span> <span class='ocrx_word' id='word_1_359' title='bbox 1570 3502 1723 3573; x_wconf 76' lang='grc' dir='ltr'>ὑμᾶς</span> 
     </span>
    </p>
   </div>
   <div class='ocr_carea' id='block_1_52' title="bbox 145 3581 1724 3660">
    <p class='ocr_par' dir='ltr' id='par_1_52' title="bbox 145 3581 1724 3660">
     <span class='ocr_line' id='line_1_52' title="bbox 145 3581 1724 3660; baseline 0.009 -27"><span class='ocrx_word' id='word_1_360' title='bbox 145 3581 282 3647; x_wconf 78' lang='grc' dir='ltr'>τοὺς</span> <span class='ocrx_word' id='word_1_361' title='bbox 323 3583 394 3635; x_wconf 83' lang='grc' dir='ltr'>ἐν</span> <span class='ocrx_word' id='word_1_362' title='bbox 443 3584 695 3653; x_wconf 76' lang='grc' dir='ltr'>δυνάμει</span> <span class='ocrx_word' id='word_1_363' title='bbox 745 3589 891 3642; x_wconf 88' lang='grc' dir='ltr'><strong>Θεοῦ</strong></span> <span class='ocrx_word' id='word_1_364' title='bbox 935 3593 1415 3660; x_wconf 66' lang='grc' dir='ltr'>φρουρουμένους</span> <span class='ocrx_word' id='word_1_365' title='bbox 1476 3594 1574 3648; x_wconf 81' lang='grc' dir='ltr'>διὰ</span> <span class='ocrx_word' id='word_1_366' title='bbox 1634 3597 1724 3648; x_wconf 84' lang='grc' dir='ltr'>πί-</span> 
     </span>
    </p>
   </div>
   <div class='ocr_carea' id='block_1_53' title="bbox 146 3675 1725 3754">
    <p class='ocr_par' dir='ltr' id='par_1_53' title="bbox 146 3675 1725 3754">
     <span class='ocr_line' id='line_1_53' title="bbox 146 3675 1725 3754; baseline 0.011 -31"><span class='ocrx_word' id='word_1_367' title='bbox 146 3687 333 3735; x_wconf 84' lang='grc' dir='ltr'>στεως</span> <span class='ocrx_word' id='word_1_368' title='bbox 356 3675 442 3738; x_wconf 86' lang='grc' dir='ltr'>εἰς</span> <span class='ocrx_word' id='word_1_369' title='bbox 470 3677 774 3742; x_wconf 61' lang='grc' dir='ltr'>σωτηρίαν</span> <span class='ocrx_word' id='word_1_370' title='bbox 804 3678 1054 3748; x_wconf 81' lang='grc' dir='ltr'>ἑτοίμην</span> <span class='ocrx_word' id='word_1_371' title='bbox 1117 3683 1622 3754; x_wconf 64' lang='grc' dir='ltr'>ἀποκαλυφθῆναι</span> <span class='ocrx_word' id='word_1_372' title='bbox 1654 3688 1725 3739; x_wconf 80' lang='grc' dir='ltr'>ἐν</span> 
     </span>
    </p>
   </div>
   <div class='ocr_carea' id='block_1_54' title="bbox 145 3761 1722 3847">
    <p class='ocr_par' dir='ltr' id='par_1_54' title="bbox 145 3761 1722 3847">
     <span class='ocr_line' id='line_1_54' title="bbox 145 3761 1722 3847; baseline 0.011 -34"><span class='ocrx_word' id='word_1_373' title='bbox 145 3762 325 3829; x_wconf 81' lang='grc' dir='ltr'>καιρῷ</span> <span class='ocrx_word' id='word_1_374' title='bbox 350 3764 611 3832; x_wconf 81' lang='grc' dir='ltr'>ἐσχάτῳ.</span> <span class='ocrx_word' id='word_1_375' title='bbox 652 3769 754 3820; x_wconf 83' lang='grc' dir='ltr'>Ἐν</span> <span class='ocrx_word' id='word_1_376' title='bbox 788 3761 836 3834; x_wconf 81' lang='grc' dir='ltr'>ᾧ</span> <span class='ocrx_word' id='word_1_377' title='bbox 891 3773 1263 3839; x_wconf 75' lang='grc' dir='ltr'>ἀγαλλιᾶσθε</span> <span class='ocrx_word' id='word_1_378' title='bbox 1300 3776 1509 3844; x_wconf 77' lang='grc' dir='ltr'>ὀλίγον</span> <span class='ocrx_word' id='word_1_379' title='bbox 1571 3777 1722 3847; x_wconf 78' lang='grc' dir='ltr'>ἄρτι,</span> 
     </span>
    </p>
   </div>
   <div class='ocr_carea' id='block_1_55' title="bbox 144 3855 1727 3938">
    <p class='ocr_par' dir='ltr' id='par_1_55' title="bbox 144 3855 1727 3938">
     <span class='ocr_line' id='line_1_55' title="bbox 144 3855 1727 3938; baseline 0.011 -32"><span class='ocrx_word' id='word_1_380' title='bbox 144 3858 193 3907; x_wconf 82' lang='grc' dir='ltr'>εἰ</span> <span class='ocrx_word' id='word_1_381' title='bbox 226 3855 371 3909; x_wconf 84' lang='grc' dir='ltr'>δέον</span> <span class='ocrx_word' id='word_1_382' title='bbox 411 3859 564 3923; x_wconf 76' lang='grc' dir='ltr'>ἐστὶ,</span> <span class='ocrx_word' id='word_1_383' title='bbox 614 3862 987 3929; x_wconf 79' lang='grc' dir='ltr'>λυπηθέντες</span> <span class='ocrx_word' id='word_1_384' title='bbox 1039 3864 1109 3917; x_wconf 84' lang='grc' dir='ltr'>ἐν</span> <span class='ocrx_word' id='word_1_385' title='bbox 1161 3868 1463 3933; x_wconf 80' lang='grc' dir='ltr'>ποικίλοις</span> <span class='ocrx_word' id='word_1_386' title='bbox 1526 3886 1727 3938; x_wconf 81' lang='grc' dir='ltr'>πειρα-</span> 
     </span>
    </p>
   </div>
   <div class='ocr_carea' id='block_1_56' title="bbox 148 3948 1726 4028">
    <p class='ocr_par' dir='ltr' id='par_1_56' title="bbox 148 3948 1726 4028">
     <span class='ocr_line' id='line_1_56' title="bbox 148 3948 1726 4028; baseline 0.012 -29"><span class='ocrx_word' id='word_1_387' title='bbox 148 3948 344 4017; x_wconf 83' lang='grc' dir='ltr'>σμοῖς,</span> <span class='ocrx_word' id='word_1_388' title='bbox 373 3950 474 4003; x_wconf 83' lang='grc' dir='ltr'>ἵνα</span> <span class='ocrx_word' id='word_1_389' title='bbox 508 3954 575 4003; x_wconf 71' lang='grc' dir='ltr'>τὸ</span> <span class='ocrx_word' id='word_1_390' title='bbox 604 3952 875 4022; x_wconf 66' lang='grc' dir='ltr'>δοκίμιον</span> <span class='ocrx_word' id='word_1_391' title='bbox 904 3956 1071 4025; x_wconf 82' lang='grc' dir='ltr'>ὑμῶν</span> <span class='ocrx_word' id='word_1_392' title='bbox 1093 3957 1197 4025; x_wconf 82' lang='grc' dir='ltr'>τῆς</span> <span class='ocrx_word' id='word_1_393' title='bbox 1229 3960 1509 4028; x_wconf 81' lang='grc' dir='ltr'>πίστεως,</span> <span class='ocrx_word' id='word_1_394' title='bbox 1566 3964 1726 4018; x_wconf 81' lang='grc' dir='ltr'>πολὺ</span> 
     </span>
    </p>
   </div>
   <div class='ocr_carea' id='block_1_57' title="bbox 148 4045 1729 4120">
    <p class='ocr_par' dir='ltr' id='par_1_57' title="bbox 148 4045 1729 4120">
     <span class='ocr_line' id='line_1_57' title="bbox 148 4045 1729 4120; baseline 0.011 -26"><span class='ocrx_word' id='word_1_395' title='bbox 148 4045 400 4109; x_wconf 60' lang='grc' dir='ltr'>τιμιιίιτει</span> <span class='ocrx_word' id='word_1_396' title='bbox 424 4061 498 4096; x_wconf 80' lang='grc' dir='ltr'><strong>ον</strong></span> <span class='ocrx_word' id='word_1_397' title='bbox 518 4049 779 4113; x_wconf 78' lang='grc' dir='ltr'>χρυσίου</span> <span class='ocrx_word' id='word_1_398' title='bbox 805 4048 910 4101; x_wconf 87' lang='grc' dir='ltr'>τοῦ</span> <span class='ocrx_word' id='word_1_399' title='bbox 959 4051 1411 4120; x_wconf 79' lang='grc' dir='ltr'>ἀπολλυμένου,</span> <span class='ocrx_word' id='word_1_400' title='bbox 1466 4054 1565 4109; x_wconf 85' lang='grc' dir='ltr'>διὰ</span> <span class='ocrx_word' id='word_1_401' title='bbox 1617 4071 1729 4112; x_wconf 79' lang='grc' dir='ltr'>πυ-</span> 
     </span>
    </p>
   </div>
   <div class='ocr_carea' id='block_1_58' title="bbox 142 4135 1725 4209">
    <p class='ocr_par' dir='ltr' id='par_1_58' title="bbox 142 4135 1725 4209">
     <span class='ocr_line' id='line_1_58' title="bbox 142 4135 1725 4209; baseline 0.012 -25"><span class='ocrx_word' id='word_1_402' title='bbox 142 4135 248 4200; x_wconf 81' lang='grc' dir='ltr'>ρὸς</span> <span class='ocrx_word' id='word_1_403' title='bbox 282 4135 352 4187; x_wconf 82' lang='grc' dir='ltr'>δὲ</span> <span class='ocrx_word' id='word_1_404' title='bbox 374 4136 858 4205; x_wconf 75' lang='grc' dir='ltr'>δοκιμαζομένου,</span> <span class='ocrx_word' id='word_1_405' title='bbox 910 4140 1125 4209; x_wconf 82' lang='grc' dir='ltr'>εὐρεθῇ</span> <span class='ocrx_word' id='word_1_406' title='bbox 1182 4147 1270 4209; x_wconf 85' lang='grc' dir='ltr'><strong>είς</strong></span> <span class='ocrx_word' id='word_1_407' title='bbox 1323 4145 1573 4200; x_wconf 72' lang='grc' dir='ltr'>ἔπαινον</span> <span class='ocrx_word' id='word_1_408' title='bbox 1626 4151 1725 4202; x_wconf 78' lang='grc' dir='ltr'><strong>καί</strong></span> 
     </span>
    </p>
   </div>
   <div class='ocr_carea' id='block_1_59' title="bbox 149 4227 1725 4305">
    <p class='ocr_par' dir='ltr' id='par_1_59' title="bbox 149 4227 1725 4305">
     <span class='ocr_line' id='line_1_59' title="bbox 149 4227 1725 4305; baseline 0.011 -29"><span class='ocrx_word' id='word_1_409' title='bbox 149 4227 338 4294; x_wconf 76' lang='grc' dir='ltr'>τιμὴν</span> <span class='ocrx_word' id='word_1_410' title='bbox 359 4230 453 4280; x_wconf 78' lang='grc' dir='ltr'>καὶ</span> <span class='ocrx_word' id='word_1_411' title='bbox 479 4228 688 4290; x_wconf 77' lang='grc' dir='ltr'>δόξαν,</span> <span class='ocrx_word' id='word_1_412' title='bbox 714 4230 785 4282; x_wconf 81' lang='grc' dir='ltr'>ἐν</span> <span class='ocrx_word' id='word_1_413' title='bbox 800 4231 1186 4301; x_wconf 73' lang='grc' dir='ltr'>ἀποκαλύψει</span> <span class='ocrx_word' id='word_1_414' title='bbox 1224 4236 1427 4301; x_wconf 79' lang='grc' dir='ltr'>Ἰησοῦ</span> <span class='ocrx_word' id='word_1_415' title='bbox 1446 4240 1725 4305; x_wconf 85' lang='grc' dir='ltr'>Χριστοῦ.</span> 
     </span>
    </p>
   </div>
   <div class='ocr_carea' id='block_1_60' title="bbox 148 4318 1727 4403">
    <p class='ocr_par' dir='ltr' id='par_1_60' title="bbox 148 4318 1727 4403">
     <span class='ocr_line' id='line_1_60' title="bbox 148 4318 1727 4403; baseline 0.009 -32"><span class='ocrx_word' id='word_1_416' title='bbox 148 4318 219 4371; x_wconf 72' lang='grc' dir='ltr'>ὃν</span> <span class='ocrx_word' id='word_1_417' title='bbox 287 4323 399 4374; x_wconf 69' lang='grc' dir='ltr'>οὐκ</span> <span class='ocrx_word' id='word_1_418' title='bbox 459 4322 683 4388; x_wconf 75' lang='grc' dir='ltr'>εἰδότες</span> <span class='ocrx_word' id='word_1_419' title='bbox 772 4323 1059 4391; x_wconf 79' lang='grc' dir='ltr'>ἀγαπᾶτε.</span> <span class='ocrx_word' id='word_1_420' title='bbox 1131 4329 1235 4393; x_wconf 77' lang='grc' dir='ltr'><strong>Εἰς</strong></span> <span class='ocrx_word' id='word_1_421' title='bbox 1297 4328 1369 4381; x_wconf 87' lang='grc' dir='ltr'>ὃν</span> <span class='ocrx_word' id='word_1_422' title='bbox 1442 4329 1573 4398; x_wconf 75' lang='grc' dir='ltr'>ἄρτι</span> <span class='ocrx_word' id='word_1_423' title='bbox 1641 4334 1727 4403; x_wconf 80' lang='grc' dir='ltr'>μὴ</span> 
     </span>
    </p>
   </div>
   <div class='ocr_carea' id='block_1_61' title="bbox 149 4410 1729 4491">
    <p class='ocr_par' dir='ltr' id='par_1_61' title="bbox 149 4410 1729 4491">
     <span class='ocr_line' id='line_1_61' title="bbox 149 4410 1729 4491; baseline 0.008 -27"><span class='ocrx_word' id='word_1_424' title='bbox 149 4410 424 4476; x_wconf 62' lang='grc' dir='ltr'>ὁρῶντες,</span> <span class='ocrx_word' id='word_1_425' title='bbox 458 4416 846 4478; x_wconf 71' lang='grc' dir='ltr'>πιστεύοντες</span> <span class='ocrx_word' id='word_1_426' title='bbox 876 4415 964 4479; x_wconf 85' lang='grc' dir='ltr'><strong>δέ,</strong></span> <span class='ocrx_word' id='word_1_427' title='bbox 998 4418 1367 4485; x_wconf 73' lang='grc' dir='ltr'>ἀγαλλιᾶσθε</span> <span class='ocrx_word' id='word_1_428' title='bbox 1414 4422 1568 4491; x_wconf 85' lang='grc' dir='ltr'>χαρᾷ</span> <span class='ocrx_word' id='word_1_429' title='bbox 1630 4424 1729 4477; x_wconf 80' lang='lat' dir='ltr'><strong>dr-</strong></span> 
     </span>
    </p>
   </div>
   <div class='ocr_carea' id='block_1_62' title="bbox 148 4506 1731 4584">
    <p class='ocr_par' dir='ltr' id='par_1_62' title="bbox 148 4506 1731 4584">
     <span class='ocr_line' id='line_1_62' title="bbox 148 4506 1731 4584; baseline 0.01 -29"><span class='ocrx_word' id='word_1_430' title='bbox 148 4506 465 4571; x_wconf 74' lang='grc' dir='ltr'>ειλαλήτῳ</span> <span class='ocrx_word' id='word_1_431' title='bbox 493 4507 591 4558; x_wconf 76' lang='grc' dir='ltr'>καὶ</span> <span class='ocrx_word' id='word_1_432' title='bbox 614 4506 1049 4575; x_wconf 74' lang='grc' dir='ltr'>δεδοξασμένῃ,</span> <span class='ocrx_word' id='word_1_433' title='bbox 1071 4511 1435 4579; x_wconf 80' lang='grc' dir='ltr'>κομιζόμενοι</span> <span class='ocrx_word' id='word_1_434' title='bbox 1460 4517 1525 4570; x_wconf 87' lang='grc' dir='ltr'>τὸ</span> <span class='ocrx_word' id='word_1_435' title='bbox 1556 4517 1731 4584; x_wconf 87' lang='grc' dir='ltr'>τέλος</span> 
     </span>
    </p>
   </div>
   <div class='ocr_carea' id='block_1_63' title="bbox 150 4599 1348 4672">
    <p class='ocr_par' dir='ltr' id='par_1_63' title="bbox 150 4599 1348 4672">
     <span class='ocr_line' id='line_1_63' title="bbox 150 4599 1348 4672; baseline 0.006 -21"><span class='ocrx_word' id='word_1_436' title='bbox 150 4599 255 4667; x_wconf 82' lang='grc' dir='ltr'>τῆς</span> <span class='ocrx_word' id='word_1_437' title='bbox 284 4600 547 4665; x_wconf 76' lang='grc' dir='ltr'>πίστεως</span> <span class='ocrx_word' id='word_1_438' title='bbox 582 4599 769 4668; x_wconf 68' lang='grc' dir='ltr'>ὑμῶν,</span> <span class='ocrx_word' id='word_1_439' title='bbox 790 4603 1089 4670; x_wconf 77' lang='grc' dir='ltr'>σωτηρίαν</span> <span class='ocrx_word' id='word_1_440' title='bbox 1111 4604 1348 4672; x_wconf 68' lang='grc' dir='ltr'>Ψυχῶν.</span> 
     </span>
    </p>
   </div>
   <div class='ocr_carea' id='block_1_64' title="bbox 218 4777 1722 4853">
    <p class='ocr_par' dir='ltr' id='par_1_64' title="bbox 218 4777 1722 4853">
     <span class='ocr_line' id='line_1_64' title="bbox 218 4777 1722 4853; baseline 0.005 -25"><span class='ocrx_word' id='word_1_441' title='bbox 218 4778 282 4829; x_wconf 76' lang='lat' dir='ltr'><strong>Et</strong></span> <span class='ocrx_word' id='word_1_442' title='bbox 325 4778 383 4827; x_wconf 79' lang='grc' dir='ltr'>ἐν</span> <span class='ocrx_word' id='word_1_443' title='bbox 418 4777 670 4845; x_wconf 51' lang='grc' dir='ltr'>οὖραηρϊς</span> <span class='ocrx_word' id='word_1_444' title='bbox 705 4780 737 4845; x_wconf 81' lang='grc' dir='ltr'>ἠ</span> <span class='ocrx_word' id='word_1_445' title='bbox 797 4778 1136 4847; x_wconf 81' lang='grc' dir='ltr'>κληρονομία</span> <span class='ocrx_word' id='word_1_446' title='bbox 1189 4779 1439 4850; x_wconf 84' lang='grc' dir='ltr'>μυθώδης</span> <span class='ocrx_word' id='word_1_447' title='bbox 1484 4783 1517 4853; x_wconf 79' lang='grc' dir='ltr'><strong>ἡ</strong></span> <span class='ocrx_word' id='word_1_448' title='bbox 1556 4781 1722 4852; x_wconf 79' lang='grc' dir='ltr'>χιλιο-</span> 
     </span>
    </p>
   </div>
   <div class='ocr_carea' id='block_1_65' title="bbox 150 4860 1723 4941">
    <p class='ocr_par' dir='ltr' id='par_1_65' title="bbox 150 4860 1723 4941">
     <span class='ocr_line' id='line_1_65' title="bbox 150 4860 1723 4941; baseline -0.005 -22"><span class='ocrx_word' id='word_1_449' title='bbox 150 4868 274 4935; x_wconf 71' lang='grc' dir='ltr'>ετὴς</span> <span class='ocrx_word' id='word_1_450' title='bbox 290 4868 764 4926; x_wconf 78' lang='grc' dir='ltr'>ἀποκατάστασις.</span> <span class='ocrx_word' id='word_1_451' title='bbox 790 4886 808 4916; x_wconf 80' lang='grc' dir='ltr'>ι</span> <span class='ocrx_word' id='word_1_452' title='bbox 855 4860 1003 4932; x_wconf 84' lang='grc' dir='ltr'><strong>Ἕνῷ</strong></span> <span class='ocrx_word' id='word_1_453' title='bbox 1021 4866 1352 4935; x_wconf 81' lang='grc' dir='ltr'>ἀγαλλιᾶσθε</span> <span class='ocrx_word' id='word_1_454' title='bbox 1375 4868 1552 4937; x_wconf 83' lang='grc' dir='ltr'>ὀλίγον</span> <span class='ocrx_word' id='word_1_455' title='bbox 1578 4872 1723 4941; x_wconf 65' lang='grc' dir='ltr'><strong>ἄρτι⁹</strong></span> 
     </span>
    </p>
   </div>
   <div class='ocr_carea' id='block_1_66' title="bbox 153 4955 1724 5031">
    <p class='ocr_par' dir='ltr' id='par_1_66' title="bbox 153 4955 1724 5031">
     <span class='ocr_line' id='line_1_66' title="bbox 153 4955 1724 5031; baseline 0.002 -22"><span class='ocrx_word' id='word_1_456' title='bbox 153 4961 197 5009; x_wconf 81' lang='grc' dir='ltr'><strong>εί</strong></span> <span class='ocrx_word' id='word_1_457' title='bbox 230 4958 352 5010; x_wconf 81' lang='grc' dir='ltr'>δέον</span> <span class='ocrx_word' id='word_1_458' title='bbox 384 4958 522 5010; x_wconf 78' lang='grc' dir='ltr'>ἐστί,</span> <span class='ocrx_word' id='word_1_459' title='bbox 572 4976 591 5008; x_wconf 75' lang='grc' dir='ltr'><strong>ι</strong></span> <span class='ocrx_word' id='word_1_460' title='bbox 628 4955 700 5009; x_wconf 79' lang='grc' dir='ltr'><strong>Τὸ</strong></span> <span class='ocrx_word' id='word_1_461' title='bbox 725 4957 852 5026; x_wconf 81' lang='grc' dir='ltr'><strong>ἑξῆς</strong></span> <span class='ocrx_word' id='word_1_462' title='bbox 907 4957 1078 5021; x_wconf 75' lang='grc' dir='ltr'>οὕτως</span> <span class='ocrx_word' id='word_1_463' title='bbox 1112 4975 1125 4989; x_wconf 88' lang='grc'><strong>·</strong></span> <span class='ocrx_word' id='word_1_464' title='bbox 1178 4959 1528 5029; x_wconf 73' lang='grc' dir='ltr'>Λυπηθέντες</span> <span class='ocrx_word' id='word_1_465' title='bbox 1580 4962 1724 5031; x_wconf 80' lang='grc' dir='ltr'>ἄρτι,</span> 
     </span>
    </p>
   </div>
   <div class='ocr_carea' id='block_1_67' title="bbox 154 5050 1725 5123">
    <p class='ocr_par' dir='ltr' id='par_1_67' title="bbox 154 5050 1725 5123">
     <span class='ocr_line' id='line_1_67' title="bbox 154 5050 1725 5123; baseline 0.002 -20"><span class='ocrx_word' id='word_1_466' title='bbox 154 5053 199 5103; x_wconf 81' lang='grc' dir='ltr'><strong>εί</strong></span> <span class='ocrx_word' id='word_1_467' title='bbox 229 5052 512 5107; x_wconf 71' lang='grc' dir='ltr'>διονέστὶ,</span> <span class='ocrx_word' id='word_1_468' title='bbox 542 5050 841 5115; x_wconf 84' lang='grc' dir='ltr'>τουτέστιν,</span> <span class='ocrx_word' id='word_1_469' title='bbox 875 5052 923 5104; x_wconf 85' lang='grc' dir='ltr'><strong>εί</strong></span> <span class='ocrx_word' id='word_1_470' title='bbox 954 5052 1049 5104; x_wconf 71' lang='grc' dir='ltr'><strong>καὶ</strong></span> <span class='ocrx_word' id='word_1_471' title='bbox 1095 5052 1251 5104; x_wconf 77' lang='grc' dir='ltr'>τοῦτο</span> <span class='ocrx_word' id='word_1_472' title='bbox 1309 5052 1411 5117; x_wconf 83' lang='grc' dir='ltr'>δεῖ,</span> <span class='ocrx_word' id='word_1_473' title='bbox 1475 5055 1555 5121; x_wconf 81' lang='grc' dir='ltr'><strong>(οὑ</strong></span> <span class='ocrx_word' id='word_1_474' title='bbox 1618 5056 1725 5123; x_wconf 75' lang='grc' dir='ltr'><strong>γὰρ</strong></span> 
     </span>
    </p>
   </div>
   <div class='ocr_carea' id='block_1_68' title="bbox 152 5142 1725 5216">
    <p class='ocr_par' dir='ltr' id='par_1_68' title="bbox 152 5142 1725 5216">
     <span class='ocr_line' id='line_1_68' title="bbox 152 5142 1725 5216; baseline 0.001 -21"><span class='ocrx_word' id='word_1_475' title='bbox 152 5146 352 5206; x_wconf 72' lang='grc' dir='ltr'>πάντες</span> <span class='ocrx_word' id='word_1_476' title='bbox 374 5145 423 5195; x_wconf 84' lang='grc' dir='ltr'><strong>οί</strong></span> <span class='ocrx_word' id='word_1_477' title='bbox 454 5142 600 5211; x_wconf 82' lang='grc' dir='ltr'>ἆγιοι</span> <span class='ocrx_word' id='word_1_478' title='bbox 636 5142 951 5212; x_wconf 78' lang='grc' dir='ltr'>θλίΰονται,)</span> <span class='ocrx_word' id='word_1_479' title='bbox 986 5144 1042 5195; x_wconf 78' lang='grc' dir='ltr'>ὲν</span> <span class='ocrx_word' id='word_1_480' title='bbox 1068 5143 1282 5213; x_wconf 83' lang='grc' dir='ltr'>ἐσχάτῳ</span> <span class='ocrx_word' id='word_1_481' title='bbox 1337 5146 1512 5216; x_wconf 85' lang='grc' dir='ltr'>καιρῷ</span> <span class='ocrx_word' id='word_1_482' title='bbox 1558 5145 1725 5213; x_wconf 78' lang='grc' dir='ltr'>ἀγαλο</span> 
     </span>
    </p>
   </div>
   <div class='ocr_carea' id='block_1_69' title="bbox 150 5234 1727 5303">
    <p class='ocr_par' dir='ltr' id='par_1_69' title="bbox 150 5234 1727 5303">
     <span class='ocr_line' id='line_1_69' title="bbox 150 5234 1727 5303; baseline 0.003 -16"><span class='ocrx_word' id='word_1_483' title='bbox 150 5234 431 5298; x_wconf 74' lang='grc' dir='ltr'>λιάσεσθε,</span> <span class='ocrx_word' id='word_1_484' title='bbox 467 5236 590 5287; x_wconf 74' lang='grc' dir='ltr'>ἀντὶ</span> <span class='ocrx_word' id='word_1_485' title='bbox 610 5234 891 5303; x_wconf 87' lang='grc' dir='ltr'>μέλλοντος</span> <span class='ocrx_word' id='word_1_486' title='bbox 916 5235 1193 5303; x_wconf 77' lang='grc' dir='ltr'>εἴληπται.</span> <span class='ocrx_word' id='word_1_487' title='bbox 1229 5238 1297 5289; x_wconf 78' lang='grc' dir='ltr'><em>Ἣ</em></span> <span class='ocrx_word' id='word_1_488' title='bbox 1328 5240 1421 5291; x_wconf 71' lang='grc' dir='ltr'><strong>καὶ</strong></span> <span class='ocrx_word' id='word_1_489' title='bbox 1468 5239 1609 5291; x_wconf 77' lang='grc' dir='ltr'>κατὰ</span> <span class='ocrx_word' id='word_1_490' title='bbox 1667 5239 1727 5291; x_wconf 80' lang='grc' dir='ltr'>τὸ</span> 
     </span>
    </p>
   </div>
   <div class='ocr_carea' id='block_1_70' title="bbox 152 5326 1725 5396">
    <p class='ocr_par' dir='ltr' id='par_1_70' title="bbox 152 5326 1725 5396">
     <span class='ocr_line' id='line_1_70' title="bbox 152 5326 1725 5396; baseline 0.001 -18"><span class='ocrx_word' id='word_1_491' title='bbox 152 5327 406 5391; x_wconf 71' lang='grc' dir='ltr'>ἐνεστὼς,</span> <span class='ocrx_word' id='word_1_492' title='bbox 434 5326 511 5389; x_wconf 84' lang='grc' dir='ltr'><strong>ὡς</strong></span> <span class='ocrx_word' id='word_1_493' title='bbox 560 5327 711 5379; x_wconf 85' lang='grc' dir='ltr'>κάτω</span> <span class='ocrx_word' id='word_1_494' title='bbox 744 5327 1244 5396; x_wconf 77' lang='grc' dir='ltr'>ὐπεμνημάτισται.</span> <span class='ocrx_word' id='word_1_495' title='bbox 1282 5346 1300 5379; x_wconf 81' lang='grc' dir='ltr'><strong>ι</strong></span> <span class='ocrx_word' id='word_1_496' title='bbox 1358 5329 1451 5389; x_wconf 82' lang='grc' dir='ltr'><strong>Εἰς</strong></span> <span class='ocrx_word' id='word_1_497' title='bbox 1506 5329 1725 5381; x_wconf 76' lang='grc' dir='ltr'>ἔπαινον</span> 
     </span>
    </p>
   </div>
   <div class='ocr_carea' id='block_1_71' title="bbox 153 5418 1725 5488">
    <p class='ocr_par' dir='ltr' id='par_1_71' title="bbox 153 5418 1725 5488">
     <span class='ocr_line' id='line_1_71' title="bbox 153 5418 1725 5488; baseline -0.001 -16"><span class='ocrx_word' id='word_1_498' title='bbox 153 5421 243 5472; x_wconf 78' lang='grc' dir='ltr'>καὶ</span> <span class='ocrx_word' id='word_1_499' title='bbox 291 5420 485 5488; x_wconf 77' lang='grc' dir='ltr'>τιμήν.</span> <span class='ocrx_word' id='word_1_500' title='bbox 527 5435 546 5468; x_wconf 75' lang='grc' dir='ltr'><strong>ι</strong></span> <span class='ocrx_word' id='word_1_501' title='bbox 586 5418 697 5488; x_wconf 79' lang='grc' dir='ltr'><strong>Τὴν</strong></span> <span class='ocrx_word' id='word_1_502' title='bbox 750 5418 930 5471; x_wconf 86' lang='grc' dir='ltr'>αἰτίαν</span> <span class='ocrx_word' id='word_1_503' title='bbox 966 5419 1075 5471; x_wconf 79' lang='grc' dir='ltr'><strong>τῶν</strong></span> <span class='ocrx_word' id='word_1_504' title='bbox 1127 5419 1588 5473; x_wconf 80' lang='grc' dir='ltr'>κακοπαθούντων</span> <span class='ocrx_word' id='word_1_505' title='bbox 1638 5423 1725 5472; x_wconf 84' lang='grc' dir='ltr'><strong>ὲν-</strong></span> 
     </span>
    </p>
   </div>
   <div class='ocr_carea' id='block_1_72' title="bbox 152 5509 1727 5582">
    <p class='ocr_par' dir='ltr' id='par_1_72' title="bbox 152 5509 1727 5582">
     <span class='ocr_line' id='line_1_72' title="bbox 152 5509 1727 5582; baseline 0.001 -18"><span class='ocrx_word' id='word_1_506' title='bbox 152 5512 318 5566; x_wconf 80' lang='grc' dir='ltr'>ταῦτα</span> <span class='ocrx_word' id='word_1_507' title='bbox 347 5512 580 5564; x_wconf 82' lang='grc' dir='ltr'>δικαίων</span> <span class='ocrx_word' id='word_1_508' title='bbox 606 5511 695 5563; x_wconf 74' lang='grc' dir='ltr'><strong>διὰ</strong></span> <span class='ocrx_word' id='word_1_509' title='bbox 720 5510 926 5564; x_wconf 85' lang='grc' dir='ltr'>τούτων</span> <span class='ocrx_word' id='word_1_510' title='bbox 952 5513 1123 5581; x_wconf 81' lang='grc' dir='ltr'>δηλοῖ,</span> <span class='ocrx_word' id='word_1_511' title='bbox 1159 5509 1275 5581; x_wconf 76' lang='grc' dir='ltr'>ἅμα</span> <span class='ocrx_word' id='word_1_512' title='bbox 1316 5512 1415 5581; x_wconf 75' lang='grc' dir='ltr'>μὲν</span> <span class='ocrx_word' id='word_1_513' title='bbox 1462 5530 1727 5582; x_wconf 84' lang='grc' dir='ltr'>παραμυ-</span> 
     </span>
    </p>
   </div>
   <div class='ocr_carea' id='block_1_73' title="bbox 154 5600 1727 5672">
    <p class='ocr_par' dir='ltr' id='par_1_73' title="bbox 154 5600 1727 5672">
     <span class='ocr_line' id='line_1_73' title="bbox 154 5600 1727 5672; baseline -0.001 -18"><span class='ocrx_word' id='word_1_514' title='bbox 154 5600 415 5672; x_wconf 73' lang='grc' dir='ltr'>θούμενος</span> <span class='ocrx_word' id='word_1_515' title='bbox 462 5602 684 5665; x_wconf 76' lang='grc' dir='ltr'>αὐτοὺς,</span> <span class='ocrx_word' id='word_1_516' title='bbox 727 5602 801 5665; x_wconf 89' lang='grc' dir='ltr'>ὡς</span> <span class='ocrx_word' id='word_1_517' title='bbox 862 5604 1344 5672; x_wconf 77' lang='grc' dir='ltr'>περιφανεστέρων</span> <span class='ocrx_word' id='word_1_518' title='bbox 1401 5603 1581 5655; x_wconf 78' lang='grc' dir='ltr'>αὐτῶν</span> <span class='ocrx_word' id='word_1_519' title='bbox 1623 5603 1727 5654; x_wconf 74' lang='grc' dir='ltr'>ὑπὸ</span> 
     </span>
    </p>
   </div>
   <div class='ocr_carea' id='block_1_74' title="bbox 154 5693 1729 5765">
    <p class='ocr_par' dir='ltr' id='par_1_74' title="bbox 154 5693 1729 5765">
     <span class='ocr_line' id='line_1_74' title="bbox 154 5693 1729 5765; baseline -0.003 -16"><span class='ocrx_word' id='word_1_520' title='bbox 154 5696 257 5749; x_wconf 68' lang='grc' dir='ltr'>τῶν</span> <span class='ocrx_word' id='word_1_521' title='bbox 289 5694 529 5763; x_wconf 62' lang='grc' dir='ltr'>θλίψεων</span> <span class='ocrx_word' id='word_1_522' title='bbox 572 5695 892 5764; x_wconf 82' lang='grc' dir='ltr'>γινομένων,</span> <span class='ocrx_word' id='word_1_523' title='bbox 959 5694 1075 5765; x_wconf 68' lang='grc' dir='ltr'>ἅμα</span> <span class='ocrx_word' id='word_1_524' title='bbox 1127 5694 1224 5747; x_wconf 77' lang='grc' dir='ltr'>καὶ</span> <span class='ocrx_word' id='word_1_525' title='bbox 1278 5693 1729 5762; x_wconf 59' lang='grc' dir='ltr'>σπουδαιοτέρους</span> 
     </span>
    </p>
   </div>
   <div class='ocr_carea' id='block_1_75' title="bbox 254 5874 727 5939">
    <p class='ocr_par' dir='ltr' id='par_1_75' title="bbox 254 5874 727 5939">
     <span class='ocr_line' id='line_1_75' title="bbox 254 5874 727 5939; baseline -0.008 -8"><span class='ocrx_word' id='word_1_526' title='bbox 254 5878 276 5909; x_wconf 86' lang='grc'><strong><em>⁵</em></strong></span> <span class='ocrx_word' id='word_1_527' title='bbox 305 5875 470 5930; x_wconf 81' lang='lat' dir='ltr'><strong>Joan.</strong></span> <span class='ocrx_word' id='word_1_528' title='bbox 496 5890 612 5939; x_wconf 73' lang='lat' dir='ltr'><strong>xw,</strong></span> <span class='ocrx_word' id='word_1_529' title='bbox 637 5874 727 5929; x_wconf 75' lang='grc'>53.</span> 
     </span>
    </p>
   </div>
   <div class='ocr_carea' id='block_1_76' title="bbox 1753 4590 1808 4650">
    <p class='ocr_par' dir='ltr' id='par_1_76' title="bbox 1753 4590 1808 4650">
     <span class='ocr_line' id='line_1_76' title="bbox 1753 4590 1808 4650; baseline 0 0"><span class='ocrx_word' id='word_1_530' title='bbox 1753 4590 1808 4650; x_wconf 79' lang='grc'>1)</span> 
     </span>
    </p>
   </div>
   <div class='ocr_carea' id='block_1_77' title="bbox 1816 1992 3410 2065">
    <p class='ocr_par' dir='ltr' id='par_1_77' title="bbox 1816 1992 3410 2065">
     <span class='ocr_line' id='line_1_77' title="bbox 1816 1992 3410 2065; baseline 0.003 -16"><span class='ocrx_word' id='word_1_531' title='bbox 1816 2010 1916 2065; x_wconf 77' lang='lat' dir='ltr'><strong>per</strong></span> <span class='ocrx_word' id='word_1_532' title='bbox 1941 1994 2118 2048; x_wconf 80' lang='lat' dir='ltr'><strong>varias</strong></span> <span class='ocrx_word' id='word_1_533' title='bbox 2148 1992 2491 2048; x_wconf 81' lang='lat' dir='ltr'><strong>alllictiones.</strong></span> <span class='ocrx_word' id='word_1_534' title='bbox 2520 1993 2626 2049; x_wconf 87' lang='lat' dir='ltr'><strong>Sed</strong></span> <span class='ocrx_word' id='word_1_535' title='bbox 2655 1996 2911 2065; x_wconf 90' lang='lat' dir='ltr'><strong>quoniam</strong></span> <span class='ocrx_word' id='word_1_536' title='bbox 2944 1998 3264 2052; x_wconf 79' lang='lat' dir='ltr'><strong>alllictioues</strong></span> <span class='ocrx_word' id='word_1_537' title='bbox 3293 2013 3410 2053; x_wconf 87' lang='lat' dir='ltr'><strong>tur-</strong></span> 
     </span>
    </p>
   </div>
   <div class='ocr_carea' id='block_1_78' title="bbox 1816 2086 3408 2157">
    <p class='ocr_par' dir='ltr' id='par_1_78' title="bbox 1816 2086 3408 2157">
     <span class='ocr_line' id='line_1_78' title="bbox 1816 2086 3408 2157; baseline 0.003 -16"><span class='ocrx_word' id='word_1_538' title='bbox 1816 2087 2095 2141; x_wconf 87' lang='lat' dir='ltr'><strong>bationem</strong></span> <span class='ocrx_word' id='word_1_539' title='bbox 2154 2086 2443 2148; x_wconf 87' lang='lat' dir='ltr'><strong>inducunt,</strong></span> <span class='ocrx_word' id='word_1_540' title='bbox 2496 2096 2782 2155; x_wconf 80' lang='lat' dir='ltr'><strong>propterea</strong></span> <span class='ocrx_word' id='word_1_541' title='bbox 2839 2089 3124 2157; x_wconf 78' lang='lat' dir='ltr'><strong>subjuuxit</strong></span> <span class='ocrx_word' id='word_1_542' title='bbox 3186 2107 3408 2146; x_wconf 91' lang='lat' dir='ltr'><strong>causam</strong></span> 
     </span>
    </p>
   </div>
   <div class='ocr_carea' id='block_1_79' title="bbox 1818 2178 3409 2248">
    <p class='ocr_par' dir='ltr' id='par_1_79' title="bbox 1818 2178 3409 2248">
     <span class='ocr_line' id='line_1_79' title="bbox 1818 2178 3409 2248; baseline 0.003 -14"><span class='ocrx_word' id='word_1_543' title='bbox 1818 2178 2199 2240; x_wconf 83' lang='lat' dir='ltr'><strong>alllictionum,</strong></span> <span class='ocrx_word' id='word_1_544' title='bbox 2241 2179 2385 2246; x_wconf 92' lang='lat' dir='ltr'><strong>quod</strong></span> <span class='ocrx_word' id='word_1_545' title='bbox 2429 2192 2524 2246; x_wconf 90' lang='lat' dir='ltr'><strong>per</strong></span> <span class='ocrx_word' id='word_1_546' title='bbox 2556 2178 2652 2231; x_wconf 81' lang='lat' dir='ltr'><strong>has</strong></span> <span class='ocrx_word' id='word_1_547' title='bbox 2682 2181 3055 2248; x_wconf 79' lang='lat' dir='ltr'><strong>romprobatio</strong></span> <span class='ocrx_word' id='word_1_548' title='bbox 3086 2184 3250 2236; x_wconf 79' lang='lat' dir='ltr'><strong>vestri</strong></span> <span class='ocrx_word' id='word_1_549' title='bbox 3290 2199 3409 2239; x_wconf 86' lang='lat' dir='ltr'><strong>ma-</strong></span> 
     </span>
    </p>
   </div>
   <div class='ocr_carea' id='block_1_80' title="bbox 1818 2272 3409 2345">
    <p class='ocr_par' dir='ltr' id='par_1_80' title="bbox 1818 2272 3409 2345">
     <span class='ocr_line' id='line_1_80' title="bbox 1818 2272 3409 2345; baseline 0.003 -20"><span class='ocrx_word' id='word_1_550' title='bbox 1818 2272 2071 2326; x_wconf 82' lang='lat' dir='ltr'><strong>nifestior</strong></span> <span class='ocrx_word' id='word_1_551' title='bbox 2097 2285 2161 2325; x_wconf 85' lang='lat' dir='ltr'><strong>ac</strong></span> <span class='ocrx_word' id='word_1_552' title='bbox 2194 2272 2485 2339; x_wconf 87' lang='lat' dir='ltr'><strong>pretiosior</strong></span> <span class='ocrx_word' id='word_1_553' title='bbox 2506 2286 2640 2325; x_wconf 84' lang='lat' dir='ltr'><strong>auro</strong></span> <span class='ocrx_word' id='word_1_554' title='bbox 2659 2272 2889 2326; x_wconf 80' lang='lat' dir='ltr'><strong>cllicitur</strong></span> <span class='ocrx_word' id='word_1_555' title='bbox 2918 2316 2931 2329; x_wconf 96' lang='lat'><strong>.</strong></span> <span class='ocrx_word' id='word_1_556' title='bbox 2968 2276 3409 2345; x_wconf 75' lang='lat' dir='ltr'><strong>quandoquidem</strong></span> 
     </span>
    </p>
   </div>
   <div class='ocr_carea' id='block_1_81' title="bbox 1819 2362 3408 2433">
    <p class='ocr_par' dir='ltr' id='par_1_81' title="bbox 1819 2362 3408 2433">
     <span class='ocr_line' id='line_1_81' title="bbox 1819 2362 3408 2433; baseline 0.002 -16"><span class='ocrx_word' id='word_1_557' title='bbox 1819 2372 1875 2417; x_wconf 91' lang='lat' dir='ltr'><strong>et</strong></span> <span class='ocrx_word' id='word_1_558' title='bbox 1911 2363 2042 2417; x_wconf 88' lang='lat' dir='ltr'><strong>illud</strong></span> <span class='ocrx_word' id='word_1_559' title='bbox 2073 2362 2216 2432; x_wconf 92' lang='lat' dir='ltr'><strong>quod</strong></span> <span class='ocrx_word' id='word_1_560' title='bbox 2244 2365 2366 2432; x_wconf 78' lang='lat' dir='ltr'><strong>igne</strong></span> <span class='ocrx_word' id='word_1_561' title='bbox 2396 2364 2677 2431; x_wconf 84' lang='lat' dir='ltr'><strong>probatur,</strong></span> <span class='ocrx_word' id='word_1_562' title='bbox 2712 2363 2919 2433; x_wconf 86' lang='lat' dir='ltr'><strong>gratius</strong></span> <span class='ocrx_word' id='word_1_563' title='bbox 2959 2374 3043 2418; x_wconf 79' lang='lat' dir='ltr'><strong>est</strong></span> <span class='ocrx_word' id='word_1_564' title='bbox 3074 2365 3408 2423; x_wconf 73' lang='lat' dir='ltr'><strong>hominibus.</strong></span> 
     </span>
    </p>
   </div>
   <div class='ocr_carea' id='block_1_82' title="bbox 1820 2452 3410 2522">
    <p class='ocr_par' dir='ltr' id='par_1_82' title="bbox 1820 2452 3410 2522">
     <span class='ocr_line' id='line_1_82' title="bbox 1820 2452 3410 2522; baseline 0 -13"><span class='ocrx_word' id='word_1_565' title='bbox 1820 2454 1985 2509; x_wconf 81' lang='lat' dir='ltr'><strong>Addit</strong></span> <span class='ocrx_word' id='word_1_566' title='bbox 2010 2464 2271 2522; x_wconf 74' lang='lat' dir='ltr'><strong>prteterea</strong></span> <span class='ocrx_word' id='word_1_567' title='bbox 2308 2471 2321 2508; x_wconf 89' lang='lat'><strong>:</strong></span> <span class='ocrx_word' id='word_1_568' title='bbox 2354 2452 2409 2506; x_wconf 84' lang='lat' dir='ltr'><strong>Si</strong></span> <span class='ocrx_word' id='word_1_569' title='bbox 2436 2468 2574 2521; x_wconf 92' lang='lat' dir='ltr'><strong>opus</strong></span> <span class='ocrx_word' id='word_1_570' title='bbox 2605 2454 2691 2515; x_wconf 85' lang='lat' dir='ltr'><strong>sit,</strong></span> <span class='ocrx_word' id='word_1_571' title='bbox 2726 2454 2851 2522; x_wconf 88' lang='lat' dir='ltr'><strong>quia</strong></span> <span class='ocrx_word' id='word_1_572' title='bbox 2898 2470 2997 2508; x_wconf 88' lang='lat' dir='ltr'><strong>nec</strong></span> <span class='ocrx_word' id='word_1_573' title='bbox 3026 2457 3206 2509; x_wconf 86' lang='lat' dir='ltr'><strong>omnis</strong></span> <span class='ocrx_word' id='word_1_574' title='bbox 3237 2458 3410 2510; x_wconf 82' lang='lat' dir='ltr'><strong>lidciis</strong></span> 
     </span>
    </p>
   </div>
   <div class='ocr_carea' id='block_1_83' title="bbox 1821 2548 3406 2617">
    <p class='ocr_par' dir='ltr' id='par_1_83' title="bbox 1821 2548 3406 2617">
     <span class='ocr_line' id='line_1_83' title="bbox 1821 2548 3406 2617; baseline 0.001 -16"><span class='ocrx_word' id='word_1_575' title='bbox 1821 2564 1920 2617; x_wconf 88' lang='lat' dir='ltr'><strong>per</strong></span> <span class='ocrx_word' id='word_1_576' title='bbox 1977 2548 2324 2601; x_wconf 67' lang='lat' dir='ltr'><strong>aliIn-tionem</strong></span> <span class='ocrx_word' id='word_1_577' title='bbox 2381 2548 2714 2615; x_wconf 79' lang='lat' dir='ltr'><strong>exploratur.</strong></span> <span class='ocrx_word' id='word_1_578' title='bbox 2769 2562 2871 2601; x_wconf 91' lang='lat' dir='ltr'><strong>nec</strong></span> <span class='ocrx_word' id='word_1_579' title='bbox 2908 2550 3089 2601; x_wconf 89' lang='lat' dir='ltr'><strong>omnis</strong></span> <span class='ocrx_word' id='word_1_580' title='bbox 3134 2558 3406 2617; x_wconf 74' lang='lat' dir='ltr'><strong>peetator.</strong></span> 
     </span>
    </p>
   </div>
   <div class='ocr_carea' id='block_1_84' title="bbox 1825 2638 3411 2707">
    <p class='ocr_par' dir='ltr' id='par_1_84' title="bbox 1825 2638 3411 2707">
     <span class='ocr_line' id='line_1_84' title="bbox 1825 2638 3411 2707; baseline -0.001 -15"><span class='ocrx_word' id='word_1_581' title='bbox 1825 2639 1934 2693; x_wconf 87' lang='lat' dir='ltr'><strong>Sed</strong></span> <span class='ocrx_word' id='word_1_582' title='bbox 1985 2653 2163 2707; x_wconf 84' lang='lat' dir='ltr'><strong>neque</strong></span> <span class='ocrx_word' id='word_1_583' title='bbox 2212 2638 2405 2690; x_wconf 87' lang='lat' dir='ltr'><strong>horum</strong></span> <span class='ocrx_word' id='word_1_584' title='bbox 2459 2638 2691 2706; x_wconf 80' lang='lat' dir='ltr'><strong>quisque</strong></span> <span class='ocrx_word' id='word_1_585' title='bbox 2737 2652 2952 2706; x_wconf 76' lang='lat' dir='ltr'><strong>semper</strong></span> <span class='ocrx_word' id='word_1_586' title='bbox 3007 2638 3261 2693; x_wconf 73' lang='lat' dir='ltr'><strong>laetatur;</strong></span> <span class='ocrx_word' id='word_1_587' title='bbox 3315 2638 3411 2691; x_wconf 83' lang='lat' dir='ltr'><strong>sed</strong></span> 
     </span>
    </p>
   </div>
   <div class='ocr_carea' id='block_1_85' title="bbox 1820 2729 3408 2801">
    <p class='ocr_par' dir='ltr' id='par_1_85' title="bbox 1820 2729 3408 2801">
     <span class='ocr_line' id='line_1_85' title="bbox 1820 2729 3408 2801; baseline -0.003 -16"><span class='ocrx_word' id='word_1_588' title='bbox 1820 2731 1951 2801; x_wconf 79' lang='lat' dir='ltr'><strong>justi</strong></span> <span class='ocrx_word' id='word_1_589' title='bbox 1975 2731 2201 2800; x_wconf 74' lang='lat' dir='ltr'><strong>quidem</strong></span> <span class='ocrx_word' id='word_1_590' title='bbox 2234 2729 2547 2798; x_wconf 79' lang='lat' dir='ltr'><strong>allliguntur</strong></span> <span class='ocrx_word' id='word_1_591' title='bbox 2580 2730 2644 2781; x_wconf 87' lang='lat' dir='ltr'><strong>ad</strong></span> <span class='ocrx_word' id='word_1_592' title='bbox 2676 2744 3000 2782; x_wconf 88' lang='lat' dir='ltr'><strong>coronarum</strong></span> <span class='ocrx_word' id='word_1_593' title='bbox 3030 2739 3408 2797; x_wconf 70' lang='lat' dir='ltr'><strong>augmentum,</strong></span> 
     </span>
    </p>
   </div>
   <div class='ocr_carea' id='block_1_86' title="bbox 1824 2820 3409 2893">
    <p class='ocr_par' dir='ltr' id='par_1_86' title="bbox 1824 2820 3409 2893">
     <span class='ocr_line' id='line_1_86' title="bbox 1824 2820 3409 2893; baseline -0.003 -14"><span class='ocrx_word' id='word_1_594' title='bbox 1824 2834 2137 2893; x_wconf 83' lang='lat' dir='ltr'><strong>peceatores</strong></span> <span class='ocrx_word' id='word_1_595' title='bbox 2190 2837 2321 2877; x_wconf 82' lang='lat' dir='ltr'><strong>vero</strong></span> <span class='ocrx_word' id='word_1_596' title='bbox 2366 2830 2424 2875; x_wconf 94' lang='lat' dir='ltr'><strong>ut</strong></span> <span class='ocrx_word' id='word_1_597' title='bbox 2459 2837 2645 2891; x_wconf 74' lang='lat' dir='ltr'><strong>pmuas</strong></span> <span class='ocrx_word' id='word_1_598' title='bbox 2692 2821 2843 2875; x_wconf 82' lang='lat' dir='ltr'><strong>luant</strong></span> <span class='ocrx_word' id='word_1_599' title='bbox 2889 2832 3259 2890; x_wconf 84' lang='lat' dir='ltr'><strong>peccatorum.</strong></span> <span class='ocrx_word' id='word_1_600' title='bbox 3291 2820 3409 2875; x_wconf 77' lang='lat' dir='ltr'><strong>Non</strong></span> 
     </span>
    </p>
   </div>
   <div class='ocr_carea' id='block_1_87' title="bbox 1828 2914 3412 2984">
    <p class='ocr_par' dir='ltr' id='par_1_87' title="bbox 1828 2914 3412 2984">
     <span class='ocr_line' id='line_1_87' title="bbox 1828 2914 3412 2984; baseline -0.003 -13"><span class='ocrx_word' id='word_1_601' title='bbox 1828 2928 2011 2971; x_wconf 89' lang='lat' dir='ltr'><strong>tamen</strong></span> <span class='ocrx_word' id='word_1_602' title='bbox 2051 2931 2244 2969; x_wconf 84' lang='lat' dir='ltr'><strong>omnes</strong></span> <span class='ocrx_word' id='word_1_603' title='bbox 2278 2915 2407 2984; x_wconf 84' lang='lat' dir='ltr'><strong>justi</strong></span> <span class='ocrx_word' id='word_1_604' title='bbox 2449 2915 2782 2984; x_wconf 79' lang='lat' dir='ltr'><strong>allliguutur,</strong></span> <span class='ocrx_word' id='word_1_605' title='bbox 2812 2931 2880 2967; x_wconf 90' lang='lat' dir='ltr'><strong>uc</strong></span> <span class='ocrx_word' id='word_1_606' title='bbox 2908 2914 3091 2968; x_wconf 80' lang='lat' dir='ltr'><strong>\itium</strong></span> <span class='ocrx_word' id='word_1_607' title='bbox 3135 2914 3277 2968; x_wconf 89' lang='lat' dir='ltr'><strong>laudi</strong></span> <span class='ocrx_word' id='word_1_608' title='bbox 3313 2914 3412 2967; x_wconf 91' lang='lat' dir='ltr'><strong>du-</strong></span> 
     </span>
    </p>
   </div>
   <div class='ocr_carea' id='block_1_88' title="bbox 1826 3006 3414 3074">
    <p class='ocr_par' dir='ltr' id='par_1_88' title="bbox 1826 3006 3414 3074">
     <span class='ocr_line' id='line_1_88' title="bbox 1826 3006 3414 3074; baseline -0.003 -13"><span class='ocrx_word' id='word_1_609' title='bbox 1826 3022 1976 3065; x_wconf 89' lang='lat' dir='ltr'><strong>cens.</strong></span> <span class='ocrx_word' id='word_1_610' title='bbox 2003 3008 2261 3060; x_wconf 73' lang='lat' dir='ltr'><strong>virtutem</strong></span> <span class='ocrx_word' id='word_1_611' title='bbox 2288 3006 2619 3059; x_wconf 51' lang='lat' dir='ltr'><strong>abomineris</strong></span> <span class='ocrx_word' id='word_1_612' title='bbox 2669 3006 2854 3074; x_wconf 58' lang='lat' dir='ltr'><strong>Neque</strong></span> <span class='ocrx_word' id='word_1_613' title='bbox 2880 3019 3070 3058; x_wconf 84' lang='lat' dir='ltr'><strong>omnes</strong></span> <span class='ocrx_word' id='word_1_614' title='bbox 3099 3015 3414 3074; x_wconf 87' lang='lat' dir='ltr'><strong>peccatores</strong></span> 
     </span>
    </p>
   </div>
   <div class='ocr_carea' id='block_1_89' title="bbox 1827 3096 3413 3169">
    <p class='ocr_par' dir='ltr' id='par_1_89' title="bbox 1827 3096 3413 3169">
     <span class='ocr_line' id='line_1_89' title="bbox 1827 3096 3413 3169; baseline -0.001 -17"><span class='ocrx_word' id='word_1_615' title='bbox 1827 3100 2159 3169; x_wconf 76' lang='lat' dir='ltr'><strong>allliguntur,</strong></span> <span class='ocrx_word' id='word_1_616' title='bbox 2210 3112 2279 3151; x_wconf 90' lang='lat' dir='ltr'><strong>ne</strong></span> <span class='ocrx_word' id='word_1_617' title='bbox 2332 3098 2398 3151; x_wconf 90' lang='lat' dir='ltr'><strong>de</strong></span> <span class='ocrx_word' id='word_1_618' title='bbox 2452 3098 2852 3151; x_wconf 85' lang='lat' dir='ltr'><strong>resurrectione</strong></span> <span class='ocrx_word' id='word_1_619' title='bbox 2909 3096 3199 3163; x_wconf 80' lang='lat' dir='ltr'><strong>dillidatur,</strong></span> <span class='ocrx_word' id='word_1_620' title='bbox 3256 3097 3413 3166; x_wconf 85' lang='lat' dir='ltr'><strong>quasi</strong></span> 
     </span>
    </p>
   </div>
   <div class='ocr_carea' id='block_1_90' title="bbox 1828 3190 2967 3261">
    <p class='ocr_par' dir='ltr' id='par_1_90' title="bbox 1828 3190 2967 3261">
     <span class='ocr_line' id='line_1_90' title="bbox 1828 3190 2967 3261; baseline -0.003 -14"><span class='ocrx_word' id='word_1_621' title='bbox 1828 3204 2021 3247; x_wconf 88' lang='lat' dir='ltr'><strong>omnes</strong></span> <span class='ocrx_word' id='word_1_622' title='bbox 2047 3205 2167 3261; x_wconf 67' lang='lat' dir='ltr'><strong>qua:</strong></span> <span class='ocrx_word' id='word_1_623' title='bbox 2192 3205 2287 3245; x_wconf 86' lang='lat' dir='ltr'><strong>sua</strong></span> <span class='ocrx_word' id='word_1_624' title='bbox 2316 3197 2462 3253; x_wconf 89' lang='lat' dir='ltr'><strong>sunt,</strong></span> <span class='ocrx_word' id='word_1_625' title='bbox 2484 3190 2573 3245; x_wconf 88' lang='lat' dir='ltr'><strong>hic</strong></span> <span class='ocrx_word' id='word_1_626' title='bbox 2599 3190 2884 3261; x_wconf 82' lang='lat' dir='ltr'><strong>recipiant.</strong></span> <span class='ocrx_word' id='word_1_627' title='bbox 2966 3222 2967 3225; x_wconf 60' lang='grc' dir='ltr'><strong>η</strong></span> 
     </span>
    </p>
   </div>
   <div class='ocr_carea' id='block_1_91' title="bbox 1896 3374 3418 3443">
    <p class='ocr_par' dir='ltr' id='par_1_91' title="bbox 1896 3374 3418 3443">
     <span class='ocr_line' id='line_1_91' title="bbox 1896 3374 3418 3443; baseline -0.001 -11"><span class='ocrx_word' id='word_1_628' title='bbox 1896 3378 1937 3443; x_wconf 90' lang='grc'>1,</span> <span class='ocrx_word' id='word_1_629' title='bbox 1968 3377 2076 3432; x_wconf 78' lang='grc'><strong>4-9.</strong></span> <span class='ocrx_word' id='word_1_630' title='bbox 2110 3374 2174 3430; x_wconf 83' lang='grc' dir='ltr'><em>1η</em></span> <span class='ocrx_word' id='word_1_631' title='bbox 2202 3374 2567 3428; x_wconf 67' lang='lat' dir='ltr'><strong>hereditatem</strong></span> <span class='ocrx_word' id='word_1_632' title='bbox 2609 3374 3058 3443; x_wconf 77' lang='lat' dir='ltr'><strong>iucorruptibilem</strong></span> <span class='ocrx_word' id='word_1_633' title='bbox 3091 3386 3140 3431; x_wconf 86' lang='lat' dir='ltr'><strong>et</strong></span> <span class='ocrx_word' id='word_1_634' title='bbox 3184 3380 3418 3431; x_wconf 85' lang='lat' dir='ltr'><strong>inconta-</strong></span> 
     </span>
    </p>
   </div>
   <div class='ocr_carea' id='block_1_92' title="bbox 1824 3466 3416 3537">
    <p class='ocr_par' dir='ltr' id='par_1_92' title="bbox 1824 3466 3416 3537">
     <span class='ocr_line' id='line_1_92' title="bbox 1824 3466 3416 3537; baseline 0.001 -15"><span class='ocrx_word' id='word_1_635' title='bbox 1824 3469 2129 3523; x_wconf 83' lang='lat' dir='ltr'><strong>minabilem</strong></span> <span class='ocrx_word' id='word_1_636' title='bbox 2180 3477 2339 3537; x_wconf 80' lang='lat' dir='ltr'><strong>atque</strong></span> <span class='ocrx_word' id='word_1_637' title='bbox 2391 3466 2879 3519; x_wconf 72' lang='lat' dir='ltr'><strong>immarcescibilem</strong></span> <span class='ocrx_word' id='word_1_638' title='bbox 2944 3480 3305 3522; x_wconf 70' lang='lat' dir='ltr'><strong>conservatum</strong></span> <span class='ocrx_word' id='word_1_639' title='bbox 3363 3471 3416 3523; x_wconf 84' lang='lat' dir='ltr'><strong>in</strong></span> 
     </span>
    </p>
   </div>
   <div class='ocr_carea' id='block_1_93' title="bbox 1825 3558 3415 3630">
    <p class='ocr_par' dir='ltr' id='par_1_93' title="bbox 1825 3558 3415 3630">
     <span class='ocr_line' id='line_1_93' title="bbox 1825 3558 3415 3630; baseline -0.001 -15"><span class='ocrx_word' id='word_1_640' title='bbox 1825 3563 1989 3625; x_wconf 66' lang='lat' dir='ltr'><strong>caelis,</strong></span> <span class='ocrx_word' id='word_1_641' title='bbox 2044 3562 2114 3613; x_wconf 91' lang='lat' dir='ltr'><strong>ad</strong></span> <span class='ocrx_word' id='word_1_642' title='bbox 2137 3577 2225 3614; x_wconf 73' lang='lat' dir='ltr'><strong>vos</strong></span> <span class='ocrx_word' id='word_1_643' title='bbox 2251 3559 2342 3629; x_wconf 87' lang='lat' dir='ltr'><strong>qui</strong></span> <span class='ocrx_word' id='word_1_644' title='bbox 2370 3558 2467 3611; x_wconf 80' lang='lat' dir='ltr'><strong>Dei</strong></span> <span class='ocrx_word' id='word_1_645' title='bbox 2497 3560 2731 3627; x_wconf 86' lang='lat' dir='ltr'><strong>potentia</strong></span> <span class='ocrx_word' id='word_1_646' title='bbox 2771 3560 3110 3613; x_wconf 71' lang='lat' dir='ltr'><strong>custodimini</strong></span> <span class='ocrx_word' id='word_1_647' title='bbox 3144 3578 3237 3629; x_wconf 80' lang='lat' dir='ltr'><strong>per</strong></span> <span class='ocrx_word' id='word_1_648' title='bbox 3259 3562 3415 3630; x_wconf 76' lang='lat' dir='ltr'><strong>ﬁdem</strong></span> 
     </span>
    </p>
   </div>
   <div class='ocr_carea' id='block_1_94' title="bbox 1825 3652 3416 3721">
    <p class='ocr_par' dir='ltr' id='par_1_94' title="bbox 1825 3652 3416 3721">
     <span class='ocr_line' id='line_1_94' title="bbox 1825 3652 3416 3721; baseline -0.001 -11"><span class='ocrx_word' id='word_1_649' title='bbox 1825 3659 1880 3711; x_wconf 89' lang='lat' dir='ltr'><strong>in</strong></span> <span class='ocrx_word' id='word_1_650' title='bbox 1912 3656 2137 3709; x_wconf 74' lang='lat' dir='ltr'><strong>salutem</strong></span> <span class='ocrx_word' id='word_1_651' title='bbox 2168 3668 2283 3721; x_wconf 74' lang='lat' dir='ltr'><strong>qua:</strong></span> <span class='ocrx_word' id='word_1_652' title='bbox 2300 3661 2492 3719; x_wconf 86' lang='lat' dir='ltr'><strong>parata</strong></span> <span class='ocrx_word' id='word_1_653' title='bbox 2520 3660 2594 3703; x_wconf 76' lang='lat' dir='ltr'><strong>est</strong></span> <span class='ocrx_word' id='word_1_654' title='bbox 2623 3660 2678 3703; x_wconf 85' lang='lat' dir='ltr'><strong>ut</strong></span> <span class='ocrx_word' id='word_1_655' title='bbox 2702 3652 3069 3720; x_wconf 67' lang='lat' dir='ltr'><strong>manifestatur</strong></span> <span class='ocrx_word' id='word_1_656' title='bbox 3095 3654 3147 3706; x_wconf 85' lang='lat' dir='ltr'><strong>in</strong></span> <span class='ocrx_word' id='word_1_657' title='bbox 3184 3663 3416 3720; x_wconf 87' lang='lat' dir='ltr'><strong>tempore</strong></span> 
     </span>
    </p>
   </div>
   <div class='ocr_carea' id='block_1_95' title="bbox 1827 3741 3416 3813">
    <p class='ocr_par' dir='ltr' id='par_1_95' title="bbox 1827 3741 3416 3813">
     <span class='ocr_line' id='line_1_95' title="bbox 1827 3741 3416 3813; baseline -0.004 -11"><span class='ocrx_word' id='word_1_658' title='bbox 1827 3757 2081 3802; x_wconf 73' lang='lat' dir='ltr'><strong>extremo.</strong></span> <span class='ocrx_word' id='word_1_659' title='bbox 2159 3743 2228 3797; x_wconf 84' lang='lat' dir='ltr'><strong>In</strong></span> <span class='ocrx_word' id='word_1_660' title='bbox 2267 3760 2368 3813; x_wconf 86' lang='lat' dir='ltr'><strong>quo</strong></span> <span class='ocrx_word' id='word_1_661' title='bbox 2399 3743 2677 3796; x_wconf 62' lang='lat' dir='ltr'><strong>exsultatio</strong></span> <span class='ocrx_word' id='word_1_662' title='bbox 2716 3741 2992 3812; x_wconf 79' lang='lat' dir='ltr'><strong>paululum</strong></span> <span class='ocrx_word' id='word_1_663' title='bbox 3034 3759 3169 3796; x_wconf 82' lang='lat' dir='ltr'><strong>nunc</strong></span> <span class='ocrx_word' id='word_1_664' title='bbox 3197 3760 3416 3797; x_wconf 68' lang='grc' dir='ltr'>ηεσιοιέ</span> 
     </span>
    </p>
   </div>
   <div class='ocr_carea' id='block_1_96' title="bbox 1828 3835 3417 3909">
    <p class='ocr_par' dir='ltr' id='par_1_96' title="bbox 1828 3835 3417 3909">
     <span class='ocr_line' id='line_1_96' title="bbox 1828 3835 3417 3909; baseline -0.001 -17"><span class='ocrx_word' id='word_1_665' title='bbox 1828 3840 2001 3909; x_wconf 77' lang='lat' dir='ltr'><strong>affecti</strong></span> <span class='ocrx_word' id='word_1_666' title='bbox 2043 3853 2137 3907; x_wconf 85' lang='lat' dir='ltr'><strong>per</strong></span> <span class='ocrx_word' id='word_1_667' title='bbox 2175 3838 2354 3890; x_wconf 73' lang='lat' dir='ltr'><strong>varias</strong></span> <span class='ocrx_word' id='word_1_668' title='bbox 2407 3836 2729 3905; x_wconf 72' lang='lat' dir='ltr'><strong>aﬂlicriones,</strong></span> <span class='ocrx_word' id='word_1_669' title='bbox 2759 3836 2804 3889; x_wconf 78' lang='lat' dir='ltr'><strong>si</strong></span> <span class='ocrx_word' id='word_1_670' title='bbox 2837 3850 2966 3903; x_wconf 77' lang='lat' dir='ltr'><strong>opus</strong></span> <span class='ocrx_word' id='word_1_671' title='bbox 3007 3836 3113 3889; x_wconf 77' lang='lat' dir='ltr'><strong>sit:</strong></span> <span class='ocrx_word' id='word_1_672' title='bbox 3162 3852 3262 3905; x_wconf 85' lang='lat' dir='ltr'><strong>quo</strong></span> <span class='ocrx_word' id='word_1_673' title='bbox 3295 3835 3417 3904; x_wconf 80' lang='lat' dir='ltr'><strong>ﬁdei</strong></span> 
     </span>
    </p>
   </div>
   <div class='ocr_carea' id='block_1_97' title="bbox 1830 3927 3416 3997">
    <p class='ocr_par' dir='ltr' id='par_1_97' title="bbox 1830 3927 3416 3997">
     <span class='ocr_line' id='line_1_97' title="bbox 1830 3927 3416 3997; baseline -0.003 -12"><span class='ocrx_word' id='word_1_674' title='bbox 1830 3940 2013 3985; x_wconf 76' lang='lat' dir='ltr'><strong>vestra:</strong></span> <span class='ocrx_word' id='word_1_675' title='bbox 2040 3928 2398 3997; x_wconf 73' lang='lat' dir='ltr'><strong>romprobatio</strong></span> <span class='ocrx_word' id='word_1_676' title='bbox 2430 3927 2598 3980; x_wconf 79' lang='lat' dir='ltr'><strong>multo</strong></span> <span class='ocrx_word' id='word_1_677' title='bbox 2633 3927 2911 3995; x_wconf 81' lang='lat' dir='ltr'><strong>pretiosior</strong></span> <span class='ocrx_word' id='word_1_678' title='bbox 2939 3943 3071 3979; x_wconf 83' lang='lat' dir='ltr'><strong>auro</strong></span> <span class='ocrx_word' id='word_1_679' title='bbox 3107 3932 3245 3996; x_wconf 88' lang='lat' dir='ltr'><strong>quod</strong></span> <span class='ocrx_word' id='word_1_680' title='bbox 3279 3929 3416 3994; x_wconf 69' lang='lat' dir='ltr'><strong>perit</strong></span> 
     </span>
    </p>
   </div>
   <div class='ocr_carea' id='block_1_98' title="bbox 1828 4019 3415 4093">
    <p class='ocr_par' dir='ltr' id='par_1_98' title="bbox 1828 4019 3415 4093">
     <span class='ocr_line' id='line_1_98' title="bbox 1828 4019 3415 4093; baseline -0.002 -19"><span class='ocrx_word' id='word_1_681' title='bbox 1828 4024 2085 4093; x_wconf 82' lang='lat' dir='ltr'><strong>probatur</strong></span> <span class='ocrx_word' id='word_1_682' title='bbox 2109 4036 2200 4082; x_wconf 84' lang='lat' dir='ltr'><strong>per</strong></span> <span class='ocrx_word' id='word_1_683' title='bbox 2222 4021 2415 4089; x_wconf 83' lang='lat' dir='ltr'><strong>ignem,</strong></span> <span class='ocrx_word' id='word_1_684' title='bbox 2440 4019 2759 4088; x_wconf 80' lang='lat' dir='ltr'><strong>reperiatur,</strong></span> <span class='ocrx_word' id='word_1_685' title='bbox 2790 4020 2844 4073; x_wconf 85' lang='lat' dir='ltr'><strong>in</strong></span> <span class='ocrx_word' id='word_1_686' title='bbox 2873 4019 3080 4072; x_wconf 81' lang='lat' dir='ltr'><strong>laudem</strong></span> <span class='ocrx_word' id='word_1_687' title='bbox 3100 4029 3147 4072; x_wconf 79' lang='lat' dir='ltr'><strong>et</strong></span> <span class='ocrx_word' id='word_1_688' title='bbox 3166 4020 3415 4073; x_wconf 79' lang='lat' dir='ltr'><strong>honorem</strong></span> 
     </span>
    </p>
   </div>
   <div class='ocr_carea' id='block_1_99' title="bbox 1828 4109 3411 4183">
    <p class='ocr_par' dir='ltr' id='par_1_99' title="bbox 1828 4109 3411 4183">
     <span class='ocr_line' id='line_1_99' title="bbox 1828 4109 3411 4183; baseline -0.003 -16"><span class='ocrx_word' id='word_1_689' title='bbox 1828 4124 1876 4167; x_wconf 88' lang='lat' dir='ltr'><strong>et</strong></span> <span class='ocrx_word' id='word_1_690' title='bbox 1923 4113 2170 4183; x_wconf 85' lang='lat' dir='ltr'><strong>gloriam,</strong></span> <span class='ocrx_word' id='word_1_691' title='bbox 2234 4121 2340 4164; x_wconf 86' lang='lat' dir='ltr'><strong>tum</strong></span> <span class='ocrx_word' id='word_1_692' title='bbox 2407 4127 2527 4164; x_wconf 87' lang='lat' dir='ltr'><strong>cum</strong></span> <span class='ocrx_word' id='word_1_693' title='bbox 2569 4111 2887 4164; x_wconf 79' lang='lat' dir='ltr'><strong>revelabitur</strong></span> <span class='ocrx_word' id='word_1_694' title='bbox 2936 4109 3085 4163; x_wconf 74' lang='lat' dir='ltr'><strong>Jews</strong></span> <span class='ocrx_word' id='word_1_695' title='bbox 3134 4109 3411 4175; x_wconf 74' lang='lat' dir='ltr'><strong>Christus,</strong></span> 
     </span>
    </p>
   </div>
   <div class='ocr_carea' id='block_1_100' title="bbox 1829 4202 3416 4275">
    <p class='ocr_par' dir='ltr' id='par_1_100' title="bbox 1829 4202 3416 4275">
     <span class='ocr_line' id='line_1_100' title="bbox 1829 4202 3416 4275; baseline -0.001 -18"><span class='ocrx_word' id='word_1_696' title='bbox 1829 4221 1978 4275; x_wconf 86' lang='lat' dir='ltr'><strong>quem</strong></span> <span class='ocrx_word' id='word_1_697' title='bbox 2009 4220 2125 4257; x_wconf 87' lang='lat' dir='ltr'><strong>cum</strong></span> <span class='ocrx_word' id='word_1_698' title='bbox 2153 4219 2255 4255; x_wconf 83' lang='lat' dir='ltr'><strong>non</strong></span> <span class='ocrx_word' id='word_1_699' title='bbox 2277 4203 2512 4255; x_wconf 77' lang='lat' dir='ltr'><strong>videritis</strong></span> <span class='ocrx_word' id='word_1_700' title='bbox 2541 4202 2759 4271; x_wconf 77' lang='lat' dir='ltr'><strong>diligitis</strong></span> <span class='ocrx_word' id='word_1_701' title='bbox 2778 4243 2791 4265; x_wconf 97' lang='lat'><strong>,</strong></span> <span class='ocrx_word' id='word_1_702' title='bbox 2824 4203 2880 4255; x_wconf 86' lang='lat' dir='ltr'><strong>iu</strong></span> <span class='ocrx_word' id='word_1_703' title='bbox 2905 4219 3056 4271; x_wconf 74' lang='lat' dir='ltr'><strong>quem</strong></span> <span class='ocrx_word' id='word_1_704' title='bbox 3086 4205 3261 4267; x_wconf 86' lang='lat' dir='ltr'><strong>modo,</strong></span> <span class='ocrx_word' id='word_1_705' title='bbox 3298 4218 3416 4255; x_wconf 79' lang='lat' dir='ltr'><strong>eum</strong></span> 
     </span>
    </p>
   </div>
   <div class='ocr_carea' id='block_1_101' title="bbox 1832 4296 3412 4365">
    <p class='ocr_par' dir='ltr' id='par_1_101' title="bbox 1832 4296 3412 4365">
     <span class='ocr_line' id='line_1_101' title="bbox 1832 4296 3412 4365; baseline -0.002 -14"><span class='ocrx_word' id='word_1_706' title='bbox 1832 4314 1933 4351; x_wconf 84' lang='lat' dir='ltr'><strong>non</strong></span> <span class='ocrx_word' id='word_1_707' title='bbox 1958 4299 2193 4359; x_wconf 62' lang='lat' dir='ltr'><strong>videatis,</strong></span> <span class='ocrx_word' id='word_1_708' title='bbox 2214 4299 2474 4350; x_wconf 75' lang='lat' dir='ltr'><strong>credentes</strong></span> <span class='ocrx_word' id='word_1_709' title='bbox 2491 4306 2687 4359; x_wconf 87' lang='lat' dir='ltr'><strong>tamen,</strong></span> <span class='ocrx_word' id='word_1_710' title='bbox 2710 4296 2985 4349; x_wconf 75' lang='lat' dir='ltr'><strong>easttltatis</strong></span> <span class='ocrx_word' id='word_1_711' title='bbox 3010 4298 3204 4365; x_wconf 75' lang='lat' dir='ltr'><strong>gaudio</strong></span> <span class='ocrx_word' id='word_1_712' title='bbox 3234 4297 3412 4363; x_wconf 64' lang='lat' dir='ltr'><strong>iur/iit-</strong></span> 
     </span>
    </p>
   </div>
   <div class='ocr_carea' id='block_1_102' title="bbox 1832 4386 3416 4461">
    <p class='ocr_par' dir='ltr' id='par_1_102' title="bbox 1832 4386 3416 4461">
     <span class='ocr_line' id='line_1_102' title="bbox 1832 4386 3416 4461; baseline -0.004 -16"><span class='ocrx_word' id='word_1_713' title='bbox 1832 4392 1924 4445; x_wconf 86' lang='lat' dir='ltr'><strong>bili</strong></span> <span class='ocrx_word' id='word_1_714' title='bbox 1957 4401 2005 4444; x_wconf 90' lang='lat' dir='ltr'><strong>et</strong></span> <span class='ocrx_word' id='word_1_715' title='bbox 2036 4391 2374 4461; x_wconf 80' lang='lat' dir='ltr'><strong>gloriﬁcatio,</strong></span> <span class='ocrx_word' id='word_1_716' title='bbox 2393 4398 2719 4459; x_wconf 77' lang='lat' dir='ltr'><strong>reportantes</strong></span> <span class='ocrx_word' id='word_1_717' title='bbox 2746 4389 2899 4457; x_wconf 81' lang='lat' dir='ltr'><strong>ﬁnem</strong></span> <span class='ocrx_word' id='word_1_718' title='bbox 2918 4387 3039 4455; x_wconf 80' lang='lat' dir='ltr'><strong>ﬁdei</strong></span> <span class='ocrx_word' id='word_1_719' title='bbox 3069 4396 3252 4440; x_wconf 71' lang='lat' dir='ltr'><strong>vestrm</strong></span> <span class='ocrx_word' id='word_1_720' title='bbox 3272 4386 3416 4440; x_wconf 76' lang='lat' dir='ltr'><strong>salu-</strong></span> 
     </span>
    </p>
   </div>
   <div class='ocr_carea' id='block_1_103' title="bbox 1834 4484 2281 4537">
    <p class='ocr_par' dir='ltr' id='par_1_103' title="bbox 1834 4484 2281 4537">
     <span class='ocr_line' id='line_1_103' title="bbox 1834 4484 2281 4537; baseline -0.007 0"><span class='ocrx_word' id='word_1_721' title='bbox 1834 4493 1935 4537; x_wconf 84' lang='lat' dir='ltr'><strong>tem</strong></span> <span class='ocrx_word' id='word_1_722' title='bbox 1957 4484 2281 4537; x_wconf 81' lang='lat' dir='ltr'><strong>animarum.</strong></span> 
     </span>
    </p>
   </div>
   <div class='ocr_carea' id='block_1_104' title="bbox 1899 4770 3419 4837">
    <p class='ocr_par' dir='ltr' id='par_1_104' title="bbox 1899 4770 3419 4837">
     <span class='ocr_line' id='line_1_104' title="bbox 1899 4770 3419 4837; baseline -0.005 -8"><span class='ocrx_word' id='word_1_723' title='bbox 1899 4776 1953 4829; x_wconf 89' lang='lat' dir='ltr'><strong>Si</strong></span> <span class='ocrx_word' id='word_1_724' title='bbox 1985 4776 2037 4828; x_wconf 94' lang='lat' dir='ltr'><strong>in</strong></span> <span class='ocrx_word' id='word_1_725' title='bbox 2068 4774 2221 4830; x_wconf 67' lang='lat' dir='ltr'><strong>catlis</strong></span> <span class='ocrx_word' id='word_1_726' title='bbox 2250 4784 2334 4828; x_wconf 86' lang='lat' dir='ltr'><strong>est</strong></span> <span class='ocrx_word' id='word_1_727' title='bbox 2356 4772 2667 4837; x_wconf 74' lang='lat' dir='ltr'><strong>haereditas,</strong></span> <span class='ocrx_word' id='word_1_728' title='bbox 2705 4770 2950 4825; x_wconf 84' lang='lat' dir='ltr'><strong>fabulosa</strong></span> <span class='ocrx_word' id='word_1_729' title='bbox 2988 4778 3063 4823; x_wconf 79' lang='lat' dir='ltr'><strong>es!</strong></span> <span class='ocrx_word' id='word_1_730' title='bbox 3113 4785 3294 4824; x_wconf 91' lang='lat' dir='ltr'><strong>rerum</strong></span> <span class='ocrx_word' id='word_1_731' title='bbox 3332 4770 3419 4823; x_wconf 82' lang='lat' dir='ltr'><strong>in-</strong></span> 
     </span>
    </p>
   </div>
   <div class='ocr_carea' id='block_1_105' title="bbox 1824 4860 3412 4930">
    <p class='ocr_par' dir='ltr' id='par_1_105' title="bbox 1824 4860 3412 4930">
     <span class='ocr_line' id='line_1_105' title="bbox 1824 4860 3412 4930; baseline -0.006 -9"><span class='ocrx_word' id='word_1_732' title='bbox 1824 4867 2091 4921; x_wconf 86' lang='lat' dir='ltr'><strong>slauratio</strong></span> <span class='ocrx_word' id='word_1_733' title='bbox 2117 4867 2168 4918; x_wconf 91' lang='lat' dir='ltr'><strong>in</strong></span> <span class='ocrx_word' id='word_1_734' title='bbox 2190 4866 2334 4918; x_wconf 90' lang='lat' dir='ltr'><strong>mille</strong></span> <span class='ocrx_word' id='word_1_735' title='bbox 2354 4865 2535 4918; x_wconf 84' lang='lat' dir='ltr'><strong>annis.</strong></span> <span class='ocrx_word' id='word_1_736' title='bbox 2566 4883 2582 4914; x_wconf 83' lang='grc' dir='ltr'><strong>ι</strong></span> <span class='ocrx_word' id='word_1_737' title='bbox 2613 4863 2668 4916; x_wconf 88' lang='lat' dir='ltr'><strong>In</strong></span> <span class='ocrx_word' id='word_1_738' title='bbox 2696 4877 2805 4930; x_wconf 88' lang='lat' dir='ltr'><strong>quo</strong></span> <span class='ocrx_word' id='word_1_739' title='bbox 2825 4860 3111 4915; x_wconf 84' lang='lat' dir='ltr'><strong>exsultatis</strong></span> <span class='ocrx_word' id='word_1_740' title='bbox 3132 4860 3412 4930; x_wconf 80' lang='lat' dir='ltr'><strong>paululum</strong></span> 
     </span>
    </p>
   </div>
   <div class='ocr_carea' id='block_1_106' title="bbox 1824 4953 3413 5027">
    <p class='ocr_par' dir='ltr' id='par_1_106' title="bbox 1824 4953 3413 5027">
     <span class='ocr_line' id='line_1_106' title="bbox 1824 4953 3413 5027; baseline -0.005 -14"><span class='ocrx_word' id='word_1_741' title='bbox 1824 4974 1994 5022; x_wconf 89' lang='lat' dir='ltr'><strong>nunc,</strong></span> <span class='ocrx_word' id='word_1_742' title='bbox 2041 4958 2084 5012; x_wconf 91' lang='lat' dir='ltr'><strong>si</strong></span> <span class='ocrx_word' id='word_1_743' title='bbox 2118 4973 2254 5027; x_wconf 83' lang='lat' dir='ltr'><strong>opus</strong></span> <span class='ocrx_word' id='word_1_744' title='bbox 2295 4958 2384 5011; x_wconf 90' lang='lat' dir='ltr'><strong>sit.</strong></span> <span class='ocrx_word' id='word_1_745' title='bbox 2427 4976 2443 5007; x_wconf 72' lang='grc' dir='ltr'><strong>ι</strong></span> <span class='ocrx_word' id='word_1_746' title='bbox 2475 4956 2619 5009; x_wconf 88' lang='lat' dir='ltr'><strong>Ordo</strong></span> <span class='ocrx_word' id='word_1_747' title='bbox 2650 4965 2733 5009; x_wconf 90' lang='lat' dir='ltr'><strong>est</strong></span> <span class='ocrx_word' id='word_1_748' title='bbox 2762 4955 2861 5008; x_wconf 74' lang='lat' dir='ltr'><strong>iste</strong></span> <span class='ocrx_word' id='word_1_749' title='bbox 2908 4972 2921 5007; x_wconf 92' lang='lat'><strong>:</strong></span> <span class='ocrx_word' id='word_1_750' title='bbox 2962 4953 3193 5008; x_wconf 72' lang='lat' dir='ltr'><strong>Mterore</strong></span> <span class='ocrx_word' id='word_1_751' title='bbox 3228 4953 3349 5007; x_wconf 57' lang='lat' dir='ltr'><strong>alica</strong></span> <span class='ocrx_word' id='word_1_752' title='bbox 3374 4953 3413 5005; x_wconf 89' lang='lat' dir='ltr'><strong>ti</strong></span> 
     </span>
    </p>
   </div>
   <div class='ocr_carea' id='block_1_107' title="bbox 1835 5048 3417 5118">
    <p class='ocr_par' dir='ltr' id='par_1_107' title="bbox 1835 5048 3417 5118">
     <span class='ocr_line' id='line_1_107' title="bbox 1835 5048 3417 5118; baseline -0.005 -14"><span class='ocrx_word' id='word_1_753' title='bbox 1835 5066 2004 5109; x_wconf 86' lang='lat' dir='ltr'><strong>nunc.</strong></span> <span class='ocrx_word' id='word_1_754' title='bbox 2040 5049 2082 5103; x_wconf 92' lang='lat' dir='ltr'><strong>si</strong></span> <span class='ocrx_word' id='word_1_755' title='bbox 2115 5064 2253 5117; x_wconf 87' lang='lat' dir='ltr'><strong>opus</strong></span> <span class='ocrx_word' id='word_1_756' title='bbox 2284 5050 2375 5113; x_wconf 85' lang='lat' dir='ltr'><strong>sit,</strong></span> <span class='ocrx_word' id='word_1_757' title='bbox 2423 5048 2475 5101; x_wconf 95' lang='lat' dir='ltr'><strong>id</strong></span> <span class='ocrx_word' id='word_1_758' title='bbox 2520 5056 2624 5112; x_wconf 88' lang='lat' dir='ltr'><strong>est,</strong></span> <span class='ocrx_word' id='word_1_759' title='bbox 2677 5048 2720 5102; x_wconf 91' lang='lat' dir='ltr'><strong>si</strong></span> <span class='ocrx_word' id='word_1_760' title='bbox 2759 5048 2861 5101; x_wconf 93' lang='lat' dir='ltr'><strong>hoc</strong></span> <span class='ocrx_word' id='word_1_761' title='bbox 2900 5060 3117 5118; x_wconf 87' lang='lat' dir='ltr'><strong>quoque</strong></span> <span class='ocrx_word' id='word_1_762' title='bbox 3167 5053 3417 5114; x_wconf 81' lang='lat' dir='ltr'><strong>Oporteat</strong></span> 
     </span>
    </p>
   </div>
   <div class='ocr_carea' id='block_1_108' title="bbox 1837 5138 3417 5212">
    <p class='ocr_par' dir='ltr' id='par_1_108' title="bbox 1837 5138 3417 5212">
     <span class='ocr_line' id='line_1_108' title="bbox 1837 5138 3417 5212; baseline -0.003 -17"><span class='ocrx_word' id='word_1_763' title='bbox 1837 5144 2038 5212; x_wconf 88' lang='lat' dir='ltr'><strong>(neque</strong></span> <span class='ocrx_word' id='word_1_764' title='bbox 2072 5142 2215 5197; x_wconf 86' lang='lat' dir='ltr'><strong>enim</strong></span> <span class='ocrx_word' id='word_1_765' title='bbox 2254 5156 2445 5195; x_wconf 90' lang='lat' dir='ltr'><strong>omnes</strong></span> <span class='ocrx_word' id='word_1_766' title='bbox 2496 5140 2669 5193; x_wconf 87' lang='lat' dir='ltr'><strong>sancti</strong></span> <span class='ocrx_word' id='word_1_767' title='bbox 2716 5138 3046 5209; x_wconf 80' lang='lat' dir='ltr'><strong>aﬂliguntur)</strong></span> <span class='ocrx_word' id='word_1_768' title='bbox 3075 5138 3129 5190; x_wconf 89' lang='lat' dir='ltr'><strong>in</strong></span> <span class='ocrx_word' id='word_1_769' title='bbox 3172 5148 3417 5205; x_wconf 86' lang='lat' dir='ltr'><strong>tempore</strong></span> 
     </span>
    </p>
   </div>
   <div class='ocr_carea' id='block_1_109' title="bbox 1838 5228 3419 5299">
    <p class='ocr_par' dir='ltr' id='par_1_109' title="bbox 1838 5228 3419 5299">
     <span class='ocr_line' id='line_1_109' title="bbox 1838 5228 3419 5299; baseline -0.007 -10"><span class='ocrx_word' id='word_1_770' title='bbox 1838 5245 2085 5289; x_wconf 78' lang='lat' dir='ltr'><strong>extremo</strong></span> <span class='ocrx_word' id='word_1_771' title='bbox 2115 5232 2477 5296; x_wconf 77' lang='lat' dir='ltr'><strong>exsultabitis,</strong></span> <span class='ocrx_word' id='word_1_772' title='bbox 2506 5246 2631 5283; x_wconf 88' lang='lat' dir='ltr'><strong>nam</strong></span> <span class='ocrx_word' id='word_1_773' title='bbox 2659 5246 2897 5299; x_wconf 70' lang='lat' dir='ltr'><strong>praesens</strong></span> <span class='ocrx_word' id='word_1_774' title='bbox 2928 5243 3024 5297; x_wconf 91' lang='lat' dir='ltr'><strong>pro</strong></span> <span class='ocrx_word' id='word_1_775' title='bbox 3054 5228 3236 5281; x_wconf 79' lang='lat' dir='ltr'><strong>futuro</strong></span> <span class='ocrx_word' id='word_1_776' title='bbox 3261 5242 3419 5279; x_wconf 80' lang='lat' dir='ltr'><strong>acce-</strong></span> 
     </span>
    </p>
   </div>
   <div class='ocr_carea' id='block_1_110' title="bbox 1836 5315 3415 5394">
    <p class='ocr_par' dir='ltr' id='par_1_110' title="bbox 1836 5315 3415 5394">
     <span class='ocr_line' id='line_1_110' title="bbox 1836 5315 3415 5394; baseline -0.008 -14"><span class='ocrx_word' id='word_1_777' title='bbox 1836 5335 1986 5394; x_wconf 90' lang='lat' dir='ltr'><strong>ptum</strong></span> <span class='ocrx_word' id='word_1_778' title='bbox 2010 5334 2111 5379; x_wconf 89' lang='lat' dir='ltr'><strong>est.</strong></span> <span class='ocrx_word' id='word_1_779' title='bbox 2142 5324 2243 5377; x_wconf 81' lang='lat' dir='ltr'><strong>Aut</strong></span> <span class='ocrx_word' id='word_1_780' title='bbox 2274 5323 2435 5376; x_wconf 78' lang='lat' dir='ltr'><strong>etiam</strong></span> <span class='ocrx_word' id='word_1_781' title='bbox 2468 5336 2564 5389; x_wconf 86' lang='lat' dir='ltr'><strong>per</strong></span> <span class='ocrx_word' id='word_1_782' title='bbox 2591 5335 2851 5389; x_wconf 67' lang='lat' dir='ltr'><strong>pra‘sens,</strong></span> <span class='ocrx_word' id='word_1_783' title='bbox 2882 5316 3337 5387; x_wconf 86' lang='lat' dir='ltr'><strong>quemadmodum</strong></span> <span class='ocrx_word' id='word_1_784' title='bbox 3360 5315 3415 5367; x_wconf 89' lang='lat' dir='ltr'><strong>in</strong></span> 
     </span>
    </p>
   </div>
   <div class='ocr_carea' id='block_1_111' title="bbox 1834 5408 3414 5487">
    <p class='ocr_par' dir='ltr' id='par_1_111' title="bbox 1834 5408 3414 5487">
     <span class='ocr_line' id='line_1_111' title="bbox 1834 5408 3414 5487; baseline -0.009 -15"><span class='ocrx_word' id='word_1_785' title='bbox 1834 5417 2188 5487; x_wconf 88' lang='lat' dir='ltr'><strong>sequentibus</strong></span> <span class='ocrx_word' id='word_1_786' title='bbox 2218 5414 2548 5468; x_wconf 89' lang='lat' dir='ltr'><strong>declaratum</strong></span> <span class='ocrx_word' id='word_1_787' title='bbox 2583 5420 2685 5465; x_wconf 91' lang='lat' dir='ltr'><strong>est.</strong></span> <span class='ocrx_word' id='word_1_788' title='bbox 2731 5431 2747 5462; x_wconf 82' lang='grc' dir='ltr'><strong>ι</strong></span> <span class='ocrx_word' id='word_1_789' title='bbox 2790 5410 2846 5463; x_wconf 86' lang='lat' dir='ltr'><strong>In</strong></span> <span class='ocrx_word' id='word_1_790' title='bbox 2882 5410 3095 5463; x_wconf 78' lang='lat' dir='ltr'><strong>Iaudem</strong></span> <span class='ocrx_word' id='word_1_791' title='bbox 3137 5416 3192 5461; x_wconf 88' lang='lat' dir='ltr'><strong>et</strong></span> <span class='ocrx_word' id='word_1_792' title='bbox 3237 5408 3414 5460; x_wconf 86' lang='lat' dir='ltr'><strong>bono-</strong></span> 
     </span>
    </p>
   </div>
   <div class='ocr_carea' id='block_1_112' title="bbox 1835 5498 3415 5574">
    <p class='ocr_par' dir='ltr' id='par_1_112' title="bbox 1835 5498 3415 5574">
     <span class='ocr_line' id='line_1_112' title="bbox 1835 5498 3415 5574; baseline -0.009 -10"><span class='ocrx_word' id='word_1_793' title='bbox 1835 5525 1971 5564; x_wconf 88' lang='lat' dir='ltr'><strong>rem.</strong></span> <span class='ocrx_word' id='word_1_794' title='bbox 2008 5528 2026 5560; x_wconf 84' lang='grc'><strong>›</strong></span> <span class='ocrx_word' id='word_1_795' title='bbox 2064 5507 2295 5561; x_wconf 85' lang='lat' dir='ltr'><strong>Causam</strong></span> <span class='ocrx_word' id='word_1_796' title='bbox 2327 5522 2424 5561; x_wconf 93' lang='lat' dir='ltr'><strong>cur</strong></span> <span class='ocrx_word' id='word_1_797' title='bbox 2448 5504 2753 5574; x_wconf 79' lang='lat' dir='ltr'><strong>afﬂigantur</strong></span> <span class='ocrx_word' id='word_1_798' title='bbox 2778 5502 2908 5572; x_wconf 91' lang='lat' dir='ltr'><strong>justi</strong></span> <span class='ocrx_word' id='word_1_799' title='bbox 2937 5516 3031 5569; x_wconf 84' lang='lat' dir='ltr'><strong>per</strong></span> <span class='ocrx_word' id='word_1_800' title='bbox 3065 5499 3180 5552; x_wconf 62' lang='lat' dir='ltr'><strong>hare</strong></span> <span class='ocrx_word' id='word_1_801' title='bbox 3207 5498 3415 5561; x_wconf 71' lang='lat' dir='ltr'><strong>signiti-</strong></span> 
     </span>
    </p>
   </div>
   <div class='ocr_carea' id='block_1_113' title="bbox 1836 5590 3416 5663">
    <p class='ocr_par' dir='ltr' id='par_1_113' title="bbox 1836 5590 3416 5663">
     <span class='ocr_line' id='line_1_113' title="bbox 1836 5590 3416 5663; baseline -0.009 -8"><span class='ocrx_word' id='word_1_802' title='bbox 1836 5612 1943 5663; x_wconf 85' lang='lat' dir='ltr'><strong>cat.</strong></span> <span class='ocrx_word' id='word_1_803' title='bbox 1982 5600 2139 5654; x_wconf 88' lang='lat' dir='ltr'><strong>simul</strong></span> <span class='ocrx_word' id='word_1_804' title='bbox 2166 5607 2222 5653; x_wconf 85' lang='lat' dir='ltr'><strong>et</strong></span> <span class='ocrx_word' id='word_1_805' title='bbox 2254 5598 2374 5652; x_wconf 91' lang='lat' dir='ltr'><strong>illos</strong></span> <span class='ocrx_word' id='word_1_806' title='bbox 2400 5595 2733 5650; x_wconf 86' lang='lat' dir='ltr'><strong>consolando</strong></span> <span class='ocrx_word' id='word_1_807' title='bbox 2757 5635 2771 5657; x_wconf 91' lang='lat'><strong>,</strong></span> <span class='ocrx_word' id='word_1_808' title='bbox 2796 5592 2961 5663; x_wconf 68' lang='grc'><strong>486</strong></span> <span class='ocrx_word' id='word_1_809' title='bbox 2987 5590 3129 5661; x_wconf 87' lang='lat' dir='ltr'><strong>quod</strong></span> <span class='ocrx_word' id='word_1_810' title='bbox 3165 5590 3416 5643; x_wconf 76' lang='lat' dir='ltr'><strong>videlicet</strong></span> 
     </span>
    </p>
   </div>
   <div class='ocr_carea' id='block_1_114' title="bbox 1837 5680 3419 5754">
    <p class='ocr_par' dir='ltr' id='par_1_114' title="bbox 1837 5680 3419 5754">
     <span class='ocr_line' id='line_1_114' title="bbox 1837 5680 3419 5754; baseline -0.008 -7"><span class='ocrx_word' id='word_1_811' title='bbox 1837 5690 2224 5747; x_wconf 72' lang='lat' dir='ltr'><strong>aﬂl‘ctionibus</strong></span> <span class='ocrx_word' id='word_1_812' title='bbox 2257 5687 2660 5743; x_wconf 59' lang='lat' dir='ltr'><strong>manifesﬁores</strong></span> <span class='ocrx_word' id='word_1_813' title='bbox 2703 5685 2836 5740; x_wconf 82' lang='lat' dir='ltr'><strong>ﬁant</strong></span> <span class='ocrx_word' id='word_1_814' title='bbox 2871 5701 2886 5744; x_wconf 89' lang='lat'><strong>:</strong></span> <span class='ocrx_word' id='word_1_815' title='bbox 2943 5692 2997 5740; x_wconf 90' lang='lat' dir='ltr'><strong>et</strong></span> <span class='ocrx_word' id='word_1_816' title='bbox 3047 5680 3419 5754; x_wconf 84' lang='lat' dir='ltr'><strong>diligentiores</strong></span> 
     </span>
    </p>
   </div>
  </div>
