4178 6454
761 433 869 501 519

1843 424 2242 490 (ECUMENII
2270 424 2564 488 ΤΒΙΟΟιΕ
2591 422 2935 489 EPISCOPI

3906 409 4030 477 520

764 563 860 603 eos
902 545 1135 601 reddens
1173 558 1271 614 per
1308 541 1412 598 hoc
1437 540 1581 612 quod
1611 539 1761 596 addit
1790 557 1803 596 :
1835 539 1975 594 Cum
2010 537 2341 593 revelabitur

2454 538 2621 592 ποιιῖιν
2650 535 2846 592 διὰτοῦ
2865 530 3179 604 προσθεῖναι
3200 525 3280 592 τό,
3325 524 3414 579 Ἐν
3461 521 3802 591 ἀποκαλύψει
3838 519 4030 590 Ἰησοῦ

760 637 921 694 Jesus
957 635 1228 697 Christus,
1261 633 1407 703 quod
1431 633 1522 687 illo
1551 641 1794 700 tempore
1832 644 1931 699 per
1962 627 2208 682 laborum
2237 626 2334 680 de-

763 728 1212 784 monstrationem
1244 739 1439 795 magua
1467 724 1538 778 sit
1569 719 1817 776 addenda
1845 718 2101 772 nobilitas
2129 718 2213 771 his
2243 718 2334 785 qui

763 826 1134 877 certaverunt.
1168 817 1334 872 Addit
1365 825 1544 870 autem
1574 822 1630 867 et
1655 811 1802 865 aliud
1841 810 1983 879 quod
2013 808 2236 863 attrahit
2269 806 2334 860 ad

763 911 1102 966 tolerantiam
1136 909 1509 963 aﬂlictionum.
1531 903 1800 970 Quidnam
1827 903 1956 957 illud
1983 902 2102 956 est?
2127 920 2145 952 ι
2165 901 2336 966 Quem

763 1019 887 1057 cum
935 1017 1045 1056 non
1086 999 1350 1061 videritis,
1387 996 1549 1050 modo
1577 994 1820 1064 diligitis.
1861 1011 1880 1044 ι
1937 992 1995 1044 Si
2042 991 2189 1043 enim
2213 1004 2338 1044 cum

764 1109 875 1147 non
913 1092 1157 1147 videri-tis
1196 1105 1320 1145 eum
1360 1087 1533 1141 oculis
1572 1084 1867 1156 corporeis.
1899 1098 1963 1137 ex
2004 1082 2119 1136 solo
2149 1081 2340 1135 auditu

765 1185 1031 1251 diligitis,
1085 1183 1281 1250 inquit,
1333 1179 1675 1234 considerate
1723 1183 1984 1244 quantam
2041 1171 2342 1227 ostendatis

764 1276 1109 1329 dilectionem
1137 1288 1259 1326 cum
1285 1272 1461 1341 ipsum
1493 1267 1758 1328 videritis,
1777 1266 1937 1334 idque
1951 1263 2079 1318 dum
2102 1263 2155 1315 in
2175 1261 2342 1332 gloria

763 1367 1238 1422 manifestabitur:
1266 1380 1391 1417 nam
1414 1363 1459 1416 si
1489 1361 1671 1430 passio
1703 1358 1873 1429 ipsius
1895 1358 2032 1410 adeo
2062 1369 2156 1408 vos
2177 1363 2345 1407 attra-

766 1460 867 1523 xit,
902 1467 1161 1526 quantum
1193 1470 1321 1524 ergo
1361 1468 1455 1506 vos
1482 1452 1696 1505 allicere
1739 1448 1938 1519 poterit
1977 1444 2344 1500 manilestatio

769 1550 942 1620 ipsius
969 1563 1090 1602 cum
1117 1544 1413 1599 incredibili
1438 1541 1748 1612 splendore,
1767 1537 1984 1607 quando
2005 1535 2168 1589 etiam
2193 1534 2344 1587 vobis

767 1643 997 1695 salutem
1028 1639 1333 1691 animarum
1362 1636 1414 1688 in
1462 1633 1742 1704 praemium
1782 1627 2032 1683 tribuerit
2060 1627 2073 1678 ι
2114 1625 2182 1679 Ut
2216 1640 2344 1694 ergo

768 1732 862 1784 tali
893 1727 1269 1789 inuotescatis,
1293 1723 1568 1792 accepturi
1593 1722 1754 1774 etiam
1775 1717 2079 1787 huiusmodi
2099 1716 2342 1786 gloriam,

766 1822 1141 1878 brevissimam
1175 1818 1276 1870 hoc
1306 1826 1551 1884 tempore
1577 1812 1849 1867 ostendite
1890 1809 2226 1863 tolerantiam
2253 1847 2267 1872 ,
2293 1817 2348 1862 et

769 1915 918 1981 seupi
953 1892 1216 1979 propositi
1245 1919 1511 1960 summam
1545 1901 1839 1955 habebitis.

841 2003 884 2062 1.
922 2001 1110 2055 lii—12.
1150 1999 1222 2052 De
1270 2014 1373 2066 qua
1415 1994 1586 2048 salute
1627 1991 1983 2058 exquisierunt
2022 2004 2086 2040 ac
2127 1987 2349 2041 scrutati

768 2102 886 2148 sunt
914 2093 1200 2161 propheta,
1229 2089 1316 2159 qui
1345 2087 1409 2138 de
1433 2094 1646 2137 ventura
1675 2084 1729 2135 in
1753 2097 1840 2134 vos
1875 2080 2048 2151 gratia
2077 2078 2349 2132 vaticinati

768 2191 1222 2246 sunt,scrutantes
1253 2178 1322 2231 ad
1353 2177 1488 2245 quod
1527 2173 1606 2227 uel
1637 2173 1887 2242 cujusque
1918 2180 2118 2238 tempus
2146 2167 2348 2238 signiﬁ-

770 2285 912 2328 caret
945 2275 1033 2344 qui
1059 2274 1114 2324 in
1143 2271 1249 2323 illis
1269 2279 1380 2322 erat
1401 2267 1630 2334 Spiritus
1661 2263 1876 2322 Christi,
1899 2265 1985 2332 qui
2022 2263 2165 2330 prius
2193 2275 2350 2329 quam

770 2367 1089 2429 acciderent,
1123 2368 1412 2415 testabatur
1439 2367 1686 2412 venturas
1719 2358 1774 2408 in
1807 2354 2068 2410 Christum
2109 2353 2349 2422 aﬂlictio-

773 2476 885 2521 nes,
910 2467 979 2518 et,
1013 2472 1130 2525 qua:
1179 2460 1346 2506 essent
1397 2458 1773 2511 consecutum,
1803 2445 2043 2514 glorias:
2080 2444 2264 2513 quibus
2303 2451 2350 2495 et

771 2549 905 2601 illud
958 2545 1243 2600 revelatum
1296 2550 1369 2595 est
1412 2539 1549 2611 quod
1579 2539 1723 2591 haud
1765 2537 1864 2590 sibi
1902 2536 2048 2602 ipsis,
2072 2535 2176 2586 imo
2210 2533 2352 2586 nobis

774 2640 1139 2693 ministrarent
1172 2635 1282 2688 Ιιωτ
1298 2647 1413 2703 qum
1435 2648 1570 2683 nunc
1600 2630 1918 2682 annuntiata
1945 2635 2064 2679 sunt
2083 2624 2234 2692 ,t'obis
2263 2640 2354 2690 per

774 2747 860 2785 eos
894 2730 984 2800 qui
1005 2729 1142 2781 vobis
1163 2726 1577 2794 praedicaverunt
1607 2718 1950 2789 Evangelium
1975 2732 2065 2784 per
2094 2714 2353 2783 Spiritum

774 2834 1016 2876 sanciunt
1042 2820 1288 2872 emissum
1311 2817 1374 2870 de
1401 2813 1527 2868 caelo
1554 2827 1572 2866 :
1603 2813 1658 2866 in
1693 2826 1810 2883 quia
1846 2808 2142 2862 desiderant
2177 2805 2353 2877 angeli

777 2918 1099 2984 pro:piccre.

851 3005 1300 3076 Quandoquidem
1331 3002 1398 3057 de
1428 3001 1620 3055 anima:
1649 2998 1822 3054 salute
1850 2996 2183 3052 mentionem
2212 2994 2357 3049 fece-

777 3113 860 3155 rat
890 3117 904 3155 :
945 3101 1059 3153 ha-c
1090 3110 1270 3152 autem
1298 3112 1407 3150 non
1437 3105 1558 3148 erat
1585 3092 1895 3155 manifesta,
1941 3091 2036 3144 sed
2065 3103 2204 3143 nova
2235 3101 2357 3158 quae

778 3195 1048 3249 audierat.
1079 3190 1374 3261 proiihetas
1404 3189 1459 3241 in
1487 3187 1725 3241 medium
1756 3184 2006 3255 producit
2033 3183 2123 3253 qui
2152 3185 2216 3236 de
2241 3182 2355 3251 ipsa

2439 627 2697 700 Χριστοῦ,
2727 627 2805 690 ὡς
2821 625 2914 678 τοῦ
2930 623 3052 676 τότε
3069 618 3265 690 καιροῦ
3289 619 3355 688 τῇ
3382 614 3644 680 επιδείξει
3664 613 3777 667 τῶν
3808 613 4026 676 πόνων,

2441 718 2646 783 πολλὴν
2673 715 2774 786 τὴν
2801 713 3052 766 εὔκλειαν
3071 711 3186 771 τοῖς
3218 703 3669 776 διηγωνισμένοις
3701 700 4033 769 παρεξομέ-

2439 827 2552 864 νου.
2580 804 2914 878 Προστίθησι
2938 803 3072 855 δέτι
3115 802 3212 854 καὶ
3255 799 3384 852 ἄλλο
3435 794 3828 864 ἐφελκυστικδν
3882 794 4030 862 πρὸς

2437 903 2539 967 τὴν
2573 898 2855 968 ὑπομονὴν
2877 896 2986 948 τῶν
3010 892 3263 961 θλίψεων.
3295 891 3362 942 Ti
3382 887 3543 941 τοῦτο
3570 903 3588 951 ;
3611 885 3706 948 Th,
3739 903 3758 936 ε
3802 886 4034 937 Ὃνοὺκ

2439 991 2662 1055 εἰδότες,
2696 990 2948 1056 ἀγαπᾶτε
2979 989 3126 1056 ἄρτι.
3163 1002 3184 1036 s
3227 983 3292 1037 El
3327 981 3436 1051 γὰρ
3491 980 3592 1033 οὐκ
3615 979 3818 1040 εἰδότες
3855 977 4032 1030 αὐτὸν

2439 1081 2739 1151 ὀφθαλμοῖς
2771 1078 2973 1150 σαρκὸς
2994 1081 3058 1131 ὲκ
3106 1075 3275 1146 μόνης
3335 1071 3508 1141 ἀκοῆς
3554 1071 3830 1138 ἀγαπᾶτε,
3859 1071 4027 1137 φησὶ,

2444 1179 2698 1230 σκοπεῖτε
2718 1174 2852 1242 ὅσην
2871 1172 3096 1239 ἀγάπην
3119 1166 3454 1233 ἔπιδείξεσθε
3487 1163 3689 1226 ἰδόντες
3715 1163 3903 1223 αὐτὸν,
3924 1161 4035 1212 καὶ

2441 1265 2616 1322 ταῦτα
2654 1268 2710 1318 ἐν
2731 1263 2858 1334 δόξῃ
2887 1260 3433 1329 ὰποκαλυπτόμενον.
3462 1257 3524 1309 Εἰ
3570 1256 3680 1323 γὰρ
3736 1253 3798 1306 τὺ
3846 1251 4034 1313 πάθος

2443 1357 2612 1413 αὑτοῦ
2663 1356 2835 1420 οὕτως
2897 1356 3042 1424 ὑμᾶς
3101 1352 3474 1414 ἐπεσπάσατο,
3527 1347 3582 1401 τί
3641 1343 3751 1416 ἆρα
3804 1343 4034 1411 διαθείη

2444 1451 2589 1520 ὑμᾶς
2609 1452 2642 1519 ἡ
2679 1447 2820 1518 μετὰ
2850 1445 3262 1517 ἀνυπερελήτου
3293 1441 3676 1512 λαμπρότητος
3726 1437 4035 1503 ἐπιφάνεια.

2444 1543 2635 1605 αὐτοῦ,
2678 1543 2768 1594 ὅτε
2797 1540 2894 1592 καὶ
2933 1539 3062 1608 ὑμῖν
3109 1535 3366 1607 παράσχῃ
3398 1533 3459 1586 τὸ
3512 1533 3683 1601 γέρας
3742 1527 4033 1596 σωτηρίαν

2444 1635 2634 1705 ψῦχῶν
2662 1650 2678 1694 ;
2713 1635 2800 1695 Ὠς
2834 1632 2927 1686 οὖν
2943 1630 3170 1698 τοιούτῳ
3202 1624 3596 1697 ἑμφανίζησθε,
3623 1621 3911 1691 μέλλοντες
3933 1618 4037 1669 καὶ

2445 1729 2604 1794 δόξης
2639 1727 2898 1796 τοιαύτης
2947 1722 3269 1791 ἀξιωθῆναι,
3328 1719 3622 1788 ἰσόρροπον
3680 1714 3873 1766 τούτου
3931 1709 4037 1761 νῦν

2449 1817 2852 1884 ἐπιδειξάμενοι
2877 1813 3198 1882 καρτερίαν,
3225 1810 3286 1862 τὸ
3315 1810 3423 1861 πᾶν
3453 1805 3605 1869 ἕξετε
3665 1801 3761 1857 τοῦ
3823 1815 4036 1870 προτε-

2374 1910 2416 1966 ιι
2449 1907 2634 1967 θέντος
2661 1903 2893 1958 σκοποῦ.

2521 1995 2659 2064 Περὶ
2690 1990 2764 2065 ἧς
2792 1990 3087 2057 σωτηρίας
3142 1985 3509 2050 ἐξεζήτησαν
3560 1980 3658 2034 καὶ
3702 1979 4039 2046 ὲξηρεύνη-

2451 2105 2574 2143 σαν
2638 2084 2954 2155 προφῆται,
2993 2086 3047 2136 οὶ
3098 2079 3231 2149 περὶ
3303 2077 3414 2144 τῆς
3471 2081 3561 2142 εις
3623 2071 3781 2142 ὑμᾶς
3864 2070 4039 2141 χάρι-

2453 2198 2556 2246 τος
2614 2179 3167 2247 προφητεύσαντες,
3222 2169 3580 2240 ἐρευνῶντες
3636 2168 3722 2231 εις
3795 2165 3934 2216 τίνα
3991 2160 4037 2229 ἦ

2453 2271 2628 2325 ποῖον
2656 2268 2862 2336 καιρὸν
2880 2267 3104 2332 ἐδήλου
3143 2266 3208 2317 τὸ
3246 2264 3316 2316 ἐν
3363 2258 3567 2335 αὐτοῖς
3603 2257 3840 2324 πνεῦμα
3895 2256 4038 2321 Χρι-

2453 2363 2604 2425 στοῦ
2641 2360 3212 2431 προμαρτυρόμενον
3243 2356 3317 2407 τὰ
3381 2355 3468 2417 εις
3523 2350 3786 2418 Χριστὸν
3840 2343 4042 2409 παθή-

2449 2471 2606 2523 ματα
2636 2453 2736 2506 καὶ
2765 2455 2871 2518 τὰς
2892 2467 3043 2520 μετα
3074 2447 3261 2500 ταῦτα
3290 2445 3498 2508 δόξας.
3569 2437 3671 2506 Οἷς
3725 2439 4044 2493 ἀπεκαλὺ-ι

2454 2549 2595 2613 φθη,
2626 2545 2714 2597 ὅτι
2745 2546 2858 2611 οὺχ
2903 2539 3169 2605 ἑαυτοῖς,
3191 2539 3333 2608 ἡμῖν
3363 2536 3429 2590 δὲ
3463 2535 3792 2601 διηκόνουν
3851 2529 4037 2589 αὐτὰ,

2454 2635 2629 2690 ᾶνῦν
2653 2637 2953 2705 εὐηγτέλη
3010 2633 3174 2702 ὑμῖν.
3222 2632 3324 2685 Διὰ
3380 2629 3500 2682 τῶν
3565 2621 4044 2693 εὐαγγελισαμέ-

2455 2746 2579 2782 νων
2599 2727 2774 2798 ὑμᾶς,
2811 2729 2881 2780 ἐν
2924 2727 3223 2794 Πνεύματι
3266 2723 3412 2790 ἁγίῳ
3479 2715 3888 2774 ἀποσταλέντι
3926 2711 4039 2766 ἀπ’

2455 2820 2738 2890 οὐρανοῦ,
2756 2822 2843 2883 εὶς
2871 2817 2909 2872 ἅ
2935 2816 3338 2887 ἐπιθυμοῦσιν
3369 2813 3612 2882 ἄγγελοι
3649 2806 4035 2876 παρακῦψαι.

2543 2996 2794 3050 Ἐπειδὰν
2826 2995 2955 3065 περὶ
2974 2991 3156 3064 ψυχῆς
3188 2990 3464 3060 σωτηρίας
3495 2984 3766 3057 ὲμνήσθη,
3815 2979 4042 3048 αῦτηδδ

2457 3086 2654 3158 ἄδηλος
2693 3088 2790 3140 καὶ
2817 3084 3104 3151 ξενίζουσα
3164 3081 3263 3150 τὴν
3311 3080 3505 3148 ἀκοὴν,
3563 3077 3691 3138 τοὺς
3740 3073 4045 3143 προφήτας·

2460 3181 2698 3250 παράγει
2730 3180 2825 3230 καὶ
2849 3177 3182 3246 ἐζητηκότας
3213 3175 3309 3226 καὶ
3329 3170 3702 3242 ἠρευνηκότας
3756 3166 3886 3234 περὶ
3939 3164 4046 3214 αὺ-

779 3285 1154 3354 exquisierunt
1199 3298 1263 3335 ac
1309 3279 1534 3335 scrutati
1568 3286 1715 3332 sunt.
1752 3276 2033 3345 Siquidem
2050 3245 2129 3328 de
2159 3245 2351 3327 futuris

2459 3245 2578 3338 τῆς.
2616 3271 2727 3323 Καὶ
2765 3271 2873 3337 γὰρ
2914 3245 3206 3335 ἐζήτησαν,
3267 3263 3455 3332 ὥσπερ
3501 3259 3700 3328 Δανιὴλ
3737 3258 3866 3325 περὶ
3924 3252 4042 3305 τῶν

779 3376 1156 3446 exquisicrunt
1189 3391 1204 3427 :
1251 3369 1706 3441 quemadmodum
1737 3367 1946 3433 Daniel,
1973 3367 2066 3436 qui
2093 3366 2163 3420 ob
2197 3365 2246 3418 id
2277 3363 2357 3417 vir

782 3468 1176 3522 desideriorum
1208 3475 1433 3519 vocatus
1461 3469 1543 3515 est
1564 3461 1632 3515 ab
1659 3461 1854 3530 angelo
1895 3501 1910 3524 ,
1940 3459 2032 3526 qui
2062 3457 2225 3512 dabat
2252 3453 2358 3523 ipsi

780 3562 963 3615 divina
1014 3573 1293 3628 responsa.
1335 3555 1400 3609 Et
1444 3555 1574 3624 quid
1617 3552 1979 3622 inquisierint,
2029 3547 2306 3617 subiungit
2342 3563 2357 3603 :

789 3653 904 3705 'sAd
933 3651 1078 3720 quod
1105 3649 1182 3702 vel
1203 3647 1467 3716 ejusmodi
1487 3654 1701 3713 tempus
1718 3642 2048 3713 signiﬁcaret
2065 3639 2224 3709 quiin
2256 3637 2362 3691 illis

782 3753 898 3798 erat
922 3740 1217 3811 spiritus‘a
1243 3740 1323 3792 Ad
1347 3742 1514 3807 quod,
1534 3751 1730 3805 nempe
1750 3731 2234 3788 consummationis
2254 3745 2358 3783 see-

785 3833 894 3886 culi
911 3849 924 3888 :
944 3829 1249 3900 cuiusmodi
1263 3842 1414 3892 vero,
1435 3835 1558 3895 puta
1571 3840 1695 3879 cum
1711 3824 1879 3879 Judaei
1895 3838 1991 3893 per
2009 3820 2361 3887 variascapti-

787 3925 982 3978 vitales
998 3923 1062 3975 ad
1083 3919 1380 3991 perfectum
1398 3917 1491 3971 Dei
1512 3917 1718 3971 cultum
1741 3915 2098 3975 declinantes,
2118 3919 2366 3979 accepta-

787 4015 912 4068 bilis
953 4026 1147 4066 sensus
1181 4025 1196 4064 :
1236 4007 1400 4080 587
1449 4007 1516 4060 ad
1554 4006 1764 4059 Christi
1809 4001 2125 4073 mysterium
2157 3998 2363 4053 consti-

789 4114 1096 4160 tuerentur.
1121 4102 1512 4156 Animadverte
1532 4107 1711 4153 autem
1737 4098 1883 4166 quod
1915 4094 2142 4164 spiritus
2163 4090 2366 4151 Christi

792 4207 976 4265 aperte
1035 4197 1352 4267 speculatur
1399 4208 1464 4247 ac
1490 4191 1711 4246 disserit
1738 4190 1804 4244 de
1831 4188 2067 4243 Christo.
2088 4185 2370 4254 Signiﬁca-

792 4289 1086 4342 batautem
1109 4286 1199 4340 hic
1222 4285 1462 4355 Spiritus
1482 4278 2041 4342 aﬂlictionesChristi,
2066 4291 2162 4346 per
2179 4273 2368 4328 lsaiam

791 4382 1014 4450 quidem
1060 4379 1251 4433 dicens
1298 4394 1311 4430 :
1373 4395 1392 4428 ι
1439 4375 1720 4443 Tanquam
1767 4373 1886 4427 ovis
1933 4371 1998 4425 ad
2039 4369 2369 4424 occisionem

796 4476 992 4524 ductus
1021 4471 1162 4524 est”.
1212 4489 1230 4520 ε
1271 4467 1372 4521 Per
1400 4466 1688 4521 Jeremiam
1721 4481 1851 4519 vero
1884 4482 1898 4517 :
1941 4482 1959 4516 (
2006 4462 2220 4522 Venite,
2250 4461 2373 4514 mit-

2465 3364 2789 3432 μελλόντων,
2807 3360 2863 3422 ὃς
2883 3361 2978 3411 καὶ
2995 3358 3082 3410 διὰ
3108 3356 3286 3413 τοῦτο.
3315 3355 3455 3424 ἀνὴρ
3484 3350 3792 3420 ἐπιθυμιῶν
3823 3346 4042 3414 ἐκλήθη

2464 3456 2569 3508 ὑπὸ
2584 3453 2678 3506 τοῦ
2709 3450 3144 3522 χρηματίζοντος
3163 3446 3311 3517 αὑτῷ
3340 3444 3596 3514 ἀγγέλου.
3633 3439 3813 3494 Καὶτί
3837 3438 4042 3503 ἐζήτη-

2467 3563 2587 3607 σαν,
2623 3547 2838 3611 ἐπάγει·
2873 3563 2890 3593 ι
2917 3544 3012 3605 Εἰς
3042 3541 3161 3593 τίνα
3204 3539 3236 3609 ἢ
3270 3540 3421 3590 ποῖον
3453 3535 3647 3605 καιρὸν
3671 3532 3862 3600 ἐδήλου
3896 3529 3959 3580 τὺ
3981 3531 4044 3578 ιδ

2465 3637 2646 3698 αὐτοῖς
2668 3635 2912 3704 Πνεῦμα.
2943 3653 2961 3685 ι
3012 3634 3106 3694 Εἰς
3150 3631 3271 3684 τίνα
3313 3629 3548 3701 μὲν,τδν
3588 3627 3684 3678 ἐπὶ
3730 3619 4043 3688 συντελείᾳ,

2467 3735 2618 3782 ποῖον
2645 3730 2721 3792 δὲ,
2754 3731 2844 3780 τὸν
2878 3729 2966 3780 ὅτε
2986 3729 3104 3787 ταῖς
3135 3723 3413 3792 διαφόροις
3473 3716 3874 3788 αξχμαλωσίαις
3932 3712 4048 3762 τῶν

2479 3825 2750 3878 Ἰουδαίων
2777 3823 2913 3894 πρὸς
2955 3819 3195 3887 παντελῆ
3245 3816 3559 3870 θεοσέϐειαν
3605 3809 4045 3867 ἁποκλινάντων,

2468 3918 2868 3989 εὖπαράδεκτοι
2896 3914 3241 3982 κατέκτησαν
3273 3911 3352 3972 εἰς
3381 3908 3443 3961 τὸ
3475 3907 3616 3960 κατὰ
3666 3902 3902 3973 Χριστὸν
3942 3918 4051 3968 μοι

2471 4014 2710 4081 στήριον.
2759 4007 2960 4061 Σκόπει
3021 4005 3077 4056 δὲ
3143 4004 3225 4056 ὅτι
3292 4000 3506 4067 πνεῦμα
3558 3995 3791 4066 Χριστοῦ
3821 3995 4052 4062 signati;

2472 4103 2714 4170 θεολογιῖ
2742 4102 2833 4152 τὶν
2850 4097 3110 4168 Χριστόν.
3159 4093 3378 4164 Ἐδήλου
3408 4092 3465 4145 δὲ
3498 4089 3656 4143 τοῦτο
3697 4088 3759 4141 τὸ
3824 4085 4054 4152 πνεῦμα

2471 4197 2540 4248 τὰ
2565 4195 2715 4262 πάθη
2744 4191 2839 4244 τοῦ
2869 4176 3132 4260 Χριστόῦ,
3161 4187 3247 4238 διὰ
3282 4185 3382 4254 μὲν
3432 4182 3656 4236 Ἥσαῖου
3678 4179 3852 4232 εἰπόν.
3891 4196 3911 4227 ι
3960 4177 4055 4238 Ὡς

2474 4284 2747 4355 πρόϐατον
2780 4281 2874 4332 ἐπὶ
2933 4277 3150 4345 σφαγὴν
3209 4276 3374 4344 ἤχθη.
3413 4291 3431 4323 ι
3492 4272 3592 4324 Διὰ
3649 4269 3706 4321 δὲ
3752 4266 4052 4336 Ἰερεμξουο

2479 4396 2496 4427 ι
2528 4375 2715 4434 Δεῦτε,
2744 4370 3183 4440 καὶὲμεάὶωμεν
3203 4367 3356 4431 ξύλον
3388 4367 3466 4426 εἰς
3497 4364 3586 4416 τὸν
3613 4365 3775 4432 ἄρτον
3803 4358 3995 4412 αὑτοῦ.
4031 4375 4050 4407 ε

2473 4469 2585 4536 Τὴν
2609 4467 2665 4517 δὲ
2691 4466 2987 4517 ἀνάστασιν
3015 4461 3101 4513 διὰ
3133 4458 3309 4528 Ὠσῃέ·
3350 4477 3366 4508 ι
3421 4457 3499 4525 Τῇ
3527 4456 3712 4525 ἡμέρᾳ
3767 4455 3832 4522 τῇ
3889 4451 4058 4520 τρίτῃ

796 4573 976 4616 tamus
1005 4562 1208 4630 lignum
1240 4559 1292 4612 in
1324 4574 1515 4628 panem
1546 4558 1716 4626 eius'.
1761 4574 1780 4607 ι
1819 4556 1986 4610 Porro
2017 4553 2351 4608 resurrectio

2474 4555 2898 4625 ἀναστησόμεθα
2948 4553 3190 4604 ἐναντίον
3240 4548 3428 4610 αὑτοῦ,
3491 4549 3589 4599 καὶ
3635 4545 3900 4612 διώξομεν
3954 4543 4057 4594 τοῦ

796 4664 922 4702 nem
961 4664 1057 4717 per
1099 4647 1238 4701 Osee
1277 4667 1289 4700 :
1332 4665 1349 4696 ι
1394 4645 1578 4699 Tertio
1609 4645 1692 4698 die
1722 4644 2173 4698 resuscitabimur
2197 4659 2351 4698 eoran

2477 4652 2683 4720 γνῶναι
2714 4650 2805 4700 τδν
2842 4647 3068 4716 Κύριον,
3114 4644 3190 4707 ὼς
3220 4643 3414 4713 δρορον
3470 4642 3689 4710 ἕτοιμον
3744 4639 4061 4705 εὑρήσομεν

798 4753 908 4802 eo,
961 4747 1018 4791 et
1065 4752 1460 4807 prosequemur
1509 4745 1569 4789 ut
1618 4749 2008 4805 cognoscamus
2052 4733 2337 4788 Dominum

2477 4740 2661 4794 αὐτόν.
2707 4756 2725 4788 ι
2762 4733 3150 4801 Ἀπεκαλύξρθη
3201 4733 3257 4784 δέ
3301 4747 3434 4799 φησι
3471 4729 3704 4792 τούτοις,
3752 4729 3812 4781 οὐ
3838 4725 3905 4778 δι’
3935 4728 4064 4778 tam

801 4838 1064 4898 tanquam
1089 4827 1400 4891 diluculum
1437 4837 1683 4898 paratum
1716 4825 2060 4880 inveniemus
2089 4826 2317 4895 ipsum’.

2476 4833 2624 4895 τοὺς,
2654 4829 2790 4883 ἀλλὰ
2833 4828 2898 4880 δι’
2933 4827 3096 4896 ὑμᾶς.
3135 4822 3239 4878 Δύο
3276 4823 3332 4876 δὲ
3381 4822 3552 4876 ταῦτα
3587 4822 3678 4874 διὰ
3718 4820 3927 4873 τούτων
3960 4821 4062 4885 ἑρ-

803 4919 900 4974 His
924 4933 1104 4975 θυίαν
1134 4920 1436 4973 revelatum
1476 4928 1560 4973 est
1586 4933 1697 4972 non
1727 4924 1946 4986 propter
1983 4931 2061 4980 se,
2093 4917 2186 4970 sed
2216 4933 2351 4987 proli

2481 4925 2704 4993 γάζεται
2731 4922 2840 4974 τῶν
2868 4919 3065 4987 λόγων,
3095 4918 3156 4970 τό
3183 4933 3242 4970 τε
3265 4916 3547 4986 προμηθὲς
3598 4915 3708 4966 τῶν
3759 4911 4063 4982 προφητῶν

803 5021 886 5066 ter
923 5027 1038 5066 vos.
1068 5010 1337 5065 Caeterum
1366 5009 1484 5065 hac
1517 5010 1626 5064 duo
1655 5008 1782 5063 facit
1804 5009 1890 5063 his
1920 5009 2287 5073 sermonibus,
2325 5027 2351 5064 c

2480 5015 2913 5085 ἐνδεικνύμενος,
2954 5014 3052 5067 καὶ
3080 5015 3140 5063 τι
3171 5013 3254 5064 ὅτι
3284 5008 3724 5079 προεωσμένοι
3765 5003 3907 5077 ἦσαν
3937 5005 4063 5073 Θεῷ

805 5103 1198 5174 praphctarum
1246 5103 1488 5158 ostendit
1537 5101 1954 5172 providentiam,
1984 5110 2038 5155 et
2079 5101 2223 5172 quod
2253 5110 2351 5156 antu

2485 5106 2794 5176 καταϐολῆς
2833 5105 3044 5174 κόσμου
3074 5104 3126 5155 οἱ
3156 5099 3252 5154 νῦν
3300 5101 3595 5170 κληθέντες
3647 5100 3730 5163 εἰς
3776 5099 3878 5168 τὴν
3915 5098 4064 5150 κατὰ

809 5195 1092 5250 conditum
1119 5195 1380 5248 mundum
1414 5195 1523 5247 Deo
1554 5192 1866 5264 praecogniti
1895 5202 2051 5248 erant
2082 5193 2175 5263 qui
2204 5204 2351 5248 vocat

2483 5199 2724 5268 Χριστὸν
2764 5198 2968 5252 πίστιν.
3022 5196 3123 5250 Διά
3173 5195 3273 5265 μὶν
3319 5194 3411 5248 οῦν
3457 5192 3554 5246 τοῦ
3609 5192 3717 5246 τῶν
3762 5189 4066 5262 προφητῶν

802 5303 952 5342 nunc
988 5296 1119 5342 sunt
1151 5287 1218 5341 ad
1254 5287 1458 5340 Christi
1490 5285 1672 5340 ﬁdem.
1702 5283 1982 5354 Siquidem
2014 5300 2112 5355 per
2144 5286 2351 5355 prophe

2486 5288 2807 5360 προμηθοῦς
2869 5289 3052 5356 ἐνάγει
3107 5286 3426 5357 abrumpi;
3463 5283 3707 5346 ἀπειθῶς
3745 5283 4067 5349 διατεθῆναι

806 5389 986 5433 tarum
1018 5376 1418 5447 providentiam
1460 5376 1670 5430 inducit
1713 5391 1829 5435 eos.
1873 5390 1943 5429 ne
1975 5376 2239 5430 increduli
2273 5377 2351 5430 sin

2487 5379 2623 5448 πρὸς
2653 5379 2721 5432 τὰ
2750 5379 2855 5431 ὑπὸ
2883 5378 2993 5430 τῶν
3032 5377 3329 5447 προφητῶν
3372 5377 3558 5437 αὐτοῖς
3592 5373 4066 5444 πεφροντισμὲνα,

805 5470 893 5524 his
920 5483 1153 5538 quorum
1184 5467 1469 5538 prOpbetis
1509 5482 1700 5537 magna
1739 5466 1841 5521 luit
1871 5482 2000 5521 cura
2030 5468 2095 5521 ad
2134 5468 2351 5537 ipsorun

2486 5474 2569 5526 ὅτι
2598 5472 2733 5543 μηδὲ
2767 5473 2874 5524 υἱοὶ
2907 5470 3123 5540 σῶφρον
3137 5487 3194 5534 ες
3243 5470 3528 5541 πατρικῶν
3562 5470 3741 5522 πόνων
3789 5483 4070 5537 καταφρο-

808 5561 1101 5614 utilitatem
1130 5577 1144 5614 :
1173 5561 1299 5629 quia
1328 5575 1431 5613 nec
1462 5558 1557 5614 ﬁlii
1588 5559 1888 5629 prudentes
1907 5569 2165 5629 paternos
2198 5561 2351 5630 despi

2489 5564 2729 5618 νοῦνται.
2768 5565 2830 5616 El
2867 5564 2975 5632 γὰρ
3006 5564 3164 5618 αὐτοὶ
3203 5563 3369 5633 μηδὲν
3421 5564 3719 5634 δνήσασθαι
3778 5561 4069 5632 μέλλοντος

809 5654 965 5709 ciunt
1011 5653 1243 5708 labores.
1282 5651 1495 5708 Etenim
1542 5653 1588 5708 si
1635 5653 1751 5707 haec
1797 5649 1898 5721 ipsi
1946 5653 2279 5721 quarsierunt
2330 5669 2351 5706 e

2493 5655 2769 5724 ἐζήτησαν
2796 5657 2891 5709 καὶ
2909 5648 3087 5724 εὖρον,
3122 5654 3218 5708 καὶ
3249 5653 3506 5725 εὑρόντες
3565 5652 3796 5722 βιϐλίοις
3845 5652 4071 5720 truri-

885 5852 910 5885 "
941 5850 1076 5906 Dan.
1107 5867 1181 5919 Ix,
1209 5852 1301 5910 εὖ.

1379 5854 1397 5884 ⁷
1423 5855 1668 5921 Isthmi,
1705 5855 1757 5909 7.
1835 5856 1855 5888 ⁸
1888 5856 2089 5911 .irrrm.
2130 5873 2207 5923 si,
2250 5856 2336 5911 19.
2413 5857 2434 5889 ’
2459 5854 2595 5913 Osce
2639 5875 2718 5925 τι,
2749 5858 2802 5912 ε.
