4178 6454
763 441 866 502 523

761 648 905 717 quod
961 661 1053 699 eos
1105 646 1195 715 qui
1259 645 1455 699 mentis
1520 651 1667 698 sunt.
1721 644 1798 698 lta
1861 660 1988 714 ergo
2023 646 2342 715 praeparati,

763 737 960 806 inquit,
1005 735 1170 789 sobrii
1222 736 1459 805 perfecte
1501 745 1715 804 sperate
1755 735 1807 786 in
1849 750 1967 788 eam
1998 735 2165 804 489
2224 749 2344 804 quae

763 829 828 882 ad
877 843 972 880 vos
1026 827 1269 880 defertur
1316 827 1566 894 gratiam.
1603 825 1770 877 Porro
1815 824 1918 878 hoc
1961 835 2044 879 est
2085 827 2229 894 quod
2272 827 2347 880 ait

763 919 925 975 etiam
974 918 1134 988 paulo
1175 925 1325 979 ante,
1361 917 1504 970 circa
1547 915 1848 969 secundum
1891 915 2105 970 Domini
2141 918 2346 971 adven-

764 1022 902 1067 tum.
934 1011 1229 1067 Considera
1270 1025 1400 1063 vero
1445 1010 1588 1079 quod
1625 1023 1734 1061 non
1767 1008 2089 1077 simpliciter
2121 1010 2341 1072 dixerit,

761 1102 962 1166 Sobrii,
992 1102 1083 1154 sed
1109 1101 1340 1164 addidit,
1387 1100 1648 1169 perfecte,
1681 1100 1832 1167 quasi
1879 1099 1962 1152 lex
2005 1107 2224 1152 tenuem
2279 1114 2346 1152 ac

762 1193 1208 1247 introductoriam
1254 1192 1598 1246 sobrietatem
1631 1191 1944 1259 pratbucrit.
1979 1191 2330 1262 Συσχηματί-

760 1287 875 1351 ζειν
919 1293 1099 1339 autem
1151 1283 1282 1336 dicit
1326 1281 1670 1336 conformare
1715 1292 1768 1336 et
1814 1285 2227 1337 accommodare
2273 1299 2331 1338 se

763 1377 1138 1448 ptiesentibus.
1173 1375 1284 1428 lloc
1327 1382 1510 1428 autem
1539 1384 1623 1428 est
1652 1375 1794 1443 quod
1831 1391 1978 1428 nunc
2008 1391 2223 1445 quoque
2252 1377 2334 1429 di—

761 1478 892 1523 cunt
923 1469 1168 1522 nonnulli
1205 1468 1525 1537 insipientes
1558 1484 1572 1522 :
1605 1465 1789 1521 Rebus
1815 1483 1876 1520 ac
1903 1470 2134 1538 negotiis
2165 1479 2214 1522 te
2245 1484 2334 1523 ac-

760 1562 1061 1614 commoda.
1099 1559 1320 1614 Talibus
1356 1560 1520 1630 igitur
1551 1559 1882 1612 vanitatibus
1917 1560 2336 1629 renuntiareju-

762 1654 851 1705 hct
909 1669 922 1706 :
987 1651 1100 1704 sive
1173 1660 1330 1704 antea
1399 1650 1635 1705 scientes
1701 1666 1762 1704 ac
1817 1651 2156 1719 prudentes,
2221 1653 2335 1706 sive

1832 444 2229 505 GEtIUMENII
2271 444 2559 504 TllICC.'E
2604 445 2938 506 EPISCOt‘I

765 570 841 614 tu:
873 560 932 611 “.
987 557 1184 622 Quales
1227 565 1407 609 autem
1467 552 1679 607 lumbos
1729 553 2148 623 significaverit,
2197 553 2327 608 dicit

2442 570 2538 622 γει.
2576 553 2762 618 Οῦτως
2805 550 2899 606 οῦν
2967 556 3497 625 παρεσκευασμένοι,

3556 574 3628 626 gr;
3640 557 3685 608 sl
3695 597 3708 620 ,
3761 558 4020 625 νήφοντες

2439 644 2664 707 τελείως
2693 646 2952 698 ἐλπίσατε
2994 647 3090 698 ἐπὶ
3139 648 3239 713 τὴν
3288 646 3593 716 φερομένην
3620 649 3747 716 ύμῖν
3816 649 4016 718 χαράν·

2440 736 2577 806 αῦτη
2601 737 2656 789 δέ
2683 741 2832 790 ἐστιν
2862 739 2927 808 ἢν
2950 739 3044 791 καὶ
3096 737 3202 806 πρὸ
3238 737 3466 808 βραχέος
3511 737 3667 805 φησὶ,
3718 738 3863 788 κατά
3919 738 4022 807 τὴν

2439 829 2699 898 δευτέραν
2737 830 2830 881 τοῦ
2872 830 3082 900 Κυρίου
3119 829 3452 900 παρουσίαν.
3488 829 3688 880 Σκόπει
3715 828 3776 880 δὲ
3815 830 4023 898 suos;

2437 919 2624 982 ἁπλῶς
2648 915 2791 984 εἷπε,
2821 921 2866 972 Ν
2875 924 3120 989 ήφοντες,
3142 921 3277 973 ἀλλά
3297 960 3312 984 ,
3349 919 3589 984 τελείως,
3616 919 3691 982 ὡς
3733 919 3826 972 τοῦ
3851 922 4022 990 νόμου

2439 1009 2685 1080 ἀμυδρὰν
2714 1010 2897 1074 αὐτοῖς
2922 1011 3082 1082 νῆψιν
3147 1012 3565 1081 παρασχομένου
3597 1012 3691 1064 καὶ
3723 1013 4025 1078 εἰσαγωγι-

2440 1104 2561 1171 κήν.
2617 1104 3075 1175 Συσχηματισμδν
3137 1106 3193 1158 δὲ
3253 1105 3350 1174 τὴν
3414 1105 3835 1174 συμπεριφοράν
3887 1122 4026 1174 φησι

2438 1194 2535 1263 τὴν
2564 1195 2698 1263 πρὸς
2731 1196 2799 1247 τὰ
2824 1197 3086 1264 παρόντα.
3110 1196 3279 1250 Τοῦτο
3330 1197 3388 1248 δέ
3422 1199 3570 1249 ἐστιν
3629 1197 3658 1248 ὃ
3709 1214 3856 1258 τινες
3914 1197 4026 1248 τῶν

2441 1287 2682 1356 ἀνοήτων
2711 1288 2805 1341 καὶ
2839 1289 2934 1341 νῦν
2963 1306 3148 1356 φασιν.
3189 1290 3271 1344 δτι
3299 1289 3442 1359 Πρὸς
3472 1291 3540 1343 τά
3572 1290 3878 1359 πράγματα
3907 1290 4026 1343 διο.-

2448 1377 2619 1443 γίνου.
2648 1379 2781 1441 Ταῖς
2813 1374 2905 1432 οὖν
2924 1381 3206 1445 τοιαύταις
3232 1381 3588 1450 ματαιότησιν
3605 1383 4027 1450 ἀπειπαμένους

2443 1469 2674 1533 κελεύει,
2699 1471 2809 1524 εἴτε
2835 1473 2892 1522 ἐν
2911 1472 3132 1538 γνώσει,
3148 1473 3255 1525 εἴτε
3280 1473 3375 1525 καὶ
3393 1475 3449 1524 έν
3465 1473 3657 1543 ἀγνοίᾳ
3671 1473 3901 1534 ταύταις
3919 1473 4028 1540 πρὸ

2440 1561 2630 1614 τούτου
2653 1563 3030 1633 ἐνεσχέθησαν.
3068 1565 3227 1617 Ἀλλά
3247 1564 3341 1617 νῦν
3361 1565 3488 1631 γοῦν
3511 1563 3587 1631 τῷ
3607 1565 3900 1616 καλέσαντι
3931 1581 4027 1616 συ-

2441 1636 2912 1723 σχηματιζόμενοι
2952 1656 3094 1726 ἁγίῳ
3126 1656 3260 1716 ὄντι,
3292 1656 3437 1722 ἆγιοι
3462 1656 3557 1708 καὶ
3592 1656 3748 1708 αύτοὶ
3778 1655 4024 1721 γίνεσθε.

762 1745 1072 1816 ignorantes
1119 1745 1202 1798 his
1257 1741 1609 1796 adhaeserint.
1663 1741 1767 1795 Sed
1817 1758 1983 1808 nunc,
2037 1743 2235 1811 inquit,
2285 1743 2335 1796 ei
2371 1743 2461 1813 qui
2508 1761 2604 1799 vos
2648 1747 2862 1799 vocavit
2910 1755 2965 1801 et
3004 1761 3133 1801 vere
3174 1755 3398 1802 sanctus
3469 1756 3553 1800 est
3617 1745 4026 1815 configurantes

762 1857 876 1902 \os.
902 1857 965 1893 ac
991 1840 1197 1893 similes
1225 1847 1570 1908 praestantes,
1596 1839 1695 1908 ipsi
1717 1854 1932 1907 quoque
1961 1841 2136 1892 sancti
2166 1849 2358 1895 estote.

831 1938 870 1999 Ι,
907 1937 1092 1990 1749.
1138 1935 1204 1988 Et
1236 1937 1279 1988 si
1305 1935 1522 1989 Patrem
1555 1936 1810 1988 invocatis
1837 1936 2172 2002 judicantem
2201 1938 2334 1987 citra

2513 1935 2620 1990 Καὶ
2657 1939 2707 1989 εἰ
2745 1935 2975 2002 Πατέρα
3013 1935 3399 1989 ἐπικαλεῖσθε
3448 1937 3552 1989 τὸν
3582 1937 4028 2006 ἀπροσωπολή-

761 2046 1101 2099 personarum
1140 2028 1396 2081 delectum
1430 2027 1588 2095 juxta
1623 2028 1872 2096 cujusque
1898 2045 2044 2096 opus,
2070 2029 2124 2080 in
2158 2030 2340 2080 timore

761 2129 1158 2182 conversantes,
1207 2118 1467 2170 incolatus
1516 2119 1670 2170 vestri
1718 2128 1916 2186 tempus
1966 2118 2269 2185 transigam
2321 2131 2338 2167 :

761 2230 877 2266 cum
903 2212 1082 2264 sciatis
1111 2211 1248 2280 quod
1275 2227 1374 2262 non
1401 2211 1611 2262 caducis
1640 2210 1811 2273 rebus,
1839 2209 1973 2261 velut
2005 2218 2224 2278 argento
2248 2216 2338 2260 aut

760 2319 893 2356 auro
957 2303 1210 2368 redempti
1263 2301 1382 2352 sitis
1432 2316 1462 2350 a
1522 2315 1657 2351 vana
1706 2308 1877 2351 vestra
1929 2297 2337 2362 conversatione,

761 2413 920 2466 quam
950 2413 1011 2448 ea:
1041 2405 1252 2465 patrum
1293 2393 1578 2446 traditione
1624 2391 1964 2458 accepcratis,
1992 2390 2082 2441 sed
2115 2390 2339 2455 pretioso

761 2488 1038 2556 sanguine,
1073 2503 1253 2554 nempe
1308 2485 1440 2556 tigni
1487 2483 1821 2536 immaculati
1852 2493 1899 2536 ct
1934 2482 2337 2535 incontaminati

763 2577 979 2630 Christi.

833 2669 1070 2722 Collecta
1105 2683 1165 2722 ex
1205 2667 1389 2721 multis
1417 2665 1796 2720 exhortatione
1829 2683 1841 2720 ε
1876 2666 2110 2734 primum
2142 2681 2206 2719 ex
2242 2680 2339 2717 an-

764 2760 895 2828 gelis
918 2759 1009 2828 qui
1027 2757 1354 2812 desideranti
1372 2757 1551 2812 animo
1572 2758 1638 2809 ad
1663 2757 1776 2809 hzec
1791 2756 2099 2810 alIieiuntur
2114 2775 2128 2811 :
2143 2755 2340 2810 deinde

763 2867 827 2903 cx
877 2850 1245 2919 descriptione
1292 2849 1410 2918 ejus
1440 2849 1580 2917 quod
1620 2864 1832 2916 aequum
1872 2859 1955 2902 est
1985 2867 1998 2902 :
2029 2865 2239 2902 rursum
2273 2848 2339 2902 ab

765 2961 830 2997 i-o
867 2944 1010 3012 quod
1045 2942 1411 2995 necessarium
1447 2950 1548 2994 est.
1587 2940 1854 3005 Quoniam
1891 2941 2034 2993 enim
2064 2939 2227 2993 Deum
2255 2941 2339 2993 iu-

767 3044 963 3088 vocant
1011 3035 1225 3087 l’atrcn't
1263 3075 1277 3098 ,
1330 3048 1552 3087 necesse
1609 3041 1690 3085 cst
1744 3041 1801 3084 ut
1851 3031 1940 3101 qui
1991 3032 2336 3100 adoptionem

767 3127 1186 3195 concupiscunt,
1236 3139 1353 3193 qua!
1398 3131 1551 3191 patre
1599 3123 1758 3191 digna
1809 3131 1954 3184 sunt,
1990 3121 2186 3175 faciant
2229 3139 2241 3175 :
2285 3131 2337 3176 et

765 3227 980 3290 quarto,
1023 3216 1277 3285 quoniam
1330 3215 1613 3267 innumera
1660 3223 1989 3283 acceperunt
2039 3215 2199 3277 bona,
2242 3228 2337 3281 per

2442 2042 2598 2090 πτως
2633 2027 2916 2094 κρίνοντα
2941 2026 3091 2078 κατὰ
3113 2025 3182 2077 τὸ
3215 2025 3477 2079 ἑκάστου
3505 2027 3707 2096 ἔργον,
3736 2029 3826 2081 ἐν’
3859 2033 4029 2098 φόϐῳ

2442 2119 2547 2170 τὸν
2576 2117 2684 2184 τῆς
2721 2118 3037 2184 παροικίας
3095 2116 3262 2185 ὑμῶν
3297 2120 3524 2187 χρόνον
3571 2122 4024 2188 ἀναστράφητε,

2439 2209 2685 2274 εἰδότες,
2740 2210 2829 2262 ὅτι
2894 2212 2964 2262 οὐ
3053 2211 3336 2278 φθαρτοῖς
3393 2213 3650 2279 ἀργυρίῳ
3701 2213 3733 2279 ἣ
3793 2215 4033 2282 χρυσίῳ

2439 2299 2808 2366 ἐλυτρώθητε
2834 2300 2901 2352 ἐκ
2935 2301 3044 2365 τῆς
3095 2302 3351 2367 ματαίας
3420 2301 3586 2368 ὑμῶν
3625 2302 4027 2370 ἀναστροφῆς

2441 2391 2985 2458 πατροπαραδότου,
3007 2392 3166 2444 ἀλλὰ
3191 2393 3357 2458 τιμίῳ
3417 2395 3613 2462 αἵματι
3659 2394 3740 2459 ὡς
3802 2395 4032 2462 Ἀμνοῦ

2440 2483 2680 2552 ἀμώμου
2700 2485 2795 2536 καὶ
2828 2484 3092 2536 ἀσπίλου
3134 2484 3410 2552 Χριστοῦ,

2523 2661 2616 2713 Ἐκ
2641 2659 2849 2711 πολλῶν
2872 2659 3238 2730 ποιησάμενος
3266 2660 3365 2731 τὴν
3419 2661 3786 2732 παράκλησιν,
3863 2663 4030 2732 πρῶ-

2440 2768 2530 2803 τον
2563 2752 2650 2803 διὰ
2672 2753 2785 2803 τῶν
2827 2751 3240 2820 ἐπιθυμητικῶς
3285 2753 3418 2822 πρὶς
3464 2753 3601 2804 αὐτὰ
3659 2754 4028 2820 διακειμένων

2441 2843 2709 2909 ἀγγέλων,
2740 2839 2857 2895 εἶτα
2883 2844 2988 2895 ἀπὸ
3015 2845 3106 2895 τοῦ
3141 2844 3438 2913 γραφικού,
3482 2839 3602 2896 εἶτα
3659 2847 3766 2896 ἀπὸ
3797 2844 3890 2897 τοῦ
3922 2846 4022 2896 ἀν-

2440 2933 2694 3002 αγκαίου.
2733 2933 2882 2985 Ἐπεὶ
2921 2935 3025 3003 γὰρ
3052 2935 3142 2986 τὸν
3181 2935 3314 2987 Θεὸν
3348 2934 3736 2988 ἐπικαλοῦνται
3773 2937 4024 3003 Πατέρα,

2439 3026 2654 3095 ἀνάγκη
2678 3027 2803 3088 τοὺς
2862 3026 3216 3094 γλιχομένους
3273 3029 3371 3096 τῆς
3422 3028 3709 3093 υίοθεσίας,
3749 3029 3870 3091 ἀξια
3924 3029 4026 3081 τοῦ

2442 3119 2651 3187 Πατρὸς
2706 3122 2899 3172 ποιεῖν.
2953 3120 3066 3171 Καὶ
3113 3120 3388 3189 τέταρτον,
3448 3121 3528 3171 δτι
3599 3121 3767 3190 μυρία
3823 3120 4022 3172 ἔλαϐον

2440 3211 2640 3278 ἀγαθὰ,
2683 3211 2768 3264 διὰ
2792 3211 2885 3264 τοῦ
2917 3213 3348 3281 καταϐληθέντος
3389 3213 3528 3281 ὑπὲρ
3551 3215 3731 3266 αὐτῶν
3762 3216 4023 3285 τιμήμα-

765 3277 1123 3366 eonstitutum
1153 3306 1402 3377 proipsis
1429 3307 1659 3375 pretium
1689 3324 1702 3360 :
1734 3306 1784 3358 id
1813 3314 1993 3358 autem
2026 3318 2105 3358 cst
2133 3306 2335 3359 Christi

2443 3320 2551 3364 τος.
2583 3302 2758 3370 (τοῦτο
2795 3303 2849 3354 δέ
2879 3305 2993 3354 ἐστι
3013 3304 3071 3354 τὸ
3097 3304 3189 3355 τού
3213 3304 3447 3373 Χριστο]
3487 3301 3647 3372 αἷμα,
3673 3306 3699 3356 ὃ
3729 3323 3779 3356 τι
3806 3323 3911 3374 περ
3936 3310 4038 3357 ἀν.

766 3403 988 3473 sanguis
1005 3401 1093 3470 qui
1127 3400 1178 3452 itt
1211 3399 1440 3468 pretium
1468 3399 1625 3452 datus
1655 3407 1738 3451 est
1767 3414 1863 3466 pro
1899 3398 1982 3451 his
2011 3398 2102 3466 qui
2132 3398 2338 3466 seipsos

768 3496 1002 3563 maligno
1033 3491 1388 3544 vendiderant
1418 3504 1514 3558 per
1545 3496 1848 3557 peccatum.
1883 3487 2008 3541 Post
2042 3488 2155 3540 haec
2184 3488 2337 3555 jubet

767 3595 878 3639 tota
917 3584 1028 3635 vita
1059 3580 1379 3635 continuum
1419 3577 1621 3631 habere
1664 3579 1911 3630 tinorem
1959 3593 1972 3630 :
2014 3592 2119 3629 non
2157 3577 2334 3630 initia-

768 3679 873 3730 lem
914 3675 1085 3734 illum,
1119 3687 1243 3724 nam
1286 3669 1374 3724 hic
1420 3669 1842 3738 subsequentem
1892 3667 2053 3722 habet
2097 3684 2334 3737 poenam,

769 3770 861 3822 sed
903 3765 1224 3835 perfectum.
1260 3761 1446 3814 Timor
1473 3759 1616 3813 enim
1653 3758 1922 3829 perfectos
1950 3769 2166 3813 sanctos
2192 3775 2336 3812 sem-

770 3876 867 3928 per
900 3858 1208 3917 comitatur,
1231 3868 1300 3908 ne
1330 3853 1456 3922 quid
1495 3852 1626 3920 ipsis
1650 3852 1786 3906 desit
1810 3867 1996 3905 eorum
2034 3868 2152 3920 quae
2185 3852 2340 3906 decet

770 3951 967 4006 habere
1016 3946 1305 4016 perfectos.
1352 3943 1647 3998 Considera
1709 3959 1835 3997 vero
1895 3943 2164 4011 quomodo
2213 3958 2336 3996 cum

767 4044 969 4097 dictum
1001 4041 1126 4094 sita
1156 4037 1406 4096 Christo,
1447 4053 1464 4085 ι
1499 4033 1656 4086 Pater
1687 4033 1959 4086 neminem
1983 4033 2208 4101 judicat,
2246 4034 2338 4086 sed

766 4134 1029 4205 judicium
1056 4129 1276 4184 tradidit
1294 4125 1496 4188 Filio",
1523 4143 1541 4175 ι
1575 4140 1719 4178 nunc
1737 4123 2075 4177 dicitPetrus
2094 4125 2339 4192 judicare

768 4231 1003 4282 Patrem.
1037 4222 1116 4276 Ad
1159 4220 1302 4289 quod
1342 4218 1594 4280 dicimus,
1624 4216 1766 4284 quod
1817 4231 1923 4268 non
1964 4226 2138 4285 potest
2172 4216 2338 4271 Filius

771 4320 948 4373 facere
981 4315 1296 4384 quidquam,
1328 4311 1428 4364 nisi
1460 4310 1604 4378 quod
1649 4308 1841 4362 viderit
1871 4309 2046 4362 facere
2074 4309 2285 4362 Patrem
2324 4327 2337 4364 :

770 4407 1203 4480 quandoquidem
1266 4412 1322 4456 et
1371 4403 1473 4456 hoc
1529 4401 1664 4454 dixit
1709 4399 1980 4454 Christus.
2025 4399 2191 4453 Porro
2238 4400 2341 4454 hoc

769 4510 972 4555 sancta:
1056 4494 1311 4548 'l'rinitati
1394 4491 1746 4545 connaturale
1825 4505 1944 4544 esse
2024 4490 2262 4544 ostendit
2323 4507 2337 4544 :

766 4590 932 4662 490
963 4587 1215 4656 quodque
1257 4600 1366 4637 non
1400 4583 1508 4637 sint
1538 4583 1726 4636 divisa:
1766 4581 2107 4650 operationes
2147 4582 2338 4636 divina:

771 4681 1052 4750 potestatis
1101 4676 1347 4746 personis
1398 4691 1530 4743 quas
1568 4673 1623 4726 in
1669 4673 1758 4726 illa
1795 4673 2162 4742 conspicimus
2195 4691 2208 4725 :
2242 4675 2336 4728 sed

776 4776 847 4828 ibi
876 4782 959 4826 est
980 4768 1293 4825 omnimoda
1332 4767 1603 4828 identitas,
1633 4775 1686 4820 et
1717 4766 1936 4834 pacilica
1975 4780 2036 4818 ac
2074 4766 2339 4819 seditione

774 4879 967 4919 carens
1018 4859 1326 4915 concordia.
1363 4858 1505 4911 Dixit
1547 4873 1676 4927 ergo
1727 4857 1844 4910 sine
1880 4857 2193 4911 discrimine
2241 4856 2342 4910 Pa-

775 4962 908 5006 trem
936 4951 1210 5020 judicare:
1241 4956 1494 5016 tanquam
1527 4947 1576 5000 id
1603 4956 1657 4999 et
1684 4961 1810 5000 vere
1839 4947 1910 4999 sit
1929 4954 1983 5000 et
2006 4946 2344 5000 existimetur

771 5043 1023 5096 omnibus
1068 5055 1186 5093 esse
1234 5052 1542 5100 commune,
1572 5037 1832 5105 quidquid
1877 5037 2015 5090 alius
2047 5037 2242 5090 dixerit
2275 5038 2342 5091 ab

771 5147 878 5185 una
908 5131 1068 5184 trium
1100 5129 1287 5182 divino
1312 5131 1472 5181 modo
1497 5128 1703 5196 perfici.
1738 5127 2001 5180 Pratterea
2025 5142 2146 5180 cum
2178 5127 2340 5180 etiam

773 5224 1034 5276 Dominus
1086 5220 1400 5287 frequenter
1446 5219 1719 5288 apostolos
1766 5227 1923 5271 vocet
1966 5217 2138 5279 filios,
2177 5227 2230 5270 et
2276 5219 2342 5272 ad

775 5312 1368 5382 paralyticumdixerit,
1398 5329 1414 5361 ι
1445 5311 1563 5372 Fili,
1594 5310 1818 5363 remissa
1850 5321 1975 5363 sunt
2001 5311 2091 5364 tibi
2123 5321 2340 5378 peccata

775 5416 864 5458 tua
901 5421 914 5458 ;
946 5424 964 5456 ι
991 5414 1047 5459 et
1076 5405 1139 5458 ad
1166 5407 1425 5471 eanﬂqua:
1446 5403 1725 5470 sanguinis
1751 5401 2012 5470 proﬂuvio
2045 5395 2341 5465 laborabat,

782 5512 802 5544 ι
832 5493 985 5554 Filia.
1008 5495 1138 5548 fides
1163 5502 1320 5547 tuate
1340 5494 1542 5546 salvam
1563 5493 1710 5556 fecit,
1741 5512 1759 5544 ι
1789 5493 1925 5545 nihil
1949 5493 2235 5547 obscurum
2263 5507 2345 5550 est

777 5594 869 5637 aut
897 5586 1212 5646 absurdum,
1239 5586 1281 5636 si
1312 5585 1454 5637 hunc
1484 5597 1700 5652 quoque
1727 5593 1935 5652 patrem
1967 5593 2215 5639 natorum
2249 5603 2344 5641 vo-

777 5674 1001 5737 caverit,
1029 5689 1165 5742 quos
1195 5674 1495 5728 sanctitatis
1520 5673 2011 5728 communicatione
2039 5678 2337 5745 generavit.

857 5853 892 5882 “
929 5850 1029 5906 .Iob
1075 5867 1298 5914 xxxvttt,
1344 5867 1428 5906 XL.
1507 5854 1548 5882 "
1580 5851 1734 5906 Joan.
1773 5869 1822 5914 γ.
1874 5853 1962 5906 22.

2440 3396 2688 3464 τίλυτρον
2722 3396 2876 3463 ἐδόθη
2913 3397 3022 3447 τῶν
3049 3396 3136 3447 διὰ
3174 3396 3273 3464 τῆς
3303 3397 3579 3466 ἁμαρτίας
3635 3398 3863 3459 ἑαυτούς
3917 3416 4024 3449 πε-

2440 3488 2726 3554 πρακὸτων
2756 3486 2829 3556 τῷ
2863 3486 3127 3554 ·πο·ιηρῷ,)
3160 3487 3369 3539 κελεύει
3400 3488 3487 3540 δια
3517 3505 3594 3540 πα
3608 3489 3726 3550 ντος
3757 3489 3850 3540 τοῦ
3909 3491 4014 3557 ζῇν

2441 3577 2685 3628 σύνοικον
2717 3576 3014 3646 κεκτῆσθαι
3047 3577 3134 3629 τὸν
3164 3577 3346 3646 φόϐον,
3378 3580 3437 3630 ού
3479 3579 3567 3630 τὴν
3613 3597 4029 3649 προκαταρκτι-

2443 3669 2554 3731 κὸν,
2599 3668 2790 3736 (οὓτως
2822 3668 2928 3737 γάρ
2967 3670 3063 3737 τὴν
3086 3670 3358 3740 τιμωρίαν
3391 3672 3644 3742 σύνεδρον
3673 3673 3833 3740 ἕχει,)
3878 3674 4019 3724 ἀλλα

2439 3759 3116 3824 τὸντελειωτικόν.Φόϐος
3177 3763 3284 3832 γὰρ
3345 3764 3430 3816 ἀεὶ
3470 3767 3580 3824 τοῖς
3647 3764 4024 3816 τελειωθεῖσιν

2440 3855 2617 3920 ἁγίοις
2663 3855 2736 3922 μή
2769 3870 2820 3904 τι
2846 3853 3163 3906 ἐλλείπωσιν
3189 3855 3296 3906 τῶν
3322 3851 3410 3908 οἷα
3452 3857 3600 3917 εἰκὸς
3630 3859 3743 3916 τοῖς
3795 3857 4028 3906 τελειω-

2446 3945 2629 4013 μένοις
2658 3943 3066 3999 ἐπακολουθεῖν.
3095 3945 3298 3999 Σκόπει
3345 3946 3402 3997 δὲ
3458 3947 3539 3997 ὅτι
3597 3947 3886 4015 εἰρημένου
3922 3947 4032 3998 ὑπὸ

2441 4034 2698 4104 Χριστοῦ,
2720 4054 2736 4084 ι
2764 4037 2843 4087 ὅτι
2863 4035 2919 4086 ’0
2935 4037 3120 4105 Πατὴρ
3139 4037 3312 4106 κρίνει
3331 4037 3538 4096 οὐδένα,
3558 4037 3686 4088 ἀλλα
3716 4038 3814 4106 τὴν
3839 4039 4027 4107 κρίσιν

2441 4128 2790 4198 παραδέδωκε
2819 4127 2894 4196 τῷ
2913 4128 3045 4196 Υίῴ,
3085 4146 3104 4178 ι
3134 4128 3246 4190 πῶς
3264 4128 3357 4181 νῦν
3390 4131 3416 4181 ὁ
3453 4131 3650 4198 Πέτρος
3681 4131 3771 4180 τὸν
3801 4131 4027 4198 Πατέρα

2446 4220 2653 4289 κρίνειν
2677 4219 2828 4288 φησί.
2868 4220 3008 4289 Πρὸς
3041 4219 3068 4271 ὃ
3098 4220 3352 4289 ἐροῦμεν,
3385 4222 3458 4282 ὡς
3491 4220 3675 4289 ἐπειδὴ
3707 4222 3800 4271 καὶ
3852 4221 4023 4273 τοῦτο

2442 4313 2660 4381 ετρηκεν
2683 4313 2709 4364 ὁ
2735 4312 2988 4379 Χριστὸς,
3036 4329 3053 4361 ι
3095 4313 3166 4363 υὺ
3189 4311 3409 4363 δύναται
3432 4315 3458 4364 ὁ
3493 4312 3617 4372 Tib;
3641 4313 3812 4361 ποιεῖν
3845 4313 4026 4371 οὖξὲν,

2444 4403 2510 4455 ἂν
2537 4404 2609 4472 μή
2629 4401 2868 4471 τιβλέπῃ
2897 4401 2988 4453 τὸν
3011 4403 3225 4472 Πατέρα
3254 4401 3532 4466 ποιοῦντα,
3576 4422 3593 4454 s
3617 4402 3771 4453 τοῦτο
3804 4403 3858 4455 δὲ
3884 4421 4027 4471 συμ-

2444 4494 2574 4562 φυὲς
2622 4494 2714 4563 τῆς
2776 4493 2938 4571 ἁγίας
2988 4493 3217 4561 Τριάδος
3266 4494 3588 4560 παρίστησι,
3641 4493 3733 4543 καὶ
3788 4494 3867 4544 δτι
3922 4495 4025 4544 οὐκ

2446 4587 2963 4655 ἀπομεμερισμέναι
3020 4586 3077 4638 αἱ
3117 4586 3216 4652 τῆς
3270 4584 3530 4654 Θεαρχίας
3581 4585 3856 4651 ἐνέργειαι
3908 4588 4022 4646 τοῖς

2445 4677 2562 4728 κατ’
2593 4675 2763 4744 αὐτὴν
2794 4674 3245 4744 ὲνθεωρουμένοις
3279 4675 3614 4743 προσώποις,
3647 4674 3783 4724 ἀλλὰ
3828 4676 4025 4726 ταυτὸ-

2444 4785 2541 4833 της
2572 4768 2718 4819 πᾶσα
2736 4769 2852 4818 ἐκεῖ
2887 4767 2978 4818 καὶ
3008 4767 3279 4835 σύμπνοια
3312 4767 3561 4834 εἰρηναία
3620 4768 3714 4816 καὶ
3762 4769 4025 4818 ἀστασῖα-

2448 4876 2591 4920 στος,
2622 4855 2796 4923 εἶπεν,
2831 4859 3138 4927 ἀδιαφόρως
3175 4858 3264 4910 τὸν
3302 4859 3520 4926 Πατέρα
3569 4858 3797 4924 κρίνειν,
3833 4859 3908 4920 ώς
3939 4861 4022 4911 ἰτι

2450 4951 2515 5002 ἂν
2547 4953 2664 5019 ἐρεῖ
2696 4969 2779 5012 τις
2809 4951 2932 5003 καθ’
2957 4951 3074 5012 ἐνὸς
3119 4951 3226 5002 τῶν
3274 4951 3441 5019 τριῶν
3488 4951 3810 5018 Θεοπρεπῶς
3866 4953 4021 5002 ἐκτεο

2451 5042 2682 5107 λείσθαι,
2709 5042 2890 5094 κοινοῦ
2931 5043 3043 5102 τοῖς
3066 5043 3199 5094 πᾶσι
3223 5043 3318 5094 καὶ
3343 5041 3494 5103 ὄντος
3520 5042 3614 5094 καὶ
3636 5041 4021 5108 λογιζομένου.

2455 5134 2661 5196 Ἀλλως
2686 5151 2745 5186 τε
2779 5135 2871 5187 καὶ
2899 5134 2991 5186 τοῦ
3034 5134 3240 5204 Κυρίου
3274 5132 3534 5195 πολλάκις
3561 5134 3728 5185 τέκνα
3785 5132 4022 5186 καλοῦν-

2449 5243 2541 5288 τος
2566 5226 2691 5289 τοῦς
2731 5227 3086 5288 ἀποστόλους,
3140 5227 3232 5278 καὶ
3275 5225 3352 5295 τῷ
3407 5227 3702 5295 παραλύτῳ
3752 5228 4019 5290 εἰπόντος,

2457 5337 2474 5368 ι
2511 5317 2730 5380 Τέκνον,
2760 5319 3034 5386 ἀφέωνταί
3061 5335 3140 5370 σοι
3167 5319 3221 5371 αξ
3249 5319 3510 5387 ἁμαρτίαι
3547 5335 3660 5377 σου,
3689 5337 3704 5367 ι
3736 5318 3830 5370 καὶ
3845 5321 3906 5386 τῇ
3933 5322 4008 5370 al-

2460 5410 2674 5479 μόρρῳ,
2711 5429 2723 5440 ’
2764 5409 3034 5480 Θύγατερ,
3061 5412 3092 5480 ή
3124 5411 3306 5472 πίστις
3330 5427 3420 5461 σου
3458 5411 3661 5461 σέσωκέ
3687 5427 3743 5460 σε
3773 5453 3786 5472 ,
3822 5429 3838 5459 ι
3866 5411 4019 5462 οὐδὲν

2453 5501 2799 5568 ἀπεμφαῖνον
2823 5503 2919 5552 καὶ
2941 5502 3102 5553 αὑτὸν
3134 5499 3346 5568 πατέρα
3386 5498 3675 5551 καλεῖσθαι
3741 5501 3850 5551 τῶν
3897 5517 4022 5566 γεν-

2451 5591 2646 5658 νητῶν,
2707 5583 2782 5641 ὧν
2841 5589 3124 5656 μεταδόσει
3184 5573 3473 5658 ἐγέννησεν
3523 5591 3870 5655 ἀγιὸτητος.‹
3932 5590 4022 5643 Ἐν

2450 5681 2598 5752 φόϐῳ
2635 5682 2724 5736 τον
2750 5683 2850 5752 τῆς
2876 5685 3185 5752 παροικίας.
3220 5703 3238 5734 ι
3295 5682 3448 5735 Κατά
3498 5682 3683 5734 τοῦτον
3721 5687 3808 5734 τὶν
3852 5685 4020 5735 1:13.-
