4178 6454
699 430 798 495 ΕἫ

695 571 847 627 dedit
878 570 977 639 ipsi
1013 569 1237 640 gloriam
1280 585 1292 622 :

698 675 907 722 vestras
955 662 1246 731 (siquidem
1287 663 1427 714 ὥστε
1470 663 1686 732 capitur
1729 677 1831 731 pro
1870 659 1960 730 Ut)
2016 676 2113 730 per
2141 661 2275 714 obe-

697 759 956 812 dientiam
993 755 1240 809 veritatis
1281 754 1440 808 fidem
1481 765 1712 809 vestram
1750 768 1813 806 ac
1844 768 1995 821 spem
2031 753 2276 806 habeatis

699 851 751 902 in
783 849 976 902 Deum.
1012 847 1292 916 Accipitur
1323 863 1558 916 namque
1587 844 1725 899 εἶναι
1758 861 1856 914 pro
1884 846 2106 908 habere,
2148 862 2274 914 pro-

699 952 818 1011 pter
847 940 915 995 Ut
943 943 1278 1009 prazcedens.
1319 939 1373 992 Si
1405 941 1550 992 enim
1582 936 1721 989 ὥστε
1755 944 1812 990 ut
1841 937 2078 1006 positum
2112 945 2193 988 est
2224 936 2276 987 in

698 1050 796 1087 suo
836 1032 1142 1104 significato
1175 1032 1535 1098 relinquatur,
1565 1029 1794 1082 barbara
1825 1041 1878 1083 et
1908 1028 2278 1099 inintelligibi-

698 1127 764 1180 lis
803 1126 906 1179 erit
949 1126 1237 1180 sententia.
1300 1142 1317 1174 ι
1374 1123 1454 1176 Ad
1511 1123 1832 1177 cbaritatem
1886 1122 2202 1176 fraternam.
2254 1141 2272 1172 ι

699 1219 912 1290 lntegre
943 1221 1046 1274 hoc
1074 1219 1233 1272 modo
1259 1217 1551 1271 dicendum
1584 1225 1667 1271 est
1699 1233 1712 1270 :
1749 1217 1818 1272 Ut
1849 1215 2008 1270 fidem
2040 1226 2275 1270 vestram

698 1325 764 1363 ac
810 1324 960 1377 spem
1011 1307 1256 1360 habeatis
1305 1306 1360 1359 in
1414 1306 1605 1366 Deum.
1652 1322 1774 1360 eum
1817 1309 2028 1360 animas
2067 1315 2278 1361 vestras

699 1403 1117 1473 purilicaveritis
1162 1418 1258 1472 per
1303 1402 1668 1455 obedientiam
1710 1403 1980 1465 veritatis,
2026 1402 2128 1456 hoc
2172 1411 2274 1465 est,

700 1511 823 1549 cum
853 1509 950 1548 vos
977 1494 1125 1563 ipsos
1143 1492 1562 1561 composueritis
1586 1492 1651 1545 ad
1676 1491 2041 1546 obedientium
2069 1491 2277 1544 veritati

699 1603 798 1657 per
835 1586 1105 1655 spiritum.
1139 1586 1235 1640 Est
1274 1583 1418 1637 enim
1465 1594 1520 1638 et
1561 1584 1870 1638 obedientia
1923 1583 1976 1636 in
2022 1583 2177 1636 malis
2217 1598 2280 1637 ac

700 1679 1079 1740 mendacibus,
1113 1693 1231 1746 qua:
1262 1692 1370 1729 non
1408 1685 1487 1730 est
1517 1691 1613 1744 per
1639 1676 1915 1746 spiritum,
1949 1675 2000 1730 id
2033 1684 2134 1740 est,
2171 1691 2276 1729 non

701 1782 785 1828 est
820 1771 1138 1841 spiritualis.
1173 1770 1437 1835 Quoniam
1482 1779 1662 1823 autem
1704 1769 2011 1838 purificatio
2047 1767 2113 1821 ad
2155 1767 2281 1820 obe-

702 1864 958 1917 dientiam
999 1863 1113 1916 sive
1154 1860 1504 1931 praeparatio,
1543 1861 1884 1923 exercitium,
1927 1872 2078 1921 cura,
2116 1857 2279 1928 492

1772 429 2170 490 (ΕΕΠΜΕΝΙΙ
2195 427 2485 489 ΤΗΙΕΕΕ
2518 429 2858 490 EPISCOI’I

1338 577 1395 622 ut
1427 583 1549 622 cum
1599 567 2020 639 purificaveritis
2058 569 2273 622 animus

2385 568 2463 619 ίνα
2490 571 2775 637 ἡγνικότες
2807 570 2904 633 τὰς
2935 569 3113 640 ψυχὰς
3168 569 3322 640 ὑμῶν
3367 570 3424 623 τὸ
3472 572 3600 643 γὰρ,
3635 570 3810 638 ὥστε,
3844 576 3974 631 ἀντὶ

3854 434 3964 500 5.23

2383 659 2476 711 τοῦ
2512 660 2619 722 ἵνα,
2661 660 2939 730 εἴληπται)
2972 662 3028 711 ἐν
3075 663 3140 730 τῇ
3194 662 3404 731 ὑπακοῇ
3433 662 3528 730 τῆς
3559 661 3816 732 ἀληθείας
3867 664 3970 735 τὴν

2387 751 2570 804 πίστιν
2599 752 2752 820 ὑμῶν
2784 754 2965 822 ἔχητε,
3011 754 3104 804 καὶ
3133 752 3231 821 τὴν
3264 753 3451 805 ὲλπίδα
3488 755 3566 815 εἰς
3594 754 3747 806 Θεόν.
3782 756 3970 808 Μετα-

2385 842 2651 911 λαμόάνει
2688 844 2795 911 γὰρ
2847 846 2940 896 καὶ
2991 843 3069 905 τὸ,
3114 840 3288 908 εἶναι,
3337 847 3416 907 εἰς
3441 845 3499 896 τὸ
3537 845 3701 913 ἔχειν,
3745 847 3832 898 διὰ
3879 848 3968 909 τὸ,

2386 938 2492 990 ἵνα.
2549 940 2819 1005 Κειμένου
2875 942 2983 1009 γὰρ
3032 940 3146 1004 τοῦ,
3195 942 3357 1006 ὥστε,
3391 947 3482 994 καὶ
3535 945 3812 1014 βαρῆαρπν
3870 946 3974 998 καὶ

2387 1027 2703 1097 ἁδ;ανόητον
2741 1031 2800 1081 τὸ
2850 1033 3031 1100 ῥητόν.
3073 1051 3091 1083 ι
3129 1034 3220 1096 Εἰς
3262 1035 3636 1102 φιλαδελφίαν.
3670 1057 3687 1087 ›
3746 1037 3817 1089 Τὸ
3847 1038 3974 1089 ὅλοιν

2386 1120 2578 1184 οὕτως·
2617 1122 2734 1174 Ἵνα
2770 1123 2867 1194 τὴν
2903 1125 3082 1178 πίστιν
3137 1127 3290 1196 ὑμῶν
3331 1130 3422 1180 καὶ
3462 1131 3651 1182 ἐλπίδα
3685 1132 3845 1200 ἔχητε
3888 1134 3972 1194 εἰς

2387 1211 2520 1265 Θεὸν
2546 1215 2828 1283 ἡγνικότες
2879 1216 2976 1275 τὰς
3009 1216 3187 1286 ψυχὰς
3212 1218 3365 1288 ὑμῶν
3405 1222 3462 1272 ἐν
3489 1225 3549 1290 τῇ
3593 1223 3807 1291 ὑπακοῇ
3867 1225 3973 1288 τῆς

2388 1305 2666 1374 ἀληθείας.
2713 1308 2994 1372 Τουτέστι,
3036 1313 3580 1381 προκαταρτίσαντες
3634 1315 3864 1377 ἑαυτοὺς
3891 1318 3974 1369 al:

2389 1398 2636 1483 ὑπακοὴν
2671 1399 2924 1470 ἀληθείας
2969 1402 3056 1454 διὰ
3105 1403 3437 1473 πνεύματος.
3502 1407 3658 1458 Ἔστι
3705 1407 3817 1477 γὰρ
3876 1407 3977 1458 καὶ

2390 1490 2606 1560 ὑπακοὴ
2656 1493 2747 1543 ἐπὶ
2806 1496 3065 1562 πονηροῖς
3112 1497 3206 1547 καὶ
3261 1495 3533 1564 ψευδέσιν,
3591 1498 3713 1566 ἥτις
3762 1498 3823 1550 οὐ
3883 1499 3976 1550 διὰ

2389 1581 2723 1652 πνεύματος,
2757 1586 3057 1650 τουτέστιν,
3088 1588 3147 1638 οὺ
3174 1591 3539 1659 πνευματική.
3587 1591 3806 1660 Ἐπειδὴ
3846 1592 3902 1642 δὲ
3947 1595 3975 1643 ὁ

2390 1677 2468 1736 εἰς
2504 1675 2750 1746 ὑπακοὴν
2775 1678 3060 1747 ἀγνισμὸς,
3096 1680 3214 1749 ἤτοι
3244 1682 3272 1749 ἠ
3297 1684 3642 1751 παρασκευὴ,
3683 1684 3714 1750 ὴ
3751 1699 3972 1748 γυμνα-

2392 1762 2502 1825 σία,
2539 1764 2571 1831 ἡ
2618 1765 2839 1834 μελέτη,
2878 1767 3106 1830 πολλοὺς
3135 1770 3229 1821 καὶ
3251 1769 3442 1835 ἄλλους
3492 1772 3636 1839 φιλεί
3672 1774 3973 1841 συνεργοὺς

2392 1855 2750 1921 ἐπισπᾶσθαι,
2802 1861 2849 1910 εί
2889 1861 3072 1926 μέλλοι
3106 1865 3447 1933 πνευματικὴ
3489 1864 3620 1917 οὖσα
3661 1865 3761 1916 καὶ
3797 1865 3971 1932 ἄφθο-

703 1956 905 2009 multos
945 1957 1104 2008 etiam
1160 1955 1294 2006 alios
1345 1953 1494 2021 cupit
1551 1952 1829 2019 adjutores
1891 1949 2186 2012 attrahere,
2236 1949 2279 2002 si

2385 1965 2473 2021 νος
2507 1944 2664 2002 εἶναι.
2701 1950 2870 2003 Τοῦτο
2895 1953 2950 2004 δὲ
2983 1953 3143 2022 ἔργον
3171 1955 3547 2023 ιριλαδελφίας,
3570 1958 3628 2008 τὺ
3668 1957 3774 2010 τῶν
3806 1959 3977 2026 εὑρη·

704 2048 867 2101 modo
914 2045 1213 2116 Spiritualis
1265 2043 1336 2097 sit
1379 2051 1432 2097 et
1475 2043 1676 2096 invidia
1724 2056 1965 2096 carens:
2006 2040 2058 2094 id
2095 2050 2279 2094 autem

702 2137 927 2192 fraterni
960 2135 1160 2189 amoris
1187 2150 1323 2203 opus
1348 2143 1451 2196 est,
1479 2133 1787 2202 proximum
1819 2129 2031 2185 eflicere
2059 2131 2284 2200 partici-

703 2246 826 2299 pem
859 2230 1128 2282 bonorum
1161 2243 1279 2296 qua:
1312 2238 1505 2279 nactus
1534 2234 1619 2280 est
1645 2225 1912 2294 quispiam
1947 2238 1960 2277 :
1995 2233 2281 2294 propterea

705 2320 985 2391 subjungit
1036 2336 1052 2376 :
1103 2318 1183 2371 Ad
1230 2317 1552 2371 charitatem
1603 2316 1894 2368 fraternam
1936 2315 2282 2368 simulatione

704 2423 1003 2468 carentem.
1058 2410 1349 2480 Sulljungit
1404 2417 1584 2461 autem
1639 2409 1742 2462 hoc
1794 2423 1892 2476 per
1949 2407 2220 2460 defectum
2267 2425 2280 2464 :

705 2520 831 2558 nam
872 2504 924 2558 id
958 2504 1132 2557 beatis
1177 2501 1432 2570 apostolis
1475 2491 1888 2563 familiare'est,
1929 2499 2282 2568 quemadmoé

706 2602 833 2653 dum
866 2599 1028 2651 etiam
1064 2597 1205 2664 apud
1248 2596 1463 2648 beatum
1496 2592 1757 2647 Jacobum
1800 2593 2046 2656 habetur,
2096 2611 2112 2642 ι
2151 2591 2284 2656 Quis

706 2690 924 2759 sapiens
959 2688 1104 2741 inter
1137 2701 1232 2740 vos
1261 2694 1312 2738 et
1369 2685 1596 2738 scientia
1629 2684 1889 2754 praeditus
1911 2684 1988 2736 ‘7?
2013 2703 2031 2735 ›
2072 2683 2134 2736 Et
2165 2700 2285 2736 rur-

708 2798 869 2839 sum;
933 2799 950 2831 ι
991 2780 1145 2850 Agite
1177 2795 1322 2832 nunc
1357 2779 1445 2846 qui
1483 2778 1680 2837 dicitis,
1713 2773 1884 2830 Hodie
1924 2784 1978 2829 et
2019 2793 2138 2830 cras
2168 2777 2227 2840 ’⁸,
2259 2795 2276 2826 ι

708 2876 984 2943 multaque
1017 2872 1116 2925 alia
1163 2870 1496 2939 huiusmodi.
1544 2867 1698 2934 Quod
1745 2877 1927 2922 autem
1970 2868 2284 2937 spirituales

706 2971 941 3026 debeant
966 2963 1201 3018 vicissim
1233 2963 1367 3016 alios
1397 2962 1543 3015 omni
1576 2960 1757 3015 studio
1792 2960 2057 3014 bonorum
2095 2961 2284 3030 acqui-

708 3061 936 3124 sltorum
975 3061 1154 3114 facere
1193 3055 1504 3126 participes,
1547 3052 1759 3107 discere
1791 3053 1916 3105 licet
1947 3068 2012 3106 ex
2046 3052 2131 3107 bis
2165 3067 2286 3121 qua:

704 3153 811 3207 alio
852 3153 970 3206 loco
1009 3151 1141 3204 dicit
1171 3165 1186 3204 :
1226 3166 1243 3198 ι
1267 3145 1566 3202 Considera
1584 3145 1797 3213 quidem
1820 3153 2037 3196 mutuos
2071 3158 2191 3196 esse
2219 3144 2286 3197 ad

707 3243 1143 3314 provocationem
1171 3237 1471 3300 charitatis,
1502 3255 1520 3287 ι
1553 3236 1656 3290 boc
1689 3244 1790 3299 est,
1822 3235 1889 3289 ad
1914 3237 2285 3288 exacuendum

705 3345 759 3389 et
791 3333 1136 3388 excitandum
1176 3332 1343 3384 illam.
1401 3329 1695 3397 Propterea
1743 3327 1886 3394 quod
1937 3326 2116 3379 omnis
2158 3342 2284 3382 caro

708 3445 929 3498 gramen
953 3428 1042 3482 sit.
1068 3426 1202 3481 Cum
1226 3425 1470 3487 dixisset,
1497 3441 1514 3473 ‹
1540 3404 1729 3474 ιζἐῖιιιῑί
1757 3437 1862 3473 ηοη
1900 3421 2108 3473 semine
2140 3436 2284 3474 mor-

709 3523 802 3576 tali
838 3522 932 3576 sed
969 3519 1282 3583 immortali,
1329 3530 1425 3586 per
1467 3529 1773 3569 sermonem
1815 3512 1906 3566 Dei
1958 3512 2191 3566 viventis
2223 3527 2284 3565 ac

710 3612 1079 3678 permanentis
1128 3613 1179 3663 in
1228 3619 1514 3673 aeternum,
1555 3625 1573 3657 ›
1607 3607 1756 3660 addit
1786 3606 1948 3657 etiam
1982 3603 2284 3672 dejicienth

708 3720 771 3760 ac
801 3702 1200 3759 contemnendo
1234 3701 1483 3753 humanae
1522 3697 1704 3768 gloria:
1738 3697 1951 3749 facilem
1981 3695 2285 3762 corruptio-

710 3814 855 3858 nem,
899 3804 953 3848 et
1003 3805 1061 3848 ut
1113 3795 1182 3848 ita
1234 3794 1467 3857 dicatur,
1530 3806 1638 3845 non
1696 3787 2127 3849 subsistentiam,
2183 3788 2285 3840 hac

706 3891 985 3943 auditores
1035 3887 1301 3948 alliciens,
1356 3893 1416 3936 ut
1473 3883 1558 3936 bis
1614 3882 1927 3936 adhaereant
1973 3895 2095 3948 qua:
2143 3893 2171 3930 a
2225 3893 2283 3930 se

706 3981 980 4051 proposita
1031 3986 1188 4038 sunt,
1241 3984 1296 4029 ul
1342 3988 1463 4043 qua:
1513 3972 1917 4027 subsistentiam
1981 3971 2181 4024 habent
2221 3985 2285 4024 ac

706 4070 1146 4140 perpetuitatem.
1179 4067 1378 4120 Eorum
1404 4073 1584 4117 autem
1613 4079 1733 4131 quae
1771 4062 1837 4115 ad
1875 4060 2281 4128 corruptionem

707 4164 1032 4231 perveniunt
1074 4157 1447 4218 subsistentia,
1485 4155 1684 4210 dicitur
1725 4155 1810 4206 hic
1841 4168 2062 4223 gramen
2097 4161 2151 4204 et
2185 4151 2281 4206 ﬂos

708 4255 986 4326 graminis.
1021 4252 1188 4306 Porro
1220 4250 1470 4304 debilitas
1512 4247 1878 4302 subsistentia:
1921 4244 2178 4314 graminis
2213 4244 2279 4297 ad

707 4346 966 4415 majorem
1001 4342 1267 4398 sermonis
1300 4341 1457 4394 ﬁdem
1490 4338 1777 4393 adducitur
1813 4351 1826 4389 :
1863 4336 2060 4405 quibus
2094 4343 2147 4388 et
2180 4333 2283 4386 Da-

704 4440 793 4492 vid
823 4447 1061 4491 nostram
1084 4441 1360 4504 comparat
1382 4433 1546 4486 vitam
1568 4432 1630 4483 ".
1662 4429 1766 4485 Ubi
1798 4445 1926 4483 vero
1952 4429 2090 4482 adeo
2117 4427 2276 4480 vilem

705 4528 941 4582 ostendit
970 4527 1190 4597 gloriam
1220 4532 1488 4586 nostram,
1531 4522 1729 4590 repetit
1764 4535 1980 4572 rursum
2019 4535 2082 4573 ac
2120 4519 2281 4572 docet

2389 2041 2565 2109 μένων
2619 2042 2730 2094 τινὶ
2773 2044 2997 2109 ἀγαθῶν
3048 2046 3250 2116 καὶτῷ
3301 2049 3527 2116 πλησίον
3600 2051 3971 2118 μεταδιδό·.αι.

2341 2123 2352 2136 ”
2383 2133 2481 2182 Δια
2520 2131 2678 2183 τοῦτο
2712 2133 2910 2199 ἐπάγει
2944 2135 3021 2199 τὸ,
3072 2134 3164 2197 Εἰς
3200 2135 3552 2206 φιλαδελεξίαν
3581 2141 3972 2208 ἀνυπόκριτος.

2397 2215 2623 2288 Ἐπᾶγει
2672 2223 2726 2276 δὲ
2766 2225 3172 2287 ἀποστατικῶς.
3232 2229 3451 2298 ’ἰδίωμα
3505 2233 3613 2298 γὰρ
3663 2231 3823 2283 τοῦτο
3866 2233 3928 2282 τιῗ
3948 2254 3975 2281 ν

2389 2315 2676 2381 μακαρίων
2704 2316 3039 2379 ἀποστόλων,
3076 2316 3150 2380 ὡς
3192 2318 3304 2388 ἔχει
3345 2323 3439 2373 καὶ
3468 2323 3616 2388 παρὰ
3667 2322 3745 2390 τῷ
3789 2340 3974 2390 μακα-

2340 2477 2346 2488 1
2388 2404 2486 2471 ρίῳ
2517 2403 2752 2474 Ἰακώὸῳ
2773 2405 2852 2471 τὸ,
2881 2425 2897 2456 ι
2925 2407 3018 2470 Τίς
3039 2409 3195 2476 σοφὸς
3220 2413 3274 2463 ἐν
3305 2410 3431 2479 ὑμῖν
3459 2414 3552 2463 καὶ
3573 2415 3894 2480 ἐπιστήμων
3918 2430 3931 2476 ;
3951 2433 3967 2462 ι

2387 2497 2497 2548 Καὶ
2520 2496 2600 2558 τὸ,
2642 2515 2657 2546 ι
2676 2499 2807 2564 Ἀ·δέ
2839 2499 2931 2550 νῦν
2954 2503 2999 2552 οἱ
3033 2501 3304 2568 λέγοντες,
3330 2504 3576 2574 Σήμερον
3602 2507 3694 2557 καὶ
3719 2504 3931 2576 αὔριον,
3951 2524 3968 2555 ι

2386 2590 2479 2639 καὶ
2525 2576 2696 2642 πολλίά
2744 2589 2906 2659 ἕτερα
2960 2593 3201 2646 τοιαῦτα.
3245 2595 3368 2646 Ὀτι
3408 2597 3464 2647 δὲ
3508 2597 3557 2647 ot
3609 2600 3976 2664 πνευματικοὶ

2385 2681 2657 2745 ὀφείλουσι
2688 2683 2796 2734 τῶν
2849 2685 3167 2752 εὑρημένων
3216 2685 3435 2752 ἀγαθῶν
3484 2687 3732 2756 ἀλλήλοις
3765 2688 3975 2757 σπουδῇ

2389 2791 2536 2844 πασῃ
2576 2775 2935 2843 μεταδιδόναι,
2973 2779 3163 2846 μάθοις
3188 2779 3281 2846 ἀφ’
3309 2774 3382 2832 ὧν
3411 2784 3575 2833 καὶέν
3611 2784 3784 2851 ἑτέρῳ
3811 2786 3969 2850 φησι-

2394 2866 2702 2917 (Κατανοῶ
2763 2866 2861 2935 μὲν
2941 2868 3199 2938 ἀλλήλους
3257 2872 3336 2932 είς
3420 2873 3766 2941 παροξυσμδι
3831 2876 3978 2939 αγα-

2389 2973 2519 3025 πης.
2547 2959 2873 3024 (τούτεστιν,
2893 2962 2970 3022 είς
2995 2962 3417 3031 παραθηξιν,εἱς
3448 2965 3739 3034 διέγερσιν.
3763 2965 3972 3027 Εἰπὼν,

2395 3069 2412 3101 ι
2471 3052 2960 3122 Ἀναγεγενημὲνοι
2998 3055 3095 3106 οὐκ
3145 3057 3208 3108 ἐκ
3241 3058 3449 3127 σπορᾶς
3500 3058 3771 3128 τέθαρτῆς,
3831 3059 3976 3109 ἀλλα

2392 3144 2669 3214 ἀφθάρτου
2732 3145 2819 3196 δια
2879 3145 3036 3213 λόγου
3086 3145 3288 3211 ζῶντος
3351 3150 3485 3201 Θεοῦ
3557 3154 3650 3202 καὶ
3715 3154 3974 3220 μένοντο;

2395 3239 2472 3297 εἰς
2505 3238 2594 3287 τὸν
2623 3236 2817 3298 αἰῶνα,
2858 3255 2876 3288 ι
2923 3240 3292 3308 παρατίθησ.ν
3313 3239 3741 3304 ἐξουδενωτικῶς
3774 3244 3873 3294 καὶ
3911 3249 3977 3294 το

2393 3322 2488 3388 τῆς
2518 3321 2860 3392 ἀνθρωπίνης
2904 3323 3059 3393 δόξης
3105 3326 3434 3398 εὔφθαρτοι),
3469 3334 3561 3381 καὶ
3606 3325 3717 3382 οἷον
3766 3335 3970 3389 εἰπεῖν,

2389 3414 2758 3482 ἀνύπαρκτον,
2791 3415 2966 3488 ταύτῃ
2989 3419 3112 3480 τοὺς
3157 3421 3433 3489 ἀκροατὰς
3465 3423 3830 3490 ὑπόλιχνεύων
3862 3423 3974 3474 τῶ)

2389 3508 2853 3580 προὸεϐλημένων
2883 3513 2973 3563 ὑπ’
3009 3513 3171 3565 αὑτοῦ
3209 3514 3450 3583 ἔχεσθαι,
3503 3515 3577 3576 ὡς
3633 3515 3738 3566 τῶν
3770 3518 3869 3585 μὲν
3910 3520 3972 3567 το

2388 3599 2561 3665 ἑστὼς
2591 3603 2929 3671 ἑχόντωνκαὶ
2951 3605 3390 3672 διαιωνιζόντων,
3426 3606 3533 3658 τῶν
3561 3607 3616 3659 δὲ
3655 3607 3970 3676 φθανόντων

2387 3696 2450 3761 τῇ
2507 3694 2682 3764 φθορᾷ
2737 3696 2834 3764 τὴν
2893 3697 3212 3750 ὑπόστασιν.
3282 3699 3488 3769 Χόρτος
3551 3701 3808 3764 ἐνταῦθα,
3877 3721 3974 3753 και

2387 3784 2543 3845 ἄνθος
2602 3787 2821 3854 χόρτου,
2881 3788 2940 3839 τὸ
2976 3791 3067 3839 καὶ
3121 3788 3215 3840 τοῦ
3256 3791 3449 3860 χόρτου
3509 3793 3644 3859 πρὸς
3731 3792 3973 3860 ὓπαρξιν

2387 3877 2774 3951 ἀσθενέστερον
2798 3877 3086 3942 εἰς’πίστιν
3112 3882 3386 3949 τοῦλόγου
3420 3885 3744 3952 παράγεται·
3761 3879 3840 3946 οἷς
3874 3890 3972 3936 καὶ

2387 3970 2549 4022 Δαυὶδ
2576 3975 2677 4040 τὴν
2717 3974 2836 4024 καθ’
2875 3975 3020 4042 ἡμᾶς
3042 3975 3340 4040 ἀπεικάζει
3371 3975 3537 4044 ζωήν.
3573 3977 3747 4028 Ὅπου
3779 3977 3834 4028 δὲ
3870 3979 3971 4047 τὴν

2384 4059 2540 4126 δόξαν
2578 4061 2734 4130 ἡμῶν
2758 4064 3034 4126 εὐτελίσας
3067 4067 3438 4134 ἀναλαμϐάνει
3487 4069 3648 4119 πάλιν
3696 4072 3790 4120 καί
3821 4071 3968 4121 διδα-

2388 4169 2507 4205 σκει
2538 4156 2890 4226 σαφέστερον,
2923 4159 2977 4209 τί
3003 4160 3118 4210 ἐστι
3141 4160 3200 4210 τὸ
3239 4163 3614 4230 ἀναγεννήσαν
3656 4163 3854 4223 αὐτοὺς
3880 4164 3968 4214 δικ

2384 4245 2542 4312 λόγου
2577 4247 2776 4310 ζῶντος
2799 4249 2936 4301 Θεοῦ
2960 4253 3054 4303 καὶ
3090 4251 3343 4318 μένοντος
3389 4254 3468 4313 εὶς
3497 4253 3587 4303 τὸν
3621 4253 3822 4304 “MNT
3872 4256 3968 4305 κέλ

2386 4342 2519 4408 φησί
2563 4355 2576 4367 ·

2386 4433 2548 4500 ὑμᾶς.
2579 4450 2597 4482 ι
2635 4434 2728 4496 Εἰς
2753 4434 2841 4485 τὸν
2871 4435 3042 4486 αἰῶνα
3065 4437 3120 4487 δὲ
3153 4437 3334 4503 μένειν
3367 4437 3496 4488 αὐτὸ
3535 4436 3965 4500 διαϐεϐαιοῦται,

2387 4523 2695 4592 συμφώνως
2718 4525 2793 4595 τῷ
2821 4527 3029 4595 Κυρίῳ.
3061 4529 3171 4579 Καὶ
3187 4527 3296 4597 γὰρ
3318 4530 3412 4580 καὶ
3435 4530 3592 4589 αὑτός
3617 4545 3804 4598 φησιν·
3847 4547 3866 4578 ι
3906 4531 3965 4581 ὐ

2620 4358 2638 4390 σ
2668 4340 2838 4393 Τοῦτο
2864 4341 2917 4392 δέ
2949 4345 3064 4393 ἐστι
3096 4344 3155 4394 τὸ
3193 4343 3344 4412 ῥῆμα
3374 4344 3432 4394 τὸ
3466 4345 3850 4410 εὐαγγελισθὲν
3889 4350 3969 4406 είς

707 4620 948 4690 apertius
988 4619 1114 4684 quid
1161 4618 1227 4672 sit
1267 4617 1411 4686 quod
1452 4615 1600 4684 ipsos
1649 4613 1986 4684 regeneravit
2030 4628 2126 4682 per
2165 4628 2279 4666 ser-

2385 4617 2612 4685 οὑρανὸς
2650 4617 2744 4670 καὶ
2781 4620 2814 4687 ἡ
2850 4620 2918 4687 γῆ
2961 4619 3379 4688 παρελεύσεται,
3424 4622 3475 4670 οἱ
3505 4620 3558 4671 δὲ
3585 4621 3731 4687 λόγοι
3770 4639 3874 4687 μου
3901 4625 3964 4673 οὐ

706 4725 923 4764 monem
960 4707 1054 4761 Dei
1093 4706 1326 4760 viventis
1353 4719 1412 4758 ac
1444 4712 1850 4771 permanentem
1884 4703 1939 4755 in
1982 4711 2271 4764 uernum,

703 4808 759 4857 et
789 4803 861 4856 ait
899 4814 914 4854 :
961 4817 980 4851 ι
1005 4797 1114 4852 Hoc
1149 4807 1328 4851 autem
1373 4803 1456 4850 est
1487 4795 1707 4849 verbum
1731 4793 1872 4862 quod
1894 4793 2273 4846 annuntiatum

705 4902 788 4950 est
827 4894 890 4946 ad
914 4907 1024 4945 vos.
1068 4889 1261 4955 »Ωιιοά
1288 4898 1472 4942 autem
1521 4894 1838 4956 permaneat
1886 4886 1940 4938 in
1988 4894 2276 4951 aeternum,

704 4983 989 5039 conﬁrmat
1028 4981 1141 5051 pari
1187 4980 1350 5036 modo
1392 4994 1517 5034 cum
1565 4977 1817 5032 Domino.
1885 4974 2019 5030 Nam
2068 4986 2123 5031 et
2163 4978 2278 5045 ipse

702 5077 827 5130 ait:
874 5093 894 5126 ι
927 5076 1134 5129 tim-lum
1179 5085 1233 5127 et
1293 5081 1434 5126 terra
1481 5071 1814 5132 transibunt,
1877 5071 2040 5124 verba
2097 5079 2276 5124 autem

702 5181 825 5222 mea
879 5180 987 5218 non
1045 5163 1396 5233 praeteribunt
1424 5162 1489 5214 ’°.
1537 5182 1554 5212 ι
1621 5161 1771 5214 Scire
1821 5170 2004 5214 autem
2058 5170 2276 5230 oportet

707 5257 850 5327 quod
885 5254 1038 5316 illud,
1085 5254 1167 5308 Ad
1209 5252 1524 5307 charitatem
1565 5252 1856 5308 fraternam
1906 5253 1976 5306 ab
2015 5254 2161 5306 omni
2202 5254 2274 5307 si-

705 5349 1004 5404 mulatione
1038 5347 1291 5408 alienam,
1333 5347 1404 5399 ita
1449 5346 1677 5416 proferri
1716 5348 1879 5402 debet
1911 5363 1920 5396 :
1959 5349 2035 5401 Ex
2072 5352 2276 5404 mundo

707 5440 871 5496 corde
907 5454 1000 5493 vos
1039 5440 1268 5492 invicem
1304 5440 1508 5508 diligite
1553 5440 1798 5508 impense
1845 5441 1910 5493 ad
1957 5441 2274 5495 ebaritatem

706 5533 1000 5588 fraternam
1035 5535 1102 5587 ab
1132 5533 1278 5585 omni
1312 5531 1654 5585 simulatione
1697 5534 1946 5586 alienam.
2000 5534 2276 5602 Siquidem

705 5625 841 5681 tales
871 5641 1049 5679 rerum
1091 5625 1265 5679 exitus
1308 5625 1568 5692 consequi
1602 5625 1775 5678 solent
1810 5627 1988 5693 qualia
2026 5637 2154 5679 sunt
2188 5627 2275 5680 illa

703 5731 825 5788 quae.
857 5727 1075 5786 propter
1108 5717 1247 5785 ipsas
1289 5727 1589 5770 tractantur
1633 5733 1693 5770 ac
1741 5729 2091 5787 peraguntur.
2123 5721 2273 5784 Quo-

2387 4708 2461 4777 μὴ
2501 4708 2865 4777 παρέλθωσιν.
2907 4729 2925 4760 ι
2979 4713 3069 4762 Δεῖ
3118 4710 3173 4761 δὲ
3205 4711 3404 4763 εἰδέναι
3433 4713 3512 4763 δτι
3548 4713 3631 4774 τὸ,
3671 4713 3766 4772 Εἰς
3799 4715 3963 4778 φιλα-

2382 4801 2604 4870 δελφίαν
2635 4803 3017 4872 ἀνυπόκριτον,
3054 4802 3199 4856 οὕτω
3229 4806 3334 4872 χρὴ
3365 4805 3685 4873 πφφέρειν·
3734 4806 3827 4857 Ἐκ
3860 4823 3968 4857 κα-

2384 4891 2555 4962 θαρᾶς
2600 4895 2826 4963 καρδίας
2881 4896 3145 4963 ἀλλήλους
3193 4897 3519 4964 ἀγαπήσατε
3565 4896 3822 4958 ἐκτενῶς,
3885 4902 3963 4958 είς

2382 4985 2736 5054 φιλαδελφίαν
2790 4989 3178 5057 ἀνυπόκριτον.
3241 4989 3306 5039 Al
3371 4989 3482 5057 γὰρ
3540 4988 3795 5049 ἐκὸἀσεις
3852 4990 3962 5040 τῶν

2383 5080 2728 5147 πραγμάτων
2785 5079 3174 5133 ἐπακολουθεῖν
3225 5079 3452 5132 εἰώθασι
3510 5081 3624 5142 τοῖς
3670 5078 3736 5130 δι’
3791 5081 3964 5139 αὐτας

2383 5173 2956 5240 πραγματευομένοις.
3007 5173 3161 5224 Ἐπεὶ
3213 5169 3306 5224 οὖν
3331 5176 3395 5241 τῇ
3432 5175 3497 5224 ὲκ
3541 5173 3789 5240 καθαρᾶς
3829 5189 3965 5240 καρ-

2381 5259 2499 5320 δίας
2536 5261 2782 5330 ἀλλήλων
2817 5264 3024 5314 ἐκτενεί
3077 5263 3263 5332 ἀγάπῃ
3311 5265 3343 5332 ἡ
3407 5264 3769 5331 ἀνυπόκριτος
3829 5264 3960 5313 ὲπα·

2383 5352 2631 5404 κολουθεῖ
2665 5352 3010 5422 φιλαδελφία,
3061 5353 3242 5415 καλῶς
3276 5354 3406 5424 ἔχει,
3447 5354 3698 5421 ἡγεῖσθαι
3735 5355 3832 5420 μὲν
3864 5355 3957 5417 τὸ,

2389 5444 2482 5496 Ἐκ
2497 5446 2741 5513 καθαρᾶς
2759 5447 3004 5515 καρδίας,
3038 5446 3266 5499 ἕπεσθαι
3288 5447 3345 5498 δὲ
3373 5446 3431 5498 τὸ
3457 5447 3549 5507 Εἰς
3579 5445 3962 5512 φιλαδελφίαν.

2390 5536 2821 5605 Ἐπισημαντέον
2855 5540 2953 5606 μέν
2992 5555 3073 5590 τοι
3118 5540 3196 5590 ὅτι
3247 5541 3339 5590 καὶ
3387 5541 3504 5604 τὴν.
3536 5539 3640 5599 εἰς,
3704 5536 3965 5604 πρόθεσιν

2390 5631 2800 5698 μεταῖιαμϐανει
2853 5634 2932 5693 είς
2982 5632 3100 5700 τὴν,
3156 5632 3273 5694 διὰ,
3331 5632 3418 5683 ἵνα
3470 5626 3654 5704 ᾗ,Δια
3710 5629 3960 5697 φιλαδελ-

2385 5722 2533 5787 φίαν.

705 5809 852 5865 niam
895 5811 1055 5878 igitur
1096 5811 1161 5863 ad
1207 5811 1502 5879 impensam
1536 5813 1880 5867 dilectionem
1917 5823 2156 5867 mutuam
2199 5831 2264 5867 ev
2305 5818 2509 5870 mundo
2541 5819 2724 5879 corde,
2763 5820 3120 5888 consequitur
3154 5820 3389 5875 fraterna
3460 5819 3702 5874 Charitas
3769 5819 3960 5874 simul-

779 5926 825 5959 "
861 5927 975 5984 Jac.
1011 5941 1094 5994 tu,
1129 5926 1216 5983 i3.
1297 5928 1338 5959 “
1365 5927 1477 5982 Jac.
1513 5945 1562 5994 ν,
1596 5929 1616 5982 1
1676 5945 1793 6000 seq.

1872 5932 1912 5963 "
1935 5930 2058 5986 Psal
2111 5950 2290 6000 xxxv",
2322 5935 2344 5994 _l
2377 5949 2529 6004 seqq.

2611 5937 2655 5968 ‘°
2686 5936 3162 5997 Matlli.1xn',53.
