4178 6454
708 435 808 501 531

1761 439 2157 501 (ECUMENII
2197 441 2491 502 TRICC/E
2530 444 2874 504 EPISCOPI

3849 436 3961 498 532

704 554 891 607 dolum
933 552 1181 622 concepit
1208 561 1261 607 et
1292 551 1696 608 simulationem
1736 569 1800 609 ac
1836 554 2038 608 caedem
2062 557 2130 609 ’³.
2174 555 2274 611 Sed

2383 561 2511 624 τοὺς
2535 559 2727 627 λόγους
2771 561 2821 614 οἱ
2860 559 3118 627 σύγγο·.οι
3168 555 3545 611 πιστώσασθαι
3578 551 3675 606 τοῦ
3734 552 3961 618 Ἰωσὴφ.

703 659 883 714 neque
909 645 975 698 ab
1004 643 1400 698 obtrectatione
1443 660 1615 713 purus
1653 653 1734 699 est
1765 644 1810 699 is
1850 644 1942 714 qui
1977 644 2207 711 invidet,
2232 645 2277 699 si

705 736 866 789 modo
894 734 1089 790 fratres
1121 734 1325 806 Joscpb
1372 736 1548 791 idonei
1592 737 1896 792 habeantur
1933 740 2023 807 qui
2065 754 2277 792 sermo-

704 841 829 881 nem
887 828 1232 891 contirment,
1278 830 1369 899 qui
1426 831 1493 884 de
1550 830 1713 884 rebus
1775 830 2078 884 innumeris
2130 829 2278 884 hunc

703 918 847 987 apud
873 928 1078 985 patrem
1101 918 1418 975 deferebant
1442 922 1506 973 ".
1532 920 1849 991 Propterea,
1876 921 2075 990 inquit,
2106 923 2173 977 ab
2192 923 2278 977 his

702 1010 960 1064 omnibus
989 1025 1088 1065 vos
1121 1012 1494 1081 puriﬁcanles,
1528 1023 1786 1084 tanquam
1832 1030 2008 1084 nuper
2038 1018 2153 1071 nati
2195 1020 2278 1071 in-

702 1101 885 1156 fantes
908 1103 1153 1157 accedite
1184 1104 1393 1169 (talium
1426 1105 1572 1159 enim
1604 1120 1725 1159 esse
1751 1116 1806 1159 et
1830 1121 2054 1176 regnum
2091 1107 2277 1162 Domi-

704 1208 809 1248 nus
844 1194 1328 1263 demonstravit")
1370 1204 1425 1250 et
1467 1212 1719 1251 sermone
1765 1197 1873 1251 doli
1914 1200 2102 1253 nescio
2140 1200 2274 1260 aliti,

703 1285 1030 1340 adolescatis
1061 1302 1233 1355 usque
1263 1287 1329 1341 ad
1361 1304 1672 1342 mensuram
1710 1289 1885 1342 aetatis
1920 1289 2277 1359 plenitudinis

702 1376 905 1431 Christi
934 1378 1000 1435 ".
1055 1377 1192 1432 Cum
1251 1380 1395 1433 enim
1454 1380 1820 1448 gustaveritis,
1871 1381 1974 1436 hoc
2023 1391 2127 1443 est,
2180 1396 2278 1450 per

705 1469 1025 1523 exercitium
1058 1485 1334 1523 sacrorum
1370 1480 1765 1539 praceptorum
1802 1472 1911 1540 jam
1946 1472 2276 1542 processeri-

707 1560 776 1614 tis
820 1561 971 1629 juxta
1007 1561 1379 1627 Evangelium,
1436 1576 1600 1615 sensu
1650 1563 1976 1632 cognovistis
2016 1564 2277 1617 doctrinae

704 1652 1025 1706 suavitatem
1071 1670 1085 1707 ε
1128 1668 1250 1705 nam
1296 1667 1490 1707 sensus
1528 1654 1677 1708 omni
1724 1669 1977 1708 sermone
2008 1654 2278 1708 ellicacior

704 1753 790 1796 est
819 1744 885 1797 ad
912 1744 1303 1814 cognitionem,
1337 1744 1592 1814 quoniam
1632 1745 1682 1799 id
1715 1747 1858 1815 quod
1892 1746 1956 1799 ad
1988 1747 2276 1814 experien-

705 1836 835 1890 tiam
882 1851 1101 1905 quoque
1138 1838 1407 1905 pervenit,
1455 1839 1601 1892 omni
1647 1854 1901 1892 sermone
1937 1841 2140 1909 gratius
2171 1848 2273 1892 est.

704 1933 844 1987 Cum
900 1932 1061 2003 igitur
1109 1933 1454 2002 gustaveritis
1504 1932 1715 1987 Domini
1768 1934 2182 2003 benignitatem,
2222 1945 2276 1989 ct

705 2024 807 2094 ipsi
866 2024 1150 2078 suavitatis
1217 2024 1519 2078 bonitatem
1583 2024 1723 2093 apud
1786 2024 1922 2078 alios
1984 2024 2272 2089 ostendite,

703 2126 762 2171 et
803 2132 900 2171 vos
948 2117 1094 2186 ipsos
1133 2116 1200 2170 ad
1234 2131 1358 2170 eum
1392 2124 1648 2185 tanquam
1696 2118 1761 2171 ad
1806 2117 1987 2171 vivum
2043 2118 2274 2186 lapidem

703 2210 1020 2279 angularem
1050 2208 1337 2277 applicate,
1368 2209 1460 2277 qui
1494 2209 1564 2263 ab
1593 2207 1905 2263 hominibus
1932 2208 2149 2278 quidem
2186 2225 2276 2263 rc-

702 2303 963 2372 probatus
1008 2311 1123 2366 est,
1167 2302 1309 2370 apud
1358 2300 1527 2355 Deum
1578 2315 1706 2355 vero
1751 2301 2024 2370 pretiosus
2063 2309 2116 2355 et
2162 2301 2275 2355 ele-

701 2401 845 2459 ctus,
876 2394 965 2463 qui
1015 2408 1112 2463 per
1156 2393 1450 2461 prophetas
1478 2407 1692 2461 quoque
1727 2392 2081 2446 annuntiatus
2135 2401 2220 2445 est
2258 2409 2273 2446 :

700 2485 865 2557 495
934 2486 1213 2541 constricti
1294 2500 1420 2554 erga
1481 2501 1577 2539 vos
1641 2484 1787 2553 ipsos
1877 2494 1933 2539 et
2010 2485 2276 2540 charitatc

703 2578 866 2641 uniti,
912 2578 1184 2646 simulque
1224 2578 1389 2646 aptati
1439 2576 1503 2631 ad
1552 2576 1845 2645 Spiritualis
1888 2577 2082 2630 domus
2128 2592 2277 2630 com-

703 2667 1022 2737 pletionem,
1069 2667 1270 2720 nullam
1312 2667 1577 2721 habentes
1621 2682 1807 2721 curam
1849 2666 1916 2721 de
1958 2675 2273 2736 contemptu

704 2756 848 2825 apud
891 2755 1141 2809 homines
1175 2772 1188 2806 :
1219 2756 1343 2825 quia
1392 2771 1570 2824 neque
1609 2756 1755 2809 illam
1801 2755 1994 2810 habuit
2025 2756 2276 2812 Christus

704 2846 840 2916 lapis
872 2847 1165 2917 angularis,
1198 2848 1291 2916 qui
1325 2846 1393 2901 ab
1434 2847 1517 2900 his
1550 2846 1871 2915 reprobatus
1904 2855 1988 2901 est
2019 2864 2033 2901 :
2062 2857 2116 2903 et
2145 2864 2276 2903 con-

702 2934 894 2988 structi
926 2948 990 2987 ac
1024 2934 1075 2987 in
1113 2936 1333 2988 domum
1377 2935 1715 3005 spiritualem
1742 2952 1770 2988 a
1804 2937 1959 2991 vobis
1989 2938 2121 3007 ipsis
2148 2954 2274 3008 per-

701 3026 854 3092 fecti,
896 3036 1256 3095 sanctumque
1286 3028 1652 3083 sacerdotium
1687 3029 2149 3092 demonstrantes,
2194 3032 2277 3085 oi-

701 3117 840 3174 ferte
873 3120 1077 3173 hostias
1109 3119 1444 3187 spirituales,
1474 3135 1594 3189 qua:
1624 3136 1652 3172 a
1683 3120 1793 3175 Deo
1822 3121 1979 3192 longe
2009 3123 2275 3193 gratiores

2381 650 2551 719 μυρία
2582 650 2771 703 τούτου
2814 650 2951 719 πρὸς
2982 649 3074 701 τὸν
3107 649 3320 718 πατέρα
3364 645 3734 704 κατειπόντες.
3770 642 3966 692 Ani-.0:

2377 742 2573 805 ταῦτα,
2604 743 2757 812 φησὶ,
2787 740 2990 794 τούτων
3021 741 3274 794 ἁπάντων
3296 736 3713 806 καθαρεύοντες,
3745 732 3820 795 ὡς
3854 732 3964 798 ἀρ-

2377 834 2664 902 τιγέννητα
2695 835 2871 904 βρέφη
2916 833 3163 902 πρόσιτε.
3198 831 3338 901 (Τῶν
3364 830 3473 897 γὰρ
3515 827 3771 880 τοιούτων
3814 819 3963 875 εἶναι

2379 928 2473 980 καὶ
2497 928 2599 995 τὴν
2639 924 2914 994 βασιλείαν
2968 928 2997 978 ὁ
3045 924 3248 993 Κύριος
3281 919 3647 989 ἀπεερήνατο.)
3710 917 3821 968 Καὶ
3875 911 3962 983 τῷ

2377 1017 2549 1087 ἀδόλῳ
2578 1017 2721 1086 λόγῳ
2749 1018 3074 1087 τρεφόμενοι
3111 1014 3343 1078 αὖξεσθε
3388 1014 3468 1074 εἰς
3500 1011 3698 1080 μέτρον
3736 1006 3962 1077 ἡλικίας

2376 1102 2470 1155 τοῦ
2498 1102 2863 1173 πληρώματος
2900 1103 2995 1157 τοῦ
3019 1101 3277 1174 Χριστοῦ.
3305 1100 3637 1169 Γευσάμενοι
3672 1097 3802 1165 γὰρ,
3826 1111 3960 1147 του-

2376 1192 2547 1252 τέστι.
2579 1193 2667 1245 διὰ
2719 1194 3142 1265 μεταχειρίσεως
3171 1191 3281 1244 τῶν
3341 1189 3482 1243 κατά
3534 1188 3597 1240 τὸ
3637 1183 3959 1253 εὐαγγέλιον

2379 1284 2678 1352 προϐάντες
2721 1284 2882 1354 ἱερῶν
2931 1283 3304 1353 ἐνταλμάτων,
3358 1282 3608 1351 αἰσθήσει
3674 1278 3957 1347 ἐγνώκειτε

2376 1360 2438 1428 τδ
2466 1377 2567 1444 τῆς
2610 1375 2962 1439 διδασκαλίας
2996 1376 3252 1445 χρηστόν.
3314 1372 3578 1440 Αῐσθησις
3612 1371 3721 1440 γὰρ
3752 1365 3964 1427 παντὸς

2378 1469 2539 1537 λόγου
2587 1469 2726 1538 πρὸς
2781 1468 2983 1537 γνῶσιν
3038 1466 3417 1537 ἐνεργεστέρα,
3471 1464 3555 1516 ὅτι
3614 1462 3708 1516 καὶ
3762 1461 3826 1513 τὸ
3874 1459 3960 1521 εἰς

2379 1560 2575 1628 πεῖραν
2621 1554 2776 1630 ἧκον,
2826 1558 2919 1612 τοῦ
2980 1559 3066 1612 διὰ
3102 1559 3265 1627 λόγου
3319 1556 3523 1619 παντὸς
3572 1554 3960 1626 χαριέστερον.

2378 1651 2714 1719 Γευσάμενοι
2770 1653 2949 1703 τοίνυν
3004 1652 3105 1719 τῆς
3152 1651 3245 1704 τοῦ
3295 1650 3501 1720 Κυρίου
3563 1644 3958 1716 χρηστότητος,

2378 1741 2475 1795 καὶ
2514 1742 2669 1794 αὐτοὶ
2702 1742 2763 1794 τὸ
2820 1745 2920 1813 τῆς
2968 1742 3338 1812 χρηστότητος
3375 1739 3577 1806 ἀγαθὸν
3635 1738 3712 1799 εἰς
3763 1735 3961 1795 ἄλλους

2379 1830 2837 1901 ἐπιδεικνύμενοι,
2875 1833 2973 1884 καὶ
3002 1831 3076 1894 ὡς
3109 1830 3243 1901 λίθῳ
3283 1830 3453 1895 ζῶντι
3482 1827 3806 1894 ἀναθέμενοι
3830 1827 3961 1877 ἐαυ-

2378 1924 2505 1984 τοῦς
2530 1921 2608 1992 τῷ
2639 1922 3043 1993 ἀκρογωνιαίῳ,
3086 1922 3163 1991 τῷ
3185 1920 3675 1991 ἀπώοκιμασθὲντι
3712 1918 3811 1986 μὲν
3852 1914 3960 1968 ὑπὸ

2378 2013 2704 2086 ἀνθρώπων,
2738 2015 2890 2083 παρὰ
2923 2014 2980 2067 δὲ
3008 2013 3125 2084 Θεῷ
3159 2014 3360 2083 ἐντίμῳ
3418 2013 3514 2065 καὶ
3565 2008 3807 2079 ἐκλεκτῷ
3860 2006 3963 2059 καὶ

2378 2087 2491 2159 ὃντί
2519 2110 2613 2160 καὶ
2644 2107 2733 2161 διὰ
2759 2107 2869 2161 τῶν
2898 2107 3194 2178 προφητῶν
3225 2104 3681 2173 κατηγγελμένῳ,
3721 2102 3960 2168 συσςςέγ-

2377 2198 2539 2268 γεσθε
2594 2199 2730 2269 πρὸς
2790 2199 3039 2265 ἑαυτοὺς,
3087 2199 3153 2252 δι’
3190 2201 3411 2267 ἀγάπης
3446 2194 3727 2266 ἐνούμενοξ
3756 2210 3816 2246 τε
3860 2193 3959 2245 καὶ

2380 2290 2946 2361 συναρμολογούμενοι
2992 2292 3069 2355 εἰς
3100 2293 3198 2361 τὴν
3250 2291 3341 2343 τοῦ
3395 2286 3767 2357 πνευματικοῦ
3798 2286 3958 2339 οἴκου

2378 2380 2797 2450 συμπλήρωσιν,
2838 2380 3007 2449 μηδὲν
3062 2380 3160 2448 τῆς
3222 2380 3329 2433 τῶν
3385 2378 3689 2447 ἀνθρώπων
3737 2373 3962 2443 φροντί-

2377 2475 2559 2538 ζοντες
2588 2474 2985 2539 ἐξουδενὼσεως
3010 2488 3025 2503 '
3057 2475 3138 2527 ὅτι
3199 2474 3334 2544 μηδὲ
3373 2476 3400 2526 ό
3440 2472 3544 2524 ὑπὸ
3570 2470 3778 2523 τούτων
3812 2470 3959 2520 ἀπο-

2376 2565 2730 2634 δοκιμασθεὶς
2774 2569 3176 2637 ἀκρογωνιαῖος
3206 2566 3460 2637 Χριστός.
3524 2564 3631 2617 Καὶ
3676 2576 3958 2629 συναρμο-

2376 2658 2703 2727 λογηθέντες
2749 2656 2826 2721 δὲ,
2875 2659 2970 2710 καὶ
2997 2659 3076 2719 εἰς
3124 2653 3273 2710 οἶκον
3328 2654 3696 2723 πνευματικὸν
3722 2651 3958 2713 ἑαυτοὺς

2378 2749 2847 2819 καταρτίσαντες,
2881 2750 2976 2801 καὶ
3022 2748 3319 2819 ἱεράτευμα
3369 2746 3522 2811 ἆγιον
3574 2746 3958 2813 ἀποφήναντες

2376 2842 2701 2908 ἀνενέγκατε
2725 2840 2915 2903 θυσίας
2945 2842 3341 2909 πνευματικὰς,
3393 2840 3501 2891 τῶν
3533 2838 3740 2905 ἀλόγων
3770 2835 3953 2902 θυμά-

2376 2953 2483 2989 των
2521 2934 2722 3004 μάλλον
2754 2934 3217 3003 εὐαρεστουμένας
3262 2933 3399 3002 Θεῷ.
3428 2932 3520 2999 Μὴ
3542 2932 3649 3000 γὰρ
3669 2927 3958 2982 οἷεσθετδν

2378 3025 2511 3097 πρὸς
2531 3011 2791 3097 ἀλλήλους
2812 3025 3107 3094 σύνδεσμον
3117 3026 3206 3078 τὸν
3226 3025 3313 3078 διὰ
3328 3024 3425 3093 τῆς
3444 3024 3662 3091 ἀγάπης
3688 3022 3963 3092 κρατυνόο

2381 3136 2541 3190 μενον
2566 3119 2640 3189 μὴ
2661 3118 2974 3188 ἐσχηκότες,
2998 3116 3257 3186 ἀμώμους
3286 3116 3579 3185 ἀναφέρειν
3597 3113 3954 3183 θυσξαςθεᾷν

702 3220 832 3264 sunt
873 3211 1065 3265 hostiis
1108 3213 1317 3267 ratione
1362 3215 1695 3267 carentibus.
1740 3214 1815 3268 Ne
1859 3214 2060 3283 putetis
2105 3216 2270 3280 enim,

2379 3213 2635 3282 Αῐροντες
2655 3210 2785 3281 γάρ,
2811 3214 2996 3280 φησὶν,
3020 3208 3198 3272 όσέους
3232 3212 3441 3279 χεῖρας,
3464 3208 3632 3278 χωρὶς
3658 3206 3826 3275 ὀργῆς
3857 3208 3960 3261 καὶ

702 3317 812 3355 non
855 3302 1114 3357 habentes
1152 3304 1597 3372 coniunctionem
1630 3321 1757 3377 erga
1789 3321 1887 3361 vos
1921 3306 2153 3361 invicem
2187 3308 2271 3361 di-

701 3392 933 3448 lectione
962 3394 1249 3458 ﬁnnatam,
1275 3396 1647 3452 immaculatas
1677 3398 1787 3451 Dco
1817 3398 2013 3453 oﬂ‘erre
2044 3399 2268 3453 bosﬁas.

700 3484 792 3537 Ait
828 3485 973 3539 enim
1011 3501 1025 3543 :
1071 3504 1088 3537 ι
1124 3486 1415 3542 Elevautes
1459 3488 1573 3557 pias
1618 3504 1813 3542 manus
1854 3490 2059 3559 absque
2103 3490 2181 3543 ira
2220 3498 2275 3543 ct

2376 3303 2758 3373 διαλογισμῶν.
2789 3302 2911 3364 [Itqu
2930 3303 3039 3371 γὰρ
3062 3304 3088 3354 ό
3109 3301 3197 3353 διὰ
3222 3300 3528 3371 προσευχῆς
3556 3300 3747 3352 ἑαυτὸν
3779 3298 3954 3352 ets-J-

2377 3394 2482 3447 δων
2502 3392 2655 3446 ἑνοῦν
2684 3392 2761 3462 τῷ
2804 3392 2921 3461 Θεῷ
2943 3393 3190 3459 τεύξεται
3228 3393 3439 3455 τούτου,
3467 3390 3628 3453 αὐτὸς
3670 3390 3863 3443 ἑαυτὸν
3888 3391 3961 3443 δι’

2380 3489 2549 3558 ὀργῆς
2567 3488 3030 3557 καὶδιαλογισμὼν
3051 3488 3302 3557 πονηρῶν
3315 3487 3406 3540 τοῦ
3425 3484 3651 3555 ἀδελφοῦ
3666 3484 3915 3538 ἀποσπῶ
3936 3502 3959 3551 ς

699 3575 1185 3645 disceptationibus
1208 3579 1271 3631 ³⁸.
1308 3598 1326 3629 ι
1391 3578 1672 3644 Quomodo
1711 3596 1945 3649 namque
1979 3582 2023 3635 is
2078 3580 2168 3650 qui
2225 3595 2323 3650 per
2375 3580 2675 3633 orationem
2744 3594 2863 3634 sese
2910 3580 3103 3633 nititur
3146 3578 3256 3633 Deo
3297 3580 3473 3645 unire,
3516 3581 3570 3634 id
3612 3587 3956 3649 assequetur,

700 3671 832 3725 dum
869 3686 967 3740 per
1000 3672 1134 3725 iram
1176 3680 1230 3727 et
1272 3689 1466 3742 pravas
1503 3674 1923 3744 disceptationes
1971 3676 2210 3745 seipsum
2248 3692 2278 3729 a
2311 3676 2472 3730 fratre
2500 3676 2757 3745 separat?

771 3762 839 3827 ll,
862 3761 1014 3816 7—12.
1051 3762 1205 3819 Vobis
1236 3767 1398 3834 igitur
1421 3768 1509 3837 qui
1539 3770 1769 3829 creditis,
1797 3769 1961 3822 honor
1983 3778 2079 3824 est.
2100 3768 2271 3823 Carte-

700 3870 817 3907 rum
852 3853 918 3907 iis
946 3856 1035 3923 qui
1070 3872 1171 3908 non
1210 3860 1423 3909 credunt
1447 3896 1461 3919 ,
1503 3857 1636 3925 lupis
1675 3875 1824 3927 quem
1867 3859 2272 3928 reprobaeerunt

700 3944 1045 4012 ediﬁcantes,
1082 3947 1163 3998 hic
1210 3948 1381 4015 factus
1425 3960 1495 4000 est
1530 3958 1685 4015 caput
1719 3948 1922 4017 anguli,
1960 3956 2010 4001 et
2050 3947 2184 4015 (apis
2218 3948 2272 4000 in

704 4050 850 4102 quem
884 4036 1198 4105 impingunt,
1223 4046 1271 4089 et
1300 4046 1450 4107 petra
1480 4039 1548 4090 ad
1572 4054 1727 4105 quam
1761 4039 2022 4107 oﬂcndant
2048 4055 2069 4092 :
2095 4053 2274 4105 nempe

702 4125 767 4177 iis
793 4126 882 4194 qui
909 4126 1201 4194 impingunt
1232 4129 1284 4180 in
1312 4128 1524 4181 verbum
1551 4143 1569 4181 :
1601 4146 1701 4181 non
1728 4130 1992 4184 credentes
2022 4131 2076 4182 in
2105 4130 2178 4192 id,
2204 4131 2275 4181 ad

703 4218 842 4285 quod
872 4217 1032 4269 etiam
1064 4219 1334 4271 constituti
1374 4220 1602 4289 fuerant.
1637 4219 1734 4275 Vos
1766 4229 1939 4273 autem
1979 4236 2141 4290 genus
2172 4219 2275 4272 ele-

702 4316 865 4371 ctum,
888 4309 1064 4378 regale
1086 4312 1458 4373 sacerdotium,
1484 4329 1607 4382 gens
1634 4324 1841 4376 sancta,
1864 4313 2086 4381 populus
2108 4313 2195 4381 qui
2220 4313 2275 4364 in

703 4398 907 4451 lucrum
936 4401 1173 4460 accessit,
1200 4408 1256 4453 ut
1285 4402 1501 4455 virtutes
1533 4404 1858 4456 annuntietis
1892 4403 2036 4456 illius
2066 4404 2154 4472 qui
2189 4418 2275 4454 rus

703 4489 902 4541 vocavit
929 4504 992 4542 ea:
1019 4490 1240 4545 tenebris
1270 4493 1325 4544 in
1354 4494 1724 4546 admirabilem
1758 4510 1911 4546 suam
1942 4494 2107 4545 lucem
2137 4510 2154 4547 :
2185 4494 2274 4561 qui

704 4582 968 4648 quondam
1014 4585 1173 4636 eratis
1222 4601 1322 4637 non
1373 4585 1625 4651 populus,
1678 4601 1816 4638 nunc
1859 4585 2082 4653 populus
2132 4583 2274 4638 Dei:

703 4765 829 4817 estis
874 4765 1288 4818 misericordium
1332 4769 1613 4820 consecuti.
1674 4768 1891 4831 Dilecti,
1940 4769 2151 4822 obsecro
2185 4784 2272 4820 vos

706 4867 960 4924 tanquam
991 4856 1220 4908 advenas
1250 4867 1298 4910 et
1332 4860 1652 4928 peregrinos,
1673 4860 1933 4914 abstinere
1972 4878 2003 4913 α
2037 4860 2272 4913 carnali-

704 4945 800 4999 bus
829 4948 1255 5014 concupiscentiis
1284 4966 1400 5018 qua
1438 4951 1669 5004 militant
1703 4953 1951 5005 adversus
1989 4952 2221 5004 animam
2256 4966 2274 5004 :

704 5040 1148 5093 conversationem
1171 5050 1402 5095 vestram
1427 5043 1611 5097 habete
1635 5044 1907 5097 honestam
1928 5046 2063 5097 inter
2078 5054 2270 5113 gentes,

705 5138 760 5181 ut
801 5130 854 5181 in
892 5133 987 5184 hoc
1024 5133 1160 5200 quod
1200 5137 1485 5187 obtrectant
1519 5135 1657 5189 vobis
1694 5139 1845 5206 quasi
1885 5137 2166 5204 male/icit,
2211 5152 2274 5188 ex

705 5222 850 5274 bonis
897 5224 1137 5289 aperibus
1181 5228 1499 5281 wstirttantes
1538 5244 1650 5291 vos,
1695 5229 1987 5298 gloriﬁcent
2025 5228 2188 5281 Deum
2220 5229 2273 5280 in

704 5310 789 5363 die
822 5313 1162 5370 uisitationis.

781 5400 980 5457 «Vobis
1012 5404 1172 5474 igitur
1200 5408 1290 5476 qui
1322 5408 1563 5472 creditis,
1594 5410 1768 5467 honor
1794 5423 1896 5467 est.
1926 5432 1943 5465 ι
1978 5416 2016 5466 Α
2047 5415 2158 5470 Deo
2187 5418 2271 5471 vi-

700 5492 897 5547 delicet
920 5497 1009 5563 qui
1036 5497 1192 5564 dixit,
1222 5501 1389 5565 l’ono,
1420 5502 1592 5557 honor
1618 5504 1991 5561 distribuitur:
2014 5509 2275 5566 adversus

703 5584 1016 5641 incredulos
1045 5605 1194 5654 vero,
1222 5591 1323 5646 hoc
1350 5595 1512 5647 etiam
1545 5608 1692 5650 nunc
1719 5598 1849 5652 dicit
1886 5597 2028 5655 Deus
2067 5619 2081 5655 :
2120 5602 2269 5657 Pono

702 5678 856 5733 vobis
892 5678 946 5733 in
988 5678 1121 5735 Sion
1162 5682 1393 5752 lapidem
1426 5684 1480 5739 in
1510 5702 1671 5755 quem
1707 5686 2020 5760 impingatis
2052 5708 2065 5744 :
2094 5693 2184 5761 qui
2214 5703 2269 5747 et

780 5860 819 5890 "
850 5857 985 5917 Gen.
1029 5874 1104 5927 tv,
1137 5862 1157 5918 1
1185 5876 1336 5936 seqq.
1417 5865 1460 5897 "
1488 5861 1605 5921 Gcn
1656 5879 1862 5935 xxxvn,
1895 5866 1918 5921 t
1953 5882 2106 5938 seqq.
2183 5870 2228 5902 ¹³
2254 5868 2386 5925 Luc.
2438 5887 2568 5938 xm,
2607 5870 2689 5927 l6.

2464 3770 2624 3837 Ὑμῖν
2654 3765 2770 3824 οὖν
2811 3771 2849 3835 ἡ
2911 3770 3055 3839 τιμὴ
3117 3769 3241 3835 τοῖς
3292 3770 3707 3822 πιστεύουσιν.
3776 3769 3963 3822 Ἀπει-

2380 3860 2554 3914 θοῦσι
2584 3861 2671 3922 δὲ,
2694 3863 2884 3926 λίθος,
2919 3862 2989 3914 ὃν
3012 3861 3465 3928 ἀπεδοκίμασαν
3490 3865 3543 3914 οἱ
3564 3859 3960 3928 οἰκοδομοῦν-

2380 3969 2501 4017 τες,
2540 3948 2717 4017 οὗτος
2754 3952 3003 4021 ἐγενήθη
3047 3955 3133 4017 εις
3174 3952 3705 4020 κε;α.1ὴνγωνίας,
3737 3952 3834 4004 καὶ
3860 3952 3959 4004 ,υ-

2381 4047 2482 4106 θιις
2527 4046 3009 4111 προσκόμματος,
3059 4043 3155 4096 καὶ
3196 4044 3383 4111 πέτρα
3435 4043 3815 4098 σκανδάλου.
3890 4044 3963 4098 οι

2376 4135 2833 4203 προσκόπτουσι
2876 4132 2957 4198 τῷ
2996 4138 3177 4203 λόγῳ,
3228 4134 3616 4200 ἀπειθοῦντες
3652 4138 3740 4200 εἷς
3794 4136 3828 4189 ὃ
3856 4137 3959 4189 και

2374 4224 2693 4290 ἐτέθησαν.
2740 4223 2938 4290 ’Υμεῒς
2963 4224 3030 4275 δὲ
3056 4223 3229 4292 Terei;
3273 4226 3581 4288 ἐκλεκτὸν,
3628 4225 3961 4289 βασίλειον

2374 4315 2708 4383 ἱεράτευμα,
2757 4315 2930 4379 ἔθνος
2988 4315 3176 4382 ἅγιον,
3217 4316 3366 4379 λαὸς
3415 4318 3503 4379 εἰς
3545 4316 3955 4383 περιποίησιν,

2373 4406 2533 4469 ὅπως
2592 4407 2700 4472 τὰς
2747 4406 2960 4473 ἀρετὰς
3017 4408 3403 4475 ἐξαγγείλητε
3436 4407 3541 4459 τοῦ
3588 4408 3653 4458 ἐκ
3686 4409 3959 4475 σκότους

2372 4493 2529 4563 ὑμᾶς
2568 4496 2941 4561 καλέσαντος
2972 4498 3058 4560 εἷς
3088 4496 3152 4548 τὸ
3200 4496 3548 4563 θαυμαστὸν
3592 4494 3752 4560 αὐτῷ
3797 4496 3949 4564 φῶς.

2368 4590 2436 4641 ΟΖ
2461 4605 2604 4641 ποτε
2635 4591 2706 4641 ob
2725 4592 2895 4652 λαός,
2923 4590 3039 4641 νῦν
3058 4588 3125 4640 δὲ
3144 4589 3294 4653 λαός
3322 4588 3470 4641 Θεοῦ
3494 4605 3507 4617 '
3537 4592 3588 4639 oi
3627 4590 3736 4641 οὐκ
3768 4589 3959 4656 ἠλεη-

705 4675 791 4742 qni
847 4676 1112 4742 quondam
1159 4692 1262 4728 non
1306 4679 1566 4730 consecuti
1633 4679 2089 4739 misericordiam,
2134 4694 2273 4730 nunc

2376 4678 2559 4748 μένοι,
2630 4680 2745 4733 νῦν
2800 4680 2868 4732 δὲ
2931 4678 3301 4744 ἐλεηθέντες.

3379 4679 3436 4732 Ἀ
3448 4696 3603 4746 rrum
3612 4680 3695 4731 toi
3706 4719 3722 4741 ,
3766 4695 3960 4746 παρα-

2375 4772 2539 4825 καλῶ
2564 4772 2642 4836 ὡς
2660 4772 2986 4839 παροίκους
3010 4772 3104 4823 καὶ
3129 4770 3593 4838 παρεπιδήμους.
3622 4760 3964 4838 ἀπέχεσθαι

2374 4863 2495 4916 τῶν
2524 4861 2827 4931 σαρκικῶν
2863 4861 3209 4929 ἐπιθυμιῶν,
3257 4863 3484 4925 αἵτινες
3522 4862 3959 4929 στρατεύονται

2376 4960 2525 5013 κατὰ
2562 4960 2673 5027 τῆς
2708 4959 2934 5027 ψυχῆς,
2976 4959 3090 5025 τὴν
3120 4959 3512 5027 ἀναστροφὴν
3549 4958 3719 5027 ὑμῶν
3776 4960 3961 5025 ἕχον-

2375 5070 2473 5117 τες
2502 5053 2701 5118 καλὴν
2730 5053 2800 5105 ἐν
2827 5052 2949 5117 τοῖς
2989 5054 3249 5117 ἔθνεσιν,
3276 5053 3375 5104 ἵνα
3403 5053 3470 5104 ἐν
3496 5044 3544 5118 ᾧ
3573 5050 3957 5105 κατυλιιλτῦ-

2376 5158 2479 5195 σιν
2520 5141 2688 5210 ὑμῶν
2726 5145 2807 5207 ὡς
2864 5142 3220 5207 κακοποιῶν,
3256 5143 3324 5195 ἐκ
3364 5141 3483 5194 τῶν
3541 5141 3746 5195 καλῶν
3765 5144 3960 5210 ἔργων

2374 5234 2849 5298 ἐποπτεύοντες,
2909 5232 3217 5295 δοξάσωσι
3288 5232 3393 5285 τὸν
3453 5232 3601 5285 Θεὸν
3651 5232 3720 5301 ἐν
3760 5232 3957 5301 ἡμέρᾳ

2374 5325 2732 5391 ἐπισκοπῆς.

2451 5433 2469 5464 ‹
2520 5413 2679 5479 ’Υμῖν
2705 5412 2795 5465 οὖν
2832 5414 3030 5484 ἡτιμῆ
3066 5416 3178 5475 τοῖς
3218 5412 3588 5466 πιστεύουσιν·
3631 5431 3648 5463 ³
3685 5412 3830 5483 “Pb;
3854 5413 3953 5466 τθῧ

2375 5505 2621 5567 εἰπόντος
2649 5504 2781 5557 Θεοῦ
2800 5508 2881 5571 τὸ,
2922 5507 3138 5575 τίθημι,
3169 5507 3200 5575 ἡ
3236 5507 3371 5577 τιμὴ
3405 5506 3651 5577 δηλονότι
3674 5505 3955 5575 ἀπονέμε-

2376 5614 2485 5649 ται.
2521 5598 2658 5666 Πρὸς
2688 5599 2797 5667 γὰρ
2829 5601 2954 5661 τοὺς
2980 5598 3339 5661 ἀπειθοῦντας
3382 5575 3539 5649 τοῦτο
3583 5599 3677 5650 καὶ
3719 5595 3816 5648 νῦν
3845 5608 3961 5667 φη-

2375 5693 2459 5744 σὶν
2491 5694 2516 5744 ὁ
2537 5692 2692 5754 Θεόςο
2720 5691 2921 5763 Τίθημι
2953 5694 3079 5763 ὑμῖν
3096 5692 3153 5743 ἐν
3176 5691 3312 5744 Σιὼν
3337 5690 3481 5745 λίθον
3504 5688 3957 5761 προσκόμματος,

2848 5870 3046 5943 prcs.
3080 5889 3152 5937 rt,
3187 5873 3265 5927 ιδ.
3347 5874 3389 5904 ⁸⁵
3426 5870 3441 5924 I
3481 5870 3620 5924 Tim.
3659 5884 3717 5934 ιι,
3750 5868 3805 5924 8.
