4178 6454
189 371 296 437 533

1215 368 1602 432 COMMEXT.
1635 367 1718 429 IN
1748 364 1985 427 EPIST.
2014 365 2043 425 Ι
2075 365 2137 426 S.
2176 365 2427 425 PETRI.

3333 343 3435 410 534

188 505 245 567 ὃς
277 504 373 559 καὶ
418 505 595 575 πέτρα
644 505 967 569 σκανδάλου,
1000 507 1095 559 καὶ
1137 505 1283 569 λίθος
1339 507 1766 577 προσκόμματος

1891 515 2022 559 »ευ-υ
2051 516 2135 561 est
2164 506 2230 559 ad
2258 520 2419 574 quam
2450 502 2751 565 oilendant,
2783 507 2838 553 et
2876 496 3013 565 lapis
3049 492 3099 547 in
3133 504 3292 561 quem
3326 489 3444 540 im—

185 597 301 649 ιστι
354 600 471 659 τοῖς
528 597 866 661 ἀπειθοῦσιν,
922 598 971 650 οἳ
1028 597 1432 666 προσκόπτουσι
1473 596 1551 667 τῷ
1599 597 1762 667 λόγῳ,

184 687 538 752 ἀπειθοῦντες
569 688 648 759 τῷ
686 688 849 759 ,λόγῳ
881 689 1146 759 δηλονότι,
1196 692 1275 752 εἱς
1295 690 1324 742 ὃ
1365 690 1458 742 καὶ
1483 688 1764 759 ἐτέθησαν.

186 776 382 832 Ἔσται
410 775 506 833 οὖν
543 781 604 833 τὸ
640 781 759 835 ὅλον
802 781 997 846 οὕτως·
1044 783 1176 836 Ἰδοὺ
1216 782 1411 852 τίθημι
1435 784 1492 834 ὲν
1528 782 1665 835 Σιὼν
1689 783 1767 836 λί-

185 872 277 922 θτν
300 872 724 940 ἀκρογωνιαῖον,
760 872 997 943 ἔντιμον,
1026 872 1303 927 ἐκλεκτόν.
1321 875 1431 927 Καὶ
1447 875 1474 926 ὁ
1501 874 1770 927 πιστεύων

185 960 275 1016 ἐπ’
336 961 507 1032 αὐτῷ,
564 963 627 1015 οὑ
678 964 751 1033 μὴ
786 964 1182 1035 καταισχυνθῇ,
1240 964 1458 1034 ἔντιμον
1489 965 1619 1034 ὑμῖν
1659 968 1770 1027 τοῖς

187 1053 559 1115 πιστεύουσιν,
588 1054 873 1108 ἀπειθοῦσι
900 1055 977 1118 δὲ,
1005 1054 1152 1108 λίθον
1176 1058 1628 1126 προσκόμματος.
1670 1058 1768 1111 Ὃν

185 1137 335 1190 λίθον
363 1140 780 1211 ἀπεδοκίμασαν
817 1143 916 1211 μὲν
961 1143 1010 1195 οἱ
1043 1143 1491 1213 οἱκοδομοῦντες,
1534 1138 1686 1204 οὗτος
1715 1144 1771 1196 δὲ

186 1229 428 1301 ἐγενήθη
482 1235 562 1297 εἱς
616 1234 861 1305 κεφαλὴν
914 1235 1136 1304 γωνίας,
1196 1237 1491 1290 συνάπτων
1520 1237 1771 1306 μὲντοὺς

189 1325 545 1385 πιστεύοντας
576 1327 657 1389 είς
687 1326 850 1379 αὐτόν
873 1344 885 1357 ·
914 1327 1062 1392 λίθος
1092 1330 1155 1381 δὲ
1202 1332 1623 1400 προσκόμματος
1650 1330 1773 1382 τού-

188 1433 324 1477 τοις,
357 1417 408 1467 οῖ
442 1418 843 1485 προσκόπτουσι
896 1417 974 1489 τῷ
1003 1418 1147 1488 λόγῳ
1175 1420 1269 1472 τοῦ
1303 1419 1634 1486 Εὑαγγε).ίου
1676 1419 1771 1490 δη-

188 1505 322 1576 λαδὴ
355 1506 728 1573 ἀπειθοῦντες.
766 1510 889 1574 «Εἰς
908 1510 936 1563 ὃ
960 1510 1054 1563 καὶ
1080 1511 1398 1580 ἐτέθησαν.ι
1426 1513 1539 1581 Οὐχ
1569 1512 1642 1574 ὼς
1666 1513 1773 1566 ἀπὸ

187 1595 282 1649 τοῦ
308 1597 445 1650 Θεοῦ
474 1599 555 1662 εἱς
580 1600 739 1654 τοῦτο
784 1602 1188 1671 ἀῳωρισμὲνοις
1237 1605 1478 1672 εἴρηται.
1533 1603 1773 1672 Οὐδεμία

188 1687 296 1756 γὰρ
329 1690 481 1742 αἱτία
514 1691 817 1754 ἀπωλείας,
878 1696 1030 1764 παρά
1081 1694 1175 1747 τοῦ
1210 1696 1417 1759 πάντας
1446 1696 1773 1766 ἀνθρώπους

187 1777 437 1843 θέλοντος
494 1781 736 1851 σωθῆναι
794 1782 1147 1852 βραϐεύεται,
1205 1785 1340 1838 ἀλλὰ
1387 1789 1503 1850 τοῖς
1549 1789 1773 1851 ἑαυτοὺς

191 1870 360 1940 σκεύη
400 1872 794 1940 κατηρτικόσιν
822 1874 1013 1943 ὀργῆς,
1058 1876 1153 1927 καὶ
1192 1876 1225 1945 ἠ
1278 1876 1531 1929 ἀπείθεια
1574 1878 1776 1945 ἐπηκο-

189 1960 447 2029 ὶούθησε,
500 1965 596 2015 καὶ
633 1966 712 2027 εἰς
758 1965 828 2035 ἢν
864 1966 1289 2034 παρεσκεύασαν
1347 1968 1574 2031 ἑαυτοὺς
1623 1969 1777 2035 τάξιν

187 2050 479 2120 ἐτέθησαν.
524 2044 587 2106 Εἰ
640 2055 748 2123 γὰρ
796 2056 1144 2121 αὐτεξούσιος
1196 2060 1224 2110 ὁ
1255 2058 1541 2129 ἄνθρωπος
1564 2060 1775 2128 γέγονε,

188 2146 286 2196 aui.
322 2146 425 2197 οὐκ
458 2146 570 2198 ἔστι
603 2145 885 2216 βιάζεσθαι
906 2149 970 2201 τὸ
1001 2150 1370 2216 αὐτεξούσιον,
1394 2154 1493 2205 οὐκ
1520 2152 1585 2206 ἂν
1609 2152 1777 2207 εἰκότι

193 2236 475 2304 μέμψαιτό
502 2255 586 2300 τις
623 2240 767 2310 λόγῳ
790 2241 869 2308 τῷ
920 2244 1179 2312 τοιαύτης
1216 2243 1423 2315 λήξεως
1482 2245 1776 2311 ἀξιώσαντι

190 2328 405 2391 τοῦτον,
438 2325 502 2401 ἦς
526 2331 612 2383 διὰ
634 2333 740 2384 τῶν
761 2334 926 2387 αὐτοῦ
947 2335 1123 2404 ἔργων
1140 2339 1167 2389 ὁ
1182 2336 1352 2390 ταῦτα
1370 2338 1575 2407 δράσας
1600 2339 1777 2414 ἑαυτῷ

192 2422 625 2492 ἐμνηστεύσατο.
667 2426 1088 2494 Ἀκρογωνιαῖος
1106 2429 1161 2482 δὲ
1188 2430 1333 2492 λίθος
1350 2431 1564 2502 εἴρηται
1591 2435 1618 2485 ό
1641 2434 1682 2486 Χ
1693 2451 1779 2503 ρι-

194 2513 343 2578 στὸς,
368 2515 445 2577 ὡς
472 2517 597 2579 τοὺς
635 2516 730 2569 δύο
758 2518 972 2589 τοίχους
1005 2520 1131 2583 τοὺς
1176 2522 1269 2574 τὸν
1316 2523 1591 2593 Πατρικὸν
1632 2523 1781 2580 οἷκον

191 2606 617 2671 ἀποτελοῦντας,
653 2610 771 2678 ἦτοι
806 2611 931 2673 τοὺς
966 2612 1025 2676 ἐξ
1060 2612 1229 2666 ἐθνῶν
1262 2616 1355 2669 καὶ
1401 2616 1666 2671 Ἰουδαίων
1695 2621 1782 2674 διὰ

192 2695 297 2763 τῆς
324 2696 519 2749 ἑαυτοῦ
546 2702 837 2754 συνάπτων
881 2703 1118 2773 ἐπαφῆς,
1146 2706 1239 2758 καὶ
1275 2708 1355 2770 εἱς
1396 2709 1523 2777 μίαν
1552 2712 1785 2780 συσφίγ-

202 2806 317 2854 γων
361 2791 721 2859 ἀρμολογίαν,
764 2793 872 2847 τῶν
923 2796 1021 2864 μὲν
1043 2796 1140 2859 τάς
1176 2798 1472 2867 ἀνωφελεῖς
1512 2803 1789 2870 ἀφανίζων

192 2883 412 2947 θυσίας,
439 2886 549 2937 τῶν
578 2887 633 2938 δὲ
656 2888 757 2957 τὴν
780 2889 1107 2961 δαιμονιώδη
1149 2894 1460 2962 μετατιθεὶς
1502 2897 1580 2960 εἱς
1624 2898 1787 2953 εὐσέ-

193 2975 350 3026 6ειαν
374 2974 431 3028 δε
448 2975 835 3044 ισιδαιμονίαν.
882 2997 901 3031 ι
946 2980 1135 3050 Ὑμεῖς
1164 2984 1219 3036 δὲ
1258 2986 1417 3052 γένος
1450 2987 1731 3046 ἐκλεκτόν.
1761 3009 1779 3043 ι

195 3064 485 3118 Διαόα).ὼν
523 3069 626 3136 τὴν
675 3069 784 3121 τῶν
824 3071 1197 3126 ἀπειθούντων
1247 3080 1637 3148 κακοτροπίαν,
1694 3084 1789 3137 καὶ

1872 599 2095 668 pingam
2141 596 2406 651 increduli
2460 611 2473 649 :
2532 592 2697 664 496
2742 592 2831 659 qui
2873 587 3123 643 videlicet
3178 577 3440 635 increduli

1872 700 2155 745 manentes
2198 688 2458 754 sermoni,
2501 686 2807 756 impingunt
2847 681 2900 734 in
2941 680 3091 734 illum
3133 689 3149 729 :
3190 674 3256 728 ad
3298 669 3443 741 quod

1872 782 2125 837 videlicet
2166 780 2326 834 etiam
2374 776 2653 832 constituti
2706 772 2943 827 fuerant.
2996 769 3110 823 Erit
3160 780 3289 833 ergo
3334 770 3444 815 tota

1873 873 2136 944 particula
2165 871 2270 925 hoc
2310 870 2470 923 modo
2496 866 2795 923 ordinanda
2827 879 2840 917 :
2878 861 3015 915 Ecce
3054 873 3196 929 pono
3226 857 3281 910 iu
3313 855 3444 955 Sion

1873 965 2104 1035 lapidem
2151 961 2492 1033 angularem,
2523 959 2752 1013 electum
2797 964 2852 1010 et
2898 953 3221 1025 pretiosum,
3263 954 3318 1001 et
3352 953 3444 1013 qui

1872 1056 2164 1113 crediderit
2210 1055 2263 1109 in
2310 1054 2423 1117 illo,
2456 1068 2564 1105 non
2613 1048 2849 1119 pudeliet
2900 1059 2915 1100 :
2962 1043 3261 1115 pretiosum
3296 1038 3448 1091 vobis

1873 1148 1964 1217 qui
2003 1146 2245 1209 creditis,
2283 1143 2583 1199 incredulis
2618 1156 2748 1195 vero
2782 1138 3014 1207 lapidem
3059 1136 3111 1188 iu
3149 1148 3309 1201 quem
3349 1128 3449 1181 im—

1874 1242 2136 1313 pingant:
2162 1253 2324 1307 quem
2359 1236 2589 1306 lapidem
2622 1232 3045 1302 reprohaverunt
3073 1225 3288 1294 quidem
3317 1220 3450 1275 tedi-

1874 1332 2121 1393 ﬁcantes,
2152 1330 2241 1383 hic
2270 1336 2450 1382 autem
2483 1326 2657 1380 factus
2687 1333 2769 1377 est
2798 1329 2960 1390 caput
2989 1316 3190 1387 anguli,
3214 1313 3446 1380 conjun-

1876 1440 2010 1494 gens
2044 1423 2332 1477 credentes
2371 1420 2424 1473 in
2466 1434 2634 1472 unum
2668 1432 2682 1468 :
2722 1415 2857 1483 lapis
2897 1427 3026 1465 vero
3066 1410 3118 1462 in
3154 1422 3313 1476 quem
3348 1405 3453 1504 im-

1876 1516 2118 1586 pingitur
2155 1524 2239 1568 est
2288 1512 2353 1566 iis
2394 1511 2487 1581 qui
2540 1508 2869 1577 impingunt.
2914 1500 3151 1555 sermoni
3202 1498 3453 1597 videlicet

1878 1608 2151 1678 Evangelii
2182 1621 2289 1660 non
2324 1604 2632 1658 credentes.
2670 1599 2780 1653 ιΑι]
2811 1594 3137 1666 quodetiam
3169 1588 3448 1645 constituti

1876 1709 2050 1755 sunt:
2086 1719 2104 1751 ι
2146 1714 2254 1752 non
2298 1696 2449 1765 quasi
2495 1694 2559 1749 ad
2584 1695 2687 1749 hoc
2726 1692 2835 1746 sint
2863 1687 3124 1760 segregati
3168 1702 3197 1738 a
3246 1683 3355 1736 Deo
3399 1680 3451 1733 id

1878 1794 2081 1847 dictum
2110 1800 2214 1845 est.
2251 1788 2406 1842 Nulla
2438 1787 2583 1841 enim
2620 1782 2942 1855 perditionis
2969 1794 3133 1833 causa
3166 1776 3233 1829 ab
3265 1789 3329 1827 eo
3358 1772 3451 1839 qui

1881 1886 1993 1940 vult
2036 1898 2228 1937 omnes
2277 1880 2529 1935 homines
2573 1876 2750 1931 salvos
2791 1873 2907 1928 ﬁeri
2962 1869 3316 1927 ministratur,
3356 1863 3451 1917 sed

1875 1994 1970 2033 eos
1999 1976 2091 2047 qui
2127 1975 2339 2046 seipsos
2371 1987 2498 2028 vasa
2534 1972 2627 2025 ira:
2657 1968 2978 2030 cﬂ‘ecerunt,
3013 1974 3067 2017 et
3102 1957 3454 2015 incredulitas

1876 2079 2061 2124 secuta
2088 2076 2189 2131 est,
2233 2075 2289 2120 et
2318 2066 2374 2118 in
2409 2078 2475 2118 eo
2505 2061 2697 2116 ordine
2727 2055 3008 2114 constituti
3042 2063 3170 2108 sunt
3198 2051 3264 2105 ad
3291 2063 3453 2118 quem

1876 2175 1998 2215 sese
2045 2162 2505 2229 praeparaverant.
2542 2153 2599 2209 Si
2643 2151 2790 2207 enim
2834 2147 2990 2204 liberi
3034 2145 3243 2201 arbitrii
3291 2143 3455 2196 homo

1877 2254 2053 2308 factus
2082 2261 2185 2313 est,
2220 2266 2321 2305 nec
2359 2256 2540 2320 potest
2568 2245 2685 2316 cogi
2724 2243 2953 2298 liberum
2994 2236 3299 2301 arbitrium,
3359 2248 3477 2327 ne-b

1876 2360 2150 2417 quaquam
2183 2341 2395 2398 decenti
2424 2353 2676 2395 sermone
2701 2335 2972 2406 quispiam
3000 2347 3126 2387 eum
3155 2342 3453 2384 accusave-

1877 2442 1967 2504 rit,
2000 2440 2089 2508 qui
2123 2438 2282 2493 talem
2317 2434 2420 2506 ipsi
2451 2441 2655 2488 sortem
2686 2427 2950 2492 decrevit,
2987 2439 3147 2495 quam
3181 2423 3293 2476 suis
3324 2433 3456 2488 epe-

1878 2531 2031 2585 ribus
2059 2529 2105 2583 is
2130 2528 2221 2599 qui
2256 2542 2320 2581 ea
2351 2533 2612 2595 operatus
2647 2528 2730 2576 est
2770 2518 2876 2574 sibi
2910 2517 3011 2587 ipsi
3046 2513 3256 2569 ascivit.
3286 2511 3457 2564 Porro

1879 2625 2020 2694 lapis
2054 2620 2331 2693 angularis
2368 2618 2547 2674 dictus
2589 2625 2673 2671 est
2712 2613 2983 2674 Christus,
3024 2619 3279 2677 tanquam
3320 2606 3457 2703 duos

1882 2718 2120 2786 parietes
2139 2713 2427 2767 l’aternam
2453 2710 2673 2765 domum
2702 2704 3069 2777 perﬁcientcs,
3102 2700 3215 2755 sive
3243 2713 3336 2751 eos
3364 2700 3457 2765 qui

1883 2824 1948 2862 ex
1976 2804 2231 2875 gentibus
2262 2814 2417 2857 erant
2456 2810 2513 2856 et
2552 2798 2752 2855 Judaais
2793 2812 2892 2852 suo
2930 2802 3183 2850 contactu
3226 2798 3459 2858 conjun-

1884 2915 2036 2972 gens,
2064 2907 2118 2952 et
2150 2898 2204 2952 in
2237 2912 2399 2951 unam
2431 2894 2696 2963 adaptatis
2725 2887 3163 2945 convenientiam
3193 2903 3207 2942 ;
3238 2882 3461 2943 inutiles

1882 2990 2099 3059 quidem
2137 2987 2343 3041 hostias
2374 3003 2402 3041 e
2436 2985 2620 3040 medio
2654 2982 2868 3043 tollens,
2903 2978 3294 3034 dazntoniaeam
3330 2987 3460 3027 vero

1884 3079 2328 3149 superstitionem
2372 3078 2439 3131 ad
2482 3090 2669 3130 verum
2717 3071 3053 3128 transf‘crcns
3097 3068 3189 3122 Dei
3230 3067 3457 3120 cultum.

193 3157 346 3219 ὅπως
382 3158 535 3211 αὐτοὶ
579 3160 791 3224 ἑαυτοῖς
827 3165 1107 3233 παραίτιοι
1163 3169 1574 3239 κατεστάθησαν
1627 3174 1783 3227 ἀπει-

1892 3173 2031 3229 «Vos
2059 3181 2239 3226 autem
2272 3186 2443 3242 genus
2469 3169 2723 3223 electum.
2774 3185 2792 3217 ι
2828 3165 3115 3232 Postquam
3151 3158 3463 3214 incredulo-

218 3248 371 3311 ιείας,
415 3249 511 3302 νῦν
556 3252 869 3319 μεταϐαίνει
922 3256 1061 3324 πρὸς
1099 3257 1321 3311 ἔπαινον
1362 3261 1471 3314 τῶν
1500 3265 1785 3335 κατωρθωο

194 3342 397 3406 κάτων,
433 3345 527 3395 καί
557 3360 743 3412 φησιν,
789 3347 868 3399 ὅτι
937 3348 1125 3417 Ὑμεῖς
1170 3351 1328 3417 γένος
1371 3353 1646 3421 ἐκλεκτὸν,
1692 3356 1786 3427 βαρ

196 3433 402 3487 σίλειον
455 3437 777 3507 ἱεράτευμα,
826 3438 1068 3510 ὡσπερεὶ
1124 3440 1311 3511 ἔλεγεν
1347 3459 1362 3475 ⁸
1398 3446 1625 3501 Ἐκεῖνοι
1688 3450 1787 3519 μὲν

194 3524 288 3576 διὰ
320 3527 669 3597 σκληρότητα
698 3530 791 3581 καὶ
813 3531 1121 3596 ἀπείθειαν,
1153 3535 1501 3609 προσέκοψαν
1525 3537 1603 3608 τῷ
1623 3540 1788 3612 ἀκρο-

196 3617 461 3686 γωνιαίῳ,
497 3618 613 3669 di)!
653 3620 714 3672 οὺ
757 3622 1302 3693 συνῳκοδομήθησαν.
1360 3627 1546 3698 Ὑμεῖς
1597 3629 1654 3682 δὲ
1691 3632 1788 3700 οὐχ

198 3708 396 3773 οὕτως,
441 3712 581 3764 ἀλλὰ
636 3712 707 3766 δι’
782 3716 1098 3771 εὐπείθειαν
1160 3719 1653 3792 συνῳκοδομήθητε
1707 3724 1789 3788 είς

203 3797 484 3870 βασίλειον
533 3806 858 3877 ἱεράτευμα,
891 3810 969 3873 ώς
1001 3811 1157 3878 γένος
1204 3812 1485 3878 ἐκλεκτὸν,
1537 3816 1613 3879 ὡς
1639 3816 1790 3881 ἔθνος

200 3894 379 3961 ἅγιον.
408 3896 556 3966 Πλὴν
586 3898 675 3952 ἶνα
705 3899 780 3969 μὴ
808 3900 889 3968 τῷ
926 3902 1168 3972 περιττῷ
1205 3902 1413 3973 ἐπαίνῳ
1452 3905 1657 3977 ἱκλύσῃ
1694 3907 1793 3960 αὐ-

200 3989 351 4049 τοὺς,
384 3988 559 4050 ἄλλως
585 4006 644 4042 τε
677 3992 772 4044 καὶ⁵
824 3992 908 4045 ῖνα
946 3994 1019 4063 μὴ
1062 3995 1527 4067 ἀποκληρωτικῶς
1567 3998 1792 4065 δόξωσιν

204 4078 356 4146 ἔχειν
378 4080 442 4131 τὸ
474 4081 629 4147 ἅγιον
662 4082 812 4145 ἔθνος
844 4084 939 4137 καὶ
989 4086 1088 4138 ὅσα
1110 4085 1257 4155 ἑξῆς,
1283 4090 1373 4141 καὶ
1404 4090 1595 4143 ὅτιδιά
1619 4091 1678 4143 τὸ
1698 4089 1792 4145 τοῦ

216 4169 474 4240 ’Δσραάμ
494 4168 633 4225 εἶναι
661 4174 818 4241 γένος
850 4176 943 4227 καὶ
976 4176 1112 4245 μηδὲ
1145 4194 1275 4230 ποτε
1303 4180 1635 4249 προσκόψαι,
1665 4181 1797 4235 ταύ-

201 4277 304 4330 της
338 4263 653 4333 ἠξιώθησαν
682 4266 782 4333 τῆς
811 4267 999 4335 τιμῆς,
1032 4270 1230 4334 ἐπάγει
1268 4272 1652 4324 καταστέλλων
1693 4272 1795 4325 αὐ-

203 4353 316 4407 τῶν
361 4355 423 4408 τὸ
481 4356 737 4426 φρόνημα
782 4359 875 4411 καί
925 4377 1123 4430 φησιν·
1154 4364 1236 4417 ὅτι
1276 4365 1369 4432 Μὴ
1415 4364 1559 4435 μέγα
1591 4368 1682 4419 ἐπὶ
1718 4367 1796 4437 τῷ

204 4443 360 4510 γένει
388 4447 658 4511 φρονεῖτε.
692 4448 767 4499 Οὐ
814 4448 924 4519 γὰρ
951 4449 1040 4502 διὰ
1086 4451 1177 4503 τὶν
1214 4452 1465 4523 Ἀϐραὰμ
1506 4452 1795 4523 ὲξελέγητε

1887 3281 2007 3320 rum
2038 3264 2389 3335 reprehendit
2418 3261 2819 3331 improbitatem
2849 3272 3085 3315 morum,
3107 3264 3161 3308 et
3185 3252 3327 3322 quod
3358 3249 3462 3319 ipsi

1887 3356 1992 3411 sibi
2021 3355 2151 3426 ipsis
2184 3370 2345 3409 causa
2373 3353 2551 3408 etlecti
2585 3351 2814 3406 fuissent
2836 3344 3247 3407 incredulitatis,
3271 3340 3467 3396 transit

1887 3460 2035 3501 nunc
2078 3447 2141 3500 ad
2198 3445 2412 3499 laudem
2444 3460 2633 3499 eorum
2663 3443 2755 3512 qui
2805 3440 3017 3512 egregia
3076 3435 3465 3508 prmstiterant,

1891 3546 1946 3592 et
1980 3538 2056 3591 ait
2090 3554 2102 3591 ε
2138 3536 2246 3591 Vos
2282 3536 2411 3591 estis
2455 3550 2626 3605 genus
2660 3540 2895 3588 electum
2919 3574 2933 3597 ,
2990 3529 3165 3600 regale
3216 3525 3468 3582 sacerdo-

1892 3629 2025 3684 tium
2065 3648 2078 3683 :
2128 3644 2192 3682 ac
2240 3628 2281 3682 si
2332 3628 2538 3682 diceret
2584 3644 2597 3681 :
2649 3626 2727 3680 llli
2778 3624 2997 3694 quidem
3038 3638 3136 3677 sua
3178 3618 3375 3675 duritia
3416 3626 3471 3672 et

1891 3724 2258 3781 inobedientia
2287 3725 2628 3795 impegerunt
2662 3722 2714 3776 in
2748 3721 2981 3791 lapidem
3014 3718 3346 3789 angularem.
3374 3714 3471 3769 sed

1891 3830 2001 3870 non
2039 3816 2356 3871 coaediﬁcati
2390 3824 2518 3869 sunt
2555 3831 2568 3865 :
2602 3830 2699 3869 vos
2727 3822 2909 3868 autem
2952 3828 3060 3865 non
3097 3812 3192 3872 ita,
3238 3809 3331 3862 sed
3373 3822 3471 3876 per

1892 3908 2261 3963 obedientiam
2293 3910 2556 3963 exstructi
2590 3907 2724 3962 estis
2758 3905 2812 3958 in
2854 3903 3035 3975 regale
3066 3900 3428 3956 sacerdotiqu
3456 3912 3469 3950 :

1893 4008 2152 4068 tanquam
2194 4015 2366 4069 genus
2402 4000 2659 4063 electum,
2700 4007 2955 4066 tanquam
2991 4010 3123 4064 gens
3151 4000 3359 4047 sancta.
3396 3989 3474 4042 Ne

1894 4102 2077 4148 tamen
2120 4095 2286 4148 nimia
2333 4094 2492 4148 laude
2541 4092 2802 4147 dissolvat
2852 4089 2996 4157 ipsos
3044 4106 3057 4141 :
3105 4094 3161 4140 et
3210 4093 3474 4153 praeterea

1896 4200 1965 4238 ne
2007 4182 2349 4239 haereditario
2385 4183 2618 4253 quodam
2658 4181 2782 4251 jure
2824 4179 3027 4232 habere
3067 4175 3385 4230 viderentur
3418 4181 3477 4226 ut

1897 4291 2029 4346 gens
2077 4285 2260 4330 sancta
2310 4283 2495 4329 essent
2539 4290 2603 4329 ac
2642 4281 2838 4327 cartera
2871 4285 2991 4339 quze
3035 4275 3339 4336 sequuntur
3372 4282 3385 4318 ζ
3422 4274 3479 4318 et

1897 4367 2041 4436 quod
2087 4366 2209 4421 ideo
2256 4367 2348 4420 tali
2396 4366 2606 4420 honore
2644 4364 2793 4435 digni
2836 4361 3004 4416 habiti
3052 4360 3306 4422 fuissent,
3352 4356 3478 4426 quia

1901 4473 2071 4529 genus
2111 4458 2384 4511 Abraham
2423 4467 2628 4521 essent,
2675 4470 2778 4511 nec
2820 4468 3056 4523 unquam
3102 4450 3478 4520 impegissent,

202 4536 289 4596 εἱς
314 4536 585 4604 βασίλειον
611 4516 930 4609 ἱεράτευμα.
958 4543 1022 4594 Οἱ
1046 4542 1155 4611 γὰρ
1179 4543 1238 4607 ἐξ
1255 4516 1783 4614 αὐ-τοῦνπροεὶθόντες

1903 4516 2184 4619 subjungit
2206 4548 2573 4619 comprimens
2602 4547 2817 4601 illorum
2842 4547 3064 4604 fastum.
3091 4552 3145 4597 et
3166 4543 3242 4597 ait
3272 4557 3285 4593 :
3315 4539 3478 4610 497

202 4626 605 4699 διεσταλμὲνην
662 4626 807 4700 εῐχον
852 4633 948 4702 τὴν
1010 4636 1290 4703 ἱερατείαν
1325 4637 1462 4708 πρὸς
1505 4638 1605 4707 τὴν
1635 4638 1792 4708 βασι-

206 4718 380 4773 λείαν.
414 4721 492 4772 Οὐ
550 4720 639 4773 διὰ
682 4722 772 4775 τὸν
814 4723 1069 4795 Ἀϐραάμ
1098 4727 1275 4779 τοίνυν
1332 4728 1481 4792 ἔθνος
1522 4730 1645 4781 ὲστὲ
1702 4731 1794 4783 καὶ

208 4811 367 4878 γένος
392 4813 677 4876 ἐκλεκτὸν,
730 4816 820 4867 καὶ
852 4818 932 4878 εἰς
995 4817 1261 4883 βασίλειον
1308 4821 1608 4890 ἱεράτευμα
1648 4823 1798 4889 ἀφω-

208 4904 481 4971 ρισμένοι.
507 4905 676 4957 Οὐδὲν
703 4910 813 4976 γὰρ
862 4909 1069 4962 τούτων
1115 4914 1481 4981 ἐχρημάτισεν
1520 4914 1793 4983 ’Λϐραὰμ,

204 4991 345 5044 ἀλλά
376 4993 468 5046 διὰ
526 4994 777 5063 Χριστόν.
820 4998 915 5060 Ὃς
955 5001 1047 5050 καὶ
1100 5001 1275 5069 ἱερεὺς
1326 5001 1466 5054 κατά
1517 5004 1615 5071 τὴν
1648 5003 1798 5068 τάξιν

204 5081 546 5151 Μελχισεδὲκ
573 5085 932 5155 ἐχρημάτισε,
964 5090 1055 5141 καὶ
1087 5088 1339 5158 βασιλεὺς
1366 5090 1565 5160 πραῢς,
1594 5092 1797 5158 δίκαιος

205 5176 308 5228 καὶ
335 5177 548 5242 σώζων,
577 5177 672 5230 καὶ
705 5179 798 5230 ἐπὶ
814 5179 991 5233 πῶλον
1018 5181 1361 5251 ἐπιϐεϐηκὼς
1394 5184 1538 5240 ὄνου.

1902 4641 1979 4696 Ne
2014 4642 2083 4697 ob
2118 4658 2289 4712 genus
2322 4642 2691 4707 extollamini;
2724 4656 2833 4694 non
2879 4639 3025 4694 enim
3054 4645 3275 4707 propter
3308 4636 3480 4689 Abra-

1905 4732 2030 4785 ham
2066 4734 2225 4787 electi
2263 4734 2396 4787 estis
2440 4732 2494 4785 in
2544 4732 2725 4804 regale
2768 4730 3133 4786 sacerdotium
3171 4736 3186 4779 t
3233 4743 3356 4781 nam
3390 4726 3480 4794 qui

1902 4824 1971 4876 ab
2006 4824 2123 4893 ipso
2163 4834 2569 4893 processerant,
2606 4824 2999 4878 sacerdotalem
3038 4823 3235 4876 tribum
3270 4836 3300 4873 a
3337 4820 3482 4889 regia

1905 4912 2219 4967 distinctam
2259 4914 2573 4971 habebant:
2607 4931 2717 4969 non
2765 4929 2896 4983 ergo
2948 4921 3172 4983 propter
3207 4910 3482 4965 Abraham

1906 5020 2041 5075 gens
2072 5021 2133 5059 ac
2164 5022 2337 5076 genus
2378 5009 2616 5063 electum
2649 5008 2782 5062 estis
2812 5022 2874 5060 ac
2904 5004 3167 5076 segregati
3214 5004 3268 5057 in
3304 5001 3485 5071 regale

1905 5096 2267 5152 sacerdotium
2294 5114 2307 5151 :
2333 5100 2466 5153 nihil
2492 5102 2638 5153 enim
2669 5101 2861 5153 horum
2886 5098 2952 5151 de
2976 5097 3248 5151 Abraham
3277 5095 3482 5149 dictum

1905 5199 2009 5245 est.
2050 5189 2154 5245 Sed
2187 5201 2405 5260 propter
2442 5192 2742 5256 Christum,
2783 5190 2876 5260 qui
2918 5198 2973 5244 et
3030 5190 3285 5243 sacerdos
3331 5186 3485 5255 juxta

205 5272 463 5327 ordinem
502 5274 869 5331 Melchisedec
895 5276 1080 5333 dictus
1103 5287 1185 5334 est
1218 5280 1283 5346 ’⁸,
1317 5296 1412 5334 rex
1444 5292 1779 5351 mansuetus,
1806 5284 1988 5355 justus
2047 5295 2105 5341 et
2152 5288 2357 5341 salvum
2409 5287 2617 5342 faciens
2639 5287 2720 5339 ’τε
2766 5286 2857 5355 qui
2907 5284 3071 5339 etiam
3122 5296 3286 5352 super
3318 5281 3487 5335 asinae

206 5365 424 5434 pullum
457 5368 725 5422 ascendit.

295 5461 391 5526 Ἐξ
406 5462 572 5515 αὐτοῦ
588 5463 873 5517 τοίνυντοῦ
891 5465 959 5518 τά
980 5466 1264 5538 ἀμφότερα
1282 5468 1573 5539 ἐσχηκότος
1593 5469 1682 5523 διὰ
1700 5468 1796 5524 τοῦ

207 5552 375 5618 ἁγίου
398 5554 855 5625 ἀνατεννηθέντες
875 5556 1272 5628 βαπτίσματος,
1290 5560 1515 5623 εἰκότως
1534 5562 1627 5616 καὶ
1645 5563 1799 5628 γένος

208 5642 473 5695 ἐκλεκτὸν
489 5644 874 5714 χρηματίζετε,
891 5649 984 5700 καὶ
999 5648 1266 5718 βασίλειον
1287 5651 1605 5720 ἱεράτευμα.
1628 5651 1801 5705 Τοῦτο

290 5826 338 5856 ’⁸⁸
371 5826 511 5880 l'sal.
541 5843 647 5888 etv,
684 5827 737 5880 .l.
851 5830 896 5861 ³⁷
919 5828 1148 5885 Zachar.
1183 5844 1260 5892 ιχ,
1288 5827 1357 5893 0;
1392 5826 1582 5885 Matth.
1611 5844 1721 5897 xxi,

1978 5468 2062 5524 Ab
2113 5483 2179 5522 eo
2221 5466 2384 5537 igitur
2437 5465 2523 5534 qui
2584 5473 2874 5532 utrumque
2926 5460 3137 5524 habuit,
3191 5473 3287 5529 per
3347 5458 3485 5513 sacri

1906 5559 2253 5631 baptismatis
2318 5558 2719 5623 renascentiam,
2773 5554 2966 5609 merito
3022 5561 3078 5607 et
3137 5566 3309 5623 genus
3385 5549 3490 5603 οπε-

1909 5660 2056 5708 ctum
2122 5649 2472 5721 appellamiui
2531 5657 2583 5704 et
2674 5648 2848 5719 regale
2917 5643 3304 5701 sacerdotium.
3376 5641 3490 5695 lloe
