4178 6454
730 408 835 474 535

1786 416 2113 478 CECUMEN
2124 416 2182 476 ΙΙ
2211 416 2311 476 TR

2414 417 2500 477 LE
2536 414 2887 479 EPISCOPI
3879 412 3989 475 536

729 535 908 581 autem
944 526 1150 582 habetis
1207 529 1347 584 illius
1399 531 1766 586 misericordia
1798 532 1888 601 qui
1936 532 2003 587 de
2058 532 2297 587 tenebris

2414 533 2452 586 Ξὲ
2471 533 2604 604 ἐλέῳ
2626 530 2796 587 αὑτοῦ
2812 530 2905 583 τοῦ
2925 530 2988 581 ὲκ
3011 529 3233 591 σκότους
3260 528 3401 598 ὑμᾶς
3426 527 3505 590 εἰς
3526 527 3587 581 τὸ
3611 526 3994 594 θαυμαστικὺν

731 631 827 673 vos
856 620 1065 673 vocavit
1103 620 1153 672 in
1186 621 1556 678 admirabilem
1612 639 1764 677 suam
1808 623 2007 677 lucem.
2045 624 2169 678 Ideo
2201 638 2298 691 per

730 726 893 779 opera
927 720 1099 763 vestra
1130 712 1183 765 in
1240 713 1357 767 luce
1404 715 1542 769 facta
1582 715 1792 770 czeteris
1826 716 2138 771 hominibus
2198 731 2297 769 an-

730 804 977 857 nuntiate
1022 805 1251 860 virtutes
1308 808 1496 875 ipsius.
1558 806 1673 862 Hoc
1748 808 1931 877 itaque
1988 824 2052 862 ex
2129 808 2295 871 illius,

731 895 926 963 inquit,
984 896 1313 967 benignitate
1356 898 1608 954 habetis:
1666 900 2109 969 quandoquidem
2154 899 2296 969 quod

731 985 799 1041 ad
827 1003 925 1041 vos
950 990 1143 1042 attinet
1196 989 1428 1058 populus
1477 991 1628 1052 estis,
1662 991 1753 1060 qui
1806 990 2078 1061 quondam
2132 992 2298 1045 eratis

732 1090 843 1128 non
893 1079 1153 1146 populus:
1224 1088 1278 1133 et
1352 1081 1784 1135 misericordiam
1842 1082 2157 1145 consecuti,
2208 1080 2298 1149 qui

732 1169 1000 1237 quondam
1036 1185 1142 1224 non
1176 1171 1341 1225 eratis
1374 1172 1796 1226 misericordiam
1828 1173 2126 1227 consecuti.
2176 1172 2296 1226 Elii-

732 1258 880 1312 eiens
898 1267 1078 1312 autem
1112 1270 1170 1314 ut
1207 1277 1385 1317 sermo
1432 1264 1601 1331 magis
1653 1263 1777 1316 odio
1806 1273 2007 1328 careat,
2065 1280 2130 1319 ex
2162 1263 2299 1318 Osee

734 1352 1017 1405 continuat
1041 1354 1312 1421 opprobrii
1343 1355 1722 1408 sermonem”.
1735 1375 1752 1406 ι
1786 1357 2120 1412 Annuntiate
2142 1358 2301 1428 igitur

737 1456 830 1508 per
868 1441 1063 1496 bonam
1095 1445 1457 1513 operationem
1494 1446 1725 1502 virtutes
1751 1448 1979 1518 ipsius.)
2016 1449 2301 1514 Quomodo

735 1543 916 1587 autem
947 1537 1313 1590 annuntiant?
1342 1536 1462 1607 Ipse
1493 1539 1753 1594 Dominus
1796 1540 1976 1605 docet,
2027 1556 2152 1595 cum
2189 1541 2297 1595 ait:

742 1645 760 1675 ι
793 1624 880 1679 Sic
916 1625 1095 1680 luceat
1119 1627 1209 1682 lux
1236 1639 1413 1682 vestra
1444 1645 1621 1684 coram
1649 1631 1977 1695 hominibus,
2006 1639 2065 1685 ut
2086 1631 2304 1686 videant

736 1716 876 1770 bona
909 1733 1073 1787 Opera
1098 1730 1275 1774 vestra
1333 1730 1386 1775 et
1429 1721 1727 1791 glorificent
1790 1720 2006 1776 Patrem
2039 1733 2297 1786 vestrum,

734 1809 824 1877 qui
858 1810 909 1862 in
936 1811 1087 1865 caelis
1125 1823 1209 1865 est
1233 1814 1299 1865 τ’.
1328 1832 1449 1864 ι-ι
1474 1812 1707 1882 Populus
1750 1829 1875 1868 vero
1904 1816 1992 1883 qui
2018 1814 2070 1867 in
2094 1813 2299 1867 lucrum

2401 626 2563 679 αὐτοῦ
2585 625 2918 683 καλέσαντος
2933 621 3084 691 ἔχετε
3103 621 3238 689 φῶς.
3260 621 3349 674 Διὸ
3364 622 3452 674 διὰ
3468 620 3576 673 τῶν
3591 619 3684 672 τοῦ
3704 621 3878 687 φωτὸς
3895 622 3995 689 ερ-

2400 734 2510 786 γων
2524 715 2698 786 ὑμῶν,
2720 717 2838 776 τοῖς
2855 712 3033 777 ἄλλοις
3052 714 3364 784 ἀνθρώποις
3380 713 3734 781 ὲξαγγέλλετε
3751 714 3849 774 τάς
3861 716 3997 784 ἀρε-

2400 810 2498 870 τὰς
2518 808 2707 862 αὐτοῦ.
2733 804 2910 860 Τοῦτο
2925 806 3025 875 μὲν
3045 801 3158 872 οὖν,
3193 810 3378 876 φησιν,
3397 809 3459 859 ἐκ
3477 809 3574 875 τῆς
3599 807 3815 860 ὲκείνοῦ
3834 808 3994 875 ἔχετε

2402 900 2831 969 φιλανθρωπίας.
2855 899 3027 962 Ἐπεὶ,
3052 898 3110 951 τό
3134 916 3197 967 γε
3223 900 3301 961 εἰς
3323 900 3466 967 ὑμᾶς
3494 893 3651 971 ἧκον,
3676 897 3804 962 λαός
3834 902 3991 963 ἐστε,

2400 992 2455 1046 οῖ
2494 1010 2619 1046 ποτε
2659 992 2718 1045 οὐ
2761 992 2919 1053 λαὸς,
2942 991 3035 1044 καὶ
3074 991 3396 1060 ἠλεημένοι,
3436 991 3487 1042 οἱ
3526 990 3627 1043 οὐκ
3665 989 3991 1057 ἠλεημένοι.

2401 1084 2900 1155 Ἀνεπαχθέστερον
2937 1084 2995 1137 δὲ
3036 1084 3129 1137 τὸν
3166 1084 3328 1152 λόγον
3363 1082 3564 1143 ποιῶν.
3607 1084 3665 1149 ἐξ
3690 1083 3849 1153 Ὠσηὲ
3889 1100 3989 1135 πι-

2404 1180 2622 1232 στοῦται
2649 1178 2935 1246 τὸνλόγον,
2953 1176 3046 1231 τοῦ
3064 1176 3390 1246 ὁνειδισμοῦ¹
3419 1196 3436 1228 ι
3461 1175 3842 1243 Ἑξαγγέλλετε
3873 1192 3993 1227 τοι-

2401 1269 2604 1342 γαροῦν
2636 1269 2725 1323 διὰ
2760 1267 3129 1338 ἀγαθοεργίας
3151 1268 3247 1330 τὰς
3268 1268 3471 1337 ἀρετάς
3500 1265 3689 1320 αὐτοῦ.
3708 1286 3726 1317 ι
3770 1267 3892 1328 Πῶς
3931 1266 3993 1319 δὲ

2402 1360 2847 1428 ὲξαγγέλλουσινς
2881 1358 3052 1421 Αὐτὸς
3088 1360 3116 1412 ὀ
3175 1356 3379 1422 Κύριος
3411 1357 3650 1413 διδάσκει
3684 1355 3752 1409 δι’
3774 1350 3850 1408 ῶν
3884 1374 3995 1424 φη-

2406 1472 2489 1507 σιν
2511 1474 2522 1486 ·
2562 1473 2580 1505 ι
2614 1454 2779 1507 οὕτω
2797 1454 3068 1528 λαμψάτω
3101 1453 3161 1506 τὸ
3196 1453 3313 1522 φῶς
3348 1453 3503 1522 ὑμῶν
3535 1452 3843 1523 ἔμπροσθεν
3879 1451 3996 1504 τῶν

2404 1538 2729 1608 ἀνθρώπων,
2772 1542 2919 1604 ὅπως
2964 1540 3117 1594 ἴδωσι
3140 1542 3209 1594 τά
3239 1541 3381 1593 καλά
3412 1540 3566 1609 ὑμῶν
3595 1540 3751 1610 ἔργα,
3780 1542 3877 1593 καὶ
3906 1541 3994 1592 δο-

2406 1628 2609 1692 ξάσωσι
2628 1630 2718 1682 τὸν
2735 1631 2950 1701 Πατέρα
2979 1630 3131 1698 ὑμῶν
3154 1632 3242 1683 τὸν
3255 1632 3313 1684 ἐν
3334 1634 3445 1692 τοῖς
3471 1631 3737 1702 οὗρανοῖς.
3752 1648 3775 1681 ι
3804 1631 3984 1690 «Aab;

2402 1721 2549 1786 δὲείς
2570 1724 2973 1794 πεμποίησινρ
3007 1723 3127 1776 ἀντὶ
3150 1722 3251 1776 τοῦ
3265 1724 3344 1785 εἰς
3370 1723 3582 1792 κτῆσιν,
3610 1723 3729 1793 ἦτοι
3755 1723 3834 1783 εἱς
3861 1721 3995 1790 κλει-ι’

2408 1815 2682 1884 ρονομεαν.
2718 1816 2926 1876 Πάντες
2960 1816 3060 1885 μὲν
3088 1815 3199 1885 γὰρ
3230 1816 3437 1884 κτίσμα
3466 1815 3626 1868 θεοῦ.
3662 1815 3865 1883 κτῆμα
3900 1814 3990 1873 δὲ,

734 1902 987 1962 accessit,
1023 1922 1041 1956 ι
1083 1904 1186 1957 hoc
1215 1914 1297 1957 est
1350 1905 1401 1957 in
1440 1906 1842 1974 possessionem
1876 1906 1988 1960 sive
2014 1906 2293 1959 hzeredita-

2414 1877 2560 1974 μόνοι
2588 1908 2636 1958 οἱ
2666 1907 2751 1960 διὰ
2778 1908 2876 1975 τῆς
2906 1877 3118 1960 ἑαυτῶν
3143 1877 3507 1978 άγαθοεργιας
3534 1906 3722 1961 τούτου
3752 1877 3995 1974 4,:pr

738 2003 868 2045 ten.
905 1992 1181 2062 Siquidem
1214 2008 1405 2048 omnes
1435 2003 1564 2047 sunt
1598 1992 1690 2047 Dei
1720 2005 1992 2055 creatura,
2034 1994 2305 2063 possessio

736 2101 865 2137 vero
898 2086 996 2139 soli
1039 2086 1072 2139 ii
1103 2088 1193 2155 qui
1224 2102 1321 2139 sua
1360 2088 1675 2156 operatione
1705 2088 1807 2141 hoc
1859 2087 2126 2141 beneflcio
2153 2086 2304 2155 digni

737 2181 864 2226 sunt
892 2172 1082 2226 habiti.
1118 2192 1135 2224 ι
1174 2172 1242 2228 Ut
1274 2174 1503 2228 virtutes
1542 2173 1900 2227 annuntietis.
1936 2194 1954 2225 ι
1987 2174 2305 2244 Propterea,

739 2263 931 2330 inquit,
998 2264 1156 2319 electi
1219 2266 1369 2325 estis,
1441 2274 1499 2318 ut
1566 2280 1661 2333 per
1733 2264 2307 2319 obedientiam'dica-

740 2356 869 2408 mini
924 2372 1202 2424 prmcenes
1275 2357 1490 2410 virtutis
1570 2357 1689 2426 ejus
1760 2358 1849 2427 qui
1912 2356 2123 2411 vocavit
2186 2373 2302 2411 vos.

745 2463 763 2495 ι
806 2446 1013 2509 Dilecti,
1042 2447 1288 2501 obsecro.
1312 2466 1331 2499 ι
1367 2447 1547 2502 Series
1576 2449 1677 2502 hoc
1705 2449 1866 2503 modo
1900 2447 2160 2502 sumenda
2188 2455 2303 2502 est:

741 2537 956 2603 Dilecti,
976 2539 1201 2592 obsecro
1229 2554 1324 2593 vos
1354 2551 1609 2608 tanquam
1638 2541 1872 2593 advenas
1897 2549 1951 2594 et
1984 2540 2307 2610 peregrinos

742 2630 930 2684 mundi
966 2630 1148 2699 hujus,
1184 2640 1243 2685 ut
1272 2632 1589 2686 abstineatis
1618 2648 1645 2685 a
1676 2632 1985 2686 carnalibus
2018 2632 2309 2703 concupis-

740 2722 956 2787 centiis,
997 2737 1117 2791 quae
1167 2723 1404 2776 militant
1450 2725 1712 2778 adversus
1771 2724 2005 2778 animam
2048 2733 2306 2779 vestram.

741 2812 908 2867 Moris
964 2822 1046 2867 est
1104 2830 1337 2883 namque
1384 2816 1811 2884 praeceptoribus
1864 2824 1987 2885 post
2048 2816 2309 2871 doctrinae

742 2919 1051 2959 sermonem
1080 2905 1341 2959 inducere
1385 2923 1508 2960 eum
1557 2908 1649 2975 qui
1681 2907 1747 2960 ad
1797 2921 1978 2961 mores
2030 2906 2305 2976 pertinet:

743 2997 885 3064 quod
917 3012 1064 3051 nunc
1097 2999 1259 3051 etiam
1310 2998 1438 3051 fat-it
1465 2999 1654 3053 beatus
1679 2999 1786 3063 hic,
1835 3000 2116 3069 appellans
2164 2999 2310 3066 ipsos

744 3089 1083 3158 ἀγαπητούς,
1115 3090 1165 3144 id
1191 3101 1294 3153 est,
1333 3090 1557 3144 dilectos
1588 3091 1700 3145 sive
1729 3092 1909 3161 potius
1941 3091 2228 3161 diligibiles
2256 3100 2310 3144 et

743 3182 970 3243 amicos,
1020 3190 1073 3235 et
1125 3197 1234 3236 non
1280 3184 1695 3251 ἀγαπωμένους,
1766 3183 1818 3237 id
1871 3192 1973 3245 est,
2033 3192 2309 3250 utcunque

743 3274 1251 3342 dilectoszpropter
1293 3273 1474 3326 omnia
1510 3287 1741 3342 namque
1795 3281 1921 3327 sunt
1974 3273 2312 3327 desiderabi-

744 3363 858 3416 les:
888 3361 979 3431 qui
1019 3362 1164 3417 enim
1201 3364 1271 3416 ob
1298 3378 1465 3417 unum
1501 3363 1699 3433 aliquid
1729 3363 2118 3417 desiderabiles
2161 3372 2310 3428 sunt,

746 3452 1100 3521 ἀγαπώμενοι
1122 3452 1399 3519 dicuntur,
1418 3470 1526 3508 non
1553 3453 1845 3523 ἀγαπητοί.
1870 3453 2036 3526 ωε
2058 3453 2315 3509 Carnales

748 3561 877 3599 vero
910 3546 1379 3615 concupiscentias
1438 3546 1673 3601 militare
1707 3547 1837 3602 dicit
1878 3549 2141 3602 adversus
2191 3548 2313 3601 ani-

746 3652 912 3700 mam,
954 3638 1391 3707 quandoquidem
1442 3639 1598 3707 juxta
1650 3640 1867 3694 beatum
1908 3654 2122 3710 quoque
2178 3640 2318 3695 Pau-

746 3729 858 3782 lum
890 3729 955 3793 '°,
984 3744 1109 3783 caro
1138 3731 1476 3800 concupiscit
1499 3732 1758 3786 adversus
1808 3734 2079 3803 spiritum.
2124 3733 2318 3790 Carnis

747 3835 984 3890 namque
1005 3822 1457 3885 concupiscentiae
1480 3823 1623 3877 circa
1646 3823 1982 3879 sensibilium
2005 3824 2315 3881 fruitionem

749 3922 1054 3974 versantes,
1083 3913 1351 3966 rationem
1384 3914 1749 3980 confundunt,
1804 3915 2148 3985 animamque
2202 3932 2319 3970 ser-

751 4004 912 4057 vilem
947 4002 1207 4057 eﬂieiunt.
1241 4002 1481 4057 Obsecro
1526 4014 1729 4065 autem,
1781 4005 1973 4074 inquit,
2007 4015 2062 4060 et
2108 4007 2229 4069 hoc,
2261 4013 2320 4060 ut

752 4095 1221 4148 conversationem
1253 4104 1486 4149 vestram
1540 4095 1786 4150 habeatis
1844 4098 2127 4151 honestam
2180 4098 2320 4151 inter

752 4196 964 4255 gentes.
1027 4184 1477 4256 Transsnmptum
1533 4196 1616 4241 est
1662 4196 1842 4242 autem
1897 4189 2060 4258 ἔχειν,
2120 4191 2171 4245 id
2216 4199 2319 4254 est,

756 4277 977 4341 habere,
1010 4293 1111 4346 pro
1140 4278 1375 4348 ἔχοντες,
1425 4279 1477 4333 id
1501 4290 1606 4346 est,
1652 4280 1934 4333 habentes.
1989 4282 2323 4337 Obtrectato-

756 4383 845 4421 res
880 4376 1059 4421 autem
1094 4369 1254 4422 nobis
1293 4369 1503 4425 inducit
1562 4370 1843 4425 Ethnicos.
1888 4370 2040 4437 Quod
2101 4374 2147 4427 si
2200 4375 2323 4444 quis

756 4458 886 4513 velit
912 4459 1015 4512 hoc
1043 4458 1272 4525 discere,
1301 4474 1364 4513 ex
1388 4460 1471 4515 his
1492 4476 1611 4529 quae
1636 4462 1837 4531 scripta
1874 4472 1999 4516 sunt
2022 4466 2089 4517 ab
2118 4464 2322 4520 [remeo

2406 2018 2505 2053 νοι,
2549 2019 2567 2050 ι
2598 2000 2787 2061 Ὅπως
2822 1998 2918 2061 τὰς
2950 1998 3151 2068 ἀρετὰς
3187 1997 3573 2068 ὲξαγγέλλητε.
3614 2016 3633 2049 ι
3670 1996 3771 2048 Δια
3802 1994 3991 2057 toi-.9,

2408 2093 2592 2160 φησὶν,
2622 2092 2933 2158 ὲξελέγητε,
2965 2092 3114 2152 ὅπως
3150 2092 3239 2144 διά
3267 2091 3367 2159 τῆς
3399 2088 3731 2152 εὐπειθείας,
3763 2089 3850 2141 διὰ
3882 2087 3998 2139 τῶν

2406 2182 2628 2248 ἀγαθῶν
2654 2181 2807 2249 ὑμῶν
2833 2180 3031 2250 ἔργων,
3067 2181 3306 2251 κήρυκες
3335 2179 3708 2249 χρηματίσητε
3736 2178 3835 2246 τῆς
3863 2179 3998 2247 ἀρε-

2405 2277 2505 2340 τῆς
2530 2273 2622 2323 τοῦ
2654 2272 2976 2333 καλέσαντος
3008 2273 3169 2340 ὑμᾶς.
3209 2291 3227 2322 ι
3248 2270 3573 2338 Ἀγαπητοὶ,
3604 2269 3930 2338 παρακαλῶ.
3968 2288 3991 2319 ι

2409 2364 2482 2418 Τὸ
2500 2366 2624 2433 ἑξῆς
2636 2365 2827 2427 οὕτως·
2854 2364 3173 2433 ’Λγαπητοὶ,
3201 2363 3505 2432 παρακαλῶ
3528 2363 3672 2430 ὑμᾶς
3696 2362 3770 2423 ὼς
3796 2378 3871 2412 πα
3883 2361 3997 2430 poi-

2407 2476 2535 2520 κους
2574 2456 2734 2518 ὄντας
2777 2457 2868 2508 καὶ
2913 2455 3335 2525 παρεπιδήμους
3373 2452 3467 2508 τοῦ
3515 2455 3720 2521 κόσμου
3762 2453 3995 2515 τούτου,

2408 2547 2711 2617 ἀπέχεσθαι
2745 2545 2855 2598 τῶν
2893 2545 3175 2615 σαρκικῶν
3207 2544 3543 2613 ἐπιθυμιῶν,
3580 2544 3781 2605 αἵτινες
3820 2559 3997 2610 στρα-

2407 2639 2656 2693 τεύονται
2690 2638 2829 2691 κατά
2856 2639 2951 2708 τῆς
2982 2638 3163 2707 ψυχῆς
3195 2636 3370 2706 ὑμῶν.
3397 2636 3559 2698 Ἐθος
3590 2636 3699 2706 γάρ
3729 2636 3847 2687 ἑστι
3878 2637 4001 2695 τοῖς

2408 2732 2745 2795 διδασκάλοις
2788 2730 2927 2800 μετὰ
2958 2730 3049 2782 τὸν
3082 2727 3412 2797 δογματικδν
3447 2726 3605 2794 λόγον
3626 2766 3641 2789 ,
3676 2725 3770 2778 τὸν
3804 2726 3998 2793 ἠθικὸν

2410 2826 2670 2893 εἰσάγειν.
2700 2825 2767 2876 ’0
2801 2824 2895 2875 καὶ
2926 2820 3020 2874 νῦν
3054 2822 3083 2873 ὁ
3120 2820 3390 2889 μακάριος
3428 2810 3584 2881 οὗτος
3620 2821 3784 2871 ποιεῖ.
3818 2818 3996 2883 Ἀταο

2409 2917 2638 2984 πητοὺς
2681 2915 2738 2969 δὲ
2770 2915 2988 2979 αὐτοὺς,
3040 2912 3140 2966 οὐκ
3188 2910 3619 2981 ἁγιαυτωμένους
3670 2910 3847 2963 καλεῖ.
3896 2908 4004 2961 Διὰ

2411 3012 2587 3064 πάντα
2622 3011 2727 3080 γάρ
2759 3010 2898 3062 εἰσιν
2928 3006 3263 3075 ἐπιπόθητοι.
3298 3007 3362 3059 0i
3396 3006 3506 3074 γὰρ
3536 3004 3626 3058 διά
3655 3021 3729 3068 τι,
3753 3003 3999 3071 ἀγκιπώ-

2407 3121 2579 3172 μενοι
2609 3102 2880 3171 λέγονται,
2910 3101 3010 3153 οὐκ
3038 3098 3349 3167 ἀγαπητοί.
3376 3098 3486 3161 Τάς
3502 3097 3558 3149 δὲ
3579 3097 3845 3167 σαρκικὶς
3872 3097 3966 3149 ὲπι
3996 3128 4003 3133 -

2337 3222 2381 3278 ο
2414 3197 2612 3266 θυμίας
2648 3192 3032 3265 στρατεύεσθαί
3084 3209 3216 3261 φησι
3248 3190 3388 3244 κατὰ
3416 3190 3516 3258 τῆς
3545 3189 3741 3258 ψυχῆς,
3788 3188 4000 3240 imitor.

2415 3290 2531 3351 καὶ,
2574 3286 2713 3340 κατά
2759 3286 2849 3339 τὸν
2897 3284 3163 3354 μακάριον
3208 3280 3454 3347 Παῦλον,
3499 3283 3533 3349 ἡ
3561 3277 3697 3348 σάρξ
3736 3278 4006 3347 ἐπιθυμεῖ

2417 3380 2557 3433 κατά
2587 3378 2681 3431 τοῦ
2722 3377 3056 3446 πνεύματος.
3093 3376 3159 3429 Ai
3192 3378 3300 3443 γάρ
3331 3372 3433 3442 τῆς
3469 3372 3669 3443 σαρκὸς
3705 3371 4001 3439 ἀπιθυμίαι

2418 3473 2545 3540 περὶ
2569 3471 2666 3540 τὴν
2694 3470 2992 3525 ἀπόλαυσιν
3020 3467 3385 3538 στρεφόμεναι
3412 3464 3521 3517 τῶν
3547 3464 3844 3533 αἰσθητῶν,
3874 3479 4005 3515 συν-

2418 3562 2630 3618 θολοῦσι
2668 3563 2757 3615 τὸν
2797 3560 3077 3629 λογισμὸν,
3121 3559 3215 3612 καὶ
3258 3556 3642 3627 ἀνδραποδώδη
3684 3556 3785 3625 τὴν
3821 3555 4007 3625 ψυχὴν

2417 3654 2759 3707 ἀποτελοῦσι.
2793 3651 3104 3719 Παρακαλῶ
3134 3650 3225 3717 δὲ,
3260 3649 3427 3719 φησὶ,
3462 3650 3556 3703 καὶ
3588 3648 3775 3710 τοῦτο,
3807 3647 3909 3717 τὴν
3942 3648 4007 3701 ὲν

2418 3749 2529 3809 τοῖς
2557 3746 2765 3799 ἔθνεσιν
2792 3745 2946 3814 ὑμῶν
2969 3743 3316 3814 ἀναστροφὴν
3336 3742 3483 3813 ἔχειν
3506 3740 3699 3810 καλήν.
3725 3737 4002 3807 Μετείληο

2420 3856 2553 3890 πται
2594 3837 2702 3905 γὰρ
2735 3834 2797 3887 τὸ
2833 3835 2997 3900 ἔχειν
3031 3836 3109 3896 εἰς
3142 3832 3203 3885 τὸ
3242 3834 3507 3900 ἔχοντες.
3546 3826 4006 3888 Καταλαλοῦντας

2419 3928 2474 3981 δὲ
2534 3925 2744 3992 εἰσάγει
2772 3923 2927 3992 ἡμῶν
2956 3924 3086 3985 τοὺς
3116 3921 3385 3985 ὲθνικούς.
3420 3920 3528 3973 Καὶ
3557 3919 3610 3972 εἴ
3634 3936 3715 3979 τις
3749 3917 4006 3984 βούλεται

2418 4019 2577 4071 τοῦτο
2614 4015 2805 4087 μαθεῖν
2827 4055 2842 4077 ,
2878 4017 2941 4069 ἐκ
2971 4014 3080 4067 τῶν
3116 4014 3391 4085 Εἰρηναίῳ
3423 4012 3499 4082 τῷ
3532 4002 3869 4078 Λουγδοῦνου
3901 4010 4005 4074 τῆς

2422 4109 2691 4176 Κελτικῆς
2716 4107 3025 4177 ὲπισκόπῳ,
3044 4108 3171 4176 περὶ
3196 4106 3445 4173 Σάγκτου
3468 4105 3561 4159 καὶ
3584 4105 3879 4170 Βλανδένης
3892 4104 4010 4154 τῶν

2424 4198 2719 4270 μαρτύρων
2750 4198 3071 4266 γραφέντων
3106 4196 3268 4265 μάθοι
3303 4196 3369 4249 ἂν
3401 4194 3665 4266 ἀκριϐῶς.
3697 4194 3787 4257 Ὠς
3821 4194 3879 4247 δὲ
3911 4194 4005 4246 δια

2425 4288 2669 4359 βραχέων
2707 4284 3074 4357 παραθέσθαι,
3118 4286 3233 4338 ἔστι
3268 4284 3467 4339 ταῦτα’
3509 4284 3851 4354 Χριστιανῶν
3892 4283 4008 4353 γάρ

2427 4377 2851 4448 κατηχουμένων
2893 4376 3113 4440 δούλους
3137 4376 3400 4445 Ἕλληνες
3450 4374 3804 4437 συλλαϐόντες
3825 4412 3841 4434 .
3888 4368 4010 4425 εἶτα

2427 4470 2619 4540 μαθεῖν
2649 4486 2701 4521 τι
2736 4467 2889 4538 παρά
2922 4466 3131 4521 τούτων
3158 4466 3317 4534 δῆθεν
3345 4467 3657 4538 ἀπόρρητον
3686 4464 3817 4535 περὶ
3851 4465 4009 4534 Χριο

756 4551 1135 4622 Lugdunensis
1163 4550 1349 4605 Galliae
1368 4552 1626 4623 episcopo
1659 4554 1726 4606 de
1750 4552 1949 4608 Sancto
1979 4564 2033 4608 et
2063 4555 2312 4610 Blandina

2431 4562 2661 4616 στιανῶν
2704 4559 3126 4627 ἀναγκάζοντες,
3167 4561 3217 4613 οἱ
3258 4559 3436 4613 δοῦλοι
3476 4554 3622 4612 οὗτοι
3667 4558 3741 4626 μὴ
3788 4558 4012 4625 ἔχοντες

754 4644 1102 4714 martyribus,
1146 4643 1329 4697 licebit
1358 4655 1545 4700 exacte
1572 4661 1919 4716 cognoscere.
1956 4645 2029 4702 Ut
2060 4659 2239 4702 autem
2265 4648 2319 4703 in

759 4736 996 4789 medium
1048 4735 1305 4789 brevibus
1336 4747 1729 4805 proponantur,
1786 4737 1901 4793 htec
1942 4748 2127 4795 'sunt:
2186 4741 2320 4796 Cum

758 4827 903 4880 enim
937 4827 1107 4882 Graeci
1146 4842 1330 4881 servos
1353 4829 1545 4882 horum
1573 4828 2004 4885 Christianorum
2038 4832 2089 4885 in
2121 4833 2322 4888 divinis

758 4919 1033 4987 mysteriis
1071 4920 1383 4974 edoctorum
1431 4919 1937 4989 apprehendissent,
1992 4923 2186 4977 deinde
2213 4924 2321 4977 vim

758 5008 1042 5072 inferrent,
1076 5016 1136 5062 ut
1166 5008 1418 5063 videlicet
1439 5023 1694 5063 arcanum
1721 5010 1996 5079 quidpiam
2040 5013 2107 5066 ab
2141 5014 2226 5067 his
2258 5014 2324 5068 de

761 5096 1084 5152 Christianis
1128 5098 1436 5151 discerent:
1472 5113 1594 5150 eum
1646 5099 1697 5151 hi
1727 5100 1867 5152 servi
1908 5116 2017 5152 non
2065 5102 2328 5157 haberent

760 5194 1033 5262 quomodo
1083 5189 1191 5243 vim
1251 5188 1612 5242 inferentibus
1670 5189 1736 5241 ad
1807 5190 2218 5244 delectationem
2271 5200 2328 5246 et

762 5284 987 5353 gratiam
1020 5280 1389 5350 loquerentur,
1431 5288 1787 5349 praterquam
1820 5281 1962 5349 quod
2006 5296 2036 5333 a
2093 5282 2327 5336 dominis

763 5378 1053 5431 audierant
1082 5374 1321 5427 divinam
1371 5372 1811 5425 communionem
1845 5386 1967 5425 esse
2004 5376 2325 5443 sanguinem

762 5479 817 5521 et
856 5482 1053 5536 corpus
1076 5464 1301 5526 Christi,
1331 5463 1701 5516 existimantes
1740 5462 1839 5531 ipsi
1869 5463 2012 5530 quod
2044 5480 2167 5518 vere
2196 5480 2327 5518 san-

765 5560 885 5624 guis
918 5568 972 5613 et
1003 5574 1129 5613 caro
1152 5566 1316 5621 esset,
1346 5554 1450 5609 hoc
1482 5555 1878 5624 responderunt
1899 5555 2324 5624 inquirentibus.

766 5653 848 5706 llli
882 5665 1012 5705 vero
1043 5649 1095 5703 id
1128 5658 1425 5711 sumentes,
1457 5654 1717 5716 tanquam
1747 5647 1926 5717 reipsa
1960 5648 2063 5701 hoc
2100 5663 2327 5719 perage-

835 5833 1052 5892 "Osec.
1083 5855 1141 5903 ιι,
1167 5839 1182 5893 l
1208 5855 1359 5910 seqq.
1440 5844 1482 5872 ¹⁹
1515 5839 1702 5895 Matth.
1734 5858 1782 5906 γ,
1818 5842 1895 5895 16.

1978 5841 2018 5871 ³⁸
2059 5840 2228 5894 Galat.
2256 5856 2305 5902 ν,
2338 5835 2419 5889 Π.

2432 4653 2549 4715 πῶς
2576 4650 2637 4703 τὸ
2662 4652 2774 4711 τοῖς
2806 4648 3175 4716 ἀναγκάζουσι
3206 4648 3326 4701 καθ’
3351 4648 3544 4718 ἡδονὴν
3572 4649 3738 4716 ἐρεῖν,
3765 4647 4012 4713 παρόσον

2430 4743 2628 4811 ἤκουον
2654 4739 2763 4792 τῶν
2790 4737 3084 4800 δεσποτῶν,
3113 4736 3210 4807 τὴν
3240 4736 3390 4790 θείαν
3419 4736 3718 4805 μετάληψιν
3744 4729 3885 4803 αἷμα
3917 4736 4013 4786 καὶ

2435 4838 2592 4901 σῶμα
2625 4829 2760 4885 εἷναι
2794 4828 3050 4901 Χριστοῦ,
3084 4828 3235 4881 αὐτοὶ
3266 4828 3586 4897 νομίσαντες
3614 4827 3690 4895 τῷ
3722 4826 3835 4879 δντι
3867 4822 4014 4894 αἷμα

2435 4926 2528 4979 καὶ
2559 4925 2733 4995 σάρκα
2762 4918 2920 4985 εἶναι,
2949 4920 3108 4974 τοῦτο
3138 4920 3350 4984 ἐξεῖπον
3376 4923 3489 4981 τοῖς
3520 4918 3829 4988 ὲκξητοῦσι.
3859 4920 3925 4971 Ol
3955 4918 4017 4970 δὲ

2428 5017 2681 5077 λαϐόντες
2706 5014 2781 5077 ὼς
2809 5013 3131 5082 αὐτόχρημα
3157 5011 3311 5064 τοῦτο
3336 5010 3604 5065 τελεῖσθαι
3635 5012 4011 5078 Χριστιανοίς,

2427 5111 2521 5162 καὶ
2555 5108 2619 5177 δὴ
2649 5105 2805 5159 τοῦτο
2835 5108 2947 5167 τοῖς
2979 5105 3158 5166 ἄλλοις
3176 5103 3434 5172 Ἕλλησιν
3467 5103 3865 5171 ἐξεπόμπευον.
3902 5103 4016 5155 Καὶ

2429 5200 2552 5261 τοὺς
2601 5198 2880 5268 μάρτυρας
2921 5198 3161 5261 Σάγκτον
3201 5197 3294 5246 καὶ
3343 5180 3631 5247 Βλανδίναν
3675 5192 4014 5259 ὁμολογῆσαι

2430 5290 2517 5343 διὰ
2542 5290 2788 5357 βασάνων
2807 5288 3131 5354 ἠνάγκαζον.
3153 5280 3247 5348 Οἷς
3272 5285 3541 5353 εὐστόχως
3564 5284 3819 5337 Βιὶανδίκια
3842 5285 4020 5355 ἐτταρ-

2440 5381 2759 5451 ρησιάσατο,
2782 5377 2908 5442 Πῶς
2946 5378 3033 5443 ἂν,
3072 5377 3324 5441 εἰποῦσα,
3362 5378 3566 5429 τούτων
3601 5376 3928 5445 ἀνάσχοιντο
3963 5376 4017 5431 οἱ

2441 5473 2575 5542 μηδὲ
2614 5471 2719 5542 τῶν
2742 5470 3043 5540 ἐφειμένων
3066 5469 3242 5538 κρεῶν
3264 5469 3331 5522 δι’
3351 5470 3580 5539 ἄσκησιν
3604 5468 3978 5531 ἀπολαύοντες
4002 5485 4019 5533 ;

2446 5538 2690 5629 ’ῐιμὲραν
2732 5561 2787 5613 δὲ
2829 5562 3154 5629 ἐπισκοπῆς,
3197 5560 3297 5629 τὴν
3338 5559 3482 5613 κατὰ
3519 5559 3725 5629 κόσμον
3764 5560 4019 5625 ιξέτασιν

2436 5653 2604 5707 καλεῖ.
2631 5652 2957 5717 Ἐξετάσεως
2985 5654 3090 5721 γὰρ
3116 5651 3207 5705 ὑπ’
3225 5652 3405 5707 αὐτῶν
3427 5651 3521 5707 τοῦ
3540 5652 3658 5722 βίου
3683 5652 3843 5723 ἡμῶν
3868 5670 4017 5720 γινο-
