4178 6454
732 406 838 471 539

1803 412 2197 475 (ECUMENII
2239 412 2533 473 TRICCIE
2571 412 2911 471 EPISCOPI

3903 405 4005 468 540

735 519 1048 576 incredulos
1100 518 1391 589 pudefacit.
1450 518 1588 575 Cum
1641 521 1789 576 enim
1840 524 2215 592 obloquuntur
2240 524 2308 576 de

2418 517 2494 585 οἷς
2531 523 2630 586 δεῖ,
2677 523 2878 591 μᾶλλον
2919 520 3170 588 φιμοῖντο
3207 518 3301 570 καὶ
3345 517 3815 589 καταισχύνοιντο.
3864 538 3883 568 ι
3921 519 4008 582 ὀς

736 612 904 674 nobis,
940 622 1195 681 tanquam
1250 611 1318 665 de
1379 613 1763 683 arrogantibus
1807 624 1863 668 et
1902 616 2317 670 contumacibus

732 719 798 758 ac
828 701 1294 769 inobedieutibus,
1326 703 1563 760 videndo
1598 720 1699 759 nos
1732 714 1787 759 et
1818 705 2053 761 humiles
2083 707 2316 761 ctobse-

736 803 968 863 quentes
992 794 1046 848 in
1073 795 1269 865 quibus
1296 806 1535 866 oportet,
1564 798 1777 851 illorum
1821 814 1916 852 ora
1955 800 2126 869 magis
2152 801 2313 854 obtu-

734 892 925 938 rantur
954 898 1018 937 ac
1057 883 1362 953 pudebunt.
1398 904 1417 937 ι
1448 885 1728 955 Tanquam
1762 888 1944 943 liberi.
2006 889 2151 943 Ordo
2192 890 2315 943 talis

731 984 846 1033 est:
890 973 1136 1045 Subjecti
1165 984 1341 1032 estote
1375 986 1629 1046 tanquam
1684 979 1864 1045 liberi,
1898 989 1953 1034 et
1997 995 2107 1035 non
2142 980 2310 1035 veluti

730 1073 1055 1135 przetextum
1083 1067 1345 1122 habentes
1382 1069 1603 1125 malitia:
1646 1070 1975 1135 libertatem,
2030 1073 2125 1127 sed
2153 1074 2312 1126 etiam

733 1165 993 1227 tanquam
1050 1159 1192 1212 servi
1236 1160 1352 1212 Dei.
1385 1158 1497 1216 Nec
1546 1163 1725 1217 solum
1772 1164 2070 1233 principes,
2108 1166 2203 1220 sed
2260 1175 2315 1219 et

733 1263 928 1302 omnes
967 1248 1231 1302 honorate
1258 1267 1271 1307 :
1303 1248 1698 1306 fraternitatem
1729 1252 1951 1321 quidem
1998 1254 2309 1327 diligentes.

735 1339 909 1393 Deum
940 1354 1073 1393 vero
1119 1340 1397 1405 timentes,
1429 1358 1720 1413 regemque
1767 1345 2119 1402 honorantes.
2179 1348 2313 1403 Illud

732 1440 934 1493 autem,
967 1430 1247 1500 Tanquam
1278 1432 1459 1497 liberi,
1498 1433 1738 1491 Joannes
1774 1438 2198 1507 Chrysostomus
2240 1440 2310 1495 ita

740 1521 1053 1588 explicavit,
1090 1523 1317 1577 dicens:
1368 1524 1447 1579 Ne
1491 1526 1699 1591 dicant,
1761 1529 1999 1583 Liberali
2048 1546 2237 1585 sumus
2282 1550 2313 1587 a

732 1612 957 1678 mundo,
990 1613 1239 1668 cuilestes
1269 1614 1417 1670 cives
1442 1615 1569 1671 facti
1598 1632 1808 1673 sumus.
1843 1630 1898 1674 et
1951 1630 2006 1674 tu
2052 1637 2150 1676 nos
2189 1639 2313 1675 ruri

733 1718 853 1757 sum
884 1705 1106 1771 subjicis
1128 1706 1491 1775 principibus,
1528 1723 1583 1764 et
1608 1712 1831 1766 obedire
1854 1712 2053 1782 jnbes?
2089 1727 2311 1783 propte-

735 1810 825 1847 rea
857 1795 1023 1849 dicit:
1059 1795 1134 1851 Ita
1159 1798 1375 1852 obedite
1391 1801 1543 1868 quasi
1577 1801 1753 1866 liberi,
1786 1804 1888 1857 hoc
1915 1814 2024 1867 est,
2056 1816 2309 1872 tanquam

733 1884 1179 1955 obtemperantes
1219 1888 1268 1941 ei
1312 1890 1403 1957 qui
1428 1890 1696 1953 liberavit,
1727 1907 1781 1945 et
1824 1893 1925 1947 hoc
1947 1895 2124 1948 facere
2175 1910 2311 1963 prze-
2346 1868 2385 1922 Β

736 1975 903 2042 cepit.
960 1975 1035 2029 Ita
1081 1978 1225 2031 enim
1277 1994 1383 2032 non
1433 1980 1753 2034 videbimini
1794 1982 1848 2035 in
1892 1994 2072 2039 mente
2115 1986 2314 2040 habere

734 2065 972 2125 ntalitize.
1011 2067 1113 2121 hoc
1141 2080 1242 2132 est,
1274 2068 1656 2126 inohedientia:
1686 2088 1748 2126 ac
1796 2074 2312 2143 impersuabilitatis

737 2165 1055 2222 praetextum
1090 2158 1262 2227 ipsam
1293 2160 1621 2225 libertatem,
1652 2174 2054 2234 propterquam
2088 2167 2313 2222 obedire

737 2248 1026 2301 recusatis.
1054 2247 1237 2305 Potest
1259 2261 1438 2305 autem
1481 2263 1535 2305 et
1553 2254 1707 2322 juxta
1736 2256 1899 2309 aliam
1921 2259 2314 2313 consideratio-

734 2351 862 2390 nem
918 2339 1021 2393 dici
1068 2340 1343 2409 quidpiam
1404 2343 1471 2396 de
1516 2358 1577 2396 ea
1621 2360 1698 2398 re.
1775 2345 1937 2399 Liber
2002 2350 2305 2403 secundum

738 2428 1031 2483 Dominum
1057 2441 1159 2492 est,
1194 2434 1287 2501 qui
1336 2435 1470 2488 nulli
1521 2436 1769 2490 absurdae
1830 2439 1908 2492 rei
1953 2440 2311 2509 obtemperat.

736 2519 1008 2585 Quoniam
1033 2537 1162 2593 ergo
1187 2524 1241 2576 in
1265 2524 1612 2580 simulatione
1650 2528 1816 2582 vitam
1874 2530 2175 2597 transigere
2203 2548 2311 2587 nun

733 2612 890 2667 liberi
922 2623 1025 2679 est,
1058 2616 1151 2668 sed
1179 2616 1297 2684 ejus
1336 2618 1427 2685 qui
1456 2618 1744 2675 aﬂ‘ectibus
1766 2622 2045 2691 subjectus
2074 2633 2177 2687 est,
2201 2626 2316 2680 sive

736 2705 1123 2759 assentationis
1155 2707 1269 2761 sive
1320 2709 1562 2777 cujusvis
1593 2712 1819 2767 alterius
1848 2715 2024 2783 tuvpis
2064 2717 2314 2787 volupta-

738 2791 836 2846 tis:
877 2792 1031 2863 501
1065 2805 1286 2864 propter
1307 2814 1427 2866 qua:
1453 2800 1616 2854 etiam
1646 2803 2050 2859 simulationem
2079 2818 2317 2876 praten-

738 2882 819 2935 dit
849 2885 1233 2954 quispiam.ne
1270 2887 1322 2943 id
1370 2901 1627 2959 appareat
1673 2896 1816 2963 quod
1865 2907 1975 2961 est,
2025 2908 2079 2953 et
2116 2901 2317 2969 quibus

737 2974 946 3029 servire
1001 2977 1263 3031 sustinuit
1319 2979 1444 3047 (hoc
1480 2992 1664 3036 autem
1712 2996 2030 3043 extraneum
2069 3001 2152 3046 est
2207 3001 2315 3046 cta

739 3065 834 3118 Dei
857 3065 1073 3123 famulis
1110 3069 1406 3140 alienum),
1441 3075 1686 3144 praecipit
1720 3094 1865 3133 nunc
1918 3082 2315 3150 subjectionem

736 3154 1094 3222 principibus,
1123 3158 1265 3213 veris
1292 3169 1345 3213 et
1372 3176 1479 3215 non
1512 3162 1648 3218 ﬁctis
1668 3169 1908 3224 moribus
1946 3172 2217 3237 exhiberi,
2248 3189 2316 3227 ne

735 3258 840 3298 nos
870 3245 1141 3301 hostiliter
1190 3264 1317 3320 erga
1373 3251 1496 3308 illos
1542 3255 1802 3313 habentes
1872 3262 2023 3330 quasi
2070 3274 2313 3320 coactam

730 3335 1091 3392 exhibeamus
1122 3341 1554 3412 subjectionem;
1598 3364 1835 3419 cumque
1884 3353 2004 3407 talis
2042 3356 2206 3409 lateat
2258 3358 2314 3411 in

737 3427 895 3483 nobis
921 3430 1145 3494 malitia,
1179 3434 1322 3501 quod
1345 3448 1492 3490 certe
1527 3440 1801 3495 sincerum
1839 3452 1921 3498 est
1951 3460 2014 3498 ac
2063 3447 2311 3516 simplex,

733 3519 1002 3576 faciamus
1027 3536 1346 3593 prattcxtum
1377 3546 1440 3585 ac
1472 3532 1837 3587 velamentum
1885 3551 2118 3601 tuorum,
2143 3554 2315 3608 appa-

736 3623 950 3667 rentem
983 3619 1379 3685 subjectionem
1415 3625 1755 3690 exhibentes,
1794 3636 1849 3681 et
1878 3644 1986 3682 non
2030 3645 2149 3683 eam
2195 3646 2316 3700 quae

734 3720 803 3759 ex
848 3707 1043 3763 aﬂ‘eetu
1100 3715 1367 3780 procedit.
1425 3735 1443 3767 ι
1498 3718 1664 3771 Deum
1714 3720 1921 3775 timete.
1955 3740 1973 3772 ι
2019 3722 2319 3779 Considera

730 3798 1070 3869 diligentiam
1121 3807 1397 3874 quomodo
1440 3808 1550 3863 Deo
1591 3810 1838 3865 timorem
1860 3813 1991 3867 dicit
2031 3814 2316 3884 distribui,

733 3891 846 3959 regi
879 3908 1007 3948 vero
1029 3893 1316 3961 honorem,
1361 3908 1417 3953 ut
1463 3900 1506 3953 si
1538 3901 1700 3955 timor
1738 3903 1849 3957 Deo
1894 3906 2207 3962 reddendus
2250 3909 2320 3963 sit

731 3982 825 4049 qui
855 3993 1033 4051 potest
1053 3987 1294 4042 animam
1320 3999 1377 4044 et
1395 4007 1597 4060 corpus
1624 3994 1855 4062 perdere
1880 3996 1945 4057 ⁸³,
1968 4012 2317 4068 nequaquam

732 4074 954 4143 regibus
975 4077 1437 4148 obtemperemus,
1463 4098 1586 4136 cum
1638 4100 1739 4138 nos
1773 4086 1840 4139 ad
1881 4088 2082 4157 aliquid
2134 4091 2323 4146 absur-

2418 615 2717 685 ὲλεύθεροι.
2762 634 2780 667 ι
2815 614 2889 666 Τὸ
2923 612 3046 677 ἑξῆς
3080 611 3275 674 οὑτωςο
3310 609 3647 682 Ὑποτάγητε
3679 610 3755 672 ὡς
3786 610 4009 662 ἐλεύθε-

2420 722 2531 777 ροι,
2565 707 2659 759 καὶ
2691 706 2765 776 μὴ
2798 705 2874 767 ὡς
2906 702 3266 771 ἐπικάλυμμα
3299 702 3514 772 ἔχοντες
3541 702 3641 769 τῆς
3673 701 3878 763 κακίας
3907 702 4010 772 τὴν

2415 797 2760 868 ιλευθερίαν,
2792 797 2927 850 ἀλλὰ
2958 794 3051 848 καὶ
3079 795 3155 857 ὡς
3181 793 3357 847 δοῦλοι
3390 793 3549 848 Θεοῦ.
3580 794 3671 864 Μὴ
3708 794 3871 862 μόνον
3905 793 4012 863 ἂρ-

2415 909 2640 962 χοντας,
2674 891 2807 944 ἀλλά
2839 894 2934 944 καὶ
2965 890 3175 951 πάντας
3202 888 3502 958 τιμήσατε,
3534 887 3630 958 τὴν
3660 887 4008 956 ἀδελφότητι

2418 984 2516 1052 μὲν
2547 984 2871 1051 ἀγαπῶντες
2894 1023 2908 1047 ,
2937 983 3027 1035 τὸν
3057 981 3113 1033 δὲ
3142 978 3277 1033 Θεδν
3308 978 3633 1047 φοϐούμενοι
3655 1018 3671 1042 ,
3697 977 3789 1029 τὸν
3822 977 3881 1028 δὲ
3914 977 4015 1045 βας

2415 1076 2569 1129 σιλέα
2595 1074 2884 1144 τιμῶντες.
2912 1073 2986 1127 τὸ
3004 1074 3089 1138 δὲ,
3136 1073 3230 1135 Ὠς
3262 1070 3562 1139 ἐλεύθεροι,
3592 1071 3621 1121 ὁ
3655 1070 3753 1139 μὲν
3770 1068 4015 1138 χρυσοῖς

2426 1168 2680 1235 Ἰωάννης
2714 1166 2888 1229 οὕτως
2922 1164 3216 1230 ἀνέπτυξεν
3248 1162 3438 1223 εἰπὼν,
3470 1164 3550 1216 ὅτι
3572 1162 3688 1215 Ἵνα
3728 1163 3801 1230 μὴ
3825 1161 4007 1225 λέγων

2417 1278 2526 1323 σιν,
2566 1258 3022 1331 ἠλευθερώθημεν
3052 1258 3160 1312 ἀπὸ
3188 1256 3282 1311 τοῦ
3314 1257 3520 1323 κόσμου
3540 1294 3556 1317 ,
3588 1253 4016 1321 οὑρανοπολῖται

2415 1354 2740 1422 γεγόναμεν,
2781 1352 2875 1405 καὶ
2912 1351 2975 1403 σὺ
3010 1352 3171 1404 πάλιν
3206 1348 3537 1410 ὑποτάσσεις
3571 1347 3719 1414 ἡμᾶς
3752 1348 3867 1406 τοῖς
3904 1343 4017 1411 ἆρ-

2415 1462 2592 1514 χουσι,
2620 1446 2714 1497 καὶ
2739 1443 3034 1497 ὑπακούειν
3057 1441 3370 1511 προτρέπη;
3395 1438 3585 1493 τούτου
3611 1437 3769 1508 χάριν
3792 1436 3970 1505 φησίν
3994 1452 4007 1465 ’

2414 1535 2602 1598 Οὕτως
2646 1534 2951 1589 ὑπακούετε
2989 1535 3062 1597 ὼς
3099 1532 3405 1602 ἐλεύθεροι,
3440 1530 3756 1592 τουτέστιν,
3791 1528 3870 1590 ὡς
3914 1545 4015 1579 12t-

2415 1625 2739 1688 στεύσαντες
2759 1625 2839 1696 τῷ
2864 1625 3314 1696 ἐλευθερώσαντι,
3338 1624 3433 1677 καὶ
3455 1619 3824 1692 προστάξαντι
3848 1618 4017 1671 τοῦτο

2413 1720 2607 1771 ποιεῖν.
2651 1716 2806 1769 Οὑτω
2848 1716 2957 1787 γὰρ
3000 1717 3059 1768 οὑ
3101 1714 3280 1779 δόξετε
3322 1714 3419 1781 τῆς
3461 1711 3605 1766 κατά
3644 1708 3870 1780 γνώμην
3909 1726 4023 1761 κα-

2413 1806 2562 1872 κίας,
2592 1807 2859 1870 τουτέστι,
2889 1807 2983 1858 τοὺ
3016 1805 3273 1866 ἀπειθοῦς
3305 1804 3402 1857 καὶ
3429 1802 3664 1871 ἀνηκόου
3693 1801 3839 1869 ἔχειν
3870 1816 4011 1868 προ-

2416 1899 2680 1969 κάλυμμα
2714 1900 2812 1966 τὴν
2847 1897 3182 1968 ἐλευθερίαν,
3220 1892 3369 1968 δι’ἦς
3410 1893 3693 1947 ἀναίνεσθε
3727 1894 3825 1961 τὴν
3862 1894 4014 1945 ὑπα-

2416 1990 2570 2058 κοήν.
2594 1990 2751 2043 Ἐστι
2776 1990 2831 2043 δὲ
2860 1989 2953 2043 καὶ
2981 1989 3100 2041 καθ’
3120 1990 3309 2058 ἑτέραν
3338 1986 3594 2056 ἐπιϐολὴν
3618 1988 3762 2055 ἐρεῖν
3785 2003 3837 2036 τι
3870 2002 3938 2036 πε
3951 1986 4007 2051 p‘:

2415 2081 2602 2136 αὑτοῦ.
2639 2081 2953 2151 Ἐλεύθερός
2994 2082 3109 2133 ἐστι
3152 2081 3294 2134 κατά
3334 2078 3559 2149 Κύριον,
3597 2080 3624 2130 ό
3670 2076 3863 2146 μηδενὶ
3897 2076 4017 2127 τῶν

2416 2172 2635 2226 ἀτόπων
2670 2174 2934 2229 ὑπείκων.
2973 2173 3137 2226 Ἐπεὶ
3159 2172 3337 2225 τοίνυν
3371 2171 3431 2224 τὸ
3470 2171 3527 2222 ὲν
3559 2168 3847 2236 ὑποκρίσει
3889 2166 4015 2219 δια-

2416 2262 2567 2317 ϐιοῦν
2595 2265 2694 2317 οὑκ
2720 2263 3030 2335 ἐλευθέρου,
3058 2263 3193 2316 ἀλλὰ
3221 2263 3449 2317 πάθεσιν
3476 2262 3859 2330 ὑποκειμένου,
3889 2261 4017 2331 ἦτοι

2417 2356 2733 2426 ἀρεσκείας,
2758 2357 2791 2426 ἡ
2814 2374 2954 2419 τινος
2982 2356 3145 2425 ἄλλης
3171 2356 3403 2424 αἰσχρᾶς
3426 2353 3641 2421 ἡδονῆς,
3662 2353 3725 2405 δι’
3744 2352 3778 2405 ἃ
3809 2352 3907 2404 καὶ
3937 2353 4020 2421 μὴ

2416 2449 2575 2501 τοῦτο
2602 2448 2885 2517 φαίνεσθαι
2913 2450 3050 2517 ὅπερ
3078 2447 3194 2500 ἔστί
3221 2464 3303 2509 τις
3332 2444 3902 2514 κατασχηματίζεται,
3929 2439 4022 2505 οἷς

2416 2542 2508 2595 καὶ
2539 2540 2808 2593 δουλεύειν
2863 2541 3116 2610 ἀνέχεται
3151 2538 3322 2611 (ξένον
3352 2538 3408 2591 δὲ
3438 2536 3594 2592 τοῦτο
3627 2538 3719 2588 καὶ
3750 2535 3888 2589 Θεοῦ
3920 2536 4020 2589 θεο

2419 2630 2705 2701 ραπόντων
2740 2628 3066 2699 ἀλλότριον),
3101 2629 3428 2699 προστάττει
3462 2625 3557 2679 νῦν
3592 2625 3688 2695 τὴν
3727 2625 4019 2694 ὑποταγὴν

2415 2724 2531 2784 τοῖς
2575 2722 2836 2791 ἄρχουσιν
2881 2719 2941 2786 ἐξ
2984 2719 3219 2790 ἀληθοῦς
3261 2721 3356 2772 καὶ
3396 2718 3584 2771 ἀδόλου
3627 2714 4015 2777 ἐνδείκνυσθαι

2416 2814 2645 2883 τρόπου,
2698 2812 2835 2865 ἀλλὰ
2864 2813 2938 2883 μὴ
2964 2812 3246 2880 δυσμενῶς
3274 2812 3497 2881 ἔχοντας
3527 2808 3663 2879 πρὸς
3688 2807 3912 2870 αὐτοὺς,
3936 2807 4021 2868 ὡς

2417 2905 2946 2974 κατηναγκασμένην
2992 2903 3094 2973 τὴν
3140 2902 3391 2970 ὑπακοὴν
3439 2901 3701 2969 ἐνεργεῖν,
3770 2898 3867 2951 καὶ
3916 2900 4022 2967 τῆς

2416 2995 2672 3064 τοιαύτης
2704 2993 3136 3065 ὑποικουρούσης
3169 2996 3303 3063 ἡμῖν
3333 2991 3568 3055 κακίας,
3598 2991 3659 3043 τὺ
3694 2990 3881 3045 ἀδολον
3914 2990 4022 3059 δῆ-

2418 3086 2510 3140 θεν
2545 3087 2637 3139 καὶ
2679 3087 2883 3140 ἁπλοῦν
2917 3086 3010 3139 τοῦ
3044 3087 3247 3156 τρόπου
3288 3083 3560 3136 ποιεῖσθαι
3602 3082 4019 3154 προκάλυμμα,

2344 3209 2385 3265 C
2421 3178 2754 3247 φαινομένην
2778 3177 2876 3247 τὴν
2902 3177 3206 3244 ὑποταγὴν,
3229 3175 3343 3228 ἀλλ’
3360 3175 3483 3243 οὐχὶ
3508 3176 3602 3265 καὶ
3629 3175 3693 3265 εκ
3718 3173 4023 3265 διαθέσεως

2422 3268 2627 3339 ταύτην
2659 3268 3063 3330 ἐπιτελοῦντας.
3103 3286 3121 3317 ι
3153 3267 3256 3320 Τὸν
3283 3265 3416 3318 θεὸν
3444 3261 3719 3332 φοϐεῖσθε.
3758 3280 3777 3312 ι
3811 3262 4024 3313 Σκόπει

2421 3362 2522 3431 την
2559 3361 2865 3431 ἀκρίϐειαν,
2907 3360 3024 3423 πῶς
3051 3376 3064 3391 ·
3105 3360 3181 3428 τῷ
3223 3359 3319 3429 μὲν
3358 3357 3476 3426 Θεῷ
3515 3357 3605 3408 τὸν
3646 3354 3809 3423 φόϐον
3849 3356 4025 3423 φησὶν

2422 3454 2738 3523 ἀπονέμειν,
2764 3453 2841 3523 τῷ
2875 3452 3085 3523 βασιλεῖ
3113 3453 3167 3504 δὲ
3194 3452 3290 3519 τὴν
3316 3449 3501 3518 τιμήν.
3521 3448 3686 3499 Ὥστε
3712 3448 3759 3498 εί
3785 3444 3864 3515 τῷ
3893 3444 4022 3512 Θεῷ

2420 3544 2510 3598 τὸν
2545 3545 2707 3612 φόϐον
2744 3544 3117 3613 ἀπονεμητέον
3147 3543 3223 3609 τῷ
3257 3540 3539 3609 δυναμένῳ
3572 3538 3668 3591 καὶ
3701 3536 3883 3607 ψυχὴν
3918 3539 4023 3589 καὶ

2422 3636 2581 3705 σῶμα
2610 3633 2927 3696 ἀπολέσθαι,
2954 3634 3053 3685 οὑκ
3082 3633 3146 3685 ἂν
3178 3631 3474 3697 ὑπείξομεν
3500 3626 3812 3699 βασιλεῦσιν
3834 3627 3931 3679 ἐπί
3959 3645 4020 3679 τι

2422 3726 2533 3779 τῶν
2559 3728 2777 3779 ἀτόπων
2804 3723 3218 3794 παρακαλοῦσιν
3250 3724 3419 3792 ἡμᾶς.
3446 3720 3503 3774 '0
3527 3721 3635 3791 γὰρ
3660 3721 3739 3783 είς
3765 3721 3857 3771 τὸν
3880 3719 4025 3772 Θεὸν

2426 3818 2613 3886 φόόος,
2647 3819 2802 3889 νικᾷν
2835 3814 2941 3869 οἶδε
2986 3818 3079 3869 καὶ
3112 3816 3210 3884 τὴν
3248 3817 3330 3875 είς
3363 3814 3489 3875 τοὺς
3536 3812 3790 3881 βασιλέας
3821 3814 4021 3879 τιμήν.

2425 3910 2645 3965 Μᾶλλον
2676 3910 2733 3963 δὲ
2768 3910 2865 3963 καὶ
2896 3910 2995 3977 τῆς
3023 3907 3192 3976 τιμῆς
3226 3905 3425 3967 αὑτοὺς
3456 3905 3823 3973 ἀποστερήσει
3855 3904 3887 3954 ὁ
3923 3900 4025 3954 ὑπ’

2427 4003 2605 4055 αὑτῶν
2634 4004 2712 4065 εἰς
2739 4002 2884 4055 κακὰ
2916 4000 3258 4070 βιαζόμενος,
3290 3997 3433 4050 κατὰ
3461 3996 3553 4048 τὸν
3580 3996 3805 4048 εἰπόντα
3834 3996 4021 4062 ἅγιον⁸

2440 4093 2822 4158 Ἐξουδένωται
2852 4091 3081 4145 ἐνώπιον
3110 4090 3275 4142 αὑτοῦ
3306 4087 3763 4157 πονηρευόμενος.

731 4171 861 4223 dum
891 4170 1273 4228 exhortantur.
1314 4176 1404 4228 Dei
1444 4192 1679 4246 namque
1704 4179 1865 4234 timor
1902 4183 2124 4237 vincere
2161 4185 2313 4240 novit
2352 4186 2518 4241 etiam
2543 4188 2810 4241 honorem
2840 4186 2932 4256 (ιυί
2954 4186 3176 4255 regibus
3206 4182 3529 4237 exhibetur:
3592 4179 3766 4249 magis
3823 4188 4021 4232 autem

732 4266 880 4332 ipsos
912 4267 1118 4320 honore
1140 4267 1375 4336 privabit
1402 4269 1494 4338 qui
1514 4270 1583 4324 ab
1607 4270 1739 4341 ipsis
1772 4273 1841 4327 ad
1892 4276 2033 4328 mala
2064 4277 2302 4349 cogitur,
2341 4278 2497 4349 juxta
2555 4289 2809 4334 sanctum
2849 4278 2942 4348 qui
3007 4275 3182 4330 dixit:
3230 4270 3615 4327 Contemnitur
3658 4284 3844 4323 coram
3892 4272 4024 4337 ipso

733 4360 782 4412 is
820 4358 910 4425 qui
948 4360 1185 4428 maligne
1227 4361 1357 4429 agit.

808 4448 872 4512 11,
916 4448 1103 4502 18—25.
1146 4448 1389 4513 Famuli,
1418 4453 1614 4507 subditi
1637 4455 1755 4510 sitis
1789 4473 1907 4511 cum
1963 4461 2108 4513 omni
2134 4461 2318 4515 timore

2496 4463 2562 4513 Οί
2591 4458 2812 4514 οἰκέται
2846 4454 3335 4520 ὑποτασσόμενοι
3379 4450 3449 4503 ἐν
3476 4448 3653 4501 παντὶ
3688 4449 3852 4515 φόϐῳ
3886 4448 4020 4501 τοῖς

734 4539 985 4602 dominis,
1019 4557 1122 4594 non
1151 4542 1321 4595 solum
1357 4544 1504 4598 bonis
1546 4562 1610 4598 ac
1669 4547 1926 4617 benignis,
1979 4554 2326 4606 verumetiam

735 4632 930 4697 pravis.
972 4630 1114 4685 Nam
1157 4635 1265 4686 hac
1289 4645 1367 4688 est
1420 4638 1621 4705 gratia,
1649 4640 1695 4691 si
1739 4641 1854 4710 quis
1886 4651 2100 4709 propter
2159 4660 2325 4698 cons-

735 4722 983 4775 cientiam
1026 4722 1137 4785 Dei,
1170 4726 1345 4794 suﬁ'ert
1378 4730 1645 4783 molestias
1678 4741 1870 4798 prater
1922 4735 2167 4787 meritum
2197 4736 2323 4805 οπε-

740 4823 853 4867 ctus
883 4812 1056 4866 malis.
1092 4812 1224 4877 Qua:
1252 4817 1390 4868 enim
1435 4826 1511 4869 est
1569 4817 1709 4883 laus,
1765 4822 1832 4883 si,
1884 4838 1999 4874 cum
2051 4834 2323 4891 peccantes

739 4904 914 4973 alapis
948 4906 1235 4972 ca‘dimini,
1270 4908 1534 4976 sufferatis
1556 4910 1581 4962 7
1610 4912 1679 4962 At
1710 4912 1758 4963 si
1794 4928 1911 4964 cum
1938 4912 2243 4983 benefacitis
2273 4924 2323 4967 et

740 5004 916 5048 tamen
934 4996 1087 5049 malis
1109 4997 1399 5065 aﬂ‘icimiui,
1429 5000 1680 5067 suﬁertis,
1714 5000 1826 5054 Itazc
1854 5011 1931 5055 est
1966 5004 2143 5072 gratia
2185 5004 2328 5072 apud

744 5086 939 5143 Deum.
968 5086 1243 5157 Siquidem
1298 5092 1353 5143 in
1404 5092 1498 5145 hoc
1524 5096 1694 5147 vocati
1750 5098 1919 5149 estis:
1973 5095 2225 5164 quoniam
2280 5106 2328 5150 et

740 5177 981 5234 Christus
1039 5181 1261 5249 amictus
1322 5193 1396 5236 est
1444 5200 1539 5252 pro
1606 5186 1786 5250 vobis,
1842 5187 2143 5256 relinquens
2190 5188 2328 5242 vobis

737 5271 1055 5340 exemplum.
1084 5282 1142 5325 ut
1168 5277 1515 5343 sequeremini
1548 5274 1767 5348 vestigia
1816 5279 1952 5347 ejus,
2011 5280 2100 5349 qui
2131 5296 2330 5349 pecca-

740 5370 852 5414 tum
887 5378 990 5415 non
1043 5364 1262 5432 fecerat,
1305 5382 1398 5419 nec
1431 5368 1672 5422 inventus
1730 5371 1903 5439 fuerat
1943 5370 2092 5424 dolus
2129 5373 2182 5423 in
2234 5388 2322 5424 ore

740 5449 932 5518 ipsius:
959 5453 1048 5521 qui
1078 5469 1197 5506 cum
1231 5456 1523 5511 maledictis
1552 5459 1918 5525 incesseretur,
1962 5478 2063 5514 non
2105 5466 2320 5532 regessit

744 5541 1060 5596 maledicta:
1125 5562 1244 5599 cum
1274 5548 1431 5601 malis
1460 5551 1771 5619 afﬁceretur,
1814 5569 1915 5605 non
1973 5553 2322 5607 minabatur:

738 5636 830 5690 sed
856 5635 1099 5689 tradebat
1120 5640 1409 5694 vindictam
1440 5642 1487 5695 ei
1512 5644 1603 5711 qui
1634 5643 1769 5707 iuste
1797 5645 2003 5714 judicat
2034 5663 2051 5709 ;
2083 5646 2172 5712 qui
2208 5661 2324 5713 pec-

856 5814 899 5847 ⁸³
931 5816 1117 5871 Matth.
1155 5832 1206 5872 ι.
1238 5818 1328 5872 ‘28.

2428 4552 2778 4615 δεσπόταις,
2800 4551 2873 4603 οὑ
2898 4548 3091 4617 μόνον
3122 4545 3247 4610 τοῖς
3263 4540 3506 4611 ἀγαθοῖς
3526 4540 3623 4593 καὶ
3656 4540 4018 4602 ἐπιεικέσιν,

2426 4644 2588 4700 due
2618 4642 2717 4695 καί
2756 4640 2881 4705 τοῖς
2910 4637 3207 4702 σκολιοῖς.
3246 4634 3427 4689 Τοῦτο
3466 4634 3579 4701 γὰρ
3622 4630 3817 4698 χάρις.
3843 4636 3893 4684 ει
3921 4632 4022 4686 διὰ

2426 4735 2783 4801 συνείδησιν
2835 4730 2983 4787 Θεοῦ
3024 4727 3306 4796 ὑποφέρει
3336 4742 3423 4790 τις
3488 4723 3699 4788 λύπας
3755 4722 4022 4791 πάσχων

2425 4827 2665 4891 ἀδίκως.
2727 4822 2911 4876 Ποῖον
2960 4822 3068 4891 τὰρ
3101 4821 3280 4885 κλέος
3325 4823 3375 4874 ει
3428 4818 3877 4887 ἁμαρτάνοντες
3919 4822 4018 4873 καὶ

2426 4913 2879 4983 κολαφιζόμενοι
2906 4910 3256 4979 ὑπομενεῖτε
3279 4928 3297 4973 ;
3320 4910 3457 4963 ἀλλ’
3486 4910 3539 4961 ει
3572 4908 3939 4975 ἀγαθοποιοῖ
3952 4928 4019 4961 ι·-

2425 5022 2526 5069 τες
2559 5004 2656 5057 καὶ
2686 5003 3027 5068 πάσχοντες
3057 4997 3444 5068 ὑπομενεῖτε,
3488 4996 3664 5049 τοῦτο
3700 4998 3809 5065 γὰρ
3845 4997 3955 5065 χὰί
3968 5018 4024 5063 ις

2426 5098 2581 5165 παρὰ
2617 5094 2757 5160 Θεῷ.
2805 5096 2909 5159 Ε’ῑς
2941 5092 3118 5146 τοῦτο
3147 5092 3259 5159 τὰρ
3288 5091 3608 5155 ἐκλήθητε,
3636 5088 3725 5141 ὅτι
3752 5090 3850 5141 καί
3884 5092 4018 5157 Npt-

2425 5192 2573 5253 στὸς
2605 5190 2827 5242 ἔπαθεν
2848 5186 2997 5252 ὑπὲρ
3022 5183 3209 5253 ὑμῶν,
3242 5184 3385 5250 ὑμῖν
3404 5181 3843 5250 ὑπολιμπάνων
3862 5185 4017 5236 ὑποο

2428 5279 2718 5349 τριηιμδν,
2744 5278 2845 5330 ἵνα
2878 5274 3421 5341 ἐπακολουθήσητε
3458 5272 3582 5335 τοῖς
3640 5271 3879 5337 ἵχνεσιν
3911 5276 4019 5326 αὐ-

2427 5373 2553 5434 τοῦ,
2583 5371 2649 5436 ὃς
2682 5371 2979 5437 ἁμαρτίαν
3013 5371 3123 5422 οὐκ
3165 5367 3478 5430 ἐποίησεν,
3520 5363 3662 5417 οὐδὲ
3688 5363 3902 5431 εὑρέθη
3922 5366 4022 5417 δι’·

2426 5467 2535 5526 λος
2565 5464 2634 5514 ἐν
2657 5462 2735 5525 τῷ
2751 5462 3001 5528 στόματι
3032 5459 3217 5512 αὑτοῦ
3248 5475 3260 5487 ο
3307 5458 3374 5521 ὃς
3394 5455 3877 5521 λοιδορούμενος.
3908 5458 4019 5509 οὐκ

2430 5550 2853 5617 ἀντελοιδόρει,
2916 5551 3170 5616 πάσχων
3207 5549 3316 5599 οὐκ
3368 5546 3601 5611 ἠπείλει
3634 5558 3646 5571 ·
3691 5544 4020 5610 παρεδίδου

2428 5644 2495 5697 δὲ
2530 5642 2603 5706 τῷ
2633 5642 2895 5709 κρίνοντι
2947 5640 3210 5703 δικαίως.
3243 5639 3347 5702 Ὃς
3395 5634 3501 5699 τὰς
3536 5633 3818 5701 ἀμαιτιάς
3848 5630 4021 5702 ἡμῶν
