  <div class='ocr_page' id='page_1' title='image "/cluster/home/n/w/nwhite01/storage/ocr_20150623/119/nnc1.0046980091/278.png"; bbox 0 0 4178 6454; ppageno 0'>
   <div class='ocr_carea' id='block_1_1' title="bbox 156 431 257 498">
    <p class='ocr_par' dir='ltr' id='par_1_1' title="bbox 156 431 257 498">
     <span class='ocr_line' id='line_1_1' title="bbox 156 431 257 498; baseline 0.01 -4"><span class='ocrx_word' id='word_1_1' title='bbox 156 431 257 498; x_wconf 69' lang='lat'><strong>551</strong></span> 
     </span>
    </p>
   </div>
   <div class='ocr_carea' id='block_1_2' title="bbox 1168 427 2394 492">
    <p class='ocr_par' dir='ltr' id='par_1_2' title="bbox 1168 427 2394 492">
     <span class='ocr_line' id='line_1_2' title="bbox 1168 427 2394 492; baseline 0.004 -6"><span class='ocrx_word' id='word_1_2' title='bbox 1168 427 1555 489; x_wconf 76' lang='lat' dir='ltr'><strong>CUMMENT.</strong></span> <span class='ocrx_word' id='word_1_3' title='bbox 1590 427 1670 487; x_wconf 86' lang='lat' dir='ltr'><strong>IN</strong></span> <span class='ocrx_word' id='word_1_4' title='bbox 1702 428 1935 489; x_wconf 85' lang='lat' dir='ltr'><strong>EPIST.</strong></span> <span class='ocrx_word' id='word_1_5' title='bbox 1967 431 1992 489; x_wconf 90' lang='grc' dir='ltr'><strong>Ι</strong></span> <span class='ocrx_word' id='word_1_6' title='bbox 2036 432 2100 492; x_wconf 90' lang='lat' dir='ltr'><strong>S.</strong></span> <span class='ocrx_word' id='word_1_7' title='bbox 2142 431 2394 492; x_wconf 79' lang='lat' dir='ltr'><strong>PETRI.</strong></span> 
     </span>
    </p>
   </div>
   <div class='ocr_carea' id='block_1_3' title="bbox 3296 426 3401 487">
    <p class='ocr_par' dir='ltr' id='par_1_3' title="bbox 3296 426 3401 487">
     <span class='ocr_line' id='line_1_3' title="bbox 3296 426 3401 487; baseline 0.019 -2"><span class='ocrx_word' id='word_1_8' title='bbox 3296 426 3401 487; x_wconf 67' lang='lat'><strong>542</strong></span> 
     </span>
    </p>
   </div>
   <div class='ocr_carea' id='block_1_4' title="bbox 146 540 1723 616">
    <p class='ocr_par' dir='ltr' id='par_1_4' title="bbox 146 540 1722 611">
     <span class='ocr_line' id='line_1_4' title="bbox 146 540 1722 611; baseline -0.003 -12"><span class='ocrx_word' id='word_1_9' title='bbox 146 547 325 610; x_wconf 67' lang='grc' dir='ltr'>αὐτὸς</span> <span class='ocrx_word' id='word_1_10' title='bbox 353 544 691 611; x_wconf 73' lang='grc' dir='ltr'><strong>ἀνήνεγκεν</strong></span> <span class='ocrx_word' id='word_1_11' title='bbox 710 542 779 595; x_wconf 79' lang='grc' dir='ltr'><strong>ἐν</strong></span> <span class='ocrx_word' id='word_1_12' title='bbox 817 541 897 606; x_wconf 78' lang='grc' dir='ltr'>τῷ</span> <span class='ocrx_word' id='word_1_13' title='bbox 924 540 1151 611; x_wconf 82' lang='grc' dir='ltr'>σώματι</span> <span class='ocrx_word' id='word_1_14' title='bbox 1189 542 1375 595; x_wconf 84' lang='grc' dir='ltr'>αὐτοῦ</span> <span class='ocrx_word' id='word_1_15' title='bbox 1404 541 1501 595; x_wconf 75' lang='grc' dir='ltr'><strong>ἐπὶ</strong></span> <span class='ocrx_word' id='word_1_16' title='bbox 1524 541 1589 595; x_wconf 85' lang='grc' dir='ltr'>τὸ</span> <span class='ocrx_word' id='word_1_17' title='bbox 1625 542 1722 606; x_wconf 78' lang='grc' dir='ltr'><strong>ξύ-</strong></span> 
     </span>
    </p>
   </div>
   <div class='ocr_carea' id='block_1_5' title="bbox 1823 540 3400 616">
    <p class='ocr_par' dir='ltr' id='par_1_5' title="bbox 1824 543 3400 616">
     <span class='ocr_line' id='line_1_5' title="bbox 1824 543 3400 616; baseline -0.002 -18"><span class='ocrx_word' id='word_1_18' title='bbox 1824 555 1947 599; x_wconf 81' lang='lat' dir='ltr'><strong>rata</strong></span> <span class='ocrx_word' id='word_1_19' title='bbox 1988 556 2163 599; x_wconf 81' lang='lat' dir='ltr'><strong>nostra</strong></span> <span class='ocrx_word' id='word_1_20' title='bbox 2208 552 2319 616; x_wconf 78' lang='lat' dir='ltr'><strong>ipse</strong></span> <span class='ocrx_word' id='word_1_21' title='bbox 2344 546 2557 616; x_wconf 78' lang='lat' dir='ltr'><strong>pertulit</strong></span> <span class='ocrx_word' id='word_1_22' title='bbox 2586 546 2641 599; x_wconf 82' lang='lat' dir='ltr'><strong>in</strong></span> <span class='ocrx_word' id='word_1_23' title='bbox 2665 561 2877 613; x_wconf 85' lang='lat' dir='ltr'><strong>corpore</strong></span> <span class='ocrx_word' id='word_1_24' title='bbox 2898 560 2991 597; x_wconf 74' lang='lat' dir='ltr'><strong>suo</strong></span> <span class='ocrx_word' id='word_1_25' title='bbox 3019 560 3173 613; x_wconf 73' lang='lat' dir='ltr'><strong>super</strong></span> <span class='ocrx_word' id='word_1_26' title='bbox 3202 543 3400 612; x_wconf 78' lang='lat' dir='ltr'><strong>lignum</strong></span> 
     </span>
    </p>
   </div>
   <div class='ocr_carea' id='block_1_6' title="bbox 143 632 1723 702">
    <p class='ocr_par' dir='ltr' id='par_1_6' title="bbox 143 632 1723 702">
     <span class='ocr_line' id='line_1_6' title="bbox 143 632 1723 702; baseline -0.002 -13"><span class='ocrx_word' id='word_1_27' title='bbox 143 640 280 699; x_wconf 65' lang='grc' dir='ltr'>λον,</span> <span class='ocrx_word' id='word_1_28' title='bbox 344 634 446 687; x_wconf 79' lang='grc' dir='ltr'><strong>ἵνα</strong></span> <span class='ocrx_word' id='word_1_29' title='bbox 496 633 626 699; x_wconf 81' lang='grc' dir='ltr'>ταῖς</span> <span class='ocrx_word' id='word_1_30' title='bbox 675 633 989 702; x_wconf 78' lang='grc' dir='ltr'><strong>ἁμαρτίαις</strong></span> <span class='ocrx_word' id='word_1_31' title='bbox 1017 632 1489 701; x_wconf 68' lang='grc' dir='ltr'>ἔάπογενόμεγοι,</span> <span class='ocrx_word' id='word_1_32' title='bbox 1536 632 1610 699; x_wconf 79' lang='grc' dir='ltr'>τῆ</span> <span class='ocrx_word' id='word_1_33' title='bbox 1640 634 1723 687; x_wconf 84' lang='grc' dir='ltr'>δι-</span> 
     </span>
    </p>
   </div>
   <div class='ocr_carea' id='block_1_7' title="bbox 144 721 1716 794">
    <p class='ocr_par' dir='ltr' id='par_1_7' title="bbox 144 721 1716 794">
     <span class='ocr_line' id='line_1_7' title="bbox 144 721 1716 794; baseline -0.001 -15"><span class='ocrx_word' id='word_1_34' title='bbox 144 728 443 793; x_wconf 79' lang='grc' dir='ltr'>καιοσύνῃ</span> <span class='ocrx_word' id='word_1_35' title='bbox 473 724 761 794; x_wconf 71' lang='grc' dir='ltr'>ζήσωμεν.</span> <span class='ocrx_word' id='word_1_36' title='bbox 796 721 879 781; x_wconf 80' lang='grc' dir='ltr'><strong>οὗ</strong></span> <span class='ocrx_word' id='word_1_37' title='bbox 912 723 991 789; x_wconf 82' lang='grc' dir='ltr'>τῷ</span> <span class='ocrx_word' id='word_1_38' title='bbox 1008 724 1254 793; x_wconf 76' lang='grc' dir='ltr'>μώλωπι</span> <span class='ocrx_word' id='word_1_39' title='bbox 1284 725 1469 779; x_wconf 81' lang='grc' dir='ltr'>αὐτοῦ</span> <span class='ocrx_word' id='word_1_40' title='bbox 1498 725 1716 791; x_wconf 75' lang='grc' dir='ltr'>ἰάθητε.</span> 
     </span>
    </p>
   </div>
   <div class='ocr_carea' id='block_1_8' title="bbox 144 815 1718 887">
    <p class='ocr_par' dir='ltr' id='par_1_8' title="bbox 144 815 1718 887">
     <span class='ocr_line' id='line_1_8' title="bbox 144 815 1718 887; baseline -0.003 -14"><span class='ocrx_word' id='word_1_41' title='bbox 144 815 280 874; x_wconf 80' lang='grc' dir='ltr'>Ἦτε</span> <span class='ocrx_word' id='word_1_42' title='bbox 310 820 419 887; x_wconf 71' lang='grc' dir='ltr'>γὰρ</span> <span class='ocrx_word' id='word_1_43' title='bbox 440 819 521 883; x_wconf 88' lang='grc' dir='ltr'>ὡς</span> <span class='ocrx_word' id='word_1_44' title='bbox 552 819 815 885; x_wconf 75' lang='grc' dir='ltr'>πρόϐατα</span> <span class='ocrx_word' id='word_1_45' title='bbox 848 818 1232 885; x_wconf 67' lang='grc' dir='ltr'>πλανώμενα,</span> <span class='ocrx_word' id='word_1_46' title='bbox 1261 816 1400 869; x_wconf 67' lang='grc' dir='ltr'>ἀλλ’</span> <span class='ocrx_word' id='word_1_47' title='bbox 1427 815 1718 882; x_wconf 75' lang='grc' dir='ltr'>ἐπεστρά-</span> 
     </span>
    </p>
   </div>
   <div class='ocr_carea' id='block_1_9' title="bbox 142 906 1721 981">
    <p class='ocr_par' dir='ltr' id='par_1_9' title="bbox 142 906 1721 981">
     <span class='ocr_line' id='line_1_9' title="bbox 142 906 1721 981; baseline -0.004 -16"><span class='ocrx_word' id='word_1_48' title='bbox 142 929 293 981; x_wconf 68' lang='lat' dir='ltr'><strong>gnte</strong></span> <span class='ocrx_word' id='word_1_49' title='bbox 317 912 437 965; x_wconf 85' lang='grc' dir='ltr'><strong>νῦν</strong></span> <span class='ocrx_word' id='word_1_50' title='bbox 463 912 560 963; x_wconf 75' lang='grc' dir='ltr'><strong>ἐπὶ</strong></span> <span class='ocrx_word' id='word_1_51' title='bbox 611 909 721 963; x_wconf 81' lang='grc' dir='ltr'><strong>τὸν</strong></span> <span class='ocrx_word' id='word_1_52' title='bbox 770 909 1024 978; x_wconf 79' lang='grc' dir='ltr'>ποιμένα</span> <span class='ocrx_word' id='word_1_53' title='bbox 1074 908 1171 961; x_wconf 75' lang='grc' dir='ltr'><strong>καί</strong></span> <span class='ocrx_word' id='word_1_54' title='bbox 1220 908 1558 962; x_wconf 78' lang='grc' dir='ltr'>ἐπίσκοπον</span> <span class='ocrx_word' id='word_1_55' title='bbox 1603 906 1721 960; x_wconf 81' lang='grc' dir='ltr'><strong>τῶν</strong></span> 
     </span>
    </p>
   </div>
   <div class='ocr_carea' id='block_1_10' title="bbox 142 1000 1708 1075">
    <p class='ocr_par' dir='ltr' id='par_1_10' title="bbox 142 1000 1708 1075">
     <span class='ocr_line' id='line_1_10' title="bbox 142 1000 1708 1075; baseline -0.003 -18"><span class='ocrx_word' id='word_1_56' title='bbox 142 1002 363 1072; x_wconf 61' lang='grc' dir='ltr'><strong>ψυχῶν</strong></span> <span class='ocrx_word' id='word_1_57' title='bbox 389 1000 575 1070; x_wconf 79' lang='grc' dir='ltr'><strong>ὑμῶν.</strong></span> <span class='ocrx_word' id='word_1_58' title='bbox 1702 1068 1708 1075; x_wconf 28' lang='grc'>⁸</span> 
     </span>
    </p>
   </div>
   <div class='ocr_carea' id='block_1_11' title="bbox 216 1092 1721 1163">
    <p class='ocr_par' dir='ltr' id='par_1_11' title="bbox 216 1092 1721 1163">
     <span class='ocr_line' id='line_1_11' title="bbox 216 1092 1721 1163; baseline 0 -18"><span class='ocrx_word' id='word_1_59' title='bbox 216 1114 235 1145; x_wconf 78' lang='grc' dir='ltr'><strong>ι</strong></span> <span class='ocrx_word' id='word_1_60' title='bbox 273 1097 339 1146; x_wconf 79' lang='lat'><strong>0!</strong></span> <span class='ocrx_word' id='word_1_61' title='bbox 369 1095 600 1157; x_wconf 75' lang='grc' dir='ltr'>οἰκέται,</span> <span class='ocrx_word' id='word_1_62' title='bbox 639 1092 1090 1163; x_wconf 84' lang='grc' dir='ltr'>ὑποτασσόμενοι.</span> <span class='ocrx_word' id='word_1_63' title='bbox 1141 1110 1159 1143; x_wconf 76' lang='grc' dir='ltr'><strong>ι</strong></span> <span class='ocrx_word' id='word_1_64' title='bbox 1196 1093 1721 1158; x_wconf 83' lang='grc' dir='ltr'>Προσυπακουστὲον</span> 
     </span>
    </p>
   </div>
   <div class='ocr_carea' id='block_1_12' title="bbox 140 1180 1717 1256">
    <p class='ocr_par' dir='ltr' id='par_1_12' title="bbox 140 1180 1717 1256">
     <span class='ocr_line' id='line_1_12' title="bbox 140 1180 1717 1256; baseline 0.001 -20"><span class='ocrx_word' id='word_1_65' title='bbox 140 1186 221 1246; x_wconf 76' lang='grc' dir='ltr'>τὸ,</span> <span class='ocrx_word' id='word_1_66' title='bbox 254 1180 397 1254; x_wconf 75' lang='grc' dir='ltr'>ἦτε,</span> <span class='ocrx_word' id='word_1_67' title='bbox 454 1186 542 1236; x_wconf 80' lang='grc' dir='ltr'><strong>ἵνα</strong></span> <span class='ocrx_word' id='word_1_68' title='bbox 601 1180 657 1256; x_wconf 77' lang='grc' dir='ltr'>ᾖ,</span> <span class='ocrx_word' id='word_1_69' title='bbox 702 1186 766 1237; x_wconf 85' lang='grc' dir='ltr'>Οί</span> <span class='ocrx_word' id='word_1_70' title='bbox 818 1185 1057 1249; x_wconf 72' lang='grc' dir='ltr'>οἰκέται,</span> <span class='ocrx_word' id='word_1_71' title='bbox 1106 1180 1205 1254; x_wconf 76' lang='grc' dir='ltr'>ἦτε</span> <span class='ocrx_word' id='word_1_72' title='bbox 1262 1184 1717 1252; x_wconf 73' lang='grc' dir='ltr'>ὑποτασσόμενοι.</span> 
     </span>
    </p>
   </div>
   <div class='ocr_carea' id='block_1_13' title="bbox 152 1274 1714 1343">
    <p class='ocr_par' dir='ltr' id='par_1_13' title="bbox 152 1274 1714 1343">
     <span class='ocr_line' id='line_1_13' title="bbox 152 1274 1714 1343; baseline 0 -18"><span class='ocrx_word' id='word_1_73' title='bbox 152 1274 389 1343; x_wconf 79' lang='grc' dir='ltr'>Ὁμοίως</span> <span class='ocrx_word' id='word_1_74' title='bbox 409 1275 501 1327; x_wconf 76' lang='grc' dir='ltr'><strong>καὶ</strong></span> <span class='ocrx_word' id='word_1_75' title='bbox 525 1276 614 1327; x_wconf 65' lang='grc' dir='ltr'>ἐπὶ</span> <span class='ocrx_word' id='word_1_76' title='bbox 634 1274 751 1341; x_wconf 78' lang='grc' dir='ltr'>τοῦ,</span> <span class='ocrx_word' id='word_1_77' title='bbox 771 1275 835 1327; x_wconf 81' lang='grc' dir='ltr'><strong>Αἱ</strong></span> <span class='ocrx_word' id='word_1_78' title='bbox 852 1276 1131 1342; x_wconf 84' lang='grc' dir='ltr'>γυναῖκες.</span> <span class='ocrx_word' id='word_1_79' title='bbox 1161 1293 1179 1325; x_wconf 82' lang='grc' dir='ltr'><strong>ι</strong></span> <span class='ocrx_word' id='word_1_80' title='bbox 1203 1274 1290 1326; x_wconf 82' lang='grc' dir='ltr'>Ἐν</span> <span class='ocrx_word' id='word_1_81' title='bbox 1316 1274 1480 1326; x_wconf 71' lang='grc' dir='ltr'>παντὶ</span> <span class='ocrx_word' id='word_1_82' title='bbox 1513 1275 1679 1343; x_wconf 81' lang='grc' dir='ltr'>φόϐῳ.</span> <span class='ocrx_word' id='word_1_83' title='bbox 1697 1294 1714 1325; x_wconf 77' lang='grc' dir='ltr'><strong>ι</strong></span> 
     </span>
    </p>
   </div>
   <div class='ocr_carea' id='block_1_14' title="bbox 142 1367 1719 1437">
    <p class='ocr_par' dir='ltr' id='par_1_14' title="bbox 142 1367 1719 1437">
     <span class='ocr_line' id='line_1_14' title="bbox 142 1367 1719 1437; baseline -0.001 -17"><span class='ocrx_word' id='word_1_84' title='bbox 142 1368 247 1420; x_wconf 74' lang='grc' dir='ltr'><strong>Τοῦ</strong></span> <span class='ocrx_word' id='word_1_85' title='bbox 284 1367 455 1435; x_wconf 84' lang='grc' dir='ltr'>φόϐου</span> <span class='ocrx_word' id='word_1_86' title='bbox 484 1368 764 1435; x_wconf 72' lang='grc' dir='ltr'>πολλαχῶς</span> <span class='ocrx_word' id='word_1_87' title='bbox 789 1368 1086 1436; x_wconf 75' lang='grc' dir='ltr'>λεγομένου</span> <span class='ocrx_word' id='word_1_88' title='bbox 1111 1385 1125 1398; x_wconf 77' lang='grc'><strong>’</strong></span> <span class='ocrx_word' id='word_1_89' title='bbox 1158 1368 1375 1435; x_wconf 81' lang='grc' dir='ltr'>λέγεται</span> <span class='ocrx_word' id='word_1_90' title='bbox 1404 1367 1511 1437; x_wconf 76' lang='grc' dir='ltr'>γὰρ</span> <span class='ocrx_word' id='word_1_91' title='bbox 1535 1368 1719 1434; x_wconf 82' lang='grc' dir='ltr'>φόϐος,</span> 
     </span>
    </p>
   </div>
   <div class='ocr_carea' id='block_1_15' title="bbox 145 1453 1723 1533">
    <p class='ocr_par' dir='ltr' id='par_1_15' title="bbox 145 1453 1723 1533">
     <span class='ocr_line' id='line_1_15' title="bbox 145 1453 1723 1533; baseline -0.002 -18"><span class='ocrx_word' id='word_1_92' title='bbox 145 1466 236 1515; x_wconf 71' lang='grc' dir='ltr'><strong>καὶ</strong></span> <span class='ocrx_word' id='word_1_93' title='bbox 294 1463 325 1512; x_wconf 85' lang='lat'><strong>6</strong></span> <span class='ocrx_word' id='word_1_94' title='bbox 378 1462 476 1514; x_wconf 82' lang='grc' dir='ltr'><strong>σὺν</strong></span> <span class='ocrx_word' id='word_1_95' title='bbox 508 1463 807 1533; x_wconf 76' lang='grc' dir='ltr'>ἐπιστήμῃ,</span> <span class='ocrx_word' id='word_1_96' title='bbox 845 1460 909 1513; x_wconf 87' lang='grc' dir='ltr'>ὃν</span> <span class='ocrx_word' id='word_1_97' title='bbox 971 1453 1129 1524; x_wconf 70' lang='grc' dir='ltr'>οὗτος</span> <span class='ocrx_word' id='word_1_98' title='bbox 1154 1461 1248 1513; x_wconf 79' lang='grc' dir='ltr'><strong>νῦν</strong></span> <span class='ocrx_word' id='word_1_99' title='bbox 1292 1461 1379 1514; x_wconf 67' lang='grc' dir='ltr'>διὰ</span> <span class='ocrx_word' id='word_1_100' title='bbox 1420 1461 1723 1530; x_wconf 76' lang='grc' dir='ltr'><strong>συνείδησιν</strong></span> 
     </span>
    </p>
   </div>
   <div class='ocr_carea' id='block_1_16' title="bbox 147 1551 1724 1621">
    <p class='ocr_par' dir='ltr' id='par_1_16' title="bbox 147 1551 1724 1621">
     <span class='ocr_line' id='line_1_16' title="bbox 147 1551 1724 1621; baseline 0 -18"><span class='ocrx_word' id='word_1_101' title='bbox 147 1552 334 1621; x_wconf 65' lang='grc' dir='ltr'>φησιν,</span> <span class='ocrx_word' id='word_1_102' title='bbox 360 1551 418 1609; x_wconf 81' lang='lat'><em>6;</em></span> <span class='ocrx_word' id='word_1_103' title='bbox 448 1551 544 1604; x_wconf 74' lang='grc' dir='ltr'>καὶ</span> <span class='ocrx_word' id='word_1_104' title='bbox 571 1551 850 1605; x_wconf 70' lang='grc' dir='ltr'>εὐλάϐεια</span> <span class='ocrx_word' id='word_1_105' title='bbox 876 1551 1122 1604; x_wconf 78' lang='grc' dir='ltr'>καλεῖται</span> <span class='ocrx_word' id='word_1_106' title='bbox 1150 1569 1164 1583; x_wconf 87' lang='grc'><strong>·</strong></span> <span class='ocrx_word' id='word_1_107' title='bbox 1196 1551 1413 1619; x_wconf 84' lang='grc' dir='ltr'>λέγεται</span> <span class='ocrx_word' id='word_1_108' title='bbox 1446 1551 1605 1618; x_wconf 83' lang='grc' dir='ltr'>φόϐος</span> <span class='ocrx_word' id='word_1_109' title='bbox 1630 1552 1724 1603; x_wconf 77' lang='grc' dir='ltr'><strong>καὶ</strong></span> 
     </span>
    </p>
   </div>
   <div class='ocr_carea' id='block_1_17' title="bbox 147 1644 1723 1714">
    <p class='ocr_par' dir='ltr' id='par_1_17' title="bbox 147 1644 1723 1714">
     <span class='ocr_line' id='line_1_17' title="bbox 147 1644 1723 1714; baseline -0.001 -17"><span class='ocrx_word' id='word_1_110' title='bbox 147 1648 173 1697; x_wconf 81' lang='grc' dir='ltr'><strong>ὁ</strong></span> <span class='ocrx_word' id='word_1_111' title='bbox 195 1644 521 1713; x_wconf 78' lang='grc' dir='ltr'>παθητικὸς,</span> <span class='ocrx_word' id='word_1_112' title='bbox 545 1644 843 1708; x_wconf 78' lang='grc' dir='ltr'><strong>τουτέστιν,</strong></span> <span class='ocrx_word' id='word_1_113' title='bbox 870 1646 897 1696; x_wconf 97' lang='lat'><strong>6</strong></span> <span class='ocrx_word' id='word_1_114' title='bbox 926 1645 1012 1698; x_wconf 81' lang='grc' dir='ltr'>διὰ</span> <span class='ocrx_word' id='word_1_115' title='bbox 1058 1644 1329 1707; x_wconf 79' lang='grc' dir='ltr'><strong>κολάσεως</strong></span> <span class='ocrx_word' id='word_1_116' title='bbox 1362 1647 1553 1714; x_wconf 74' lang='grc' dir='ltr'>πεῖραν</span> <span class='ocrx_word' id='word_1_117' title='bbox 1582 1646 1723 1696; x_wconf 85' lang='grc' dir='ltr'>τισὶν</span> 
     </span>
    </p>
   </div>
   <div class='ocr_carea' id='block_1_18' title="bbox 147 1734 1723 1803">
    <p class='ocr_par' dir='ltr' id='par_1_18' title="bbox 147 1734 1723 1803">
     <span class='ocr_line' id='line_1_18' title="bbox 147 1734 1723 1803; baseline 0 -17"><span class='ocrx_word' id='word_1_118' title='bbox 147 1736 517 1802; x_wconf 79' lang='grc' dir='ltr'>ὲγγινόμενος,</span> <span class='ocrx_word' id='word_1_119' title='bbox 552 1734 611 1787; x_wconf 82' lang='grc' dir='ltr'>ὃν</span> <span class='ocrx_word' id='word_1_120' title='bbox 653 1735 746 1788; x_wconf 80' lang='grc' dir='ltr'>καὶ</span> <span class='ocrx_word' id='word_1_121' title='bbox 796 1735 862 1788; x_wconf 67' lang='grc' dir='ltr'>τὰ</span> <span class='ocrx_word' id='word_1_122' title='bbox 913 1735 1077 1802; x_wconf 75' lang='grc' dir='ltr'>θηρία</span> <span class='ocrx_word' id='word_1_123' title='bbox 1111 1734 1358 1801; x_wconf 78' lang='grc' dir='ltr'>φοϐεῖται</span> <span class='ocrx_word' id='word_1_124' title='bbox 1385 1750 1399 1764; x_wconf 78' lang='grc'><strong>⁸</strong></span> <span class='ocrx_word' id='word_1_125' title='bbox 1430 1735 1723 1803; x_wconf 70' lang='grc' dir='ltr'><strong>λεγομένου</strong></span> 
     </span>
    </p>
   </div>
   <div class='ocr_carea' id='block_1_19' title="bbox 148 1826 1721 1895">
    <p class='ocr_par' dir='ltr' id='par_1_19' title="bbox 148 1826 1721 1895">
     <span class='ocr_line' id='line_1_19' title="bbox 148 1826 1721 1895; baseline 0.001 -19"><span class='ocrx_word' id='word_1_126' title='bbox 148 1827 305 1877; x_wconf 67' lang='grc' dir='ltr'>πάλιν</span> <span class='ocrx_word' id='word_1_127' title='bbox 336 1826 506 1893; x_wconf 81' lang='grc' dir='ltr'>φόϐου</span> <span class='ocrx_word' id='word_1_128' title='bbox 559 1828 676 1879; x_wconf 72' lang='grc' dir='ltr'>καὶ·</span> <span class='ocrx_word' id='word_1_129' title='bbox 704 1826 798 1878; x_wconf 77' lang='grc' dir='ltr'>τοῦ</span> <span class='ocrx_word' id='word_1_130' title='bbox 862 1826 1362 1895; x_wconf 62' lang='grc' dir='ltr'>πῳκατσρκτικοῦ,</span> <span class='ocrx_word' id='word_1_131' title='bbox 1412 1826 1470 1890; x_wconf 85' lang='grc' dir='ltr'>ὃς</span> <span class='ocrx_word' id='word_1_132' title='bbox 1516 1826 1721 1894; x_wconf 82' lang='grc' dir='ltr'>τοῖςτῷ</span> 
     </span>
    </p>
   </div>
   <div class='ocr_carea' id='block_1_20' title="bbox 150 1890 1796 1987">
    <p class='ocr_par' dir='ltr' id='par_1_20' title="bbox 150 1890 1796 1987">
     <span class='ocr_line' id='line_1_20' title="bbox 150 1890 1796 1987; baseline 0.003 -20"><span class='ocrx_word' id='word_1_133' title='bbox 150 1890 826 1987; x_wconf 33' lang='grc' dir='ltr'>Κυρίῳ-προσερχομένας</span> <span class='ocrx_word' id='word_1_134' title='bbox 863 1890 1238 1981; x_wconf 77' lang='grc' dir='ltr'>ἐπακολουθεῖ,</span> <span class='ocrx_word' id='word_1_135' title='bbox 1263 1890 1356 1971; x_wconf 13' lang='grc' dir='ltr'>διὰγ</span> <span class='ocrx_word' id='word_1_136' title='bbox 1400 1918 1460 1971; x_wconf 77' lang='grc' dir='ltr'><strong>τὸ</strong></span> <span class='ocrx_word' id='word_1_137' title='bbox 1484 1890 1721 1971; x_wconf 61' lang='grc' dir='ltr'>συνειδέο</span> <span class='ocrx_word' id='word_1_138' title='bbox 1757 1890 1796 1944; x_wconf 72' lang='grc' dir='ltr'><strong>Β</strong></span> 
     </span>
    </p>
   </div>
   <div class='ocr_carea' id='block_1_21' title="bbox 147 2009 1728 2079">
    <p class='ocr_par' dir='ltr' id='par_1_21' title="bbox 147 2009 1728 2079">
     <span class='ocr_line' id='line_1_21' title="bbox 147 2009 1728 2079; baseline 0.003 -20"><span class='ocrx_word' id='word_1_139' title='bbox 147 2026 230 2060; x_wconf 74' lang='grc' dir='ltr'>νιι</span> <span class='ocrx_word' id='word_1_140' title='bbox 255 2009 471 2070; x_wconf 73' lang='grc' dir='ltr'>ἑαυτοῖς</span> <span class='ocrx_word' id='word_1_141' title='bbox 499 2009 665 2061; x_wconf 74' lang='grc' dir='ltr'>πολλὰ</span> <span class='ocrx_word' id='word_1_142' title='bbox 697 2010 791 2061; x_wconf 76' lang='grc' dir='ltr'><strong>ἐπὶ</strong></span> <span class='ocrx_word' id='word_1_143' title='bbox 826 2009 1101 2079; x_wconf 75' lang='grc' dir='ltr'><strong>τιμωρίαν</strong></span> <span class='ocrx_word' id='word_1_144' title='bbox 1130 2010 1525 2077; x_wconf 70' lang='grc' dir='ltr'>ἐκκαλούμενα,</span> <span class='ocrx_word' id='word_1_145' title='bbox 1550 2010 1608 2061; x_wconf 81' lang='grc' dir='ltr'><strong>δν</strong></span> <span class='ocrx_word' id='word_1_146' title='bbox 1635 2012 1728 2063; x_wconf 71' lang='grc' dir='ltr'><strong>καὶ</strong></span> 
     </span>
    </p>
   </div>
   <div class='ocr_carea' id='block_1_22' title="bbox 148 2100 1725 2173">
    <p class='ocr_par' dir='ltr' id='par_1_22' title="bbox 148 2100 1725 2173">
     <span class='ocr_line' id='line_1_22' title="bbox 148 2100 1725 2173; baseline 0.003 -20"><span class='ocrx_word' id='word_1_147' title='bbox 148 2104 178 2169; x_wconf 71' lang='grc' dir='ltr'>ἡ</span> <span class='ocrx_word' id='word_1_148' title='bbox 209 2104 265 2153; x_wconf 78' lang='grc' dir='ltr'>ἐν</span> <span class='ocrx_word' id='word_1_149' title='bbox 294 2100 647 2167; x_wconf 71' lang='grc' dir='ltr'>Εὖαγγελίοις</span> <span class='ocrx_word' id='word_1_150' title='bbox 677 2102 847 2171; x_wconf 87' lang='grc' dir='ltr'>πόρνη</span> <span class='ocrx_word' id='word_1_151' title='bbox 873 2102 1170 2171; x_wconf 85' lang='grc' dir='ltr'>φοϐηθεῖσα</span> <span class='ocrx_word' id='word_1_152' title='bbox 1197 2102 1468 2172; x_wconf 78' lang='grc' dir='ltr'>προσῆλθε</span> <span class='ocrx_word' id='word_1_153' title='bbox 1484 2104 1725 2173; x_wconf 85' lang='grc' dir='ltr'>Χριστῷ·</span> 
     </span>
    </p>
   </div>
   <div class='ocr_carea' id='block_1_23' title="bbox 146 2191 1720 2265">
    <p class='ocr_par' dir='ltr' id='par_1_23' title="bbox 146 2191 1720 2265">
     <span class='ocr_line' id='line_1_23' title="bbox 146 2191 1720 2265; baseline 0.001 -19"><span class='ocrx_word' id='word_1_154' title='bbox 146 2193 278 2246; x_wconf 64' lang='grc' dir='ltr'>ἀλλὰ</span> <span class='ocrx_word' id='word_1_155' title='bbox 338 2194 434 2245; x_wconf 71' lang='grc' dir='ltr'><strong>καὶ</strong></span> <span class='ocrx_word' id='word_1_156' title='bbox 489 2191 582 2245; x_wconf 73' lang='grc' dir='ltr'>τοῦ</span> <span class='ocrx_word' id='word_1_157' title='bbox 632 2193 978 2245; x_wconf 78' lang='grc' dir='ltr'>τελειωτικοῦ</span> <span class='ocrx_word' id='word_1_158' title='bbox 1012 2192 1178 2262; x_wconf 86' lang='grc' dir='ltr'>φόϐου</span> <span class='ocrx_word' id='word_1_159' title='bbox 1224 2196 1386 2248; x_wconf 80' lang='grc' dir='ltr'>πάλιν</span> <span class='ocrx_word' id='word_1_160' title='bbox 1408 2196 1720 2265; x_wconf 78' lang='grc' dir='ltr'>λεγομένου,</span> 
     </span>
    </p>
   </div>
   <div class='ocr_carea' id='block_1_24' title="bbox 147 2286 1724 2355">
    <p class='ocr_par' dir='ltr' id='par_1_24' title="bbox 147 2286 1724 2355">
     <span class='ocr_line' id='line_1_24' title="bbox 147 2286 1724 2355; baseline 0.001 -17"><span class='ocrx_word' id='word_1_161' title='bbox 147 2286 200 2346; x_wconf 83' lang='grc' dir='ltr'>ὃς</span> <span class='ocrx_word' id='word_1_162' title='bbox 232 2287 365 2338; x_wconf 72' lang='grc' dir='ltr'>πᾶσι</span> <span class='ocrx_word' id='word_1_163' title='bbox 398 2286 510 2336; x_wconf 70' lang='grc' dir='ltr'>τοῖς</span> <span class='ocrx_word' id='word_1_164' title='bbox 540 2286 719 2351; x_wconf 77' lang='grc' dir='ltr'>ἁγίοις</span> <span class='ocrx_word' id='word_1_165' title='bbox 772 2286 859 2337; x_wconf 79' lang='grc' dir='ltr'><strong>ἀεὶ</strong></span> <span class='ocrx_word' id='word_1_166' title='bbox 895 2286 1148 2355; x_wconf 67' lang='grc' dir='ltr'>πάρεστι,</span> <span class='ocrx_word' id='word_1_167' title='bbox 1186 2286 1383 2339; x_wconf 81' lang='grc' dir='ltr'><strong>δεδιόσι</strong></span> <span class='ocrx_word' id='word_1_168' title='bbox 1418 2290 1550 2355; x_wconf 78' lang='grc' dir='ltr'>μήτι</span> <span class='ocrx_word' id='word_1_169' title='bbox 1577 2288 1724 2340; x_wconf 86' lang='grc' dir='ltr'>ἐλλί-</span> 
     </span>
    </p>
   </div>
   <div class='ocr_carea' id='block_1_25' title="bbox 150 2367 1726 2443">
    <p class='ocr_par' dir='ltr' id='par_1_25' title="bbox 150 2367 1726 2443">
     <span class='ocr_line' id='line_1_25' title="bbox 150 2367 1726 2443; baseline 0.001 -18"><span class='ocrx_word' id='word_1_170' title='bbox 150 2391 289 2427; x_wconf 78' lang='grc' dir='ltr'>πωσι</span> <span class='ocrx_word' id='word_1_171' title='bbox 312 2375 421 2426; x_wconf 63' lang='grc' dir='ltr'>τῶν</span> <span class='ocrx_word' id='word_1_172' title='bbox 443 2367 518 2424; x_wconf 79' lang='grc' dir='ltr'>ὧν</span> <span class='ocrx_word' id='word_1_173' title='bbox 547 2374 695 2435; x_wconf 83' lang='grc' dir='ltr'>είκδς</span> <span class='ocrx_word' id='word_1_174' title='bbox 724 2374 1055 2443; x_wconf 72' lang='grc' dir='ltr'><strong>ἐνυπάρχειν</strong></span> <span class='ocrx_word' id='word_1_175' title='bbox 1081 2376 1193 2435; x_wconf 85' lang='grc' dir='ltr'>τοῖς</span> <span class='ocrx_word' id='word_1_176' title='bbox 1228 2376 1307 2435; x_wconf 86' lang='grc' dir='ltr'><strong>είς</strong></span> <span class='ocrx_word' id='word_1_177' title='bbox 1343 2374 1553 2427; x_wconf 82' lang='grc' dir='ltr'>τελείαν</span> <span class='ocrx_word' id='word_1_178' title='bbox 1583 2375 1726 2441; x_wconf 69' lang='grc' dir='ltr'><strong>ἀγά-</strong></span> 
     </span>
    </p>
   </div>
   <div class='ocr_carea' id='block_1_26' title="bbox 150 2463 1719 2534">
    <p class='ocr_par' dir='ltr' id='par_1_26' title="bbox 150 2463 1719 2534">
     <span class='ocr_line' id='line_1_26' title="bbox 150 2463 1719 2534; baseline 0.002 -19"><span class='ocrx_word' id='word_1_179' title='bbox 150 2484 253 2534; x_wconf 79' lang='grc' dir='ltr'><strong>πην</strong></span> <span class='ocrx_word' id='word_1_180' title='bbox 276 2463 639 2530; x_wconf 71' lang='grc' dir='ltr'>ἀνσληφθεῖσι</span> <span class='ocrx_word' id='word_1_181' title='bbox 664 2480 677 2493; x_wconf 92' lang='grc'><strong>·</strong></span> <span class='ocrx_word' id='word_1_182' title='bbox 701 2464 1048 2532; x_wconf 74' lang='grc' dir='ltr'><strong>τοσαυταχῶς</strong></span> <span class='ocrx_word' id='word_1_183' title='bbox 1074 2464 1169 2516; x_wconf 76' lang='grc' dir='ltr'>τοῦ</span> <span class='ocrx_word' id='word_1_184' title='bbox 1210 2465 1376 2532; x_wconf 79' lang='grc' dir='ltr'>φόϐου</span> <span class='ocrx_word' id='word_1_185' title='bbox 1405 2465 1719 2533; x_wconf 76' lang='grc' dir='ltr'>λεγομένου,</span> 
     </span>
    </p>
   </div>
   <div class='ocr_carea' id='block_1_27' title="bbox 148 2554 1725 2635">
    <p class='ocr_par' dir='ltr' id='par_1_27' title="bbox 148 2554 1725 2635">
     <span class='ocr_line' id='line_1_27' title="bbox 148 2554 1725 2635; baseline 0 -28"><span class='ocrx_word' id='word_1_186' title='bbox 148 2560 196 2608; x_wconf 86' lang='grc' dir='ltr'><strong>εί</strong></span> <span class='ocrx_word' id='word_1_187' title='bbox 226 2558 326 2625; x_wconf 78' lang='grc' dir='ltr'><strong>μὲν</strong></span> <span class='ocrx_word' id='word_1_188' title='bbox 357 2558 455 2608; x_wconf 70' lang='grc' dir='ltr'>καὶ</span> <span class='ocrx_word' id='word_1_189' title='bbox 482 2555 569 2607; x_wconf 75' lang='grc' dir='ltr'>διὰ</span> <span class='ocrx_word' id='word_1_190' title='bbox 620 2555 838 2608; x_wconf 74' lang='grc' dir='ltr'>πάντων</span> <span class='ocrx_word' id='word_1_191' title='bbox 881 2554 1088 2608; x_wconf 76' lang='grc' dir='ltr'>τούτων</span> <span class='ocrx_word' id='word_1_192' title='bbox 1114 2556 1321 2635; x_wconf 69' lang='grc' dir='ltr'>δίκαιον</span> <span class='ocrx_word' id='word_1_193' title='bbox 1355 2558 1481 2618; x_wconf 81' lang='grc' dir='ltr'>τοὺς</span> <span class='ocrx_word' id='word_1_194' title='bbox 1506 2556 1725 2619; x_wconf 76' lang='grc' dir='ltr'>δούλους</span> 
     </span>
    </p>
   </div>
   <div class='ocr_carea' id='block_1_28' title="bbox 147 2646 1725 2716">
    <p class='ocr_par' dir='ltr' id='par_1_28' title="bbox 147 2646 1725 2716">
     <span class='ocr_line' id='line_1_28' title="bbox 147 2646 1725 2716; baseline 0 -17"><span class='ocrx_word' id='word_1_195' title='bbox 147 2652 256 2710; x_wconf 87' lang='grc' dir='ltr'>τοῖς</span> <span class='ocrx_word' id='word_1_196' title='bbox 284 2648 436 2709; x_wconf 79' lang='grc' dir='ltr'>ίδίοις</span> <span class='ocrx_word' id='word_1_197' title='bbox 489 2647 899 2716; x_wconf 76' lang='grc' dir='ltr'>προσφέρεσθαι</span> <span class='ocrx_word' id='word_1_198' title='bbox 941 2646 1265 2709; x_wconf 61' lang='grc' dir='ltr'>δεσπόταις,</span> <span class='ocrx_word' id='word_1_199' title='bbox 1286 2647 1386 2699; x_wconf 81' lang='grc' dir='ltr'><strong>οὐκ</strong></span> <span class='ocrx_word' id='word_1_200' title='bbox 1418 2646 1484 2699; x_wconf 83' lang='grc' dir='ltr'>ἂν</span> <span class='ocrx_word' id='word_1_201' title='bbox 1517 2648 1725 2713; x_wconf 84' lang='grc' dir='ltr'>ἀπαγο-</span> 
     </span>
    </p>
   </div>
   <div class='ocr_carea' id='block_1_29' title="bbox 152 2734 1726 2809">
    <p class='ocr_par' dir='ltr' id='par_1_29' title="bbox 152 2734 1726 2809">
     <span class='ocr_line' id='line_1_29' title="bbox 152 2734 1726 2809; baseline 0.001 -24"><span class='ocrx_word' id='word_1_202' title='bbox 152 2735 396 2802; x_wconf 79' lang='grc' dir='ltr'>ρεύσειεν</span> <span class='ocrx_word' id='word_1_203' title='bbox 424 2736 452 2786; x_wconf 80' lang='lat'><strong>6</strong></span> <span class='ocrx_word' id='word_1_204' title='bbox 481 2736 537 2785; x_wconf 84' lang='grc' dir='ltr'>ὲν</span> <span class='ocrx_word' id='word_1_205' title='bbox 561 2737 721 2786; x_wconf 79' lang='grc' dir='ltr'>παντὶ</span> <span class='ocrx_word' id='word_1_206' title='bbox 752 2734 902 2803; x_wconf 83' lang='grc' dir='ltr'>φόϐῳ</span> <span class='ocrx_word' id='word_1_207' title='bbox 921 2734 1322 2797; x_wconf 79' lang='grc' dir='ltr'>ὑποτάσσεσθαι</span> <span class='ocrx_word' id='word_1_208' title='bbox 1355 2737 1481 2809; x_wconf 74' lang='grc' dir='ltr'>τοὺς</span> <span class='ocrx_word' id='word_1_209' title='bbox 1508 2736 1726 2799; x_wconf 76' lang='grc' dir='ltr'>δούλους</span> 
     </span>
    </p>
   </div>
   <div class='ocr_carea' id='block_1_30' title="bbox 145 2811 1725 2896">
    <p class='ocr_par' dir='ltr' id='par_1_30' title="bbox 145 2811 1725 2896">
     <span class='ocr_line' id='line_1_30' title="bbox 145 2811 1725 2896; baseline 0.001 -19"><span class='ocrx_word' id='word_1_210' title='bbox 145 2829 253 2887; x_wconf 77' lang='grc' dir='ltr'>τοῖς</span> <span class='ocrx_word' id='word_1_211' title='bbox 277 2826 573 2887; x_wconf 75' lang='grc' dir='ltr'><strong>δεσπόταις</strong></span> <span class='ocrx_word' id='word_1_212' title='bbox 624 2826 904 2894; x_wconf 74' lang='grc' dir='ltr'>παραινῶν</span> <span class='ocrx_word' id='word_1_213' title='bbox 932 2825 1044 2878; x_wconf 78' lang='grc' dir='ltr'>νῦν.</span> <span class='ocrx_word' id='word_1_214' title='bbox 1082 2826 1156 2878; x_wconf 84' lang='grc'><strong>’⁸0</strong></span> <span class='ocrx_word' id='word_1_215' title='bbox 1196 2843 1253 2878; x_wconf 86' lang='grc' dir='ltr'><strong>τε</strong></span> <span class='ocrx_word' id='word_1_216' title='bbox 1283 2826 1391 2896; x_wconf 81' lang='grc' dir='ltr'>γὰρ</span> <span class='ocrx_word' id='word_1_217' title='bbox 1422 2811 1725 2896; x_wconf 70' lang='grc' dir='ltr'>προκαταρ-</span> 
     </span>
    </p>
   </div>
   <div class='ocr_carea' id='block_1_31' title="bbox 147 2917 1725 2981">
    <p class='ocr_par' dir='ltr' id='par_1_31' title="bbox 147 2917 1725 2981">
     <span class='ocr_line' id='line_1_31' title="bbox 147 2917 1725 2981; baseline 0 -10"><span class='ocrx_word' id='word_1_218' title='bbox 147 2919 354 2980; x_wconf 70' lang='grc' dir='ltr'>κτικδς,</span> <span class='ocrx_word' id='word_1_219' title='bbox 386 2921 414 2970; x_wconf 78' lang='grc' dir='ltr'><strong>ὅ</strong></span> <span class='ocrx_word' id='word_1_220' title='bbox 457 2935 515 2970; x_wconf 90' lang='grc' dir='ltr'><strong>τε</strong></span> <span class='ocrx_word' id='word_1_221' title='bbox 554 2919 897 2981; x_wconf 64' lang='grc' dir='ltr'>τεὶειωτικλς</span> <span class='ocrx_word' id='word_1_222' title='bbox 928 2917 1105 2978; x_wconf 82' lang='grc' dir='ltr'>καλῶς</span> <span class='ocrx_word' id='word_1_223' title='bbox 1159 2918 1224 2971; x_wconf 83' lang='grc' dir='ltr'><strong>ἂν</strong></span> <span class='ocrx_word' id='word_1_224' title='bbox 1247 2920 1442 2981; x_wconf 76' lang='grc' dir='ltr'>αὐτοὺς</span> <span class='ocrx_word' id='word_1_225' title='bbox 1491 2919 1725 2971; x_wconf 84' lang='grc' dir='ltr'>διαθεῖτο</span> 
     </span>
    </p>
   </div>
   <div class='ocr_carea' id='block_1_32' title="bbox 146 3008 1727 3079">
    <p class='ocr_par' dir='ltr' id='par_1_32' title="bbox 146 3008 1727 3079">
     <span class='ocr_line' id='line_1_32' title="bbox 146 3008 1727 3079; baseline 0.002 -19"><span class='ocrx_word' id='word_1_226' title='bbox 146 3010 364 3077; x_wconf 74' lang='grc' dir='ltr'>προσών</span> <span class='ocrx_word' id='word_1_227' title='bbox 402 3024 413 3037; x_wconf 79' lang='grc'><strong><em>⁸</em></strong></span> <span class='ocrx_word' id='word_1_228' title='bbox 458 3008 488 3060; x_wconf 87' lang='lat'><strong>6</strong></span> <span class='ocrx_word' id='word_1_229' title='bbox 517 3008 615 3077; x_wconf 78' lang='grc' dir='ltr'><strong>μὲν</strong></span> <span class='ocrx_word' id='word_1_230' title='bbox 650 3008 742 3061; x_wconf 76' lang='grc' dir='ltr'><strong>τοῦ</strong></span> <span class='ocrx_word' id='word_1_231' title='bbox 778 3010 851 3077; x_wconf 79' lang='grc' dir='ltr'>μή</span> <span class='ocrx_word' id='word_1_232' title='bbox 885 3025 1015 3061; x_wconf 85' lang='grc' dir='ltr'>ποτε</span> <span class='ocrx_word' id='word_1_233' title='bbox 1066 3009 1152 3062; x_wconf 76' lang='grc' dir='ltr'>διὰ</span> <span class='ocrx_word' id='word_1_234' title='bbox 1182 3009 1562 3079; x_wconf 76' lang='grc' dir='ltr'>πλημμέλειαν</span> <span class='ocrx_word' id='word_1_235' title='bbox 1596 3010 1727 3063; x_wconf 81' lang='grc' dir='ltr'>ὑπο-</span> 
     </span>
    </p>
   </div>
   <div class='ocr_carea' id='block_1_33' title="bbox 146 3098 1722 3170">
    <p class='ocr_par' dir='ltr' id='par_1_33' title="bbox 146 3098 1722 3170">
     <span class='ocr_line' id='line_1_33' title="bbox 146 3098 1722 3170; baseline 0.001 -19"><span class='ocrx_word' id='word_1_236' title='bbox 146 3098 444 3152; x_wconf 70' lang='grc' dir='ltr'>ϐλέπεσθαι</span> <span class='ocrx_word' id='word_1_237' title='bbox 478 3099 673 3151; x_wconf 68' lang='grc' dir='ltr'>παθεῖν</span> <span class='ocrx_word' id='word_1_238' title='bbox 701 3099 887 3151; x_wconf 79' lang='grc' dir='ltr'>τιτῶν</span> <span class='ocrx_word' id='word_1_239' title='bbox 923 3101 1256 3169; x_wconf 71' lang='grc' dir='ltr'><strong>ἀνηκέστων,</strong></span> <span class='ocrx_word' id='word_1_240' title='bbox 1288 3102 1316 3150; x_wconf 81' lang='grc' dir='ltr'><strong>ό</strong></span> <span class='ocrx_word' id='word_1_241' title='bbox 1348 3100 1404 3153; x_wconf 80' lang='grc' dir='ltr'><strong>δὲ</strong></span> <span class='ocrx_word' id='word_1_242' title='bbox 1436 3098 1529 3151; x_wconf 70' lang='grc' dir='ltr'>τοῦ</span> <span class='ocrx_word' id='word_1_243' title='bbox 1556 3101 1722 3170; x_wconf 82' lang='grc' dir='ltr'>μηδὲν</span> 
     </span>
    </p>
   </div>
   <div class='ocr_carea' id='block_1_34' title="bbox 1822 635 3400 707">
    <p class='ocr_par' dir='ltr' id='par_1_34' title="bbox 1822 635 3400 707">
     <span class='ocr_line' id='line_1_34' title="bbox 1822 635 3400 707; baseline -0.004 -15"><span class='ocrx_word' id='word_1_244' title='bbox 1822 648 1878 692; x_wconf 82' lang='lat' dir='ltr'><strong>ut</strong></span> <span class='ocrx_word' id='word_1_245' title='bbox 1905 640 2129 707; x_wconf 75' lang='lat' dir='ltr'><strong>peccatis</strong></span> <span class='ocrx_word' id='word_1_246' title='bbox 2165 641 2375 699; x_wconf 81' lang='lat' dir='ltr'><strong>mortui,</strong></span> <span class='ocrx_word' id='word_1_247' title='bbox 2399 638 2628 707; x_wconf 73' lang='lat' dir='ltr'><strong>justitiw</strong></span> <span class='ocrx_word' id='word_1_248' title='bbox 2656 639 2913 699; x_wconf 75' lang='lat' dir='ltr'><strong>vivamus,</strong></span> <span class='ocrx_word' id='word_1_249' title='bbox 2970 637 3120 703; x_wconf 79' lang='lat' dir='ltr'><strong>cujus</strong></span> <span class='ocrx_word' id='word_1_250' title='bbox 3168 635 3400 703; x_wconf 77' lang='lat' dir='ltr'><strong>ejusdem</strong></span> 
     </span>
    </p>
   </div>
   <div class='ocr_carea' id='block_1_35' title="bbox 1820 730 3400 789">
    <p class='ocr_par' dir='ltr' id='par_1_35' title="bbox 1820 730 3400 789">
     <span class='ocr_line' id='line_1_35' title="bbox 1820 730 3400 789; baseline -0.003 -5"><span class='ocrx_word' id='word_1_251' title='bbox 1820 732 1981 785; x_wconf 78' lang='lat' dir='ltr'><strong>vibice</strong></span> <span class='ocrx_word' id='word_1_252' title='bbox 2004 732 2183 784; x_wconf 80' lang='lat' dir='ltr'><strong>sanati</strong></span> <span class='ocrx_word' id='word_1_253' title='bbox 2220 731 2363 784; x_wconf 76' lang='lat' dir='ltr'><strong>estis.</strong></span> <span class='ocrx_word' id='word_1_254' title='bbox 2422 730 2559 783; x_wconf 75' lang='lat' dir='ltr'><strong>Nam</strong></span> <span class='ocrx_word' id='word_1_255' title='bbox 2606 732 2766 783; x_wconf 85' lang='lat' dir='ltr'><strong>eratis</strong></span> <span class='ocrx_word' id='word_1_256' title='bbox 2792 730 2929 782; x_wconf 80' lang='lat' dir='ltr'><strong>velut</strong></span> <span class='ocrx_word' id='word_1_257' title='bbox 2982 744 3097 779; x_wconf 78' lang='lat' dir='ltr'><strong>oves</strong></span> <span class='ocrx_word' id='word_1_258' title='bbox 3144 738 3400 789; x_wconf 73' lang='lat' dir='ltr'><strong>errantes,</strong></span> 
     </span>
    </p>
   </div>
   <div class='ocr_carea' id='block_1_36' title="bbox 1820 822 3400 889">
    <p class='ocr_par' dir='ltr' id='par_1_36' title="bbox 1820 822 3400 889">
     <span class='ocr_line' id='line_1_36' title="bbox 1820 822 3400 889; baseline -0.003 -14"><span class='ocrx_word' id='word_1_259' title='bbox 1820 824 1909 875; x_wconf 76' lang='lat' dir='ltr'><strong>sed</strong></span> <span class='ocrx_word' id='word_1_260' title='bbox 1931 822 2163 875; x_wconf 72' lang='lat' dir='ltr'><strong>conversi</strong></span> <span class='ocrx_word' id='word_1_261' title='bbox 2222 822 2346 873; x_wconf 70' lang='lat' dir='ltr'><strong>eatis</strong></span> <span class='ocrx_word' id='word_1_262' title='bbox 2380 836 2515 873; x_wconf 79' lang='lat' dir='ltr'><strong>nunc</strong></span> <span class='ocrx_word' id='word_1_263' title='bbox 2566 823 2635 874; x_wconf 88' lang='lat' dir='ltr'><strong>ad</strong></span> <span class='ocrx_word' id='word_1_264' title='bbox 2684 831 2947 889; x_wconf 65' lang='lat' dir='ltr'><strong>pastorem</strong></span> <span class='ocrx_word' id='word_1_265' title='bbox 3000 828 3048 871; x_wconf 80' lang='lat' dir='ltr'><strong>et</strong></span> <span class='ocrx_word' id='word_1_266' title='bbox 3103 828 3400 870; x_wconf 75' lang='lat' dir='ltr'><strong>curatorem</strong></span> 
     </span>
    </p>
   </div>
   <div class='ocr_carea' id='block_1_37' title="bbox 1823 915 2474 967">
    <p class='ocr_par' dir='ltr' id='par_1_37' title="bbox 1823 915 2474 967">
     <span class='ocr_line' id='line_1_37' title="bbox 1823 915 2474 967; baseline -0.005 0"><span class='ocrx_word' id='word_1_267' title='bbox 1823 915 2127 967; x_wconf 84' lang='lat' dir='ltr'><strong>animarum</strong></span> <span class='ocrx_word' id='word_1_268' title='bbox 2159 922 2474 967; x_wconf 73' lang='lat' dir='ltr'><strong>vestrarum.</strong></span> 
     </span>
    </p>
   </div>
   <div class='ocr_carea' id='block_1_38' title="bbox 1897 1077 3407 1181">
    <p class='ocr_par' dir='ltr' id='par_1_38' title="bbox 1897 1077 3407 1181">
     <span class='ocr_line' id='line_1_38' title="bbox 1897 1077 3407 1181; baseline -0.004 -33"><span class='ocrx_word' id='word_1_269' title='bbox 1897 1077 2055 1163; x_wconf 67' lang='lat'><strong>502</strong></span> <span class='ocrx_word' id='word_1_270' title='bbox 2104 1112 2122 1145; x_wconf 82' lang='grc' dir='ltr'><strong>ι</strong></span> <span class='ocrx_word' id='word_1_271' title='bbox 2178 1093 2410 1181; x_wconf 67' lang='lat' dir='ltr'><strong>Famuli.</strong></span> <span class='ocrx_word' id='word_1_272' title='bbox 2464 1091 2690 1146; x_wconf 84' lang='lat' dir='ltr'><strong>subditi.</strong></span> <span class='ocrx_word' id='word_1_273' title='bbox 2750 1110 2767 1141; x_wconf 81' lang='grc' dir='ltr'>ι</span> <span class='ocrx_word' id='word_1_274' title='bbox 2834 1090 3277 1145; x_wconf 85' lang='lat' dir='ltr'><strong>Subaudieudum</strong></span> <span class='ocrx_word' id='word_1_275' title='bbox 3319 1097 3407 1143; x_wconf 82' lang='lat' dir='ltr'><strong>est</strong></span> 
     </span>
    </p>
   </div>
   <div class='ocr_carea' id='block_1_39' title="bbox 1820 1182 3405 1259">
    <p class='ocr_par' dir='ltr' id='par_1_39' title="bbox 1820 1182 3405 1259">
     <span class='ocr_line' id='line_1_39' title="bbox 1820 1182 3405 1259; baseline -0.003 -20"><span class='ocrx_word' id='word_1_276' title='bbox 1820 1183 1957 1259; x_wconf 60' lang='grc' dir='ltr'>ἦτε,</span> <span class='ocrx_word' id='word_1_277' title='bbox 1977 1188 2029 1240; x_wconf 89' lang='lat' dir='ltr'><strong>id</strong></span> <span class='ocrx_word' id='word_1_278' title='bbox 2068 1197 2172 1247; x_wconf 87' lang='lat' dir='ltr'><strong>est.</strong></span> <span class='ocrx_word' id='word_1_279' title='bbox 2202 1186 2340 1250; x_wconf 85' lang='lat' dir='ltr'><strong>sitis,</strong></span> <span class='ocrx_word' id='word_1_280' title='bbox 2372 1185 2512 1253; x_wconf 91' lang='lat' dir='ltr'><strong>sicut</strong></span> <span class='ocrx_word' id='word_1_281' title='bbox 2542 1195 2595 1239; x_wconf 89' lang='lat' dir='ltr'><strong>et</strong></span> <span class='ocrx_word' id='word_1_282' title='bbox 2625 1200 2746 1237; x_wconf 93' lang='lat' dir='ltr'><strong>cum</strong></span> <span class='ocrx_word' id='word_1_283' title='bbox 2780 1184 2932 1245; x_wconf 91' lang='lat' dir='ltr'><strong>dicit,</strong></span> <span class='ocrx_word' id='word_1_284' title='bbox 2952 1183 3181 1238; x_wconf 74' lang='lat' dir='ltr'><strong>Uxores.</strong></span> <span class='ocrx_word' id='word_1_285' title='bbox 3222 1202 3239 1231; x_wconf 75' lang='grc' dir='ltr'><em>ς</em></span> <span class='ocrx_word' id='word_1_286' title='bbox 3268 1182 3405 1236; x_wconf 84' lang='lat' dir='ltr'><strong>Cum</strong></span> 
     </span>
    </p>
   </div>
   <div class='ocr_carea' id='block_1_40' title="bbox 1823 1274 3402 1344">
    <p class='ocr_par' dir='ltr' id='par_1_40' title="bbox 1823 1274 3402 1344">
     <span class='ocr_line' id='line_1_40' title="bbox 1823 1274 3402 1344; baseline -0.006 -10"><span class='ocrx_word' id='word_1_287' title='bbox 1823 1279 1971 1334; x_wconf 89' lang='lat' dir='ltr'><strong>omni</strong></span> <span class='ocrx_word' id='word_1_288' title='bbox 2002 1281 2213 1344; x_wconf 83' lang='lat' dir='ltr'><strong>timore.</strong></span> <span class='ocrx_word' id='word_1_289' title='bbox 2255 1276 2282 1327; x_wconf 75' lang='grc' dir='ltr'><strong>ἰ</strong></span> <span class='ocrx_word' id='word_1_290' title='bbox 2316 1278 2450 1331; x_wconf 89' lang='lat' dir='ltr'><strong>Cum</strong></span> <span class='ocrx_word' id='word_1_291' title='bbox 2502 1277 2663 1330; x_wconf 80' lang='lat' dir='ltr'><strong>timor</strong></span> <span class='ocrx_word' id='word_1_292' title='bbox 2702 1276 2887 1329; x_wconf 90' lang='lat' dir='ltr'><strong>multis</strong></span> <span class='ocrx_word' id='word_1_293' title='bbox 2930 1274 3107 1328; x_wconf 85' lang='lat' dir='ltr'><strong>modis</strong></span> <span class='ocrx_word' id='word_1_294' title='bbox 3150 1275 3402 1327; x_wconf 90' lang='lat' dir='ltr'><strong>dicatur:</strong></span> 
     </span>
    </p>
   </div>
   <div class='ocr_carea' id='block_1_41' title="bbox 1824 1356 3404 1436">
    <p class='ocr_par' dir='ltr' id='par_1_41' title="bbox 1824 1356 3404 1436">
     <span class='ocr_line' id='line_1_41' title="bbox 1824 1356 3404 1436; baseline -0.004 -12"><span class='ocrx_word' id='word_1_295' title='bbox 1824 1371 2022 1425; x_wconf 86' lang='lat' dir='ltr'><strong>dicitur</strong></span> <span class='ocrx_word' id='word_1_296' title='bbox 2052 1373 2288 1436; x_wconf 59' lang='lat' dir='ltr'><strong>Mque</strong></span> <span class='ocrx_word' id='word_1_297' title='bbox 2317 1356 2478 1422; x_wconf 87' lang='lat' dir='ltr'><strong>timor</strong></span> <span class='ocrx_word' id='word_1_298' title='bbox 2502 1381 2558 1422; x_wconf 82' lang='lat' dir='ltr'><strong>et</strong></span> <span class='ocrx_word' id='word_1_299' title='bbox 2576 1368 2666 1436; x_wconf 87' lang='lat' dir='ltr'><strong>qui</strong></span> <span class='ocrx_word' id='word_1_300' title='bbox 2700 1377 2785 1421; x_wconf 86' lang='lat' dir='ltr'><strong>est</strong></span> <span class='ocrx_word' id='word_1_301' title='bbox 2815 1384 2937 1422; x_wconf 91' lang='lat' dir='ltr'><strong>cum</strong></span> <span class='ocrx_word' id='word_1_302' title='bbox 2962 1367 3217 1427; x_wconf 87' lang='lat' dir='ltr'><strong>scicntia.</strong></span> <span class='ocrx_word' id='word_1_303' title='bbox 3243 1383 3404 1435; x_wconf 88' lang='lat' dir='ltr'><strong>quem</strong></span> 
     </span>
    </p>
   </div>
   <div class='ocr_carea' id='block_1_42' title="bbox 1825 1373 3404 1545">
    <p class='ocr_par' dir='ltr' id='par_1_42' title="bbox 1825 1373 3404 1545">
     <span class='ocr_line' id='line_1_42' title="bbox 1825 1373 3404 1436; baseline -0.004 -12"><span class='ocrx_word' id='word_1_304' title='bbox 1825 1373 2022 1425; x_wconf 87' lang='lat' dir='ltr'><strong>dicitur</strong></span> <span class='ocrx_word' id='word_1_305' title='bbox 2098 1430 2099 1433; x_wconf 22' lang='grc' dir='ltr'><strong>η</strong></span> <span class='ocrx_word' id='word_1_306' title='bbox 2184 1384 2288 1436; x_wconf 86' lang='lat' dir='ltr'><strong>que</strong></span> <span class='ocrx_word' id='word_1_307' title='bbox 2317 1373 2478 1422; x_wconf 88' lang='lat' dir='ltr'><strong>timor</strong></span> <span class='ocrx_word' id='word_1_308' title='bbox 2502 1381 2558 1422; x_wconf 82' lang='lat' dir='ltr'><strong>et</strong></span> <span class='ocrx_word' id='word_1_309' title='bbox 2576 1373 2666 1436; x_wconf 87' lang='lat' dir='ltr'><strong>qui</strong></span> <span class='ocrx_word' id='word_1_310' title='bbox 2700 1377 2785 1421; x_wconf 86' lang='lat' dir='ltr'><strong>est</strong></span> <span class='ocrx_word' id='word_1_311' title='bbox 2815 1384 2937 1422; x_wconf 91' lang='lat' dir='ltr'><strong>cum</strong></span> <span class='ocrx_word' id='word_1_312' title='bbox 2962 1373 3217 1427; x_wconf 83' lang='lat' dir='ltr'><strong>scicntia.</strong></span> <span class='ocrx_word' id='word_1_313' title='bbox 3243 1383 3404 1435; x_wconf 88' lang='lat' dir='ltr'><strong>quem</strong></span> 
     </span>
     <span class='ocr_line' id='line_1_43' title="bbox 1825 1373 3404 1545; baseline -0.004 -31"><span class='ocrx_word' id='word_1_314' title='bbox 1825 1476 1971 1515; x_wconf 92' lang='lat' dir='ltr'><strong>nunc</strong></span> <span class='ocrx_word' id='word_1_315' title='bbox 1991 1373 2513 1545; x_wconf 42' lang='lat' dir='ltr'><strong>pewnsdentiam</strong></span> <span class='ocrx_word' id='word_1_316' title='bbox 2536 1457 2810 1528; x_wconf 85' lang='lat' dir='ltr'><strong>intelligit,</strong></span> <span class='ocrx_word' id='word_1_317' title='bbox 2834 1459 2923 1527; x_wconf 87' lang='lat' dir='ltr'><strong>qui</strong></span> <span class='ocrx_word' id='word_1_318' title='bbox 2952 1459 3115 1512; x_wconf 90' lang='lat' dir='ltr'><strong>etiam</strong></span> <span class='ocrx_word' id='word_1_319' title='bbox 3148 1458 3404 1510; x_wconf 70' lang='grc' dir='ltr'>εὐλάϐεια</span> 
     </span>
    </p>
   </div>
   <div class='ocr_carea' id='block_1_43' title="bbox 1827 1548 3411 1618">
    <p class='ocr_par' dir='ltr' id='par_1_43' title="bbox 1827 1548 3411 1618">
     <span class='ocr_line' id='line_1_44' title="bbox 1827 1548 3411 1618; baseline -0.003 -13"><span class='ocrx_word' id='word_1_320' title='bbox 1827 1564 2074 1618; x_wconf 82' lang='lat' dir='ltr'><strong>vocatur,</strong></span> <span class='ocrx_word' id='word_1_321' title='bbox 2112 1553 2163 1607; x_wconf 88' lang='lat' dir='ltr'><strong>id</strong></span> <span class='ocrx_word' id='word_1_322' title='bbox 2197 1560 2301 1614; x_wconf 88' lang='lat' dir='ltr'><strong>est,</strong></span> <span class='ocrx_word' id='word_1_323' title='bbox 2347 1550 2652 1605; x_wconf 87' lang='lat' dir='ltr'><strong>reverentia</strong></span> <span class='ocrx_word' id='word_1_324' title='bbox 2713 1565 2838 1603; x_wconf 90' lang='lat' dir='ltr'><strong>cum</strong></span> <span class='ocrx_word' id='word_1_325' title='bbox 2884 1558 3066 1605; x_wconf 87' lang='lat' dir='ltr'><strong>metu:</strong></span> <span class='ocrx_word' id='word_1_326' title='bbox 3125 1548 3324 1603; x_wconf 87' lang='lat' dir='ltr'><strong>dicitur</strong></span> <span class='ocrx_word' id='word_1_327' title='bbox 3356 1556 3411 1601; x_wconf 83' lang='lat' dir='ltr'><strong>ct</strong></span> 
     </span>
    </p>
   </div>
   <div class='ocr_carea' id='block_1_44' title="bbox 1828 1640 3408 1709">
    <p class='ocr_par' dir='ltr' id='par_1_44' title="bbox 1828 1640 3408 1709">
     <span class='ocr_line' id='line_1_45' title="bbox 1828 1640 3408 1709; baseline -0.006 -11"><span class='ocrx_word' id='word_1_328' title='bbox 1828 1645 1992 1698; x_wconf 93' lang='lat' dir='ltr'><strong>timor</strong></span> <span class='ocrx_word' id='word_1_329' title='bbox 2040 1643 2348 1705; x_wconf 85' lang='lat' dir='ltr'><strong>alllictivus,</strong></span> <span class='ocrx_word' id='word_1_330' title='bbox 2401 1641 2506 1695; x_wconf 90' lang='lat' dir='ltr'><strong>hoc</strong></span> <span class='ocrx_word' id='word_1_331' title='bbox 2556 1649 2661 1701; x_wconf 85' lang='lat' dir='ltr'><strong>est,</strong></span> <span class='ocrx_word' id='word_1_332' title='bbox 2708 1640 3033 1709; x_wconf 87' lang='lat' dir='ltr'><strong>quibusdam</strong></span> <span class='ocrx_word' id='word_1_333' title='bbox 3082 1640 3408 1707; x_wconf 76' lang='lat' dir='ltr'><strong>contingens</strong></span> 
     </span>
    </p>
   </div>
   <div class='ocr_carea' id='block_1_45' title="bbox 1829 1730 3409 1803">
    <p class='ocr_par' dir='ltr' id='par_1_45' title="bbox 1829 1730 3409 1803">
     <span class='ocr_line' id='line_1_46' title="bbox 1829 1730 3409 1803; baseline -0.006 -13"><span class='ocrx_word' id='word_1_334' title='bbox 1829 1736 2204 1803; x_wconf 74' lang='lat' dir='ltr'><strong>experimento</strong></span> <span class='ocrx_word' id='word_1_335' title='bbox 2227 1732 2499 1803; x_wconf 84' lang='lat' dir='ltr'><strong>supplicii,</strong></span> <span class='ocrx_word' id='word_1_336' title='bbox 2521 1749 2631 1801; x_wconf 89' lang='lat' dir='ltr'><strong>quo</strong></span> <span class='ocrx_word' id='word_1_337' title='bbox 2660 1741 2714 1786; x_wconf 92' lang='lat' dir='ltr'><strong>et</strong></span> <span class='ocrx_word' id='word_1_338' title='bbox 2743 1732 2872 1787; x_wconf 76' lang='lat' dir='ltr'><strong>fera:</strong></span> <span class='ocrx_word' id='word_1_339' title='bbox 2920 1732 3150 1796; x_wconf 91' lang='lat' dir='ltr'><strong>timent;</strong></span> <span class='ocrx_word' id='word_1_340' title='bbox 3206 1730 3409 1785; x_wconf 90' lang='lat' dir='ltr'><strong>dicitur</strong></span> 
     </span>
    </p>
   </div>
   <div class='ocr_carea' id='block_1_46' title="bbox 1833 1824 3403 1894">
    <p class='ocr_par' dir='ltr' id='par_1_46' title="bbox 1833 1824 3403 1894">
     <span class='ocr_line' id='line_1_47' title="bbox 1833 1824 3403 1894; baseline -0.003 -15"><span class='ocrx_word' id='word_1_341' title='bbox 1833 1844 2049 1881; x_wconf 89' lang='lat' dir='ltr'><strong>rursum</strong></span> <span class='ocrx_word' id='word_1_342' title='bbox 2091 1836 2145 1881; x_wconf 92' lang='lat' dir='ltr'><strong>et</strong></span> <span class='ocrx_word' id='word_1_343' title='bbox 2176 1829 2337 1879; x_wconf 92' lang='lat' dir='ltr'><strong>timor</strong></span> <span class='ocrx_word' id='word_1_344' title='bbox 2367 1825 2587 1879; x_wconf 87' lang='lat' dir='ltr'><strong>initialis</strong></span> <span class='ocrx_word' id='word_1_345' title='bbox 2616 1826 2708 1893; x_wconf 90' lang='lat' dir='ltr'><strong>qui</strong></span> <span class='ocrx_word' id='word_1_346' title='bbox 2748 1827 3105 1894; x_wconf 88' lang='lat' dir='ltr'><strong>consequitur</strong></span> <span class='ocrx_word' id='word_1_347' title='bbox 3134 1824 3403 1879; x_wconf 82' lang='lat' dir='ltr'><strong>acceden-</strong></span> 
     </span>
    </p>
   </div>
   <div class='ocr_carea' id='block_1_47' title="bbox 1832 1918 3405 1987">
    <p class='ocr_par' dir='ltr' id='par_1_47' title="bbox 1832 1918 3405 1987">
     <span class='ocr_line' id='line_1_48' title="bbox 1832 1918 3405 1987; baseline -0.002 -10"><span class='ocrx_word' id='word_1_348' title='bbox 1832 1936 1912 1977; x_wconf 84' lang='lat' dir='ltr'><strong>tes</strong></span> <span class='ocrx_word' id='word_1_349' title='bbox 1939 1922 2005 1975; x_wconf 91' lang='lat' dir='ltr'><strong>ad</strong></span> <span class='ocrx_word' id='word_1_350' title='bbox 2050 1920 2359 1981; x_wconf 89' lang='lat' dir='ltr'><strong>Dominum,</strong></span> <span class='ocrx_word' id='word_1_351' title='bbox 2392 1934 2458 1972; x_wconf 91' lang='lat' dir='ltr'><strong>eo</strong></span> <span class='ocrx_word' id='word_1_352' title='bbox 2501 1918 2647 1987; x_wconf 88' lang='lat' dir='ltr'><strong>quod</strong></span> <span class='ocrx_word' id='word_1_353' title='bbox 2696 1919 2797 1972; x_wconf 87' lang='lat' dir='ltr'><strong>sibi</strong></span> <span class='ocrx_word' id='word_1_354' title='bbox 2841 1919 2908 1973; x_wconf 87' lang='lat' dir='ltr'><strong>de</strong></span> <span class='ocrx_word' id='word_1_355' title='bbox 2950 1918 3136 1973; x_wconf 90' lang='lat' dir='ltr'><strong>multis</strong></span> <span class='ocrx_word' id='word_1_356' title='bbox 3200 1920 3405 1974; x_wconf 80' lang='lat' dir='ltr'><strong>conScii</strong></span> 
     </span>
    </p>
   </div>
   <div class='ocr_carea' id='block_1_48' title="bbox 1830 2011 3409 2083">
    <p class='ocr_par' dir='ltr' id='par_1_48' title="bbox 1830 2011 3409 2083">
     <span class='ocr_line' id='line_1_49' title="bbox 1830 2011 3409 2083; baseline -0.003 -14"><span class='ocrx_word' id='word_1_357' title='bbox 1830 2016 1938 2069; x_wconf 84' lang='lat' dir='ltr'><strong>sint</strong></span> <span class='ocrx_word' id='word_1_358' title='bbox 1968 2030 2086 2083; x_wconf 77' lang='lat' dir='ltr'><strong>qua:</strong></span> <span class='ocrx_word' id='word_1_359' title='bbox 2113 2013 2178 2067; x_wconf 88' lang='lat' dir='ltr'><strong>ad</strong></span> <span class='ocrx_word' id='word_1_360' title='bbox 2204 2012 2529 2082; x_wconf 87' lang='lat' dir='ltr'><strong>supplicium</strong></span> <span class='ocrx_word' id='word_1_361' title='bbox 2555 2021 2881 2081; x_wconf 81' lang='lat' dir='ltr'><strong>provocent:</strong></span> <span class='ocrx_word' id='word_1_362' title='bbox 2908 2026 3017 2080; x_wconf 88' lang='lat' dir='ltr'><strong>quo</strong></span> <span class='ocrx_word' id='word_1_363' title='bbox 3048 2011 3208 2064; x_wconf 86' lang='lat' dir='ltr'><strong>etiam</strong></span> <span class='ocrx_word' id='word_1_364' title='bbox 3233 2026 3409 2065; x_wconf 89' lang='lat' dir='ltr'><strong>mere-</strong></span> 
     </span>
    </p>
   </div>
   <div class='ocr_carea' id='block_1_49' title="bbox 1832 2097 3408 2172">
    <p class='ocr_par' dir='ltr' id='par_1_49' title="bbox 1832 2097 3408 2172">
     <span class='ocr_line' id='line_1_50' title="bbox 1832 2097 3408 2172; baseline -0.005 -13"><span class='ocrx_word' id='word_1_365' title='bbox 1832 2106 1933 2159; x_wconf 78' lang='lat' dir='ltr'><strong>trix</strong></span> <span class='ocrx_word' id='word_1_366' title='bbox 1959 2105 2024 2157; x_wconf 90' lang='lat' dir='ltr'><strong>de</strong></span> <span class='ocrx_word' id='word_1_367' title='bbox 2049 2120 2153 2172; x_wconf 88' lang='lat' dir='ltr'><strong>qua</strong></span> <span class='ocrx_word' id='word_1_368' title='bbox 2186 2102 2238 2155; x_wconf 91' lang='lat' dir='ltr'><strong>in</strong></span> <span class='ocrx_word' id='word_1_369' title='bbox 2273 2101 2583 2169; x_wconf 73' lang='lat' dir='ltr'><strong>Evangelii),</strong></span> <span class='ocrx_word' id='word_1_370' title='bbox 2623 2100 2843 2163; x_wconf 89' lang='lat' dir='ltr'><strong>timens,</strong></span> <span class='ocrx_word' id='word_1_371' title='bbox 2872 2100 3103 2152; x_wconf 88' lang='lat' dir='ltr'><strong>accessit</strong></span> <span class='ocrx_word' id='word_1_372' title='bbox 3131 2098 3196 2151; x_wconf 91' lang='lat' dir='ltr'><strong>ad</strong></span> <span class='ocrx_word' id='word_1_373' title='bbox 3222 2097 3408 2151; x_wconf 81' lang='lat' dir='ltr'><strong>Chris-</strong></span> 
     </span>
    </p>
   </div>
   <div class='ocr_carea' id='block_1_50' title="bbox 1831 2190 3404 2262">
    <p class='ocr_par' dir='ltr' id='par_1_50' title="bbox 1831 2190 3404 2262">
     <span class='ocr_line' id='line_1_51' title="bbox 1831 2190 3404 2262; baseline -0.004 -13"><span class='ocrx_word' id='word_1_374' title='bbox 1831 2204 1942 2249; x_wconf 89' lang='lat' dir='ltr'><strong>tum</strong></span> <span class='ocrx_word' id='word_1_375' title='bbox 1965 2197 2045 2256; x_wconf 75' lang='lat'><strong>&quot;;</strong></span> <span class='ocrx_word' id='word_1_376' title='bbox 2080 2194 2177 2248; x_wconf 89' lang='lat' dir='ltr'><strong>sed</strong></span> <span class='ocrx_word' id='word_1_377' title='bbox 2205 2203 2260 2248; x_wconf 93' lang='lat' dir='ltr'><strong>et</strong></span> <span class='ocrx_word' id='word_1_378' title='bbox 2293 2192 2565 2262; x_wconf 79' lang='lat' dir='ltr'><strong>perfectus</strong></span> <span class='ocrx_word' id='word_1_379' title='bbox 2590 2192 2788 2245; x_wconf 86' lang='lat' dir='ltr'><strong>iterum</strong></span> <span class='ocrx_word' id='word_1_380' title='bbox 2838 2190 3034 2243; x_wconf 90' lang='lat' dir='ltr'><strong>dicitur</strong></span> <span class='ocrx_word' id='word_1_381' title='bbox 3082 2191 3259 2251; x_wconf 89' lang='lat' dir='ltr'><strong>timor,</strong></span> <span class='ocrx_word' id='word_1_382' title='bbox 3312 2190 3404 2259; x_wconf 90' lang='lat' dir='ltr'><strong>qui</strong></span> 
     </span>
    </p>
   </div>
   <div class='ocr_carea' id='block_1_51' title="bbox 1828 2281 3406 2353">
    <p class='ocr_par' dir='ltr' id='par_1_51' title="bbox 1828 2281 3406 2353">
     <span class='ocr_line' id='line_1_52' title="bbox 1828 2281 3406 2353; baseline -0.006 -11"><span class='ocrx_word' id='word_1_383' title='bbox 1828 2288 2081 2342; x_wconf 90' lang='lat' dir='ltr'><strong>omnibus</strong></span> <span class='ocrx_word' id='word_1_384' title='bbox 2112 2286 2313 2341; x_wconf 84' lang='lat' dir='ltr'><strong>sanctis</strong></span> <span class='ocrx_word' id='word_1_385' title='bbox 2339 2300 2555 2353; x_wconf 85' lang='lat' dir='ltr'><strong>semper</strong></span> <span class='ocrx_word' id='word_1_386' title='bbox 2611 2283 2787 2345; x_wconf 84' lang='lat' dir='ltr'><strong>adest,</strong></span> <span class='ocrx_word' id='word_1_387' title='bbox 2820 2281 3140 2336; x_wconf 90' lang='lat' dir='ltr'><strong>timentibus</strong></span> <span class='ocrx_word' id='word_1_388' title='bbox 3166 2296 3235 2334; x_wconf 90' lang='lat' dir='ltr'><strong>ne</strong></span> <span class='ocrx_word' id='word_1_389' title='bbox 3277 2282 3406 2350; x_wconf 88' lang='lat' dir='ltr'><strong>quid</strong></span> 
     </span>
    </p>
   </div>
   <div class='ocr_carea' id='block_1_52' title="bbox 1831 2372 3403 2445">
    <p class='ocr_par' dir='ltr' id='par_1_52' title="bbox 1831 2372 3403 2445">
     <span class='ocr_line' id='line_1_53' title="bbox 1831 2372 3403 2445; baseline -0.005 -12"><span class='ocrx_word' id='word_1_390' title='bbox 1831 2379 1935 2433; x_wconf 80' lang='lat' dir='ltr'><strong>illis</strong></span> <span class='ocrx_word' id='word_1_391' title='bbox 1975 2379 2115 2433; x_wconf 85' lang='lat' dir='ltr'><strong>desit</strong></span> <span class='ocrx_word' id='word_1_392' title='bbox 2157 2393 2347 2431; x_wconf 80' lang='lat' dir='ltr'><strong>eorum</strong></span> <span class='ocrx_word' id='word_1_393' title='bbox 2400 2391 2520 2445; x_wconf 65' lang='lat' dir='ltr'><strong>qua:</strong></span> <span class='ocrx_word' id='word_1_394' title='bbox 2584 2375 2740 2429; x_wconf 82' lang='lat' dir='ltr'><strong>decet</strong></span> <span class='ocrx_word' id='word_1_395' title='bbox 2800 2373 2918 2426; x_wconf 85' lang='lat' dir='ltr'><strong>illos</strong></span> <span class='ocrx_word' id='word_1_396' title='bbox 2960 2372 3162 2426; x_wconf 87' lang='lat' dir='ltr'><strong>habere</strong></span> <span class='ocrx_word' id='word_1_397' title='bbox 3195 2373 3286 2441; x_wconf 89' lang='lat' dir='ltr'><strong>qui</strong></span> <span class='ocrx_word' id='word_1_398' title='bbox 3338 2373 3403 2425; x_wconf 89' lang='lat' dir='ltr'><strong>ad</strong></span> 
     </span>
    </p>
   </div>
   <div class='ocr_carea' id='block_1_53' title="bbox 1827 2463 3406 2539">
    <p class='ocr_par' dir='ltr' id='par_1_53' title="bbox 1827 2463 3406 2539">
     <span class='ocr_line' id='line_1_54' title="bbox 1827 2463 3406 2539; baseline -0.004 -16"><span class='ocrx_word' id='word_1_399' title='bbox 1827 2470 2121 2539; x_wconf 80' lang='lat' dir='ltr'><strong>perfectam</strong></span> <span class='ocrx_word' id='word_1_400' title='bbox 2178 2469 2522 2524; x_wconf 82' lang='lat' dir='ltr'><strong>dilectionem</strong></span> <span class='ocrx_word' id='word_1_401' title='bbox 2554 2465 2813 2534; x_wconf 85' lang='lat' dir='ltr'><strong>assumpti</strong></span> <span class='ocrx_word' id='word_1_402' title='bbox 2846 2474 2972 2518; x_wconf 90' lang='lat' dir='ltr'><strong>sunt</strong></span> <span class='ocrx_word' id='word_1_403' title='bbox 3004 2481 3019 2517; x_wconf 91' lang='lat'><strong>:</strong></span> <span class='ocrx_word' id='word_1_404' title='bbox 3061 2478 3186 2517; x_wconf 91' lang='lat' dir='ltr'><strong>cum</strong></span> <span class='ocrx_word' id='word_1_405' title='bbox 3240 2463 3406 2535; x_wconf 73' lang='lat' dir='ltr'><strong>igitur</strong></span> 
     </span>
    </p>
   </div>
   <div class='ocr_carea' id='block_1_54' title="bbox 1830 2558 3407 2627">
    <p class='ocr_par' dir='ltr' id='par_1_54' title="bbox 1830 2558 3407 2627">
     <span class='ocr_line' id='line_1_55' title="bbox 1830 2558 3407 2627; baseline -0.005 -9"><span class='ocrx_word' id='word_1_406' title='bbox 1830 2573 1908 2618; x_wconf 91' lang='lat' dir='ltr'><strong>tot</strong></span> <span class='ocrx_word' id='word_1_407' title='bbox 1934 2564 2109 2616; x_wconf 89' lang='lat' dir='ltr'><strong>modis</strong></span> <span class='ocrx_word' id='word_1_408' title='bbox 2153 2564 2315 2617; x_wconf 81' lang='lat' dir='ltr'><strong>timor</strong></span> <span class='ocrx_word' id='word_1_409' title='bbox 2362 2562 2595 2621; x_wconf 88' lang='lat' dir='ltr'><strong>dicatur,</strong></span> <span class='ocrx_word' id='word_1_410' title='bbox 2628 2568 2809 2613; x_wconf 90' lang='lat' dir='ltr'><strong>utrum</strong></span> <span class='ocrx_word' id='word_1_411' title='bbox 2870 2560 3074 2627; x_wconf 87' lang='lat' dir='ltr'><strong>justum</strong></span> <span class='ocrx_word' id='word_1_412' title='bbox 3111 2558 3181 2611; x_wconf 93' lang='lat' dir='ltr'><strong>sit</strong></span> <span class='ocrx_word' id='word_1_413' title='bbox 3219 2573 3407 2611; x_wconf 85' lang='lat' dir='ltr'><strong>servos</strong></span> 
     </span>
    </p>
   </div>
   <div class='ocr_carea' id='block_1_55' title="bbox 1829 2634 3401 2727">
    <p class='ocr_par' dir='ltr' id='par_1_55' title="bbox 1829 2634 3401 2727">
     <span class='ocr_line' id='line_1_56' title="bbox 1829 2634 3401 2727; baseline -0.005 -17"><span class='ocrx_word' id='word_1_414' title='bbox 1829 2634 1925 2727; x_wconf 81' lang='lat' dir='ltr'><strong>per</strong></span> <span class='ocrx_word' id='word_1_415' title='bbox 1964 2656 2063 2709; x_wconf 91' lang='lat' dir='ltr'><strong>hos</strong></span> <span class='ocrx_word' id='word_1_416' title='bbox 2092 2671 2283 2708; x_wconf 88' lang='lat' dir='ltr'><strong>omnes</strong></span> <span class='ocrx_word' id='word_1_417' title='bbox 2310 2653 2554 2707; x_wconf 80' lang='lat' dir='ltr'><strong>exhiberi</strong></span> <span class='ocrx_word' id='word_1_418' title='bbox 2597 2653 2710 2705; x_wconf 90' lang='lat' dir='ltr'><strong>suis</strong></span> <span class='ocrx_word' id='word_1_419' title='bbox 2764 2649 3022 2708; x_wconf 89' lang='lat' dir='ltr'><strong>dominis.</strong></span> <span class='ocrx_word' id='word_1_420' title='bbox 3061 2664 3401 2718; x_wconf 85' lang='lat' dir='ltr'><strong>nequaquam</strong></span> 
     </span>
    </p>
   </div>
   <div class='ocr_carea' id='block_1_56' title="bbox 1827 2741 3404 2817">
    <p class='ocr_par' dir='ltr' id='par_1_56' title="bbox 1827 2741 3404 2817">
     <span class='ocr_line' id='line_1_57' title="bbox 1827 2741 3404 2817; baseline -0.004 -16"><span class='ocrx_word' id='word_1_421' title='bbox 1827 2757 2049 2817; x_wconf 81' lang='lat' dir='ltr'><strong>negaret</strong></span> <span class='ocrx_word' id='word_1_422' title='bbox 2076 2749 2115 2801; x_wconf 79' lang='lat' dir='ltr'><strong>is</strong></span> <span class='ocrx_word' id='word_1_423' title='bbox 2142 2747 2231 2817; x_wconf 82' lang='lat' dir='ltr'><strong>qui</strong></span> <span class='ocrx_word' id='word_1_424' title='bbox 2266 2761 2413 2799; x_wconf 90' lang='lat' dir='ltr'><strong>nunc</strong></span> <span class='ocrx_word' id='word_1_425' title='bbox 2438 2759 2627 2799; x_wconf 89' lang='lat' dir='ltr'><strong>servos</strong></span> <span class='ocrx_word' id='word_1_426' title='bbox 2653 2743 2997 2807; x_wconf 85' lang='lat' dir='ltr'><strong>adhortatur,</strong></span> <span class='ocrx_word' id='word_1_427' title='bbox 3024 2750 3083 2795; x_wconf 92' lang='lat' dir='ltr'><strong>ut</strong></span> <span class='ocrx_word' id='word_1_428' title='bbox 3106 2756 3230 2795; x_wconf 90' lang='lat' dir='ltr'><strong>cum</strong></span> <span class='ocrx_word' id='word_1_429' title='bbox 3254 2741 3404 2794; x_wconf 87' lang='lat' dir='ltr'><strong>omni</strong></span> 
     </span>
    </p>
   </div>
   <div class='ocr_carea' id='block_1_57' title="bbox 1830 2813 3406 2905">
    <p class='ocr_par' dir='ltr' id='par_1_57' title="bbox 1830 2813 3406 2905">
     <span class='ocr_line' id='line_1_58' title="bbox 1830 2813 3406 2905; baseline -0.003 -12"><span class='ocrx_word' id='word_1_430' title='bbox 1830 2813 2019 2893; x_wconf 72' lang='lat' dir='ltr'><strong>tioiore</strong></span> <span class='ocrx_word' id='word_1_431' title='bbox 2076 2813 2313 2892; x_wconf 73' lang='lat' dir='ltr'><strong>dominis</strong></span> <span class='ocrx_word' id='word_1_432' title='bbox 2373 2837 2775 2905; x_wconf 77' lang='lat' dir='ltr'><strong>subjiciuntur:</strong></span> <span class='ocrx_word' id='word_1_433' title='bbox 2845 2834 3288 2903; x_wconf 86' lang='lat' dir='ltr'><strong>quandoquidem</strong></span> <span class='ocrx_word' id='word_1_434' title='bbox 3349 2842 3406 2888; x_wconf 91' lang='lat' dir='ltr'><strong>et</strong></span> 
     </span>
    </p>
   </div>
   <div class='ocr_carea' id='block_1_58' title="bbox 1828 2924 3401 2996">
    <p class='ocr_par' dir='ltr' id='par_1_58' title="bbox 1828 2924 3401 2996">
     <span class='ocr_line' id='line_1_59' title="bbox 1828 2924 3401 2996; baseline -0.002 -15"><span class='ocrx_word' id='word_1_435' title='bbox 1828 2929 2051 2982; x_wconf 90' lang='lat' dir='ltr'><strong>initialis</strong></span> <span class='ocrx_word' id='word_1_436' title='bbox 2075 2938 2131 2981; x_wconf 89' lang='lat' dir='ltr'><strong>et</strong></span> <span class='ocrx_word' id='word_1_437' title='bbox 2162 2926 2437 2996; x_wconf 82' lang='lat' dir='ltr'><strong>perfectus</strong></span> <span class='ocrx_word' id='word_1_438' title='bbox 2465 2927 2509 2979; x_wconf 89' lang='lat' dir='ltr'><strong>si</strong></span> <span class='ocrx_word' id='word_1_439' title='bbox 2540 2926 2779 2989; x_wconf 82' lang='lat' dir='ltr'><strong>adesset,</strong></span> <span class='ocrx_word' id='word_1_440' title='bbox 2807 2934 2955 2977; x_wconf 89' lang='lat' dir='ltr'><strong>recte</strong></span> <span class='ocrx_word' id='word_1_441' title='bbox 2986 2924 3105 2977; x_wconf 91' lang='lat' dir='ltr'><strong>illos</strong></span> <span class='ocrx_word' id='word_1_442' title='bbox 3127 2924 3401 2978; x_wconf 73' lang='lat' dir='ltr'><strong>alliceret:</strong></span> 
     </span>
    </p>
   </div>
   <div class='ocr_carea' id='block_1_59' title="bbox 1829 3017 3405 3089">
    <p class='ocr_par' dir='ltr' id='par_1_59' title="bbox 1829 3017 3405 3089">
     <span class='ocr_line' id='line_1_60' title="bbox 1829 3017 3405 3089; baseline -0.004 -15"><span class='ocrx_word' id='word_1_443' title='bbox 1829 3021 1917 3075; x_wconf 90' lang='lat' dir='ltr'><strong>ille</strong></span> <span class='ocrx_word' id='word_1_444' title='bbox 1961 3021 2177 3089; x_wconf 73' lang='lat' dir='ltr'><strong>quidem</strong></span> <span class='ocrx_word' id='word_1_445' title='bbox 2236 3029 2293 3074; x_wconf 90' lang='lat' dir='ltr'><strong>ut</strong></span> <span class='ocrx_word' id='word_1_446' title='bbox 2340 3028 2682 3079; x_wconf 81' lang='lat' dir='ltr'><strong>vererentur,</strong></span> <span class='ocrx_word' id='word_1_447' title='bbox 2730 3034 2799 3070; x_wconf 88' lang='lat' dir='ltr'><strong>ne</strong></span> <span class='ocrx_word' id='word_1_448' title='bbox 2843 3017 2973 3085; x_wconf 82' lang='lat' dir='ltr'><strong>quid</strong></span> <span class='ocrx_word' id='word_1_449' title='bbox 3021 3017 3124 3069; x_wconf 87' lang='lat' dir='ltr'><strong>sibi</strong></span> <span class='ocrx_word' id='word_1_450' title='bbox 3173 3024 3405 3085; x_wconf 84' lang='lat' dir='ltr'><strong>propter</strong></span> 
     </span>
    </p>
   </div>
   <div class='ocr_carea' id='block_1_60' title="bbox 1827 3108 3404 3181">
    <p class='ocr_par' dir='ltr' id='par_1_60' title="bbox 1827 3108 3404 3181">
     <span class='ocr_line' id='line_1_61' title="bbox 1827 3108 3404 3181; baseline -0.004 -14"><span class='ocrx_word' id='word_1_451' title='bbox 1827 3114 2020 3167; x_wconf 87' lang='lat' dir='ltr'><strong>delicta</strong></span> <span class='ocrx_word' id='word_1_452' title='bbox 2048 3113 2388 3181; x_wconf 76' lang='lat' dir='ltr'><strong>contingeret</strong></span> <span class='ocrx_word' id='word_1_453' title='bbox 2417 3112 2559 3180; x_wconf 91' lang='lat' dir='ltr'><strong>quod</strong></span> <span class='ocrx_word' id='word_1_454' title='bbox 2596 3126 2704 3164; x_wconf 92' lang='lat' dir='ltr'><strong>non</strong></span> <span class='ocrx_word' id='word_1_455' title='bbox 2738 3109 2903 3163; x_wconf 83' lang='lat' dir='ltr'><strong>ferret</strong></span> <span class='ocrx_word' id='word_1_456' title='bbox 2947 3108 3272 3171; x_wconf 86' lang='lat' dir='ltr'><strong>remedium,</strong></span> <span class='ocrx_word' id='word_1_457' title='bbox 3314 3108 3404 3161; x_wconf 88' lang='lat' dir='ltr'><strong>hic</strong></span> 
     </span>
    </p>
   </div>
   <div class='ocr_carea' id='block_1_61' title="bbox 143 3187 1723 3273">
    <p class='ocr_par' dir='ltr' id='par_1_61' title="bbox 143 3187 1721 3259">
     <span class='ocr_line' id='line_1_62' title="bbox 143 3187 1721 3259; baseline -0.001 -18"><span class='ocrx_word' id='word_1_458' title='bbox 143 3191 300 3259; x_wconf 69' lang='grc' dir='ltr'>ἀηδὲς</span> <span class='ocrx_word' id='word_1_459' title='bbox 324 3188 645 3259; x_wconf 74' lang='grc' dir='ltr'>ἑννοηθῆναι</span> <span class='ocrx_word' id='word_1_460' title='bbox 662 3188 739 3259; x_wconf 79' lang='grc' dir='ltr'><strong>τῷ</strong></span> <span class='ocrx_word' id='word_1_461' title='bbox 766 3187 974 3241; x_wconf 75' lang='grc' dir='ltr'>ἑαυτῶν</span> <span class='ocrx_word' id='word_1_462' title='bbox 991 3188 1444 3257; x_wconf 78' lang='grc' dir='ltr'>καταπράξασθαι</span> <span class='ocrx_word' id='word_1_463' title='bbox 1466 3188 1721 3258; x_wconf 74' lang='grc' dir='ltr'>δεσπότῃ.</span> 
     </span>
    </p>
   </div>
   <div class='ocr_carea' id='block_1_62' title="bbox 1823 3187 3401 3273">
    <p class='ocr_par' dir='ltr' id='par_1_62' title="bbox 1831 3200 3401 3271">
     <span class='ocr_line' id='line_1_63' title="bbox 1831 3200 3401 3271; baseline -0.004 -16"><span class='ocrx_word' id='word_1_464' title='bbox 1831 3218 1960 3255; x_wconf 79' lang='lat' dir='ltr'><strong>vero</strong></span> <span class='ocrx_word' id='word_1_465' title='bbox 2007 3219 2074 3255; x_wconf 89' lang='lat' dir='ltr'><strong>ne</strong></span> <span class='ocrx_word' id='word_1_466' title='bbox 2107 3203 2233 3271; x_wconf 82' lang='lat' dir='ltr'><strong>quid</strong></span> <span class='ocrx_word' id='word_1_467' title='bbox 2264 3201 2346 3255; x_wconf 87' lang='lat' dir='ltr'><strong>vel</strong></span> <span class='ocrx_word' id='word_1_468' title='bbox 2390 3202 2709 3271; x_wconf 73' lang='lat' dir='ltr'><strong>cogitarent,</strong></span> <span class='ocrx_word' id='word_1_469' title='bbox 2749 3200 2892 3269; x_wconf 89' lang='lat' dir='ltr'><strong>quod</strong></span> <span class='ocrx_word' id='word_1_470' title='bbox 2945 3200 2987 3252; x_wconf 87' lang='lat' dir='ltr'><strong>si</strong></span> <span class='ocrx_word' id='word_1_471' title='bbox 3031 3207 3401 3268; x_wconf 77' lang='lat' dir='ltr'><strong>perageretur,</strong></span> 
     </span>
    </p>
   </div>
   <div class='ocr_carea' id='block_1_63' title="bbox 146 3279 1723 3348">
    <p class='ocr_par' dir='ltr' id='par_1_63' title="bbox 146 3279 1723 3348">
     <span class='ocr_line' id='line_1_64' title="bbox 146 3279 1723 3348; baseline -0.003 -15"><span class='ocrx_word' id='word_1_472' title='bbox 146 3281 257 3333; x_wconf 70' lang='grc' dir='ltr'><strong>Νῦν</strong></span> <span class='ocrx_word' id='word_1_473' title='bbox 294 3280 427 3348; x_wconf 80' lang='grc' dir='ltr'>γοῦν</span> <span class='ocrx_word' id='word_1_474' title='bbox 466 3280 633 3347; x_wconf 82' lang='grc' dir='ltr'>φόϐον</span> <span class='ocrx_word' id='word_1_475' title='bbox 662 3282 752 3331; x_wconf 74' lang='grc' dir='ltr'><strong>τὸν</strong></span> <span class='ocrx_word' id='word_1_476' title='bbox 796 3279 885 3332; x_wconf 66' lang='grc' dir='ltr'>διὰ</span> <span class='ocrx_word' id='word_1_477' title='bbox 942 3280 1269 3346; x_wconf 80' lang='grc' dir='ltr'>συνείδησιν,</span> <span class='ocrx_word' id='word_1_478' title='bbox 1328 3280 1596 3339; x_wconf 86' lang='grc' dir='ltr'>τουτέστι,</span> <span class='ocrx_word' id='word_1_479' title='bbox 1634 3280 1723 3330; x_wconf 75' lang='grc' dir='ltr'><strong>τὸν</strong></span> 
     </span>
    </p>
   </div>
   <div class='ocr_carea' id='block_1_64' title="bbox 151 3370 1724 3443">
    <p class='ocr_par' dir='ltr' id='par_1_64' title="bbox 151 3370 1724 3443">
     <span class='ocr_line' id='line_1_65' title="bbox 151 3370 1724 3443; baseline -0.002 -19"><span class='ocrx_word' id='word_1_480' title='bbox 151 3374 248 3424; x_wconf 70' lang='grc' dir='ltr'><strong>σὺν</strong></span> <span class='ocrx_word' id='word_1_481' title='bbox 283 3373 567 3443; x_wconf 76' lang='grc' dir='ltr'>ἐπιστήμῃ</span> <span class='ocrx_word' id='word_1_482' title='bbox 600 3370 694 3423; x_wconf 76' lang='grc' dir='ltr'>τοῦ</span> <span class='ocrx_word' id='word_1_483' title='bbox 730 3370 891 3439; x_wconf 75' lang='grc' dir='ltr'>ὀρθοῦ</span> <span class='ocrx_word' id='word_1_484' title='bbox 937 3370 1095 3437; x_wconf 89' lang='grc' dir='ltr'>λόγου</span> <span class='ocrx_word' id='word_1_485' title='bbox 1144 3370 1427 3438; x_wconf 85' lang='grc' dir='ltr'>γινόμενόν</span> <span class='ocrx_word' id='word_1_486' title='bbox 1454 3387 1641 3439; x_wconf 90' lang='grc' dir='ltr'>φησιν,</span> <span class='ocrx_word' id='word_1_487' title='bbox 1667 3371 1724 3432; x_wconf 78' lang='grc' dir='ltr'>ὃς</span> 
     </span>
    </p>
   </div>
   <div class='ocr_carea' id='block_1_65' title="bbox 145 3461 1723 3533">
    <p class='ocr_par' dir='ltr' id='par_1_65' title="bbox 145 3461 1723 3533">
     <span class='ocr_line' id='line_1_66' title="bbox 145 3461 1723 3533; baseline 0 -20"><span class='ocrx_word' id='word_1_488' title='bbox 145 3464 314 3525; x_wconf 79' lang='grc' dir='ltr'>ἐστιν,</span> <span class='ocrx_word' id='word_1_489' title='bbox 334 3463 363 3513; x_wconf 94' lang='lat'><strong>6</strong></span> <span class='ocrx_word' id='word_1_490' title='bbox 395 3464 452 3513; x_wconf 76' lang='grc' dir='ltr'>ὲν</span> <span class='ocrx_word' id='word_1_491' title='bbox 481 3462 560 3529; x_wconf 78' lang='grc' dir='ltr'><strong>τῷ</strong></span> <span class='ocrx_word' id='word_1_492' title='bbox 586 3461 752 3530; x_wconf 75' lang='grc' dir='ltr'>μηδὲν</span> <span class='ocrx_word' id='word_1_493' title='bbox 780 3462 1141 3533; x_wconf 80' lang='grc' dir='ltr'><strong>ἁμαρτάνειν,</strong></span> <span class='ocrx_word' id='word_1_494' title='bbox 1172 3461 1322 3529; x_wconf 74' lang='grc' dir='ltr'>παρὰ</span> <span class='ocrx_word' id='word_1_495' title='bbox 1357 3462 1464 3512; x_wconf 83' lang='grc' dir='ltr'><strong>τῶν</strong></span> <span class='ocrx_word' id='word_1_496' title='bbox 1493 3461 1723 3513; x_wconf 83' lang='grc' dir='ltr'>σκολιῶν</span> 
     </span>
    </p>
   </div>
   <div class='ocr_carea' id='block_1_66' title="bbox 142 3551 1723 3620">
    <p class='ocr_par' dir='ltr' id='par_1_66' title="bbox 142 3551 1723 3620">
     <span class='ocr_line' id='line_1_67' title="bbox 142 3551 1723 3620; baseline -0.001 -13"><span class='ocrx_word' id='word_1_497' title='bbox 142 3554 422 3607; x_wconf 76' lang='grc' dir='ltr'>δεσποτῶν</span> <span class='ocrx_word' id='word_1_498' title='bbox 450 3556 562 3614; x_wconf 82' lang='grc' dir='ltr'>τοῖς</span> <span class='ocrx_word' id='word_1_499' title='bbox 595 3553 807 3605; x_wconf 80' lang='grc' dir='ltr'>ἑαυτῶν</span> <span class='ocrx_word' id='word_1_500' title='bbox 855 3553 1199 3620; x_wconf 72' lang='grc' dir='ltr'>ἑπαγόμενος</span> <span class='ocrx_word' id='word_1_501' title='bbox 1230 3553 1486 3613; x_wconf 77' lang='grc' dir='ltr'>οἰκέταις.</span> <span class='ocrx_word' id='word_1_502' title='bbox 1524 3551 1723 3605; x_wconf 72' lang='grc' dir='ltr'>Τοῦτον</span> 
     </span>
    </p>
   </div>
   <div class='ocr_carea' id='block_1_67' title="bbox 144 3642 1723 3712">
    <p class='ocr_par' dir='ltr' id='par_1_67' title="bbox 144 3642 1723 3712">
     <span class='ocr_line' id='line_1_68' title="bbox 144 3642 1723 3712; baseline -0.001 -13"><span class='ocrx_word' id='word_1_503' title='bbox 144 3642 235 3699; x_wconf 73' lang='grc' dir='ltr'><strong>οὖν</strong></span> <span class='ocrx_word' id='word_1_504' title='bbox 264 3645 361 3696; x_wconf 72' lang='grc' dir='ltr'><strong>τὸν</strong></span> <span class='ocrx_word' id='word_1_505' title='bbox 391 3644 553 3711; x_wconf 80' lang='grc' dir='ltr'>φόϐον</span> <span class='ocrx_word' id='word_1_506' title='bbox 579 3644 820 3697; x_wconf 80' lang='grc' dir='ltr'>ἐπαίνων</span> <span class='ocrx_word' id='word_1_507' title='bbox 842 3644 1009 3709; x_wconf 81' lang='grc' dir='ltr'>ἀξιῶν</span> <span class='ocrx_word' id='word_1_508' title='bbox 1029 3644 1316 3712; x_wconf 76' lang='grc' dir='ltr'>παρεγγυᾷ</span> <span class='ocrx_word' id='word_1_509' title='bbox 1332 3644 1723 3712; x_wconf 79' lang='grc' dir='ltr'>καταδέχεσθαι</span> 
     </span>
    </p>
   </div>
   <div class='ocr_carea' id='block_1_68' title="bbox 148 3731 1723 3805">
    <p class='ocr_par' dir='ltr' id='par_1_68' title="bbox 148 3731 1723 3805">
     <span class='ocr_line' id='line_1_69' title="bbox 148 3731 1723 3805; baseline -0.003 -18"><span class='ocrx_word' id='word_1_510' title='bbox 148 3736 267 3805; x_wconf 76' lang='grc' dir='ltr'>μεθ’</span> <span class='ocrx_word' id='word_1_511' title='bbox 322 3735 604 3802; x_wconf 77' lang='grc' dir='ltr'>ὑπομονῆς</span> <span class='ocrx_word' id='word_1_512' title='bbox 674 3733 826 3785; x_wconf 74' lang='grc' dir='ltr'>Ἐπεὶ</span> <span class='ocrx_word' id='word_1_513' title='bbox 882 3732 1008 3795; x_wconf 83' lang='grc' dir='ltr'>τούς</span> <span class='ocrx_word' id='word_1_514' title='bbox 1057 3750 1121 3800; x_wconf 85' lang='grc' dir='ltr'><strong>γε</strong></span> <span class='ocrx_word' id='word_1_515' title='bbox 1171 3732 1236 3783; x_wconf 85' lang='grc' dir='ltr'><strong>δι’</strong></span> <span class='ocrx_word' id='word_1_516' title='bbox 1269 3731 1566 3800; x_wconf 80' lang='grc' dir='ltr'>ἁμαρτίας,</span> <span class='ocrx_word' id='word_1_517' title='bbox 1605 3732 1723 3801; x_wconf 75' lang='grc' dir='ltr'>ἦτοι</span> 
     </span>
    </p>
   </div>
   <div class='ocr_carea' id='block_1_69' title="bbox 142 3823 1719 3898">
    <p class='ocr_par' dir='ltr' id='par_1_69' title="bbox 142 3823 1719 3898">
     <span class='ocr_line' id='line_1_70' title="bbox 142 3823 1719 3898; baseline -0.005 -17"><span class='ocrx_word' id='word_1_518' title='bbox 142 3827 551 3898; x_wconf 47' lang='grc' dir='ltr'>ἐπωθείσας,</span> <span class='ocrx_word' id='word_1_519' title='bbox 582 3826 614 3894; x_wconf 79' lang='grc' dir='ltr'>ἢ</span> <span class='ocrx_word' id='word_1_520' title='bbox 650 3828 745 3879; x_wconf 68' lang='grc' dir='ltr'><strong>καὶ</strong></span> <span class='ocrx_word' id='word_1_521' title='bbox 783 3824 857 3895; x_wconf 81' lang='grc' dir='ltr'>μὴ</span> <span class='ocrx_word' id='word_1_522' title='bbox 914 3824 1224 3893; x_wconf 79' lang='grc' dir='ltr'>πραχθῆναι</span> <span class='ocrx_word' id='word_1_523' title='bbox 1258 3823 1719 3891; x_wconf 77' lang='grc' dir='ltr'>φυλασσομένους,</span> 
     </span>
    </p>
   </div>
   <div class='ocr_carea' id='block_1_70' title="bbox 142 3915 1720 3986">
    <p class='ocr_par' dir='ltr' id='par_1_70' title="bbox 142 3915 1720 3986">
     <span class='ocr_line' id='line_1_71' title="bbox 142 3915 1720 3986; baseline -0.004 -15"><span class='ocrx_word' id='word_1_524' title='bbox 142 3918 307 3986; x_wconf 65' lang='grc' dir='ltr'>φόϐον</span> <span class='ocrx_word' id='word_1_525' title='bbox 335 3920 559 3986; x_wconf 74' lang='grc' dir='ltr'>ἔχοντας</span> <span class='ocrx_word' id='word_1_526' title='bbox 592 3917 918 3985; x_wconf 71' lang='grc' dir='ltr'>ὑπομένειν,</span> <span class='ocrx_word' id='word_1_527' title='bbox 967 3918 1070 3967; x_wconf 78' lang='grc' dir='ltr'>εἴτι</span> <span class='ocrx_word' id='word_1_528' title='bbox 1113 3916 1181 3982; x_wconf 63' lang='grc' dir='ltr'>δι’</span> <span class='ocrx_word' id='word_1_529' title='bbox 1221 3915 1393 3976; x_wconf 79' lang='grc' dir='ltr'>αὐτὰς</span> <span class='ocrx_word' id='word_1_530' title='bbox 1438 3915 1720 3983; x_wconf 76' lang='grc' dir='ltr'>πάσχοιεν,</span> 
     </span>
    </p>
   </div>
   <div class='ocr_carea' id='block_1_71' title="bbox 141 4005 1719 4077">
    <p class='ocr_par' dir='ltr' id='par_1_71' title="bbox 141 4005 1719 4077">
     <span class='ocr_line' id='line_1_72' title="bbox 141 4005 1719 4077; baseline -0.002 -16"><span class='ocrx_word' id='word_1_531' title='bbox 141 4009 503 4076; x_wconf 75' lang='grc' dir='ltr'>εὐγνωμόνων</span> <span class='ocrx_word' id='word_1_532' title='bbox 531 4009 630 4075; x_wconf 78' lang='grc' dir='ltr'><strong>μὲν</strong></span> <span class='ocrx_word' id='word_1_533' title='bbox 660 4008 756 4075; x_wconf 69' lang='grc' dir='ltr'><strong>καὶ</strong></span> <span class='ocrx_word' id='word_1_534' title='bbox 778 4005 937 4057; x_wconf 79' lang='grc' dir='ltr'>τοῦτο</span> <span class='ocrx_word' id='word_1_535' title='bbox 958 4005 1182 4066; x_wconf 70' lang='grc' dir='ltr'>δούλων,</span> <span class='ocrx_word' id='word_1_536' title='bbox 1209 4008 1303 4057; x_wconf 82' lang='grc' dir='ltr'>καὶ</span> <span class='ocrx_word' id='word_1_537' title='bbox 1326 4005 1461 4074; x_wconf 70' lang='grc' dir='ltr'>πρὸς</span> <span class='ocrx_word' id='word_1_538' title='bbox 1494 4006 1719 4077; x_wconf 77' lang='grc' dir='ltr'>διόρθω-</span> 
     </span>
    </p>
   </div>
   <div class='ocr_carea' id='block_1_72' title="bbox 143 4096 1717 4169">
    <p class='ocr_par' dir='ltr' id='par_1_72' title="bbox 143 4096 1717 4169">
     <span class='ocr_line' id='line_1_73' title="bbox 143 4096 1717 4169; baseline -0.001 -17"><span class='ocrx_word' id='word_1_539' title='bbox 143 4118 226 4152; x_wconf 83' lang='grc' dir='ltr'><strong>σιν</strong></span> <span class='ocrx_word' id='word_1_540' title='bbox 252 4101 659 4161; x_wconf 73' lang='grc' dir='ltr'>ἀπονευόντων,</span> <span class='ocrx_word' id='word_1_541' title='bbox 713 4096 1004 4169; x_wconf 26' lang='lat' dir='ltr'><strong>anteﬁxa)</strong></span> <span class='ocrx_word' id='word_1_542' title='bbox 1055 4096 1328 4164; x_wconf 82' lang='grc' dir='ltr'>τοσαύτης</span> <span class='ocrx_word' id='word_1_543' title='bbox 1379 4098 1717 4165; x_wconf 80' lang='grc' dir='ltr'>φιλοσοφίας,</span> 
     </span>
    </p>
   </div>
   <div class='ocr_carea' id='block_1_73' title="bbox 141 4188 1719 4266">
    <p class='ocr_par' dir='ltr' id='par_1_73' title="bbox 141 4188 1719 4266">
     <span class='ocr_line' id='line_1_74' title="bbox 141 4188 1719 4266; baseline 0.009 -35"><span class='ocrx_word' id='word_1_544' title='bbox 141 4193 269 4261; x_wconf 45' lang='lat' dir='ltr'><strong>an;</strong></span> <span class='ocrx_word' id='word_1_545' title='bbox 300 4190 377 4258; x_wconf 75' lang='grc' dir='ltr'><strong>τῷ</strong></span> <span class='ocrx_word' id='word_1_546' title='bbox 406 4190 569 4260; x_wconf 79' lang='grc' dir='ltr'>μηδὲν</span> <span class='ocrx_word' id='word_1_547' title='bbox 594 4189 808 4260; x_wconf 68' lang='grc' dir='ltr'>ἐαυτῷ*</span> <span class='ocrx_word' id='word_1_548' title='bbox 836 4188 1131 4266; x_wconf 56' lang='grc' dir='ltr'><strong>συνειδότι⁵</strong></span> <span class='ocrx_word' id='word_1_549' title='bbox 1149 4188 1343 4239; x_wconf 75' lang='grc' dir='ltr'>κακὸν</span> <span class='ocrx_word' id='word_1_550' title='bbox 1368 4190 1719 4260; x_wconf 81' lang='grc' dir='ltr'>ἐγκαρτερεῖν</span> 
     </span>
    </p>
   </div>
   <div class='ocr_carea' id='block_1_74' title="bbox 139 4278 1719 4354">
    <p class='ocr_par' dir='ltr' id='par_1_74' title="bbox 139 4278 1719 4354">
     <span class='ocr_line' id='line_1_75' title="bbox 139 4278 1719 4354; baseline -0.002 -19"><span class='ocrx_word' id='word_1_551' title='bbox 139 4283 503 4354; x_wconf 70' lang='grc' dir='ltr'>εὐχαρίστως.</span> <span class='ocrx_word' id='word_1_552' title='bbox 538 4280 711 4335; x_wconf 82' lang='grc' dir='ltr'>Ἰοῦτο</span> <span class='ocrx_word' id='word_1_553' title='bbox 739 4283 798 4333; x_wconf 73' lang='grc' dir='ltr'>τὸ</span> <span class='ocrx_word' id='word_1_554' title='bbox 847 4278 1013 4349; x_wconf 69' lang='grc' dir='ltr'>μέγαῒ</span> <span class='ocrx_word' id='word_1_555' title='bbox 1035 4278 1192 4331; x_wconf 81' lang='grc' dir='ltr'>τοῦτο</span> <span class='ocrx_word' id='word_1_556' title='bbox 1226 4281 1322 4332; x_wconf 70' lang='grc' dir='ltr'>καὶ</span> <span class='ocrx_word' id='word_1_557' title='bbox 1353 4280 1480 4348; x_wconf 81' lang='grc' dir='ltr'>παρ’</span> <span class='ocrx_word' id='word_1_558' title='bbox 1520 4281 1719 4348; x_wconf 80' lang='grc' dir='ltr'>ὀλίγοις</span> 
     </span>
    </p>
   </div>
   <div class='ocr_carea' id='block_1_75' title="bbox 140 4370 1720 4441">
    <p class='ocr_par' dir='ltr' id='par_1_75' title="bbox 140 4370 1720 4441">
     <span class='ocr_line' id='line_1_76' title="bbox 140 4370 1720 4441; baseline 0 -16"><span class='ocrx_word' id='word_1_559' title='bbox 140 4376 577 4441; x_wconf 71' lang='grc' dir='ltr'>ἐπιτελούμενον,</span> <span class='ocrx_word' id='word_1_560' title='bbox 629 4374 809 4435; x_wconf 73' lang='grc' dir='ltr'>τοῦτο,</span> <span class='ocrx_word' id='word_1_561' title='bbox 840 4375 935 4425; x_wconf 71' lang='grc' dir='ltr'><strong>καὶ</strong></span> <span class='ocrx_word' id='word_1_562' title='bbox 969 4370 1117 4441; x_wconf 71' lang='grc' dir='ltr'>παρὰ</span> <span class='ocrx_word' id='word_1_563' title='bbox 1144 4371 1264 4441; x_wconf 82' lang='grc' dir='ltr'>Θεῷ</span> <span class='ocrx_word' id='word_1_564' title='bbox 1286 4372 1559 4440; x_wconf 77' lang='grc' dir='ltr'>τυγχάνον</span> <span class='ocrx_word' id='word_1_565' title='bbox 1586 4374 1720 4425; x_wconf 83' lang='grc' dir='ltr'>ἀπο-</span> 
     </span>
    </p>
   </div>
   <div class='ocr_carea' id='block_1_76' title="bbox 140 4440 1715 4534">
    <p class='ocr_par' dir='ltr' id='par_1_76' title="bbox 140 4440 1715 4534">
     <span class='ocr_line' id='line_1_77' title="bbox 140 4440 1715 4534; baseline -0.001 -15"><span class='ocrx_word' id='word_1_566' title='bbox 140 4466 320 4534; x_wconf 72' lang='grc' dir='ltr'>δοχῆς,</span> <span class='ocrx_word' id='word_1_567' title='bbox 346 4465 424 4527; x_wconf 81' lang='grc' dir='ltr'>ὡς</span> <span class='ocrx_word' id='word_1_568' title='bbox 454 4468 563 4526; x_wconf 82' lang='grc' dir='ltr'>τοῖς</span> <span class='ocrx_word' id='word_1_569' title='bbox 601 4463 695 4516; x_wconf 77' lang='grc' dir='ltr'>τοῦ</span> <span class='ocrx_word' id='word_1_570' title='bbox 755 4440 1019 4533; x_wconf 65' lang='grc' dir='ltr'><strong>Χριστοῦἲ</strong></span> <span class='ocrx_word' id='word_1_571' title='bbox 1044 4463 1270 4514; x_wconf 64' lang='grc' dir='ltr'>πάθεσιν</span> <span class='ocrx_word' id='word_1_572' title='bbox 1320 4464 1715 4533; x_wconf 78' lang='grc' dir='ltr'>ἁμιλλώμενον,</span> 
     </span>
    </p>
   </div>
   <div class='ocr_carea' id='block_1_77' title="bbox 1830 3291 3399 3365">
    <p class='ocr_par' dir='ltr' id='par_1_77' title="bbox 1830 3291 3399 3365">
     <span class='ocr_line' id='line_1_78' title="bbox 1830 3291 3399 3365; baseline -0.003 -19"><span class='ocrx_word' id='word_1_573' title='bbox 1830 3295 2099 3365; x_wconf 84' lang='lat' dir='ltr'><strong>ingratum</strong></span> <span class='ocrx_word' id='word_1_574' title='bbox 2121 3303 2268 3349; x_wconf 85' lang='lat' dir='ltr'><strong>esset</strong></span> <span class='ocrx_word' id='word_1_575' title='bbox 2302 3309 2401 3347; x_wconf 91' lang='lat' dir='ltr'><strong>suo</strong></span> <span class='ocrx_word' id='word_1_576' title='bbox 2443 3294 2686 3348; x_wconf 83' lang='lat' dir='ltr'><strong>domino.</strong></span> <span class='ocrx_word' id='word_1_577' title='bbox 2718 3292 2871 3345; x_wconf 85' lang='lat' dir='ltr'><strong>Nunc</strong></span> <span class='ocrx_word' id='word_1_578' title='bbox 2913 3292 3090 3359; x_wconf 80' lang='lat' dir='ltr'><strong>itaque</strong></span> <span class='ocrx_word' id='word_1_579' title='bbox 3150 3291 3399 3342; x_wconf 86' lang='lat' dir='ltr'><strong>timorem</strong></span> 
     </span>
    </p>
   </div>
   <div class='ocr_carea' id='block_1_78' title="bbox 1827 3380 3401 3454">
    <p class='ocr_par' dir='ltr' id='par_1_78' title="bbox 1827 3380 3401 3454">
     <span class='ocr_line' id='line_1_79' title="bbox 1827 3380 3401 3454; baseline -0.004 -15"><span class='ocrx_word' id='word_1_580' title='bbox 1827 3386 2073 3454; x_wconf 86' lang='lat' dir='ltr'><strong>dicitqui</strong></span> <span class='ocrx_word' id='word_1_581' title='bbox 2119 3395 2202 3439; x_wconf 90' lang='lat' dir='ltr'><strong>est</strong></span> <span class='ocrx_word' id='word_1_582' title='bbox 2248 3393 2472 3454; x_wconf 84' lang='lat' dir='ltr'><strong>propter</strong></span> <span class='ocrx_word' id='word_1_583' title='bbox 2530 3384 2944 3443; x_wconf 86' lang='lat' dir='ltr'><strong>conscientiam.</strong></span> <span class='ocrx_word' id='word_1_584' title='bbox 2998 3382 3101 3435; x_wconf 91' lang='lat' dir='ltr'><strong>hoc</strong></span> <span class='ocrx_word' id='word_1_585' title='bbox 3144 3390 3248 3437; x_wconf 90' lang='lat' dir='ltr'><strong>est.</strong></span> <span class='ocrx_word' id='word_1_586' title='bbox 3309 3380 3401 3448; x_wconf 92' lang='lat' dir='ltr'><strong>qui</strong></span> 
     </span>
    </p>
   </div>
   <div class='ocr_carea' id='block_1_79' title="bbox 1827 3473 3401 3546">
    <p class='ocr_par' dir='ltr' id='par_1_79' title="bbox 1827 3473 3401 3546">
     <span class='ocr_line' id='line_1_80' title="bbox 1827 3473 3401 3546; baseline -0.006 -14"><span class='ocrx_word' id='word_1_587' title='bbox 1827 3478 2094 3546; x_wconf 78' lang='lat' dir='ltr'><strong>contingit</strong></span> <span class='ocrx_word' id='word_1_588' title='bbox 2154 3493 2277 3531; x_wconf 90' lang='lat' dir='ltr'><strong>cum</strong></span> <span class='ocrx_word' id='word_1_589' title='bbox 2337 3476 2674 3530; x_wconf 85' lang='lat' dir='ltr'><strong>conscientia</strong></span> <span class='ocrx_word' id='word_1_590' title='bbox 2728 3483 2888 3529; x_wconf 71' lang='lat' dir='ltr'><strong>recta:</strong></span> <span class='ocrx_word' id='word_1_591' title='bbox 2959 3473 3222 3526; x_wconf 86' lang='lat' dir='ltr'><strong>rationis:</strong></span> <span class='ocrx_word' id='word_1_592' title='bbox 3276 3486 3401 3525; x_wconf 92' lang='lat' dir='ltr'><strong>cum</strong></span> 
     </span>
    </p>
   </div>
   <div class='ocr_carea' id='block_1_80' title="bbox 1827 3562 3403 3624">
    <p class='ocr_par' dir='ltr' id='par_1_80' title="bbox 1827 3562 3403 3624">
     <span class='ocr_line' id='line_1_81' title="bbox 1827 3562 3403 3624; baseline -0.005 -2"><span class='ocrx_word' id='word_1_593' title='bbox 1827 3570 1952 3623; x_wconf 89' lang='lat' dir='ltr'><strong>mali</strong></span> <span class='ocrx_word' id='word_1_594' title='bbox 1987 3570 2239 3624; x_wconf 77' lang='lat' dir='ltr'><strong>videlicet</strong></span> <span class='ocrx_word' id='word_1_595' title='bbox 2268 3569 2477 3624; x_wconf 90' lang='lat' dir='ltr'><strong>domini</strong></span> <span class='ocrx_word' id='word_1_596' title='bbox 2507 3583 2697 3622; x_wconf 90' lang='lat' dir='ltr'><strong>servos</strong></span> <span class='ocrx_word' id='word_1_597' title='bbox 2726 3581 2854 3620; x_wconf 89' lang='lat' dir='ltr'><strong>suos</strong></span> <span class='ocrx_word' id='word_1_598' title='bbox 2889 3565 3024 3618; x_wconf 86' lang='lat' dir='ltr'><strong>nihil</strong></span> <span class='ocrx_word' id='word_1_599' title='bbox 3053 3562 3403 3617; x_wconf 84' lang='lat' dir='ltr'><strong>commeritos</strong></span> 
     </span>
    </p>
   </div>
   <div class='ocr_carea' id='block_1_81' title="bbox 1826 3656 3400 3732">
    <p class='ocr_par' dir='ltr' id='par_1_81' title="bbox 1826 3656 3400 3732">
     <span class='ocr_line' id='line_1_82' title="bbox 1826 3656 3400 3732; baseline -0.006 -16"><span class='ocrx_word' id='word_1_600' title='bbox 1826 3662 2085 3732; x_wconf 75' lang='lat' dir='ltr'><strong>afﬂigunt.</strong></span> <span class='ocrx_word' id='word_1_601' title='bbox 2110 3662 2260 3717; x_wconf 90' lang='lat' dir='ltr'><strong>lluuc</strong></span> <span class='ocrx_word' id='word_1_602' title='bbox 2283 3679 2409 3732; x_wconf 81' lang='lat' dir='ltr'><strong>ergo</strong></span> <span class='ocrx_word' id='word_1_603' title='bbox 2433 3663 2679 3716; x_wconf 88' lang='lat' dir='ltr'><strong>timorem</strong></span> <span class='ocrx_word' id='word_1_604' title='bbox 2699 3661 2953 3730; x_wconf 85' lang='lat' dir='ltr'><strong>judicans</strong></span> <span class='ocrx_word' id='word_1_605' title='bbox 2976 3657 3133 3712; x_wconf 87' lang='lat' dir='ltr'><strong>laude</strong></span> <span class='ocrx_word' id='word_1_606' title='bbox 3154 3656 3400 3725; x_wconf 82' lang='lat' dir='ltr'><strong>dignum.</strong></span> 
     </span>
    </p>
   </div>
   <div class='ocr_carea' id='block_1_82' title="bbox 1822 3745 3401 3823">
    <p class='ocr_par' dir='ltr' id='par_1_82' title="bbox 1822 3745 3401 3823">
     <span class='ocr_line' id='line_1_83' title="bbox 1822 3745 3401 3823; baseline -0.007 -16"><span class='ocrx_word' id='word_1_607' title='bbox 1822 3754 1976 3823; x_wconf 85' lang='lat' dir='ltr'><strong>jubet</strong></span> <span class='ocrx_word' id='word_1_608' title='bbox 2006 3763 2062 3807; x_wconf 74' lang='lat' dir='ltr'><strong>ut</strong></span> <span class='ocrx_word' id='word_1_609' title='bbox 2097 3769 2218 3806; x_wconf 82' lang='lat' dir='ltr'><strong>cum</strong></span> <span class='ocrx_word' id='word_1_610' title='bbox 2251 3754 2513 3822; x_wconf 89' lang='lat' dir='ltr'><strong>patientia</strong></span> <span class='ocrx_word' id='word_1_611' title='bbox 2550 3753 2897 3821; x_wconf 89' lang='lat' dir='ltr'><strong>suscipiatur.</strong></span> <span class='ocrx_word' id='word_1_612' title='bbox 2951 3745 3401 3815; x_wconf 81' lang='lat' dir='ltr'><strong>Quandoquidem</strong></span> 
     </span>
    </p>
   </div>
   <div class='ocr_carea' id='block_1_83' title="bbox 1824 3842 3404 3914">
    <p class='ocr_par' dir='ltr' id='par_1_83' title="bbox 1824 3842 3404 3914">
     <span class='ocr_line' id='line_1_84' title="bbox 1824 3842 3404 3914; baseline -0.008 -15"><span class='ocrx_word' id='word_1_613' title='bbox 1824 3846 1915 3914; x_wconf 87' lang='lat' dir='ltr'><strong>qui</strong></span> <span class='ocrx_word' id='word_1_614' title='bbox 1950 3858 2171 3914; x_wconf 86' lang='lat' dir='ltr'><strong>propter</strong></span> <span class='ocrx_word' id='word_1_615' title='bbox 2200 3855 2445 3914; x_wconf 87' lang='lat' dir='ltr'><strong>peccata,</strong></span> <span class='ocrx_word' id='word_1_616' title='bbox 2474 3846 2586 3899; x_wconf 89' lang='lat' dir='ltr'><strong>sive</strong></span> <span class='ocrx_word' id='word_1_617' title='bbox 2626 3860 2687 3898; x_wconf 86' lang='lat' dir='ltr'><strong>ea</strong></span> <span class='ocrx_word' id='word_1_618' title='bbox 2706 3860 2827 3913; x_wconf 71' lang='lat' dir='ltr'><strong>qua:</strong></span> <span class='ocrx_word' id='word_1_619' title='bbox 2867 3845 3273 3910; x_wconf 88' lang='lat' dir='ltr'><strong>perpetrarunt,</strong></span> <span class='ocrx_word' id='word_1_620' title='bbox 3309 3842 3404 3889; x_wconf 91' lang='lat' dir='ltr'><strong>aut</strong></span> 
     </span>
    </p>
   </div>
   <div class='ocr_carea' id='block_1_84' title="bbox 1823 3930 3401 4006">
    <p class='ocr_par' dir='ltr' id='par_1_84' title="bbox 1823 3930 3401 4006">
     <span class='ocr_line' id='line_1_85' title="bbox 1823 3930 3401 4006; baseline -0.009 -14"><span class='ocrx_word' id='word_1_621' title='bbox 1823 3940 1987 3992; x_wconf 88' lang='lat' dir='ltr'><strong>ctiam</strong></span> <span class='ocrx_word' id='word_1_622' title='bbox 2028 3955 2149 4006; x_wconf 74' lang='lat' dir='ltr'><strong>quae</strong></span> <span class='ocrx_word' id='word_1_623' title='bbox 2176 3954 2283 3991; x_wconf 84' lang='lat' dir='ltr'><strong>non</strong></span> <span class='ocrx_word' id='word_1_624' title='bbox 2312 3938 2672 3993; x_wconf 84' lang='lat' dir='ltr'><strong>observarunt</strong></span> <span class='ocrx_word' id='word_1_625' title='bbox 2726 3946 2785 3989; x_wconf 88' lang='lat' dir='ltr'><strong>ut</strong></span> <span class='ocrx_word' id='word_1_626' title='bbox 2830 3934 3090 3993; x_wconf 75' lang='lat' dir='ltr'><strong>iacerent,</strong></span> <span class='ocrx_word' id='word_1_627' title='bbox 3150 3930 3401 3984; x_wconf 87' lang='lat' dir='ltr'><strong>timorem</strong></span> 
     </span>
    </p>
   </div>
   <div class='ocr_carea' id='block_1_85' title="bbox 1826 4020 3401 4097">
    <p class='ocr_par' dir='ltr' id='par_1_85' title="bbox 1826 4020 3401 4097">
     <span class='ocr_line' id='line_1_86' title="bbox 1826 4020 3401 4097; baseline -0.009 -14"><span class='ocrx_word' id='word_1_628' title='bbox 1826 4031 2047 4091; x_wconf 82' lang='lat' dir='ltr'><strong>habent,</strong></span> <span class='ocrx_word' id='word_1_629' title='bbox 2090 4032 2384 4083; x_wconf 76' lang='lat' dir='ltr'><strong>tolerantes</strong></span> <span class='ocrx_word' id='word_1_630' title='bbox 2432 4029 2476 4083; x_wconf 89' lang='lat' dir='ltr'><strong>si</strong></span> <span class='ocrx_word' id='word_1_631' title='bbox 2530 4029 2657 4097; x_wconf 85' lang='lat' dir='ltr'><strong>quid</strong></span> <span class='ocrx_word' id='word_1_632' title='bbox 2693 4036 2923 4095; x_wconf 89' lang='lat' dir='ltr'><strong>propter.</strong></span> <span class='ocrx_word' id='word_1_633' title='bbox 2962 4024 3048 4077; x_wconf 91' lang='lat' dir='ltr'><strong>illa</strong></span> <span class='ocrx_word' id='word_1_634' title='bbox 3101 4020 3401 4090; x_wconf 87' lang='lat' dir='ltr'><strong>patiantur,</strong></span> 
     </span>
    </p>
   </div>
   <div class='ocr_carea' id='block_1_86' title="bbox 1824 4112 3400 4188">
    <p class='ocr_par' dir='ltr' id='par_1_86' title="bbox 1824 4112 3400 4188">
     <span class='ocr_line' id='line_1_87' title="bbox 1824 4112 3400 4188; baseline -0.007 -15"><span class='ocrx_word' id='word_1_635' title='bbox 1824 4120 1950 4173; x_wconf 92' lang='lat' dir='ltr'><strong>boni</strong></span> <span class='ocrx_word' id='word_1_636' title='bbox 1979 4120 2197 4188; x_wconf 90' lang='lat' dir='ltr'><strong>quidem</strong></span> <span class='ocrx_word' id='word_1_637' title='bbox 2232 4130 2286 4173; x_wconf 86' lang='lat' dir='ltr'><strong>et</strong></span> <span class='ocrx_word' id='word_1_638' title='bbox 2338 4120 2390 4172; x_wconf 91' lang='lat' dir='ltr'><strong>hi</strong></span> <span class='ocrx_word' id='word_1_639' title='bbox 2425 4127 2553 4173; x_wconf 92' lang='lat' dir='ltr'><strong>sunt</strong></span> <span class='ocrx_word' id='word_1_640' title='bbox 2588 4118 2754 4181; x_wconf 85' lang='lat' dir='ltr'><strong>servi,</strong></span> <span class='ocrx_word' id='word_1_641' title='bbox 2790 4126 2847 4171; x_wconf 87' lang='lat' dir='ltr'><strong>et</strong></span> <span class='ocrx_word' id='word_1_642' title='bbox 2892 4116 2953 4170; x_wconf 86' lang='lat' dir='ltr'><strong>ad</strong></span> <span class='ocrx_word' id='word_1_643' title='bbox 3004 4112 3400 4167; x_wconf 85' lang='lat' dir='ltr'><strong>correctionem</strong></span> 
     </span>
    </p>
   </div>
   <div class='ocr_carea' id='block_1_87' title="bbox 1823 4202 3403 4271">
    <p class='ocr_par' dir='ltr' id='par_1_87' title="bbox 1823 4202 3403 4271">
     <span class='ocr_line' id='line_1_88' title="bbox 1823 4202 3403 4271; baseline -0.003 -10"><span class='ocrx_word' id='word_1_644' title='bbox 1823 4209 2196 4264; x_wconf 80' lang='lat' dir='ltr'><strong>declinantes:</strong></span> <span class='ocrx_word' id='word_1_645' title='bbox 2252 4221 2308 4264; x_wconf 86' lang='lat' dir='ltr'><strong>at</strong></span> <span class='ocrx_word' id='word_1_646' title='bbox 2363 4211 2602 4264; x_wconf 90' lang='lat' dir='ltr'><strong>nondum</strong></span> <span class='ocrx_word' id='word_1_647' title='bbox 2664 4218 2811 4262; x_wconf 90' lang='lat' dir='ltr'><strong>tanta</strong></span> <span class='ocrx_word' id='word_1_648' title='bbox 2877 4207 3076 4261; x_wconf 84' lang='lat' dir='ltr'><strong>mentis</strong></span> <span class='ocrx_word' id='word_1_649' title='bbox 3132 4202 3403 4271; x_wconf 79' lang='lat' dir='ltr'><strong>sapientia</strong></span> 
     </span>
    </p>
   </div>
   <div class='ocr_carea' id='block_1_88' title="bbox 1822 4295 3395 4369">
    <p class='ocr_par' dir='ltr' id='par_1_88' title="bbox 1822 4295 3395 4369">
     <span class='ocr_line' id='line_1_89' title="bbox 1822 4295 3395 4369; baseline -0.003 -16"><span class='ocrx_word' id='word_1_650' title='bbox 1822 4301 2053 4369; x_wconf 73' lang='lat' dir='ltr'><strong>przediti.</strong></span> <span class='ocrx_word' id='word_1_651' title='bbox 2087 4310 2289 4369; x_wconf 87' lang='lat' dir='ltr'><strong>quanta</strong></span> <span class='ocrx_word' id='word_1_652' title='bbox 2327 4301 2576 4354; x_wconf 87' lang='lat' dir='ltr'><strong>essentsi</strong></span> <span class='ocrx_word' id='word_1_653' title='bbox 2621 4308 2774 4369; x_wconf 73' lang='lat' dir='ltr'><strong>grato</strong></span> <span class='ocrx_word' id='word_1_654' title='bbox 2803 4298 2987 4351; x_wconf 91' lang='lat' dir='ltr'><strong>animo</strong></span> <span class='ocrx_word' id='word_1_655' title='bbox 3044 4295 3395 4349; x_wconf 83' lang='lat' dir='ltr'><strong>alllictionem</strong></span> 
     </span>
    </p>
   </div>
   <div class='ocr_carea' id='block_1_89' title="bbox 1823 4382 3401 4453">
    <p class='ocr_par' dir='ltr' id='par_1_89' title="bbox 1823 4382 3401 4453">
     <span class='ocr_line' id='line_1_90' title="bbox 1823 4382 3401 4453; baseline -0.005 -10"><span class='ocrx_word' id='word_1_656' title='bbox 1823 4390 2136 4453; x_wconf 89' lang='lat' dir='ltr'><strong>tolerarent,</strong></span> <span class='ocrx_word' id='word_1_657' title='bbox 2204 4391 2369 4443; x_wconf 87' lang='lat' dir='ltr'><strong>etiam</strong></span> <span class='ocrx_word' id='word_1_658' title='bbox 2425 4405 2553 4444; x_wconf 91' lang='lat' dir='ltr'><strong>cum</strong></span> <span class='ocrx_word' id='word_1_659' title='bbox 2611 4389 2816 4442; x_wconf 89' lang='lat' dir='ltr'><strong>nullius</strong></span> <span class='ocrx_word' id='word_1_660' title='bbox 2862 4386 2985 4439; x_wconf 91' lang='lat' dir='ltr'><strong>mali</strong></span> <span class='ocrx_word' id='word_1_661' title='bbox 3044 4384 3148 4437; x_wconf 88' lang='lat' dir='ltr'><strong>sibi</strong></span> <span class='ocrx_word' id='word_1_662' title='bbox 3198 4382 3401 4436; x_wconf 88' lang='lat' dir='ltr'><strong>conscii</strong></span> 
     </span>
    </p>
   </div>
   <div class='ocr_carea' id='block_1_90' title="bbox 1822 4475 3401 4551">
    <p class='ocr_par' dir='ltr' id='par_1_90' title="bbox 1822 4475 3401 4551">
     <span class='ocr_line' id='line_1_91' title="bbox 1822 4475 3401 4551; baseline -0.008 -16"><span class='ocrx_word' id='word_1_663' title='bbox 1822 4492 2025 4536; x_wconf 88' lang='lat' dir='ltr'><strong>essent.</strong></span> <span class='ocrx_word' id='word_1_664' title='bbox 2070 4482 2183 4536; x_wconf 88' lang='lat' dir='ltr'><strong>Iloc</strong></span> <span class='ocrx_word' id='word_1_665' title='bbox 2222 4497 2475 4551; x_wconf 75' lang='lat' dir='ltr'><strong>magnum</strong></span> <span class='ocrx_word' id='word_1_666' title='bbox 2504 4489 2608 4546; x_wconf 86' lang='lat' dir='ltr'><strong>est,</strong></span> <span class='ocrx_word' id='word_1_667' title='bbox 2637 4481 2740 4533; x_wconf 90' lang='lat' dir='ltr'><strong>hoc</strong></span> <span class='ocrx_word' id='word_1_668' title='bbox 2772 4479 2934 4532; x_wconf 87' lang='lat' dir='ltr'><strong>etiam</strong></span> <span class='ocrx_word' id='word_1_669' title='bbox 2978 4493 3005 4529; x_wconf 92' lang='lat' dir='ltr'><strong>a</strong></span> <span class='ocrx_word' id='word_1_670' title='bbox 3038 4475 3228 4545; x_wconf 77' lang='lat' dir='ltr'><strong>paucis</strong></span> <span class='ocrx_word' id='word_1_671' title='bbox 3249 4489 3401 4527; x_wconf 82' lang='lat' dir='ltr'><strong>com-</strong></span> 
     </span>
    </p>
   </div>
   <div class='ocr_carea' id='block_1_91' title="bbox 140 4551 1723 4642">
    <p class='ocr_par' dir='ltr' id='par_1_91' title="bbox 140 4555 1717 4625">
     <span class='ocr_line' id='line_1_92' title="bbox 140 4555 1717 4625; baseline 0.003 -19"><span class='ocrx_word' id='word_1_672' title='bbox 140 4558 259 4608; x_wconf 75' lang='grc' dir='ltr'>ἐπεὶ</span> <span class='ocrx_word' id='word_1_673' title='bbox 289 4558 385 4608; x_wconf 78' lang='grc' dir='ltr'>καὶ</span> <span class='ocrx_word' id='word_1_674' title='bbox 419 4556 576 4615; x_wconf 75' lang='grc' dir='ltr'>αὐτός</span> <span class='ocrx_word' id='word_1_675' title='bbox 606 4571 788 4624; x_wconf 86' lang='grc' dir='ltr'>φησιν,</span> <span class='ocrx_word' id='word_1_676' title='bbox 830 4555 912 4606; x_wconf 80' lang='grc' dir='ltr'>ὅτι</span> <span class='ocrx_word' id='word_1_677' title='bbox 960 4556 1057 4622; x_wconf 78' lang='grc' dir='ltr'>οὐχ</span> <span class='ocrx_word' id='word_1_678' title='bbox 1082 4555 1221 4621; x_wconf 79' lang='grc' dir='ltr'>ὑπὲρ</span> <span class='ocrx_word' id='word_1_679' title='bbox 1242 4555 1446 4617; x_wconf 80' lang='grc' dir='ltr'>οἰκείας</span> <span class='ocrx_word' id='word_1_680' title='bbox 1483 4556 1717 4625; x_wconf 77' lang='grc' dir='ltr'>ἔπασχεν</span> 
     </span>
    </p>
   </div>
   <div class='ocr_carea' id='block_1_92' title="bbox 1823 4551 3403 4642">
    <p class='ocr_par' dir='ltr' id='par_1_92' title="bbox 1826 4566 3403 4642">
     <span class='ocr_line' id='line_1_93' title="bbox 1826 4566 3403 4642; baseline -0.008 -19"><span class='ocrx_word' id='word_1_681' title='bbox 1826 4574 2031 4642; x_wconf 84' lang='lat' dir='ltr'><strong>plctur:</strong></span> <span class='ocrx_word' id='word_1_682' title='bbox 2066 4572 2118 4625; x_wconf 93' lang='lat' dir='ltr'><strong>id</strong></span> <span class='ocrx_word' id='word_1_683' title='bbox 2150 4572 2291 4641; x_wconf 91' lang='lat' dir='ltr'><strong>apud</strong></span> <span class='ocrx_word' id='word_1_684' title='bbox 2322 4574 2483 4624; x_wconf 73' lang='lat' dir='ltr'><strong>lteum</strong></span> <span class='ocrx_word' id='word_1_685' title='bbox 2515 4584 2732 4639; x_wconf 89' lang='lat' dir='ltr'><strong>quoque</strong></span> <span class='ocrx_word' id='word_1_686' title='bbox 2782 4566 3221 4623; x_wconf 87' lang='lat' dir='ltr'><strong>commendatur,</strong></span> <span class='ocrx_word' id='word_1_687' title='bbox 3277 4570 3403 4613; x_wconf 90' lang='lat' dir='ltr'><strong>tan-</strong></span> 
     </span>
    </p>
   </div>
   <div class='ocr_carea' id='block_1_93' title="bbox 139 4644 1757 4723">
    <p class='ocr_par' dir='ltr' id='par_1_93' title="bbox 139 4644 1757 4723">
     <span class='ocr_line' id='line_1_94' title="bbox 139 4644 1757 4723; baseline 0.002 -24"><span class='ocrx_word' id='word_1_688' title='bbox 139 4647 435 4717; x_wconf 67' lang='grc' dir='ltr'>ἁμαρτίας.</span> <span class='ocrx_word' id='word_1_689' title='bbox 494 4646 794 4715; x_wconf 83' lang='grc' dir='ltr'>Ἀμαρτίαν</span> <span class='ocrx_word' id='word_1_690' title='bbox 827 4645 937 4714; x_wconf 75' lang='grc' dir='ltr'>γὰρ</span> <span class='ocrx_word' id='word_1_691' title='bbox 967 4647 1066 4698; x_wconf 78' lang='grc' dir='ltr'>οὐκ</span> <span class='ocrx_word' id='word_1_692' title='bbox 1103 4644 1376 4717; x_wconf 75' lang='grc' dir='ltr'>ἐποίησεν,</span> <span class='ocrx_word' id='word_1_693' title='bbox 1424 4646 1538 4723; x_wconf 79' lang='grc' dir='ltr'>ἀλλ’</span> <span class='ocrx_word' id='word_1_694' title='bbox 1575 4650 1713 4717; x_wconf 82' lang='grc' dir='ltr'>ὑπὲρ</span> <span class='ocrx_word' id='word_1_695' title='bbox 1736 4660 1757 4665; x_wconf 81' lang='lat'><strong>‘</strong></span> 
     </span>
    </p>
   </div>
   <div class='ocr_carea' id='block_1_94' title="bbox 1717 4747 3400 4820">
    <p class='ocr_par' dir='ltr' id='par_1_94' title="bbox 1717 4747 3400 4820">
     <span class='ocr_line' id='line_1_95' title="bbox 1717 4747 3400 4820; baseline -0.007 -16"><span class='ocrx_word' id='word_1_696' title='bbox 1717 4768 1725 4781; x_wconf 72' lang='grc' dir='ltr'><strong>ο</strong></span> <span class='ocrx_word' id='word_1_697' title='bbox 1821 4752 2038 4819; x_wconf 88' lang='lat' dir='ltr'><strong>quidem</strong></span> <span class='ocrx_word' id='word_1_698' title='bbox 2063 4762 2117 4805; x_wconf 87' lang='lat' dir='ltr'><strong>et</strong></span> <span class='ocrx_word' id='word_1_699' title='bbox 2147 4752 2280 4820; x_wconf 80' lang='lat' dir='ltr'><strong>ipse,</strong></span> <span class='ocrx_word' id='word_1_700' title='bbox 2315 4750 2507 4817; x_wconf 84' lang='lat' dir='ltr'><strong>inquit,</strong></span> <span class='ocrx_word' id='word_1_701' title='bbox 2534 4762 2641 4801; x_wconf 92' lang='lat' dir='ltr'><strong>non</strong></span> <span class='ocrx_word' id='word_1_702' title='bbox 2674 4754 2894 4815; x_wconf 86' lang='lat' dir='ltr'><strong>pr0pter</strong></span> <span class='ocrx_word' id='word_1_703' title='bbox 2941 4759 3038 4798; x_wconf 91' lang='lat' dir='ltr'><strong>sua</strong></span> <span class='ocrx_word' id='word_1_704' title='bbox 3095 4755 3287 4810; x_wconf 74' lang='lat' dir='ltr'><strong>passus</strong></span> <span class='ocrx_word' id='word_1_705' title='bbox 3316 4747 3400 4792; x_wconf 71' lang='lat' dir='ltr'><strong>est</strong></span> 
     </span>
    </p>
   </div>
   <div class='ocr_carea' id='block_1_95' title="bbox 139 4740 1144 4809">
    <p class='ocr_par' dir='ltr' id='par_1_95' title="bbox 139 4740 1144 4809">
     <span class='ocr_line' id='line_1_96' title="bbox 139 4740 1144 4809; baseline 0.001 -18"><span class='ocrx_word' id='word_1_706' title='bbox 139 4740 291 4809; x_wconf 63' lang='grc' dir='ltr'>ἡμῶν</span> <span class='ocrx_word' id='word_1_707' title='bbox 327 4742 425 4792; x_wconf 70' lang='grc' dir='ltr'><strong>καὶ</strong></span> <span class='ocrx_word' id='word_1_708' title='bbox 440 4740 550 4791; x_wconf 83' lang='grc' dir='ltr'>τῶν</span> <span class='ocrx_word' id='word_1_709' title='bbox 574 4742 858 4809; x_wconf 77' lang='grc' dir='ltr'>ἡμετέρων</span> <span class='ocrx_word' id='word_1_710' title='bbox 888 4740 1144 4808; x_wconf 71' lang='grc' dir='ltr'>ἔπασχεν.</span> 
     </span>
    </p>
   </div>
   <div class='ocr_carea' id='block_1_96' title="bbox 1822 4648 3397 4730">
    <p class='ocr_par' dir='ltr' id='par_1_96' title="bbox 1822 4648 3397 4730">
     <span class='ocr_line' id='line_1_97' title="bbox 1822 4648 3397 4730; baseline -0.011 -16"><span class='ocrx_word' id='word_1_711' title='bbox 1822 4678 1982 4730; x_wconf 86' lang='lat' dir='ltr'><strong>quam</strong></span> <span class='ocrx_word' id='word_1_712' title='bbox 2042 4661 2378 4730; x_wconf 81' lang='lat' dir='ltr'><strong>respondens</strong></span> <span class='ocrx_word' id='word_1_713' title='bbox 2419 4658 2619 4713; x_wconf 86' lang='lat' dir='ltr'><strong>Christi</strong></span> <span class='ocrx_word' id='word_1_714' title='bbox 2682 4654 3101 4709; x_wconf 83' lang='lat' dir='ltr'><strong>alllictionibus:</strong></span> <span class='ocrx_word' id='word_1_715' title='bbox 3154 4648 3397 4717; x_wconf 82' lang='lat' dir='ltr'><strong>quamlu-</strong></span> 
     </span>
    </p>
   </div>
   <div class='ocr_carea' id='block_1_97' title="bbox 138 4834 2846 4913">
    <p class='ocr_par' dir='ltr' id='par_1_97' title="bbox 138 4834 2846 4913">
     <span class='ocr_line' id='line_1_98' title="bbox 138 4834 2846 4913; baseline 0.002 -27"><span class='ocrx_word' id='word_1_716' title='bbox 138 4843 395 4901; x_wconf 82' lang='lat' dir='ltr'><strong>peccata:</strong></span> <span class='ocrx_word' id='word_1_717' title='bbox 442 4848 567 4885; x_wconf 90' lang='lat' dir='ltr'><strong>nam</strong></span> <span class='ocrx_word' id='word_1_718' title='bbox 596 4842 875 4899; x_wconf 86' lang='lat' dir='ltr'><strong>peccatum</strong></span> <span class='ocrx_word' id='word_1_719' title='bbox 926 4850 1033 4886; x_wconf 87' lang='lat' dir='ltr'><strong>non</strong></span> <span class='ocrx_word' id='word_1_720' title='bbox 1096 4834 1242 4897; x_wconf 78' lang='lat' dir='ltr'><strong>iecit,</strong></span> <span class='ocrx_word' id='word_1_721' title='bbox 1270 4834 1426 4905; x_wconf 84' lang='lat'><strong>503</strong></span> <span class='ocrx_word' id='word_1_722' title='bbox 1462 4836 1555 4890; x_wconf 87' lang='lat' dir='ltr'><strong>sed</strong></span> <span class='ocrx_word' id='word_1_723' title='bbox 1594 4854 1691 4905; x_wconf 89' lang='lat' dir='ltr'><strong>pro</strong></span> <span class='ocrx_word' id='word_1_724' title='bbox 1746 4845 1907 4898; x_wconf 78' lang='lat' dir='ltr'><strong>nobis</strong></span> <span class='ocrx_word' id='word_1_725' title='bbox 1946 4846 2254 4913; x_wconf 84' lang='lat' dir='ltr'><strong>nostrisque</strong></span> <span class='ocrx_word' id='word_1_726' title='bbox 2285 4843 2497 4897; x_wconf 81' lang='lat' dir='ltr'><strong>delictis</strong></span> <span class='ocrx_word' id='word_1_727' title='bbox 2522 4854 2717 4910; x_wconf 84' lang='lat' dir='ltr'><strong>passus</strong></span> <span class='ocrx_word' id='word_1_728' title='bbox 2740 4847 2846 4893; x_wconf 89' lang='lat' dir='ltr'><strong>est.</strong></span> 
     </span>
    </p>
   </div>
   <div class='ocr_carea' id='block_1_98' title="bbox 217 4924 1719 4995">
    <p class='ocr_par' dir='ltr' id='par_1_98' title="bbox 217 4924 1719 4995">
     <span class='ocr_line' id='line_1_99' title="bbox 217 4924 1719 4995; baseline 0.002 -18"><span class='ocrx_word' id='word_1_729' title='bbox 217 4925 353 4977; x_wconf 74' lang='grc' dir='ltr'><strong>Ἀπὸ</strong></span> <span class='ocrx_word' id='word_1_730' title='bbox 417 4925 528 4975; x_wconf 82' lang='grc' dir='ltr'>τῶν</span> <span class='ocrx_word' id='word_1_731' title='bbox 579 4925 820 4992; x_wconf 72' lang='grc' dir='ltr'>ἀνομιῶν</span> <span class='ocrx_word' id='word_1_732' title='bbox 851 4924 945 4975; x_wconf 72' lang='grc' dir='ltr'><strong>τοῦ</strong></span> <span class='ocrx_word' id='word_1_733' title='bbox 1004 4925 1132 4977; x_wconf 76' lang='grc' dir='ltr'>λαοῦ</span> <span class='ocrx_word' id='word_1_734' title='bbox 1173 4942 1296 4993; x_wconf 85' lang='grc' dir='ltr'>μου,</span> <span class='ocrx_word' id='word_1_735' title='bbox 1330 4927 1447 4995; x_wconf 68' lang='grc' dir='ltr'>ἢτοι</span> <span class='ocrx_word' id='word_1_736' title='bbox 1483 4927 1571 4979; x_wconf 83' lang='grc' dir='ltr'><strong>διὰ</strong></span> <span class='ocrx_word' id='word_1_737' title='bbox 1621 4930 1719 4991; x_wconf 70' lang='grc' dir='ltr'>τὰς</span> 
     </span>
    </p>
   </div>
   <div class='ocr_carea' id='block_1_99' title="bbox 140 5011 1720 5089">
    <p class='ocr_par' dir='ltr' id='par_1_99' title="bbox 140 5011 1720 5089">
     <span class='ocr_line' id='line_1_100' title="bbox 140 5011 1720 5089; baseline 0.004 -24"><span class='ocrx_word' id='word_1_738' title='bbox 140 5014 367 5079; x_wconf 76' lang='grc' dir='ltr'>ἀνομίας</span> <span class='ocrx_word' id='word_1_739' title='bbox 406 5011 503 5063; x_wconf 77' lang='grc' dir='ltr'>τοῦ</span> <span class='ocrx_word' id='word_1_740' title='bbox 555 5011 705 5075; x_wconf 80' lang='grc' dir='ltr'>λαοῦ,</span> <span class='ocrx_word' id='word_1_741' title='bbox 740 5012 880 5082; x_wconf 67' lang='grc' dir='ltr'><strong>ἤχθη</strong></span> <span class='ocrx_word' id='word_1_742' title='bbox 928 5017 1005 5075; x_wconf 79' lang='grc' dir='ltr'>εἰς</span> <span class='ocrx_word' id='word_1_743' title='bbox 1040 5013 1290 5076; x_wconf 80' lang='grc' dir='ltr'>Θάνατον,</span> <span class='ocrx_word' id='word_1_744' title='bbox 1323 5017 1484 5085; x_wconf 77' lang='grc' dir='ltr'>φησὶν</span> <span class='ocrx_word' id='word_1_745' title='bbox 1532 5020 1559 5069; x_wconf 89' lang='lat'><strong>6</strong></span> <span class='ocrx_word' id='word_1_746' title='bbox 1591 5036 1720 5089; x_wconf 82' lang='grc' dir='ltr'>προ-</span> 
     </span>
    </p>
   </div>
   <div class='ocr_carea' id='block_1_100' title="bbox 141 5103 1715 5175">
    <p class='ocr_par' dir='ltr' id='par_1_100' title="bbox 141 5103 1715 5175">
     <span class='ocr_line' id='line_1_101' title="bbox 141 5103 1715 5175; baseline 0.004 -18"><span class='ocrx_word' id='word_1_747' title='bbox 141 5109 333 5173; x_wconf 77' lang='grc' dir='ltr'>φήτης.</span> <span class='ocrx_word' id='word_1_748' title='bbox 375 5103 694 5156; x_wconf 81' lang='grc' dir='ltr'>Ἐπαινετὸν</span> <span class='ocrx_word' id='word_1_749' title='bbox 727 5105 825 5172; x_wconf 84' lang='grc' dir='ltr'>μὲν</span> <span class='ocrx_word' id='word_1_750' title='bbox 841 5104 933 5156; x_wconf 75' lang='grc' dir='ltr'><strong>οὖν</strong></span> <span class='ocrx_word' id='word_1_751' title='bbox 956 5104 1146 5157; x_wconf 78' lang='grc' dir='ltr'>τοῦτον</span> <span class='ocrx_word' id='word_1_752' title='bbox 1168 5106 1258 5157; x_wconf 78' lang='grc' dir='ltr'><strong>τὸν</strong></span> <span class='ocrx_word' id='word_1_753' title='bbox 1290 5108 1456 5175; x_wconf 81' lang='grc' dir='ltr'>φόϐον</span> <span class='ocrx_word' id='word_1_754' title='bbox 1486 5109 1715 5165; x_wconf 83' lang='grc' dir='ltr'>τίθεται.</span> 
     </span>
    </p>
   </div>
   <div class='ocr_carea' id='block_1_101' title="bbox 150 5195 1718 5269">
    <p class='ocr_par' dir='ltr' id='par_1_101' title="bbox 150 5195 1718 5269">
     <span class='ocr_line' id='line_1_102' title="bbox 150 5195 1718 5269; baseline 0.003 -21"><span class='ocrx_word' id='word_1_755' title='bbox 150 5196 309 5249; x_wconf 73' lang='grc' dir='ltr'>Ἀλλὰ</span> <span class='ocrx_word' id='word_1_756' title='bbox 336 5196 447 5264; x_wconf 75' lang='grc' dir='ltr'><strong>μὴν</strong></span> <span class='ocrx_word' id='word_1_757' title='bbox 479 5195 573 5246; x_wconf 69' lang='grc' dir='ltr'>καὶ</span> <span class='ocrx_word' id='word_1_758' title='bbox 596 5197 709 5256; x_wconf 88' lang='grc' dir='ltr'>τοῖς</span> <span class='ocrx_word' id='word_1_759' title='bbox 752 5195 932 5257; x_wconf 75' lang='grc' dir='ltr'>ἄλλοις</span> <span class='ocrx_word' id='word_1_760' title='bbox 970 5197 1155 5263; x_wconf 77' lang='grc' dir='ltr'>φόϐοις</span> <span class='ocrx_word' id='word_1_761' title='bbox 1183 5199 1310 5261; x_wconf 76' lang='grc' dir='ltr'>τοὺς</span> <span class='ocrx_word' id='word_1_762' title='bbox 1337 5199 1560 5263; x_wconf 82' lang='grc' dir='ltr'>δούλους</span> <span class='ocrx_word' id='word_1_763' title='bbox 1596 5200 1718 5269; x_wconf 81' lang='grc' dir='ltr'><strong>βού-</strong></span> 
     </span>
    </p>
   </div>
   <div class='ocr_carea' id='block_1_102' title="bbox 138 5284 1717 5361">
    <p class='ocr_par' dir='ltr' id='par_1_102' title="bbox 138 5284 1717 5361">
     <span class='ocr_line' id='line_1_103' title="bbox 138 5284 1717 5361; baseline 0.004 -22"><span class='ocrx_word' id='word_1_764' title='bbox 138 5290 283 5341; x_wconf 80' lang='grc' dir='ltr'>λεται</span> <span class='ocrx_word' id='word_1_765' title='bbox 322 5290 789 5357; x_wconf 78' lang='grc' dir='ltr'>περικροτεῐσῦαι.</span> <span class='ocrx_word' id='word_1_766' title='bbox 825 5289 931 5341; x_wconf 78' lang='grc' dir='ltr'>Καὶ</span> <span class='ocrx_word' id='word_1_767' title='bbox 973 5288 1129 5357; x_wconf 79' lang='grc' dir='ltr'>δῆλον</span> <span class='ocrx_word' id='word_1_768' title='bbox 1169 5290 1263 5356; x_wconf 83' lang='grc' dir='ltr'><strong>ἀφ’</strong></span> <span class='ocrx_word' id='word_1_769' title='bbox 1290 5284 1366 5343; x_wconf 84' lang='grc' dir='ltr'>ὧν</span> <span class='ocrx_word' id='word_1_770' title='bbox 1401 5309 1585 5361; x_wconf 87' lang='grc' dir='ltr'>φησιν,</span> <span class='ocrx_word' id='word_1_771' title='bbox 1633 5294 1717 5345; x_wconf 70' lang='grc' dir='ltr'>Ἐν</span> 
     </span>
    </p>
   </div>
   <div class='ocr_carea' id='block_1_103' title="bbox 142 5378 1718 5448">
    <p class='ocr_par' dir='ltr' id='par_1_103' title="bbox 142 5378 1718 5448">
     <span class='ocr_line' id='line_1_104' title="bbox 142 5378 1718 5448; baseline 0.004 -17"><span class='ocrx_word' id='word_1_772' title='bbox 142 5384 297 5433; x_wconf 71' lang='grc' dir='ltr'>παντὶ</span> <span class='ocrx_word' id='word_1_773' title='bbox 332 5378 507 5447; x_wconf 78' lang='grc' dir='ltr'>φόϐῳ.</span> <span class='ocrx_word' id='word_1_774' title='bbox 558 5379 885 5448; x_wconf 80' lang='grc' dir='ltr'>’Υπερφυῶς</span> <span class='ocrx_word' id='word_1_775' title='bbox 951 5381 1007 5433; x_wconf 81' lang='grc' dir='ltr'>δὲ</span> <span class='ocrx_word' id='word_1_776' title='bbox 1067 5382 1331 5447; x_wconf 73' lang='grc' dir='ltr'>ἀντέθηκε</span> <span class='ocrx_word' id='word_1_777' title='bbox 1384 5387 1495 5444; x_wconf 84' lang='grc' dir='ltr'>τοῖς</span> <span class='ocrx_word' id='word_1_778' title='bbox 1540 5385 1718 5448; x_wconf 84' lang='grc' dir='ltr'>ἄλλοις</span> 
     </span>
    </p>
   </div>
   <div class='ocr_carea' id='block_1_104' title="bbox 137 5468 1715 5542">
    <p class='ocr_par' dir='ltr' id='par_1_104' title="bbox 137 5468 1715 5542">
     <span class='ocr_line' id='line_1_105' title="bbox 137 5468 1715 5542; baseline 0.004 -20"><span class='ocrx_word' id='word_1_779' title='bbox 137 5469 317 5535; x_wconf 75' lang='grc' dir='ltr'>φόϐοις</span> <span class='ocrx_word' id='word_1_780' title='bbox 350 5470 444 5520; x_wconf 63' lang='grc' dir='ltr'><strong>τον</strong></span> <span class='ocrx_word' id='word_1_781' title='bbox 474 5468 563 5521; x_wconf 67' lang='grc' dir='ltr'><strong>διὰ</strong></span> <span class='ocrx_word' id='word_1_782' title='bbox 612 5469 919 5539; x_wconf 81' lang='grc' dir='ltr'>συνείδησιν</span> <span class='ocrx_word' id='word_1_783' title='bbox 954 5471 1139 5539; x_wconf 69' lang='grc' dir='ltr'>φόϐον,</span> <span class='ocrx_word' id='word_1_784' title='bbox 1197 5474 1292 5526; x_wconf 72' lang='grc' dir='ltr'><strong>καὶ</strong></span> <span class='ocrx_word' id='word_1_785' title='bbox 1334 5474 1498 5542; x_wconf 78' lang='grc' dir='ltr'>μόνον</span> <span class='ocrx_word' id='word_1_786' title='bbox 1526 5476 1715 5528; x_wconf 75' lang='grc' dir='ltr'>τούτου</span> 
     </span>
    </p>
   </div>
   <div class='ocr_carea' id='block_1_105' title="bbox 136 5558 1712 5637">
    <p class='ocr_par' dir='ltr' id='par_1_105' title="bbox 136 5558 1712 5637">
     <span class='ocr_line' id='line_1_106' title="bbox 136 5558 1712 5637; baseline 0.003 -26"><span class='ocrx_word' id='word_1_787' title='bbox 136 5559 272 5613; x_wconf 73' lang='grc' dir='ltr'>εἰναι</span> <span class='ocrx_word' id='word_1_788' title='bbox 322 5560 382 5612; x_wconf 71' lang='grc' dir='ltr'>τὸ</span> <span class='ocrx_word' id='word_1_789' title='bbox 410 5558 747 5623; x_wconf 76' lang='grc' dir='ltr'>ἀξιέπαινον,</span> <span class='ocrx_word' id='word_1_790' title='bbox 802 5562 1155 5633; x_wconf 83' lang='grc' dir='ltr'>ἀληθεστάτῳ</span> <span class='ocrx_word' id='word_1_791' title='bbox 1199 5565 1519 5637; x_wconf 80' lang='grc' dir='ltr'>ἁπεφηνατο</span> <span class='ocrx_word' id='word_1_792' title='bbox 1548 5568 1712 5637; x_wconf 72' lang='grc' dir='ltr'>λόγῳ,</span> 
     </span>
    </p>
   </div>
   <div class='ocr_carea' id='block_1_106' title="bbox 138 5650 1713 5725">
    <p class='ocr_par' dir='ltr' id='par_1_106' title="bbox 138 5650 1713 5725">
     <span class='ocr_line' id='line_1_107' title="bbox 138 5650 1713 5725; baseline 0.015 -32"><span class='ocrx_word' id='word_1_793' title='bbox 138 5650 208 5713; x_wconf 68' lang='grc' dir='ltr'>ὡς</span> <span class='ocrx_word' id='word_1_794' title='bbox 231 5650 341 5704; x_wconf 75' lang='grc' dir='ltr'>τῶν</span> <span class='ocrx_word' id='word_1_795' title='bbox 375 5650 475 5720; x_wconf 68' lang='grc' dir='ltr'><strong>μιν</strong></span> <span class='ocrx_word' id='word_1_796' title='bbox 512 5650 743 5720; x_wconf 76' lang='grc' dir='ltr'>ἐχόντων</span> <span class='ocrx_word' id='word_1_797' title='bbox 768 5652 829 5705; x_wconf 83' lang='grc' dir='ltr'>τὸ</span> <span class='ocrx_word' id='word_1_798' title='bbox 851 5654 1139 5722; x_wconf 74' lang='grc' dir='ltr'>παραίτιον</span> <span class='ocrx_word' id='word_1_799' title='bbox 1168 5656 1266 5725; x_wconf 78' lang='grc' dir='ltr'>τῆς</span> <span class='ocrx_word' id='word_1_800' title='bbox 1295 5658 1402 5710; x_wconf 83' lang='grc' dir='ltr'><strong>τῶν</strong></span> <span class='ocrx_word' id='word_1_801' title='bbox 1430 5658 1713 5716; x_wconf 84' lang='grc' dir='ltr'>δεσποτῶν</span> 
     </span>
    </p>
   </div>
   <div class='ocr_carea' id='block_1_107' title="bbox 242 5828 1466 5903">
    <p class='ocr_par' dir='ltr' id='par_1_107' title="bbox 242 5828 1466 5903">
     <span class='ocr_line' id='line_1_108' title="bbox 242 5828 1466 5903; baseline 0.002 -17"><span class='ocrx_word' id='word_1_802' title='bbox 242 5829 289 5863; x_wconf 68' lang='grc'><strong>⁸⁵</strong></span> <span class='ocrx_word' id='word_1_803' title='bbox 320 5828 572 5893; x_wconf 84' lang='lat' dir='ltr'><strong>Luc.vtt,</strong></span> <span class='ocrx_word' id='word_1_804' title='bbox 614 5830 682 5885; x_wconf 81' lang='grc'><strong>57</strong></span> <span class='ocrx_word' id='word_1_805' title='bbox 712 5847 864 5903; x_wconf 84' lang='lat' dir='ltr'><strong>seqq.</strong></span> <span class='ocrx_word' id='word_1_806' title='bbox 1018 5834 1059 5864; x_wconf 81' lang='lat'><strong>&quot;‘</strong></span> <span class='ocrx_word' id='word_1_807' title='bbox 1117 5834 1214 5888; x_wconf 75' lang='lat' dir='ltr'><strong>lsa.</strong></span> <span class='ocrx_word' id='word_1_808' title='bbox 1264 5850 1378 5899; x_wconf 71' lang='lat' dir='ltr'><strong>uti,</strong></span> 
     </span>
    </p>
   </div>
   <div class='ocr_carea' id='block_1_108' title="bbox 1900 4919 3400 5001">
    <p class='ocr_par' dir='ltr' id='par_1_108' title="bbox 1900 4919 3400 5001">
     <span class='ocr_line' id='line_1_109' title="bbox 1900 4919 3400 5001; baseline -0.011 -14"><span class='ocrx_word' id='word_1_809' title='bbox 1900 4935 1982 4987; x_wconf 81' lang='lat' dir='ltr'><strong>Ab</strong></span> <span class='ocrx_word' id='word_1_810' title='bbox 2012 4934 2388 5001; x_wconf 83' lang='lat' dir='ltr'><strong>iniquitatibus</strong></span> <span class='ocrx_word' id='word_1_811' title='bbox 2418 4931 2597 5000; x_wconf 87' lang='lat' dir='ltr'><strong>populi</strong></span> <span class='ocrx_word' id='word_1_812' title='bbox 2631 4932 2758 4992; x_wconf 89' lang='lat' dir='ltr'><strong>mei,</strong></span> <span class='ocrx_word' id='word_1_813' title='bbox 2797 4928 2913 4982; x_wconf 84' lang='lat' dir='ltr'><strong>sive</strong></span> <span class='ocrx_word' id='word_1_814' title='bbox 2950 4933 3174 4994; x_wconf 87' lang='lat' dir='ltr'><strong>propter</strong></span> <span class='ocrx_word' id='word_1_815' title='bbox 3203 4919 3400 4988; x_wconf 89' lang='lat' dir='ltr'><strong>iniqui-</strong></span> 
     </span>
    </p>
   </div>
   <div class='ocr_carea' id='block_1_109' title="bbox 1826 5012 3397 5094">
    <p class='ocr_par' dir='ltr' id='par_1_109' title="bbox 1826 5012 3397 5094">
     <span class='ocr_line' id='line_1_110' title="bbox 1826 5012 3397 5094; baseline -0.007 -18"><span class='ocrx_word' id='word_1_816' title='bbox 1826 5033 1963 5078; x_wconf 89' lang='lat' dir='ltr'><strong>tates</strong></span> <span class='ocrx_word' id='word_1_817' title='bbox 2000 5026 2181 5094; x_wconf 87' lang='lat' dir='ltr'><strong>populi</strong></span> <span class='ocrx_word' id='word_1_818' title='bbox 2206 5025 2406 5078; x_wconf 87' lang='lat' dir='ltr'><strong>ductus</strong></span> <span class='ocrx_word' id='word_1_819' title='bbox 2433 5022 2601 5077; x_wconf 90' lang='lat' dir='ltr'><strong>estad</strong></span> <span class='ocrx_word' id='word_1_820' title='bbox 2634 5030 2887 5075; x_wconf 88' lang='lat' dir='ltr'><strong>mortem.</strong></span> <span class='ocrx_word' id='word_1_821' title='bbox 2918 5019 2993 5070; x_wconf 85' lang='lat' dir='ltr'><strong>ait</strong></span> <span class='ocrx_word' id='word_1_822' title='bbox 3041 5015 3300 5083; x_wconf 76' lang='lat' dir='ltr'><strong>propheta</strong></span> <span class='ocrx_word' id='word_1_823' title='bbox 3328 5012 3397 5076; x_wconf 88' lang='grc'><strong>³³,</strong></span> 
     </span>
    </p>
   </div>
   <div class='ocr_carea' id='block_1_110' title="bbox 1825 5102 3405 5187">
    <p class='ocr_par' dir='ltr' id='par_1_110' title="bbox 1825 5102 3405 5187">
     <span class='ocr_line' id='line_1_111' title="bbox 1825 5102 3405 5187; baseline -0.008 -17"><span class='ocrx_word' id='word_1_824' title='bbox 1825 5118 1979 5173; x_wconf 72' lang='lat' dir='ltr'><strong>Illinc</strong></span> <span class='ocrx_word' id='word_1_825' title='bbox 2028 5119 2208 5187; x_wconf 87' lang='lat' dir='ltr'><strong>itaque</strong></span> <span class='ocrx_word' id='word_1_826' title='bbox 2244 5115 2736 5170; x_wconf 85' lang='lat' dir='ltr'><strong>commendandum</strong></span> <span class='ocrx_word' id='word_1_827' title='bbox 2792 5111 2944 5180; x_wconf 91' lang='lat' dir='ltr'><strong>ponit</strong></span> <span class='ocrx_word' id='word_1_828' title='bbox 2986 5110 3261 5161; x_wconf 87' lang='lat' dir='ltr'><strong>timorem.</strong></span> <span class='ocrx_word' id='word_1_829' title='bbox 3300 5102 3405 5157; x_wconf 75' lang='lat' dir='ltr'><strong>Ve-</strong></span> 
     </span>
    </p>
   </div>
   <div class='ocr_carea' id='block_1_111' title="bbox 1829 5196 3397 5278">
    <p class='ocr_par' dir='ltr' id='par_1_111' title="bbox 1829 5196 3397 5278">
     <span class='ocr_line' id='line_1_112' title="bbox 1829 5196 3397 5278; baseline -0.01 -16"><span class='ocrx_word' id='word_1_830' title='bbox 1829 5226 1947 5262; x_wconf 89' lang='lat' dir='ltr'><strong>rum</strong></span> <span class='ocrx_word' id='word_1_831' title='bbox 1998 5210 2119 5263; x_wconf 88' lang='lat' dir='ltr'><strong>aliis</strong></span> <span class='ocrx_word' id='word_1_832' title='bbox 2152 5223 2368 5278; x_wconf 89' lang='lat' dir='ltr'><strong>quoque</strong></span> <span class='ocrx_word' id='word_1_833' title='bbox 2421 5207 2707 5260; x_wconf 89' lang='lat' dir='ltr'><strong>timoribus</strong></span> <span class='ocrx_word' id='word_1_834' title='bbox 2739 5217 2926 5257; x_wconf 87' lang='lat' dir='ltr'><strong>servos</strong></span> <span class='ocrx_word' id='word_1_835' title='bbox 2976 5199 3091 5251; x_wconf 82' lang='lat' dir='ltr'><strong>vult</strong></span> <span class='ocrx_word' id='word_1_836' title='bbox 3123 5196 3343 5252; x_wconf 81' lang='lat' dir='ltr'><strong>retineri</strong></span> <span class='ocrx_word' id='word_1_837' title='bbox 3384 5213 3397 5248; x_wconf 89' lang='lat'><strong>:</strong></span> 
     </span>
    </p>
   </div>
   <div class='ocr_carea' id='block_1_112' title="bbox 1823 5284 3396 5370">
    <p class='ocr_par' dir='ltr' id='par_1_112' title="bbox 1823 5284 3396 5370">
     <span class='ocr_line' id='line_1_113' title="bbox 1823 5284 3396 5370; baseline -0.009 -17"><span class='ocrx_word' id='word_1_838' title='bbox 1823 5302 1968 5370; x_wconf 89' lang='lat' dir='ltr'><strong>quod</strong></span> <span class='ocrx_word' id='word_1_839' title='bbox 1993 5302 2334 5355; x_wconf 81' lang='lat' dir='ltr'><strong>manifestum</strong></span> <span class='ocrx_word' id='word_1_840' title='bbox 2366 5309 2449 5355; x_wconf 91' lang='lat' dir='ltr'><strong>est</strong></span> <span class='ocrx_word' id='word_1_841' title='bbox 2483 5315 2547 5352; x_wconf 81' lang='lat' dir='ltr'><strong>ex</strong></span> <span class='ocrx_word' id='word_1_842' title='bbox 2575 5313 2639 5351; x_wconf 91' lang='lat' dir='ltr'><strong>eo</strong></span> <span class='ocrx_word' id='word_1_843' title='bbox 2679 5295 2823 5366; x_wconf 88' lang='lat' dir='ltr'><strong>quod</strong></span> <span class='ocrx_word' id='word_1_844' title='bbox 2857 5293 2990 5349; x_wconf 84' lang='lat' dir='ltr'><strong>dicit</strong></span> <span class='ocrx_word' id='word_1_845' title='bbox 3028 5310 3040 5344; x_wconf 90' lang='lat'><strong>:</strong></span> <span class='ocrx_word' id='word_1_846' title='bbox 3081 5289 3215 5344; x_wconf 87' lang='lat' dir='ltr'><strong>Cum</strong></span> <span class='ocrx_word' id='word_1_847' title='bbox 3248 5284 3396 5340; x_wconf 85' lang='lat' dir='ltr'><strong>omni</strong></span> 
     </span>
    </p>
   </div>
   <div class='ocr_carea' id='block_1_113' title="bbox 1826 5380 3399 5446">
    <p class='ocr_par' dir='ltr' id='par_1_113' title="bbox 1826 5380 3399 5446">
     <span class='ocr_line' id='line_1_114' title="bbox 1826 5380 3399 5446; baseline -0.01 0"><span class='ocrx_word' id='word_1_848' title='bbox 1826 5393 2039 5446; x_wconf 90' lang='lat' dir='ltr'><strong>timore.</strong></span> <span class='ocrx_word' id='word_1_849' title='bbox 2080 5394 2401 5446; x_wconf 83' lang='lat' dir='ltr'><strong>Itectissime</strong></span> <span class='ocrx_word' id='word_1_850' title='bbox 2428 5400 2607 5444; x_wconf 91' lang='lat' dir='ltr'><strong>autem</strong></span> <span class='ocrx_word' id='word_1_851' title='bbox 2634 5399 2688 5442; x_wconf 84' lang='lat' dir='ltr'><strong>et</strong></span> <span class='ocrx_word' id='word_1_852' title='bbox 2715 5387 2849 5441; x_wconf 88' lang='lat' dir='ltr'><strong>scite</strong></span> <span class='ocrx_word' id='word_1_853' title='bbox 2879 5383 3090 5437; x_wconf 70' lang='lat' dir='ltr'><strong>cmteris</strong></span> <span class='ocrx_word' id='word_1_854' title='bbox 3112 5380 3399 5433; x_wconf 84' lang='lat' dir='ltr'><strong>timoribus</strong></span> 
     </span>
    </p>
   </div>
   <div class='ocr_carea' id='block_1_114' title="bbox 1826 5470 3397 5551">
    <p class='ocr_par' dir='ltr' id='par_1_114' title="bbox 1826 5470 3397 5551">
     <span class='ocr_line' id='line_1_115' title="bbox 1826 5470 3397 5551; baseline -0.013 -15"><span class='ocrx_word' id='word_1_855' title='bbox 1826 5482 2120 5551; x_wconf 65' lang='lat' dir='ltr'><strong>pra‘posuit</strong></span> <span class='ocrx_word' id='word_1_856' title='bbox 2151 5485 2401 5536; x_wconf 87' lang='lat' dir='ltr'><strong>timorem</strong></span> <span class='ocrx_word' id='word_1_857' title='bbox 2431 5482 2624 5548; x_wconf 81' lang='lat' dir='ltr'><strong>quiest</strong></span> <span class='ocrx_word' id='word_1_858' title='bbox 2655 5486 2873 5547; x_wconf 88' lang='lat' dir='ltr'><strong>propter</strong></span> <span class='ocrx_word' id='word_1_859' title='bbox 2901 5470 3314 5532; x_wconf 79' lang='lat' dir='ltr'><strong>conscientiam,</strong></span> <span class='ocrx_word' id='word_1_860' title='bbox 3341 5475 3397 5519; x_wconf 89' lang='lat' dir='ltr'><strong>et</strong></span> 
     </span>
    </p>
   </div>
   <div class='ocr_carea' id='block_1_115' title="bbox 1823 5562 3396 5638">
    <p class='ocr_par' dir='ltr' id='par_1_115' title="bbox 1823 5562 3396 5638">
     <span class='ocr_line' id='line_1_116' title="bbox 1823 5562 3396 5638; baseline -0.01 -15"><span class='ocrx_word' id='word_1_861' title='bbox 1823 5571 1997 5623; x_wconf 87' lang='lat' dir='ltr'><strong>solum</strong></span> <span class='ocrx_word' id='word_1_862' title='bbox 2029 5571 2173 5623; x_wconf 91' lang='lat' dir='ltr'><strong>hunc</strong></span> <span class='ocrx_word' id='word_1_863' title='bbox 2198 5586 2317 5624; x_wconf 86' lang='lat' dir='ltr'><strong>esse</strong></span> <span class='ocrx_word' id='word_1_864' title='bbox 2344 5569 2502 5623; x_wconf 90' lang='lat' dir='ltr'><strong>laude</strong></span> <span class='ocrx_word' id='word_1_865' title='bbox 2528 5568 2751 5638; x_wconf 74' lang='lat' dir='ltr'><strong>dignum</strong></span> <span class='ocrx_word' id='word_1_866' title='bbox 2799 5562 3085 5618; x_wconf 81' lang='lat' dir='ltr'><strong>verissimo</strong></span> <span class='ocrx_word' id='word_1_867' title='bbox 3144 5570 3396 5611; x_wconf 79' lang='lat' dir='ltr'><strong>sermone</strong></span> 
     </span>
    </p>
   </div>
   <div class='ocr_carea' id='block_1_116' title="bbox 1823 5648 3391 5731">
    <p class='ocr_par' dir='ltr' id='par_1_116' title="bbox 1823 5648 3391 5731">
     <span class='ocr_line' id='line_1_117' title="bbox 1823 5648 3391 5731; baseline -0.01 -14"><span class='ocrx_word' id='word_1_868' title='bbox 1823 5662 2234 5729; x_wconf 86' lang='lat' dir='ltr'><strong>demonstravit,</strong></span> <span class='ocrx_word' id='word_1_869' title='bbox 2286 5664 2429 5731; x_wconf 70' lang='lat' dir='ltr'><strong>quod</strong></span> <span class='ocrx_word' id='word_1_870' title='bbox 2474 5660 2546 5713; x_wconf 88' lang='lat' dir='ltr'><strong>illi</strong></span> <span class='ocrx_word' id='word_1_871' title='bbox 2593 5657 2814 5729; x_wconf 90' lang='lat' dir='ltr'><strong>quidem</strong></span> <span class='ocrx_word' id='word_1_872' title='bbox 2871 5667 3091 5709; x_wconf 88' lang='lat' dir='ltr'><strong>causam</strong></span> <span class='ocrx_word' id='word_1_873' title='bbox 3155 5648 3391 5702; x_wconf 86' lang='lat' dir='ltr'><strong>habeant</strong></span> 
     </span>
    </p>
   </div>
  </div>
