4178 6454
726 435 827 504 δι’]

727 559 950 604 matres.
1003 542 1320 614 506Cqu
1375 539 1608 592 honesto
1665 547 1795 586 vero
1852 539 1907 583 et
1961 522 2299 580 Christianas
2331 519 2372 572 Α

728 641 958 694 decente
993 611 1161 696 cultu,
1197 630 1452 684 admonet
1481 640 1697 694 quoque
1744 622 1887 688 ipsas
1910 625 1969 671 ut
1999 611 2307 666 misericor-

728 732 828 786 des
856 731 984 790 sint,
1012 725 1151 780 nihil
1177 740 1240 796 ex
1272 737 1337 775 eo
1371 720 1554 773 veritze
1582 729 1802 770 suorum
1835 710 2076 763 virorum
2110 703 2260 757 calcu
2285 727 2305 737 -

732 822 1006 877 lationem.
1051 793 1188 869 Nam
1219 815 1322 867 hoc
1351 811 1550 864 indicat
1576 805 1730 863 illud,
1763 801 1881 855 Non
1915 799 2170 850 timentes
2202 790 2308 843 ullo

731 900 1262 976 pavoreNerisimile
1279 899 1422 952 enim
1445 909 1559 950 erat
1576 893 1716 961 quod
1738 889 1834 942 viri
1856 886 2128 940 interdum
2166 895 2312 948 repe-

733 975 923 1049 tebant
947 995 1211 1045 rationem
1236 996 1571 1056 sumptuum.
1593 981 1701 1034 Hoc
1731 981 1890 1032 modo
1906 975 2183 1030 sublevate
2200 985 2316 1022 ser-

734 1101 917 1149 mone,
941 1083 1029 1136 ubi
1058 1079 1340 1135 muliebris
1361 1091 1517 1130 sexus
1541 1073 1855 1143 parcitatem
1877 1085 1938 1121 ac
1960 1062 2317 1136 pusillanuni-

734 1185 901 1230 tatem
921 1174 1238 1227 exhortatus
1255 1178 1356 1229 est.
1379 1179 1437 1221 ut
1452 1165 1726 1219 liberalius
1751 1177 1807 1215 se
1829 1161 2060 1213 habeant
2077 1172 2196 1224 erga
2217 1154 2316 1207 do-

733 1266 1019 1322 mesticos:
1043 1263 1346 1333 comprimit
1365 1261 1526 1313 etiam
1548 1259 1784 1310 virorum
1808 1253 2176 1306 austeritatem
2194 1261 2316 1314 erga

730 1372 866 1410 suas
887 1357 1167 1422 coniuges,
1186 1361 1238 1405 et
1267 1353 1342 1403 ait
1363 1369 1372 1401 :
1393 1348 1502 1401 Viri
1527 1347 1579 1399 in
1598 1344 1904 1414 cognitione
1925 1340 2316 1399 cohabitantes,

743 1448 849 1500 hoc
899 1453 1002 1506 est,
1044 1441 1425 1511 experimento
1466 1438 1740 1491 diseentcs
1782 1432 2073 1485 femineam
2123 1425 2316 1479 levita-

741 1545 850 1590 tem
888 1545 938 1588 et
982 1533 1289 1588 vecordiam
1345 1530 1396 1582 in
1444 1527 1699 1582 omnibus
1742 1540 1805 1576 ac
1841 1520 2208 1574 lubricitatem
2263 1513 2317 1566 in

741 1624 1218 1698 pusillanimitate,
1285 1620 1557 1684 patientes
1620 1625 1794 1669 estote
1848 1626 1973 1680 erga
2022 1609 2159 1670 illas,
2210 1620 2319 1658 non

739 1730 935 1774 exacte
977 1719 1241 1770 rationem
1275 1720 1586 1780 repetentes
1625 1721 1813 1760 eorum
1841 1720 1959 1772 quie
1987 1703 2131 1755 circa
2157 1698 2316 1753 fami-

742 1811 870 1863 liam
906 1809 1098 1860 tradita
1142 1806 1246 1857 illis
1277 1813 1434 1856 erant
1487 1801 1540 1852 in
1591 1797 1916 1853 custodiam.
1962 1792 2074 1846 Hoc
2119 1801 2318 1850 autem,

744 1911 805 1955 ut
835 1901 1090 1958 diximus.
1127 1912 1234 1966 quo
1257 1894 1541 1947 liberalius
1571 1896 1922 1960 perseverent
1953 1887 2004 1939 in
2043 1883 2318 1953 largiendo

747 2011 873 2064 erga
905 2006 1190 2062 pauperes.
1222 1990 1479 2041 admonet
1512 1986 1677 2046 viros,
1709 1999 1778 2034 ne
1828 1981 1937 2034 sint
1987 1979 2165 2031 exacti
2210 1976 2321 2030 dis-

749 2083 1061 2151 quisitores.
1100 2078 1226 2130 Mihi
1281 2085 1464 2129 tamen
1490 2072 1814 2143 profundius
1868 2069 2071 2138 aliquid
2107 2068 2324 2121 videtur

753 2189 851 2243 per
883 2173 983 2226 hoc
1043 2172 1325 2233 inducere,
1361 2178 1414 2220 ct
1466 2167 1748 2220 venustius
1789 2180 1852 2217 ae
1915 2162 2113 2215 castius
2160 2174 2322 2227 quam

749 2263 951 2315 Paulus
982 2259 1210 2312 innuere
1239 2258 1306 2310 de
1337 2263 1462 2309 actu
1495 2255 1785 2323 conjugali.
1816 2251 2096 2319 Siquidem
2130 2249 2325 2302 Paulus

749 2363 935 2423 aperte
961 2352 1157 2405 clamat
1185 2367 1194 2400 :
1233 2367 1249 2398 ι
1289 2347 1365 2400 Ne
1393 2346 1654 2399 fraudctis
1680 2343 1938 2407 invicem,
1968 2341 2073 2394 nisi
2118 2341 2162 2393 si
2196 2339 2325 2407 quid

751 2462 815 2499 ex
839 2457 1109 2496 consensu
1136 2441 1211 2470 ⁸⁵⁸
1236 2438 1278 2468 δ’
1308 2457 1351 2500 ,ι
1379 2448 1484 2492 etc.
1514 2436 1608 2489 Hic
1633 2445 1814 2489 autem
1835 2434 2004 2503 magis
2034 2434 2248 2501 pudice,
2272 2442 2329 2485 ut

753 2536 1012 2598 diximus,
1038 2531 1403 2599 cognitionem
1437 2529 1646 2591 dicens,
1674 2537 1729 2580 et
1756 2543 1851 2595 per
1874 2527 1977 2581 hoc
2011 2541 2123 2579 rem
2158 2525 2330 2592 ipsam

754 2627 1066 2696 designans.
1090 2622 1370 2684 admonet,
1407 2635 1529 2673 cum
1563 2619 1733 2687 magis
1759 2617 1826 2672 ad
1859 2619 1962 2670 hoc
1999 2615 2237 2669 lubricus
2264 2614 2334 2667 sit

756 2731 921 2770 sexus
952 2713 1254 2772 muliebris,
1293 2726 1360 2763 ne
1386 2725 1479 2777 per
1509 2707 1942 2777 objurgationem
1973 2720 2095 2759 cum
2119 2703 2333 2772 asperi-

768 2815 880 2860 tate
910 2807 978 2859 ab
1031 2805 1166 2872 ipsis
1214 2801 1517 2863 discedant,
1552 2800 1646 2852 sed
1684 2799 1917 2866 primum
1973 2795 2190 2863 quidem
2228 2793 2339 2845 cle-

760 2907 970 2953 menter
993 2897 1069 2950 eis
1102 2905 1321 2949 utantur
1357 2903 1611 2961 tanquam
1643 2889 2112 2951 imbecillioribus,
2141 2886 2339 2941 deinde

761 2990 1042 3049 suadeant,
1067 2996 1124 3039 ut
1151 3002 1273 3040 eum
1294 2985 1469 3050 aliqua
1494 2982 1750 3051 parcitate
1765 2978 2146 3033 abstinentiam
2164 2992 2192 3030 a
2215 2977 2340 3030 tali-

762 3084 863 3134 bus
885 3079 1214 3147 suscipiant:
1245 3090 1368 3129 nam
1396 3076 1495 3127 hoc
1510 3073 1811 3143 signiﬁcare
1841 3071 1952 3122 vult
1979 3069 2339 3138 (parcitatem,

1791 407 2187 474 (ECUMENH
2228 400 2519 462 TlllCCrE
2550 393 2888 457 EPISCOPI

2405 513 2673 582 μητέρας.
2697 507 2848 562 Μετά
2877 505 2932 558 δὲ
2962 500 3056 555 τοῦ
3088 499 3377 569 εὖκόσμου,
3403 496 3496 548 καὶ
3526 494 3829 560 πρέποντος
3856 490 3991 556 Χρι-

3873 373 3974 435 διε

2415 605 2647 663 στιανοίς
2684 599 2916 665 κόσμου,
2975 594 3068 647 καὶ
3111 592 3407 658 ἐλεήμονας
3433 586 3598 645 αὑτὰς
3625 579 3763 634 εἶναι
3792 597 3992 647 παραι-

2413 698 2513 755 νεῖ,
2548 691 2714 760 μηδὲν
2774 683 3225 753 ὑποϐλεπομένας
3252 681 3342 731 τὸν
3381 679 3488 728 ἀπὸ
3516 677 3622 728 τῶν
3651 672 3864 741 ἀνδρῶν
3895 671 3992 721 αὖ·

2413 786 2522 838 τῶν
2560 785 2647 836 διὰ
2675 780 2835 831 τοῦτο
2867 774 3212 843 ἐκλογισμόν.
3237 769 3527 837 Τοῦτογάρ
3562 767 3640 828 τδ,
3670 766 3761 834 Μὴ
3798 760 3997 830 φοϐοῦ·

2422 897 2580 950 μεναι
2618 874 2886 946 μηδεμίαν
2943 869 3194 936 πτόησιν,
3236 863 3514 932 ἐμφαίνει.
3558 861 3715 920 Είκὶς
3745 853 3999 924 γάρτοίις

2416 974 2618 1041 ἄνδρας
2672 965 2782 1018 ἐσθ’
2823 966 2910 1017 ὅτε
2947 962 3042 1015 καὶ
3087 959 3194 1010 τῶν
3229 955 3599 1022 ἀναλωμάτων
3645 950 3814 1008 αὑτὰς
3844 948 4000 1012 λόγων

2417 1063 2693 1116 ἀπαιτεῖν.
2737 1057 2896 1110 Οὕτω
2944 1049 3284 1123 μετεωρίσας
3323 1047 3414 1099 τὸν
3443 1045 3596 1110 λόγον
3615 1042 3708 1093 καὶ
3730 1040 3788 1091 τὸ
3807 1037 4004 1106 φειδωο

2427 1157 2516 1207 λον
2550 1154 2643 1206 καὶ
2678 1149 3015 1218 μικρόψυχον
3072 1143 3166 1197 τοῦ
3230 1141 3417 1211 θήλεος
3455 1139 3546 1190 ἐπὶ
3582 1136 3640 1188 τὸ
3680 1130 4002 1199 ἐλευθερίως

2417 1262 2576 1315 τερον
2620 1239 2858 1311 χρῆσθαι
2921 1238 3031 1296 τοῖς
3078 1232 3221 1286 κατά
3262 1236 3354 1282 τὸν
3397 1223 3545 1281 οἷκον
3591 1222 3999 1293 παρακαλέσας,

2423 1339 2610 1404 ἐπέχει
2666 1333 2758 1383 καί
2784 1328 2881 1396 τὴν
2911 1327 3018 1378 τῶν
3046 1323 3256 1393 ἀνδρῶν
3294 1321 3429 1390 πρὸς
3460 1321 3556 1380 τὰς
3591 1315 3798 1368 ἑαυτῶν
3827 1328 4000 1379 γαμε-

2420 1429 2520 1490 τὰς
2545 1423 2945 1492 σὺστττρότητα,
2969 1417 3060 1470 καί
3081 1433 3264 1482 φησιν,
3299 1415 3390 1464 «Οἱ
3421 1412 3608 1479 ἄνδρες
3627 1409 3764 1461 κατά
3803 1404 4005 1471 γνῶσιν

2424 1517 2825 1576 συνοικοῦντες,
2849 1531 2867 1563 ι
2904 1511 3203 1568 τουτέστιν,
3233 1505 3481 1572 αἴσθησιν
3504 1501 3870 1569 λαμεάνοντες
3907 1495 4006 1562 τῆς

2423 1611 2514 1663 τοῦ
2539 1609 2726 1677 θήλεος
2756 1602 3093 1671 κουφότητος
3121 1599 3217 1650 καὶ
3252 1595 3343 1647 τοῦ
3363 1593 3762 1664 ὲμπαραφόρου
3786 1590 3845 1639 ἐν
3874 1588 4008 1639 πᾶσι

2429 1701 2524 1753 καὶ
2557 1702 2638 1760 είς
2672 1692 3039 1764 μικροψυχίαν
3064 1688 3365 1750 εὖολίσθου,
3399 1683 3745 1756 μακροθυμοι
3789 1677 4012 1746 γίνεσθε

2427 1791 2563 1861 πρὸς
2594 1788 2785 1848 αὑτὰς,
2821 1785 2895 1854 μὴ
2914 1786 3070 1851 λόγον
3107 1779 3460 1837 ἀπαιτοῦντες
3491 1774 3701 1844 πικρῶς
3732 1768 3842 1823 τῶν
3872 1770 4015 1822 κατὰ

2428 1880 2524 1946 τὴν
2556 1879 2733 1929 οἰκίαν
2770 1876 2964 1934 αὐταῖς
3026 1873 3103 1932 είς
3140 1868 3392 1936 ταμιείαν
3425 1861 4014 1934 παρακατατεθέντων.

2429 1970 2600 2022 Τοῦτο
2627 1968 2702 2027 δὲ,
2733 1967 2807 2027 ὡς
2842 1964 3089 2032 ἕφθημεν
3125 1961 3432 2028 εἰρηκότες,
3477 1956 3566 2008 διὰ
3597 1955 3654 2005 τὸ
3685 1949 4014 2018 ἐλευθερίως

2430 2063 2597 2122 asta,-
2624 2059 2753 2129 περ).
2781 2060 2878 2126 τὴν
2907 2057 2984 2117 εἰς
3015 2054 3141 2114 τοὺς
3175 2052 3413 2119 πένητας
3441 2049 3679 2099 ἐπίδοσιν
3703 2040 4020 2109 διαγινομέ-

2431 2172 2545 2216 νας.
2580 2151 2654 2220 μὴ
2693 2149 2940 2217 ἀκριϐεῖς
2963 2142 3100 2197 εἶναι
3125 2141 3415 2205 ἐξεταστὰς
3439 2141 3560 2201 τοὺς
3586 2139 3784 2206 ἄνδρας
3810 2149 4020 2201 παραι-

2431 2248 2530 2298 νεῖ.
2569 2244 2726 2312 Ἐμοὶ
2752 2241 2808 2292 δὲ
2831 2239 2978 2291 δοκεῖ
3005 2237 3099 2289 καὶ
3144 2234 3439 2305 βαθύτερον
3472 2250 3525 2284 τι
3554 2233 3641 2284 διὰ
3670 2229 3874 2282 τούτων
3903 2226 4020 2277 είσ-

2439 2338 2613 2404 ἀγειν,
2662 2334 2756 2386 καὶ
2800 2331 3124 2400 σεμνότερον
3181 2326 3396 2380 Παύλου
3430 2322 3764 2378 αἰνίττεσθαι
3793 2320 3891 2370 ἐπὶ
3919 2319 4024 2385 τῆς

2435 2426 2676 2494 γαμικῆς
2705 2421 2979 2491 χρήσεως.
3029 2415 3238 2478 Παῦλος
3269 2415 3363 2484 μὲν
3401 2415 3508 2480 γὰρ
3543 2409 3844 2475 ἀναφανδὸν
3883 2407 3985 2474 βοᾷ
4010 2420 4023 2433 ’

2445 2519 2580 2585 ιΜὴ
2610 2515 2961 2580 ἀποστερεῖτε
2991 2509 3276 2577 ἀλλήλους,
3317 2506 3368 2557 εί
3413 2506 3486 2573 μή
3525 2521 3578 2554 τι
3604 2502 3668 2555 ἂν
3697 2503 3762 2552 ὲκ
3790 2496 4023 2566 συμφώ-

2440 2625 2555 2668 νου,
2581 2625 2598 2655 ›
2632 2605 2726 2656 καὶ
2757 2602 2905 2670 ἑξῆς.
2959 2592 3129 2660 Οῦτος
3183 2598 3239 2649 δὲ
3282 2596 3630 2664 σεμνότερον,
3665 2592 3738 2647 ὠς
3781 2592 4030 2658 ἔφημεν,

2441 2699 2642 2768 γνῶσιν
2672 2693 2866 2754 εἰπὼν,
2897 2692 2992 2744 καὶ
3043 2690 3132 2742 διὰ
3158 2689 3352 2740 τούτου
3404 2686 3748 2752 αἰνιξάμενος
3786 2684 3848 2733 τὸ
3880 2681 4034 2749 ττρᾶ-

2444 2812 2583 2864 γμα,
2615 2791 2874 2861 παραινεί
2904 2787 2979 2846 ὡς
3000 2783 3352 2851 εὐκολωτέρῳ
3381 2780 3515 2850 πρὸς
3544 2777 3700 2830 τοῦτο
3729 2775 3803 2841 τῷ
3837 2788 4036 2838 γυναι-

2445 2886 2579 2953 κείῳ
2634 2882 2806 2952 φύλῳ,
2864 2878 2939 2947 μὴ
3006 2873 3409 2944 ὲπιτιμητικῶς
3475 2870 3610 2939 μετά
3663 2866 4036 2934 σφοδρότητος

2447 2976 2720 3028 ποιεῖσθαι
2755 2971 2851 3039 τὴν
2914 2969 3008 3021 ἀπ’
3040 2967 3219 3019 αὐτῶν
3253 2964 3577 3024 ἀπόστασιν,
3608 2960 3743 3011 ἀλλὰ
3807 2955 4037 3024 πρῶτον

2453 3071 2552 3138 μὲν
2591 3068 2667 3127 ὡς
2700 3061 3122 3130 ἀσθενεστέραις
3169 3053 3628 3125 πγγνωμονικῶς
3675 3051 3861 3109 αὑταῖς
3894 3045 4040 3114 χρῆ-

767 3170 1009 3238 iuquam.
1033 3139 1153 3220 sive
1181 3139 1587 3231 abstinentiam‘)
1614 3179 1710 3232 per
1756 3161 1859 3216 hoc
1907 3161 2049 3230 quod
2106 3160 2202 3223 ait,
2234 3159 2339 3212 lm~

2454 3159 2599 3222 σθαι,
2653 3154 2770 3208 εἶτα
2802 3153 3007 3205 πείθειν
3041 3150 3179 3219 μετά
3214 3164 3356 3209 τινος
3396 3143 3609 3213 φειδοῦς
3644 3142 3742 3209 τὴν
3773 3139 4040 3190 τοιούτων

2600 3248 2647 3253 “’
2761 3247 2778 3253 ⁸
2898 3245 2909 3253 “
3045 3245 3053 3253 ⁸
3189 3239 3231 3253 "‘
3269 3240 3290 3249 ⁹
3444 3239 3452 3248 ‘
3543 3235 3788 3253 07"-,__
3836 3227 4040 3253 2_‘.-.‘,..

763 3261 1066 3330 partientes
1089 3258 1377 3320 honorem;
1405 3272 1529 3309 nam
1556 3259 1730 3309 honor
1758 3255 1859 3307 nisi
1885 3255 2006 3322 quis
2029 3252 2095 3306 ad
2147 3252 2340 3319 aliquid

2451 3247 2846 3316 καταδέχεσθαι
2888 3245 3121 3312 ἀποχήν.
3189 3239 3360 3290 Τοῦτο
3396 3239 3504 3304 γὰρ
3543 3235 3792 3303 βούλεται
3833 3227 4042 3299 δηλοῦν

766 3351 1040 3420 respiciat,
1083 3364 1152 3402 ne
1215 3364 1375 3417 parce
1425 3348 1642 3415 quidem
1722 3343 2094 3413 subsequitur.
2169 3341 2353 3410 Itaque

769 3453 1029 3510 tanquam
1081 3441 1517 3494 imbecilionms
1559 3449 1653 3492 aut
1715 3439 1876 3490 ctiam
1943 3446 2218 3503 tamquam
2249 3450 2346 3487 co-

768 3534 1076 3588 haeredibus
1127 3533 1310 3600 gratim
1365 3530 1523 3594 vitae,
1562 3531 1672 3584 vita
1731 3529 1864 3598 ipsis
1917 3529 1994 3582 uti
2044 3534 2258 3596 oportet
2300 3526 2352 3577 in

768 3630 958 3704 talium
986 3626 1403 3682 consuetudine.
1456 3626 1521 3678 Et
1546 3625 1688 3693 quod
1725 3639 1834 3676 non
1877 3623 2019 3675 male
2058 3623 2160 3676 hac
2195 3620 2356 3673 intel-

770 3721 990 3790 ligentia
1018 3719 1099 3772 usi
1138 3720 1328 3779 simus,
1370 3717 1426 3771 id
1461 3717 1605 3785 quod
1633 3714 1989 3783 subsequitur
2020 3712 2353 3775 manifestat,

773 3830 895 3867 cum
911 3816 986 3865 ait
1012 3830 1023 3863 :
1056 3830 1074 3861 ι
1101 3809 1660 3878 Neinterrumpantur
1676 3821 1868 3876 preces
1895 3813 2107 3858 vestrm.
2139 3823 2158 3855 ι
2185 3806 2356 3867 Quam

784 3903 930 3956 enim
968 3917 1187 3971 precum
1224 3901 1674 3968 interruptionem
1729 3898 1888 3951 affert
1923 3896 2027 3951 viri
2063 3911 2186 3965 erga
2219 3911 2355 3949 usto-

777 4008 893 4046 rem
935 3989 1262 4044 austeritas?
1292 3990 1400 4042 llilO
1422 4004 1548 4042 vero
1577 3987 1740 4056 hujus
1768 3987 2090 4056 negligentia
2107 4000 2356 4054 magnam

775 4083 939 4135 alIert
973 4084 1024 4133 in
1059 4090 1303 4148 tempore
1332 4079 1594 4132 orationis
1627 4079 1986 4131 attentionem
2005 4093 2069 4131 ac
2092 4079 2353 4131 studium.

781 4174 911 4228 Mihi
938 4174 1118 4240 itaque
1148 4173 1214 4225 de
1250 4173 1351 4224 hoc
1379 4171 1450 4222 ita
1492 4170 1706 4224 videtur
1746 4170 2063 4224 dicendum.
2096 4170 2283 4230 l'orro,
2313 4167 2357 4221 si

781 4269 849 4319 ab
877 4265 1058 4331 aliquo
1088 4265 1280 4317 melius
1307 4263 1607 4316 indicatum
1667 4262 1854 4322 fuerit.
1884 4277 1995 4316 non
2048 4276 2179 4315 sane
2215 4259 2357 4312 invi-

784 4359 907 4410 deo.
941 4355 1097 4424 507
1141 4373 1157 4404 ι
1196 4353 1325 4407 Sine
1379 4368 1652 4408 sermone.
1694 4372 1712 4404 ι
1748 4355 1874 4407 Sive
1913 4362 2161 4406 cessante
2210 4351 2357 4405 omni

787 4463 1042 4501 sermone
1070 4448 1327 4514 omnique
1368 4446 1800 4515 responsatione,
1846 4447 1961 4500 sive
1989 4445 2132 4513 quod
2179 4443 2358 4497 eﬂica-

2457 3342 2574 3412 (τὴν
2607 3336 2773 3407 φειδῶ
2805 3333 2992 3405 φημι),
3027 3331 3115 3384 διὰ
3137 3329 3230 3383 τοῦ
3279 3330 3473 3389 εἰπεῖν,
3530 3325 3926 3390 Ἀπονέμοντες
3952 3335 4042 3370 τι-

2457 3409 2564 3501 μήν
2597 3447 2610 3460 ·
2661 3427 2794 3497 τιμὴ
2860 3428 2966 3494 γὰρ
3016 3423 3065 3474 εί
3124 3422 3196 3490 μή
3231 3436 3314 3480 τις
3348 3417 3476 3484 περί
3523 3433 3573 3466 τι
3606 3413 3881 3481 ἐνορᾶται,
3915 3409 4044 3460 οῦδὲ

2455 3520 2652 3592 φειδὼς
2706 3514 3080 3570 ἐπακολουθεῖ.
3135 3505 3364 3584 Εῖτ“οῦν
3405 3508 3478 3568 ὼς
3528 3504 3971 3569 ἀσθενεστέραις,
4004 3498 4039 3567 ἢ

2455 3621 2551 3671 καὶ
2574 3618 2649 3678 ὡς
2687 3609 3157 3680 συγκληρονόμοις
3189 3606 3410 3675 χάριτος
3456 3601 3624 3668 ζωῆς,
3648 3597 3816 3656 οὕτως
3838 3595 4040 3655 αὑταῖς

2454 3707 2694 3780 χρῆσθαι
2727 3703 2857 3774 περὶ
2887 3701 2957 3753 τὰ
3011 3697 3240 3752 τοιαῦτα
3286 3695 3394 3746 τῶν
3423 3691 3646 3761 ὁμιλιῶν
3679 3689 3780 3740 δεῖ.
3813 3685 3926 3738 Καὶ
3958 3686 4049 3736 ὅτι

2539 3798 2724 3857 κακῶς
2753 3795 2926 3862 ταύτῃ
2964 3794 3032 3860 τῇ
3081 3788 3260 3858 ὲννοίᾳ
3287 3781 3662 3855 ἐχρησάμεθα,
3695 3781 3755 3832 τὸ
3781 3777 4050 3847 ἐπιφερό-

2461 3907 2619 3960 μενον
2648 3887 2816 3955 δηλοῖ,
2867 3905 2883 3932 ι
2922 3882 3012 3942 Εἰς
3035 3880 3096 3931 τὸ
3127 3879 3203 3947 μὴ
3257 3875 3645 3936 ὲκκόπτεσὺαι,
3675 3875 3907 3938 φάσκον,
3945 3867 4050 3929 τὰς

2459 3979 2766 4050 προσευχὰς
2801 3973 2973 4044 ὑμῶν.
2993 3992 3009 4023 ι
3057 3973 3190 4023 Τίνα
3229 3970 3332 4038 γὰρ
3357 3965 3595 4034 ἐγκοπὴν
3623 3965 3778 4031 φέρει
3809 3974 4053 4029 προσευ-

2459 4044 2579 4143 χέις,
2613 4044 2804 4140 ἀνδρὸς
2831 4067 2963 4135 πρὸς
2989 4067 3223 4132 γυναῖκα
3253 4060 3554 4126 αὐστηρίας
3600 4053 3798 4122 πολλὴν
3829 4051 3930 4120 μὲν
3952 4044 4053 4102 ὧν

2459 4169 2552 4218 καὶ
2578 4163 2902 4233 προσέχειαν
2931 4160 3024 4210 καὶ
3047 4154 3284 4224 σπουδὴν
3322 4153 3356 4218 ὴ
3379 4154 3512 4220 πρὸς
3532 4150 3736 4215 ταύτην
3755 4143 4051 4210 ὀλιγωρία,

2461 4259 2518 4309 ὲν
2554 4232 2732 4324 καιρῷ
2767 4250 3096 4320 προσευχῆς.
3131 4247 3288 4314 Ἐμοί⁹
3311 4245 3408 4313 μὲν
3441 4241 3530 4294 οῦν
3557 4239 3700 4292 οὕτω
3737 4238 3888 4290 δοκεί
3925 4232 4059 4303 περὶ

2458 4347 2675 4400 τούτου.
2709 4339 2782 4414 τῼ
2849 4342 2906 4394 δὲ
2950 4342 3009 4393 τὸ
3043 4339 3266 4407 ἄμεινον
3305 4333 3544 4404 κριθείη,
3587 4332 3646 4382 οὐ
3680 4329 3872 4396 φθόνος
3906 4326 4056 4394 ἐμοί.

2465 4457 2484 4491 ι
2514 4441 2655 4492 Ανευ
2693 4436 2875 4500 λόγου.
2907 4451 2927 4484 ι
2962 4432 3098 4483 Ἤτο
3147 4427 3494 4499 σχολάζοντος
3528 4422 3724 4481 παντὸς
3769 4420 3933 4484 λόγου
3960 4414 4062 4467 καὶ

785 4536 904 4590 cior
957 4536 1026 4588 sit
1065 4512 1474 4588 demonstratio
1500 4551 1594 4604 per
1643 4551 1827 4604 opera,
1878 4512 2040 4604 quam
2098 4537 2340 4589 sedulitas

2463 4536 2642 4598 πάσης
2665 4526 2994 4592 ἀντιλογίας,
3011 4525 3044 4592 ἢ
3068 4524 3143 4584 ὡς
3167 4523 3264 4588 τὴς
3295 4521 3381 4572 διά
3401 4518 3509 4569 τῶν
3528 4516 3704 4585 ἔργων
3739 4512 4062 4575 ἐπιδείξεως

786 4627 947 4679 anxia
979 4642 1099 4694 quae
1122 4636 1204 4680 est
1235 4626 1289 4678 in
1324 4627 1507 4680 verbis
1544 4643 1557 4679 :
1593 4636 1804 4680 mutum
1859 4628 2005 4680 enim
2037 4643 2174 4696 opus
2220 4643 2359 4694 pra:-

791 4720 1028 4772 stantius
1058 4727 1141 4771 est
1164 4732 1420 4770 sermone
1457 4718 1716 4786 operibus
1760 4718 2046 4773 destituto.
2090 4735 2108 4767 (
2169 4718 2364 4771 Verum

794 4808 1044 4863 occultus
1084 4807 1174 4875 qui
1207 4815 1290 4860 est
1320 4808 1374 4860 in
1402 4809 1568 4862 corde
1616 4809 1801 4862 homo.
1835 4827 1853 4860 ι
1909 4808 2094 4863 Omnis
2123 4824 2367 4876 namque

791 4900 964 4969 gloria
998 4899 1126 4967 ﬁlia:
1156 4899 1291 4967 regis
1317 4899 1384 4950 ab
1445 4900 1685 4952 interiori
1724 4900 1980 4967 procedit.
2030 4899 2193 4954 Novit
2225 4901 2368 4953 enim

794 4999 851 5043 et
885 4989 973 5042 hic
1002 4987 1156 5054 juxta
1201 4987 1260 5040 Β.
1314 4987 1482 5041 David
1501 4987 1546 5019 ⁸⁸
1585 5003 1651 5042 ac
1689 4987 1916 5042 Paulum
1944 4988 1987 5018 δ’
2029 4987 2193 5040 alium
2249 5001 2370 5039 esse

797 5081 1115 5136 interiorem
1176 5079 1452 5134 hominem
1516 5081 1584 5133 ab
1647 5080 1940 5134 exteriore.
1997 5097 2015 5129 ι
2091 5077 2374 5132 Ornabant

798 5186 936 5226 sese.
975 5191 993 5222 ι
1029 5168 1195 5226 Vides
1222 5171 1368 5240 quod
1402 5170 1608 5225 cultum
1661 5177 1775 5225 sive
1807 5179 2058 5226 ornatum
2090 5171 2236 5225 dicat
2288 5169 2374 5222 hic

799 5263 1230 5330 subjectionem?

873 5353 965 5418 lll,
999 5352 1150 5406 8-16.
1188 5353 1252 5405 In
1277 5370 1483 5406 summa
1527 5369 1702 5406 omnes
1732 5354 1847 5406 sitis
1896 5353 2193 5410 unanimes,
2229 5339 2374 5404 coin-

802 5447 1086 5513 patientes,
1128 5445 1363 5514 fraterna
1412 5446 1623 5512 praediti
1669 5447 1948 5504 charitate,
1988 5445 2371 5507 misericordes,

808 5532 1062 5601 aﬂ'abilcs,
1094 5549 1193 5584 non
1213 5532 1522 5585 retaliantes
1557 5533 1756 5584 malum
1787 5533 1948 5594 malo,
1973 5542 2066 5584 aut
2095 5531 2377 5584 conuitium

811 5621 1054 5684 convitia,
1088 5623 1176 5673 sed
1209 5631 1390 5673 contra
1432 5621 1828 5674 benedicentes:
1890 5623 2108 5674 scientes
2143 5622 2280 5682 quod
2313 5621 2381 5672 ad

891 5800 963 5830 ⁸⁸·
1001 5798 1042 5828 ⁵⁷
1068 5798 1083 5850 l
1114 5799 1238 5852 Cor.
1279 5800 1444 5866 vn,5.
1525 5801 1566 5832 δε
1594 5800 1735 5854 Psal.
1787 5817 1894 5868 inv,
1949 5800 2032 5853 Μ.

2109 5801 2153 5834 ⁴⁹
2213 5801 2412 5870 Ephes.

2459 4625 2802 4693 κυριωτέρας
2859 4619 3026 4688 οὔσης
3073 4617 3170 4684 τῆς
3215 4614 3302 4666 διὰ
3348 4612 3454 4663 τῶν
3493 4611 3668 4674 λόγων
3701 4605 4053 4675 περιεργίας.

2464 4720 2715 4785 ’Λςςωνον
2783 4713 2892 4780 γὰρ
2951 4710 3112 4780 ἔργον
3206 4707 3460 4774 κρεῖσσον
3523 4701 3808 4769 ἀπράκτου
3873 4697 4059 4759 λόγου.

2481 4807 2653 4860 «Ἀλλ’
2673 4809 2702 4858 ό
2729 4804 2968 4874 κρυπτὸς
2990 4803 3086 4868 τῆς
3108 4799 3332 4868 καρδίας
3363 4795 3702 4861 ἄνθρωπος.»
3740 4788 3919 4846 Πᾶσα
3953 4790 4062 4858 γὰρ

2467 4900 2506 4967 ἠ
2537 4897 2687 4960 δόξα
2707 4894 2816 4961 τῆς
2846 4891 3135 4962 θυγατρὸς
3151 4889 3256 4942 τοῦ
3281 4886 3610 4951 βασιλέως,
3632 4883 3883 4935 ἔσωθεν.
3935 4875 4065 4931 Dicis

2481 4993 2590 5060 γὰρ
2623 4990 2718 5041 καὶ
2749 4983 2901 5046 οὗτος
2936 4983 3076 5036 κατά
3098 4982 3188 5034 τὸν
3216 4983 3485 5049 μακάριον
3507 4973 3668 5027 Δαυῒδ
3700 4977 3791 5025 καί
3823 4971 4065 5031 Παῦλον,

2482 5083 2667 5150 ἕτερον
2692 5079 2784 5130 τὸν
2824 5076 2974 5137 ἐντος
2996 5073 3282 5142 ἄνθρωπον
3315 5069 3466 5138 παρά
3489 5068 3581 5117 τὸν
3627 5064 3804 5124 ἐκτός.
3845 5080 3862 5110 ι
3904 5061 4068 5112 Ἐκά-

2485 5191 2655 5243 σμουν
2691 5170 2912 5231 ἑαυτάς.
2946 5185 2964 5218 ι
3007 5166 3188 5237 Ὁρᾷς,
3219 5164 3422 5232 κόσμον
3453 5157 3685 5212 ἐνταῦθα
3728 5155 3825 5224 τὴν
3857 5155 4071 5206 ὑποτα-

2486 5268 2588 5332 γήν
2621 5278 2774 5328 vnct-

2564 5353 2630 5405 Τὸ
2681 5351 2749 5402 δὲ
2778 5349 2968 5411 τέλος,
3023 5344 3246 5416 πάντες
3302 5342 3650 5411 ὁμόφρονες,
3705 5333 4072 5403 συμπαθεῖς,

2480 5442 2858 5512 φιλάδελφοι,
2889 5439 3330 5503 εὔσπλαγχνοι.
3379 5433 3760 5500 φιλόρρονες.
3791 5425 3872 5494 μὴ
3925 5425 4076 5476 ἁπεκ-

2485 5534 2753 5595 διδόντες
2807 5529 2995 5583 κακὸν
3050 5527 3183 5579 ἀντὶ
3233 5523 3439 5580 κακοῦ.
3493 5521 3528 5586 ἢ
3576 5517 3881 5583 λοιδιρῐαι·
3939 5513 4075 5565 dit!

2484 5621 2808 5688 λοιδορίας,
2838 5617 3190 5672 tom-artior
3233 5614 3300 5666 δὲ
3354 5608 3750 5676 εὐλογοῦντες
3776 5622 3787 5635 ·
3848 5604 4076 5666 εἰδότες

2479 5814 2561 5862 ιιι,
2623 5795 2708 5851 16.
