4178 6454
776 374 878 436 551

1825 371 2224 437 (ECUMENII
2256 370 2549 430 TRICCIE
2584 369 2929 430 EPISCOPI

3920 364 4022 426 552

777 481 848 540 ita
875 486 1036 539 vitam
1075 483 1415 554 per-egeritis,
1463 483 1630 536 Deum
1667 484 1940 538 habebitis
1965 483 2256 550 benignum
2292 495 2351 531 ac

2458 479 2685 549 Κυρίου.
2713 479 2856 547 Πλὴν
2886 477 3073 544 ἐπειδὴ
3111 476 3250 527 τισὶν
3282 476 3332 527 ἀί
3358 474 3703 544 περιστάσεις
3724 473 3777 524 αἱ
3816 473 3904 524 διὰ
3931 476 4028 541 τὴν

776 579 1190 645 obsequentem.
1231 575 1349 640 Quo
1388 574 1551 640 facto,
1599 579 1739 644 quis,
1773 575 1864 628 illo
1898 590 1926 627 a
1954 574 2108 626 vobis
2144 583 2344 633 stante,

779 669 974 722 infeste
1011 667 1182 720 irruet
1245 668 1298 718 in
1354 668 1492 721 vos?
1540 667 1820 735 Siquidem
1868 666 2049 718 omnia
2108 674 2236 717 sunt
2295 665 2346 714 itt

779 774 942 812 manu
976 757 1128 826 ejus;
1159 773 1306 810 mors
1345 757 1486 811 enim
1521 768 1573 808 et
1599 757 1702 808 vita
1740 756 1791 806 iu
1830 772 1994 807 manu
2028 753 2241 806 Domini
2278 754 2343 804 ⁸ο.

777 848 1032 899 Attamen
1070 847 1328 915 quoniam
1361 845 1681 897 atllietiones
1732 845 1889 897 illata:
1921 857 2139 913 propter
2189 843 2345 896 [idem

779 940 1107 993 videbantur
1142 940 1466 1008 quibusdam
1500 940 1660 1003 mala,
1697 939 1809 991 ll‘JBC
1837 939 2115 1007 corrigens
2155 937 2347 990 beatus

776 1031 991 1095 Petrus,
1017 1033 1131 1084 ait:
1193 1032 1269 1084 Ne
1321 1031 1436 1086 hazc
1486 1032 1624 1085 mala
1671 1031 2014 1093 existimetis,
2049 1030 2141 1082 sed
2187 1030 2346 1099 digna

774 1127 955 1195 potius
974 1125 1396 1179 beatiﬁcationc.
1434 1126 1619 1178 Timor
1661 1137 1897 1190 namque
1931 1121 2251 1189 impendens
2280 1122 2348 1174 ab

776 1217 1092 1271 hominibus
1156 1217 1291 1270 nihil
1357 1217 1640 1270 ducendus
1696 1224 1801 1274 est.
1866 1215 1958 1269 sed
2026 1215 2349 1269 brevissimo

776 1315 1023 1373 tempore
1056 1307 1236 1368 durat,
1267 1315 1452 1373 utpote
1479 1305 1546 1357 ab
1574 1304 1659 1357 his
1689 1304 1868 1357 illatus
1914 1304 2005 1372 qui
2053 1305 2154 1374 ipsi
2199 1305 2348 1358 velo-

776 1389 996 1444 cissime
1020 1401 1326 1445 transeunt.
1361 1391 1494 1444 Nam
1526 1393 1570 1444 si
1597 1393 1738 1445 oculi
1778 1392 1989 1446 Domini
2040 1409 2206 1464 super
2258 1393 2348 1462 ju—

775 1492 888 1535 stos
905 1493 959 1535 et
977 1497 1138 1536 aures
1156 1483 1270 1552 ejus
1293 1483 1357 1536 ad
1379 1483 1816 1552 deprecationem
1837 1485 2078 1550 illorum,
2095 1495 2349 1555 aspectus

773 1584 957 1626 autem
998 1575 1168 1643 ipsius
1198 1591 1362 1644 super
1388 1591 1482 1628 eos
1516 1575 1606 1644 qui
1637 1574 1842 1629 faciunt
1865 1577 2022 1642 mala,
2085 1578 2348 1646 perditio-

775 1681 900 1719 nem
923 1667 1310 1720 comminando
1340 1667 1531 1720 malis:
1557 1668 1742 1735 utique
1767 1669 1809 1722 si
1842 1669 1956 1722 haec
1987 1669 2125 1722 mala
2144 1681 2346 1735 essent,

779 1757 943 1828 509
964 1770 1110 1812 certe
1134 1760 1480 1827 dispensator
1537 1759 1806 1813 bonorum
1859 1776 2199 1830 nequaquam
2254 1777 2351 1814 vos

2457 569 2660 633 πίστιν,
2688 569 2834 620 κακά
2885 567 3122 629 ἐδόκουν,
3174 564 3639 633 ἐπανορθούμενος
3672 561 3846 614 ταῦτα
3877 565 3904 613 ὀ
3925 581 4028 631 μα-

2457 662 2644 728 κάριος
2675 661 2875 728 Πέτρος
2906 659 3088 726 φησὶν,
3119 658 3222 718 ὅτι,
3247 658 3337 723 Μὴ
3358 655 3634 722 λογίζεσθε
3663 655 3834 706 ταῦτα
3864 656 4026 716 κακὲ,

2455 753 2503 802 εἰ
2543 751 2616 822 μὴ
2645 748 2996 819 μακαρισμοῦ
3025 748 3167 812 ἄξια.
3218 748 3274 800 Ὀ
3305 748 3413 815 γὰρ
3443 748 3498 812 ἐξ
3523 746 3824 812 ἀνθρώπων
3859 747 3990 813 ὲπαρ

2456 844 2696 912 τώμενος
2742 843 2903 910 φόϐος
2933 841 3145 902 οὶδενός
3185 841 3344 906 λόγου
3385 841 3552 904 ἄξιος,
3594 838 3707 890 ἀλλ’
3754 839 4033 907 ἐφήμερος

2456 935 2515 999 ἐξ
2541 935 2855 1003 ἐφημέρων,
2888 935 2948 985 Et
2979 935 3085 1002 γάρ
3113 931 3380 999 ὀφθαλμοὶ
3406 933 3609 998 Κυρίου
3641 931 3733 982 ἐπὶ
3763 930 4027 992 δικαίους,

2458 1030 2549 1080 καὶ
2575 1021 2688 1078 ὦτα
2723 1024 2890 1078 αὑτοῦ
2915 1026 2992 1085 εἰς
3012 1025 3194 1093 δέησιν
3223 1024 3418 1086 αὐτῶν,
3461 1025 3552 1074 ἐπὶ
3573 1023 3629 1075 δὲ
3652 1023 3777 1084 τοὺς
3813 1022 4033 1073 ποιοῦν-

2457 1136 2552 1181 τας
2583 1119 2729 1171 κακά
2761 1116 2821 1168 τὸ
2856 1115 3148 1184 πρόσωπον
3178 1113 3370 1174 αὑτοῦ,
3406 1115 3678 1166 ἀπώλειαν
3703 1114 4033 1166 ἑπαπειλοῦν

2455 1214 2566 1273 τοῖς
2613 1207 2825 1270 κακοῖς,
2879 1207 3092 1267 πάντως
3111 1207 3174 1259 ἐί
3220 1206 3366 1259 κακά
3407 1205 3593 1269 ταῦτα,
3627 1206 3728 1258 οὐκ
3771 1206 3886 1258 ἀνι)
3925 1205 4034 1256 τῶν

2457 1301 2677 1367 ἀγαθῶν
2704 1299 2905 1368 ταμίας
2939 1299 3082 1366 ὑμᾶς
3111 1299 3237 1359 τοὺς
3296 1299 3693 1367 ἀγαπωμένους
3727 1298 3900 1366 αὐτῷ,
3931 1314 4036 1349 κα-

2458 1394 2570 1454 κοῖς
2605 1375 2984 1460 ἀντ’ήμείϐετο.
3012 1387 3094 1441 Τὰ
3123 1391 3234 1457 γάρ
3287 1389 3433 1441 κακά
3470 1391 3581 1452 τοῖς
3613 1391 3804 1450 κακοῖς
3856 1405 4030 1441 κατα-

2459 1487 2687 1555 πέμπει.
2725 1485 2887 1537 Ὥστε
2917 1485 2979 1536 οὐ
3014 1482 3186 1535 κακαὶ
3215 1484 3270 1535 αἱ
3316 1482 3403 1534 διὰ
3434 1483 3534 1546 τὴν
3581 1482 3863 1534 εὐσέϐειαν
3923 1481 4032 1534 ϐλί-

2439 1575 2598 1643 ιψεις.
2640 1574 2917 1641 ’Δγιάζειν
2947 1574 3003 1627 δὲ
3035 1574 3125 1626 τὸν
3149 1574 3350 1640 Κύριον
3386 1576 3442 1624 ἐν
3463 1575 3580 1632 ταῖς
3605 1574 3857 1642 καρδίαις
3895 1578 4035 1643 μετὰ

2469 1663 2690 1717 Ἠσαίου
2712 1663 3083 1716 διακελεύεται
3102 1681 3117 1697 ·
3148 1666 3416 1727 τουτέστι,
3442 1663 3534 1731 Mi;
3550 1666 3660 1726 τοῖς
3689 1666 4036 1733 φαινομένοις

2463 1753 2912 1824 μεγαλαυχεῖσθε,
2977 1755 3091 1805 ἀλλ’
3150 1756 3207 1806 ἐν
3266 1753 3344 1824 τῷ
3388 1753 3617 1823 κρυπτῷ
3664 1758 3758 1822 τῆς
3807 1755 4034 1824 καρδίας

777 1851 878 1904 sibi
902 1851 1131 1904 dilectos
1151 1852 1306 1904 malis
1335 1851 1604 1906 alliceret:
1643 1853 1781 1906 mala
1814 1869 2049 1922 namque
2080 1854 2145 1907 ad
2180 1854 2349 1907 malos

2458 1846 2608 1917 ὑμῶν
2637 1847 2847 1916 ταμείῳ
2895 1846 2985 1898 τὸν
3034 1845 3303 1914 ἁγιασμὺν
3351 1845 3745 1916 ἐνεργήσαντες
3780 1846 3874 1896 τοῦ
3924 1847 4038 1896 Κυ-

778 1943 1024 1994 remittit.
1063 1941 1181 1994 Non
1215 1951 1342 1995 sunt
1365 1943 1545 2010 itaque
1592 1943 1751 2005 mala,
1783 1943 2102 1996 atilictiones
2132 1953 2350 2012 propter

777 2032 1032 2099 pietatem
1052 2031 1232 2084 illatae.
1268 2031 1434 2086 Porro
1453 2032 1792 2085 sanetitieare
1823 2033 1990 2085 Deum
2015 2033 2069 2084 in
2091 2034 2350 2087 cordibus

777 2140 900 2176 cum
962 2123 1095 2175 Isaia
1163 2125 1474 2193 pra*cipit“
1509 2143 1522 2178 :
1559 2126 1662 2178 hoc
1721 2134 1823 2186 est,
1864 2125 1940 2179 Nc
1989 2128 2060 2178 ob
2107 2141 2168 2178 ea
2232 2142 2350 2194 qtae

777 2225 1043 2283 apparent
1072 2217 1399 2284 glorieniini,
1453 2217 1623 2270 sediu
1678 2217 1893 2269 occulto
1954 2218 2134 2270 cordis
2187 2217 2349 2270 vestri

778 2307 1175 2374 promptuario,
1232 2307 1442 2360 Domini
1496 2306 1980 2360 sanetilieationem
2026 2318 2348 2375 Operantes,

778 2411 899 2464 quae
932 2397 985 2448 in
1022 2399 1365 2465 separatione
1398 2397 1636 2466 gentium
1668 2414 1696 2449 a
1721 2397 2049 2449 lmditatibus
2083 2399 2196 2450 sive
2229 2414 2351 2466 pra-

779 2491 862 2542 vis
892 2489 1138 2541 moribus
1160 2488 1429 2550 consistit,
1459 2490 1528 2541 ita
1554 2489 1728 2556 ipsum
1755 2488 2111 2542 sarrctilieate.
2143 2490 2354 2541 Sancti-

780 2580 955 2632 ﬁcatis
1001 2589 1201 2639 autem,
1259 2581 1384 2632 dum
1413 2580 1500 2632 alii
1551 2579 1796 2633 homines
1849 2594 1911 2631 ex
1966 2581 2103 2632 bona
2178 2591 2353 2633 vestra

779 2672 1201 2724 conversatione
1242 2672 1416 2739 ipsum
1445 2671 1771 2741 gloriﬁcant,
1816 2673 2270 2741 quemadmodum
2303 2682 2356 2726 ct

782 2763 901 2831 ipse
938 2765 1077 2816 licus
1102 2779 1164 2816 ac
1189 2764 1349 2818 homo
1373 2765 1635 2835 praecipit,
1694 2767 1821 2819 dum
1852 2767 1966 2820 ait:
2007 2785 2022 2813 ι
2060 2767 2148 2821 Sic
2175 2766 2354 2820 luceat

783 2852 874 2906 luit
913 2863 1087 2907 vestra
1125 2870 1304 2908 coram
1340 2857 1655 2910 hominibus
1685 2859 1752 2922 δ’,
1790 2877 1806 2908 ι
1841 2868 1947 2910 etc.
1976 2860 2128 2924 Quod
2175 2870 2354 2911 autem

781 2945 982 2999 dicitur
1043 2945 1242 3009 Parati,
1304 2947 1573 3016 superiori
1654 2948 1933 3016 particula:
1986 2949 2354 3018 conjungitur,

783 3042 912 3104 puta
939 3032 1142 3088 Omnes
1170 3036 1286 3089 sitis
1320 3038 1626 3090 unauimes.
1676 3036 1913 3090 Verbum
1965 3037 2109 3090 enim
2146 3038 2294 3101 Sitis,
2329 3055 2358 3089 a

780 3129 1054 3180 communi
1117 3128 1556 3182 Subintellectutn
1605 3129 1766 3181 etiam
1806 3128 1929 3182 huic
1977 3130 2252 3194 tribuitur,
2303 3138 2360 3182 ut

781 3219 1066 3274 sitsensus
1093 3235 1107 3271 :
1135 3219 1264 3273 Sitis
1289 3236 1504 3289 semper
1537 3222 1732 3290 parati.
1773 3221 1893 3274 Vult
1929 3231 2108 3274 autem
2165 3222 2351 3290 prwci-r

2459 3211 2549 3263 τοῦ
2581 3212 2714 3264 Θεοῦ
2772 3214 3039 3282 παρόντος
3074 3230 3088 3244 ο
3120 3213 3292 3275 οὐδεὶς
3355 3214 3409 3266 δὲ
3464 3215 3554 3266 τοῦ
3629 3218 3820 3282 κυρίου
3873 3216 4041 3268 αὐτοῦ

785 3327 936 3378 pere,
963 3321 1020 3364 ut
1058 3312 1232 3365 ﬁdelis
1265 3313 1433 3365 homo-
1457 3328 1671 3380 sempcr
1698 3325 1919 3381 paratus
1942 3315 2013 3366 sit
2052 3313 2196 3366 circa
2242 3329 2355 3366 ser-

781 3411 1000 3451 monem
1043 3397 1187 3458 ﬁdei.
1217 3409 1273 3453 ut
1302 3415 1627 3467 quocunque
1655 3409 1895 3467 tempore
1923 3401 2156 3467 espetita
2193 3400 2356 3454 fuerit

779 3503 810 3540 a
836 3490 996 3542 nobis
1019 3490 1154 3542 ratio
1175 3490 1316 3543 circa
1349 3491 1539 3558 ipsam,
1568 3491 1720 3543 facile
1747 3491 2206 3558 respondeamus;
2239 3507 2357 3560 por-

781 3596 864 3637 ro.
901 3581 1304 3648 respondentes
1341 3597 1462 3634 cum
1489 3583 1909 3636 mansuetudine
1940 3583 2040 3634 hoc
2064 3582 2349 3646 iaciamus,

778 3678 1036 3739 tanquam
1058 3671 1174 3738 ipso
1207 3686 1428 3739 quoque.
1452 3673 1560 3725 Deo
1590 3684 1856 3740 prtesente
1892 3687 1904 3723 :
1957 3671 2136 3724 nullus
2171 3683 2352 3725 autem

780 3760 922 3829 frugi
954 3777 1144 3815 servus
1165 3777 1264 3816 suo
1287 3777 1554 3831 priescnte
1604 3765 1827 3817 domino
1878 3775 2021 3816 esset
2071 3780 2351 3832 arrogans.

779 3850 1312 3922 Subjungitquoque
1345 3855 1553 3906 lucrum
1604 3855 1748 3922 quod
1799 3854 1929 3907 hinc
1980 3856 2351 3923 subsequitur,

779 3945 1286 4013 netnpeintidelium
1315 3947 1827 4015 exploratiOucmac
1858 3947 2026 4000 animi
2051 3947 2358 4016 benignita-

781 4046 888 4089 tem
921 4051 1045 4107 erga
1076 4053 1193 4090 nos.
1230 4038 1784 4090 Animadvertendum
1817 4049 2026 4101 autem,
2063 4054 2170 4091 non
2235 4053 2357 4093 esse

779 4128 894 4182 haec
942 4131 1212 4182 contraria
1239 4129 1321 4182 his
1351 4145 1472 4197 quae
1504 4144 1531 4181 a
1590 4128 1819 4181 Domino
1847 4130 1987 4184 dicta
2020 4141 2168 4195 sunt,
2225 4132 2354 4183 dum

779 4220 870 4276 ille
897 4221 1303 4289 quidemjubet,
1329 4235 1397 4273 ne
1424 4221 1635 4275 solliciti
1671 4221 1840 4274 simus
1863 4223 2355 4291 quid‘respondea-

777 4329 900 4366 mus
931 4316 995 4377 ⁵³,
1051 4330 1173 4368 cum
1203 4323 1327 4367 ante
1379 4315 1634 4382 prresides
1662 4329 1724 4367 ac
1751 4324 2047 4382 poxestates
2085 4316 2354 4382 produce-

778 4420 920 4458 tnur.
951 4404 1142 4458 Petrus
1185 4421 1311 4458 vero
1343 4405 1408 4458 ad
1441 4409 1540 4458 hoc
1590 4421 1736 4459 nunc
1778 4409 2065 4475 praeparari
2090 4408 2352 4477 praecipit.

779 4496 1060 4564 Siiuidem
1111 4497 1324 4548 Domini
1388 4498 1549 4550 verba
1606 4497 1672 4550 de
1706 4499 1960 4567 martyrio
2010 4500 2153 4552 tlicta
2202 4510 2350 4563 sunt,

2455 1940 2592 2007 ρίου,
2626 1938 2683 1999 ὃς
2717 1939 2776 1988 ἐν
2805 1936 2881 2000 τῷ
2907 1935 3014 1987 ἀπὸ
3040 1935 3149 1988 τῶν
3197 1936 3539 2004 μιασμάτων,
3577 1937 3691 2005 ἦτοι
3713 1934 3823 1986 τῶν
3863 1953 4033 2005 πονη-

2457 2032 2564 2099 ρῶν
2597 2030 2733 2082 ἐθῶν
2764 2028 3055 2100 ἀφορισμῷ
3108 2028 3213 2079 τῶν
3245 2027 3411 2080 ὲθνῶν
3463 2027 3819 2098 περιγίνεται,
3861 2028 4034 2089 οὕτως

2455 2119 2616 2172 αὑτὸν
2652 2121 2929 2186 ἁγιάζετε.
2974 2118 3255 2186 ’Λγιάζετε
3294 2118 3347 2171 δὲ
3400 2119 3505 2174 ἀπὸ
3537 2120 3629 2187 τῆς

2453 2211 2822 2279 ἀναστροφῆς,
2851 2209 3179 2274 δοξαζόντων
3200 2209 3359 2262 αὑτὸν
3386 2209 3492 2261 τῶν
3515 2211 3685 2262 ἄλλων
3706 2210 4035 2278 ἀνὲρώπων,

3666 2119 3840 2184 καλῆς
3877 2120 4034 2187 ὑμῶν

2454 2301 2528 2363 ὡς
2563 2304 2655 2352 καὶ
2687 2302 2846 2362 αὐτὸς
2881 2301 2908 2351 ὁ
2945 2299 3292 2369 θεάνθρωπος
3347 2302 3718 2370 παραγγέλλει
3773 2302 3860 2353 δια
3914 2303 4029 2353 τοί·

2462 2410 2479 2441 ι
2521 2393 2677 2445 Οὕτω
2701 2394 2973 2462 λαμψάτω
3004 2393 3063 2444 τὸ
3098 2393 3210 2460 φῶς
3249 2393 3401 2461 ὑμῶν
3453 2395 3761 2464 ἔμπροσθεν
3803 2395 3912 2448 τῶν
3939 2398 4033 2446 άν-

2457 2483 2710 2553 Θρώπων.
2739 2503 2755 2533 ι
2792 2485 2863 2536 Τὸ
2893 2485 2968 2545 δὲ,
3000 2485 3268 2551 Ἕτοιμοι,
3301 2485 3435 2552 πρὸς
3479 2486 3538 2535 τὸ
3581 2485 3840 2552 ἀνωτέρω
3871 2501 4036 2537 συνυη

2457 2574 2753 2628 πακούεται
2782 2575 2860 2637 τὸ,
2907 2576 3111 2637 Πάντες
3144 2577 3443 2644 ὁμόφρονες
3469 2578 3672 2629 ἔσεσθε.
3709 2577 3880 2629 Τοῦτο
3927 2578 4042 2647 γάρ

2457 2670 2538 2730 τὸ,
2580 2668 2830 2731 Ἐσεσθε,
2866 2668 3005 2720 κατὰ
3033 2668 3212 2721 κοινοῦ
3253 2670 3346 2721 καὶ
3381 2670 3553 2740 τούτῳ
3587 2672 3920 2734 ἀποδίδοται,
3947 2672 4040 2723 ῖνα

2457 2755 2512 2834 ᾗ,
2549 2757 2776 2811 vasa-10s
2803 2759 2889 2812 ἀεὶ
2922 2758 3148 2828 ἕτοιμοι.
3172 2759 3428 2812 Βούλεται
3473 2761 3529 2812 δὲ
3566 2762 4040 2828 παρακελεύεςςη,

2460 2852 2544 2902 ἀεὶ
2566 2850 2654 2902 τὸν
2680 2850 2865 2902 πιστὸν
2886 2852 3172 2919 ἄνθρωπον
3199 2867 3265 2903 πε
3275 2851 3324 2920 ρί
3348 2851 3436 2902 τὸν
3465 2849 3562 2921 τῆς
3599 2851 3830 2914 πίστεως
3853 2853 4037 2919 λογον,

2459 2939 2532 3000 ὼς
2561 2942 2617 2990 ὲν
2663 2940 2823 2990 παντὶ
2874 2940 3051 3010 καιρῷ
3105 2941 3538 3008 ἀπαιτουμένους
3585 2945 3729 3010 ἡμᾶς
3779 2945 3872 2995 τον
3909 2962 4042 3014 περι

2461 3031 2629 3098 αὐτῆς
2669 3031 2844 3097 λόγον,
2883 3031 3124 3099 εὐχερῶς
3164 3032 3578 3100 ἀποκρίνεσθαι.
3639 3033 4043 3103 Ἀποκρινομέ-

2462 3138 2584 3177 νους
2615 3122 2670 3172 δὲ
2705 3124 2842 3190 μετὰ
2866 3123 3178 3190 πραΰτητος
3222 3121 3379 3174 τοῦτο
3412 3126 3602 3189 ποιεῖν,
3629 3125 3700 3186 ὡς
3736 3127 3832 3176 καὶ
3872 3127 4042 3177 uita?)

2461 3305 2724 3372 παρόντος
2746 3305 3040 3372 εὐγνώμων
3068 3303 3276 3368 δοῦλος,
3316 3306 3804 3361 ἀπαυθαδιάσαιτο.
3845 3309 3952 3361 Kal.
3979 3309 4044 3361 τὸ

2458 3396 2564 3446 ἀπὺ
2590 3396 2778 3447 τούτου
2825 3396 3014 3465 κέρδος
3069 3395 3286 3463 ἐπάγει,
3350 3397 3446 3466 τὴν
3506 3399 3613 3449 ἀπὸ
3637 3400 3746 3450 τῶν
3788 3402 4041 3454 ἀπίστων

2458 3489 2587 3556 περ).
2638 3488 2783 3555 ἡμᾶς
2838 3488 3288 3558 ὲπιγνωμοσύνην
3349 3507 3407 3542 τε
3469 3492 4039 3563 καὶεὺγνωμοσύνην.

2471 3578 2819 3630 Ἐπιστατέον
2848 3578 2902 3631 δὲ
2950 3580 3024 3642 ὡς
3056 3582 3154 3633 οὐκ
3185 3582 3400 3634 ἐναντία
3455 3583 3628 3635 ταῦτα
3667 3587 3780 3646 τοῖς
3813 3587 3918 3638 ὑπο
3946 3586 4042 3638 τοῦ

2457 3670 2664 3740 Κυρίου
2707 3672 3039 3740 εἰρημένοις,
3074 3675 3121 3726 εί
3163 3674 3190 3725 ὀ
3226 3676 3344 3743 μὲν,
3395 3677 3469 3744 μὴ
3504 3679 3802 3746 μεριμνᾷν,
3852 3683 4040 3746 φησιν,

2459 3762 2549 3814 ἐπὶ
2588 3762 2686 3824 τὰς
2733 3766 2906 3833 ἀρχάς
2941 3768 3388 3835 προσαγομένους
3419 3769 3511 3820 καὶ
3554 3771 3651 3832 τάς
3681 3769 3932 3834 ἐξουσίας
3993 3773 4045 3823 τί

2458 3854 2886 3925 ἁπολ.ογηοὦμ.εν
2911 3874 2923 3885 ο
2947 3856 3149 3927 Πέτρος
3173 3860 3226 3910 δὲ
3247 3860 3379 3930 πρὸς
3408 3861 3562 3914 τοῦτο
3588 3864 4045 3930 παρεσκευάσθαι

2459 3945 2552 3995 νῦν
2590 3948 2977 4016 παραγγέλλει.
3041 3951 3120 4001 Τά
3173 3952 3270 4019 μὲν
3321 3951 3428 4020 γάρ
3496 3954 3601 4005 ὑπὸ
3647 3955 3851 4022 Κυρίου
3913 3961 4048 4025 περὶ

2462 4040 2761 4107 μαρτυρίου
2797 4041 3030 4109 εἴρηται.
3059 4035 3151 4104 οἷς
3183 4044 3279 4094 καὶ
3303 4043 3622 4114 δοθήσεσοαί
3650 4064 3781 4114 ςησι
3810 4047 4046 4116 δύναμιν

2459 4129 2551 4178 καὶ
2601 4127 2756 4195 λόγον
2804 4131 3090 4201 κρείττονα
3129 4133 3320 4200 σοφίας
3368 4135 3738 4207 ἀνθρωπίνης,
3792 4139 3889 4189 καὶ
3934 4141 4046 4191 τῶι

2459 4217 2849 4287 περιεστώτων,
2893 4221 3072 4288 φόϐων
3120 4224 3498 4294 ἀφρόντιστον.
3558 4227 3630 4279 Τὸ
3681 4229 3737 4279 δὲ
3795 4230 3901 4281 ὑπὸ
3947 4229 4047 4283 τοῦ

2461 4309 2691 4379 Πέτρου,
2717 4312 2844 4378 περὶ
2870 4313 3219 4377 διδασκαλίας
3246 4317 3482 4386 εἴρηται.
3515 4318 3587 4370 Τὸ
3612 4319 3720 4388 γάρ
3747 4320 3880 4371 ἀνευ
3919 4338 4052 4372 συν-

2461 4400 2626 4464 έσεως
2664 4403 2757 4454 καὶ
2782 4404 3080 4468 ἐξετάσεως
3102 4406 3278 4459 δοκεῖν
3303 4425 3354 4460 τι
3379 4411 3597 4474 εἰδέναι,
3626 4411 3834 4481 μέμψιν
3861 4413 4045 4482 φέρει.

2460 4491 2661 4554 Γνὼσις
2689 4496 2795 4562 γάρ
2819 4497 3112 4566 ἀσυνέτων,
3139 4499 3484 4564 ἀνεξέταστοι
3515 4502 3682 4568 λόγοι.
3715 4503 3928 4567 Ἄλλως
3961 4523 4048 4568 τε,

775 4601 899 4639 cum
923 4587 1082 4638 etiam
1115 4587 1345 4640 dandam
1376 4586 1450 4638 ait
1484 4587 1738 4639 virtutem
1792 4603 1853 4641 ac
1880 4603 2187 4642 sermonem
2220 4592 2351 4644 vali-

2461 4583 2550 4633 κα“ι
2584 4585 2770 4653 ἐπειδὴ
2811 4587 2982 4640 πολλὰ
3022 4591 3365 4660 κατηγόρουν
3407 4592 3564 4661 ἡμῶν
3605 4593 3867 4661 ἀθέμιτα,
3905 4597 4050 4648 ἀλλὰ

777 4678 985 4731 diorem
1019 4678 1211 4745 quavis
1259 4679 1495 4730 humana
1525 4679 1809 4746 sapientia,
1844 4689 1898 4732 et
1918 4681 2009 4744 qui
2034 4690 2352 4735 contemnat

776 4769 1198 4823 circumstantes
1235 4769 1492 4822 timores:
1529 4769 1674 4823 Petri
1708 4780 1893 4824 autem
1952 4775 2226 4828 sententia
2283 4776 2350 4829 de

777 4861 1022 4915 doctrina
1055 4860 1314 4928 loquitur.
1346 4861 1481 4913 Nam
1512 4861 1630 4914 sine
1695 4863 1975 4916 intellectu
2036 4875 2088 4918 et
2133 4866 2353 4936 indaga-

778 4953 924 5005 tione
950 4951 1121 5005 videri
1148 4951 1249 5005 sibi
1281 4951 1486 5019 aliquid
1511 4953 1670 5014 scire,
1700 4953 1923 5020 dignum
1947 4965 2029 5008 est
2051 4958 2351 5025 reprelien-

776 5043 950 5098 sione.
987 5041 1226 5097 Seieutia
1275 5044 1420 5097 enim
1452 5045 1852 5099 insensatorum
1893 5047 2177 5117 inexpensi
2235 5067 2351 5104 ser-

777 5155 968 5194 mones
989 5141 1054 5191 “.
1087 5140 1353 5194 Prreterea
1382 5131 1545 5195 etiam
1568 5142 1826 5210 quoniam
1881 5143 1948 5196 de
1974 5145 2136 5198 rariis
2162 5145 2352 5198 nefan-

775 5232 860 5286 dis
893 5232 1055 5286 rebus
1102 5247 1200 5285 nos
1257 5235 1607 5294 accusabant,
1661 5238 1754 5288 sed
1788 5245 1843 5287 et
1893 5250 2044 5303 spem
2108 5247 2352 5290 nostram

775 5324 997 5378 inanem
1028 5339 1148 5377 esse
1180 5325 1572 5389 ostendebant,
1601 5327 1733 5381 dicit
1769 5337 1826 5380 ut
1860 5329 1926 5381 de
1952 5329 2035 5380 his
2066 5331 2352 5384 meditatas

777 5415 1161 5482 reSponsiones
1191 5413 1452 5479 feramus,
1498 5416 1758 5470 habentes
1790 5418 1950 5470 simul
1991 5419 2153 5471 etiam
2184 5420 2349 5473 vitam

775 5505 1078 5574 probatam,
1111 5507 1254 5574 quod
1287 5521 1416 5560 sane
1443 5509 1836 5561 conscientiam
1873 5518 2048 5562 vocat.
2093 5528 2110 5560 ‹
2156 5510 2352 5564 Scien-

779 5603 860 5651 tes
895 5600 1035 5666 quod
1067 5599 1132 5651 ad
1166 5600 1270 5652 hoc
1300 5601 1478 5653 vocati
1506 5600 1645 5652 sitis.
1685 5619 1700 5649 ι
1750 5599 1913 5670 510
1939 5600 2085 5655 Ordo
2115 5613 2197 5656 est
2229 5619 2352 5657 cum

842 5774 888 5805 "’
929 5774 1091 5829 lietli.
1125 5793 1193 5842 XI,
1225 5778 1307 5830 Li.
1383 5780 1422 5808 ³⁵*
1458 5781 1560 5833 lsa.
1602 5797 1717 5844 rm,
1772 5782 1852 5834 l3.

1930 5784 1972 5812 δε
2019 5782 2207 5836 Μςιιιὴ.
2235 5799 2338 5849 l.l.\',
2375 5783 2460 5838 10.

2459 4675 2671 4737 καὶτὰς
2696 4675 2915 4742 ἐλπίδας
2957 4681 3117 4743 κενάς
3151 4682 3307 4750 ήμῶν
3341 4675 3722 4749 ἀπεφαίνοντο,
3760 4689 3891 4754 περὶ
3921 4690 4019 4738 τοᾷ
4041 4719 4054 4730 -

2458 4780 2566 4816 των
2616 4765 3014 4838 λελογισμένως
3077 4773 3264 4842 φέρειν
3309 4775 3406 4837 τὰς
3463 4776 3781 4845 ἀποκρίσεις
3839 4781 4047 4846 φησὶν,

2460 4857 2681 4928 ἔχοντας
2722 4863 2814 4913 καὶ
2851 4863 2942 4915 τὸν
2995 4864 3108 4932 βίον
3145 4867 3488 4931 συνέπαινον,
3522 4867 3550 4919 ὃ
3583 4870 3645 4938 δὴ
3703 4871 3799 4921 καὶ
3864 4873 4051 4924 συνεί-

2448 4951 2612 5018 ¹δησιν
2649 4954 2824 5008 καλεῖ.
2876 4974 2894 5005 ι
2933 4956 3147 5019 Εῑδότες
3187 4959 3267 5010 ὃτι
3314 4963 3394 5022 εἰς
3451 4961 3609 5012 τοῦτο
3664 4962 3960 5032 ἐκλήθητε.
4023 4986 4041 5014 ι

2461 5044 2532 5096 Τὸ
2565 5047 2692 5115 ἑξῆς
2719 5049 2778 5098 οὐ
2819 5050 2955 5116 μετά
2995 5051 3094 5120 τῆς
3137 5054 3540 5122 προειρημένης
3565 5058 3946 5124 κατασκευῆςμε
3971 5061 4051 5111 Τὸ

2457 5135 2514 5187 δὲ
2545 5137 2715 5202 τέλος,
2741 5141 2858 5208 ἤτοι
2890 5142 2950 5192 τὸ
2976 5146 3437 5197 συνεκτικώτατον
3461 5161 3474 5175 ’
3500 5148 3706 5208 Πάντες
3735 5150 3875 5215 opto;
3887 5166 4051 5216 ρονες

2459 5227 2671 5290 ἔσεσθε,
2701 5231 2795 5283 καὶ
2831 5233 2977 5300 ἑξῆς,
3012 5235 3208 5296 εἰδότες
3233 5235 3412 5299 ὃτιεὲς
3447 5236 3602 5288 τοῦτο
3636 5237 3928 5306 ἐκλήθητε,
3965 5245 4053 5304 εἷς

2458 5319 2520 5370 τὸ
2549 5321 2808 5387 εὐλογεῖν.
2830 5325 3094 5389 τουτέστι,
3128 5319 3334 5389 πάντας
3357 5323 3418 5380 εὖ
3441 5328 3637 5394 λέγειν.
3669 5349 3685 5380 r
3721 5329 4047 5396 Εὑλογεῖτε,

2463 5411 2567 5479 γάρ
2602 5416 2695 5465 καὶ
2726 5415 2930 5479 Παῦλος
2954 5416 3108 5486 φησι.
3143 5421 3267 5478 τοὺς
3290 5419 3585 5482 διώκοντας
3615 5421 3776 5490 ὑμᾶς.
3815 5440 3832 5472 ι
3871 5422 4053 5478 Τοῦτο

2461 5505 2517 5557 δὲ
2566 5507 2845 5571 ποιοῦντες
2890 5511 3330 5580 κληρονομήσετε
3381 5513 3551 5580 ὄνομα
3612 5516 3763 5582 παρᾶ
3818 5515 4050 5567 πάντων

2461 5599 2706 5663 ἀκούειν,
2738 5601 2822 5662 τὸ,
2882 5603 2942 5652 Οἱ
2989 5602 3358 5668 εὐλογοῦντες.
3395 5603 3540 5653 Διότι
3573 5602 3636 5653 οὑ
3688 5603 3901 5654 δίκαιον
3953 5605 4054 5656 τὸν

2575 5785 2616 5815 ⁵³
2644 5783 2831 5836 Matth.
2857 5801 2908 5843 λ,
2938 5783 3019 5837 19.
3106 5786 3147 5813 ⁸⁸
3173 5782 3475 5838 Εερ(1ἰ.λλι.
3511 5783 3601 5836 2i.
