4178 6454
127 390 224 454 553

1102 378 1488 441 COMMENT.
1535 375 1609 435 IN
1652 377 1889 436 EPlS'l‘.
1938 376 1963 434 Ι
2005 376 2065 436 S.
2106 377 2359 436 PETRI.

3274 374 3377 439 554

125 498 212 562 τῇς
245 493 469 547 αἰωνίου
501 490 647 560 ζωῆς
678 489 1038 559 ἀντεχόμενον
1071 487 1158 541 διὰ
1174 488 1273 556 τῆς
1296 485 1547 556 γλώσσης
1577 485 1697 537 τινὰ

1812 484 2057 552 praedicta
2082 490 2378 535 structura.
2414 481 2473 534 ιιι
2507 493 2743 543 summa,
2778 481 2891 534 sive
2944 490 3001 535 ut
3037 480 3378 535 absolutissi-

125 585 488 655 βλασφημεῖν.
550 581 649 635 Διὰ
702 579 861 633 τοῦτο
907 578 1004 632 καὶ
1055 578 1217 632 Δαυῖδ
1268 580 1540 649 παραινεῖ,
1600 578 1697 647 τὴν

124 679 376 746 γλῶσσαν
418 676 666 745 καθαρὰν
721 674 868 745 ἔχειν
926 672 1239 743 λοιδορίας,
1298 673 1395 723 τοῦ
1451 670 1699 733 θέλοντος

124 771 441 840 ἐπεράστως
467 767 770 823 διακεῖσθαι
788 767 925 838 πρὸς
944 765 1041 836 τὴν
1064 766 1231 829 ὅντως
1247 763 1411 833 ζωὴν,
1433 764 1528 817 καὶ
1552 762 1697 831 ἑξῆς.

122 861 279 915 Οὕτω
301 863 411 933 γὰρ
440 858 953 931 παρεσκευασμένοι
986 857 1137 921 ἕξετε
1165 857 1257 910 τὸν
1290 854 1699 925 παντυδύναμον

120 955 213 1007 καὶ
244 954 642 1023 παντεπόπτην
672 954 900 1023 εὐήκοον
924 952 1019 1004 καὶ
1045 951 1269 1021 ἡμέρως
1308 948 1697 1012 ἐπιϐλέποντα,

120 1047 235 1098 ἀλλ’
258 1045 385 1115 οὐχὶ
411 1046 505 1098 καὶ
530 1044 784 1115 ὀργίλως,
819 1042 1008 1111 ὥσπερ
1035 1041 1172 1111 πρὸς
1200 1039 1326 1103 τοὺς
1348 1038 1697 1102 κακοποίους.

122 1140 182 1193 Εἰ
222 1140 283 1193 δὲ
315 1137 495 1202 τοῦτο,
545 1136 630 1200 τίς
666 1138 693 1189 ὁ
721 1135 1018 1206 δυνάμενος
1058 1132 1309 1187 κακῶσαι
1344 1132 1522 1203 ὐμᾶςς
1556 1133 1619 1184 Et
1645 1131 1701 1185 δέ

120 1231 215 1283 καὶ
233 1228 415 1297 θλῐψις
447 1226 763 1297 ἐπενεχθείη
791 1226 919 1296 ὑμῖν
940 1227 1053 1287 τοῖς
1078 1223 1174 1278 τοῦ
1198 1221 1406 1292 ἀγαθοῦ
1436 1221 1698 1293 ἐργάταις

118 1323 215 1375 καὶ
257 1322 547 1391 μιμηταῖς,
591 1318 667 1389 μὴ
697 1319 1049 1389 ὀλιγωρεῖτε,
1099 1314 1320 1386 χαίρετε
1352 1314 1431 1375 δέ,
1487 1312 1703 1382 πρῶτον

120 1412 220 1481 μὲν
242 1411 328 1463 ὅτι
354 1410 417 1463 οὐ
447 1409 596 1463 κακὰ
627 1408 826 1469 ταῦτα,
876 1406 1071 1460 ἔπειτα
1089 1406 1171 1459 ὅτι
1205 1405 1300 1460 καὶ
1334 1400 1705 1475 μακάριοιδιὰ

118 1501 317 1561 ταῦτα.
352 1501 468 1554 ἀλλ’
494 1499 618 1569 οὐχὶ
642 1498 838 1555 ἄθλιοι.
877 1498 966 1551 Διὸ
996 1499 1055 1551 ἐν
1100 1500 1218 1561 ταῖς
1260 1494 1512 1563 καρδίαις
1551 1493 1705 1563 ὑμῶν

118 1593 210 1644 τὸν
231 1592 369 1645 Θεὸν
398 1590 739 1656 ἀπιάζοντες,
773 1590 866 1642 τὸν
915 1587 1255 1660 ἀνθρώπινον
1301 1586 1465 1656 φόϐον
1499 1584 1575 1656 μὴ
1611 1600 1705 1654 φο-

120 1685 330 1747 ϐεῖσθε,
362 1683 505 1753 μηδέ
548 1681 908 1752 ταράσσεσθε.
947 1680 1178 1733 Ἔσεσθε
1230 1680 1325 1734 καὶ
1373 1678 1581 1748 ἐτοιμοι
1609 1675 1703 1729 καὶ

122 1776 261 1844 πρὸς
290 1773 590 1843 ἀπολογίαν
619 1774 705 1826 ἀεὶ
735 1772 830 1826 τοῦ
864 1773 1025 1827 παντῖ
1054 1770 1133 1841 τῷ
1173 1770 1519 1842 ἐπερωτῶντι
1558 1769 1704 1837 ὑμᾶς

119 1870 248 1937 περὶ
272 1869 376 1938 τῆς
408 1867 532 1921 καθ’
564 1867 708 1936 ὑμᾶς
750 1866 965 1929 ἐλπίδος
993 1863 1287 1919 ἀποδοῦναι
1316 1863 1494 1933 λόγον.
1540 1863 1701 1913 Ἀποο

117 1959 305 2012 δοῦναι
326 1959 383 2013 δέ
405 1960 543 2028 μετὰ
569 1958 664 2011 τοῦ
688 1961 783 2013 καὶ
812 1958 1009 2025 πρᾶξιν
1032 1953 1438 2009 ἐπιδείκνυσθαι
1466 1952 1699 2022 ἀγαθήν.

116 2052 322 2122 Πρᾴως
343 2052 454 2121 γὰρ
474 2048 632 2103 τοῦτο
661 2051 758 2102 καὶ
788 2049 907 2120 μετ’
929 2048 1233 2110 ἐπιεικείας
1257 2044 1560 2109 ποιοῦντες,
1581 2044 1702 2097 τότε

116 2143 339 2205 ἐαυτοίς
372 2142 670 2195 συνειδέναι
701 2139 1042 2194 πιστώσεσθε
1086 2137 1288 2206 ἀγαθὰ,
1315 2138 1410 2191 καὶ
1451 2137 1576 2199 τοὺς
1604 2152 1701 2188 πο-

116 2234 297 2304 νηρὰς
334 2251 400 2286 πε
412 2233 467 2303 pi.
500 2233 652 2303 ὑμῶν
677 2232 901 2302 ἔχοντας
933 2231 1232 2301 ὑπολήψεις
1264 2229 1700 2299 καταισχυνεῖτε.

126 2345 142 2376 ι
186 2326 509 2395 Συνείδητιν
550 2324 766 2395 ἔχοντες
810 2323 1044 2393 ἀγαθήν.
1088 2341 1107 2374 ι
1161 2323 1471 2387 Τουτέστιν,
1525 2318 1708 2389 ἀγαθὰ

1800 591 1886 630 me
1911 575 2112 639 dicam,
2148 590 2337 630 omnes
2369 576 2485 631 sitis
2516 577 2806 631 unanimes
2855 586 2907 630 et
2948 587 3166 642 caetera,
3202 578 3366 632 scien-

1802 679 1884 724 tes
1906 669 2050 739 quod
2080 671 2146 724 ad
2179 670 2283 724 hoc
2315 671 2493 725 vocati
2523 672 2661 737 sitis,
2692 682 2754 725 ut
2804 673 3157 735 benedicatis,
3190 674 3242 729 id
3272 683 3377 735 est,

1800 761 1868 817 ad
1897 761 2325 815 benedicendum
2369 762 2645 816 omnibus.
2699 763 2787 817 Ait
2827 764 2973 817 enim
3032 772 3085 816 et
3140 764 3378 818 Paulus:

1809 871 1827 903 ι
1864 851 2175 907 Benedicite
2200 853 2656 924 persequentibus
2686 856 2893 908 vos".:
2938 856 3050 910 lloc
3078 865 3260 910 autem
3294 858 3381 911 fa-

1803 944 2011 1000 cientes
2041 944 2389 1000 hmreditario
2414 947 2539 1016 jure
2574 947 2919 1017 possidebitis
2948 964 3169 1013 nomen,
3219 959 3279 1004 ut
3315 951 3386 1004 ab

1803 1034 2058 1089 omnibus
2089 1035 2324 1091 audiatis
2352 1038 2764 1093 Benedicentes.
2788 1037 2974 1107 Neque
3007 1040 3152 1093 enim
3174 1040 3383 1110 justum

1804 1134 1889 1181 est
1926 1127 2077 1181 illum
2128 1128 2218 1197 qui
2280 1139 2500 1185 aeternae
2532 1131 2655 1185 vitae
2708 1130 2972 1195 adhaeret,
3037 1133 3217 1201 lingua
3270 1134 3386 1188 cui-

1805 1234 1965 1288 quam
2000 1219 2203 1275 int‘erre
2231 1222 2559 1276 convicium.
2617 1223 2911 1293 Propterea
2950 1239 3171 1294 quoque
3220 1226 3384 1279 David

1805 1311 2061 1365 admonet
2092 1313 2333 1381 linguam
2365 1313 2565 1368 habere
2587 1330 2779 1383 puram
2811 1332 2839 1368 a
2868 1318 3116 1372 convicio
3138 1334 3269 1377 eum
3292 1320 3384 1387 qui

1805 1405 2007 1458 amanti
2046 1406 2228 1470 animo
2261 1406 2493 1461 affectus
2526 1407 2595 1461 sit
2621 1408 2689 1461 ad
2722 1424 2903 1463 veram
2934 1411 3120 1475 vitam,
3168 1425 3276 1465 etc.
3311 1412 3387 1466 Ita

1806 1511 2042 1565 namque
2107 1499 2410 1568 prmparati,
2481 1500 2751 1554 habebitis
2825 1502 3255 1570 omnipotentem
3332 1515 3389 1558 et

1807 1587 2053 1642 omnium
2087 1578 2450 1659 inspectorem
2478 1592 2876 1660 obsequentem
2910 1593 3248 1665 benigneque
3280 1595 3392 1649 ins-

1806 1682 2136 1748 pectantem,
2168 1694 2278 1734 non
2309 1686 2465 1735 torvo
2503 1690 2596 1735 aut
2634 1683 2771 1736 irato
2794 1684 2998 1747 animo,
3035 1686 3361 1754 quemadmo

1807 1768 1937 1823 dum
1967 1769 2210 1824 intuetur
2265 1786 2360 1826 eos
2388 1772 2479 1840 qui
2512 1774 2651 1826 mala
2676 1769 2990 1841 Operantttr.
3027 1777 3181 1842 Quod
3233 1779 3277 1830 si
3317 1778 3388 1832 ita

1812 1860 1901 1926 sit,
1932 1860 2057 1931 quis
2083 1862 2284 1931 poterit
2314 1878 2410 1917 vos
2444 1863 2601 1918 malis
2630 1863 2881 1919 afﬁcere?
2936 1867 3091 1931 Quod
3144 1869 3187 1920 si
3226 1869 3388 1923 etiam

1813 1953 2033 2010 afﬂictio
2089 1956 2355 2011 inferatur
2394 1957 2549 2013 vobis
2583 1959 2713 2013 dum
2778 1960 3037 2015 bonitatis
3068 1973 3390 2031 operatores

1812 2053 1868 2099 et
1928 2045 2229 2100 imitatores
2267 2045 2421 2109 estis,
2476 2062 2546 2102 ne
2608 2048 2727 2103 sitis
2782 2051 2978 2118 pusillo
3030 2053 3234 2113 animo,
3297 2056 3391 2109 sed

1812 2135 2083 2206 gaudete:
2139 2136 2372 2205 primum
2427 2137 2669 2206 quidem,
2728 2142 2870 2207 quo-.t
2927 2142 3043 2195 hrec
3086 2159 3195 2197 non
3254 2148 3390 2198 mn'a

1809 2226 1922 2282 sint
1946 2245 1957 2279 :
1984 2225 2181 2281 deinde
2221 2227 2406 2293 etiam,
2440 2229 2584 2298 quod
2617 2240 2838 2300 propter
2866 2232 2964 2287 ista
2999 2234 3139 2288 beati
3178 2235 3296 2289 sitis
3339 2247 3394 2289 et

1815 2332 1923 2372 non
1954 2318 2162 2372 miseri.
2201 2318 2331 2373 Ideo
2362 2319 2531 2373 Deum
2564 2321 2615 2373 in
2645 2321 2902 2377 cordibus
2922 2325 3121 2379 vestris
3153 2326 3394 2379 sanctifi-

119 2415 339 2479 ἑαυτοῖς
363 2414 687 2476 συνειδότες,
720 2412 835 2466 ἀλλ’
860 2413 919 2465 οὐ
950 2412 1118 2467 κακά.
1149 2412 1359 2483 Ὥσπερ
1392 2413 1439 2464 οἱ
1464 2411 1706 2481 βλασφη-

1812 2420 2019 2471 cantes,
2050 2426 2118 2464 ne
2150 2412 2461 2465 terreamini
2495 2413 2735 2467 humano
2774 2413 2967 2469 timore
2997 2431 3176 2485 neque
3204 2417 3394 2471 turbe-

123 2504 359 2573 μοῦντες
422 2506 565 2575 ὑμᾶς
622 2504 923 2574 βούλονται.
1009 2522 1031 2555 ι
1090 2504 1154 2557 οι
1216 2504 1635 2574 ἐπηρεάζοντες.
1682 2522 1702 2555 ι

1813 2504 1969 2557 mini.
2002 2499 2134 2557 Sitis
2160 2512 2343 2557 autem
2371 2512 2425 2557 et
2451 2500 2631 2573 parati
2654 2505 2719 2560 ad
2752 2508 3191 2576 respondendum
3250 2525 3395 2563 sem-

131 2594 283 2647 Ἀντὶ
313 2594 431 2659 τοῦ,
455 2596 503 2647 οἱ
531 2594 1021 2665 λογοπραγοῦντες.
1040 2596 1087 2647 οἱ
1108 2594 1318 2665 πικρῶς
1339 2594 1705 2659 ἐξετάζοντες.

1813 2610 1912 2664 per
1938 2594 2161 2648 cuilibet
2191 2595 2552 2665 interroganti
2596 2611 2713 2660 vos,
2753 2606 2811 2651 ut
2842 2599 3080 2655 reddatis
3125 2601 3391 2654 rationem

118 2687 186 2740 de
222 2701 322 2757 spe
351 2702 472 2757 quae
504 2687 647 2758 apud
676 2702 771 2742 vos
810 2697 914 2743 est.
944 2686 1201 2743 Reddatis
1227 2694 1410 2742 autem
1440 2701 1549 2742 una
1574 2700 1699 2742 cum
1740 2686 2079 2740 exhibitione
2112 2686 2268 2739 home
2338 2687 2595 2744 actionis.
2667 2690 2725 2744 Id
2780 2692 2925 2745 enim
2992 2704 3279 2749 mansuete
3338 2707 3396 2750 et

116 2796 248 2834 eum
278 2780 614 2850 benignitate
661 2778 949 2846 facientes,
1005 2777 1404 2836 confirmabitis
1440 2787 1571 2835 tunc
1632 2779 1771 2834 bene
1806 2778 2099 2847 vobisipsis
2158 2792 2281 2831 esse
2336 2781 2604 2835 conscios.
2670 2791 2725 2836 et
2779 2797 2873 2837 eos
2914 2785 3005 2853 qui
3059 2800 3255 2854 pravas
3326 2789 3395 2843 de

119 2871 280 2925 vobis
316 2871 522 2927 habent
566 2872 908 2944 suspiciones
962 2871 1347 2942 pudefacietis.
1377 2888 1396 2922 ‹
1444 2870 1847 2926 Conscientiam
1882 2870 2145 2923 habentes
2210 2869 2429 2925 bonam.
2471 2890 2489 2923 ι
2530 2871 2645 2928 Hoc
2682 2882 2788 2938 est,
2845 2875 2974 2930 dum
3014 2877 3154 2933 bene
3211 2881 3395 2935 vobis-

121 2967 259 3037 ipsis
290 2968 500 3023 conscii
533 2969 668 3024 estis
689 2978 745 3023 et
773 2984 885 3023 non
912 2968 1077 3034 male,
1109 2955 1566 3039 quemadmodum
1618 2965 1694 3020 illi
1736 2966 1827 3037 qui
1861 2980 1955 3021 vos
1981 2963 2407 3019 calumniantur.
2450 2965 2546 3020 «Hi
2596 2966 2690 3038 qui
2748 2968 3082 3025 incessunt.)
3124 2970 3235 3028 Hoc
3284 2983 3391 3037 est,

120 3062 218 3133 qui
260 3062 447 3117 verbis
472 3062 751 3134 negotium
783 3062 1083 3127 facessunt,
1132 3063 1330 3118 acerbe
1356 3060 1700 3131 indagantes.

194 3157 485 3226 Κρεῖττον
518 3157 629 3227 γὰρ
665 3157 1202 3227 ἀγαθοποιοῦντας,
1254 3159 1308 3211 ει
1335 3157 1498 3213 θέλοι
1525 3156 1588 3210 τὸ
1621 3154 1706 3211 θέ-

1886 3151 1977 3215 111,
2032 3152 2116 3207 Π.
2177 3153 2261 3205 18.
2324 3152 2553 3209 Ρνανδιαι
2611 3157 2750 3209 enim
2806 3166 2861 3210 ut
2922 3157 3394 3229 benefacientes.si

121 3254 290 3318 ,ιημα
315 3248 421 3303 τοῦ
463 3247 636 3314 Θεοῦ,
674 3247 955 3318 πάσχειν,
993 3248 1032 3317 ἢ
1074 3247 1574 3314 κακοποιοῦντας,
1622 3246 1706 3300 ὅτι

1816 3243 1937 3298 velit
1978 3242 2070 3295 Dei
2110 3244 2369 3307 voluntas,
2402 3246 2559 3299 malis
2590 3248 2900 3316 aﬁiciamim’
2948 3266 3106 3318 quam
3164 3251 3393 3322 malefa-

122 3344 220 3394 καὶ
274 3341 534 3409 Χριστὸς
588 3339 750 3405 ἅπαξ
800 3339 955 3409 ὑπὲρ
1001 3340 1302 3410 ἁμαρτιῶν
1349 3339 1592 3406 ἔπαθεν,
1632 3339 1706 3393 δι’.

1823 3340 2015 3393 cientes
2048 3338 2507 3406 :quandoqttidem
2540 3349 2588 3392 et
2622 3339 2859 3394 Christus
2896 3344 3057 3394 semel
3087 3358 3181 3408 pro
3209 3359 3395 3409 pecca-

123 3450 293 3497 muoc
344 3431 501 3500 ὑπὲρ
551 3431 810 3497 ἀδίκων,
862 3432 962 3485 ινα
1018 3431 1172 3501 ἡμᾶς
1233 3430 1583 3499 προσαγάγῃ
1636 3431 1706 3495 τῷ

1816 3431 1883 3484 tis
1904 3444 2088 3497 passus
2122 3429 2244 3495 fuit,
2267 3427 2448 3497 justus
2466 3446 2560 3497 pro
2594 3431 2827 3498 injttstis,
2860 3442 2916 3484 ut
2970 3449 3061 3485 nos
3111 3431 3394 3488 adduceret

126 3525 253 3589 θεῷ
276 3566 292 3589 ,
332 3524 683 3588 θανατωθεὶς
721 3522 838 3592 μὲν
870 3525 1071 3592 σαρκὶ,
1122 3522 1506 3591 ζωοποιηθεὶς
1534 3522 1602 3575 δὲ
1636 3523 1713 3588 τῷ

125 3616 442 3683 πνεύματι.

215 3708 284 3760 Ἦ
309 3706 615 3773 αἰτιολογία
643 3705 807 3776 αὕτη,
846 3708 909 3760 οὒ
956 3706 1095 3778 πρὸς
1126 3709 1191 3760 tit
1240 3707 1523 3778 προσεχῶς
1560 3709 1711 3777 εἰρη-

130 3804 287 3870 μένα,
319 3801 459 3857 ἀλλὰ
490 3802 625 3871 πρὸς
654 3804 722 3854 τὰ
758 3802 953 3872 μικρὸν
980 3804 1257 3871 ἀνωτέρω,
1285 3804 1364 3856 ὅτι
1388 3802 1450 3855 Εἰ
1481 3803 1577 3856 καὶ
1606 3802 1711 3854 πά.

130 3910 313 3963 uictae
334 3891 426 3946 διὰ
454 3892 827 3963 δικαιοσύνην,
852 3893 1112 3963 μακάριοι
1140 3894 1438 3957 ἐστέ,διότι
1466 3895 1712 3964 κρεῖττον

128 3982 604 4049 ἀγαθοποιοῦντας
634 3984 864 4053 πάσχειν
891 3984 1131 4055 κακῶςῆ
1161 3984 1608 4046 κακοποιοῦντας.
1642 3986 1710 4036 Ἦ

133 4078 290 4136 εἴτις
321 4076 461 4144 πρὸς
499 4076 559 4127 τὺ
601 4073 886 4145 προσεχῶς
945 4074 1045 4143 τὴν
1092 4076 1424 4142 αἰτιολογίαν
1474 4075 1714 4145 βούλοιτο

128 4165 463 4227 ἀποδιδόναι,
498 4164 580 4225 τὸ,
642 4163 1134 4231 Ἀγαθοιτοιιιῦντας
1156 4206 1171 4228 ,
1218 4167 1337 4234 οὐχὶ
1367 4166 1499 4235 πρὸς
1526 4166 1714 4236 ἕτερον

130 4259 235 4326 χρὴ
284 4255 589 4325 λαμϐάνειν
626 4256 1013 4326 εὐεργετικως,
1070 4257 1188 4310 ἀλλ’
1233 4258 1538 4321 ἀπολύτως,
1594 4259 1714 4310 ἀντὶ

128 4348 219 4400 τοῦ
269 4346 479 4415 ’Δγαθὰ
528 4346 947 4418 ἐργαζομένους.
1014 4347 1287 4412 Ὡσαύτως
1319 4351 1412 4405 καὶ
1443 4348 1504 4400 τὸ
1534 4351 1711 4401 Κακοο

130 4440 442 4501 ποιοῦντας.
479 4439 807 4509 Προστίθιγςι
832 4440 885 4492 δὲ
930 4440 1011 4505 τὸ,
1048 4458 1067 4491 ι
1120 4441 1183 4494 Et
1220 4441 1369 4494 θέλοι
1411 4441 1472 4494 τὸ
1502 4441 1715 4509 θέλημα

129 4533 218 4586 τοῦ
250 4532 417 4594 Θεοῦ,
458 4550 477 4583 ι
515 4532 732 4593 δεικνὺς
778 4532 859 4584 ὅτι
901 4533 1052 4586 οὐδὲν
1087 4533 1215 4585 ἄνευ
1273 4534 1375 4603 τῆς
1425 4534 1519 4586 τοῦ
1576 4533 1711 4585 Θεοῦ

134 4624 306 4691 ῥοπῆς
335 4625 419 4686 είς
445 4624 597 4693 ἡμᾶς
651 4623 887 4691 γίνεται,
920 4623 1034 4676 ἀλλ’
1066 4624 1099 4693 ἥ
1131 4624 1223 4677 διὰ
1256 4625 1541 4695 ἁμαρτιῶν
1585 4643 1705 4679 κου-

134 4714 354 4782 φισμὸν,
385 4713 419 4782 ἦ
443 4712 536 4764 διὰ
571 4713 878 4783 ἀνάρρησιν
910 4714 1004 4767 καὶ
1028 4714 1186 4778 δόξαν
1221 4715 1399 4785 ἡμῶν,
1427 4715 1460 4786 ἢ
1494 4717 1590 4768 καὶ
1637 4717 1717 4777 εἰς

133 4804 332 4872 ἐτέρων
362 4801 662 4873 σωτηρίαν.
693 4802 863 4855 Τοῦτο
896 4804 954 4856 δέ
987 4804 1184 4860 διττόν.
1215 4807 1285 4858 Ἦ
1320 4806 1429 4876 γὰρ
1452 4805 1716 4859 κακοῦταί

132 4907 211 4953 τις
253 4892 469 4954 δίκαιος
523 4890 661 4962 πρὸς
695 4895 1075 4963 σωφρονισμὸν
1119 4896 1321 4967 ἐτέρων
1352 4896 1712 4967 ἁμαρτωλῶν,

134 4980 317 5043 καθὼς
342 4981 583 5051 εἴρηται,
612 4983 660 5034 εί
684 4983 712 5034 ὀ
744 4982 951 5045 δίκαιος
980 4985 1135 5052 μόλις
1186 4984 1440 5049 σώζεται,
1470 4985 1497 5037 ὁ
1538 4988 1717 5058 ἁμαρ-

131 5072 299 5133 τωλὸς
320 5070 427 5124 ποῦ
450 5074 701 5139 φανεῖται
721 5090 735 5138 ;
755 5073 866 5126 Καὶ
887 5073 1043 5126 τοῦτο
1065 5075 1121 5126 δέ
1135 5075 1317 5147 διττὴν
1337 5078 1591 5147 ἐμφαίνει
1619 5079 1715 5151 τὴν

132 5164 416 5231 ὼρέλειαν,
449 5163 529 5233 τῷ
584 5165 685 5234 μὲν
728 5167 991 5236 πάσχοντι
1024 5169 1239 5239 δικαίῳ,
1268 5169 1590 5241 προσθήκην
1638 5172 1717 5225 δι-

134 5256 425 5326 καιοσύνης
488 5256 578 5310 διὰ
636 5257 739 5328 τῆς
781 5259 1091 5330 ὑπομονῆς,
1152 5262 1229 5332 τῷ
1271 5262 1327 5314 δέ
1379 5265 1715 5335 ἐπιστροφὴν

136 5348 328 5416 ὁρῶντι
353 5349 688 5419 ἁμαρτωλῷ,
714 5351 1050 5421 ἐπιστροφὴν
1082 5354 1265 5417 καθὼς
1295 5354 1545 5413 εἴπομεν.

208 5614 279 5667 Ἦ
310 5608 405 5666 οὖν
429 5612 704 5666 διὰταῦτα
734 5614 933 5683 πάσχει
962 5616 1188 5680 δίκαιος,
1223 5616 1256 5687 ἢ
1286 5617 1379 5670 καὶ
1404 5616 1470 5681 διῗ
1494 5617 1692 5689 ἑτέρων

205 5792 249 5824 ⁸⁸
270 5792 432 5847 Rom.
457 5807 557 5853 ιιι,
580 5791 599 5843 1
620 5791 666 5844 Ξ.

415 5885 686 5944 ΡΑῖιιοι..
732 5882 845 5942 Gn.
884 5885 984 5945 CX
1001 5886 1016 5943 ξ
1036 5886 1112 5945 Χ.

1822 3523 1947 3585 Deo,
1994 3520 2343 3588 morti/iratus
2378 3524 2585 3591 quidem
2617 3540 2794 3589 carne,
2822 3528 2911 3579 sed
2962 3526 3253 3595 t't'viﬁcatus
3280 3528 3393 3597 spi-

1815 3616 1942 3670 ritu.

1888 3707 2014 3764 Haec
2041 3720 2123 3765 est
2155 3727 2332 3766 causa;
2365 3707 2601 3764 redditio
2629 3722 2739 3762 non
2770 3708 2835 3762 ad
2869 3724 2928 3763 ea
2961 3725 3079 3779 qua:
3108 3709 3395 3766 immedia-

1816 3808 1870 3854 te
1897 3799 2041 3856 dicta
2077 3813 2224 3866 sunt,
2256 3802 2349 3860 sed
2381 3802 2446 3856 ad
2479 3816 2540 3855 ea
2567 3814 2687 3868 qua:
2728 3800 2887 3868 paulo
2917 3801 3189 3869 superius,
3224 3812 3353 3872 puta
3379 3821 3393 3855 :

1815 3887 1871 3942 Si
1929 3888 2059 3957 quid
2115 3890 2393 3958 patiamini
2451 3898 2673 3958 propter
2711 3888 3000 3956 justitiam,
3041 3891 3180 3944 beati
3220 3894 3395 3948 estis:

1814 3990 2038 4053 praestat
2068 3984 2213 4036 enim
2248 3992 2309 4035 ut
2349 3980 2756 4036 benefacieutes
2789 3982 2944 4036 malis
2997 3981 3155 4052 5n
3193 3984 3397 4041 allicia-

1818 4073 1952 4126 mini
1982 4090 2146 4143 quam
2214 4073 2643 4128 malefacientes.
2709 4073 2819 4127 Aut
2850 4075 2894 4128 si
2956 4077 3080 4144 quis
3141 4076 3270 4130 velit
3331 4079 3398 4133 ad

1816 4163 2127 4219 immediate
2152 4164 2465 4233 prmcedens
2504 4179 2680 4218 causa:
2730 4165 3096 4219 redditionem
3151 4168 3395 4223 referre:

1814 4256 1958 4325 quod
1995 4256 2191 4310 dicitur
2225 4255 2660 4320 Benefacientcs,
2698 4272 2808 4309 non
2871 4267 3092 4325 oportet
3148 4260 3398 4329 accipere

1815 4357 1875 4401 ut
1903 4347 1977 4401 sit
2009 4346 2075 4401 de
2112 4348 2216 4401 alio
2248 4347 2386 4401 bene
2422 4347 2702 4409 merendo,
2732 4348 2826 4401 sed
2858 4349 3131 4412 absolute,
3160 4349 3263 4404 hoc
3290 4362 3395 4413 est.

1818 4438 1962 4491 bona
1997 4447 2308 4506 Operantes.
2367 4437 2632 4492 Similiter
2684 4446 2738 4490 et
2769 4439 3195 4497 malefacientes.
3238 4444 3402 4500 Addit

1821 4539 2003 4583 autem
2027 4528 2139 4581 :tSi
2171 4527 2302 4582 velit
2328 4526 2421 4581 Dei
2453 4527 3061 4591 voluntas,»ostendens
3091 4533 3235 4600 quod
3264 4535 3402 4588 nihil

1822 4620 2027 4687 absque
2060 4618 2156 4673 Dei
2214 4627 2349 4672 nutu
2383 4618 2526 4673 circa
2579 4633 2679 4672 nos
2720 4618 3001 4689 contingit.
3060 4624 3152 4675 sed
3186 4624 3272 4677 vel
3332 4626 3399 4678 ad

1820 4718 2167 4779 peccatorum
2209 4709 2633 4773 alleviationem,
2683 4711 2769 4764 vel
2821 4711 2887 4764 ad
2959 4713 3291 4780 praeconium
3347 4725 3404 4770 et

1822 4801 2047 4870 gioriam
2082 4808 2343 4865 nostram,
2403 4809 2499 4854 aut
2557 4801 2719 4853 etiam
2759 4800 2825 4854 ad
2883 4801 3110 4856 aliorum
3147 4805 3400 4861 salutem.

1822 4894 1935 4947 Hoc
1964 4902 2144 4947 autem
2182 4892 2474 4961 dupliciter
2501 4892 2789 4962 contingit.
2826 4894 2932 4946 Aut
2960 4894 3107 4947 enim
3141 4895 3401 4967 afﬂigitur

1819 4985 2089 5053 quispiam
2141 4985 2323 5053 justus
2351 4984 2416 5036 ad
2477 4983 2886 5053 castigationem
2946 4985 3174 5039 altorum
3209 5002 3403 5056 pecca-

1820 5084 2041 5128 torum:
2074 5068 2539 5144 quemadmodum
2588 5075 2793 5129 dictum
2842 5086 2957 5129 est:
2996 5076 3052 5130 Si
3099 5077 3281 5145 justus
3317 5080 3403 5133 vix

1822 5168 2005 5221 salvus
2035 5167 2290 5231 efﬁcitur,
2351 5176 2610 5237 peccator
2663 5167 2757 5221 ubi
2818 5170 3145 5238 apparebit?
3179 5171 3245 5225 Et
3297 5173 3401 5226 hoc

1819 5273 2041 5328 quoque
2080 5259 2352 5328 duplicem
2385 5258 2607 5313 exhibet
2638 5259 2930 5314 utilitatem
2963 5280 2975 5314 :
3004 5262 3153 5330 justo
3176 5264 3399 5330 quidem

1814 5350 1910 5419 qui
1941 5350 2216 5420 alliigitur,
2242 5350 2466 5419 justitia:
2507 5362 2856 5421 augmentum
2927 5366 3150 5423 propter
3182 5356 3402 5424 patien-

1813 5441 1981 5495 tiam:
2008 5443 2281 5511 peccatori
2312 5451 2494 5497 autem
2518 5444 2610 5512 qui
2641 5444 2904 5507 intuetur,
2942 5448 3389 5516 conversionem,

1811 5541 1871 5585 ut
1895 5534 2155 5588 diximus.

1886 5622 1985 5677 Aut
2024 5622 2186 5693 igitur
2213 5634 2439 5718 propter
2474 5626 2589 5680 haec
2626 5626 2826 5696 patitur
2881 5627 3098 5697 justus:
3131 5640 3223 5684 aut
3273 5646 3399 5701 pro-

2887 5903 2960 5968 13
