4178 6454
804 393 905 453 555
1862 406 2190 464 (ECUMEN
2210 406 2255 460 ll
2301 403 2589 462 TRICCAS
2618 406 2953 466 EPISCOPI
3953 410 4072 476 5.35

807 518 926 578 pter
980 511 1207 565 aliorum
1257 516 1508 582 salutem,
1547 521 2003 586 quemadmodum
2036 533 2089 574 et
2119 523 2386 575 Christus.
2418 523 2457 579 Α

2426 523 2466 579 Α
2498 523 2792 592 σωτηρίαν,
2827 524 3007 586 καθὼς
3038 525 3132 578 καὶ
3170 526 3196 577 ὁ
3229 526 3482 594 Χριστός.
3518 527 3625 579 Καὶ
3659 527 3850 578 τούτου
3907 531 4076 600 χάριν

805 601 869 655 Et
895 603 966 655 ob
989 602 1039 656 id
1075 604 1262 659 Petrus
1293 608 1454 662 etiam
1479 625 1624 663 nunc
1641 611 2000 666 additChristi
2031 613 2336 678 exemplum
2363 630 2374 664 :

2488 614 2580 664 καὶ
2601 613 2806 682 Πέτρος
2825 614 3148 683 προστίθησι
3172 615 3267 668 νῦν
3291 615 3349 668 τὸ
3364 615 3456 667 τοῦ
3476 617 3713 686 Χριστοῦ
3735 618 4079 688 ὑπόδειγμα,

803 695 1058 760 quoniam
1100 706 1154 749 et
1183 697 1432 752 Christus
1460 715 1578 768 qum
1618 719 1811 771 passus
1856 715 1938 757 est
1983 719 2091 758 non
2128 721 2227 774 pro
2268 705 2379 758 suis

2482 703 2563 755 ὅτι
2604 704 2697 755 καὶ⁹
2733 705 2974 773 Χριστὸς
3006 705 3152 772 ἅπερ
3194 706 3421 769 ἔπαθεν,
3454 706 3552 775 οὐχ
3588 707 3728 776 ὑπὲρ
3781 710 4080 778 ἁμαρτιῶν

798 783 1016 837 delictis
1049 802 1242 854 passus
1296 799 1400 853 est,
1458 792 1552 844 sed
1606 809 1705 862 pro
1741 795 1963 848 nostris.
1999 795 2125 849 ldeo
2163 812 2379 866 quoque

2480 794 2699 846 οἰκείων
2750 794 2972 857 ἔπαθεν,
3010 794 3124 847 ἀλλ’
3159 796 3297 864 ὑπὲρ
3329 796 3437 847 τῶν
3485 797 3791 866 ἡμετέρων.
3849 799 3938 851 Διὸ
3970 801 4081 852 καὶ

800 877 1080 948 subiungit
1113 897 1125 931 :
1157 878 1346 935 Justus
1379 899 1475 951 pro
1501 885 1736 955 injustis.
1765 887 1896 940 Nam
1924 889 2034 956 ipse
2053 890 2193 943 sicut
2220 901 2378 944 antea

2482 883 2698 949 ἐπάγει,
2726 885 2941 948 Δίκαιος
2982 886 3119 955 ὑπὲρ
3149 885 3370 938 ἀδίκων.
3402 887 3574 948 Αὖτίς
3623 887 3752 956 γάρ,
3794 888 3868 949 ὡς
3900 892 4075 940 κατό-

802 982 897 1035 per
915 970 1226 1037 prophetam
1246 976 1498 1039 ostendit,
1521 989 1801 1046 peccatum
1819 996 1923 1031 non
1943 979 2162 1034 fecerat.
2182 979 2377 1036 Osten-

2484 991 2576 1026 πιν
2602 975 2686 1027 διά
2719 975 2813 1028 τοῦ
2843 978 3123 1046 προψήτου
3151 976 3451 1039 ἀπέδειξεν,
3482 978 3756 1045 ἁμαρτέαν
3785 979 3884 1031 οὒκ
3916 981 4081 1031 2:05-

801 1059 934 1111 dens
950 1069 1130 1113 autem
1151 1062 1269 1130 ejus
1292 1066 1382 1132 qui
1406 1083 1596 1134 passus
1629 1066 1730 1120 fuit
1763 1067 2054 1123 elﬁcaciam
2103 1086 2166 1124 ac
2206 1071 2375 1124 virtu-

2483 1080 2602 1134 ησε.
2633 1067 2855 1128 Δεικνῦς
2888 1066 2944 1117 δὲ
2982 1067 3042 1119 τὸ
3067 1067 3159 1118 τοῦ
3201 1067 3465 1127 παθόντος
3496 1067 3826 1137 δραστήριόν
3859 1087 3919 1121 τε
3967 1073 4083 1123 καὶ

805 1158 931 1211 tem,
959 1151 1277 1222 subiungit:
1326 1154 1526 1210 Semel.
1554 1156 1747 1220 Tanta,
1776 1159 1972 1228 inquit,
2027 1162 2132 1215 fuit
2179 1163 2385 1216 virtute

2481 1158 2724 1223 δυνατὸν,
2781 1159 3031 1228 ἐπιφέρει
3080 1159 3142 1211 τδ
3174 1160 3378 1225 Ἀπαξ.
3433 1159 3681 1228 Τοσαύτη
3712 1161 3842 1229 γὰρ,
3883 1166 4081 1228 φησὶν,

802 1241 893 1307 qui
929 1257 1027 1309 pro
1060 1243 1373 1299 hominibus
1397 1262 1590 1315 passus
1621 1249 1742 1311 fuit,
1777 1261 1836 1304 ut
1867 1267 2176 1320 quanquam
2213 1255 2381 1306 multa

2489 1250 2732 1321 ὑπῆρξεν
2773 1256 2804 1320 ὴ
2837 1252 2931 1304 τοῦ
2961 1252 3223 1314 παθόντος
3274 1253 3505 1321 δύναμις
3559 1253 3696 1323 ὑπὲρ
3723 1253 3831 1304 τῶν
3859 1254 4082 1322 ἀνθρὼ-

806 1334 994 1390 horum
1011 1336 1547 1400 peccataolfeuderit,
1603 1341 1760 1394 uniea
1790 1339 2194 1411 Dominipassio
2235 1344 2379 1399 sum-

2487 1359 2625 1403 πων,
2678 1343 2817 1395 ὥστε
2861 1345 2909 1395 εἰ
2962 1345 3057 1396 καὶ
3107 1343 3277 1396 πολλά
3328 1345 3395 1396 τά
3446 1345 3818 1413 ἁμαρτήματα
3864 1347 4082 1397 τούτων

804 1424 952 1476 ciens
977 1425 1220 1479 fueritad
1239 1428 1874 1486 obtundendamomnem
1924 1437 2028 1488 vim
2069 1446 2377 1490 nostrorum

2488 1433 2946 1501 κατελαμῦἀνετο,
2997 1433 3054 1484 ἓν
3092 1435 3251 1503 μόνον
3277 1437 3506 1503 ἀρκέσαι
3525 1435 3696 1497 πάθος
3733 1433 3826 1487 τοῦ
3859 1437 4073 1505 Κυρίςυ

803 1517 1449 1583 peccatorum.Quoniam
1470 1522 1635 1593 igitur
1667 1540 1860 1594 passus
1901 1536 1983 1580 est
2031 1527 2300 1590 Christus,
2325 1539 2382 1580 ut

2487 1528 2666 1578 πάσαν
2683 1526 3032 1596 ἀπαμὸλῦναι
3059 1525 3158 1596 τὴν
3174 1526 3404 1595 δύναμιν
3429 1529 3535 1579 τῶν
3561 1529 3846 1596 ἡμετέρων
3872 1530 4068 1598 ἀμαρ-

800 1622 900 1661 nus
921 1610 985 1661 ad
1005 1610 1168 1664 Deum
1190 1622 1245 1665 et
1264 1614 1473 1666 Patrem
1503 1629 1660 1668 suum
1685 1615 1998 1677 adduceret,
2022 1619 2382 1671 ostenditom-

2485 1619 2760 1686 τημάτων.
2809 1620 2960 1671 Ἐπεὶ
2990 1618 3082 1671 οὖν
3113 1617 3254 1686 ὑπὲρ
3294 1621 3392 1684 τῆς
3437 1619 3592 1688 ἡμῶν
3633 1620 3765 1689 προς
3803 1621 3893 1671 τδν
3927 1621 4072 1671 Θεὶν

799 1701 933 1755 uino
949 1705 1090 1770 quod
1119 1719 1225 1756 non
1274 1721 1462 1758 omnes
1481 1707 1570 1773 qui
1596 1707 1875 1775 patiuntur
1894 1718 2136 1779 ,propter
2158 1719 2380 1777 peccata

2488 1711 2582 1762 καὶ
2626 1711 2845 1779 Πατέρα
2876 1712 3040 1764 αὑτοῦ
3079 1711 3443 1778 προσαγωγῆς
3481 1711 3702 1768 ἔπαθεν.
3737 1712 3939 1778 ἔδειξεν
3985 1713 4078 1764 ὅτι

799 1795 1104 1860 patiuntur.
1122 1794 1180 1846 Et
1197 1797 1318 1863 quia
1333 1793 1534 1866 duplici
1553 1800 1714 1854 modo
1727 1800 2101 1854 consideratur
2113 1801 2379 1864 Christus,
2423 1867 2433 1869 _

2423 1867 2433 1869 μ
2487 1802 2547 1853 οὐ
2586 1801 2801 1863 πάντως
2847 1800 3051 1863 πάντες
3092 1801 3140 1852 οἱ
3194 1801 3492 1869 πάσχοντες
3539 1801 3605 1852 δι’
3640 1800 3919 1868 ἁμαρτίας
3955 1803 4070 1853 πά-

802 1900 998 1953 nempe
1025 1887 1166 1940 Deus
1183 1897 1236 1941 ct
1261 1889 1445 1952 homo,
1492 1906 1684 1958 passus
1703 1907 1917 1959 quoque
1939 1893 2203 1961 duplicem
2225 1894 2378 1947 nobis
2419 1867 2452 1918 Η

2429 1867 2456 1917 Β
2490 1909 2696 1961 σχουσι.
2727 1894 2835 1945 Καὶ
2859 1891 3045 1960 ἐπειδὴ
3068 1890 3288 1952 διπλοῦς
3325 1891 3352 1941 ὁ
3382 1891 3636 1960 Χριστὸς,
3679 1890 3809 1954 Θεὸς
3855 1894 3948 1944 καῖ
3979 1893 4079 1944 άν-

803 1976 1028 2042 gratiam
1053 1978 1301 2030 contulit.
1320 1979 1560 2032 Mortuus
1587 1982 1730 2034 enim
1766 1990 2018 2050 tanquam
2046 1983 2207 2036 homo
2241 1984 2376 2038 libe-

2485 1985 2723 2054 θρωπος,
2761 1984 2956 2051 διπλῆν
2984 1984 3079 2036 καὶ
3111 1983 3210 2051 τὴν
3237 1984 3398 2052 χάριν
3423 1987 3555 2052 ἡμῖν
3584 1985 3821 2051 παρέσχε
3856 1982 4073 2035 παθὼν.

804 2070 941 2122 ravit
975 2086 1071 2122 nos
1096 2071 1124 2123 ἐι
1163 2079 1334 2126 morte
1361 2080 1418 2125 et
1446 2074 1824 2143 corruptione,
1880 2075 2187 2129 innovando
2218 2076 2376 2130 nobis

2497 2073 2807 2127 Ἀποθανὼν
2835 2075 2943 2142 γὰρ
2968 2073 3042 2135 ὡς
3071 2073 3379 2142 ἄνθρωπος,
3420 2073 3736 2143 ἀπήλλαξεν
3774 2075 3925 2141 ἡμᾶς
3973 2071 4075 2124 τοῦ

804 2163 1277 2226 resurrectionem,
1308 2172 1362 2217 et
1405 2165 1587 2219 dando
1618 2181 1712 2234 per
1743 2182 1898 2219 suum
1951 2168 2276 2237 exemplum,
2305 2183 2374 2222 ne

2483 2162 2712 2215 θανάτου
2747 2164 2840 2216 καὶ
2867 2163 2966 2231 τῆς
2999 2162 3225 2232 φθορᾶς,
3253 2162 3351 2232 τὴν
3385 2163 3681 2215 ἀνάστασιν
3713 2164 3846 2232 ἡμῖν
3873 2163 4071 2228 ἐγκαι-

799 2253 1060 2323 deineeps
1091 2256 1209 2309 sine
1239 2273 1334 2324 spe
1370 2258 1792 2311 resurrectionis
1822 2261 2120 2312 morientes
2145 2261 2374 2314 subeant

2483 2254 2659 2316 νίσας,
2708 2255 2800 2307 καὶ
2842 2255 2965 2316 δοὺς
2999 2255 3085 2307 διά
3116 2253 3209 2305 τοῦ
3238 2254 3432 2306 ἑαυτοῦ
3466 2255 3792 2321 ὑπόδειγμα,
3835 2255 3910 2316 ὼς
3967 2257 4073 2306 οὐκ

805 2356 1054 2399 mortem.
1108 2346 1419 2402 Vivilicatus
1467 2358 1670 2410 autem.
1714 2351 1815 2406 hoc
1841 2359 1946 2408 est.
1988 2367 2274 2422 resurgens
2308 2368 2374 2406 ex

2484 2347 2564 2398 ἔτι
2600 2348 2649 2398 οἱ
2690 2345 3124 2416 ἀποθνήσκοντες
3161 2345 3481 2398 ἀνέλπιστον
3509 2347 3860 2408 ἀναστάσεως
3891 2347 4075 2415 ὑπὲρ-

802 2436 1031 2490 mortuis
1060 2438 1256 2491 virtute
1279 2438 1578 2494 divinitatis
1609 2441 1864 2506 (surrexit
1889 2442 2030 2494 enim
2062 2457 2128 2495 ex
2148 2442 2375 2496 mortuis

2484 2455 2668 2505 χονται
2699 2438 2948 2490 θάνατον·
2984 2437 3350 2505 Ζωοποιηθεὶς
3376 2435 3456 2496 δὲ,
3484 2438 3785 2498 τουτέστιν,
3824 2438 4072 2497 ἀναστάς

803 2543 908 2580 non
936 2537 1190 2598 tanquam
1213 2531 1395 2593 homo,
1429 2531 1522 2585 sed
1561 2542 1813 2600 tanquam
1844 2532 2031 2599 Deus),
2062 2533 2221 2586 simul
2252 2534 2374 2587 vitze

2482 2529 2546 2578 ὲκ
2578 2528 2810 2596 νεκρῶν,
2853 2529 2915 2595 τῇ
2944 2529 3042 2596 τῆς
3082 2527 3334 2595 θεότητος
3359 2526 3609 2595 δυνάμει,
3661 2528 3678 2594 (
3707 2528 3909 2595 ἀνέστη
3955 2529 4072 2596 γάρ

806 2620 1046 2675 restituit
1093 2637 1282 2676 omnes
1327 2623 1416 2691 qui
1451 2623 1502 2676 in
1533 2623 1748 2677 inferno
1775 2633 1945 2682 erant.
1982 2640 2086 2678 una
2141 2628 2373 2681 resusci-

2483 2620 2545 2669 ὲκ
2576 2617 2804 2684 νεκρῶν,
2833 2617 2930 2685 οὐχ
2960 2615 3036 2679 ὡς
3072 2616 3377 2685 ἄνθρωπος,
3407 2616 3520 2668 ἀλλ’
3567 2616 3644 2678 ὡς
3690 2615 3845 2678 Θεὸς,
3883 2617 3898 2681 )
3939 2633 4075 2668 συν-

804 2716 925 2762 tans
979 2725 1183 2762 serum.
1221 2709 1382 2763 Multa
1417 2727 1651 2781 namqne
1689 2711 1855 2781 512
1895 2728 2124 2781 corpora
2157 2724 2374 2768 sancto-

2482 2707 2817 2777 εξωοποὶησε
2851 2709 2981 2770 τοὺς
3038 2709 3097 2760 ὲν
3129 2706 3206 2776 τῷ
3256 2707 3358 2778 ᾄδῃ
3413 2710 3822 2778 συναναστήσας
3863 2709 4069 2775 ἐαυτῷ.

802 2813 920 2852 rum
950 2799 1037 2867 qui
1081 2799 1417 2852 dormierant
1471 2802 1700 2855 excitata
1735 2812 1884 2864 sunt,
1913 2803 2064 2872 juxta
2125 2815 2372 2858 sanctum

2483 2796 2660 2849 Πολλά
2677 2797 2784 2866 γὰρ
2807 2796 3052 2865 σώματα,
3080 2795 3222 2848 κατά
3239 2796 3328 2847 τὸν
3349 2795 3492 2848 θεῖον
3515 2797 3934 2864 εὐαγγελιστὴν,
3957 2797 4073 2848 vel»:

799 2889 1204 2959 evangelistam,
1222 2890 1403 2944 etvisa
1432 2900 1554 2944 sunt
1578 2905 1608 2943 a
1633 2891 1919 2944 multis"'.
1944 2890 2046 2945 Sed
2073 2893 2159 2945 ubi
2191 2892 2375 2947 hacte-

2483 2888 2904 2955 κεκοιμημένων
2928 2885 3098 2950 ἁγίων
3116 2886 3346 2954 ἠγέρθη,
3361 2887 3454 2938 καὶ
3473 2887 3797 2956 ὲνεφανίσθη
3822 2887 4068 2950 πολλοῖς.

801 2993 904 3032 nus
945 2995 1194 3034 sermone
1263 2981 1526 3050 processit
1557 2991 1611 3036 et
1641 2983 1758 3036 hzec
1805 2983 2066 3048 ostendit,
2117 2984 2375 3052 deinteps

2494 2977 2655 3030 Ἀλλά
2705 2975 2783 3046 τῷ
2831 2975 2974 3044 λόγῳ
3029 2975 3188 3045 μέχρι
3246 2974 3434 3028 τούτου
3477 2976 3684 3045 προϐὰς
3730 2979 3824 3028 καὶ
3855 2976 4067 3041 δείξας,

803 3073 1057 3141 proponit
1089 3074 1360 3142 quomodo
1390 3083 1636 3127 mortuus
1671 3074 1735 3128 iis
1779 3074 2047 3143 profuerit
2078 3075 2167 3143 qui
2215 3093 2259 3127 a2
2288 3085 2373 3129 tea

2482 3068 2844 3139 προκειμένου
2891 3068 3095 3128 λοιπὸν,
3137 3066 3254 3128 πῶς
3307 3067 3596 3120 ἀποθανὼν
3648 3067 3904 3137 ὠφέλησε
3934 3072 4067 3130 τοὺς

801 3161 1155 3218 dormierant.
1185 3162 1356 3216 Simul
1386 3164 1547 3217 etiam
1572 3179 1695 3219 cum
1747 3165 1914 3218 multa
1948 3173 2093 3218 esset
2124 3165 2372 3233 qumstio,
2405 3215 2444 3233 η

2417 3215 2444 3233 _
2483 3163 3048 3232 προκεκοιμημὲνους,
3107 3160 3223 3229 ἅμα
3268 3159 3325 3213 δὲ
3373 3161 3466 3213 καὶ
3520 3160 3801 3229 ζητήσεως
3861 3161 4067 3228 πολλῆς

799 3253 849 3308 si
882 3255 952 3308 ob
983 3255 1208 3308 salutem
1234 3256 1476 3309 oumium
1517 3256 1800 3310 hominum
1841 3256 1981 3309 facta
2011 3266 2096 3310 est
2124 3258 2374 3311 Dominio
2401 3215 2445 3278 Ο

2413 3215 2445 3278 Β
2480 3215 2674 3323 οέσης,
2711 3215 2763 3305 εί
2809 3215 2903 3305 ἔπι
2937 3215 3180 3323 σωτηρία
3214 3253 3430 3305 πάντων
3474 3215 3798 3322 ἀνθρωπων-
3827 3254 3859 3321 ἡ
3899 3215 4063 3305 ἑνινέ

806 3345 1129 3409 inearnatio,
1185 3347 1403 3413 qualem
1437 3346 1612 3400 sortiti
1651 3356 1779 3400 sunt
1807 3347 2034 3399 salutem
2065 3349 2154 3414 qui
2217 3357 2375 3402 antea

2477 3341 2760 3411 θρώπησις
2811 3342 2902 3394 τοῦ
2963 3341 3191 3414 Κυρίου,
3233 3343 3397 3402 ποίας
3452 3342 3641 3410 ἔτυχον
3683 3344 3963 3412 σωτηρίας
4013 3345 4063 3395 οξ

811 3436 1009 3488 mortui
1055 3446 1202 3498 sum,
1243 3441 1533 3505 utrumque
1559 3453 1668 3491 uno
1699 3437 1864 3492 modo
1894 3438 2164 3501 dissolvit,
2193 3449 2248 3492 et
2277 3439 2373 3502 ait,

2478 3433 2859 3503 προθανὸντες,
2891 3432 3008 3485 λύει
3060 3433 3349 3503 ἀμφότερα
3377 3433 3443 3485 δι’
3483 3433 3601 3495 ἑνὸς
3627 3433 3721 3485 καί
3758 3452 3950 3503 φησιν,
3979 3439 4063 3488 δτι

806 3527 948 3593 quod
985 3543 1131 3580 mors
1169 3529 1379 3581 Domini
1419 3537 1707 3597 utrumque
1741 3529 1936 3582 borum
1991 3539 2211 3598 operata
2271 3541 2372 3594 est,

2477 3529 2504 3578 ο
2530 3526 2622 3578 τοῦ
2657 3527 2858 3592 Κυρίου
2903 3526 3152 3590 θάνατος,
3208 3526 3493 3594 ἀμφότερα
3526 3525 3698 3578 ταῦτα
3727 3528 4059 3596 εἰργάσατο.

809 3630 960 3685 Spem
1019 3617 1270 3671 videlicet
1344 3618 1675 3686 operationis
1744 3632 1841 3685 per
1891 3617 1992 3671 hoc
2059 3619 2200 3686 quod
2265 3619 2376 3686 ipse

2481 3618 2673 3668 ἐλπίδα
2727 3617 3082 3678 ἀναστάσεως
3135 3616 3222 3668 διὰ
3247 3615 3343 3666 τοῦ
3389 3615 3685 3683 ἀναστῆναι
3720 3617 3906 3680 αὐτὸν,
3968 3619 4063 3669 καὶ

810 3709 1190 3769 τθευιτειετίι,
1237 3718 1292 3761 et
1321 3724 1535 3761 rursum
1570 3723 1761 3762 eorum
1796 3707 2022 3761 salutem
2051 3707 2140 3775 qui
2169 3707 2379 3776 priores

2483 3708 2756 3776 σωτηρίαν
2831 3708 2993 3758 πάλιν
3047 3705 3160 3758 τῶν
3217 3706 3766 3776 προκεκοιμημένων.
3822 3709 3888 3760 Οἱ
3955 3713 4060 3778 γὰρ

803 3800 1163 3853 dormierant.
1227 3797 1359 3852 Nam
1387 3801 1477 3867 qui
1511 3800 1668 3853 bonis
1714 3799 1972 3867 operibus
2006 3798 2170 3851 vitam
2224 3813 2375 3850 suam

2483 3798 2666 3866 ἔργοις
2691 3798 2918 3865 ἀγαθοῖς
2942 3799 3032 3851 τὸν
3057 3797 3266 3850 ἑαυτῶν
3296 3799 3436 3850 κατὰ
3463 3799 3552 3851 τὸν
3580 3799 3678 3866 τῆς
3706 3799 3854 3867 ζωῆς
3879 3801 4065 3853 αὑτῶν

808 3889 1135 3946 adornaraot
1168 3899 1410 3957 tempore
1458 3906 1567 3956 quo
1605 3890 1878 3950 vixerant,
1920 3888 2376 3956 quemadmodum

2481 3892 2668 3959 χρόνον
2732 3889 3182 3956 περιανθίσαντες
3230 3889 3363 3957 βίον,
3410 3890 3485 3951 ὠς
3539 3890 3588 3941 ει
3646 3889 3741 3940 καὶ
3800 3891 3923 3942 τότε
3984 3893 4062 3959 τῷ

808 3982 852 4034 si
887 3990 1016 4034 tunc
1076 3980 1385 4034 advenisset
1439 3981 1688 4033 Christus
1745 3993 2088 4047 nequaquam
2135 3979 2378 4033 destituti

2483 3981 2674 4050 κόσμῳ
2707 3980 3016 4047 ἐπεδήμησε
3047 3979 3301 4047 Χριστὸς,
3343 3979 3415 4046 μὴ
3450 3980 3513 4030 ἂν
3547 3978 3944 4046 ἀπολειςξθῆναι
3965 3980 4059 4031 το]

811 4069 1044 4124 fuissent
1083 4070 1469 4138 praedicatione
1499 4071 1644 4136 ipsos
1684 4069 2014 4131 viviﬁcante,
2052 4069 2123 4121 ita
2166 4077 2222 4121 et
2253 4079 2380 4122 tunc

2482 4070 2874 4134 ζωοποιοῦντος
2907 4070 3101 4131 αὐτοὺς
3160 4069 3534 4138 κηρύγματος,
3584 4064 3728 4122 οὗτοι
3793 4072 3888 4122 καὶ
3936 4071 4061 4122 τότε

807 4176 907 4221 per
971 4161 1182 4212 Domini
1211 4160 1275 4212 ad
1321 4160 1519 4213 inferos
1551 4161 1872 4215 descensum
1925 4162 2151 4215 salutem
2187 4176 2380 4216 conse-

2481 4163 2566 4212 διά
2595 4164 2692 4229 τῆς
2720 4163 2799 4222 εἰς
2832 4160 2959 4230 ᾅδου
2991 4159 3087 4211 τοῦ
3119 4161 3322 4227 Κυρίου
3357 4159 3604 4222 καθόδου,
3643 4162 3742 4226 τῆς
3782 4165 4061 4229 σωτηρίας

811 4253 921 4304 culi
945 4261 1090 4314 sunt,
1111 4251 1568 4319 quemadmodum
1592 4251 1755 4305 etiam
1780 4252 1993 4305 videtur
2027 4253 2152 4305 divo
2179 4252 2380 4319 Grego-

2482 4254 2692 4321 ἔτυχον,
2715 4252 2789 4313 ὡς
2820 4253 2912 4303 καὶ
2946 4251 3235 4321 Γρηγορὶῳ
3266 4252 3343 4320 τῷ
3374 4252 3500 4318 θείῳ
3557 4252 3705 4303 δοκεῖ
3731 4269 3743 4281 ·
3781 4255 3916 4319 φησὶ
3949 4257 4059 4322 γάρ

810 4357 912 4396 τιο.
973 4344 1060 4396 Ait
1114 4345 1258 4396 enim
1295 4343 1448 4411 ipse:
1488 4344 1567 4398 An
1646 4344 1967 4413 simplit-iter
2023 4343 2200 4397 salvos
2253 4343 2382 4397 facit

2482 4340 2635 4404 οὗτος
2665 4359 2677 4371 '
2721 4342 2933 4404 Ἀπλῶς
2975 4341 3136 4404 σώζει
3191 4343 3395 4402 πάντας
3463 4343 3693 4410 Χριστὸς
3745 4345 4058 4410 ἐπιφανείς

809 4448 1003 4487 omnes
1023 4433 1274 4486 Christus
1309 4433 1400 4500 qui
1433 4435 1705 4501 apparuit,
1752 4435 2004 4488 videlicet
2034 4434 2087 4487 in
2120 4433 2382 4487 inferno?

2484 4428 2723 4496 δηλονότι
2756 4431 2812 4480 ὲν
2833 4430 2909 4498 τῷ
2934 4429 3064 4498 ἅδῃ·
3093 4430 3124 4498 ἢ
3159 4431 3321 4482 κάκεί
3337 4432 3460 4492 τοὺς
3485 4432 3880 4487 πιστεύσοντας
3909 4450 3923 4494 ;
3959 4436 4061 4487 Διά

808 4539 876 4577 an
914 4532 971 4577 et
999 4522 1073 4578 ibi
1122 4539 1216 4577 eos
1247 4524 1338 4592 qui
1367 4525 1749 4577 crediderint?
1796 4525 1896 4577 Per
1931 4525 2030 4577 hoc
2059 4526 2202 4577 eoi-o
2237 4526 2376 4593 quod
2414 4545 2453 4598 ι)

2414 4545 2453 4598 D
2484 4523 2590 4590 γάρ
2638 4520 2729 4572 τοῦ
2770 4522 3183 4584 Πιστεύσοντας,
3218 4523 3470 4588 σημαίνει
3508 4525 3632 4584 τοὺς
3689 4523 3831 4574 οὕτω
3887 4543 4061 4594 π²9ε⁶

809 4612 919 4665 ait:
952 4610 1059 4667 Eos
1087 4613 1180 4681 qui
1200 4613 1552 4678 crediderint,
1571 4614 1837 4684 signiﬁcat
1892 4614 2036 4682 quod
2068 4616 2276 4683 seipsos
2305 4616 2376 4668 ita

2484 4613 2814 4671 σκευακὸτας
2864 4610 3110 4672 ἑαυτοὺς,
3164 4611 3240 4672 ὡς
3289 4613 3334 4660 εί
3382 4614 3476 4662 καὶ
3521 4613 3640 4662 τότε
3691 4615 4055 4682 παρεγένετο,

815 4712 1278 4770 praeparaverant,
1308 4706 1453 4773 quod
1482 4707 1524 4758 si
1553 4707 1714 4758 etiam
1747 4713 1878 4759 tunc
1909 4707 2234 4770 advenisset,
2261 4722 2378 4760 ere-

2481 4704 2894 4762 πιστεύσοντας.
2946 4703 3053 4754 Καὶ
3107 4702 3167 4752 οὐ
3247 4701 3514 4770 μήμψεως
3578 4702 3756 4756 τοῦτο.
3812 4706 3887 4755 Οὐ
3947 4709 4060 4772 γάρ

818 4793 1106 4846 didissent.
1159 4793 1342 4860 Neque
1402 4794 1453 4849 id
1486 4795 1840 4864 rejiciendnm
1877 4807 2024 4866 puto.
2073 4798 2193 4850 Non
2232 4799 2375 4852 enim

2479 4793 2945 4862 ἀποκληρωτικῶς
2976 4795 3007 4861 ἡ
3034 4794 3296 4862 σωτηρία,
3327 4795 3447 4850 ἐπεὶ
3476 4797 3569 4846 καὶ
3598 4797 3710 4856 τοῖς
3754 4795 3893 4858 ζῶσι
3921 4802 4059 4851 πᾶσι

817 4885 1157 4939 baereditarie
1200 4886 1499 4940 habebatur
1544 4886 1710 4949 salus,
1768 4888 2204 4956 quandoquidem
2256 4890 2379 4944 licet

2479 4885 2786 4953 γενόμενος.
2851 4884 2911 4935 οὺ
2981 4883 3190 4946 πάντας
3245 4884 3428 4948 σώζει,
3486 4887 3534 4936 εἰ
3597 4886 3670 4954 μὴ
3723 4887 3884 4954 μόνον
3929 4892 4060 4952 τοὺς

817 4979 882 5031 ad
917 4977 1158 5030 viventes
1205 4993 1398 5030 omnes
1425 4978 1588 5039 venit,
1623 4993 1730 5030 non
1756 4989 1933 5031 tamen
1965 4994 2154 5032 omnes
2183 4981 2373 5043 salvat,

2482 4978 2889 5037 πιστεύσοντας.
2936 4977 3092 5030 Ἀλλὰ
3133 4978 3240 5044 γὰρ
3270 4978 3362 5028 καὶ
3395 4978 3492 5044 τῆς
3524 4979 3750 5030 ἑκάστου
3786 4985 4058 5049 προαιρέ-

817 5069 911 5122 scd
933 5083 1026 5122 eos
1067 5077 1275 5122 tantum
1317 5070 1408 5137 qui
1436 5070 1782 5123 crediderint.
1836 5069 2043 5124 Etenim
2079 5074 2372 5126 eratctiam

2483 5089 2618 5132 σεως
2641 5070 2798 5140 ἔργον
2830 5065 2918 5138 ἦν,
2949 5069 3029 5132 τὸ,
3059 5069 3276 5136 λογικὸν
3303 5070 3590 5136 γενόμενον
3613 5070 3684 5138 μὴ
3709 5070 4061 5137 ἀναισθήτως

813 5179 952 5231 opus
981 5163 1161 5216 libera:
1196 5163 1488 5216 voluntatis
1520 5162 1878 5232 singulorum,
1908 5175 1965 5217 ut
1995 5180 2115 5218 cum
2152 5165 2379 5217 rationa-

2481 5163 2623 5230 ἔχειν
2665 5163 2763 5227 τῆς
2813 5161 2905 5213 τοῦ
2957 5161 3316 5228 πεποιηκότος
3374 5159 3700 5223 ἀγαθοδὸτου
3741 5161 4061 5227 μεγαλοόω-

813 5253 892 5305 les
923 5261 1109 5306 essent
1139 5268 1245 5304 non
1270 5250 1662 5306 insensibiliter
1692 5268 1751 5306 se
1777 5255 2038 5308 haberent
2069 5256 2133 5308 ad
2169 5256 2375 5324 magni-

2484 5255 2635 5322 ρεᾶς,
2673 5253 2800 5304 ἀλλ’
2835 5249 3056 5314 ἐπάξιον
3097 5251 3288 5302 ἑαυτὸν
3341 5249 3602 5316 παρέχειν
3643 5249 3739 5314 τῆς
3764 5249 3856 5300 τοῦ
3886 5250 4058 5302 δεδω-

815 5342 1087 5396 licentiam
1121 5343 1238 5409 ejus
1268 5345 1356 5412 qui
1392 5344 1491 5396 tale
1543 5345 1748 5398 donum
1801 5347 2145 5413 prmstiterat,
2185 5347 2278 5399 sed
2321 5362 2378 5400 se

2481 5346 2634 5398 κότος
2659 5343 3013 5412 ἀγαθότητος.
3044 5342 3114 5392 Τὸ
3141 5342 3218 5407 δὲ,
3263 5341 3323 5392 Ἀ
3338 5342 3674 5408 πειθησασιν,
3698 5341 3884 5407 ἔθηκε,
3912 5341 4060 5393 λύων

816 5435 1005 5502 dignos
1055 5436 1357 5501 pra-herent
1391 5435 1570 5488 dantis
1629 5437 1890 5490 bonitate.
1927 5436 2111 5489 Posuit
2173 5447 2377 5498 autem,

2486 5436 2758 5488 ἀντίθεσιν
2832 5451 2973 5486 τινα.
3014 5432 3172 5494 Εἰκὸς
3221 5433 3327 5501 γάρ
3363 5448 3481 5483 τινα
3535 5433 3700 5497 ἐρεῖν-
3762 5432 3874 5483 Kal.
3914 5434 4061 5494 τίνος

814 5523 1192 5578 lnobedientes
1244 5525 1482 5587 fuerant,
1513 5528 1799 5595 quamdam
1860 5528 2076 5580 solvens
2117 5528 2376 5596 obiectio-

2486 5529 2644 5580 ἄλλον
2681 5528 3013 5594 κηρύξαντος
3051 5526 3154 5594 πρὸ
3179 5523 3439 5592 Χριστοῦ;
3472 5517 3602 5574 Εῐτα
3655 5524 4061 5590 ἀπειθήσαντες

815 5635 962 5671 nem.
996 5618 1294 5672 Verisimile
1319 5621 1463 5674 enim
1495 5629 1614 5674 erat
1668 5622 1901 5690 aliquem
1961 5621 2236 5674 dicturum
2272 5641 2282 5674 :
2320 5620 2382 5674 Et

2487 5618 2907 5688 κατεκρίθησανς
2940 5618 3096 5670 Ἤτοι
3120 5616 3500 5677 κατακρίσεως
3525 5613 3664 5678 ἄξιοι
3693 5615 3984 5682 γεγόνασιν
4014 5618 4062 5669 0l

915 5795 979 5824 ”‘
1012 5793 1195 5846 )lu:ll:.
1225 5810 1384 5861 uati,
1406 5793 1490 5847 32.
