4178 6454
137 410 243 472 557

1186 404 1568 468 COMMENT.
1608 405 1689 465 IN
1723 406 1965 468 EPiST.
2008 407 2031 464 Ι
2065 408 2125 465 S.
2169 406 2415 466 PETRI.

3289 404 3393 469 5ὗῖ

140 522 248 591 πρδ
274 519 370 573 τοῦ
408 521 673 591 Χριστοῦς
716 523 811 575 καὶ
841 522 980 591 ἔχων
1016 521 1192 586 τοῦτο,
1222 522 1296 584 ὡς
1333 520 1428 574 καὶ
1477 518 1709 583 Παῦλος,

1818 537 1926 590 quo
1972 520 2079 574 alio
2120 531 2248 574 ante
2306 522 2585 574 Christum
2640 519 2997 590 praedicante,
3047 519 3394 588 poStmodum

139 612 246 673 ᾲπὺ
261 612 373 666 τῶν
396 614 817 684 ἐνεσπαρμένων
838 618 970 686 ἡμῖν
991 616 1226 682 λογικῶν
1258 614 1542 684 δυνάμεων
1572 615 1710 667 ἁπε-

137 702 349 770 λέγξαι,
392 705 475 757 ὅτι
519 708 759 775 κριτικοὶ
804 707 971 760 καλοῦ
1025 708 1121 759 καὶ
1174 704 1348 759 κακοῦ
1399 703 1708 772 γεγονότες,

139 788 257 845 εἶτα
286 793 364 863 μὴ
394 794 454 847 τὸ
488 796 690 863 ἀγαθὸν
722 797 1112 866 ἐργασάμενοι,
1161 795 1301 859 ἄξιοι
1334 795 1715 865 κατακρίσεως

139 886 185 937 οἱ
238 885 496 951 τοιοῦτοι,
528 888 589 940 οὐ
628 887 785 941 τοῦτο
829 892 994 948 ποιεῖ.
1030 889 1050 958 (
1077 888 1384 958 κρείττονος
1414 889 1524 959 γὰρ
1557 886 1717 940 τοῦτο

137 974 403 1044 λογισμοῦ
427 976 523 1028 καὶ
549 975 862 1045 φιλοσόφου,
892 977 925 1047 ἢ
953 978 1094 1031 κατὰ
1131 976 1396 1031 Ἰουδαίων
1418 976 1723 1045 διάνοιαν,)

136 1062 243 1116 ἀπὸ
281 1064 340 1117 δὲ
374 1065 475 1134 τῆς
518 1067 741 1138 Γραφῆς
770 1067 868 1137 τὴν
917 1068 1205 1122 ἀπείθειαν
1255 1068 1570 1130 πιστοῦται,
1630 1067 1723 1121 καὶ

134 1156 235 1207 οὐκ
262 1157 374 1210 ἀπὸ
407 1158 516 1210 τῶν
538 1159 747 1229 χρόνων
775 1160 883 1212 τῶν
909 1161 1231 1231 Προφητῶν,
1257 1160 1376 1214 ἀλλ’
1409 1159 1503 1215 ἀπ’
1553 1159 1725 1227 αὐτῆς

137 1247 325 1315 σχεδον
355 1250 454 1318 τῆς
491 1249 877 1318 κοσμογονίας.

1817 612 1885 667 de
1925 612 2296 666 inohedicntia
2353 613 2411 681 ju
2453 613 2577 667 icati
2610 623 2705 667 aut
2753 612 3210 667 condemnatione
3242 612 3393 681 digni

1821 702 2040 757 fuerant
2089 705 2181 773 qui
2218 704 2498 759 Christum
2538 702 2978 773 praecesserant?
3008 704 3257 772 Cumque
3291 704 3394 757 hoc

1822 804 2006 865 posset
2030 795 2303 859 evincere,
2332 795 2787 864 quemadmodum
2812 806 2865 850 et
2898 795 3117 857 Paulus.
3156 812 3185 849 a
3216 796 3394 849 disse-

1824 886 2048 941 minatis
2096 886 2150 940 in
2185 888 2344 942 nobis
2392 888 2750 941 ratiutalihns
2793 890 3017 952 viribus,
3076 889 3219 957 quod
3270 903 3393 941 cum

1823 975 2010 1030 datum
2034 976 2169 1046 ipsis
2195 986 2339 1031 esset
2368 988 2429 1032 ut
2464 987 2691 1047 possent
2723 978 2864 1030 inter
2887 979 3089 1031 bonum
3116 987 3171 1030 et
3192 976 3394 1030 malum

1823 1066 2162 1133 discernere,
2196 1083 2298 1121 nec
2324 1080 2512 1138 postea
2548 1070 2748 1123 bonum
2774 1069 2981 1137 cperati
3013 1078 3220 1129 essent,
3260 1067 3396 1121 tales

1826 1156 1974 1228 digni
2001 1166 2188 1211 essent
2218 1169 2416 1222 morte,
2447 1174 2552 1211 non
2587 1159 2691 1213 hoc
2722 1158 2871 1221 facit,
2914 1174 3039 1212 nam
3093 1158 3144 1211 id
3183 1156 3396 1211 altioris

1824 1256 1911 1304 est
1978 1249 2438 1305 considerationis
2494 1266 2559 1305 ac
2615 1252 2978 1321 phit050phire
3020 1248 3396 1320 profundioris

136 1356 299 1408 quam
327 1351 391 1397 ut
419 1341 563 1397 ferre
583 1356 769 1413 posset
798 1360 955 1402 mens
974 1344 1286 1403 Iudaeorum
1308 1364 1323 1402 :
1349 1348 1445 1404 sed
1468 1362 1497 1403 a
1529 1349 1809 1416 Scriptura
1835 1345 2126 1401 conﬁrmat
2178 1347 2603 1402 inohcdientiam
2632 1366 2644 1401 :
2701 1363 2879 1417 neque
2946 1348 2996 1402 id
3060 1364 3090 1401 a
3138 1349 3397 1413 tempori-

135 1434 237 1488 bus
268 1438 687 1507 prophetarum,
716 1441 812 1496 sed
845 1442 913 1496 ab
942 1442 1063 1511 ipso
1085 1443 1480 1513 propemodum
1526 1443 1715 1496 mundi
1755 1450 1878 1495 ortu
1909 1458 1923 1495 :
1954 1440 2113 1511 513
2148 1456 2212 1495 ex
2239 1455 2347 1509 quo
2378 1442 2720 1497 demonstrat
2738 1442 2884 1512 quod
2915 1442 2983 1496 ab
3042 1442 3200 1496 initio
3258 1456 3397 1510 pne-

135 1532 426 1589 dicattatur
476 1532 796 1590 hominibus
855 1538 1026 1602 salus,
1062 1538 1157 1594 sed
1204 1539 1604 1610 despiciebatur
1650 1538 1721 1591 ob
1759 1536 2179 1592 declinationem
2220 1537 2460 1608 ipsorum
2493 1539 2559 1594 ad
2607 1554 2749 1595 vana
2782 1554 2845 1593 ac
2867 1539 3213 1609 voluptuosa.

215 1624 636 1695 Ἀναριθμήτων
685 1626 794 1697 γὰρ
852 1626 1024 1681 ὄντων
1082 1630 1387 1700 ἀνθρώπων
1447 1634 1545 1685 καὶ
1588 1629 1708 1684 κατ’

1888 1628 2025 1683 Cum
2076 1629 2220 1683 enim
2274 1630 2486 1683 illorum
2529 1645 2746 1699 quoque
2792 1638 3035 1699 tempore
3083 1629 3398 1684 innumera-

134 1718 313 1770 ἐκεῖνο
343 1716 563 1786 καιροῦ,
605 1718 758 1786 μόνοι
793 1718 939 1773 ὀκτὼ
960 1721 1241 1792 ἄνθρωποι
1263 1722 1577 1787 πεισθέντες
1602 1725 1712 1785 τοῖς

1819 1719 1956 1775 biles
2001 1732 2185 1775 essent
2224 1722 2494 1779 homines.
2538 1722 2637 1776 soli
2664 1730 2808 1784 octo,
2837 1722 3126 1775 credentes
3158 1721 3241 1776 his
3272 1737 3394 1791 quae

134 1808 574 1878 κηρυσσομένοις
624 1808 715 1863 διὰ
744 1810 843 1878 τῆς
882 1813 1300 1881 κατατασκευῆς
1326 1813 1426 1881 τῆς
1455 1814 1708 1879 κιϐωτοῦ,

133 1898 443 1969 ἐσώθησαν.
482 1900 700 1971 Ἐπειδὴ
732 1901 788 1954 δὲ
816 1904 873 1956 ἐν
915 1901 1069 1957 ὕδατι
1111 1904 1139 1972 ἡ
1195 1906 1460 1974 σωτηρία,
1510 1906 1714 1969 εὐθέως

133 1988 295 2043 τοῦτο
333 1992 429 2043 ἐπὶ
478 1992 573 2045 τοῦ
643 1993 799 2061 ἁγίου
850 1993 1116 2063 λαμϐάνει
1172 1995 1568 2066 βαπτίσματος,
1621 1998 1713 2050 καί

135 2099 323 2151 φησιν,
347 2083 431 2136 ὅτι
460 2084 522 2136 τὸ
559 2082 706 2155 ὕδωρ
754 2086 934 2139 ἐκεῖνο
976 2085 1036 2138 τὸ
1077 2086 1365 2157 βάπτισμα
1396 2090 1551 2160 ὑμῶν
1613 2090 1713 2142 ὑπ-

134 2176 415 2245 ῃνίσσετο.
456 2176 616 2230 Ἐπεὶ
665 2177 759 2230 καὶ
799 2179 957 2232 τοῦτο
1002 2182 1356 2250 ἐναποπνίγει
1402 2186 1525 2247 τοὺς
1556 2185 1715 2237 ἀπει-

136 2264 367 2329 θοῦντας
405 2267 688 2336 δαίμονας,
730 2269 826 2321 καὶ
852 2270 1016 2333 σώζει
1045 2274 1172 2335 τοὺς
1201 2276 1429 2338 πιστοὺς
1461 2278 1714 2345 προσίον-

133 2371 229 2417 τας
291 2360 358 2425 τῇ
415 2356 634 2426 κιϐωτῷ
684 2360 782 2427 τῆς
814 2360 1168 2430 Ἐκκλησίας.
1232 2366 1384 2433 Ἀμα
1439 2366 1495 2419 δέ
1527 2383 1712 2437 φησιν,

135 2446 347 2515 Ὠσπερ
382 2447 441 2499 τὸ
476 2446 621 2517 ὕδωρ
652 2449 951 2514 ἀποκλύζει
989 2452 1083 2504 τὸν
1130 2452 1322 2522 ῥύπον.
1357 2454 1500 2508 οὕτω
1529 2457 1623 2509 καὶ
1652 2458 1713 2510 τὸ

137 2537 443 2607 βάπτισμα.
492 2538 633 2591 Ἀλλ’
655 2540 715 2592 οὐ
745 2543 946 2612 σαρκὸς
983 2544 1156 2613 ῥύπου
1178 2546 1438 2599 ἀπόθεσιν
1470 2549 1716 2620 ἀπεργά-

133 2628 306 2695 ζεται,
333 2629 679 2701 συμϐολικῶς
714 2632 891 2704 δὲτὴν
928 2637 1025 2705 τῆς
1064 2636 1303 2706 ψυχικῆς
1361 2639 1579 2708 κηλῖδος
1612 2656 1717 2691 πα-

136 2718 386 2787 ρίστησιν
416 2721 743 2777 ἀπόκλυσιν.
775 2725 932 2777 Ἐστι
966 2725 1024 2777 δὲ
1050 2728 1143 2778 καὶ
1170 2722 1285 2779 οἷόν
1322 2745 1412 2790 τις
1456 2729 1715 2797 άρῤαϐὼν

135 2813 230 2863 καὶ
248 2813 514 2883 ἐνέχυρον
549 2814 651 2884 τῆς
710 2815 847 2883 πρὸς
887 2816 1019 2869 Θεὺν
1071 2817 1285 2888 ἀγαθῆς
1336 2820 1713 2890 συνειδήσεως.

134 2904 196 2955 Οἱ
230 2904 342 2974 γὰρ
378 2905 682 2969 συνειδότες
712 2908 923 2969 ἑαυτοῖς
977 2908 1183 2975 ἀγαθὰ,
1223 2911 1493 2974 τουτέστι,
1524 2914 1572 2965 οἱ
1598 2912 1716 2982 βίον

133 2995 485 3065 ἀντεχόμενοι
524 2998 781 3067 ἀμώμου,
828 3002 927 3053 καὶ
970 3003 1129 3055 τοῦτο
1181 3005 1245 3056 ἐκ
1276 3006 1478 3070 παντὸς
1521 3008 1717 3077 ἐπιζη-

1819 1824 1917 1877 per
1966 1825 2105 1864 arcae
2155 1813 2605 1880 praeparationem
2662 1812 3120 1880 praedicabantur.
3179 1812 3381 1865 servati

1817 1901 2055 1956 fuerunt.
2090 1903 2353 1969 Quoniam
2390 1913 2572 1959 autem
2600 1904 2652 1957 in
2682 1919 2819 1974 aqua
2850 1902 3026 1957 fuerat
3066 1904 3229 1966 salus,
3263 1920 3393 1959 con-

1818 1992 1997 2047 festim
2038 1994 2142 2049 hoc
2180 1995 2248 2048 ad
2292 2010 2505 2049 sacrum
2559 1994 2815 2048 transfert
2862 1993 3152 2061 baptisma,
3198 2004 3253 2048 et
3294 1993 3391 2057 ait,

1817 2086 1961 2155 quod
1989 2102 2127 2154 aqua
2159 2086 2246 2139 illa
2277 2085 2593 2156 designabat
2624 2096 2871 2140 nostrum
2919 2084 3210 2155 baptisma,
3251 2100 3393 2154 quo—

1820 2177 1968 2231 niam
2004 2177 2133 2232 illud
2171 2192 2390 2246 quoque
2416 2176 2652 2231 suﬂ'ocat
2684 2192 2747 2230 ac
2781 2176 3044 2247 demergit
3081 2176 3392 2231 incredulos

1817 2270 2111 2331 daemones.
2149 2279 2437 2340 servatque
2464 2269 2652 2324 ﬁdeles
2677 2269 2743 2322 ad
2784 2269 3046 2324 Ecclesiae
3084 2283 3264 2323 arcam
3296 2284 3386 2324 ac~

1816 2365 2091 2415 cedentes.
2124 2361 2295 2416 Simul
2328 2370 2507 2416 autem
2537 2361 2669 2415 dicit
2697 2381 2710 2415 :
2738 2360 3210 2427 Quemadmodum
3250 2376 3392 2430 aqua

1818 2453 1977 2507 diluit
2001 2452 2210 2516 sordes,
2257 2454 2336 2509 sic
2379 2463 2433 2508 et
2458 2454 2749 2524 baptisma.
2788 2453 2984 2508 Verum
3019 2469 3129 2508 non
3158 2454 3390 2509 ablatio-

1822 2562 1947 2601 nem
1984 2548 2227 2603 sordium
2268 2549 2450 2601 carnis
2476 2556 2755 2617 operatur,
2794 2546 2891 2601 sed
2941 2561 3042 2616 per
3085 2548 3391 2617 symbolum

1820 2638 2163 2693 demonstrat
2223 2639 2561 2693 macularum
2629 2639 2829 2692 anima:
2887 2637 3254 2691 ablutionem.
3298 2638 3395 2692 Est

1818 2737 1997 2783 autem
2025 2729 2191 2783 veluti
2221 2730 2384 2783 etiam
2419 2729 2655 2783 arrhabo
2684 2730 2900 2797 quidam
2932 2737 2988 2782 et
3014 2729 3209 2799 pignus
3239 2730 3395 2784 bona:

1819 2836 1945 2890 erga
1994 2821 2163 2876 Deum
2208 2822 2584 2876 conscientiae.
2617 2821 2719 2886 Qui
2755 2822 2903 2876 enim
2942 2822 3085 2876 bene
3125 2822 3227 2876 sibi
3258 2838 3394 2877 con-

1819 2914 1919 2968 scii
1966 2925 2115 2979 sunt,
2177 2916 2282 2970 hoc
2328 2925 2433 2977 est,
2468 2917 2559 2985 qui
2603 2916 2937 2987 inculpatam
2990 2918 3397 2987 amplectuntur

1820 3006 2003 3068 vitam,
2039 3015 2093 3060 ct
2122 3006 2264 3060 illam
2294 3008 2512 3076 penitus
2534 3010 2828 3076 exquirunt
2857 3022 2920 3062 ac
2950 3008 3118 3062 veluti
3156 3008 3385 3061 interro-

133 3084 353 3147 τοῦντες
389 3087 485 3139 καὶ
512 3082 624 3141 οἷον
664 3091 980 3159 ἐρωτῶντες
1006 3091 1195 3159 (τοῦτο
1213 3096 1319 3165 γὰρ
1346 3099 1458 3159 τοῖς
1492 3097 1712 3164 ζητοῦσι

1821 3107 1946 3168 gaut
2006 3104 2169 3167 (nam
2231 3102 2335 3156 hoc
2405 3102 2653 3156 comitari
2709 3103 2845 3157 solet
2898 3119 2995 3158 eos
3047 3104 3139 3173 qui
3192 3103 3395 3173 aliquid

136 3192 188 3227 τι
237 3178 617 3241 ἐπακολουθεῖ,
673 3180 819 3248 λέγω
847 3181 901 3233 δὲ
934 3181 996 3235 τὸ
1044 3183 1297 3255 ἐρωτᾷν),
1340 3178 1486 3239 οὗτοι
1516 3190 1611 3240 καὶ
1636 3188 1713 3259 τῷ

141 3269 275 3339 ἁγίῳ
306 3272 707 3340 προσ-τρέχουσι
736 3273 1094 3343 βαπτίσματι.
1114 3276 1224 3328 Καὶ
1246 3278 1353 3342 τίς,
1378 3280 1531 3347 φησι,
1548 3280 1708 3333 τοῦτο

138 3360 365 3430 «capssz
393 3361 456 3413 τὺ
488 3362 765 3432 ἐπιζητεῖν
793 3364 887 3417 καὶ
917 3366 1204 3435 ἐπερωτᾷν
1230 3368 1291 3419 τὸ
1340 3368 1483 3423 θεῖον
1515 3370 1713 3440 βάπτι-

142 3464 280 3516 σμα;
326 3450 392 3502 'H
419 3451 719 3513 ἀνάστασις
746 3452 838 3506 τοῦ
869 3454 1129 3524 Χριστοῦ.
1155 3456 1266 3525 Πρὸ
1305 3458 1405 3525 μὲν
1443 3460 1549 3529 γὰρ
1581 3460 1713 3512 ἀνα-

138 3539 379 3599 στάσεως
435 3541 599 3593 αὑτοῦ
649 3542 744 3594 καὶ
791 3543 887 3595 τοῦ
940 3543 1147 3608 πάθους
1214 3548 1598 3613 ἀποφαίνεται,
1630 3552 1712 3611 τε,

146 3649 164 3680 ι
205 3632 331 3685 Ἐάν
369 3634 443 3702 μή
484 3650 569 3694 τις
600 3635 833 3705 γεννηθῇ
867 3635 926 3701 ἐξ
979 3635 1170 3698 ὓδατος
1204 3640 1299 3690 καὶ
1324 3639 1653 3709 πνεύματος.
1688 3660 1705 3691 ι

135 3724 285 3778 Μετὰ
319 3726 381 3778 δὲ
404 3725 506 3796 τὴν
536 3727 859 3804 ἀνάστασιν,
887 3726 968 3789 τὸ,
1019 3746 1038 3778 ι
1095 3728 1388 3793 Βαπτίζειν
1430 3732 1606 3784 πάντα
1647 3740 1711 3786 τε

136 3818 428 3886 προσιόντα
444 3817 572 3889 ἐθνη
602 3820 681 3880 εἰς
705 3818 877 3889 ὄνομα
903 3820 1114 3888 Πατρδς
1148 3822 1242 3873 καὶ
1264 3821 1396 3877 Υἰοῦ
1426 3823 1518 3876 καὶ
1554 3825 1711 3891 ἁγίου

134 3908 474 3979 Πειεύματος.
510 3928 528 3963 ι
587 3911 740 3963 Ἐπεὶ
778 3912 835 3965 δὲ
885 3913 978 3965 τὸν
1036 3912 1137 3979 τῆς
1186 3915 1499 3981 οἰκονομίας
1555 3918 1711 3984 λόγον

132 3998 334 4069 διῆλθε,
365 4000 512 4068 λέγω
541 3999 595 4054 δέ
648 4002 746 4071 τὴν
782 4003 863 4063 είς
890 4001 1018 4072 ᾆδον
1067 4002 1294 4071 πορείαν
1336 4004 1431 4057 τοῦ
1481 4006 1709 4076 Κυρίου,

132 4093 229 4143 καὶ
255 4093 403 4153 τίνος
433 4092 596 4162 χάριν
627 4094 789 4144 κὰ.κεί
812 4092 1169 4161 πεπόρευται,
1217 4093 1297 4143 ὅτι
1334 4093 1425 4145 ἐπὶ
1466 4099 1710 4170 σωτηρίᾳ

132 4183 227 4235 καὶ
266 4184 380 4236 τῶν
416 4186 476 4236 ἐν
526 4184 675 4253 ᾅδου,
726 4184 886 4237 πάλιν
938 4184 1132 4251 ἑτέραν
1182 4185 1435 4254 ἀφορμὴν
1466 4186 1571 4238 ἀπ’)
1616 4190 1708 4242 τοῦ

134 4274 366 4326 θανάτου
402 4274 670 4344 λαμϐάνει
709 4274 803 4326 τοῦ
835 4274 1043 4344 Κυρὶου
1074 4276 1154 4338 εἰς
1203 4277 1550 4346 παράκλησιν
1585 4281 1712 4348 ἁρε-

133 4366 247 4432 τῆς.
315 4365 428 4417 Καί
488 4383 673 4434 φησιν,
722 4367 804 4419 ὅτι
870 4367 929 4418 Εἰ
970 4367 1208 4418 ἀπέθανε
1277 4368 1509 4437 Χριστὸς
1571 4371 1711 4441 ὑπὲρ

130 4454 287 4523 ἡμῶν
331 4455 499 4525 σαρκὶ
533 4455 614 4524 (οὐ
664 4458 772 4524 γάρ
835 4455 931 4507 καὶ
968 4460 1033 4524 τῇ
1090 4454 1345 4526 ἀθανάτῳ
1400 4459 1565 4510 αὐτοῦ
1619 4464 1711 4513 καὶ

135 4545 251 4615 θεία
276 4546 487 4615 φύσει),
522 4548 738 4609 πάντως
770 4548 861 4598 καὶ
894 4547 1054 4614 ὑμεῖς
1079 4548 1439 4610 ἀντιδιδόντες
1468 4549 1619 4619 αὐτῷ
1648 4552 1711 4602 τι

132 4638 429 4690 ἀποθανεῖν
462 4636 528 4691 δι’
561 4638 725 4690 αὑτὸν
765 4641 832 4707 τῇ
856 4640 1124 4708 ἁμαρτίᾳ,
1157 4640 1257 4691 οὐκ
1309 4638 1391 4693 ἔτι
1431 4640 1711 4710 ἀνθρωπί-

135 4744 249 4788 ναις
316 4729 637 4797 ἐπιθυμίαις
695 4727 991 4789 ἁλώσεσθε,
1030 4729 1166 4782 ἀλλὰ
1217 4730 1355 4782 κατά
1409 4730 1469 4782 τὸ
1502 4732 1710 4801 θέλημα

135 4821 293 4887 μόνον
314 4818 413 4871 τοῦ
440 4819 579 4873 Θεοῦ
610 4821 699 4873 τὸν
729 4819 1019 4873 ἐπίλοιπον
1049 4821 1241 4889 χρόνον
1260 4821 1490 4892 ζήσεσθε
1532 4824 1622 4875 τὸν
1652 4826 1710 4875 ἐν

132 4914 193 4982 τῇ
230 4911 420 4980 σαρκί.
476 4930 497 4964 ι
560 4911 907 4975 Θανατωθεὶς
939 4912 1038 4975 μὲν
1069 4915 1251 4982 σαρκί.
1288 4934 1306 4964 ι
1367 4914 1709 4979 θανατωθεὶς

137 5010 229 5077 μὲν
247 5012 315 5077 τῇ
354 5008 516 5077 φύσει
546 5008 645 5077 τῆς
674 5007 895 5076 σαρκὸς,
947 5008 1216 5073 τουτέστι,
1263 5010 1327 5079 τῇ
1365 5009 1704 5081 ἀνθρωπίνῃ,

134 5102 367 5161 ἀναστὰς
415 5100 472 5152 δὲ
528 5101 593 5168 τῇ
650 5098 879 5168 δυνάμει
931 5100 1030 5168 τῆς
1089 5100 1359 5167 θεότητος.
1421 5101 1531 5152 Καὶ
1597 5118 1705 5169 γ;,ρ

136 5192 353 5259 πνεῦμά
380 5195 529 5243 ἐστιν
550 5193 577 5244 ὁ
605 5191 760 5255 Θεὸς,
792 5192 865 5254 ὼς
895 5192 1033 5262 αὐτὴ
1086 5196 1185 5261 τῆς
1226 5192 1506 5258 θεολογίας
1558 5195 1707 5263 ἡμᾶς

134 5287 164 5355 ἠ
201 5283 355 5354 πηγὴ
386 5284 483 5335 καὶ
514 5283 677 5350 σοφία
711 5282 1197 5352 ἐμυσταγώγησεν.

207 5378 306 5428 Ἐν
336 5371 386 5429 ὦ
408 5376 504 5428 καὶ
523 5374 650 5438 τρῖς
677 5375 748 5427 ἐν
767 5374 1013 5443 φυλαλῄ
1048 5377 1347 5442 πνεϊγιασι
1378 5376 1710 5444 πορευθεὶς,

134 5470 427 5538 ἐκήρυξεν
460 5468 834 5533 ἀπειθήσασί
863 5484 1026 5522 ποτε.
1066 5470 1203 5520 Ὅτε
1220 5467 1380 5530 ἅπαξ
1400 5468 1711 5535 ἐξεδέχετο

136 5563 166 5623 2i
200 5561 306 5613 τοῦ
343 5559 495 5613 Θεοῦ
522 5562 898 5628 μακροθυμία
933 5562 1001 5612 ἐν
1044 5562 1281 5627 ἡμέρας
1319 5559 1464 5619 Νῶε,
1531 5577 1709 5610 κίττη-

134 5652 574 5721 σιευαζομένης
600 5652 870 5715 κιϐωτοῦ,
899 5655 987 5717 εἰς
1015 5652 1085 5719 ἣν
1117 5654 1189 5705 (Li
1222 5671 1333 5719 μαι,
1376 5654 1708 5711 τουτέστιν,

196 5826 544 5891 "103mm,
577 5829 627 5880 5.
710 5829 756 5858 ⁵⁷
793 5828 975 5881 ῖιῖηιιξι.
1015 5846 1203 5890 χ’ςτςιι,
1258 5830 1335 5885 iii,
1370 5829 1445 5879 .‘T‘.

1818 3199 2087 3258 qua-runt,
2119 3206 2315 3258 nempe
2367 3190 2749 3261 interrogare),
2790 3192 2842 3245 hi
2874 3192 3036 3247 etiam
3070 3195 3135 3246 al
3176 3208 3392 3247 sacrum

1817 3290 2111 3334 accurrunt
2165 3282 2450 3351 baptisma.
2498 3281 2561 3335 Et
2601 3284 2743 3351 quis,
2788 3284 2984 3353 inquit,
3030 3285 3133 3339 hoc
3181 3285 3394 3352 praebet

1819 3379 1878 3424 ut
1904 3372 2223 3439 exquiratur
2249 3388 2312 3427 ac
2342 3382 2564 3441 rogetur
2608 3372 2853 3427 divinum
2888 3374 3203 3440 baptisma?
3236 3374 3396 3431 Citri-

1817 3461 1886 3514 sti
1913 3463 2262 3517 resurrectio.
2282 3462 2558 3533 Siquidem
2588 3472 2714 3517 ante
2742 3462 2913 3533 ipsius
2939 3466 3392 3521 resurrectionem

1817 3567 1881 3607 ac
1921 3553 2229 3622 passionem
2285 3555 2388 3608 hoc
2442 3555 2794 3609 ostenditur:
2832 3573 2851 3606 ι
2906 3553 3016 3609 Nisi
3078 3558 3199 3625 quis
3231 3566 3394 3613 natus

1820 3642 1988 3697 fuerit
2018 3660 2083 3699 ex
2114 3659 2252 3713 aqua
2284 3654 2337 3697 et
2368 3645 2561 3713 spiritu
2596 3645 2669 3709 ⁵ι“;
2710 3662 2729 3695 ι
2762 3654 2886 3714 post
2932 3647 3393 3701 resurrectionem

1817 3751 1947 3789 vero
1980 3752 1991 3785 :
2022 3734 2412 3805 cBaptizantcs
2464 3751 2656 3789 omnes
2703 3743 2891 3804 gentes
2947 3737 3286 3801 accedentes,
3339 3738 3391 3790 in

1816 3822 2037 3876 nomine
2065 3822 2260 3887 Patris,
2301 3833 2355 3877 et
2381 3822 2526 3888 Filii,
2552 3832 2606 3877 et
2630 3821 2863 3892 Spiritus
2890 3825 3059 3877 sancti
3079 3825 3145 3878 ".
3184 3844 3201 3875 ι
3235 3824 3393 3878 Post-

1815 3927 1975 3981 quam
2016 3922 2198 3967 autem
2243 3912 2667 3983 dispensationis
2718 3928 3026 3967 semionem
3079 3913 3391 3967 com-lusit:

1816 4004 1940 4059 dico
1985 4014 2167 4058 autem
2230 4004 2552 4059 dest-ensum
2618 4002 2830 4057 Domini
2888 4004 2954 4057 ad
3007 4003 3301 4066 infernum,
3339 4013 3395 4059 et

1814 4111 1979 4164 quam
2031 4096 2101 4149 ob
2140 4110 2360 4149 causam
2404 4109 2470 4149 eo
2510 4094 2674 4149 etiam
2710 4095 3023 4158 accesserit,
3068 4105 3193 4163 puta
3247 4096 3392 4163 quod

1815 4196 2041 4255 propter
2089 4186 2306 4239 illorum
2358 4201 2575 4254 quoque
2626 4183 2855 4238 salutem
2916 4186 3004 4253 qui
3062 4186 3113 4236 in
3179 4184 3394 4238 inferno

1816 4287 1971 4331 erant
2006 4295 2018 4329 :
2051 4277 2210 4329 aliam
2245 4292 2459 4329 rursum
2497 4275 2663 4329 sumit
2691 4291 2719 4329 a
2756 4285 2931 4329 morte
2975 4276 3181 4329 Domini
3230 4292 3392 4330 ocra-

1820 4367 2025 4420 sionem
2057 4368 2123 4418 ad
2165 4366 2379 4419 virtutis
2411 4366 2867 4429 exhortationem,
2910 4375 2964 4419 et
2996 4367 3070 4419 ait
3107 4384 3119 4418 :
3146 4365 3199 4420 Si
3230 4368 3392 4420 (Inri-

1820 4468 1938 4512 stus
2011 4471 2176 4511 carne
2227 4466 2479 4510 mortuus
2522 4466 2604 4509 est
2638 4472 2733 4525 pro
2784 4457 2943 4512 nobis
2995 4458 3194 4526 (neque
3242 4458 3392 4510 enim

1819 4548 2107 4602 immortali
2150 4563 2247 4602 sua
2275 4557 2328 4601 et
2350 4548 2530 4601 divina
2565 4561 2756 4600 natura
2788 4549 2921 4600 mori
2955 4547 3176 4615 potuit),
3206 4551 3393 4617 utique

1817 4648 1872 4693 et
1902 4653 1998 4692 vos
2048 4638 2221 4691 vicem
2274 4638 2323 4690 ei
2385 4636 2772 4705 rependentes,
2830 4637 3114 4689 moriendo
3165 4646 3393 4703 peccato

1820 4739 2039 4799 propter
2064 4731 2260 4799 ipsum,
2280 4744 2390 4783 non
2410 4728 2640 4796 amplius
2657 4726 2912 4781 humanis
2933 4727 3392 4795 concupiscentiis

1818 4823 2131 4892 capiemini,
2167 4822 2263 4877 sed
2308 4822 2408 4875 soli
2450 4820 2543 4873 Dei
2583 4819 2845 4872 voluntati
2899 4820 3107 4887 reliquo
3147 4826 3392 4885 tea-pore

1818 4914 1871 4966 in
1902 4927 2066 4967 carne
2094 4912 2309 4967 vivetis.
2342 4930 2360 4962 ι
2400 4910 2755 4964 Mortificatus
2800 4908 3021 4977 quidem
3060 4922 3244 4961 carne.
3276 4926 3293 4958 ι
3331 4906 3388 4960 Id

1817 5017 1919 5068 est,
1963 5015 2155 5060 natura
2195 5006 2395 5066 carnis,
2430 5003 2534 5057 hoc
2580 5013 2681 5067 est,
2736 5001 2994 5063 humana,
3055 5001 3149 5053 sed
3204 5014 3388 5053 resur-

1818 5115 1951 5169 gens
2023 5099 2260 5168 potentia
2334 5095 2657 5151 divinitatis.
2728 5094 2940 5148 Etenim
3019 5092 3243 5161 spiritus
3305 5097 3393 5145 est

1818 5193 1957 5245 Dens
1996 5194 2061 5253 θ’,
2102 5187 2557 5259 quemadmodum
2588 5184 3009 5255 ipsetheologiae
3030 5184 3152 5237 fons
3192 5198 3255 5237 ac
3300 5198 3388 5237 sa-

1813 5281 2011 5351 pientia
2036 5296 2136 5333 nos
2163 5280 2369 5334 docuit.

1884 5372 1972 5435 Ill,
2008 5372 2206 5425 19-22.
2244 5371 2407 5443 514
2427 5371 2488 5424 In
2523 5387 2622 5440 quo
2650 5370 2808 5422 etiam
2840 5369 2989 5429 abiit,
3023 5376 3071 5422 et
3120 5368 3390 5434 spiritibus

1817 5467 1904 5531 qm'
1930 5475 2077 5517 erant
2114 5467 2166 5517 in
2197 5481 2401 5518 τίη-τίνει
2426 5464 2748 5531 prmdicavil,
2779 5462 2868 5525 qui
2896 5462 3245 5513 inobedienlcs
3276 5462 3391 5528 fue-

1821 5570 1941 5609 rant
1986 5559 2271 5624 quondam.
2306 5556 2433 5607 Cum
2466 5556 2622 5607 mm’l
2650 5555 3045 5615 tarsptrtabalnr
3084 5555 3171 5604 ορξ
3203 5555 3389 5615 Ionon-

1820 5650 2099 5701 nmttiastu
2122 5650 2299 5701 diebus
2330 5651 2458 5702 Noe.
2489 5664 2604 5698 cum
2632 5650 2995 5715 apparabatur
3025 5662 3169 5708 arra,
3200 5661 3251 5694 2:.-
3283 5659 3385 5713 ψιίῖ

1530 5829 1569 5849 ’⁸⁸
1603 5826 1627 5880 J
1658 5846 1759 5885 an.
1826 5841 1898 5891 t",
1948 5825 2036 5881 ἓξ.
