  <div class='ocr_page' id='page_1' title='image "/cluster/home/n/w/nwhite01/storage/ocr_20150623/119/nnc1.0046980091/288.png"; bbox 0 0 4178 6454; ppageno 0'>
   <div class='ocr_carea' id='block_1_1' title="bbox 191 407 2389 478">
    <p class='ocr_par' dir='ltr' id='par_1_1' title="bbox 191 407 2389 478">
     <span class='ocr_line' id='line_1_1' title="bbox 191 407 2389 478; baseline 0.003 -8"><span class='ocrx_word' id='word_1_1' title='bbox 191 407 285 471; x_wconf 78' lang='lat'><strong>561</strong></span> <span class='ocrx_word' id='word_1_2' title='bbox 1180 418 1562 478; x_wconf 81' lang='lat' dir='ltr'><strong>GOMMEN‘I‘.</strong></span> <span class='ocrx_word' id='word_1_3' title='bbox 1604 417 1681 476; x_wconf 73' lang='lat' dir='ltr'><strong>IN</strong></span> <span class='ocrx_word' id='word_1_4' title='bbox 1721 415 1958 476; x_wconf 77' lang='lat' dir='ltr'><strong>EPIS’I‘.</strong></span> <span class='ocrx_word' id='word_1_5' title='bbox 1990 418 2012 476; x_wconf 93' lang='lat' dir='ltr'><strong>l</strong></span> <span class='ocrx_word' id='word_1_6' title='bbox 2050 420 2111 477; x_wconf 71' lang='grc' dir='ltr'><strong>ὃ.</strong></span> <span class='ocrx_word' id='word_1_7' title='bbox 2142 417 2389 477; x_wconf 81' lang='lat' dir='ltr'><strong>PETRI.</strong></span> 
     </span>
    </p>
   </div>
   <div class='ocr_carea' id='block_1_2' title="bbox 3335 409 3438 472">
    <p class='ocr_par' dir='ltr' id='par_1_2' title="bbox 3335 409 3438 472">
     <span class='ocr_line' id='line_1_2' title="bbox 3335 409 3438 472; baseline -0.01 -1"><span class='ocrx_word' id='word_1_8' title='bbox 3335 409 3438 472; x_wconf 73' lang='lat'><strong>562</strong></span> 
     </span>
    </p>
   </div>
   <div class='ocr_carea' id='block_1_3' title="bbox 188 517 1756 599">
    <p class='ocr_par' dir='ltr' id='par_1_3' title="bbox 188 517 1754 599">
     <span class='ocr_line' id='line_1_3' title="bbox 188 517 1754 599; baseline 0.006 -31"><span class='ocrx_word' id='word_1_9' title='bbox 188 517 438 585; x_wconf 75' lang='grc' dir='ltr'><strong>φλνγῖαις</strong></span> <span class='ocrx_word' id='word_1_10' title='bbox 467 525 585 585; x_wconf 80' lang='grc' dir='ltr'><strong>ταῖς</strong></span> <span class='ocrx_word' id='word_1_11' title='bbox 618 524 706 575; x_wconf 66' lang='grc' dir='ltr'><strong>ἐπὶ</strong></span> <span class='ocrx_word' id='word_1_12' title='bbox 729 525 816 577; x_wconf 69' lang='grc' dir='ltr'><strong>τὸν</strong></span> <span class='ocrx_word' id='word_1_13' title='bbox 841 520 982 580; x_wconf 75' lang='grc' dir='ltr'>οἶνον</span> <span class='ocrx_word' id='word_1_14' title='bbox 1003 526 1298 597; x_wconf 80' lang='grc' dir='ltr'><strong>ἀκρατέσιν</strong></span> <span class='ocrx_word' id='word_1_15' title='bbox 1342 531 1560 599; x_wconf 76' lang='grc' dir='ltr'><strong>ὁρμαῖς.</strong></span> <span class='ocrx_word' id='word_1_16' title='bbox 1605 547 1621 578; x_wconf 84' lang='grc' dir='ltr'><strong>ι</strong></span> <span class='ocrx_word' id='word_1_17' title='bbox 1669 529 1754 579; x_wconf 86' lang='grc' dir='ltr'>Ἑν</span> 
     </span>
    </p>
   </div>
   <div class='ocr_carea' id='block_1_4' title="bbox 1860 517 3434 599">
    <p class='ocr_par' dir='ltr' id='par_1_4' title="bbox 1860 521 3434 599">
     <span class='ocr_line' id='line_1_4' title="bbox 1860 521 3434 599; baseline -0.006 -16"><span class='ocrx_word' id='word_1_18' title='bbox 1860 529 2042 599; x_wconf 90' lang='lat' dir='ltr'><strong>specie</strong></span> <span class='ocrx_word' id='word_1_19' title='bbox 2078 528 2374 598; x_wconf 85' lang='lat' dir='ltr'><strong>subjungit.</strong></span> <span class='ocrx_word' id='word_1_20' title='bbox 2399 526 2739 581; x_wconf 81' lang='lat' dir='ltr'><strong>confundens</strong></span> <span class='ocrx_word' id='word_1_21' title='bbox 2787 524 2952 596; x_wconf 89' lang='lat' dir='ltr'><strong>ipsos.</strong></span> <span class='ocrx_word' id='word_1_22' title='bbox 2984 544 3000 576; x_wconf 83' lang='grc' dir='ltr'><strong>ι</strong></span> <span class='ocrx_word' id='word_1_23' title='bbox 3034 521 3379 577; x_wconf 83' lang='lat' dir='ltr'><strong>Vinolenliis.</strong></span> <span class='ocrx_word' id='word_1_24' title='bbox 3416 541 3434 574; x_wconf 77' lang='grc' dir='ltr'><strong>ι</strong></span> 
     </span>
    </p>
   </div>
   <div class='ocr_carea' id='block_1_5' title="bbox 185 604 1754 686">
    <p class='ocr_par' dir='ltr' id='par_1_5' title="bbox 185 604 1754 686">
     <span class='ocr_line' id='line_1_5' title="bbox 185 604 1754 686; baseline 0.005 -25"><span class='ocrx_word' id='word_1_25' title='bbox 185 604 231 679; x_wconf 59' lang='grc' dir='ltr'><strong>ᾧ</strong></span> <span class='ocrx_word' id='word_1_26' title='bbox 257 612 574 674; x_wconf 73' lang='grc' dir='ltr'><strong>ξενίζονται.</strong></span> <span class='ocrx_word' id='word_1_27' title='bbox 608 633 625 665; x_wconf 81' lang='grc' dir='ltr'><strong>ι</strong></span> <span class='ocrx_word' id='word_1_28' title='bbox 660 616 732 666; x_wconf 82' lang='grc' dir='ltr'><strong>Τὸ</strong></span> <span class='ocrx_word' id='word_1_29' title='bbox 762 614 1087 678; x_wconf 69' lang='grc' dir='ltr'><strong>ξενίζονται</strong></span> <span class='ocrx_word' id='word_1_30' title='bbox 1122 619 1242 670; x_wconf 80' lang='grc' dir='ltr'><strong>ἀντὶ</strong></span> <span class='ocrx_word' id='word_1_31' title='bbox 1261 619 1354 670; x_wconf 75' lang='grc' dir='ltr'><strong>τοῦ</strong></span> <span class='ocrx_word' id='word_1_32' title='bbox 1387 616 1754 686; x_wconf 61' lang='grc' dir='ltr'><strong>θαυμιίζῖλυσι</strong></span> 
     </span>
    </p>
   </div>
   <div class='ocr_carea' id='block_1_6' title="bbox 184 704 1756 777">
    <p class='ocr_par' dir='ltr' id='par_1_6' title="bbox 184 704 1756 777">
     <span class='ocr_line' id='line_1_6' title="bbox 184 704 1756 777; baseline 0.004 -24"><span class='ocrx_word' id='word_1_33' title='bbox 184 705 380 754; x_wconf 77' lang='grc' dir='ltr'><strong>κεῖται.</strong></span> <span class='ocrx_word' id='word_1_34' title='bbox 415 705 479 756; x_wconf 87' lang='grc'><strong>⁸0</strong></span> <span class='ocrx_word' id='word_1_35' title='bbox 512 704 569 755; x_wconf 84' lang='grc' dir='ltr'><strong>δὲ</strong></span> <span class='ocrx_word' id='word_1_36' title='bbox 609 704 757 772; x_wconf 78' lang='grc' dir='ltr'><strong>λέγει</strong></span> <span class='ocrx_word' id='word_1_37' title='bbox 782 707 941 759; x_wconf 83' lang='grc' dir='ltr'><strong>τοῦτό</strong></span> <span class='ocrx_word' id='word_1_38' title='bbox 968 709 1106 762; x_wconf 78' lang='grc' dir='ltr'><strong>ἐστι·</strong></span> <span class='ocrx_word' id='word_1_39' title='bbox 1147 708 1416 773; x_wconf 80' lang='grc' dir='ltr'><strong>Καθάπαξ</strong></span> <span class='ocrx_word' id='word_1_40' title='bbox 1439 710 1756 777; x_wconf 82' lang='grc' dir='ltr'><strong>ἀπειπάμε-</strong></span> 
     </span>
    </p>
   </div>
   <div class='ocr_carea' id='block_1_7' title="bbox 184 793 1753 870">
    <p class='ocr_par' dir='ltr' id='par_1_7' title="bbox 184 793 1753 870">
     <span class='ocr_line' id='line_1_7' title="bbox 184 793 1753 870; baseline 0.005 -26"><span class='ocrx_word' id='word_1_41' title='bbox 184 810 260 845; x_wconf 89' lang='grc' dir='ltr'><strong>νοι</strong></span> <span class='ocrx_word' id='word_1_42' title='bbox 280 793 393 845; x_wconf 86' lang='grc' dir='ltr'><strong>τῶν</strong></span> <span class='ocrx_word' id='word_1_43' title='bbox 426 795 658 849; x_wconf 78' lang='grc' dir='ltr'><strong>ἐθνικῶν</strong></span> <span class='ocrx_word' id='word_1_44' title='bbox 680 798 1131 868; x_wconf 76' lang='grc' dir='ltr'><strong>ἐπιτηδευμάτων</strong></span> <span class='ocrx_word' id='word_1_45' title='bbox 1160 802 1218 851; x_wconf 83' lang='grc' dir='ltr'><strong>ἐν</strong></span> <span class='ocrx_word' id='word_1_46' title='bbox 1236 798 1316 861; x_wconf 71' lang='grc' dir='ltr'><strong>οἷς</strong></span> <span class='ocrx_word' id='word_1_47' title='bbox 1348 801 1444 870; x_wconf 62' lang='lat' dir='ltr'><strong>sci;</strong></span> <span class='ocrx_word' id='word_1_48' title='bbox 1456 800 1580 852; x_wconf 84' lang='grc' dir='ltr'><strong>σατέ</strong></span> <span class='ocrx_word' id='word_1_49' title='bbox 1602 816 1753 861; x_wconf 63' lang='grc' dir='ltr'><strong>ποτε.</strong></span> 
     </span>
    </p>
   </div>
   <div class='ocr_carea' id='block_1_8' title="bbox 182 883 1760 959">
    <p class='ocr_par' dir='ltr' id='par_1_8' title="bbox 182 883 1760 959">
     <span class='ocr_line' id='line_1_8' title="bbox 182 883 1760 959; baseline 0.004 -25"><span class='ocrx_word' id='word_1_50' title='bbox 182 883 274 935; x_wconf 80' lang='grc' dir='ltr'><strong>τοῦ</strong></span> <span class='ocrx_word' id='word_1_51' title='bbox 314 885 739 956; x_wconf 76' lang='grc' dir='ltr'><strong>ἐπανῃρημένου</strong></span> <span class='ocrx_word' id='word_1_52' title='bbox 774 889 903 957; x_wconf 79' lang='grc' dir='ltr'><strong>ὑμῖν</strong></span> <span class='ocrx_word' id='word_1_53' title='bbox 933 890 1135 959; x_wconf 82' lang='grc' dir='ltr'><strong>σεμνοῦ</strong></span> <span class='ocrx_word' id='word_1_54' title='bbox 1195 889 1310 958; x_wconf 82' lang='grc' dir='ltr'><strong>βίον</strong></span> <span class='ocrx_word' id='word_1_55' title='bbox 1353 888 1559 958; x_wconf 78' lang='grc' dir='ltr'><strong>ἔχεσθε.</strong></span> <span class='ocrx_word' id='word_1_56' title='bbox 1604 888 1760 942; x_wconf 79' lang='grc' dir='ltr'><strong>Οὕτω</strong></span> 
     </span>
    </p>
   </div>
   <div class='ocr_carea' id='block_1_9' title="bbox 183 976 1759 1052">
    <p class='ocr_par' dir='ltr' id='par_1_9' title="bbox 183 976 1759 1052">
     <span class='ocr_line' id='line_1_9' title="bbox 183 976 1759 1052; baseline 0.005 -24"><span class='ocrx_word' id='word_1_57' title='bbox 183 976 289 1045; x_wconf 74' lang='grc' dir='ltr'><strong>γὰρ</strong></span> <span class='ocrx_word' id='word_1_58' title='bbox 313 977 381 1029; x_wconf 77' lang='grc' dir='ltr'><strong>ἂν</strong></span> <span class='ocrx_word' id='word_1_59' title='bbox 415 979 511 1031; x_wconf 80' lang='grc' dir='ltr'><strong>καὶ</strong></span> <span class='ocrx_word' id='word_1_60' title='bbox 539 978 693 1031; x_wconf 74' lang='grc' dir='ltr'><strong>αὐτοὶ</strong></span> <span class='ocrx_word' id='word_1_61' title='bbox 720 981 768 1031; x_wconf 84' lang='grc' dir='ltr'><strong>οἱ</strong></span> <span class='ocrx_word' id='word_1_62' title='bbox 798 980 1003 1032; x_wconf 77' lang='grc' dir='ltr'><strong>ἐθνικοὶ</strong></span> <span class='ocrx_word' id='word_1_63' title='bbox 1057 980 1433 1050; x_wconf 72' lang='grc' dir='ltr'><strong>θαυμάζονται</strong></span> <span class='ocrx_word' id='word_1_64' title='bbox 1477 982 1642 1052; x_wconf 81' lang='grc' dir='ltr'><strong>ὑμᾶς,</strong></span> <span class='ocrx_word' id='word_1_65' title='bbox 1686 982 1759 1052; x_wconf 85' lang='grc' dir='ltr'><strong>μὴ</strong></span> 
     </span>
    </p>
   </div>
   <div class='ocr_carea' id='block_1_10' title="bbox 186 1066 1757 1141">
    <p class='ocr_par' dir='ltr' id='par_1_10' title="bbox 186 1066 1757 1141">
     <span class='ocr_line' id='line_1_10' title="bbox 186 1066 1757 1141; baseline 0.004 -22"><span class='ocrx_word' id='word_1_66' title='bbox 186 1066 573 1137; x_wconf 76' lang='grc' dir='ltr'><strong>συντρέχοντας</strong></span> <span class='ocrx_word' id='word_1_67' title='bbox 597 1070 781 1132; x_wconf 67' lang='grc' dir='ltr'><strong>αὐτοῖς</strong></span> <span class='ocrx_word' id='word_1_68' title='bbox 813 1072 892 1132; x_wconf 83' lang='grc' dir='ltr'><strong>εἰς</strong></span> <span class='ocrx_word' id='word_1_69' title='bbox 908 1071 1008 1141; x_wconf 86' lang='grc' dir='ltr'><strong>τὴν</strong></span> <span class='ocrx_word' id='word_1_70' title='bbox 1032 1071 1227 1140; x_wconf 79' lang='grc' dir='ltr'><strong>ὁμοίαν</strong></span> <span class='ocrx_word' id='word_1_71' title='bbox 1261 1072 1445 1135; x_wconf 79' lang='grc' dir='ltr'><strong>αὐτοῖς</strong></span> <span class='ocrx_word' id='word_1_72' title='bbox 1475 1073 1575 1141; x_wconf 88' lang='grc' dir='ltr'><strong>τῆς</strong></span> <span class='ocrx_word' id='word_1_73' title='bbox 1626 1074 1757 1125; x_wconf 83' lang='grc' dir='ltr'><strong>ἀσε-</strong></span> 
     </span>
    </p>
   </div>
   <div class='ocr_carea' id='block_1_11' title="bbox 182 1155 1754 1233">
    <p class='ocr_par' dir='ltr' id='par_1_11' title="bbox 182 1155 1754 1233">
     <span class='ocr_line' id='line_1_11' title="bbox 182 1155 1754 1233; baseline 0.006 -26"><span class='ocrx_word' id='word_1_74' title='bbox 182 1155 332 1219; x_wconf 75' lang='grc' dir='ltr'><strong>ϐείας</strong></span> <span class='ocrx_word' id='word_1_75' title='bbox 374 1159 639 1227; x_wconf 74' lang='grc' dir='ltr'><strong>ἀνάχυσιν</strong></span> <span class='ocrx_word' id='word_1_76' title='bbox 687 1162 806 1229; x_wconf 71' lang='grc' dir='ltr'><strong>ἢτοι</strong></span> <span class='ocrx_word' id='word_1_77' title='bbox 855 1161 1141 1231; x_wconf 82' lang='grc' dir='ltr'><strong>σύγχυσιν.</strong></span> <span class='ocrx_word' id='word_1_78' title='bbox 1193 1163 1286 1215; x_wconf 85' lang='grc' dir='ltr'><strong>Διὸ</strong></span> <span class='ocrx_word' id='word_1_79' title='bbox 1317 1164 1410 1216; x_wconf 82' lang='grc' dir='ltr'><strong>καὶ</strong></span> <span class='ocrx_word' id='word_1_80' title='bbox 1466 1165 1604 1233; x_wconf 82' lang='grc' dir='ltr'><strong>μετά</strong></span> <span class='ocrx_word' id='word_1_81' title='bbox 1662 1164 1754 1217; x_wconf 75' lang='grc' dir='ltr'><strong>τοῦ</strong></span> 
     </span>
    </p>
   </div>
   <div class='ocr_carea' id='block_1_12' title="bbox 181 1246 1757 1324">
    <p class='ocr_par' dir='ltr' id='par_1_12' title="bbox 181 1246 1757 1324">
     <span class='ocr_line' id='line_1_12' title="bbox 181 1246 1757 1324; baseline 0.006 -26"><span class='ocrx_word' id='word_1_82' title='bbox 181 1248 485 1314; x_wconf 78' lang='grc' dir='ltr'><strong>θαυμάζειν</strong></span> <span class='ocrx_word' id='word_1_83' title='bbox 515 1252 611 1302; x_wconf 72' lang='grc' dir='ltr'><strong>καὶ</strong></span> <span class='ocrx_word' id='word_1_84' title='bbox 638 1249 1024 1321; x_wconf 76' lang='grc' dir='ltr'><strong>ὲξαπορείσθαι</strong></span> <span class='ocrx_word' id='word_1_85' title='bbox 1071 1254 1139 1323; x_wconf 74' lang='grc' dir='ltr'><strong>τῇ</strong></span> <span class='ocrx_word' id='word_1_86' title='bbox 1182 1246 1455 1324; x_wconf 76' lang='grc' dir='ltr'><strong>μεταϐολῇ</strong></span> <span class='ocrx_word' id='word_1_87' title='bbox 1480 1253 1654 1323; x_wconf 81' lang='grc' dir='ltr'><strong>ὑμῶν,</strong></span> <span class='ocrx_word' id='word_1_88' title='bbox 1695 1254 1757 1307; x_wconf 78' lang='grc' dir='ltr'><strong>οὐ</strong></span> 
     </span>
    </p>
   </div>
   <div class='ocr_carea' id='block_1_13' title="bbox 183 1340 1758 1415">
    <p class='ocr_par' dir='ltr' id='par_1_13' title="bbox 183 1340 1758 1415">
     <span class='ocr_line' id='line_1_13' title="bbox 183 1340 1758 1415; baseline 0.004 -23"><span class='ocrx_word' id='word_1_89' title='bbox 183 1340 344 1406; x_wconf 85' lang='grc' dir='ltr'><strong>μόνον</strong></span> <span class='ocrx_word' id='word_1_90' title='bbox 370 1345 843 1411; x_wconf 71' lang='grc' dir='ltr'><strong>καταισχύνονται,</strong></span> <span class='ocrx_word' id='word_1_91' title='bbox 873 1344 1009 1398; x_wconf 79' lang='grc' dir='ltr'><strong>ἀλλὰ</strong></span> <span class='ocrx_word' id='word_1_92' title='bbox 1046 1345 1142 1398; x_wconf 74' lang='grc' dir='ltr'><strong>καὶ</strong></span> <span class='ocrx_word' id='word_1_93' title='bbox 1193 1344 1598 1415; x_wconf 82' lang='grc' dir='ltr'><strong>βλασφημοῦσι,</strong></span> <span class='ocrx_word' id='word_1_94' title='bbox 1634 1363 1758 1398; x_wconf 89' lang='grc' dir='ltr'><strong>του-</strong></span> 
     </span>
    </p>
   </div>
   <div class='ocr_carea' id='block_1_14' title="bbox 178 1432 1760 1509">
    <p class='ocr_par' dir='ltr' id='par_1_14' title="bbox 178 1432 1760 1509">
     <span class='ocr_line' id='line_1_14' title="bbox 178 1432 1760 1509; baseline 0.003 -26"><span class='ocrx_word' id='word_1_95' title='bbox 178 1433 350 1496; x_wconf 76' lang='grc' dir='ltr'><strong>τέστι,</strong></span> <span class='ocrx_word' id='word_1_96' title='bbox 380 1432 726 1488; x_wconf 79' lang='grc' dir='ltr'><strong>σκώπτουσιν</strong></span> <span class='ocrx_word' id='word_1_97' title='bbox 774 1437 941 1505; x_wconf 81' lang='grc' dir='ltr'><strong>ὑμᾶς.</strong></span> <span class='ocrx_word' id='word_1_98' title='bbox 968 1435 1254 1507; x_wconf 81' lang='grc' dir='ltr'><strong>Βδέλυγμα</strong></span> <span class='ocrx_word' id='word_1_99' title='bbox 1303 1438 1414 1509; x_wconf 85' lang='grc' dir='ltr'><strong>γὰρ</strong></span> <span class='ocrx_word' id='word_1_100' title='bbox 1449 1438 1760 1508; x_wconf 77' lang='grc' dir='ltr'><strong>ἀμαρτωλῷ</strong></span> 
     </span>
    </p>
   </div>
   <div class='ocr_carea' id='block_1_15' title="bbox 180 1520 1760 1599">
    <p class='ocr_par' dir='ltr' id='par_1_15' title="bbox 180 1520 1760 1599">
     <span class='ocr_line' id='line_1_15' title="bbox 180 1520 1760 1599; baseline 0.006 -26"><span class='ocrx_word' id='word_1_101' title='bbox 180 1522 481 1578; x_wconf 74' lang='grc' dir='ltr'><strong>θεοσέϐεια.</strong></span> <span class='ocrx_word' id='word_1_102' title='bbox 517 1520 674 1579; x_wconf 80' lang='grc' dir='ltr'><strong>Οὗτοι</strong></span> <span class='ocrx_word' id='word_1_103' title='bbox 703 1527 758 1579; x_wconf 80' lang='grc' dir='ltr'><strong>δὲ</strong></span> <span class='ocrx_word' id='word_1_104' title='bbox 793 1528 881 1580; x_wconf 79' lang='grc' dir='ltr'><strong>καὶ</strong></span> <span class='ocrx_word' id='word_1_105' title='bbox 912 1526 1034 1580; x_wconf 80' lang='grc' dir='ltr'><strong>οὐδὲ</strong></span> <span class='ocrx_word' id='word_1_106' title='bbox 1059 1527 1408 1599; x_wconf 85' lang='grc' dir='ltr'><strong>ἀτιμώρητον</strong></span> <span class='ocrx_word' id='word_1_107' title='bbox 1444 1528 1625 1595; x_wconf 71' lang='grc' dir='ltr'><strong>ἑξουσι</strong></span> <span class='ocrx_word' id='word_1_108' title='bbox 1659 1530 1760 1598; x_wconf 74' lang='grc' dir='ltr'><strong>τὴν</strong></span> 
     </span>
    </p>
   </div>
   <div class='ocr_carea' id='block_1_16' title="bbox 177 1614 1758 1690">
    <p class='ocr_par' dir='ltr' id='par_1_16' title="bbox 177 1614 1758 1690">
     <span class='ocr_line' id='line_1_16' title="bbox 177 1614 1758 1690; baseline 0.006 -25"><span class='ocrx_word' id='word_1_109' title='bbox 177 1614 442 1683; x_wconf 72' lang='grc' dir='ltr'><strong>τοιαύτην</strong></span> <span class='ocrx_word' id='word_1_110' title='bbox 498 1615 871 1687; x_wconf 71' lang='grc' dir='ltr'><strong>βλασφημίαν,</strong></span> <span class='ocrx_word' id='word_1_111' title='bbox 917 1619 1304 1673; x_wconf 81' lang='grc' dir='ltr'><strong>ἀλλάδώσουσι</strong></span> <span class='ocrx_word' id='word_1_112' title='bbox 1334 1621 1513 1689; x_wconf 80' lang='grc' dir='ltr'><strong>λόγον,</strong></span> <span class='ocrx_word' id='word_1_113' title='bbox 1542 1620 1621 1690; x_wconf 84' lang='grc' dir='ltr'><strong>τῷ</strong></span> <span class='ocrx_word' id='word_1_114' title='bbox 1670 1623 1758 1674; x_wconf 78' lang='grc' dir='ltr'><strong>ἐπ’</strong></span> 
     </span>
    </p>
   </div>
   <div class='ocr_carea' id='block_1_17' title="bbox 176 1696 1758 1782">
    <p class='ocr_par' dir='ltr' id='par_1_17' title="bbox 176 1696 1758 1782">
     <span class='ocr_line' id='line_1_17' title="bbox 176 1696 1758 1782; baseline 0.006 -25"><span class='ocrx_word' id='word_1_115' title='bbox 176 1707 329 1776; x_wconf 73' lang='grc' dir='ltr'><strong>αὖτῷ</strong></span> <span class='ocrx_word' id='word_1_116' title='bbox 354 1708 533 1777; x_wconf 69' lang='grc' dir='ltr'><strong>τούτῳ</strong></span> <span class='ocrx_word' id='word_1_117' title='bbox 568 1710 922 1780; x_wconf 75' lang='grc' dir='ltr'><strong>ἀμεταθέτως</strong></span> <span class='ocrx_word' id='word_1_118' title='bbox 962 1713 1055 1765; x_wconf 79' lang='grc' dir='ltr'><strong>καὶ</strong></span> <span class='ocrx_word' id='word_1_119' title='bbox 1096 1696 1327 1782; x_wconf 68' lang='grc' dir='ltr'><strong>ἑδραίως</strong></span> <span class='ocrx_word' id='word_1_120' title='bbox 1373 1712 1758 1781; x_wconf 83' lang='grc' dir='ltr'><strong>καθεδουμένῳ</strong></span> 
     </span>
    </p>
   </div>
   <div class='ocr_carea' id='block_1_18' title="bbox 174 1798 1758 1873">
    <p class='ocr_par' dir='ltr' id='par_1_18' title="bbox 174 1798 1758 1873">
     <span class='ocr_line' id='line_1_18' title="bbox 174 1798 1758 1873; baseline 0.003 -24"><span class='ocrx_word' id='word_1_121' title='bbox 174 1798 286 1849; x_wconf 80' lang='grc' dir='ltr'>τῶν</span> <span class='ocrx_word' id='word_1_122' title='bbox 323 1800 545 1851; x_wconf 73' lang='grc' dir='ltr'><strong>πάντων</strong></span> <span class='ocrx_word' id='word_1_123' title='bbox 572 1803 756 1871; x_wconf 83' lang='grc' dir='ltr'><strong>κριτῇ.</strong></span> <span class='ocrx_word' id='word_1_124' title='bbox 776 1800 951 1854; x_wconf 83' lang='grc' dir='ltr'><strong>Τοῦτο</strong></span> <span class='ocrx_word' id='word_1_125' title='bbox 978 1803 1087 1871; x_wconf 76' lang='grc' dir='ltr'><strong>γάρ</strong></span> <span class='ocrx_word' id='word_1_126' title='bbox 1124 1803 1187 1855; x_wconf 77' lang='grc' dir='ltr'><strong>τὸ</strong></span> <span class='ocrx_word' id='word_1_127' title='bbox 1215 1802 1473 1873; x_wconf 79' lang='grc' dir='ltr'><strong>Ἐτοιμον</strong></span> <span class='ocrx_word' id='word_1_128' title='bbox 1504 1802 1758 1872; x_wconf 73' lang='grc' dir='ltr'><strong>σημαίνει</strong></span> 
     </span>
    </p>
   </div>
   <div class='ocr_carea' id='block_1_19' title="bbox 175 1889 1759 1963">
    <p class='ocr_par' dir='ltr' id='par_1_19' title="bbox 175 1889 1759 1963">
     <span class='ocr_line' id='line_1_19' title="bbox 175 1889 1759 1963; baseline 0.003 -23"><span class='ocrx_word' id='word_1_129' title='bbox 175 1889 438 1955; x_wconf 75' lang='grc' dir='ltr'><strong>ἐνταῦθα,</strong></span> <span class='ocrx_word' id='word_1_130' title='bbox 469 1890 544 1952; x_wconf 81' lang='grc' dir='ltr'><strong>ὡς</strong></span> <span class='ocrx_word' id='word_1_131' title='bbox 575 1891 671 1943; x_wconf 75' lang='grc' dir='ltr'><strong>καὶ</strong></span> <span class='ocrx_word' id='word_1_132' title='bbox 695 1890 775 1956; x_wconf 83' lang='grc' dir='ltr'><strong>τὺ,</strong></span> <span class='ocrx_word' id='word_1_133' title='bbox 808 1911 826 1945; x_wconf 82' lang='grc' dir='ltr'><strong>ι</strong></span> <span class='ocrx_word' id='word_1_134' title='bbox 875 1891 1212 1963; x_wconf 77' lang='grc' dir='ltr'><strong>Ἐτοιμάζων</strong></span> <span class='ocrx_word' id='word_1_135' title='bbox 1232 1893 1336 1963; x_wconf 79' lang='grc' dir='ltr'><strong>ὅρη</strong></span> <span class='ocrx_word' id='word_1_136' title='bbox 1382 1896 1441 1946; x_wconf 74' lang='grc' dir='ltr'>ὲν</span> <span class='ocrx_word' id='word_1_137' title='bbox 1490 1897 1555 1963; x_wconf 79' lang='grc' dir='ltr'><strong>τῇ</strong></span> <span class='ocrx_word' id='word_1_138' title='bbox 1616 1892 1759 1961; x_wconf 77' lang='grc' dir='ltr'><strong>ἰσχύϊ</strong></span> 
     </span>
    </p>
   </div>
   <div class='ocr_carea' id='block_1_20' title="bbox 174 1983 1759 2057">
    <p class='ocr_par' dir='ltr' id='par_1_20' title="bbox 174 1983 1759 2057">
     <span class='ocr_line' id='line_1_20' title="bbox 174 1983 1759 2057; baseline 0.002 -23"><span class='ocrx_word' id='word_1_139' title='bbox 174 1983 368 2046; x_wconf 70' lang='grc' dir='ltr'><strong>αὐτοῦ,</strong></span> <span class='ocrx_word' id='word_1_140' title='bbox 406 2004 425 2033; x_wconf 76' lang='grc' dir='ltr'><strong>ι</strong></span> <span class='ocrx_word' id='word_1_141' title='bbox 461 1985 556 2036; x_wconf 79' lang='grc' dir='ltr'><strong>καὶ</strong></span> <span class='ocrx_word' id='word_1_142' title='bbox 609 1985 668 2036; x_wconf 84' lang='grc' dir='ltr'><strong>ἐν</strong></span> <span class='ocrx_word' id='word_1_143' title='bbox 716 1984 814 2054; x_wconf 78' lang='grc' dir='ltr'><strong>τῷ,</strong></span> <span class='ocrx_word' id='word_1_144' title='bbox 851 2004 867 2037; x_wconf 82' lang='grc' dir='ltr'><strong>ι</strong></span> <span class='ocrx_word' id='word_1_145' title='bbox 906 1987 1164 2055; x_wconf 83' lang='grc' dir='ltr'><strong>Ἔτοιμος</strong></span> <span class='ocrx_word' id='word_1_146' title='bbox 1211 1986 1444 2057; x_wconf 83' lang='grc' dir='ltr'><strong>όθρόνος</strong></span> <span class='ocrx_word' id='word_1_147' title='bbox 1468 2003 1582 2040; x_wconf 86' lang='grc' dir='ltr'><strong>σου.</strong></span> <span class='ocrx_word' id='word_1_148' title='bbox 1617 2005 1634 2037; x_wconf 81' lang='grc' dir='ltr'><strong>ι</strong></span> <span class='ocrx_word' id='word_1_149' title='bbox 1671 1986 1759 2054; x_wconf 83' lang='grc' dir='ltr'><strong>Τῷ</strong></span> 
     </span>
    </p>
   </div>
   <div class='ocr_carea' id='block_1_21' title="bbox 173 2068 1760 2147">
    <p class='ocr_par' dir='ltr' id='par_1_21' title="bbox 173 2068 1760 2147">
     <span class='ocr_line' id='line_1_21' title="bbox 173 2068 1760 2147; baseline 0.003 -22"><span class='ocrx_word' id='word_1_150' title='bbox 173 2068 270 2127; x_wconf 73' lang='grc' dir='ltr'>οὖν</span> <span class='ocrx_word' id='word_1_151' title='bbox 315 2077 673 2144; x_wconf 76' lang='grc' dir='ltr'><strong>ἀμεταθέτως</strong></span> <span class='ocrx_word' id='word_1_152' title='bbox 730 2079 826 2129; x_wconf 78' lang='grc' dir='ltr'><strong>καὶ</strong></span> <span class='ocrx_word' id='word_1_153' title='bbox 866 2077 1100 2146; x_wconf 75' lang='grc' dir='ltr'><strong>βεϐαίως</strong></span> <span class='ocrx_word' id='word_1_154' title='bbox 1128 2076 1367 2147; x_wconf 78' lang='grc' dir='ltr'>κρίνοντι</span> <span class='ocrx_word' id='word_1_155' title='bbox 1396 2077 1605 2141; x_wconf 84' lang='grc' dir='ltr'><strong>ζῶντας</strong></span> <span class='ocrx_word' id='word_1_156' title='bbox 1664 2080 1760 2131; x_wconf 80' lang='grc' dir='ltr'><strong>καὶ</strong></span> 
     </span>
    </p>
   </div>
   <div class='ocr_carea' id='block_1_22' title="bbox 175 2166 1757 2239">
    <p class='ocr_par' dir='ltr' id='par_1_22' title="bbox 175 2166 1757 2239">
     <span class='ocr_line' id='line_1_22' title="bbox 175 2166 1757 2239; baseline 0.006 -25"><span class='ocrx_word' id='word_1_157' title='bbox 175 2169 409 2235; x_wconf 76' lang='grc' dir='ltr'><strong>νεκροὺς</strong></span> <span class='ocrx_word' id='word_1_158' title='bbox 441 2167 675 2221; x_wconf 83' lang='grc' dir='ltr'><strong>δώσουσι</strong></span> <span class='ocrx_word' id='word_1_159' title='bbox 693 2168 848 2236; x_wconf 71' lang='grc' dir='ltr'>λόγον</span> <span class='ocrx_word' id='word_1_160' title='bbox 878 2169 927 2221; x_wconf 77' lang='lat' dir='ltr'><strong>oi</strong></span> <span class='ocrx_word' id='word_1_161' title='bbox 960 2166 1319 2239; x_wconf 77' lang='grc' dir='ltr'><strong>χλευάζοντες</strong></span> <span class='ocrx_word' id='word_1_162' title='bbox 1356 2169 1520 2239; x_wconf 77' lang='grc' dir='ltr'><strong>ὑμᾶς.</strong></span> <span class='ocrx_word' id='word_1_163' title='bbox 1559 2168 1679 2233; x_wconf 87' lang='grc' dir='ltr'>Πῶς</span> <span class='ocrx_word' id='word_1_164' title='bbox 1701 2169 1757 2222; x_wconf 82' lang='grc' dir='ltr'><strong>δὲ</strong></span> 
     </span>
    </p>
   </div>
   <div class='ocr_carea' id='block_1_23' title="bbox 174 2256 1434 2331">
    <p class='ocr_par' dir='ltr' id='par_1_23' title="bbox 174 2256 1434 2331">
     <span class='ocr_line' id='line_1_23' title="bbox 174 2256 1434 2331; baseline 0.003 -22"><span class='ocrx_word' id='word_1_165' title='bbox 174 2256 397 2320; x_wconf 54' lang='lat' dir='ltr'><strong>mam</strong></span> <span class='ocrx_word' id='word_1_166' title='bbox 431 2260 621 2328; x_wconf 80' lang='grc' dir='ltr'><strong>κριτὴς</strong></span> <span class='ocrx_word' id='word_1_167' title='bbox 657 2262 749 2312; x_wconf 72' lang='grc' dir='ltr'><strong>καὶ</strong></span> <span class='ocrx_word' id='word_1_168' title='bbox 778 2259 1004 2330; x_wconf 81' lang='grc' dir='ltr'><strong>νεκρῶν,</strong></span> <span class='ocrx_word' id='word_1_169' title='bbox 1039 2258 1165 2330; x_wconf 78' lang='grc' dir='ltr'><strong>ἑξῆς</strong></span> <span class='ocrx_word' id='word_1_170' title='bbox 1185 2259 1434 2331; x_wconf 81' lang='grc' dir='ltr'><strong>δηλώσει.</strong></span> 
     </span>
    </p>
   </div>
   <div class='ocr_carea' id='block_1_24' title="bbox 252 2518 1760 2588">
    <p class='ocr_par' dir='ltr' id='par_1_24' title="bbox 252 2518 1760 2588">
     <span class='ocr_line' id='line_1_24' title="bbox 252 2518 1760 2588; baseline -0.001 -16"><span class='ocrx_word' id='word_1_171' title='bbox 252 2522 355 2583; x_wconf 71' lang='grc' dir='ltr'><strong>Ες</strong></span> <span class='ocrx_word' id='word_1_172' title='bbox 420 2518 590 2572; x_wconf 59' lang='lat' dir='ltr'><strong>tofm</strong></span> <span class='ocrx_word' id='word_1_173' title='bbox 643 2520 749 2588; x_wconf 59' lang='grc' dir='ltr'><strong>ῖύρ</strong></span> <span class='ocrx_word' id='word_1_174' title='bbox 808 2519 903 2572; x_wconf 80' lang='grc' dir='ltr'><strong>καί</strong></span> <span class='ocrx_word' id='word_1_175' title='bbox 962 2518 1628 2588; x_wconf 67' lang='grc' dir='ltr'><strong>νεκροῒςεὺηγγελίσθη.</strong></span> <span class='ocrx_word' id='word_1_176' title='bbox 1661 2520 1760 2571; x_wconf 74' lang='grc' dir='ltr'><strong>ἵνα</strong></span> 
     </span>
    </p>
   </div>
   <div class='ocr_carea' id='block_1_25' title="bbox 173 2606 1758 2675">
    <p class='ocr_par' dir='ltr' id='par_1_25' title="bbox 173 2606 1758 2675">
     <span class='ocr_line' id='line_1_25' title="bbox 173 2606 1758 2675; baseline 0 -15"><span class='ocrx_word' id='word_1_177' title='bbox 173 2607 421 2675; x_wconf 73' lang='grc' dir='ltr'><strong>κριθῶσι</strong></span> <span class='ocrx_word' id='word_1_178' title='bbox 451 2608 568 2674; x_wconf 81' lang='grc' dir='ltr'><strong>μὲν</strong></span> <span class='ocrx_word' id='word_1_179' title='bbox 619 2609 769 2662; x_wconf 78' lang='grc' dir='ltr'><strong>κατὰ</strong></span> <span class='ocrx_word' id='word_1_180' title='bbox 810 2608 1165 2675; x_wconf 78' lang='grc' dir='ltr'><strong>ἀνθρώπους</strong></span> <span class='ocrx_word' id='word_1_181' title='bbox 1219 2608 1426 2675; x_wconf 74' lang='grc' dir='ltr'><strong>σαρκί.</strong></span> <span class='ocrx_word' id='word_1_182' title='bbox 1493 2606 1627 2666; x_wconf 79' lang='grc' dir='ltr'>ζῶσι</span> <span class='ocrx_word' id='word_1_183' title='bbox 1690 2606 1758 2660; x_wconf 79' lang='grc' dir='ltr'><strong>δὲ</strong></span> 
     </span>
    </p>
   </div>
   <div class='ocr_carea' id='block_1_26' title="bbox 171 2702 851 2770">
    <p class='ocr_par' dir='ltr' id='par_1_26' title="bbox 171 2702 851 2770">
     <span class='ocr_line' id='line_1_26' title="bbox 171 2702 851 2770; baseline -0.003 -15"><span class='ocrx_word' id='word_1_184' title='bbox 171 2702 330 2755; x_wconf 77' lang='grc' dir='ltr'><strong>κατὰ</strong></span> <span class='ocrx_word' id='word_1_185' title='bbox 364 2702 514 2755; x_wconf 78' lang='grc' dir='ltr'><strong>Θεὸν</strong></span> <span class='ocrx_word' id='word_1_186' title='bbox 539 2702 851 2770; x_wconf 77' lang='grc' dir='ltr'><strong>πνεύματι.</strong></span> 
     </span>
    </p>
   </div>
   <div class='ocr_carea' id='block_1_27' title="bbox 250 2784 1757 2861">
    <p class='ocr_par' dir='ltr' id='par_1_27' title="bbox 250 2784 1757 2861">
     <span class='ocr_line' id='line_1_27' title="bbox 250 2784 1757 2861; baseline 0 -17"><span class='ocrx_word' id='word_1_187' title='bbox 250 2791 325 2844; x_wconf 61' lang='lat' dir='ltr'><strong>T5</strong></span> <span class='ocrx_word' id='word_1_188' title='bbox 380 2791 508 2858; x_wconf 78' lang='grc' dir='ltr'><strong>ἑξῆς</strong></span> <span class='ocrx_word' id='word_1_189' title='bbox 566 2790 764 2855; x_wconf 66' lang='grc' dir='ltr'><strong>οὕτως·</strong></span> <span class='ocrx_word' id='word_1_190' title='bbox 804 2784 963 2845; x_wconf 76' lang='grc' dir='ltr'><strong>Οὗτοι</strong></span> <span class='ocrx_word' id='word_1_191' title='bbox 1014 2792 1062 2843; x_wconf 87' lang='grc' dir='ltr'><strong>οἱ</strong></span> <span class='ocrx_word' id='word_1_192' title='bbox 1106 2790 1553 2861; x_wconf 80' lang='grc' dir='ltr'><strong>βλασφημοῦντες</strong></span> <span class='ocrx_word' id='word_1_193' title='bbox 1613 2792 1757 2859; x_wconf 70' lang='grc' dir='ltr'><strong>ὑμᾶς</strong></span> 
     </span>
    </p>
   </div>
   <div class='ocr_carea' id='block_1_28' title="bbox 170 2882 1754 2953">
    <p class='ocr_par' dir='ltr' id='par_1_28' title="bbox 170 2882 1754 2953">
     <span class='ocr_line' id='line_1_28' title="bbox 170 2882 1754 2953; baseline -0.002 -16"><span class='ocrx_word' id='word_1_194' title='bbox 170 2883 412 2937; x_wconf 78' lang='grc' dir='ltr'><strong>δώσουσι</strong></span> <span class='ocrx_word' id='word_1_195' title='bbox 436 2885 594 2950; x_wconf 72' lang='grc' dir='ltr'><strong>λόγον</strong></span> <span class='ocrx_word' id='word_1_196' title='bbox 621 2882 697 2953; x_wconf 83' lang='grc' dir='ltr'><strong>τῷ</strong></span> <span class='ocrx_word' id='word_1_197' title='bbox 720 2883 928 2947; x_wconf 83' lang='grc' dir='ltr'><strong>πάντας</strong></span> <span class='ocrx_word' id='word_1_198' title='bbox 956 2882 1233 2952; x_wconf 74' lang='grc' dir='ltr'><strong>κρινοῦντι</strong></span> <span class='ocrx_word' id='word_1_199' title='bbox 1279 2882 1489 2945; x_wconf 78' lang='grc' dir='ltr'><strong>ζῶντας</strong></span> <span class='ocrx_word' id='word_1_200' title='bbox 1540 2885 1630 2936; x_wconf 76' lang='grc' dir='ltr'><strong>καὶ</strong></span> <span class='ocrx_word' id='word_1_201' title='bbox 1666 2901 1754 2934; x_wconf 86' lang='grc' dir='ltr'><strong>νε-</strong></span> 
     </span>
    </p>
   </div>
   <div class='ocr_carea' id='block_1_29' title="bbox 172 2973 1755 3043">
    <p class='ocr_par' dir='ltr' id='par_1_29' title="bbox 172 2973 1755 3043">
     <span class='ocr_line' id='line_1_29' title="bbox 172 2973 1755 3043; baseline -0.002 -16"><span class='ocrx_word' id='word_1_202' title='bbox 172 2973 367 3043; x_wconf 69' lang='grc' dir='ltr'><strong>κρούς.</strong></span> <span class='ocrx_word' id='word_1_203' title='bbox 400 2974 690 3043; x_wconf 83' lang='grc' dir='ltr'><strong>Κρίνονται</strong></span> <span class='ocrx_word' id='word_1_204' title='bbox 717 2974 824 3041; x_wconf 73' lang='grc' dir='ltr'><strong>γὰρ</strong></span> <span class='ocrx_word' id='word_1_205' title='bbox 849 2974 943 3026; x_wconf 74' lang='grc' dir='ltr'><strong>καὶ</strong></span> <span class='ocrx_word' id='word_1_206' title='bbox 976 2974 1179 3043; x_wconf 81' lang='grc' dir='ltr'><strong>νεκροί.</strong></span> <span class='ocrx_word' id='word_1_207' title='bbox 1209 2974 1318 3026; x_wconf 71' lang='grc' dir='ltr'><strong>Καὶ</strong></span> <span class='ocrx_word' id='word_1_208' title='bbox 1348 2973 1506 3042; x_wconf 78' lang='grc' dir='ltr'><strong>δῆλον</strong></span> <span class='ocrx_word' id='word_1_209' title='bbox 1530 2973 1636 3025; x_wconf 76' lang='grc' dir='ltr'><strong>ἀπὸ</strong></span> <span class='ocrx_word' id='word_1_210' title='bbox 1659 2974 1755 3041; x_wconf 72' lang='grc' dir='ltr'><strong>τῆς</strong></span> 
     </span>
    </p>
   </div>
   <div class='ocr_carea' id='block_1_30' title="bbox 172 3067 1756 3139">
    <p class='ocr_par' dir='ltr' id='par_1_30' title="bbox 172 3067 1756 3139">
     <span class='ocr_line' id='line_1_30' title="bbox 172 3067 1756 3139; baseline 0.001 -20"><span class='ocrx_word' id='word_1_211' title='bbox 172 3068 276 3119; x_wconf 75' lang='grc' dir='ltr'><strong>τοῦ</strong></span> <span class='ocrx_word' id='word_1_212' title='bbox 335 3068 544 3137; x_wconf 72' lang='grc' dir='ltr'><strong>Κυρίου</strong></span> <span class='ocrx_word' id='word_1_213' title='bbox 603 3068 681 3129; x_wconf 79' lang='grc' dir='ltr'><strong>εἰς</strong></span> <span class='ocrx_word' id='word_1_214' title='bbox 730 3067 823 3119; x_wconf 81' lang='grc' dir='ltr'><strong>τὸν</strong></span> <span class='ocrx_word' id='word_1_215' title='bbox 893 3067 1027 3138; x_wconf 72' lang='grc' dir='ltr'><strong>ᾅδην</strong></span> <span class='ocrx_word' id='word_1_216' title='bbox 1084 3068 1405 3138; x_wconf 80' lang='grc' dir='ltr'><strong>παρουσίας.</strong></span> <span class='ocrx_word' id='word_1_217' title='bbox 1448 3068 1756 3139; x_wconf 67' lang='grc' dir='ltr'><strong>Κάκεῖ-ίάρ</strong></span> 
     </span>
    </p>
   </div>
   <div class='ocr_carea' id='block_1_31' title="bbox 173 3156 1755 3226">
    <p class='ocr_par' dir='ltr' id='par_1_31' title="bbox 173 3156 1755 3226">
     <span class='ocr_line' id='line_1_31' title="bbox 173 3156 1755 3226; baseline -0.001 -18"><span class='ocrx_word' id='word_1_218' title='bbox 173 3157 529 3226; x_wconf 58' lang='grc' dir='ltr'><strong>ἐκδημήσας</strong></span> <span class='ocrx_word' id='word_1_219' title='bbox 560 3165 615 3208; x_wconf 74' lang='grc' dir='ltr'><strong>ὲν</strong></span> <span class='ocrx_word' id='word_1_220' title='bbox 638 3159 713 3225; x_wconf 79' lang='grc' dir='ltr'><strong>τῷ</strong></span> <span class='ocrx_word' id='word_1_221' title='bbox 734 3157 871 3209; x_wconf 82' lang='grc' dir='ltr'><strong>κατά</strong></span> <span class='ocrx_word' id='word_1_222' title='bbox 898 3156 990 3208; x_wconf 83' lang='grc' dir='ltr'><strong>τὸν</strong></span> <span class='ocrx_word' id='word_1_223' title='bbox 1028 3156 1256 3225; x_wconf 83' lang='grc' dir='ltr'><strong>σταυρὸν</strong></span> <span class='ocrx_word' id='word_1_224' title='bbox 1276 3156 1516 3225; x_wconf 69' lang='grc' dir='ltr'><strong>δηλονότι</strong></span> <span class='ocrx_word' id='word_1_225' title='bbox 1540 3156 1755 3222; x_wconf 79' lang='grc' dir='ltr'><strong>θανάτῳ</strong></span> 
     </span>
    </p>
   </div>
   <div class='ocr_carea' id='block_1_32' title="bbox 1870 614 3440 689">
    <p class='ocr_par' dir='ltr' id='par_1_32' title="bbox 1870 614 3440 689">
     <span class='ocr_line' id='line_1_32' title="bbox 1870 614 3440 689; baseline -0.004 -17"><span class='ocrx_word' id='word_1_226' title='bbox 1870 620 2361 689; x_wconf 82' lang='lat' dir='ltr'><strong>intemperantibus</strong></span> <span class='ocrx_word' id='word_1_227' title='bbox 2379 617 2488 671; x_wconf 89' lang='lat' dir='ltr'><strong>vini</strong></span> <span class='ocrx_word' id='word_1_228' title='bbox 2533 618 2978 686; x_wconf 86' lang='lat' dir='ltr'><strong>appetitionihus.</strong></span> <span class='ocrx_word' id='word_1_229' title='bbox 3005 636 3022 667; x_wconf 81' lang='grc' dir='ltr'><strong>ι</strong></span> <span class='ocrx_word' id='word_1_230' title='bbox 3058 614 3209 669; x_wconf 84' lang='lat' dir='ltr'><strong>Uade</strong></span> <span class='ocrx_word' id='word_1_231' title='bbox 3240 628 3440 667; x_wconf 89' lang='lat' dir='ltr'><strong>novum</strong></span> 
     </span>
    </p>
   </div>
   <div class='ocr_carea' id='block_1_33' title="bbox 1862 703 3432 778">
    <p class='ocr_par' dir='ltr' id='par_1_33' title="bbox 1862 703 3432 778">
     <span class='ocr_line' id='line_1_33' title="bbox 1862 703 3432 778; baseline -0.005 -14"><span class='ocrx_word' id='word_1_232' title='bbox 1862 710 2075 765; x_wconf 82' lang='lat' dir='ltr'><strong>videtur</strong></span> <span class='ocrx_word' id='word_1_233' title='bbox 2107 711 2229 765; x_wconf 88' lang='lat' dir='ltr'><strong>illis.</strong></span> <span class='ocrx_word' id='word_1_234' title='bbox 2260 729 2277 762; x_wconf 76' lang='grc' dir='ltr'><strong>ι</strong></span> <span class='ocrx_word' id='word_1_235' title='bbox 2314 708 2622 773; x_wconf 76' lang='grc' dir='ltr'><strong>Ξενίζονται</strong></span> <span class='ocrx_word' id='word_1_236' title='bbox 2674 709 2892 778; x_wconf 78' lang='lat' dir='ltr'><strong>ponitur</strong></span> <span class='ocrx_word' id='word_1_237' title='bbox 2936 722 3036 777; x_wconf 88' lang='lat' dir='ltr'><strong>pro</strong></span> <span class='ocrx_word' id='word_1_238' title='bbox 3066 703 3432 774; x_wconf 75' lang='grc' dir='ltr'><strong>θαυμάζουσι.</strong></span> 
     </span>
    </p>
   </div>
   <div class='ocr_carea' id='block_1_34' title="bbox 1863 796 3435 867">
    <p class='ocr_par' dir='ltr' id='par_1_34' title="bbox 1863 796 3435 867">
     <span class='ocr_line' id='line_1_34' title="bbox 1863 796 3435 867; baseline -0.006 -10"><span class='ocrx_word' id='word_1_239' title='bbox 1863 803 1978 857; x_wconf 82' lang='lat' dir='ltr'><strong>Hoc</strong></span> <span class='ocrx_word' id='word_1_240' title='bbox 2002 810 2103 865; x_wconf 80' lang='lat' dir='ltr'><strong>est,</strong></span> <span class='ocrx_word' id='word_1_241' title='bbox 2125 803 2480 856; x_wconf 72' lang='lat' dir='ltr'><strong>admirantur.</strong></span> <span class='ocrx_word' id='word_1_242' title='bbox 2507 801 2567 854; x_wconf 89' lang='lat' dir='ltr'><strong>ld</strong></span> <span class='ocrx_word' id='word_1_243' title='bbox 2599 810 2780 854; x_wconf 80' lang='lat' dir='ltr'><strong>autem</strong></span> <span class='ocrx_word' id='word_1_244' title='bbox 2805 798 3052 867; x_wconf 88' lang='lat' dir='ltr'><strong>estquod</strong></span> <span class='ocrx_word' id='word_1_245' title='bbox 3081 797 3214 852; x_wconf 91' lang='lat' dir='ltr'><strong>dicit</strong></span> <span class='ocrx_word' id='word_1_246' title='bbox 3247 814 3259 850; x_wconf 92' lang='lat'><strong>:</strong></span> <span class='ocrx_word' id='word_1_247' title='bbox 3299 796 3435 849; x_wconf 85' lang='lat' dir='ltr'><strong>Cum</strong></span> 
     </span>
    </p>
   </div>
   <div class='ocr_carea' id='block_1_35' title="bbox 1861 889 3437 961">
    <p class='ocr_par' dir='ltr' id='par_1_35' title="bbox 1861 889 3437 961">
     <span class='ocr_line' id='line_1_35' title="bbox 1861 889 3437 961; baseline -0.005 -14"><span class='ocrx_word' id='word_1_248' title='bbox 1861 893 2028 947; x_wconf 87' lang='lat' dir='ltr'><strong>semel</strong></span> <span class='ocrx_word' id='word_1_249' title='bbox 2060 892 2501 947; x_wconf 87' lang='lat' dir='ltr'><strong>renuntiaveritis</strong></span> <span class='ocrx_word' id='word_1_250' title='bbox 2522 892 2765 961; x_wconf 80' lang='lat' dir='ltr'><strong>gentium</strong></span> <span class='ocrx_word' id='word_1_251' title='bbox 2807 889 3022 952; x_wconf 80' lang='lat' dir='ltr'><strong>studiis,</strong></span> <span class='ocrx_word' id='word_1_252' title='bbox 3040 889 3239 957; x_wconf 83' lang='lat' dir='ltr'><strong>quibus</strong></span> <span class='ocrx_word' id='word_1_253' title='bbox 3261 903 3437 956; x_wconf 86' lang='lat' dir='ltr'><strong>quon-</strong></span> 
     </span>
    </p>
   </div>
   <div class='ocr_carea' id='block_1_36' title="bbox 1863 983 3440 1050">
    <p class='ocr_par' dir='ltr' id='par_1_36' title="bbox 1863 983 3440 1050">
     <span class='ocr_line' id='line_1_36' title="bbox 1863 983 3440 1050; baseline -0.004 -12"><span class='ocrx_word' id='word_1_254' title='bbox 1863 984 1987 1039; x_wconf 95' lang='lat' dir='ltr'><strong>dam</strong></span> <span class='ocrx_word' id='word_1_255' title='bbox 2014 983 2299 1047; x_wconf 86' lang='lat' dir='ltr'><strong>vivebatis,</strong></span> <span class='ocrx_word' id='word_1_256' title='bbox 2319 983 2610 1038; x_wconf 71' lang='lat' dir='ltr'><strong>adhaarctis</strong></span> <span class='ocrx_word' id='word_1_257' title='bbox 2634 983 2757 1037; x_wconf 69' lang='lat' dir='ltr'><strong>vitae</strong></span> <span class='ocrx_word' id='word_1_258' title='bbox 2785 983 3028 1035; x_wconf 56' lang='lat' dir='ltr'><strong>honesta</strong></span> <span class='ocrx_word' id='word_1_259' title='bbox 3048 996 3209 1050; x_wconf 91' lang='lat' dir='ltr'><strong>quam</strong></span> <span class='ocrx_word' id='word_1_260' title='bbox 3234 994 3440 1033; x_wconf 88' lang='lat' dir='ltr'><strong>assum-</strong></span> 
     </span>
    </p>
   </div>
   <div class='ocr_carea' id='block_1_37' title="bbox 1861 1072 3441 1145">
    <p class='ocr_par' dir='ltr' id='par_1_37' title="bbox 1861 1072 3441 1145">
     <span class='ocr_line' id='line_1_37' title="bbox 1861 1072 3441 1145; baseline -0.003 -18"><span class='ocrx_word' id='word_1_261' title='bbox 1861 1072 2168 1143; x_wconf 88' lang='lat' dir='ltr'><strong>psistis.lta</strong></span> <span class='ocrx_word' id='word_1_262' title='bbox 2215 1075 2361 1128; x_wconf 86' lang='lat' dir='ltr'><strong>enim</strong></span> <span class='ocrx_word' id='word_1_263' title='bbox 2409 1074 2510 1142; x_wconf 86' lang='lat' dir='ltr'><strong>ipsi</strong></span> <span class='ocrx_word' id='word_1_264' title='bbox 2564 1089 2783 1143; x_wconf 87' lang='lat' dir='ltr'><strong>quoque</strong></span> <span class='ocrx_word' id='word_1_265' title='bbox 2833 1073 3065 1145; x_wconf 74' lang='lat' dir='ltr'><strong>gentiles</strong></span> <span class='ocrx_word' id='word_1_266' title='bbox 3101 1072 3441 1127; x_wconf 79' lang='lat' dir='ltr'><strong>admirantur</strong></span> 
     </span>
    </p>
   </div>
   <div class='ocr_carea' id='block_1_38' title="bbox 1861 1164 3441 1233">
    <p class='ocr_par' dir='ltr' id='par_1_38' title="bbox 1861 1164 3441 1233">
     <span class='ocr_line' id='line_1_38' title="bbox 1861 1164 3441 1233; baseline -0.002 -14"><span class='ocrx_word' id='word_1_267' title='bbox 1861 1179 1980 1227; x_wconf 87' lang='lat' dir='ltr'><strong>vos,</strong></span> <span class='ocrx_word' id='word_1_268' title='bbox 2002 1164 2148 1233; x_wconf 90' lang='lat' dir='ltr'><strong>quod</strong></span> <span class='ocrx_word' id='word_1_269' title='bbox 2180 1180 2290 1219; x_wconf 92' lang='lat' dir='ltr'><strong>non</strong></span> <span class='ocrx_word' id='word_1_270' title='bbox 2327 1167 2669 1220; x_wconf 89' lang='lat' dir='ltr'><strong>concurratis</strong></span> <span class='ocrx_word' id='word_1_271' title='bbox 2698 1182 2818 1220; x_wconf 89' lang='lat' dir='ltr'><strong>cum</strong></span> <span class='ocrx_word' id='word_1_272' title='bbox 2846 1165 2925 1221; x_wconf 87' lang='lat' dir='ltr'><strong>eis</strong></span> <span class='ocrx_word' id='word_1_273' title='bbox 2972 1166 3027 1219; x_wconf 91' lang='lat' dir='ltr'><strong>in</strong></span> <span class='ocrx_word' id='word_1_274' title='bbox 3059 1164 3288 1219; x_wconf 86' lang='lat' dir='ltr'><strong>similem</strong></span> <span class='ocrx_word' id='word_1_275' title='bbox 3342 1164 3441 1216; x_wconf 92' lang='lat' dir='ltr'><strong>im-</strong></span> 
     </span>
    </p>
   </div>
   <div class='ocr_carea' id='block_1_39' title="bbox 1861 1256 3437 1326">
    <p class='ocr_par' dir='ltr' id='par_1_39' title="bbox 1861 1256 3437 1326">
     <span class='ocr_line' id='line_1_39' title="bbox 1861 1256 3437 1326; baseline -0.001 -17"><span class='ocrx_word' id='word_1_276' title='bbox 1861 1256 2081 1326; x_wconf 74' lang='lat' dir='ltr'><strong>pietatis</strong></span> <span class='ocrx_word' id='word_1_277' title='bbox 2116 1256 2449 1311; x_wconf 81' lang='lat' dir='ltr'><strong>refusionem</strong></span> <span class='ocrx_word' id='word_1_278' title='bbox 2484 1258 2599 1311; x_wconf 86' lang='lat' dir='ltr'><strong>sive</strong></span> <span class='ocrx_word' id='word_1_279' title='bbox 2636 1257 3029 1313; x_wconf 82' lang='lat' dir='ltr'><strong>confusionem.</strong></span> <span class='ocrx_word' id='word_1_280' title='bbox 3068 1257 3302 1326; x_wconf 85' lang='lat' dir='ltr'><strong>Ideoque</strong></span> <span class='ocrx_word' id='word_1_281' title='bbox 3330 1271 3437 1309; x_wconf 90' lang='lat' dir='ltr'><strong>non</strong></span> 
     </span>
    </p>
   </div>
   <div class='ocr_carea' id='block_1_40' title="bbox 1862 1344 3437 1414">
    <p class='ocr_par' dir='ltr' id='par_1_40' title="bbox 1862 1344 3437 1414">
     <span class='ocr_line' id='line_1_40' title="bbox 1862 1344 3437 1414; baseline -0.002 -15"><span class='ocrx_word' id='word_1_282' title='bbox 1862 1345 2037 1399; x_wconf 86' lang='lat' dir='ltr'><strong>solum</strong></span> <span class='ocrx_word' id='word_1_283' title='bbox 2075 1344 2415 1399; x_wconf 82' lang='lat' dir='ltr'><strong>admirantur</strong></span> <span class='ocrx_word' id='word_1_284' title='bbox 2452 1354 2507 1398; x_wconf 88' lang='lat' dir='ltr'><strong>ct</strong></span> <span class='ocrx_word' id='word_1_285' title='bbox 2568 1353 2787 1414; x_wconf 82' lang='lat' dir='ltr'><strong>stupent</strong></span> <span class='ocrx_word' id='word_1_286' title='bbox 2818 1345 2888 1399; x_wconf 92' lang='lat' dir='ltr'><strong>ob</strong></span> <span class='ocrx_word' id='word_1_287' title='bbox 2937 1345 3292 1399; x_wconf 81' lang='lat' dir='ltr'><strong>mutationem</strong></span> <span class='ocrx_word' id='word_1_288' title='bbox 3342 1360 3437 1397; x_wconf 82' lang='lat' dir='ltr'><strong>ve-</strong></span> 
     </span>
    </p>
   </div>
   <div class='ocr_carea' id='block_1_41' title="bbox 1860 1436 3441 1506">
    <p class='ocr_par' dir='ltr' id='par_1_41' title="bbox 1860 1436 3441 1506">
     <span class='ocr_line' id='line_1_41' title="bbox 1860 1436 3441 1506; baseline -0.002 -16"><span class='ocrx_word' id='word_1_289' title='bbox 1860 1445 2047 1498; x_wconf 84' lang='lat' dir='ltr'><strong>stram,</strong></span> <span class='ocrx_word' id='word_1_290' title='bbox 2067 1450 2173 1489; x_wconf 83' lang='lat' dir='ltr'><strong>non</strong></span> <span class='ocrx_word' id='word_1_291' title='bbox 2192 1436 2366 1490; x_wconf 87' lang='lat' dir='ltr'><strong>solum</strong></span> <span class='ocrx_word' id='word_1_292' title='bbox 2388 1436 2689 1506; x_wconf 78' lang='lat' dir='ltr'><strong>pudeliunt,</strong></span> <span class='ocrx_word' id='word_1_293' title='bbox 2710 1436 3083 1490; x_wconf 76' lang='lat' dir='ltr'><strong>vcrum&#39;etiam</strong></span> <span class='ocrx_word' id='word_1_294' title='bbox 3104 1436 3441 1489; x_wconf 88' lang='lat' dir='ltr'><strong>calumnian-</strong></span> 
     </span>
    </p>
   </div>
   <div class='ocr_carea' id='block_1_42' title="bbox 1862 1527 3442 1606">
    <p class='ocr_par' dir='ltr' id='par_1_42' title="bbox 1862 1527 3442 1606">
     <span class='ocr_line' id='line_1_42' title="bbox 1862 1527 3442 1606; baseline -0.002 -23"><span class='ocrx_word' id='word_1_295' title='bbox 1862 1538 1970 1591; x_wconf 88' lang='lat' dir='ltr'><strong>tur,</strong></span> <span class='ocrx_word' id='word_1_296' title='bbox 1990 1530 2093 1582; x_wconf 88' lang='lat' dir='ltr'><strong>hoc</strong></span> <span class='ocrx_word' id='word_1_297' title='bbox 2130 1528 2482 1606; x_wconf 83' lang='lat' dir='ltr'><strong>est,irrident</strong></span> <span class='ocrx_word' id='word_1_298' title='bbox 2514 1544 2625 1581; x_wconf 75' lang='lat' dir='ltr'><strong>vos.</strong></span> <span class='ocrx_word' id='word_1_299' title='bbox 2658 1528 3001 1581; x_wconf 82' lang='lat' dir='ltr'><strong>Abominatio</strong></span> <span class='ocrx_word' id='word_1_300' title='bbox 3029 1536 3109 1581; x_wconf 88' lang='lat' dir='ltr'><strong>est</strong></span> <span class='ocrx_word' id='word_1_301' title='bbox 3134 1527 3280 1581; x_wconf 90' lang='lat' dir='ltr'><strong>enim</strong></span> <span class='ocrx_word' id='word_1_302' title='bbox 3310 1541 3442 1596; x_wconf 90' lang='lat' dir='ltr'><strong>pec-</strong></span> 
     </span>
    </p>
   </div>
   <div class='ocr_carea' id='block_1_43' title="bbox 1862 1620 3440 1689">
    <p class='ocr_par' dir='ltr' id='par_1_43' title="bbox 1862 1620 3440 1689">
     <span class='ocr_line' id='line_1_43' title="bbox 1862 1620 3440 1689; baseline -0.001 -15"><span class='ocrx_word' id='word_1_303' title='bbox 1862 1623 2036 1677; x_wconf 79' lang='lat' dir='ltr'><strong>caturi</strong></span> <span class='ocrx_word' id='word_1_304' title='bbox 2107 1623 2325 1677; x_wconf 87' lang='lat' dir='ltr'><strong>divinus</strong></span> <span class='ocrx_word' id='word_1_305' title='bbox 2390 1623 2590 1677; x_wconf 85' lang='lat' dir='ltr'><strong>cultus.</strong></span> <span class='ocrx_word' id='word_1_306' title='bbox 2638 1621 2702 1675; x_wconf 82' lang='lat' dir='ltr'><strong>lii</strong></span> <span class='ocrx_word' id='word_1_307' title='bbox 2753 1630 2937 1674; x_wconf 90' lang='lat' dir='ltr'><strong>autem</strong></span> <span class='ocrx_word' id='word_1_308' title='bbox 2994 1635 3172 1689; x_wconf 89' lang='lat' dir='ltr'><strong>neque</strong></span> <span class='ocrx_word' id='word_1_309' title='bbox 3222 1620 3440 1687; x_wconf 81' lang='lat' dir='ltr'><strong>impune</strong></span> 
     </span>
    </p>
   </div>
   <div class='ocr_carea' id='block_1_44' title="bbox 1862 1708 3436 1779">
    <p class='ocr_par' dir='ltr' id='par_1_44' title="bbox 1862 1708 3436 1779">
     <span class='ocr_line' id='line_1_44' title="bbox 1862 1708 3436 1779; baseline -0.002 -16"><span class='ocrx_word' id='word_1_310' title='bbox 1862 1708 2040 1764; x_wconf 82' lang='lat' dir='ltr'><strong>ferent</strong></span> <span class='ocrx_word' id='word_1_311' title='bbox 2072 1710 2382 1779; x_wconf 71' lang='lat' dir='ltr'><strong>huiusmodi</strong></span> <span class='ocrx_word' id='word_1_312' title='bbox 2410 1710 2758 1772; x_wconf 83' lang='lat' dir='ltr'><strong>calumniam,</strong></span> <span class='ocrx_word' id='word_1_313' title='bbox 2784 1710 2881 1765; x_wconf 84' lang='lat' dir='ltr'><strong>sed</strong></span> <span class='ocrx_word' id='word_1_314' title='bbox 2913 1710 3141 1764; x_wconf 82' lang='lat' dir='ltr'><strong>reddent</strong></span> <span class='ocrx_word' id='word_1_315' title='bbox 3168 1708 3436 1762; x_wconf 82' lang='lat' dir='ltr'><strong>rationem</strong></span> 
     </span>
    </p>
   </div>
   <div class='ocr_carea' id='block_1_45' title="bbox 1862 1800 3441 1871">
    <p class='ocr_par' dir='ltr' id='par_1_45' title="bbox 1862 1800 3441 1871">
     <span class='ocr_line' id='line_1_45' title="bbox 1862 1800 3441 1871; baseline -0.002 -16"><span class='ocrx_word' id='word_1_316' title='bbox 1862 1801 2242 1855; x_wconf 86' lang='lat' dir='ltr'><strong>universorum</strong></span> <span class='ocrx_word' id='word_1_317' title='bbox 2284 1801 2469 1871; x_wconf 82' lang='lat' dir='ltr'><strong>iudici,</strong></span> <span class='ocrx_word' id='word_1_318' title='bbox 2499 1801 2590 1871; x_wconf 88' lang='lat' dir='ltr'><strong>qui</strong></span> <span class='ocrx_word' id='word_1_319' title='bbox 2634 1802 2701 1855; x_wconf 86' lang='lat' dir='ltr'><strong>ad</strong></span> <span class='ocrx_word' id='word_1_320' title='bbox 2754 1802 2857 1855; x_wconf 90' lang='lat' dir='ltr'><strong>hoc</strong></span> <span class='ocrx_word' id='word_1_321' title='bbox 2908 1802 3086 1869; x_wconf 90' lang='lat' dir='ltr'><strong>ipsum</strong></span> <span class='ocrx_word' id='word_1_322' title='bbox 3128 1800 3441 1853; x_wconf 86' lang='lat' dir='ltr'><strong>immutabi-</strong></span> 
     </span>
    </p>
   </div>
   <div class='ocr_carea' id='block_1_46' title="bbox 1862 1891 3441 1962">
    <p class='ocr_par' dir='ltr' id='par_1_46' title="bbox 1862 1891 3441 1962">
     <span class='ocr_line' id='line_1_46' title="bbox 1862 1891 3441 1962; baseline 0 -17"><span class='ocrx_word' id='word_1_323' title='bbox 1862 1892 1984 1946; x_wconf 90' lang='lat' dir='ltr'><strong>liter</strong></span> <span class='ocrx_word' id='word_1_324' title='bbox 2008 1907 2070 1947; x_wconf 88' lang='lat' dir='ltr'><strong>ac</strong></span> <span class='ocrx_word' id='word_1_325' title='bbox 2111 1891 2338 1947; x_wconf 81' lang='lat' dir='ltr'><strong>firmiter</strong></span> <span class='ocrx_word' id='word_1_326' title='bbox 2371 1893 2559 1948; x_wconf 82' lang='lat' dir='ltr'><strong>sedet:</strong></span> <span class='ocrx_word' id='word_1_327' title='bbox 2594 1908 2718 1947; x_wconf 87' lang='lat' dir='ltr'><strong>nam</strong></span> <span class='ocrx_word' id='word_1_328' title='bbox 2758 1891 2820 1945; x_wconf 91' lang='lat' dir='ltr'><strong>id.</strong></span> <span class='ocrx_word' id='word_1_329' title='bbox 2854 1891 3123 1962; x_wconf 84' lang='lat' dir='ltr'><strong>signiﬁcat</strong></span> <span class='ocrx_word' id='word_1_330' title='bbox 3172 1892 3274 1945; x_wconf 85' lang='lat' dir='ltr'><strong>hoc</strong></span> <span class='ocrx_word' id='word_1_331' title='bbox 3323 1892 3441 1945; x_wconf 85' lang='lat' dir='ltr'><strong>loco</strong></span> 
     </span>
    </p>
   </div>
   <div class='ocr_carea' id='block_1_47' title="bbox 1863 1982 3442 2054">
    <p class='ocr_par' dir='ltr' id='par_1_47' title="bbox 1863 1982 3442 2054">
     <span class='ocr_line' id='line_1_47' title="bbox 1863 1982 3442 2054; baseline -0.001 -17"><span class='ocrx_word' id='word_1_332' title='bbox 1863 1983 2115 2038; x_wconf 86' lang='lat' dir='ltr'><strong>Paratum</strong></span> <span class='ocrx_word' id='word_1_333' title='bbox 2165 1999 2284 2038; x_wconf 81' lang='lat' dir='ltr'><strong>esse</strong></span> <span class='ocrx_word' id='word_1_334' title='bbox 2311 2002 2321 2036; x_wconf 93' lang='lat'><strong>:</strong></span> <span class='ocrx_word' id='word_1_335' title='bbox 2349 1984 2493 2039; x_wconf 84' lang='lat' dir='ltr'><strong>sicut</strong></span> <span class='ocrx_word' id='word_1_336' title='bbox 2536 2000 2701 2054; x_wconf 82' lang='lat' dir='ltr'><strong>quum</strong></span> <span class='ocrx_word' id='word_1_337' title='bbox 2733 1984 2933 2039; x_wconf 85' lang='lat' dir='ltr'><strong>dicitur</strong></span> <span class='ocrx_word' id='word_1_338' title='bbox 2961 2001 2972 2036; x_wconf 90' lang='lat'>:</span> <span class='ocrx_word' id='word_1_339' title='bbox 3005 2001 3021 2032; x_wconf 83' lang='grc' dir='ltr'><strong>ι</strong></span> <span class='ocrx_word' id='word_1_340' title='bbox 3055 1982 3258 2037; x_wconf 87' lang='lat' dir='ltr'><strong>Parans</strong></span> <span class='ocrx_word' id='word_1_341' title='bbox 3286 1998 3442 2036; x_wconf 87' lang='lat' dir='ltr'><strong>mon-</strong></span> 
     </span>
    </p>
   </div>
   <div class='ocr_carea' id='block_1_48' title="bbox 1862 2072 3436 2145">
    <p class='ocr_par' dir='ltr' id='par_1_48' title="bbox 1862 2072 3436 2145">
     <span class='ocr_line' id='line_1_48' title="bbox 1862 2072 3436 2145; baseline -0.004 -15"><span class='ocrx_word' id='word_1_342' title='bbox 1862 2083 1943 2130; x_wconf 86' lang='lat' dir='ltr'><strong>tes</strong></span> <span class='ocrx_word' id='word_1_343' title='bbox 1966 2075 2018 2128; x_wconf 91' lang='lat' dir='ltr'><strong>in</strong></span> <span class='ocrx_word' id='word_1_344' title='bbox 2046 2078 2241 2129; x_wconf 88' lang='lat' dir='ltr'><strong>virtute</strong></span> <span class='ocrx_word' id='word_1_345' title='bbox 2264 2084 2353 2129; x_wconf 87' lang='lat' dir='ltr'><strong>tua</strong></span> <span class='ocrx_word' id='word_1_346' title='bbox 2371 2074 2471 2126; x_wconf 71' lang='grc' dir='ltr'><strong>⁸ο.»</strong></span> <span class='ocrx_word' id='word_1_347' title='bbox 2494 2075 2610 2135; x_wconf 65' lang='lat' dir='ltr'><strong>Em</strong></span> <span class='ocrx_word' id='word_1_348' title='bbox 2642 2075 2831 2130; x_wconf 82' lang='lat' dir='ltr'><strong>Parata</strong></span> <span class='ocrx_word' id='word_1_349' title='bbox 2861 2075 3017 2129; x_wconf 89' lang='lat' dir='ltr'><strong>sedes</strong></span> <span class='ocrx_word' id='word_1_350' title='bbox 3040 2072 3203 2145; x_wconf 77' lang='lat'><strong>516</strong></span> <span class='ocrx_word' id='word_1_351' title='bbox 3230 2074 3400 2127; x_wconf 83' lang='lat' dir='ltr'><strong>tua“.</strong></span> <span class='ocrx_word' id='word_1_352' title='bbox 3418 2092 3436 2123; x_wconf 77' lang='grc' dir='ltr'><strong>ι</strong></span> 
     </span>
    </p>
   </div>
   <div class='ocr_carea' id='block_1_49' title="bbox 1862 2167 3441 2238">
    <p class='ocr_par' dir='ltr' id='par_1_49' title="bbox 1862 2167 3441 2238">
     <span class='ocr_line' id='line_1_49' title="bbox 1862 2167 3441 2238; baseline -0.002 -15"><span class='ocrx_word' id='word_1_353' title='bbox 1862 2168 1921 2223; x_wconf 79' lang='lat' dir='ltr'><strong>Ei</strong></span> <span class='ocrx_word' id='word_1_354' title='bbox 1952 2182 2082 2238; x_wconf 81' lang='lat' dir='ltr'><strong>ergo</strong></span> <span class='ocrx_word' id='word_1_355' title='bbox 2111 2168 2202 2237; x_wconf 93' lang='lat' dir='ltr'><strong>qui</strong></span> <span class='ocrx_word' id='word_1_356' title='bbox 2238 2167 2648 2222; x_wconf 87' lang='lat' dir='ltr'><strong>immntabiliter</strong></span> <span class='ocrx_word' id='word_1_357' title='bbox 2676 2184 2739 2223; x_wconf 91' lang='lat' dir='ltr'><strong>ac</strong></span> <span class='ocrx_word' id='word_1_358' title='bbox 2778 2168 3004 2222; x_wconf 81' lang='lat' dir='ltr'><strong>ﬁrmiter</strong></span> <span class='ocrx_word' id='word_1_359' title='bbox 3029 2167 3240 2235; x_wconf 75' lang='lat' dir='ltr'><strong>iudicat</strong></span> <span class='ocrx_word' id='word_1_360' title='bbox 3288 2167 3441 2220; x_wconf 87' lang='lat' dir='ltr'><strong>vivos</strong></span> 
     </span>
    </p>
   </div>
   <div class='ocr_carea' id='block_1_50' title="bbox 1859 2259 3436 2329">
    <p class='ocr_par' dir='ltr' id='par_1_50' title="bbox 1859 2259 3436 2329">
     <span class='ocr_line' id='line_1_50' title="bbox 1859 2259 3436 2329; baseline -0.001 -15"><span class='ocrx_word' id='word_1_361' title='bbox 1859 2275 1923 2314; x_wconf 91' lang='lat' dir='ltr'><strong>ac</strong></span> <span class='ocrx_word' id='word_1_362' title='bbox 1964 2271 2226 2325; x_wconf 91' lang='lat' dir='ltr'><strong>mortuos,</strong></span> <span class='ocrx_word' id='word_1_363' title='bbox 2256 2261 2484 2315; x_wconf 70' lang='lat' dir='ltr'><strong>rcddent</strong></span> <span class='ocrx_word' id='word_1_364' title='bbox 2514 2261 2777 2315; x_wconf 91' lang='lat' dir='ltr'><strong>rationem</strong></span> <span class='ocrx_word' id='word_1_365' title='bbox 2814 2261 2907 2329; x_wconf 86' lang='lat' dir='ltr'><strong>qui</strong></span> <span class='ocrx_word' id='word_1_366' title='bbox 2939 2275 3038 2314; x_wconf 88' lang='lat' dir='ltr'><strong>vos</strong></span> <span class='ocrx_word' id='word_1_367' title='bbox 3075 2259 3436 2313; x_wconf 89' lang='lat' dir='ltr'><strong>subsannant.</strong></span> 
     </span>
    </p>
   </div>
   <div class='ocr_carea' id='block_1_51' title="bbox 1862 2350 3435 2422">
    <p class='ocr_par' dir='ltr' id='par_1_51' title="bbox 1862 2350 3435 2422">
     <span class='ocr_line' id='line_1_51' title="bbox 1862 2350 3435 2422; baseline -0.001 -17"><span class='ocrx_word' id='word_1_368' title='bbox 1862 2350 2151 2417; x_wconf 85' lang='lat' dir='ltr'><strong>Quomodo</strong></span> <span class='ocrx_word' id='word_1_369' title='bbox 2180 2360 2361 2406; x_wconf 87' lang='lat' dir='ltr'><strong>autem</strong></span> <span class='ocrx_word' id='word_1_370' title='bbox 2394 2352 2692 2406; x_wconf 76' lang='lat' dir='ltr'><strong>viventium</strong></span> <span class='ocrx_word' id='word_1_371' title='bbox 2721 2351 2965 2422; x_wconf 78' lang='lat' dir='ltr'><strong>sitjudex</strong></span> <span class='ocrx_word' id='word_1_372' title='bbox 2981 2366 3044 2405; x_wconf 91' lang='lat' dir='ltr'><strong>ac</strong></span> <span class='ocrx_word' id='word_1_373' title='bbox 3077 2359 3435 2411; x_wconf 83' lang='lat' dir='ltr'><strong>mortuorum.</strong></span> 
     </span>
    </p>
   </div>
   <div class='ocr_carea' id='block_1_52' title="bbox 1862 2442 2695 2511">
    <p class='ocr_par' dir='ltr' id='par_1_52' title="bbox 1862 2442 2695 2511">
     <span class='ocr_line' id='line_1_52' title="bbox 1862 2442 2695 2511; baseline 0.002 -16"><span class='ocrx_word' id='word_1_374' title='bbox 1862 2452 2265 2511; x_wconf 79' lang='lat' dir='ltr'><strong>consequenter</strong></span> <span class='ocrx_word' id='word_1_375' title='bbox 2308 2442 2695 2497; x_wconf 81' lang='lat' dir='ltr'><strong>manifestabit.</strong></span> 
     </span>
    </p>
   </div>
   <div class='ocr_carea' id='block_1_53' title="bbox 1934 2533 3438 2605">
    <p class='ocr_par' dir='ltr' id='par_1_53' title="bbox 1934 2533 3438 2605">
     <span class='ocr_line' id='line_1_53' title="bbox 1934 2533 3438 2605; baseline -0.003 -17"><span class='ocrx_word' id='word_1_376' title='bbox 1934 2533 2018 2598; x_wconf 81' lang='lat' dir='ltr'><strong>IV,</strong></span> <span class='ocrx_word' id='word_1_377' title='bbox 2046 2534 2099 2589; x_wconf 86' lang='lat'><strong>6.</strong></span> <span class='ocrx_word' id='word_1_378' title='bbox 2138 2534 2279 2588; x_wconf 72' lang='lat' dir='ltr'><strong>Nam</strong></span> <span class='ocrx_word' id='word_1_379' title='bbox 2319 2533 2415 2588; x_wconf 82' lang='lat' dir='ltr'><strong>hoc</strong></span> <span class='ocrx_word' id='word_1_380' title='bbox 2459 2535 2679 2588; x_wconf 83' lang='lat' dir='ltr'><strong>mortuis</strong></span> <span class='ocrx_word' id='word_1_381' title='bbox 2724 2550 2926 2605; x_wconf 78' lang='lat' dir='ltr'><strong>quoque</strong></span> <span class='ocrx_word' id='word_1_382' title='bbox 2970 2534 3317 2602; x_wconf 72' lang='lat' dir='ltr'><strong>prmdicatum</strong></span> <span class='ocrx_word' id='word_1_383' title='bbox 3367 2543 3438 2586; x_wconf 72' lang='lat' dir='ltr'><strong>cst</strong></span> 
     </span>
    </p>
   </div>
   <div class='ocr_carea' id='block_1_54' title="bbox 1864 2624 3441 2699">
    <p class='ocr_par' dir='ltr' id='par_1_54' title="bbox 1864 2624 3441 2699">
     <span class='ocr_line' id='line_1_54' title="bbox 1864 2624 3441 2699; baseline -0.004 -17"><span class='ocrx_word' id='word_1_384' title='bbox 1864 2629 2206 2699; x_wconf 82' lang='lat' dir='ltr'><strong>Evangelium</strong></span> <span class='ocrx_word' id='word_1_385' title='bbox 2227 2643 2246 2678; x_wconf 90' lang='lat'><strong><em>:</em></strong></span> <span class='ocrx_word' id='word_1_386' title='bbox 2270 2636 2325 2679; x_wconf 83' lang='lat' dir='ltr'><strong>ut</strong></span> <span class='ocrx_word' id='word_1_387' title='bbox 2343 2626 2649 2696; x_wconf 80' lang='lat' dir='ltr'><strong>judicentur</strong></span> <span class='ocrx_word' id='word_1_388' title='bbox 2673 2626 2881 2696; x_wconf 86' lang='lat' dir='ltr'><strong>quidem</strong></span> <span class='ocrx_word' id='word_1_389' title='bbox 2902 2625 3186 2679; x_wconf 78' lang='lat' dir='ltr'><strong>secundum</strong></span> <span class='ocrx_word' id='word_1_390' title='bbox 3210 2624 3441 2677; x_wconf 76' lang='lat' dir='ltr'><strong>homim-s</strong></span> 
     </span>
    </p>
   </div>
   <div class='ocr_carea' id='block_1_55' title="bbox 1861 2717 3059 2787">
    <p class='ocr_par' dir='ltr' id='par_1_55' title="bbox 1861 2717 3059 2787">
     <span class='ocr_line' id='line_1_55' title="bbox 1861 2717 3059 2787; baseline -0.002 -15"><span class='ocrx_word' id='word_1_391' title='bbox 1861 2720 2231 2783; x_wconf 81' lang='lat' dir='ltr'><strong>carue,vivant</strong></span> <span class='ocrx_word' id='word_1_392' title='bbox 2265 2727 2441 2772; x_wconf 84' lang='lat' dir='ltr'><strong>autem</strong></span> <span class='ocrx_word' id='word_1_393' title='bbox 2462 2718 2620 2787; x_wconf 78' lang='lat' dir='ltr'><strong>jua‘ta</strong></span> <span class='ocrx_word' id='word_1_394' title='bbox 2656 2717 2819 2771; x_wconf 82' lang='lat' dir='ltr'><strong>Deum</strong></span> <span class='ocrx_word' id='word_1_395' title='bbox 2850 2717 3059 2785; x_wconf 81' lang='lat' dir='ltr'><strong>spiritu.</strong></span> 
     </span>
    </p>
   </div>
   <div class='ocr_carea' id='block_1_56' title="bbox 1928 2807 3435 2880">
    <p class='ocr_par' dir='ltr' id='par_1_56' title="bbox 1928 2807 3435 2880">
     <span class='ocr_line' id='line_1_56' title="bbox 1928 2807 3435 2880; baseline -0.004 -15"><span class='ocrx_word' id='word_1_396' title='bbox 1928 2811 2073 2865; x_wconf 81' lang='lat' dir='ltr'><strong>Ordo</strong></span> <span class='ocrx_word' id='word_1_397' title='bbox 2105 2811 2226 2866; x_wconf 78' lang='lat' dir='ltr'><strong>talis</strong></span> <span class='ocrx_word' id='word_1_398' title='bbox 2262 2819 2380 2866; x_wconf 91' lang='lat' dir='ltr'><strong>est:</strong></span> <span class='ocrx_word' id='word_1_399' title='bbox 2410 2809 2472 2864; x_wconf 93' lang='lat' dir='ltr'><strong>lli</strong></span> <span class='ocrx_word' id='word_1_400' title='bbox 2499 2809 2592 2880; x_wconf 89' lang='lat' dir='ltr'><strong>qui</strong></span> <span class='ocrx_word' id='word_1_401' title='bbox 2638 2824 2732 2865; x_wconf 87' lang='lat' dir='ltr'><strong>vos</strong></span> <span class='ocrx_word' id='word_1_402' title='bbox 2760 2809 3162 2864; x_wconf 85' lang='lat' dir='ltr'><strong>calumniantur</strong></span> <span class='ocrx_word' id='word_1_403' title='bbox 3208 2807 3435 2862; x_wconf 81' lang='lat' dir='ltr'><strong>reddent</strong></span> 
     </span>
    </p>
   </div>
   <div class='ocr_carea' id='block_1_57' title="bbox 1860 2900 3437 2971">
    <p class='ocr_par' dir='ltr' id='par_1_57' title="bbox 1860 2900 3437 2971">
     <span class='ocr_line' id='line_1_57' title="bbox 1860 2900 3437 2971; baseline -0.004 -16"><span class='ocrx_word' id='word_1_404' title='bbox 1860 2903 2125 2955; x_wconf 86' lang='lat' dir='ltr'><strong>rationem</strong></span> <span class='ocrx_word' id='word_1_405' title='bbox 2172 2904 2219 2955; x_wconf 89' lang='lat' dir='ltr'><strong>ei</strong></span> <span class='ocrx_word' id='word_1_406' title='bbox 2257 2901 2348 2971; x_wconf 92' lang='lat' dir='ltr'><strong>qui</strong></span> <span class='ocrx_word' id='word_1_407' title='bbox 2397 2916 2588 2956; x_wconf 87' lang='lat' dir='ltr'><strong>omnes</strong></span> <span class='ocrx_word' id='word_1_408' title='bbox 2634 2900 2841 2970; x_wconf 79' lang='lat' dir='ltr'><strong>iudicat</strong></span> <span class='ocrx_word' id='word_1_409' title='bbox 2881 2901 3031 2953; x_wconf 80' lang='lat' dir='ltr'><strong>vivos</strong></span> <span class='ocrx_word' id='word_1_410' title='bbox 3059 2915 3120 2954; x_wconf 85' lang='lat' dir='ltr'><strong>ac</strong></span> <span class='ocrx_word' id='word_1_411' title='bbox 3152 2908 3393 2953; x_wconf 80' lang='lat' dir='ltr'><strong>mortuos</strong></span> <span class='ocrx_word' id='word_1_412' title='bbox 3426 2916 3437 2950; x_wconf 88' lang='lat'><strong>:</strong></span> 
     </span>
    </p>
   </div>
   <div class='ocr_carea' id='block_1_58' title="bbox 1860 2991 3437 3062">
    <p class='ocr_par' dir='ltr' id='par_1_58' title="bbox 1860 2991 3437 3062">
     <span class='ocr_line' id='line_1_58' title="bbox 1860 2991 3437 3062; baseline 0 -18"><span class='ocrx_word' id='word_1_413' title='bbox 1860 3007 1981 3045; x_wconf 90' lang='lat' dir='ltr'><strong>nam</strong></span> <span class='ocrx_word' id='word_1_414' title='bbox 2010 2992 2325 3061; x_wconf 86' lang='lat' dir='ltr'><strong>judicantur</strong></span> <span class='ocrx_word' id='word_1_415' title='bbox 2354 3002 2410 3046; x_wconf 93' lang='lat' dir='ltr'><strong>et</strong></span> <span class='ocrx_word' id='word_1_416' title='bbox 2441 2992 2674 3046; x_wconf 86' lang='lat' dir='ltr'><strong>mortui:</strong></span> <span class='ocrx_word' id='word_1_417' title='bbox 2698 2991 2844 3062; x_wconf 90' lang='lat' dir='ltr'><strong>quod</strong></span> <span class='ocrx_word' id='word_1_418' title='bbox 2872 2992 3220 3045; x_wconf 77' lang='lat' dir='ltr'><strong>manifestum</strong></span> <span class='ocrx_word' id='word_1_419' title='bbox 3260 2999 3344 3045; x_wconf 90' lang='lat' dir='ltr'><strong>cst</strong></span> <span class='ocrx_word' id='word_1_420' title='bbox 3372 3006 3437 3044; x_wconf 72' lang='lat' dir='ltr'><strong>cx</strong></span> 
     </span>
    </p>
   </div>
   <div class='ocr_carea' id='block_1_59' title="bbox 1859 3082 3441 3151">
    <p class='ocr_par' dir='ltr' id='par_1_59' title="bbox 1859 3082 3441 3151">
     <span class='ocr_line' id='line_1_59' title="bbox 1859 3082 3441 3151; baseline -0.001 -14"><span class='ocrx_word' id='word_1_421' title='bbox 1859 3085 2094 3139; x_wconf 85' lang='lat' dir='ltr'><strong>adventu</strong></span> <span class='ocrx_word' id='word_1_422' title='bbox 2138 3084 2348 3137; x_wconf 87' lang='lat' dir='ltr'><strong>Domini</strong></span> <span class='ocrx_word' id='word_1_423' title='bbox 2397 3084 2462 3138; x_wconf 83' lang='lat' dir='ltr'><strong>ad</strong></span> <span class='ocrx_word' id='word_1_424' title='bbox 2510 3082 2733 3138; x_wconf 81' lang='lat' dir='ltr'><strong>inferos.</strong></span> <span class='ocrx_word' id='word_1_425' title='bbox 2752 3082 2888 3137; x_wconf 89' lang='lat' dir='ltr'><strong>Cum</strong></span> <span class='ocrx_word' id='word_1_426' title='bbox 2930 3082 3076 3136; x_wconf 90' lang='lat' dir='ltr'><strong>enim</strong></span> <span class='ocrx_word' id='word_1_427' title='bbox 3122 3098 3187 3137; x_wconf 86' lang='lat' dir='ltr'><strong>co</strong></span> <span class='ocrx_word' id='word_1_428' title='bbox 3225 3098 3441 3151; x_wconf 78' lang='lat' dir='ltr'><strong>quoque</strong></span> 
     </span>
    </p>
   </div>
   <div class='ocr_carea' id='block_1_60' title="bbox 1861 3174 3440 3243">
    <p class='ocr_par' dir='ltr' id='par_1_60' title="bbox 1861 3174 3440 3243">
     <span class='ocr_line' id='line_1_60' title="bbox 1861 3174 3440 3243; baseline -0.003 -16"><span class='ocrx_word' id='word_1_429' title='bbox 1861 3175 2115 3237; x_wconf 82' lang='lat' dir='ltr'><strong>venisset,</strong></span> <span class='ocrx_word' id='word_1_430' title='bbox 2137 3174 2387 3229; x_wconf 86' lang='lat' dir='ltr'><strong>videlicet</strong></span> <span class='ocrx_word' id='word_1_431' title='bbox 2414 3189 2512 3243; x_wconf 90' lang='lat' dir='ltr'><strong>per</strong></span> <span class='ocrx_word' id='word_1_432' title='bbox 2546 3182 2777 3229; x_wconf 89' lang='lat' dir='ltr'><strong>mortem</strong></span> <span class='ocrx_word' id='word_1_433' title='bbox 2816 3188 2966 3228; x_wconf 89' lang='lat' dir='ltr'><strong>suam</strong></span> <span class='ocrx_word' id='word_1_434' title='bbox 3011 3174 3063 3226; x_wconf 89' lang='lat' dir='ltr'><strong>in</strong></span> <span class='ocrx_word' id='word_1_435' title='bbox 3100 3188 3281 3234; x_wconf 87' lang='lat' dir='ltr'><strong>cruce,</strong></span> <span class='ocrx_word' id='word_1_436' title='bbox 3304 3189 3440 3243; x_wconf 73' lang='lat' dir='ltr'><strong>prm-</strong></span> 
     </span>
    </p>
   </div>
   <div class='ocr_carea' id='block_1_61' title="bbox 172 3248 1756 3335">
    <p class='ocr_par' dir='ltr' id='par_1_61' title="bbox 172 3248 1750 3319">
     <span class='ocr_line' id='line_1_61' title="bbox 172 3248 1750 3319; baseline -0.003 -15"><span class='ocrx_word' id='word_1_437' title='bbox 172 3248 370 3311; x_wconf 74' lang='grc' dir='ltr'><strong>αὑτοῦ,</strong></span> <span class='ocrx_word' id='word_1_438' title='bbox 404 3249 669 3319; x_wconf 74' lang='grc' dir='ltr'><strong>ἐκήρυξεν</strong></span> <span class='ocrx_word' id='word_1_439' title='bbox 699 3250 886 3319; x_wconf 76' lang='grc' dir='ltr'><strong>ὥσπερ</strong></span> <span class='ocrx_word' id='word_1_440' title='bbox 912 3248 1005 3301; x_wconf 78' lang='grc' dir='ltr'><strong>καὶ</strong></span> <span class='ocrx_word' id='word_1_441' title='bbox 1037 3250 1130 3301; x_wconf 77' lang='grc' dir='ltr'><strong>ἐπὶ</strong></span> <span class='ocrx_word' id='word_1_442' title='bbox 1158 3249 1255 3318; x_wconf 85' lang='grc' dir='ltr'><strong>τῆς</strong></span> <span class='ocrx_word' id='word_1_443' title='bbox 1280 3250 1382 3317; x_wconf 77' lang='grc' dir='ltr'><strong>γῆς</strong></span> <span class='ocrx_word' id='word_1_444' title='bbox 1414 3251 1525 3309; x_wconf 75' lang='grc' dir='ltr'><strong>τοῖς</strong></span> <span class='ocrx_word' id='word_1_445' title='bbox 1565 3248 1750 3311; x_wconf 75' lang='grc' dir='ltr'><strong>ζῶσιν.</strong></span> 
     </span>
    </p>
   </div>
   <div class='ocr_carea' id='block_1_62' title="bbox 1860 3248 3440 3335">
    <p class='ocr_par' dir='ltr' id='par_1_62' title="bbox 1860 3263 3440 3335">
     <span class='ocr_line' id='line_1_62' title="bbox 1860 3263 3440 3335; baseline -0.001 -18"><span class='ocrx_word' id='word_1_446' title='bbox 1860 3265 2315 3327; x_wconf 85' lang='lat' dir='ltr'><strong>dicavit,sicutet</strong></span> <span class='ocrx_word' id='word_1_447' title='bbox 2342 3264 2408 3319; x_wconf 93' lang='lat' dir='ltr'><strong>iis</strong></span> <span class='ocrx_word' id='word_1_448' title='bbox 2437 3265 2527 3335; x_wconf 89' lang='lat' dir='ltr'><strong>qui</strong></span> <span class='ocrx_word' id='word_1_449' title='bbox 2564 3265 2619 3319; x_wconf 91' lang='lat' dir='ltr'><strong>in</strong></span> <span class='ocrx_word' id='word_1_450' title='bbox 2654 3273 2795 3319; x_wconf 90' lang='lat' dir='ltr'><strong>terra</strong></span> <span class='ocrx_word' id='word_1_451' title='bbox 2826 3263 3101 3318; x_wconf 74' lang='lat' dir='ltr'><strong>vivebant.</strong></span> <span class='ocrx_word' id='word_1_452' title='bbox 3127 3263 3440 3318; x_wconf 63' lang='lat' dir='ltr'><strong>Prmdicavit</strong></span> 
     </span>
    </p>
   </div>
   <div class='ocr_carea' id='block_1_63' title="bbox 188 3339 1756 3411">
    <p class='ocr_par' dir='ltr' id='par_1_63' title="bbox 188 3339 1756 3411">
     <span class='ocr_line' id='line_1_63' title="bbox 188 3339 1756 3411; baseline -0.001 -18"><span class='ocrx_word' id='word_1_453' title='bbox 188 3340 457 3410; x_wconf 68' lang='grc' dir='ltr'><strong>Ἐκήρυξε</strong></span> <span class='ocrx_word' id='word_1_454' title='bbox 494 3341 549 3393; x_wconf 75' lang='grc' dir='ltr'><strong>δὲ</strong></span> <span class='ocrx_word' id='word_1_455' title='bbox 589 3341 650 3392; x_wconf 83' lang='grc' dir='ltr'><strong>οὗ</strong></span> <span class='ocrx_word' id='word_1_456' title='bbox 682 3340 849 3411; x_wconf 81' lang='grc' dir='ltr'><strong>λόγῳ,</strong></span> <span class='ocrx_word' id='word_1_457' title='bbox 888 3340 1023 3393; x_wconf 79' lang='grc' dir='ltr'><strong>ἀλλὰ</strong></span> <span class='ocrx_word' id='word_1_458' title='bbox 1055 3342 1365 3411; x_wconf 83' lang='grc' dir='ltr'><strong>πράγματι.</strong></span> <span class='ocrx_word' id='word_1_459' title='bbox 1426 3341 1535 3393; x_wconf 70' lang='grc' dir='ltr'><strong>Καὶ</strong></span> <span class='ocrx_word' id='word_1_460' title='bbox 1568 3339 1713 3393; x_wconf 79' lang='grc' dir='ltr'><strong>ὥσπε</strong></span> <span class='ocrx_word' id='word_1_461' title='bbox 1727 3359 1756 3410; x_wconf 87' lang='grc' dir='ltr'><strong>ρ</strong></span> 
     </span>
    </p>
   </div>
   <div class='ocr_carea' id='block_1_64' title="bbox 176 3430 1757 3502">
    <p class='ocr_par' dir='ltr' id='par_1_64' title="bbox 176 3430 1757 3502">
     <span class='ocr_line' id='line_1_64' title="bbox 176 3430 1757 3502; baseline 0 -19"><span class='ocrx_word' id='word_1_462' title='bbox 176 3434 238 3483; x_wconf 78' lang='grc' dir='ltr'><strong>ὲν</strong></span> <span class='ocrx_word' id='word_1_463' title='bbox 284 3430 363 3499; x_wconf 80' lang='grc' dir='ltr'><strong>τῷ</strong></span> <span class='ocrx_word' id='word_1_464' title='bbox 398 3433 591 3500; x_wconf 68' lang='grc' dir='ltr'><strong>κόσμῳ</strong></span> <span class='ocrx_word' id='word_1_465' title='bbox 627 3431 1093 3501; x_wconf 83' lang='grc' dir='ltr'><strong>παραγενόμενος,</strong></span> <span class='ocrx_word' id='word_1_466' title='bbox 1130 3434 1242 3495; x_wconf 83' lang='grc' dir='ltr'><strong>τοῖς</strong></span> <span class='ocrx_word' id='word_1_467' title='bbox 1274 3431 1373 3502; x_wconf 78' lang='grc' dir='ltr'><strong>μὲν</strong></span> <span class='ocrx_word' id='word_1_468' title='bbox 1423 3432 1757 3499; x_wconf 78' lang='grc' dir='ltr'><strong>ὲπεγνωέναι</strong></span> 
     </span>
    </p>
   </div>
   <div class='ocr_carea' id='block_1_65' title="bbox 176 3520 1757 3593">
    <p class='ocr_par' dir='ltr' id='par_1_65' title="bbox 176 3520 1757 3593">
     <span class='ocr_line' id='line_1_65' title="bbox 176 3520 1757 3593; baseline 0.001 -21"><span class='ocrx_word' id='word_1_469' title='bbox 176 3521 415 3589; x_wconf 68' lang='grc' dir='ltr'><strong>ἑτοίμως</strong></span> <span class='ocrx_word' id='word_1_470' title='bbox 466 3520 684 3590; x_wconf 71' lang='grc' dir='ltr'><strong>ἔχουσιν</strong></span> <span class='ocrx_word' id='word_1_471' title='bbox 715 3523 897 3585; x_wconf 74' lang='grc' dir='ltr'><strong>αὑτὸν,</strong></span> <span class='ocrx_word' id='word_1_472' title='bbox 937 3524 1017 3585; x_wconf 89' lang='grc' dir='ltr'><strong>είς</strong></span> <span class='ocrx_word' id='word_1_473' title='bbox 1065 3521 1341 3591; x_wconf 78' lang='grc' dir='ltr'><strong>δικαίωμα</strong></span> <span class='ocrx_word' id='word_1_474' title='bbox 1390 3522 1757 3593; x_wconf 78' lang='grc' dir='ltr'><strong>παραγέγονε,</strong></span> 
     </span>
    </p>
   </div>
   <div class='ocr_carea' id='block_1_66' title="bbox 181 3612 1759 3683">
    <p class='ocr_par' dir='ltr' id='par_1_66' title="bbox 181 3612 1759 3683">
     <span class='ocr_line' id='line_1_66' title="bbox 181 3612 1759 3683; baseline 0.004 -20"><span class='ocrx_word' id='word_1_475' title='bbox 181 3614 296 3673; x_wconf 77' lang='grc' dir='ltr'><strong>τοῖς</strong></span> <span class='ocrx_word' id='word_1_476' title='bbox 324 3612 383 3665; x_wconf 75' lang='grc' dir='ltr'><strong>δὲ</strong></span> <span class='ocrx_word' id='word_1_477' title='bbox 410 3614 744 3683; x_wconf 70' lang='grc' dir='ltr'><strong>ἀγνοήσασιν</strong></span> <span class='ocrx_word' id='word_1_478' title='bbox 770 3614 848 3676; x_wconf 85' lang='grc' dir='ltr'><strong>είς</strong></span> <span class='ocrx_word' id='word_1_479' title='bbox 882 3614 1234 3683; x_wconf 81' lang='grc' dir='ltr'><strong>κατάκρισιν,</strong></span> <span class='ocrx_word' id='word_1_480' title='bbox 1261 3613 1404 3667; x_wconf 69' lang='grc' dir='ltr'><strong>οὕτω</strong></span> <span class='ocrx_word' id='word_1_481' title='bbox 1426 3615 1517 3667; x_wconf 79' lang='grc' dir='ltr'><strong>καὶ</strong></span> <span class='ocrx_word' id='word_1_482' title='bbox 1543 3618 1655 3678; x_wconf 78' lang='grc' dir='ltr'><strong>τοῖς</strong></span> <span class='ocrx_word' id='word_1_483' title='bbox 1702 3618 1759 3669; x_wconf 82' lang='grc' dir='ltr'><strong>ὲν</strong></span> 
     </span>
    </p>
   </div>
   <div class='ocr_carea' id='block_1_67' title="bbox 176 3702 1759 3776">
    <p class='ocr_par' dir='ltr' id='par_1_67' title="bbox 176 3702 1759 3776">
     <span class='ocr_line' id='line_1_67' title="bbox 176 3702 1759 3776; baseline 0.004 -23"><span class='ocrx_word' id='word_1_484' title='bbox 176 3702 303 3772; x_wconf 63' lang='grc' dir='ltr'><strong>ᾅδῃ,</strong></span> <span class='ocrx_word' id='word_1_485' title='bbox 331 3705 443 3765; x_wconf 67' lang='grc' dir='ltr'><strong>τοῖς</strong></span> <span class='ocrx_word' id='word_1_486' title='bbox 482 3704 579 3771; x_wconf 81' lang='grc' dir='ltr'><strong>μὲν</strong></span> <span class='ocrx_word' id='word_1_487' title='bbox 619 3705 758 3757; x_wconf 69' lang='grc' dir='ltr'><strong>κατὰ</strong></span> <span class='ocrx_word' id='word_1_488' title='bbox 786 3708 965 3774; x_wconf 84' lang='grc' dir='ltr'>σάρκα</span> <span class='ocrx_word' id='word_1_489' title='bbox 999 3703 1229 3776; x_wconf 81' lang='grc' dir='ltr'>ζήσασιν</span> <span class='ocrx_word' id='word_1_490' title='bbox 1274 3706 1629 3776; x_wconf 82' lang='grc' dir='ltr'><strong>ἀνθρωπίνως</strong></span> <span class='ocrx_word' id='word_1_491' title='bbox 1679 3709 1759 3771; x_wconf 83' lang='grc' dir='ltr'><strong>είς</strong></span> 
     </span>
    </p>
   </div>
   <div class='ocr_carea' id='block_1_68' title="bbox 177 3796 1756 3869">
    <p class='ocr_par' dir='ltr' id='par_1_68' title="bbox 177 3796 1756 3869">
     <span class='ocr_line' id='line_1_68' title="bbox 177 3796 1756 3869; baseline 0.003 -23"><span class='ocrx_word' id='word_1_492' title='bbox 177 3797 357 3863; x_wconf 62' lang='grc' dir='ltr'><strong>κρῖμα</strong></span> <span class='ocrx_word' id='word_1_493' title='bbox 410 3796 768 3864; x_wconf 81' lang='grc' dir='ltr'><strong>παρεγένετο,</strong></span> <span class='ocrx_word' id='word_1_494' title='bbox 826 3799 937 3859; x_wconf 74' lang='grc' dir='ltr'><strong>τοῖς</strong></span> <span class='ocrx_word' id='word_1_495' title='bbox 982 3797 1036 3849; x_wconf 77' lang='grc' dir='ltr'><strong>δὲ</strong></span> <span class='ocrx_word' id='word_1_496' title='bbox 1078 3797 1219 3850; x_wconf 81' lang='grc' dir='ltr'><strong>κατά</strong></span> <span class='ocrx_word' id='word_1_497' title='bbox 1268 3799 1486 3867; x_wconf 80' lang='grc' dir='ltr'><strong>πνεῦμα</strong></span> <span class='ocrx_word' id='word_1_498' title='bbox 1536 3799 1756 3869; x_wconf 76' lang='grc' dir='ltr'><strong>ζήσασι,</strong></span> 
     </span>
    </p>
   </div>
   <div class='ocr_carea' id='block_1_69' title="bbox 176 3885 1758 3959">
    <p class='ocr_par' dir='ltr' id='par_1_69' title="bbox 176 3885 1758 3959">
     <span class='ocr_line' id='line_1_69' title="bbox 176 3885 1758 3959; baseline 0.004 -23"><span class='ocrx_word' id='word_1_499' title='bbox 176 3885 450 3951; x_wconf 77' lang='grc' dir='ltr'><strong>τουτέστι,</strong></span> <span class='ocrx_word' id='word_1_500' title='bbox 490 3887 631 3939; x_wconf 83' lang='grc' dir='ltr'><strong>κατά</strong></span> <span class='ocrx_word' id='word_1_501' title='bbox 656 3888 1025 3957; x_wconf 74' lang='grc' dir='ltr'><strong>πνευματικὸν</strong></span> <span class='ocrx_word' id='word_1_502' title='bbox 1057 3890 1149 3942; x_wconf 78' lang='grc' dir='ltr'><strong>καὶ</strong></span> <span class='ocrx_word' id='word_1_503' title='bbox 1194 3890 1449 3959; x_wconf 66' lang='grc' dir='ltr'><strong>ἐνάρετον</strong></span> <span class='ocrx_word' id='word_1_504' title='bbox 1497 3890 1632 3959; x_wconf 84' lang='grc' dir='ltr'><strong>βίον,</strong></span> <span class='ocrx_word' id='word_1_505' title='bbox 1680 3893 1758 3954; x_wconf 87' lang='grc' dir='ltr'><strong>είς</strong></span> 
     </span>
    </p>
   </div>
   <div class='ocr_carea' id='block_1_70' title="bbox 173 3975 1759 4051">
    <p class='ocr_par' dir='ltr' id='par_1_70' title="bbox 173 3975 1759 4051">
     <span class='ocr_line' id='line_1_70' title="bbox 173 3975 1759 4051; baseline 0.004 -22"><span class='ocrx_word' id='word_1_506' title='bbox 173 3975 336 4040; x_wconf 68' lang='grc' dir='ltr'><strong>δόξαν</strong></span> <span class='ocrx_word' id='word_1_507' title='bbox 384 3976 481 4029; x_wconf 79' lang='grc' dir='ltr'><strong>καὶ</strong></span> <span class='ocrx_word' id='word_1_508' title='bbox 526 3979 821 4048; x_wconf 81' lang='grc' dir='ltr'><strong>σωτηρίαν.</strong></span> <span class='ocrx_word' id='word_1_509' title='bbox 851 3978 1015 4031; x_wconf 77' lang='grc' dir='ltr'><strong>Ὥστε</strong></span> <span class='ocrx_word' id='word_1_510' title='bbox 1060 3979 1155 4032; x_wconf 79' lang='grc' dir='ltr'><strong>καὶ</strong></span> <span class='ocrx_word' id='word_1_511' title='bbox 1183 3980 1401 4041; x_wconf 76' lang='grc' dir='ltr'><strong>ζώντων</strong></span> <span class='ocrx_word' id='word_1_512' title='bbox 1426 3982 1521 4033; x_wconf 75' lang='grc' dir='ltr'><strong>καὶ</strong></span> <span class='ocrx_word' id='word_1_513' title='bbox 1548 3982 1759 4051; x_wconf 88' lang='grc' dir='ltr'><strong>νεκρῶν</strong></span> 
     </span>
    </p>
   </div>
   <div class='ocr_carea' id='block_1_71' title="bbox 176 4068 1757 4142">
    <p class='ocr_par' dir='ltr' id='par_1_71' title="bbox 176 4068 1757 4142">
     <span class='ocr_line' id='line_1_71' title="bbox 176 4068 1757 4142; baseline 0.004 -23"><span class='ocrx_word' id='word_1_514' title='bbox 176 4069 375 4137; x_wconf 73' lang='grc' dir='ltr'><strong>κριτὴς</strong></span> <span class='ocrx_word' id='word_1_515' title='bbox 398 4068 621 4132; x_wconf 83' lang='grc' dir='ltr'><strong>δικαίως</strong></span> <span class='ocrx_word' id='word_1_516' title='bbox 653 4071 719 4121; x_wconf 81' lang='grc' dir='ltr'>ἂν</span> <span class='ocrx_word' id='word_1_517' title='bbox 751 4070 984 4137; x_wconf 78' lang='grc' dir='ltr'><strong>λέγοιτο.</strong></span> <span class='ocrx_word' id='word_1_518' title='bbox 1028 4100 1096 4111; x_wconf 92' lang='grc'><strong><em>-</em></strong></span> <span class='ocrx_word' id='word_1_519' title='bbox 1125 4073 1373 4137; x_wconf 72' lang='grc' dir='ltr'><strong>Ἄλλως.</strong></span> <span class='ocrx_word' id='word_1_520' title='bbox 1425 4074 1487 4125; x_wconf 85' lang='grc' dir='ltr'><strong>Οἱ</strong></span> <span class='ocrx_word' id='word_1_521' title='bbox 1521 4073 1618 4142; x_wconf 82' lang='grc' dir='ltr'><strong>μὲν</strong></span> <span class='ocrx_word' id='word_1_522' title='bbox 1650 4091 1757 4127; x_wconf 86' lang='grc' dir='ltr'><strong>πα-</strong></span> 
     </span>
    </p>
   </div>
   <div class='ocr_carea' id='block_1_72' title="bbox 177 4158 1759 4233">
    <p class='ocr_par' dir='ltr' id='par_1_72' title="bbox 177 4158 1759 4233">
     <span class='ocr_line' id='line_1_72' title="bbox 177 4158 1759 4233; baseline 0.004 -24"><span class='ocrx_word' id='word_1_523' title='bbox 177 4158 325 4210; x_wconf 69' lang='grc' dir='ltr'><strong>λαιοὶ</strong></span> <span class='ocrx_word' id='word_1_524' title='bbox 362 4158 474 4211; x_wconf 87' lang='grc' dir='ltr'>τῶν</span> <span class='ocrx_word' id='word_1_525' title='bbox 501 4158 762 4229; x_wconf 77' lang='grc' dir='ltr'><strong>Πατέρων</strong></span> <span class='ocrx_word' id='word_1_526' title='bbox 790 4160 950 4213; x_wconf 83' lang='grc' dir='ltr'><strong>τοῦτο</strong></span> <span class='ocrx_word' id='word_1_527' title='bbox 980 4162 1060 4225; x_wconf 71' lang='grc' dir='ltr'><strong>τὸ,</strong></span> <span class='ocrx_word' id='word_1_528' title='bbox 1095 4162 1204 4214; x_wconf 76' lang='grc' dir='ltr'><strong>Καὶ</strong></span> <span class='ocrx_word' id='word_1_529' title='bbox 1234 4165 1447 4233; x_wconf 82' lang='grc' dir='ltr'><strong>νεκροῖς</strong></span> <span class='ocrx_word' id='word_1_530' title='bbox 1471 4164 1759 4232; x_wconf 82' lang='grc' dir='ltr'><strong>εὐηγγελί-</strong></span> 
     </span>
    </p>
   </div>
   <div class='ocr_carea' id='block_1_73' title="bbox 179 4249 1759 4323">
    <p class='ocr_par' dir='ltr' id='par_1_73' title="bbox 179 4249 1759 4323">
     <span class='ocr_line' id='line_1_73' title="bbox 179 4249 1759 4323; baseline 0.006 -23"><span class='ocrx_word' id='word_1_531' title='bbox 179 4249 309 4317; x_wconf 80' lang='grc' dir='ltr'><strong>σθη,</strong></span> <span class='ocrx_word' id='word_1_532' title='bbox 334 4249 412 4311; x_wconf 85' lang='grc' dir='ltr'><strong>ὡς</strong></span> <span class='ocrx_word' id='word_1_533' title='bbox 444 4249 750 4319; x_wconf 78' lang='grc' dir='ltr'><strong>περικοπὴν</strong></span> <span class='ocrx_word' id='word_1_534' title='bbox 773 4250 1131 4321; x_wconf 76' lang='grc' dir='ltr'><strong>ἐξηγήσαντο,</strong></span> <span class='ocrx_word' id='word_1_535' title='bbox 1174 4253 1327 4306; x_wconf 84' lang='grc' dir='ltr'><strong>οὐδὲν</strong></span> <span class='ocrx_word' id='word_1_536' title='bbox 1375 4256 1759 4323; x_wconf 78' lang='grc' dir='ltr'><strong>φροντίσαντες</strong></span> 
     </span>
    </p>
   </div>
   <div class='ocr_carea' id='block_1_74' title="bbox 176 4340 1759 4415">
    <p class='ocr_par' dir='ltr' id='par_1_74' title="bbox 176 4340 1759 4415">
     <span class='ocr_line' id='line_1_74' title="bbox 176 4340 1759 4415; baseline 0.002 -21"><span class='ocrx_word' id='word_1_537' title='bbox 176 4343 275 4407; x_wconf 67' lang='grc' dir='ltr'><strong>τῆς</strong></span> <span class='ocrx_word' id='word_1_538' title='bbox 310 4340 595 4410; x_wconf 77' lang='grc' dir='ltr'><strong>συνεχείας</strong></span> <span class='ocrx_word' id='word_1_539' title='bbox 631 4341 739 4393; x_wconf 86' lang='grc' dir='ltr'><strong>τῶν</strong></span> <span class='ocrx_word' id='word_1_540' title='bbox 766 4341 900 4405; x_wconf 83' lang='grc' dir='ltr'><strong>ἀνω,</strong></span> <span class='ocrx_word' id='word_1_541' title='bbox 930 4342 1040 4395; x_wconf 77' lang='grc' dir='ltr'><strong>οὐδ’</strong></span> <span class='ocrx_word' id='word_1_542' title='bbox 1087 4344 1167 4396; x_wconf 84' lang='grc' dir='ltr'><strong>ὅτι</strong></span> <span class='ocrx_word' id='word_1_543' title='bbox 1202 4344 1580 4412; x_wconf 81' lang='grc' dir='ltr'><strong>αίτιολογικῶς</strong></span> <span class='ocrx_word' id='word_1_544' title='bbox 1607 4346 1759 4415; x_wconf 88' lang='grc' dir='ltr'><strong>είρη-</strong></span> 
     </span>
    </p>
   </div>
   <div class='ocr_carea' id='block_1_75' title="bbox 179 4429 1759 4505">
    <p class='ocr_par' dir='ltr' id='par_1_75' title="bbox 179 4429 1759 4505">
     <span class='ocr_line' id='line_1_75' title="bbox 179 4429 1759 4505; baseline 0.004 -24"><span class='ocrx_word' id='word_1_545' title='bbox 179 4431 345 4498; x_wconf 75' lang='grc' dir='ltr'>μένον</span> <span class='ocrx_word' id='word_1_546' title='bbox 408 4430 490 4482; x_wconf 75' lang='grc' dir='ltr'><strong>δεῖ</strong></span> <span class='ocrx_word' id='word_1_547' title='bbox 534 4429 670 4499; x_wconf 82' lang='grc' dir='ltr'><strong>πρὸς</strong></span> <span class='ocrx_word' id='word_1_548' title='bbox 716 4430 783 4483; x_wconf 87' lang='grc' dir='ltr'><strong>τά</strong></span> <span class='ocrx_word' id='word_1_549' title='bbox 816 4432 922 4501; x_wconf 82' lang='grc' dir='ltr'><strong>πρὸ</strong></span> <span class='ocrx_word' id='word_1_550' title='bbox 962 4432 1134 4485; x_wconf 84' lang='grc' dir='ltr'><strong>αὑτοῦ</strong></span> <span class='ocrx_word' id='word_1_551' title='bbox 1163 4434 1554 4505; x_wconf 79' lang='grc' dir='ltr'><strong>ἀναφέρεσθαι.</strong></span> <span class='ocrx_word' id='word_1_552' title='bbox 1587 4435 1759 4489; x_wconf 75' lang='grc' dir='ltr'><strong>Τοῦτο</strong></span> 
     </span>
    </p>
   </div>
   <div class='ocr_carea' id='block_1_76' title="bbox 176 4520 1758 4594">
    <p class='ocr_par' dir='ltr' id='par_1_76' title="bbox 176 4520 1758 4594">
     <span class='ocr_line' id='line_1_76' title="bbox 176 4520 1758 4594; baseline 0.004 -22"><span class='ocrx_word' id='word_1_553' title='bbox 176 4522 287 4590; x_wconf 62' lang='grc' dir='ltr'><strong>γὰρ</strong></span> <span class='ocrx_word' id='word_1_554' title='bbox 319 4520 525 4587; x_wconf 70' lang='grc' dir='ltr'><strong>ὀφείλει</strong></span> <span class='ocrx_word' id='word_1_555' title='bbox 558 4522 618 4573; x_wconf 85' lang='grc' dir='ltr'><strong>τὺ</strong></span> <span class='ocrx_word' id='word_1_556' title='bbox 646 4522 767 4574; x_wconf 88' lang='grc' dir='ltr'><strong>κατ’</strong></span> <span class='ocrx_word' id='word_1_557' title='bbox 799 4523 979 4576; x_wconf 78' lang='grc' dir='ltr'><strong>αἰτίαν</strong></span> <span class='ocrx_word' id='word_1_558' title='bbox 1009 4522 1299 4593; x_wconf 84' lang='grc' dir='ltr'><strong>λεγόμενον</strong></span> <span class='ocrx_word' id='word_1_559' title='bbox 1327 4524 1493 4594; x_wconf 73' lang='grc' dir='ltr'><strong>ἔχειν.</strong></span> <span class='ocrx_word' id='word_1_560' title='bbox 1512 4527 1651 4579; x_wconf 77' lang='grc' dir='ltr'><strong>Ἀλλ’</strong></span> <span class='ocrx_word' id='word_1_561' title='bbox 1683 4528 1758 4589; x_wconf 82' lang='grc' dir='ltr'><strong>ὡς</strong></span> 
     </span>
    </p>
   </div>
   <div class='ocr_carea' id='block_1_77' title="bbox 1860 3352 3436 3422">
    <p class='ocr_par' dir='ltr' id='par_1_77' title="bbox 1860 3352 3436 3422">
     <span class='ocr_line' id='line_1_77' title="bbox 1860 3352 3436 3422; baseline -0.003 -15"><span class='ocrx_word' id='word_1_562' title='bbox 1860 3364 2040 3409; x_wconf 86' lang='lat' dir='ltr'><strong>autem</strong></span> <span class='ocrx_word' id='word_1_563' title='bbox 2072 3370 2178 3407; x_wconf 91' lang='lat' dir='ltr'><strong>non</strong></span> <span class='ocrx_word' id='word_1_564' title='bbox 2210 3367 2485 3419; x_wconf 88' lang='lat' dir='ltr'><strong>sermone,</strong></span> <span class='ocrx_word' id='word_1_565' title='bbox 2507 3353 2602 3408; x_wconf 83' lang='lat' dir='ltr'><strong>sed</strong></span> <span class='ocrx_word' id='word_1_566' title='bbox 2649 3367 2837 3422; x_wconf 85' lang='lat' dir='ltr'><strong>opere.</strong></span> <span class='ocrx_word' id='word_1_567' title='bbox 2878 3352 2943 3405; x_wconf 85' lang='lat' dir='ltr'><strong>Et</strong></span> <span class='ocrx_word' id='word_1_568' title='bbox 2980 3352 3436 3421; x_wconf 88' lang='lat' dir='ltr'><strong>quemadmodum</strong></span> 
     </span>
    </p>
   </div>
   <div class='ocr_carea' id='block_1_78' title="bbox 1863 3442 3437 3512">
    <p class='ocr_par' dir='ltr' id='par_1_78' title="bbox 1863 3442 3437 3512">
     <span class='ocr_line' id='line_1_78' title="bbox 1863 3442 3437 3512; baseline -0.003 -14"><span class='ocrx_word' id='word_1_569' title='bbox 1863 3444 2196 3498; x_wconf 88' lang='lat' dir='ltr'><strong>inmundum</strong></span> <span class='ocrx_word' id='word_1_570' title='bbox 2219 3443 2537 3506; x_wconf 80' lang='lat' dir='ltr'><strong>adveniens,</strong></span> <span class='ocrx_word' id='word_1_571' title='bbox 2561 3443 2628 3497; x_wconf 89' lang='lat' dir='ltr'><strong>iis</strong></span> <span class='ocrx_word' id='word_1_572' title='bbox 2655 3444 2747 3512; x_wconf 90' lang='lat' dir='ltr'><strong>qui</strong></span> <span class='ocrx_word' id='word_1_573' title='bbox 2776 3443 2945 3512; x_wconf 81' lang='lat' dir='ltr'><strong>parati</strong></span> <span class='ocrx_word' id='word_1_574' title='bbox 2968 3453 3141 3503; x_wconf 84' lang='lat' dir='ltr'><strong>erant,</strong></span> <span class='ocrx_word' id='word_1_575' title='bbox 3178 3452 3233 3495; x_wconf 86' lang='lat' dir='ltr'><strong>ut</strong></span> <span class='ocrx_word' id='word_1_576' title='bbox 3262 3442 3437 3510; x_wconf 80' lang='lat' dir='ltr'><strong>ipsum</strong></span> 
     </span>
    </p>
   </div>
   <div class='ocr_carea' id='block_1_79' title="bbox 1860 3531 3437 3603">
    <p class='ocr_par' dir='ltr' id='par_1_79' title="bbox 1860 3531 3437 3603">
     <span class='ocr_line' id='line_1_79' title="bbox 1860 3531 3437 3603; baseline -0.003 -16"><span class='ocrx_word' id='word_1_577' title='bbox 1860 3531 2344 3603; x_wconf 86' lang='lat' dir='ltr'><strong>cognoscerent,ad</strong></span> <span class='ocrx_word' id='word_1_578' title='bbox 2356 3531 2800 3603; x_wconf 83' lang='lat' dir='ltr'><strong>justiﬁcationcm</strong></span> <span class='ocrx_word' id='word_1_579' title='bbox 2815 3532 2983 3586; x_wconf 72' lang='lat' dir='ltr'><strong>venit:</strong></span> <span class='ocrx_word' id='word_1_580' title='bbox 3002 3532 3247 3603; x_wconf 90' lang='lat' dir='ltr'><strong>ignorare</strong></span> <span class='ocrx_word' id='word_1_581' title='bbox 3258 3542 3437 3587; x_wconf 79' lang='lat' dir='ltr'><strong>autem</strong></span> 
     </span>
    </p>
   </div>
   <div class='ocr_carea' id='block_1_80' title="bbox 1861 3624 3436 3693">
    <p class='ocr_par' dir='ltr' id='par_1_80' title="bbox 1861 3624 3436 3693">
     <span class='ocr_line' id='line_1_80' title="bbox 1861 3624 3436 3693; baseline 0 -16"><span class='ocrx_word' id='word_1_582' title='bbox 1861 3624 2213 3693; x_wconf 89' lang='lat' dir='ltr'><strong>cupientibus</strong></span> <span class='ocrx_word' id='word_1_583' title='bbox 2236 3624 2305 3679; x_wconf 91' lang='lat' dir='ltr'><strong>ad</strong></span> <span class='ocrx_word' id='word_1_584' title='bbox 2337 3624 2851 3679; x_wconf 81' lang='lat' dir='ltr'><strong>condemnationem</strong></span> <span class='ocrx_word' id='word_1_585' title='bbox 2880 3643 2892 3677; x_wconf 89' lang='lat'><strong>:</strong></span> <span class='ocrx_word' id='word_1_586' title='bbox 2916 3624 2987 3678; x_wconf 89' lang='lat' dir='ltr'><strong>ita</strong></span> <span class='ocrx_word' id='word_1_587' title='bbox 3005 3624 3157 3677; x_wconf 90' lang='lat' dir='ltr'><strong>ethis</strong></span> <span class='ocrx_word' id='word_1_588' title='bbox 3173 3624 3262 3693; x_wconf 91' lang='lat' dir='ltr'><strong>qui</strong></span> <span class='ocrx_word' id='word_1_589' title='bbox 3294 3624 3436 3687; x_wconf 82' lang='lat' dir='ltr'><strong>apud</strong></span> 
     </span>
    </p>
   </div>
   <div class='ocr_carea' id='block_1_81' title="bbox 1862 3712 3438 3783">
    <p class='ocr_par' dir='ltr' id='par_1_81' title="bbox 1862 3712 3438 3783">
     <span class='ocr_line' id='line_1_81' title="bbox 1862 3712 3438 3783; baseline -0.003 -14"><span class='ocrx_word' id='word_1_590' title='bbox 1862 3714 2063 3769; x_wconf 81' lang='lat' dir='ltr'><strong>inferos</strong></span> <span class='ocrx_word' id='word_1_591' title='bbox 2088 3724 2261 3769; x_wconf 88' lang='lat' dir='ltr'><strong>crant.</strong></span> <span class='ocrx_word' id='word_1_592' title='bbox 2283 3713 2416 3768; x_wconf 86' lang='lat' dir='ltr'><strong>Nam</strong></span> <span class='ocrx_word' id='word_1_593' title='bbox 2444 3714 2530 3768; x_wconf 88' lang='lat' dir='ltr'><strong>his</strong></span> <span class='ocrx_word' id='word_1_594' title='bbox 2561 3714 2653 3783; x_wconf 92' lang='lat' dir='ltr'><strong>qui</strong></span> <span class='ocrx_word' id='word_1_595' title='bbox 2687 3713 2985 3770; x_wconf 86' lang='lat' dir='ltr'><strong>secundum</strong></span> <span class='ocrx_word' id='word_1_596' title='bbox 3008 3728 3226 3767; x_wconf 92' lang='lat' dir='ltr'><strong>carnem</strong></span> <span class='ocrx_word' id='word_1_597' title='bbox 3257 3712 3438 3766; x_wconf 86' lang='lat' dir='ltr'><strong>huma-</strong></span> 
     </span>
    </p>
   </div>
   <div class='ocr_carea' id='block_1_82' title="bbox 1862 3805 3436 3875">
    <p class='ocr_par' dir='ltr' id='par_1_82' title="bbox 1862 3805 3436 3875">
     <span class='ocr_line' id='line_1_82' title="bbox 1862 3805 3436 3875; baseline -0.001 -14"><span class='ocrx_word' id='word_1_598' title='bbox 1862 3823 1932 3862; x_wconf 93' lang='lat' dir='ltr'><strong>no</strong></span> <span class='ocrx_word' id='word_1_599' title='bbox 1963 3823 2111 3861; x_wconf 86' lang='lat' dir='ltr'><strong>more</strong></span> <span class='ocrx_word' id='word_1_600' title='bbox 2138 3807 2404 3871; x_wconf 77' lang='lat' dir='ltr'><strong>vixerant,</strong></span> <span class='ocrx_word' id='word_1_601' title='bbox 2424 3807 2489 3860; x_wconf 92' lang='lat' dir='ltr'><strong>ad</strong></span> <span class='ocrx_word' id='word_1_602' title='bbox 2509 3806 2773 3875; x_wconf 89' lang='lat' dir='ltr'><strong>judicium</strong></span> <span class='ocrx_word' id='word_1_603' title='bbox 2790 3805 3029 3860; x_wconf 87' lang='lat' dir='ltr'><strong>advenit.</strong></span> <span class='ocrx_word' id='word_1_604' title='bbox 3057 3805 3168 3861; x_wconf 82' lang='lat' dir='ltr'><strong>illis</strong></span> <span class='ocrx_word' id='word_1_605' title='bbox 3188 3820 3315 3858; x_wconf 86' lang='lat' dir='ltr'><strong>vero</strong></span> <span class='ocrx_word' id='word_1_606' title='bbox 3343 3806 3436 3875; x_wconf 90' lang='lat' dir='ltr'><strong>qui</strong></span> 
     </span>
    </p>
   </div>
   <div class='ocr_carea' id='block_1_83' title="bbox 1861 3896 3409 3967">
    <p class='ocr_par' dir='ltr' id='par_1_83' title="bbox 1861 3896 3409 3967">
     <span class='ocr_line' id='line_1_83' title="bbox 1861 3896 3409 3967; baseline -0.003 -14"><span class='ocrx_word' id='word_1_607' title='bbox 1861 3899 2159 3954; x_wconf 82' lang='lat' dir='ltr'><strong>secundum</strong></span> <span class='ocrx_word' id='word_1_608' title='bbox 2197 3899 2449 3967; x_wconf 83' lang='lat' dir='ltr'><strong>spiritum</strong></span> <span class='ocrx_word' id='word_1_609' title='bbox 2481 3898 2754 3959; x_wconf 81' lang='lat' dir='ltr'><strong>vixerunt,</strong></span> <span class='ocrx_word' id='word_1_610' title='bbox 2774 3897 2826 3951; x_wconf 90' lang='lat' dir='ltr'><strong>id</strong></span> <span class='ocrx_word' id='word_1_611' title='bbox 2869 3907 2972 3959; x_wconf 83' lang='lat' dir='ltr'><strong>est.</strong></span> <span class='ocrx_word' id='word_1_612' title='bbox 3007 3896 3158 3966; x_wconf 81' lang='lat' dir='ltr'><strong>juxta</strong></span> <span class='ocrx_word' id='word_1_613' title='bbox 3204 3898 3409 3966; x_wconf 88' lang='lat' dir='ltr'><strong>spritua</strong></span> 
     </span>
    </p>
   </div>
   <div class='ocr_carea' id='block_1_84' title="bbox 1861 3988 3434 4058">
    <p class='ocr_par' dir='ltr' id='par_1_84' title="bbox 1861 3988 3434 4058">
     <span class='ocr_line' id='line_1_84' title="bbox 1861 3988 3434 4058; baseline -0.003 -13"><span class='ocrx_word' id='word_1_614' title='bbox 1861 3992 1966 4045; x_wconf 92' lang='lat' dir='ltr'><strong>lem</strong></span> <span class='ocrx_word' id='word_1_615' title='bbox 2006 4005 2072 4045; x_wconf 88' lang='lat' dir='ltr'><strong>ac</strong></span> <span class='ocrx_word' id='word_1_616' title='bbox 2116 3992 2399 4045; x_wconf 85' lang='lat' dir='ltr'><strong>honestam</strong></span> <span class='ocrx_word' id='word_1_617' title='bbox 2434 3989 2621 4051; x_wconf 83' lang='lat' dir='ltr'><strong>vitam,</strong></span> <span class='ocrx_word' id='word_1_618' title='bbox 2671 3988 2739 4043; x_wconf 91' lang='lat' dir='ltr'><strong>ad</strong></span> <span class='ocrx_word' id='word_1_619' title='bbox 2774 3988 2998 4058; x_wconf 75' lang='lat' dir='ltr'><strong>gloriam</strong></span> <span class='ocrx_word' id='word_1_620' title='bbox 3065 3999 3121 4042; x_wconf 86' lang='lat' dir='ltr'><strong>et</strong></span> <span class='ocrx_word' id='word_1_621' title='bbox 3180 3989 3434 4043; x_wconf 75' lang='lat' dir='ltr'><strong>salutem.</strong></span> 
     </span>
    </p>
   </div>
   <div class='ocr_carea' id='block_1_85' title="bbox 1862 4079 3435 4151">
    <p class='ocr_par' dir='ltr' id='par_1_85' title="bbox 1862 4079 3435 4151">
     <span class='ocr_line' id='line_1_85' title="bbox 1862 4079 3435 4151; baseline -0.002 -15"><span class='ocrx_word' id='word_1_622' title='bbox 1862 4081 2047 4151; x_wconf 79' lang='lat' dir='ltr'><strong>Itaque</strong></span> <span class='ocrx_word' id='word_1_623' title='bbox 2071 4091 2125 4135; x_wconf 88' lang='lat' dir='ltr'><strong>et</strong></span> <span class='ocrx_word' id='word_1_624' title='bbox 2164 4082 2408 4136; x_wconf 76' lang='lat' dir='ltr'><strong>vivorum</strong></span> <span class='ocrx_word' id='word_1_625' title='bbox 2438 4090 2492 4134; x_wconf 92' lang='lat' dir='ltr'><strong>et</strong></span> <span class='ocrx_word' id='word_1_626' title='bbox 2521 4091 2859 4135; x_wconf 88' lang='lat' dir='ltr'><strong>mortuorum</strong></span> <span class='ocrx_word' id='word_1_627' title='bbox 2882 4079 3049 4149; x_wconf 80' lang='lat' dir='ltr'><strong>judex</strong></span> <span class='ocrx_word' id='word_1_628' title='bbox 3099 4080 3291 4134; x_wconf 89' lang='lat' dir='ltr'><strong>merito</strong></span> <span class='ocrx_word' id='word_1_629' title='bbox 3332 4081 3435 4133; x_wconf 65' lang='lat' dir='ltr'><strong>diri</strong></span> 
     </span>
    </p>
   </div>
   <div class='ocr_carea' id='block_1_86' title="bbox 1858 4171 3438 4242">
    <p class='ocr_par' dir='ltr' id='par_1_86' title="bbox 1858 4171 3438 4242">
     <span class='ocr_line' id='line_1_86' title="bbox 1858 4171 3438 4242; baseline -0.001 -14"><span class='ocrx_word' id='word_1_630' title='bbox 1858 4172 2315 4242; x_wconf 78' lang='lat' dir='ltr'><strong>potest.-—Aliud.</strong></span> <span class='ocrx_word' id='word_1_631' title='bbox 2363 4172 2586 4228; x_wconf 80' lang='lat' dir='ltr'><strong>Veteres</strong></span> <span class='ocrx_word' id='word_1_632' title='bbox 2618 4172 2840 4242; x_wconf 85' lang='lat' dir='ltr'><strong>quidem</strong></span> <span class='ocrx_word' id='word_1_633' title='bbox 2892 4171 3075 4227; x_wconf 87' lang='lat' dir='ltr'><strong>Patres</strong></span> <span class='ocrx_word' id='word_1_634' title='bbox 3112 4173 3261 4233; x_wconf 84' lang='lat' dir='ltr'><strong>illud,</strong></span> <span class='ocrx_word' id='word_1_635' title='bbox 3304 4171 3438 4227; x_wconf 86' lang='lat' dir='ltr'><strong>Nam</strong></span> 
     </span>
    </p>
   </div>
   <div class='ocr_carea' id='block_1_87' title="bbox 1862 4264 3437 4335">
    <p class='ocr_par' dir='ltr' id='par_1_87' title="bbox 1862 4264 3437 4335">
     <span class='ocr_line' id='line_1_87' title="bbox 1862 4264 3437 4335; baseline 0 -17"><span class='ocrx_word' id='word_1_636' title='bbox 1862 4265 1965 4318; x_wconf 87' lang='lat' dir='ltr'><strong>hoc</strong></span> <span class='ocrx_word' id='word_1_637' title='bbox 2002 4265 2233 4318; x_wconf 83' lang='lat' dir='ltr'><strong>mortuis</strong></span> <span class='ocrx_word' id='word_1_638' title='bbox 2269 4279 2486 4334; x_wconf 90' lang='lat' dir='ltr'><strong>quoque</strong></span> <span class='ocrx_word' id='word_1_639' title='bbox 2539 4264 2889 4334; x_wconf 63' lang='lat' dir='ltr'><strong>praedicatum</strong></span> <span class='ocrx_word' id='word_1_640' title='bbox 2924 4274 3006 4319; x_wconf 90' lang='lat' dir='ltr'><strong>est</strong></span> <span class='ocrx_word' id='word_1_641' title='bbox 3058 4264 3437 4335; x_wconf 81' lang='lat' dir='ltr'><strong>Evangelinm,</strong></span> 
     </span>
    </p>
   </div>
   <div class='ocr_carea' id='block_1_88' title="bbox 1861 4356 3434 4426">
    <p class='ocr_par' dir='ltr' id='par_1_88' title="bbox 1861 4356 3434 4426">
     <span class='ocr_line' id='line_1_88' title="bbox 1861 4356 3434 4426; baseline -0.001 -17"><span class='ocrx_word' id='word_1_642' title='bbox 1861 4365 2116 4426; x_wconf 88' lang='lat' dir='ltr'><strong>tanquam</strong></span> <span class='ocrx_word' id='word_1_643' title='bbox 2162 4366 2459 4412; x_wconf 88' lang='lat' dir='ltr'><strong>resecatam</strong></span> <span class='ocrx_word' id='word_1_644' title='bbox 2521 4356 2840 4425; x_wconf 84' lang='lat' dir='ltr'><strong>particulam</strong></span> <span class='ocrx_word' id='word_1_645' title='bbox 2897 4357 3237 4425; x_wconf 78' lang='lat' dir='ltr'><strong>interpretati</strong></span> <span class='ocrx_word' id='word_1_646' title='bbox 3286 4366 3434 4419; x_wconf 82' lang='lat' dir='ltr'><strong>sunt,</strong></span> 
     </span>
    </p>
   </div>
   <div class='ocr_carea' id='block_1_89' title="bbox 1862 4447 3430 4517">
    <p class='ocr_par' dir='ltr' id='par_1_89' title="bbox 1862 4447 3430 4517">
     <span class='ocr_line' id='line_1_89' title="bbox 1862 4447 3430 4517; baseline -0.001 -15"><span class='ocrx_word' id='word_1_647' title='bbox 1862 4449 1998 4503; x_wconf 89' lang='lat' dir='ltr'><strong>nihil</strong></span> <span class='ocrx_word' id='word_1_648' title='bbox 2026 4464 2172 4503; x_wconf 85' lang='lat' dir='ltr'><strong>curae</strong></span> <span class='ocrx_word' id='word_1_649' title='bbox 2202 4448 2469 4503; x_wconf 84' lang='lat' dir='ltr'><strong>habentes</strong></span> <span class='ocrx_word' id='word_1_650' title='bbox 2491 4447 2560 4502; x_wconf 90' lang='lat' dir='ltr'><strong>de</strong></span> <span class='ocrx_word' id='word_1_651' title='bbox 2585 4448 2997 4503; x_wconf 87' lang='lat' dir='ltr'><strong>continuatione</strong></span> <span class='ocrx_word' id='word_1_652' title='bbox 3027 4449 3091 4502; x_wconf 88' lang='lat' dir='ltr'><strong>ad</strong></span> <span class='ocrx_word' id='word_1_653' title='bbox 3124 4448 3430 4517; x_wconf 82' lang='lat' dir='ltr'><strong>superiora.</strong></span> 
     </span>
    </p>
   </div>
   <div class='ocr_carea' id='block_1_90' title="bbox 1862 4538 3436 4610">
    <p class='ocr_par' dir='ltr' id='par_1_90' title="bbox 1862 4538 3436 4610">
     <span class='ocr_line' id='line_1_90' title="bbox 1862 4538 3436 4610; baseline -0.001 -15"><span class='ocrx_word' id='word_1_654' title='bbox 1862 4556 2040 4610; x_wconf 88' lang='lat' dir='ltr'><strong>neque</strong></span> <span class='ocrx_word' id='word_1_655' title='bbox 2074 4540 2217 4609; x_wconf 90' lang='lat' dir='ltr'><strong>quod</strong></span> <span class='ocrx_word' id='word_1_656' title='bbox 2250 4554 2346 4609; x_wconf 89' lang='lat' dir='ltr'><strong>per</strong></span> <span class='ocrx_word' id='word_1_657' title='bbox 2382 4538 2601 4594; x_wconf 89' lang='lat' dir='ltr'><strong>modum</strong></span> <span class='ocrx_word' id='word_1_658' title='bbox 2637 4554 2814 4595; x_wconf 86' lang='lat' dir='ltr'><strong>causae</strong></span> <span class='ocrx_word' id='word_1_659' title='bbox 2846 4538 3047 4595; x_wconf 89' lang='lat' dir='ltr'><strong>dictum</strong></span> <span class='ocrx_word' id='word_1_660' title='bbox 3089 4549 3335 4609; x_wconf 84' lang='lat' dir='ltr'><strong>oporteat</strong></span> <span class='ocrx_word' id='word_1_661' title='bbox 3371 4540 3436 4593; x_wconf 88' lang='lat' dir='ltr'><strong>ad</strong></span> 
     </span>
    </p>
   </div>
   <div class='ocr_carea' id='block_1_91' title="bbox 177 4612 1756 4700">
    <p class='ocr_par' dir='ltr' id='par_1_91' title="bbox 177 4612 1751 4685">
     <span class='ocr_line' id='line_1_91' title="bbox 177 4612 1751 4685; baseline 0.005 -22"><span class='ocrx_word' id='word_1_662' title='bbox 177 4614 421 4679; x_wconf 72' lang='grc' dir='ltr'><strong>εἴρηται,</strong></span> <span class='ocrx_word' id='word_1_663' title='bbox 456 4612 532 4673; x_wconf 85' lang='grc' dir='ltr'><strong>ὡς</strong></span> <span class='ocrx_word' id='word_1_664' title='bbox 555 4613 865 4682; x_wconf 72' lang='grc' dir='ltr'><strong>περικοπὴν</strong></span> <span class='ocrx_word' id='word_1_665' title='bbox 894 4614 1026 4667; x_wconf 81' lang='grc' dir='ltr'><strong>αὐτὸ</strong></span> <span class='ocrx_word' id='word_1_666' title='bbox 1054 4615 1393 4685; x_wconf 73' lang='grc' dir='ltr'><strong>ἐξηγήσαντο</strong></span> <span class='ocrx_word' id='word_1_667' title='bbox 1420 4617 1613 4680; x_wconf 80' lang='grc' dir='ltr'><strong>οὕτως.</strong></span> <span class='ocrx_word' id='word_1_668' title='bbox 1648 4619 1751 4671; x_wconf 81' lang='grc' dir='ltr'><strong>Νε-</strong></span> 
     </span>
    </p>
   </div>
   <div class='ocr_carea' id='block_1_92' title="bbox 1860 4612 3436 4700">
    <p class='ocr_par' dir='ltr' id='par_1_92' title="bbox 1861 4629 3436 4700">
     <span class='ocr_line' id='line_1_92' title="bbox 1861 4629 3436 4700; baseline 0.001 -18"><span class='ocrx_word' id='word_1_669' title='bbox 1861 4630 2204 4699; x_wconf 80' lang='lat' dir='ltr'><strong>prccedontia</strong></span> <span class='ocrx_word' id='word_1_670' title='bbox 2256 4629 2464 4683; x_wconf 81' lang='lat' dir='ltr'><strong>referri.</strong></span> <span class='ocrx_word' id='word_1_671' title='bbox 2498 4629 2629 4684; x_wconf 85' lang='lat' dir='ltr'><strong>Nam</strong></span> <span class='ocrx_word' id='word_1_672' title='bbox 2695 4630 2824 4684; x_wconf 87' lang='lat' dir='ltr'><strong>illud</strong></span> <span class='ocrx_word' id='word_1_673' title='bbox 2872 4638 3084 4700; x_wconf 85' lang='lat' dir='ltr'><strong>oportet</strong></span> <span class='ocrx_word' id='word_1_674' title='bbox 3134 4630 3436 4684; x_wconf 89' lang='lat' dir='ltr'><strong>secundum</strong></span> 
     </span>
    </p>
   </div>
   <div class='ocr_carea' id='block_1_93' title="bbox 177 4704 1751 4780">
    <p class='ocr_par' dir='ltr' id='par_1_93' title="bbox 177 4704 1751 4780">
     <span class='ocr_line' id='line_1_93' title="bbox 177 4704 1751 4780; baseline 0.004 -27"><span class='ocrx_word' id='word_1_675' title='bbox 177 4704 346 4773; x_wconf 61' lang='grc' dir='ltr'><strong>κρσὶις</strong></span> <span class='ocrx_word' id='word_1_676' title='bbox 379 4706 488 4771; x_wconf 66' lang='grc' dir='ltr'><strong>γὰρ</strong></span> <span class='ocrx_word' id='word_1_677' title='bbox 531 4704 740 4771; x_wconf 54' lang='grc' dir='ltr'><strong>ἕσασαν</strong></span> <span class='ocrx_word' id='word_1_678' title='bbox 768 4705 962 4769; x_wconf 82' lang='grc' dir='ltr'><strong>διττῶς</strong></span> <span class='ocrx_word' id='word_1_679' title='bbox 993 4706 1173 4772; x_wconf 75' lang='grc' dir='ltr'><strong>λέγειν</strong></span> <span class='ocrx_word' id='word_1_680' title='bbox 1196 4708 1292 4774; x_wconf 81' lang='grc' dir='ltr'><strong>τὴν</strong></span> <span class='ocrx_word' id='word_1_681' title='bbox 1326 4708 1476 4761; x_wconf 85' lang='grc' dir='ltr'><strong>θείαν</strong></span> <span class='ocrx_word' id='word_1_682' title='bbox 1510 4710 1751 4780; x_wconf 78' lang='grc' dir='ltr'><strong>Γραφὴν,</strong></span> 
     </span>
    </p>
   </div>
   <div class='ocr_carea' id='block_1_94' title="bbox 177 4796 1753 4874">
    <p class='ocr_par' dir='ltr' id='par_1_94' title="bbox 177 4796 1753 4874">
     <span class='ocr_line' id='line_1_94' title="bbox 177 4796 1753 4874; baseline 0.006 -27"><span class='ocrx_word' id='word_1_683' title='bbox 177 4796 207 4862; x_wconf 74' lang='grc' dir='ltr'>ἢ</span> <span class='ocrx_word' id='word_1_684' title='bbox 244 4797 376 4858; x_wconf 72' lang='grc' dir='ltr'><strong>τοὺς</strong></span> <span class='ocrx_word' id='word_1_685' title='bbox 402 4798 522 4858; x_wconf 85' lang='grc' dir='ltr'><strong>ταῖς</strong></span> <span class='ocrx_word' id='word_1_686' title='bbox 559 4796 859 4865; x_wconf 79' lang='grc' dir='ltr'><strong>ἁμαρτίαις</strong></span> <span class='ocrx_word' id='word_1_687' title='bbox 898 4799 1352 4865; x_wconf 70' lang='grc' dir='ltr'><strong>ιναποθανόντας,</strong></span> <span class='ocrx_word' id='word_1_688' title='bbox 1392 4802 1441 4855; x_wconf 79' lang='grc' dir='ltr'><strong>οἳ</strong></span> <span class='ocrx_word' id='word_1_689' title='bbox 1465 4803 1587 4856; x_wconf 76' lang='grc' dir='ltr'><strong>οὐδὲ</strong></span> <span class='ocrx_word' id='word_1_690' title='bbox 1609 4802 1753 4874; x_wconf 80' lang='grc' dir='ltr'><strong>ζωήν</strong></span> 
     </span>
    </p>
   </div>
   <div class='ocr_carea' id='block_1_95' title="bbox 177 4888 1755 4966">
    <p class='ocr_par' dir='ltr' id='par_1_95' title="bbox 177 4888 1755 4966">
     <span class='ocr_line' id='line_1_95' title="bbox 177 4888 1755 4966; baseline 0.006 -28"><span class='ocrx_word' id='word_1_691' title='bbox 177 4904 309 4939; x_wconf 79' lang='grc' dir='ltr'><strong>ποτε</strong></span> <span class='ocrx_word' id='word_1_692' title='bbox 358 4888 543 4957; x_wconf 74' lang='grc' dir='ltr'><strong>ἴδοιεν,</strong></span> <span class='ocrx_word' id='word_1_693' title='bbox 609 4890 642 4959; x_wconf 77' lang='grc' dir='ltr'><strong>ἢ</strong></span> <span class='ocrx_word' id='word_1_694' title='bbox 677 4891 803 4953; x_wconf 72' lang='grc' dir='ltr'><strong>τοὺς</strong></span> <span class='ocrx_word' id='word_1_695' title='bbox 834 4889 911 4959; x_wconf 84' lang='grc' dir='ltr'><strong>τῷ</strong></span> <span class='ocrx_word' id='word_1_696' title='bbox 954 4890 1171 4962; x_wconf 85' lang='grc' dir='ltr'><strong>θανάτῳ</strong></span> <span class='ocrx_word' id='word_1_697' title='bbox 1209 4892 1306 4946; x_wconf 82' lang='grc' dir='ltr'><strong>τοῦ</strong></span> <span class='ocrx_word' id='word_1_698' title='bbox 1342 4894 1581 4964; x_wconf 84' lang='grc' dir='ltr'><strong>Χριστοῦ</strong></span> <span class='ocrx_word' id='word_1_699' title='bbox 1613 4911 1755 4966; x_wconf 82' lang='grc' dir='ltr'><strong>συμ-</strong></span> 
     </span>
    </p>
   </div>
   <div class='ocr_carea' id='block_1_96' title="bbox 180 4978 1752 5057">
    <p class='ocr_par' dir='ltr' id='par_1_96' title="bbox 180 4978 1752 5057">
     <span class='ocr_line' id='line_1_96' title="bbox 180 4978 1752 5057; baseline 0.006 -27"><span class='ocrx_word' id='word_1_700' title='bbox 180 4978 597 5048; x_wconf 55' lang='grc' dir='ltr'><strong>μορψωθέντας,</strong></span> <span class='ocrx_word' id='word_1_701' title='bbox 621 4981 714 5032; x_wconf 77' lang='grc' dir='ltr'><strong>καὶ</strong></span> <span class='ocrx_word' id='word_1_702' title='bbox 738 4980 1112 5047; x_wconf 81' lang='grc' dir='ltr'><strong>ἀποθανόντας</strong></span> <span class='ocrx_word' id='word_1_703' title='bbox 1148 4984 1246 5054; x_wconf 81' lang='grc' dir='ltr'><strong>μὲν</strong></span> <span class='ocrx_word' id='word_1_704' title='bbox 1269 4984 1347 5057; x_wconf 82' lang='grc' dir='ltr'><strong>τῷ</strong></span> <span class='ocrx_word' id='word_1_705' title='bbox 1382 4985 1593 5056; x_wconf 80' lang='grc' dir='ltr'><strong>κόσμῳ,</strong></span> <span class='ocrx_word' id='word_1_706' title='bbox 1629 5004 1752 5039; x_wconf 86' lang='grc' dir='ltr'><strong>του-</strong></span> 
     </span>
    </p>
   </div>
   <div class='ocr_carea' id='block_1_97' title="bbox 175 5068 1753 5148">
    <p class='ocr_par' dir='ltr' id='par_1_97' title="bbox 175 5068 1753 5148">
     <span class='ocr_line' id='line_1_97' title="bbox 175 5068 1753 5148; baseline 0.007 -29"><span class='ocrx_word' id='word_1_707' title='bbox 175 5068 347 5125; x_wconf 82' lang='grc' dir='ltr'><strong>τέστι.</strong></span> <span class='ocrx_word' id='word_1_708' title='bbox 384 5071 507 5131; x_wconf 81' lang='grc' dir='ltr'><strong>ταῖς</strong></span> <span class='ocrx_word' id='word_1_709' title='bbox 533 5075 826 5140; x_wconf 81' lang='grc' dir='ltr'><strong>κοσμικαῖς</strong></span> <span class='ocrx_word' id='word_1_710' title='bbox 852 5072 1195 5144; x_wconf 73' lang='grc' dir='ltr'><strong>ἐπιθυμίαις,</strong></span> <span class='ocrx_word' id='word_1_711' title='bbox 1228 5077 1437 5141; x_wconf 80' lang='grc' dir='ltr'><strong>ζῶντας</strong></span> <span class='ocrx_word' id='word_1_712' title='bbox 1489 5079 1544 5132; x_wconf 80' lang='grc' dir='ltr'><strong>δὲ</strong></span> <span class='ocrx_word' id='word_1_713' title='bbox 1607 5078 1753 5148; x_wconf 85' lang='grc' dir='ltr'><strong>μόνῳ</strong></span> 
     </span>
    </p>
   </div>
   <div class='ocr_carea' id='block_1_98' title="bbox 177 5165 1751 5240">
    <p class='ocr_par' dir='ltr' id='par_1_98' title="bbox 177 5165 1751 5240">
     <span class='ocr_line' id='line_1_98' title="bbox 177 5165 1751 5240; baseline 0.006 -23"><span class='ocrx_word' id='word_1_714' title='bbox 177 5165 423 5234; x_wconf 77' lang='grc' dir='ltr'><strong>Χριστῷ,</strong></span> <span class='ocrx_word' id='word_1_715' title='bbox 474 5166 551 5227; x_wconf 86' lang='grc' dir='ltr'><strong>ὠς</strong></span> <span class='ocrx_word' id='word_1_716' title='bbox 605 5169 702 5219; x_wconf 71' lang='grc' dir='ltr'><strong>καὶ</strong></span> <span class='ocrx_word' id='word_1_717' title='bbox 735 5168 944 5231; x_wconf 79' lang='grc' dir='ltr'><strong>Παῦλός</strong></span> <span class='ocrx_word' id='word_1_718' title='bbox 987 5185 1174 5240; x_wconf 81' lang='grc' dir='ltr'><strong>φησιν’</strong></span> <span class='ocrx_word' id='word_1_719' title='bbox 1214 5190 1232 5222; x_wconf 83' lang='grc' dir='ltr'><strong>ι</strong></span> <span class='ocrx_word' id='word_1_720' title='bbox 1280 5174 1345 5225; x_wconf 91' lang='grc' dir='ltr'><strong>Ὃ</strong></span> <span class='ocrx_word' id='word_1_721' title='bbox 1372 5173 1428 5224; x_wconf 76' lang='grc' dir='ltr'><strong>δὲ</strong></span> <span class='ocrx_word' id='word_1_722' title='bbox 1462 5172 1555 5225; x_wconf 88' lang='grc' dir='ltr'><strong>νῦν</strong></span> <span class='ocrx_word' id='word_1_723' title='bbox 1595 5174 1673 5237; x_wconf 79' lang='grc' dir='ltr'>ζῶ</span> <span class='ocrx_word' id='word_1_724' title='bbox 1696 5176 1751 5226; x_wconf 81' lang='grc' dir='ltr'><strong>ὲν</strong></span> 
     </span>
    </p>
   </div>
   <div class='ocr_carea' id='block_1_99' title="bbox 179 5259 1752 5329">
    <p class='ocr_par' dir='ltr' id='par_1_99' title="bbox 179 5259 1752 5329">
     <span class='ocr_line' id='line_1_99' title="bbox 179 5259 1752 5329; baseline 0.006 -21"><span class='ocrx_word' id='word_1_725' title='bbox 179 5260 365 5326; x_wconf 72' lang='grc' dir='ltr'><strong>σαρκὶ,</strong></span> <span class='ocrx_word' id='word_1_726' title='bbox 404 5261 462 5308; x_wconf 85' lang='grc' dir='ltr'><strong>ἐν</strong></span> <span class='ocrx_word' id='word_1_727' title='bbox 481 5259 664 5310; x_wconf 75' lang='grc' dir='ltr'><strong>πίστει</strong></span> <span class='ocrx_word' id='word_1_728' title='bbox 697 5262 762 5329; x_wconf 79' lang='grc' dir='ltr'><strong>τῇ</strong></span> <span class='ocrx_word' id='word_1_729' title='bbox 788 5259 884 5312; x_wconf 82' lang='grc' dir='ltr'><strong>τοῦ</strong></span> <span class='ocrx_word' id='word_1_730' title='bbox 914 5260 1046 5315; x_wconf 82' lang='grc' dir='ltr'><strong>Υίοῦ</strong></span> <span class='ocrx_word' id='word_1_731' title='bbox 1090 5262 1183 5315; x_wconf 81' lang='grc' dir='ltr'><strong>τοῦ</strong></span> <span class='ocrx_word' id='word_1_732' title='bbox 1231 5263 1365 5317; x_wconf 76' lang='grc' dir='ltr'><strong>Θεοῦ</strong></span> <span class='ocrx_word' id='word_1_733' title='bbox 1397 5266 1494 5329; x_wconf 77' lang='grc' dir='ltr'><strong>ζῶ,</strong></span> <span class='ocrx_word' id='word_1_734' title='bbox 1536 5285 1554 5316; x_wconf 75' lang='grc' dir='ltr'><strong>ι</strong></span> <span class='ocrx_word' id='word_1_735' title='bbox 1585 5266 1752 5319; x_wconf 76' lang='grc' dir='ltr'><strong>Φατὶν</strong></span> 
     </span>
    </p>
   </div>
   <div class='ocr_carea' id='block_1_100' title="bbox 175 5343 1755 5427">
    <p class='ocr_par' dir='ltr' id='par_1_100' title="bbox 175 5343 1755 5427">
     <span class='ocr_line' id='line_1_100' title="bbox 175 5343 1755 5427; baseline 0.008 -29"><span class='ocrx_word' id='word_1_736' title='bbox 175 5343 401 5405; x_wconf 48' lang='lat' dir='ltr'><strong>chen</strong></span> <span class='ocrx_word' id='word_1_737' title='bbox 435 5350 484 5400; x_wconf 89' lang='grc' dir='ltr'><strong>οί</strong></span> <span class='ocrx_word' id='word_1_738' title='bbox 518 5347 690 5411; x_wconf 78' lang='grc' dir='ltr'><strong>οὕτως</strong></span> <span class='ocrx_word' id='word_1_739' title='bbox 749 5351 1108 5417; x_wconf 82' lang='grc' dir='ltr'><strong>ἀποθανόντες</strong></span> <span class='ocrx_word' id='word_1_740' title='bbox 1166 5355 1409 5425; x_wconf 79' lang='grc' dir='ltr'><strong>Χριστῷ.</strong></span> <span class='ocrx_word' id='word_1_741' title='bbox 1471 5359 1536 5427; x_wconf 84' lang='grc' dir='ltr'><strong>τῇ</strong></span> <span class='ocrx_word' id='word_1_742' title='bbox 1590 5358 1755 5427; x_wconf 68' lang='grc' dir='ltr'><strong>σαρκὶ⁵</strong></span> 
     </span>
    </p>
   </div>
   <div class='ocr_carea' id='block_1_101' title="bbox 177 5438 1750 5517">
    <p class='ocr_par' dir='ltr' id='par_1_101' title="bbox 177 5438 1750 5517">
     <span class='ocr_line' id='line_1_101' title="bbox 177 5438 1750 5517; baseline 0.008 -28"><span class='ocrx_word' id='word_1_743' title='bbox 177 5438 408 5501; x_wconf 69' lang='grc' dir='ltr'><strong>ἑαυτοὺς</strong></span> <span class='ocrx_word' id='word_1_744' title='bbox 430 5441 852 5511; x_wconf 83' lang='grc' dir='ltr'><strong>κατακρίνουσιν</strong></span> <span class='ocrx_word' id='word_1_745' title='bbox 890 5446 983 5497; x_wconf 70' lang='grc' dir='ltr'><strong>ἐπὶ</strong></span> <span class='ocrx_word' id='word_1_746' title='bbox 1007 5449 1072 5516; x_wconf 86' lang='grc' dir='ltr'><strong>τῇ</strong></span> <span class='ocrx_word' id='word_1_747' title='bbox 1115 5448 1381 5516; x_wconf 67' lang='grc' dir='ltr'><strong>πρότερον</strong></span> <span class='ocrx_word' id='word_1_748' title='bbox 1401 5449 1594 5517; x_wconf 83' lang='grc' dir='ltr'><strong>ἀμελεῖ</strong></span> <span class='ocrx_word' id='word_1_749' title='bbox 1618 5451 1750 5502; x_wconf 62' lang='lat' dir='ltr'><strong>saa-</strong></span> 
     </span>
    </p>
   </div>
   <div class='ocr_carea' id='block_1_102' title="bbox 174 5526 1752 5608">
    <p class='ocr_par' dir='ltr' id='par_1_102' title="bbox 174 5526 1752 5608">
     <span class='ocr_line' id='line_1_102' title="bbox 174 5526 1752 5608; baseline 0.009 -29"><span class='ocrx_word' id='word_1_750' title='bbox 174 5526 279 5580; x_wconf 85' lang='grc' dir='ltr'><strong>τῶν</strong></span> <span class='ocrx_word' id='word_1_751' title='bbox 344 5530 437 5581; x_wconf 70' lang='grc' dir='ltr'><strong>καὶ</strong></span> <span class='ocrx_word' id='word_1_752' title='bbox 488 5531 717 5602; x_wconf 50' lang='lat' dir='ltr'><strong>egoego</strong></span> <span class='ocrx_word' id='word_1_753' title='bbox 763 5534 895 5605; x_wconf 79' lang='grc' dir='ltr'><strong>ζωῇ.</strong></span> <span class='ocrx_word' id='word_1_754' title='bbox 928 5537 1099 5589; x_wconf 75' lang='grc' dir='ltr'><strong>Τοῦτο</strong></span> <span class='ocrx_word' id='word_1_755' title='bbox 1147 5538 1224 5599; x_wconf 83' lang='grc' dir='ltr'><strong>δὲ,</strong></span> <span class='ocrx_word' id='word_1_756' title='bbox 1270 5539 1369 5608; x_wconf 78' lang='grc' dir='ltr'><strong>ζῇν</strong></span> <span class='ocrx_word' id='word_1_757' title='bbox 1404 5540 1599 5603; x_wconf 72' lang='grc' dir='ltr'><strong>αὐτούς</strong></span> <span class='ocrx_word' id='word_1_758' title='bbox 1634 5542 1752 5593; x_wconf 86' lang='grc' dir='ltr'><strong>ἐστι</strong></span> 
     </span>
    </p>
   </div>
   <div class='ocr_carea' id='block_1_103' title="bbox 179 5619 1750 5699">
    <p class='ocr_par' dir='ltr' id='par_1_103' title="bbox 179 5619 1750 5699">
     <span class='ocr_line' id='line_1_103' title="bbox 179 5619 1750 5699; baseline 0.008 -31"><span class='ocrx_word' id='word_1_759' title='bbox 179 5619 476 5688; x_wconf 79' lang='grc' dir='ltr'><strong>πνεύματι,</strong></span> <span class='ocrx_word' id='word_1_760' title='bbox 516 5622 633 5691; x_wconf 69' lang='grc' dir='ltr'><strong>ἦτοι</strong></span> <span class='ocrx_word' id='word_1_761' title='bbox 657 5626 720 5693; x_wconf 76' lang='grc' dir='ltr'><strong>τῇ</strong></span> <span class='ocrx_word' id='word_1_762' title='bbox 755 5627 896 5679; x_wconf 83' lang='grc' dir='ltr'><strong>κατά</strong></span> <span class='ocrx_word' id='word_1_763' title='bbox 929 5629 1164 5697; x_wconf 61' lang='grc' dir='ltr'><strong>Χριστὸν</strong></span> <span class='ocrx_word' id='word_1_764' title='bbox 1192 5628 1325 5699; x_wconf 76' lang='grc' dir='ltr'><strong>ζωῇ.</strong></span> <span class='ocrx_word' id='word_1_765' title='bbox 1384 5630 1445 5680; x_wconf 89' lang='lat' dir='ltr'><strong>&#39;ll</strong></span> <span class='ocrx_word' id='word_1_766' title='bbox 1499 5630 1605 5699; x_wconf 72' lang='grc' dir='ltr'><strong>γὰρ</strong></span> <span class='ocrx_word' id='word_1_767' title='bbox 1644 5632 1750 5682; x_wconf 77' lang='grc' dir='ltr'><strong>τῶν</strong></span> 
     </span>
    </p>
   </div>
   <div class='ocr_carea' id='block_1_104' title="bbox 245 5797 1283 5865">
    <p class='ocr_par' dir='ltr' id='par_1_104' title="bbox 245 5797 1283 5865">
     <span class='ocr_line' id='line_1_104' title="bbox 245 5797 1283 5865; baseline 0.011 -19"><span class='ocrx_word' id='word_1_768' title='bbox 245 5798 290 5828; x_wconf 82' lang='grc'><strong>¹⁶</strong></span> <span class='ocrx_word' id='word_1_769' title='bbox 338 5797 479 5851; x_wconf 78' lang='lat' dir='ltr'><strong>l‘-:tl.</strong></span> <span class='ocrx_word' id='word_1_770' title='bbox 517 5814 660 5865; x_wconf 62' lang='grc' dir='ltr'><strong>(νιν,</strong></span> <span class='ocrx_word' id='word_1_771' title='bbox 688 5804 738 5855; x_wconf 78' lang='lat'><strong>7.</strong></span> <span class='ocrx_word' id='word_1_772' title='bbox 821 5806 858 5835; x_wconf 84' lang='grc'><strong>⁶¹</strong></span> <span class='ocrx_word' id='word_1_773' title='bbox 892 5803 1037 5857; x_wconf 55' lang='grc' dir='ltr'><strong>Ρωι.</strong></span> <span class='ocrx_word' id='word_1_774' title='bbox 1077 5823 1205 5861; x_wconf 75' lang='lat' dir='ltr'><strong>(.lll.</strong></span> <span class='ocrx_word' id='word_1_775' title='bbox 1250 5807 1283 5857; x_wconf 69' lang='grc' dir='ltr'>Ξ</span> 
     </span>
    </p>
   </div>
   <div class='ocr_carea' id='block_1_105' title="bbox 1854 4721 3435 4790">
    <p class='ocr_par' dir='ltr' id='par_1_105' title="bbox 1854 4721 3435 4790">
     <span class='ocr_line' id='line_1_105' title="bbox 1854 4721 3435 4790; baseline 0 -15"><span class='ocrx_word' id='word_1_776' title='bbox 1854 4736 2074 4775; x_wconf 89' lang='lat' dir='ltr'><strong>causam</strong></span> <span class='ocrx_word' id='word_1_777' title='bbox 2103 4722 2309 4776; x_wconf 91' lang='lat' dir='ltr'><strong>dictum</strong></span> <span class='ocrx_word' id='word_1_778' title='bbox 2342 4721 2542 4775; x_wconf 89' lang='lat' dir='ltr'><strong>habere</strong></span> <span class='ocrx_word' id='word_1_779' title='bbox 2572 4738 2586 4775; x_wconf 88' lang='lat'><strong>:</strong></span> <span class='ocrx_word' id='word_1_780' title='bbox 2616 4722 2711 4777; x_wconf 90' lang='lat' dir='ltr'><strong>sed</strong></span> <span class='ocrx_word' id='word_1_781' title='bbox 2742 4721 2885 4775; x_wconf 92' lang='lat' dir='ltr'><strong>sicut</strong></span> <span class='ocrx_word' id='word_1_782' title='bbox 2914 4721 3151 4778; x_wconf 76' lang='lat' dir='ltr'><strong>diximus</strong></span> <span class='ocrx_word' id='word_1_783' title='bbox 3180 4731 3435 4790; x_wconf 86' lang='lat' dir='ltr'><strong>tanquam</strong></span> 
     </span>
    </p>
   </div>
   <div class='ocr_carea' id='block_1_106' title="bbox 1859 4813 3435 4881">
    <p class='ocr_par' dir='ltr' id='par_1_106' title="bbox 1859 4813 3435 4881">
     <span class='ocr_line' id='line_1_106' title="bbox 1859 4813 3435 4881; baseline 0.001 -14"><span class='ocrx_word' id='word_1_784' title='bbox 1859 4813 2300 4867; x_wconf 76' lang='lat' dir='ltr'><strong>intersectionem</strong></span> <span class='ocrx_word' id='word_1_785' title='bbox 2330 4813 2671 4881; x_wconf 87' lang='lat' dir='ltr'><strong>interpretati</strong></span> <span class='ocrx_word' id='word_1_786' title='bbox 2695 4821 2824 4868; x_wconf 88' lang='lat' dir='ltr'><strong>sunt</strong></span> <span class='ocrx_word' id='word_1_787' title='bbox 2851 4814 2954 4868; x_wconf 89' lang='lat' dir='ltr'><strong>hoc</strong></span> <span class='ocrx_word' id='word_1_788' title='bbox 2985 4814 3165 4867; x_wconf 90' lang='lat' dir='ltr'><strong>modo.</strong></span> <span class='ocrx_word' id='word_1_789' title='bbox 3194 4814 3435 4869; x_wconf 80' lang='lat' dir='ltr'><strong>Mortuus</strong></span> 
     </span>
    </p>
   </div>
   <div class='ocr_carea' id='block_1_107' title="bbox 1857 4903 3437 4972">
    <p class='ocr_par' dir='ltr' id='par_1_107' title="bbox 1857 4903 3437 4972">
     <span class='ocr_line' id='line_1_107' title="bbox 1857 4903 3437 4972; baseline 0.001 -15"><span class='ocrx_word' id='word_1_790' title='bbox 1857 4903 2003 4957; x_wconf 89' lang='lat' dir='ltr'><strong>enim</strong></span> <span class='ocrx_word' id='word_1_791' title='bbox 2038 4903 2251 4957; x_wconf 89' lang='lat' dir='ltr'><strong>duobus</strong></span> <span class='ocrx_word' id='word_1_792' title='bbox 2285 4904 2458 4957; x_wconf 90' lang='lat' dir='ltr'><strong>modis</strong></span> <span class='ocrx_word' id='word_1_793' title='bbox 2488 4903 2760 4972; x_wconf 86' lang='lat' dir='ltr'><strong>appellare</strong></span> <span class='ocrx_word' id='word_1_794' title='bbox 2783 4905 3038 4958; x_wconf 81' lang='lat' dir='ltr'><strong>dixerunt</strong></span> <span class='ocrx_word' id='word_1_795' title='bbox 3060 4920 3265 4958; x_wconf 84' lang='lat' dir='ltr'><strong>sacram</strong></span> <span class='ocrx_word' id='word_1_796' title='bbox 3294 4904 3437 4959; x_wconf 67' lang='lat' dir='ltr'><strong>Suri-</strong></span> 
     </span>
    </p>
   </div>
   <div class='ocr_carea' id='block_1_108' title="bbox 1858 4994 3434 5065">
    <p class='ocr_par' dir='ltr' id='par_1_108' title="bbox 1858 4994 3434 5065">
     <span class='ocr_line' id='line_1_108' title="bbox 1858 4994 3434 5065; baseline 0.001 -18"><span class='ocrx_word' id='word_1_797' title='bbox 1858 5002 2071 5061; x_wconf 85' lang='lat' dir='ltr'><strong>pturam</strong></span> <span class='ocrx_word' id='word_1_798' title='bbox 2106 5014 2117 5045; x_wconf 90' lang='lat'>:</span> <span class='ocrx_word' id='word_1_799' title='bbox 2150 5003 2242 5048; x_wconf 89' lang='lat' dir='ltr'><strong>aut</strong></span> <span class='ocrx_word' id='word_1_800' title='bbox 2273 5010 2367 5047; x_wconf 87' lang='lat' dir='ltr'><strong>cos</strong></span> <span class='ocrx_word' id='word_1_801' title='bbox 2422 4994 2515 5062; x_wconf 90' lang='lat' dir='ltr'><strong>qui</strong></span> <span class='ocrx_word' id='word_1_802' title='bbox 2568 4996 2804 5063; x_wconf 86' lang='lat' dir='ltr'><strong>peccatis</strong></span> <span class='ocrx_word' id='word_1_803' title='bbox 2844 4997 3120 5050; x_wconf 89' lang='lat' dir='ltr'><strong>immortni</strong></span> <span class='ocrx_word' id='word_1_804' title='bbox 3160 5006 3307 5060; x_wconf 91' lang='lat' dir='ltr'><strong>sunt,</strong></span> <span class='ocrx_word' id='word_1_805' title='bbox 3342 4998 3434 5065; x_wconf 87' lang='lat' dir='ltr'><strong>qui</strong></span> 
     </span>
    </p>
   </div>
   <div class='ocr_carea' id='block_1_109' title="bbox 1858 5087 3434 5158">
    <p class='ocr_par' dir='ltr' id='par_1_109' title="bbox 1858 5087 3434 5158">
     <span class='ocr_line' id='line_1_109' title="bbox 1858 5087 3434 5158; baseline 0.003 -20"><span class='ocrx_word' id='word_1_806' title='bbox 1858 5102 2033 5154; x_wconf 75' lang='lat' dir='ltr'><strong>neque</strong></span> <span class='ocrx_word' id='word_1_807' title='bbox 2072 5088 2233 5141; x_wconf 62' lang='lat' dir='ltr'><strong>vitam</strong></span> <span class='ocrx_word' id='word_1_808' title='bbox 2269 5102 2508 5156; x_wconf 70' lang='lat' dir='ltr'><strong>unquam</strong></span> <span class='ocrx_word' id='word_1_809' title='bbox 2534 5087 2721 5141; x_wconf 88' lang='lat' dir='ltr'><strong>videre</strong></span> <span class='ocrx_word' id='word_1_810' title='bbox 2770 5101 2995 5156; x_wconf 84' lang='lat' dir='ltr'><strong>possunt</strong></span> <span class='ocrx_word' id='word_1_811' title='bbox 3029 5107 3039 5140; x_wconf 95' lang='lat'>:</span> <span class='ocrx_word' id='word_1_812' title='bbox 3067 5100 3162 5141; x_wconf 87' lang='lat' dir='ltr'><strong>aut</strong></span> <span class='ocrx_word' id='word_1_813' title='bbox 3196 5105 3291 5143; x_wconf 89' lang='lat' dir='ltr'><strong>eos</strong></span> <span class='ocrx_word' id='word_1_814' title='bbox 3343 5090 3434 5158; x_wconf 87' lang='lat' dir='ltr'><strong>qui</strong></span> 
     </span>
    </p>
   </div>
   <div class='ocr_carea' id='block_1_110' title="bbox 1857 5177 3437 5249">
    <p class='ocr_par' dir='ltr' id='par_1_110' title="bbox 1857 5177 3437 5249">
     <span class='ocr_line' id='line_1_110' title="bbox 1857 5177 3437 5249; baseline 0.001 -18"><span class='ocrx_word' id='word_1_815' title='bbox 1857 5178 2017 5231; x_wconf 82' lang='lat' dir='ltr'><strong>morti</strong></span> <span class='ocrx_word' id='word_1_816' title='bbox 2044 5178 2249 5231; x_wconf 82' lang='lat' dir='ltr'><strong>Christi</strong></span> <span class='ocrx_word' id='word_1_817' title='bbox 2277 5177 2584 5231; x_wconf 79' lang='lat' dir='ltr'><strong>conformcs</strong></span> <span class='ocrx_word' id='word_1_818' title='bbox 2612 5177 2790 5231; x_wconf 81' lang='lat' dir='ltr'><strong>ell‘ecti</strong></span> <span class='ocrx_word' id='word_1_819' title='bbox 2815 5186 2964 5242; x_wconf 91' lang='lat' dir='ltr'><strong>sunt,</strong></span> <span class='ocrx_word' id='word_1_820' title='bbox 2998 5188 3053 5233; x_wconf 89' lang='lat' dir='ltr'><strong>ct</strong></span> <span class='ocrx_word' id='word_1_821' title='bbox 3090 5182 3295 5234; x_wconf 87' lang='lat' dir='ltr'><strong>mundo</strong></span> <span class='ocrx_word' id='word_1_822' title='bbox 3325 5181 3437 5249; x_wconf 86' lang='lat' dir='ltr'><strong>qui-</strong></span> 
     </span>
    </p>
   </div>
   <div class='ocr_carea' id='block_1_111' title="bbox 1857 5266 3432 5338">
    <p class='ocr_par' dir='ltr' id='par_1_111' title="bbox 1857 5266 3432 5338">
     <span class='ocr_line' id='line_1_111' title="bbox 1857 5266 3432 5338; baseline 0.001 -18"><span class='ocrx_word' id='word_1_823' title='bbox 1857 5267 1979 5320; x_wconf 87' lang='lat' dir='ltr'><strong>dem</strong></span> <span class='ocrx_word' id='word_1_824' title='bbox 2019 5270 2215 5319; x_wconf 89' lang='lat' dir='ltr'><strong>mortui</strong></span> <span class='ocrx_word' id='word_1_825' title='bbox 2241 5279 2383 5320; x_wconf 84' lang='lat' dir='ltr'><strong>sunt.</strong></span> <span class='ocrx_word' id='word_1_826' title='bbox 2418 5268 2467 5319; x_wconf 88' lang='lat' dir='ltr'><strong>id</strong></span> <span class='ocrx_word' id='word_1_827' title='bbox 2504 5276 2608 5329; x_wconf 88' lang='lat' dir='ltr'><strong>est,</strong></span> <span class='ocrx_word' id='word_1_828' title='bbox 2633 5266 2923 5321; x_wconf 87' lang='lat' dir='ltr'><strong>mundanis</strong></span> <span class='ocrx_word' id='word_1_829' title='bbox 2957 5268 3432 5338; x_wconf 86' lang='lat' dir='ltr'><strong>concupiscentiis,</strong></span> 
     </span>
    </p>
   </div>
   <div class='ocr_carea' id='block_1_112' title="bbox 1858 5356 3429 5426">
    <p class='ocr_par' dir='ltr' id='par_1_112' title="bbox 1858 5356 3429 5426">
     <span class='ocr_line' id='line_1_112' title="bbox 1858 5356 3429 5426; baseline 0.001 -15"><span class='ocrx_word' id='word_1_830' title='bbox 1858 5358 2061 5426; x_wconf 50' lang='lat' dir='ltr'><strong>vivunt.</strong></span> <span class='ocrx_word' id='word_1_831' title='bbox 2089 5367 2268 5410; x_wconf 89' lang='lat' dir='ltr'><strong>autem</strong></span> <span class='ocrx_word' id='word_1_832' title='bbox 2315 5357 2413 5410; x_wconf 87' lang='lat' dir='ltr'><strong>soli</strong></span> <span class='ocrx_word' id='word_1_833' title='bbox 2468 5356 2707 5421; x_wconf 87' lang='lat' dir='ltr'><strong>Christo,</strong></span> <span class='ocrx_word' id='word_1_834' title='bbox 2763 5358 2979 5413; x_wconf 90' lang='lat' dir='ltr'><strong>sicutet</strong></span> <span class='ocrx_word' id='word_1_835' title='bbox 3008 5358 3207 5414; x_wconf 83' lang='lat' dir='ltr'><strong>Paulus</strong></span> <span class='ocrx_word' id='word_1_836' title='bbox 3258 5360 3429 5415; x_wconf 87' lang='lat' dir='ltr'><strong>dicit:</strong></span> 
     </span>
    </p>
   </div>
   <div class='ocr_carea' id='block_1_113' title="bbox 1867 5452 3433 5517">
    <p class='ocr_par' dir='ltr' id='par_1_113' title="bbox 1867 5452 3433 5517">
     <span class='ocr_line' id='line_1_113' title="bbox 1867 5452 3433 5517; baseline 0.005 -16"><span class='ocrx_word' id='word_1_837' title='bbox 1867 5469 1884 5501; x_wconf 78' lang='grc' dir='ltr'><strong>ι</strong></span> <span class='ocrx_word' id='word_1_838' title='bbox 1913 5452 2068 5515; x_wconf 83' lang='lat' dir='ltr'><strong>Quod</strong></span> <span class='ocrx_word' id='word_1_839' title='bbox 2098 5462 2276 5506; x_wconf 86' lang='lat' dir='ltr'><strong>autem</strong></span> <span class='ocrx_word' id='word_1_840' title='bbox 2308 5467 2455 5506; x_wconf 90' lang='lat' dir='ltr'><strong>nunc</strong></span> <span class='ocrx_word' id='word_1_841' title='bbox 2485 5454 2607 5507; x_wconf 83' lang='lat' dir='ltr'><strong>vivo</strong></span> <span class='ocrx_word' id='word_1_842' title='bbox 2636 5453 2691 5507; x_wconf 93' lang='lat' dir='ltr'><strong>in</strong></span> <span class='ocrx_word' id='word_1_843' title='bbox 2722 5468 2906 5517; x_wconf 87' lang='lat' dir='ltr'><strong>carne,</strong></span> <span class='ocrx_word' id='word_1_844' title='bbox 2935 5453 2988 5507; x_wconf 93' lang='lat' dir='ltr'><strong>in</strong></span> <span class='ocrx_word' id='word_1_845' title='bbox 3022 5454 3126 5509; x_wconf 78' lang='lat' dir='ltr'><strong>fide</strong></span> <span class='ocrx_word' id='word_1_846' title='bbox 3160 5455 3280 5510; x_wconf 88' lang='lat' dir='ltr'><strong>vivo</strong></span> <span class='ocrx_word' id='word_1_847' title='bbox 3310 5455 3433 5509; x_wconf 84' lang='lat' dir='ltr'><strong>Filii</strong></span> 
     </span>
    </p>
   </div>
   <div class='ocr_carea' id='block_1_114' title="bbox 1862 5543 3427 5615">
    <p class='ocr_par' dir='ltr' id='par_1_114' title="bbox 1862 5543 3427 5615">
     <span class='ocr_line' id='line_1_114' title="bbox 1862 5543 3427 5615; baseline 0.003 -19"><span class='ocrx_word' id='word_1_848' title='bbox 1862 5543 1954 5596; x_wconf 63' lang='lat' dir='ltr'><strong>Dei</strong></span> <span class='ocrx_word' id='word_1_849' title='bbox 1976 5544 2035 5595; x_wconf 78' lang='grc'><strong>⁶².</strong></span> <span class='ocrx_word' id='word_1_850' title='bbox 2065 5544 2259 5597; x_wconf 72' lang='lat' dir='ltr'><strong>Dicunt</strong></span> <span class='ocrx_word' id='word_1_851' title='bbox 2280 5560 2409 5615; x_wconf 71' lang='lat' dir='ltr'><strong>ergo</strong></span> <span class='ocrx_word' id='word_1_852' title='bbox 2449 5546 2591 5614; x_wconf 89' lang='lat' dir='ltr'><strong>quod</strong></span> <span class='ocrx_word' id='word_1_853' title='bbox 2609 5545 2700 5615; x_wconf 89' lang='lat' dir='ltr'><strong>qui</strong></span> <span class='ocrx_word' id='word_1_854' title='bbox 2726 5546 2798 5601; x_wconf 88' lang='lat' dir='ltr'><strong>ita</strong></span> <span class='ocrx_word' id='word_1_855' title='bbox 2822 5548 3021 5601; x_wconf 91' lang='lat' dir='ltr'><strong>mortui</strong></span> <span class='ocrx_word' id='word_1_856' title='bbox 3045 5546 3427 5607; x_wconf 74' lang='lat' dir='ltr'><strong>suntClnisto,</strong></span> 
     </span>
    </p>
   </div>
   <div class='ocr_carea' id='block_1_115' title="bbox 1857 5636 3427 5711">
    <p class='ocr_par' dir='ltr' id='par_1_115' title="bbox 1857 5636 3427 5711">
     <span class='ocr_line' id='line_1_115' title="bbox 1857 5636 3427 5711; baseline 0.006 -26"><span class='ocrx_word' id='word_1_857' title='bbox 1857 5636 2062 5705; x_wconf 74' lang='lat' dir='ltr'><strong>St&#39;ipsos</strong></span> <span class='ocrx_word' id='word_1_858' title='bbox 2094 5652 2251 5689; x_wconf 80' lang='lat' dir='ltr'><strong>carne</strong></span> <span class='ocrx_word' id='word_1_859' title='bbox 2273 5637 2637 5692; x_wconf 72' lang='lat' dir='ltr'><strong>condemnant</strong></span> <span class='ocrx_word' id='word_1_860' title='bbox 2657 5638 2726 5693; x_wconf 86' lang='lat' dir='ltr'><strong>ob</strong></span> <span class='ocrx_word' id='word_1_861' title='bbox 2749 5638 3110 5711; x_wconf 82' lang='lat' dir='ltr'><strong>negligentem</strong></span> <span class='ocrx_word' id='word_1_862' title='bbox 3131 5654 3192 5693; x_wconf 91' lang='lat' dir='ltr'><strong>ac</strong></span> <span class='ocrx_word' id='word_1_863' title='bbox 3209 5655 3427 5709; x_wconf 64' lang='grc' dir='ltr'><strong>δειειιθῐιι</strong></span> 
     </span>
    </p>
   </div>
   <div class='ocr_carea' id='block_1_116' title="bbox 1387 5808 1915 5873">
    <p class='ocr_par' dir='ltr' id='par_1_116' title="bbox 1387 5808 1915 5873">
     <span class='ocr_line' id='line_1_116' title="bbox 1387 5808 1915 5873; baseline 0.011 -15"><span class='ocrx_word' id='word_1_864' title='bbox 1387 5808 1431 5838; x_wconf 78' lang='grc'><strong>⁸⁸</strong></span> <span class='ocrx_word' id='word_1_865' title='bbox 1482 5808 1655 5860; x_wconf 73' lang='lat' dir='ltr'><strong>Colat.</strong></span> <span class='ocrx_word' id='word_1_866' title='bbox 1713 5827 1769 5873; x_wconf 83' lang='lat' dir='ltr'><strong>tt,</strong></span> <span class='ocrx_word' id='word_1_867' title='bbox 1829 5812 1915 5864; x_wconf 69' lang='grc' dir='ltr'><strong>ΞΟ.</strong></span> 
     </span>
    </p>
   </div>
  </div>
