4178 6454
191 390 295 453 565
1150 400 1458 461 COMMEN
1466 403 1511 461 Τ
1519 452 1529 461 .
1590 403 1669 463 1N

1735 403 1972 467 EPIST.
2006 406 2029 465 Ι
2068 408 2127 465 S.
2172 406 2421 468 PETRI.

3336 416 3437 476 56ἷί

191 516 496 562 tractantur
556 510 609 560 in
659 511 911 578 praesenti
978 511 1103 573 vita,
1171 513 1261 565 uhi
1323 523 1543 583 peracta
1602 524 1749 577 sunt,
1794 516 2077 570 liniuntur.
2137 515 2272 572 Nam
2309 519 2543 571 mortuis
2594 520 2775 572 omnia
2808 530 2935 574 sunt
2984 523 3154 576 nt'osa
3203 529 3443 577 :meritn

192 598 319 652 dum
358 601 544 655 nullus
568 602 863 670 quidquam
890 614 1147 673 operatur
1173 623 1267 672 pro
1297 609 1495 678 quibus
1515 609 1772 664 liberatus
1812 612 2013 680 gratias
2046 622 2265 668 acturus
2295 620 2460 679 esset,
2501 612 2705 668 dictum
2741 624 2857 669 cst:
2896 636 2913 667 ι
2955 616 3008 670 ln
3038 618 3251 672 inferno
3321 620 3441 687 quis

191 690 545 747 conﬁtebitur
574 695 708 749 tibi?
744 714 760 744 ι

258 786 513 838 Πάντων
539 786 607 840 δὲ
632 789 698 840 τὸ
729 788 902 854 τέλος
925 790 1153 858 ἤγγικε.
1190 796 1608 862 Eugepae-[cars
1628 791 1762 857 οὖν,
1797 799 1838 852 Α

189 876 285 930 καὶ
322 877 560 945 νήψατε
584 881 671 943 εἰς
712 882 817 945 τὰς
848 883 1214 951 προσευχάς.
1265 887 1383 952 Πρὸ
1415 888 1657 939 πάντων
1709 888 1776 939 δὲ

189 969 305 1035 τὴν
351 973 439 1034 εἷς
470 972 717 1035 ἑαυτοὺς
767 974 1010 1043 ἀγάπην·
1057 977 1271 1045 ἐκτενῆ
1330 980 1602 1047 ἔχοντες.
1646 982 1774 1032 Ὀτι

188 1059 395 1128 ἀγάπη
467 1065 729 1131 καλύψει
788 1064 1021 1132 πλῆθος
1081 1069 1396 1137 ἁμαρτιῶν.
1462 1073 1772 1135 Φιλόξενοι

188 1153 278 1215 εὶς
311 1151 631 1218 ἀλλήλους
661 1154 808 1208 ἄνευ
849 1158 1224 1227 γογγυσμῶν.
1257 1160 1549 1226 Ἕκαστος
1580 1162 1771 1229 καθὼς

190 1241 371 1295 ἔλαϐε
402 1242 688 1310 χάρισμα,
721 1248 808 1311 εἰς
848 1247 1103 1315 ἑαυτοὺς
1147 1252 1293 1304 αὐτὸ
1326 1251 1770 1318 διακονοῦντες,

189 1330 268 1396 ὡς
285 1332 463 1383 καλοὶ
488 1334 791 1403 οἰκονόμοι
822 1339 1099 1403 ποικίλης
1120 1339 1355 1406 χάριτος
1386 1341 1558 1394 Θεοῦ.
1585 1343 1657 1395 ΕΖ
1686 1357 1773 1407 τις

187 1417 387 1483 ⁸ἒιιλιςῖ,
428 1420 508 1485 ὡς
543 1424 720 1489 ,λόγια
771 1425 938 1478 Θεοῦ.
993 1426 1066 1478 Εἴ
1135 1444 1223 1493 τις
1256 1429 1538 1495 διακονεῖ,
1580 1432 1659 1497 ὡς
1703 1432 1772 1496 ἐξ

192 1508 427 1573 ισχύος,
469 1505 543 1577 ἧς
576 1513 824 1580 χορηγεῖ
860 1517 893 1568 ό
934 1518 1097 1580 Θεός,
1157 1520 1255 1571 ἵνα
1316 1521 1386 1572 ἐν
1414 1520 1563 1576 πᾶσι
1591 1523 1772 1586 δοξά-

190 1594 352 1663 ζηται
393 1602 427 1653 ό
486 1603 631 1668 Θεὸς
688 1602 1023 1671 ὃιὰἾιισοῦ
1080 1610 1362 1675 Χριστοῦ.
1415 1607 1490 1682 ⁷ῼ
1516 1614 1689 1667 ἐστὶν
1735 1616 1769 1681 ἡ

188 1687 360 1752 δί’ξα,
391 1690 587 1745 καὶτὸ
626 1694 844 1761 κράτος
883 1698 969 1762 εἰς
1022 1698 1162 1764 τοὺς
1211 1699 1433 1768 αἰῶνας
1470 1704 1586 1758 τῶν
1637 1708 1744 1759 alti)

189 1795 328 1831 νων.
380 1780 586 1846 Ἀμήν.

259 1872 332 1924 Τὸ
360 1873 538 1938 τέλος,
562 1877 680 1929 ἀντὶ
708 1877 825 1941 τοῦ,
850 1879 883 1948 ὴ
912 1882 1323 1953 συμπλήρωσις,
1356 1890 1387 1957 ἠ
1417 1890 1712 1954 συντέλεια,
1737 1893 1768 1961 ἢ

189 1964 340 2027 τέλος
370 1967 660 2034 ὴγγικέναι
694 1970 803 2022 τῶν
838 1973 1055 2025 πάντων
1078 1975 1213 2045 φησὶ
1264 1982 1581 2049 προφητῶν.
1602 1982 1771 2036 Τοῦτο

186 2054 243 2107 δὲ
278 2056 472 2125 ἀληθεῖ
504 2058 667 2128 λόγῳ,
703 2063 731 2113 ὀ
765 2062 1019 2130 Χριστός.
1072 2065 1135 2118 Ἦ
1184 2068 1402 2123 πάντων
1432 2073 1540 2142 γὰρ
1565 2074 1766 2128 τελειό-

1940 792 2027 855 ιν,
2060 794 2143 845 7-l
2164 794 2205 846 Ι.
2237 794 2403 849 Porro
2428 812 2600 849 rerum
2634 797 2863 848 omnium
2897 797 3266 863 ﬁuisimminet
3308 798 3386 852 Sit
3403 803 3436 853 ’.ς

1873 887 2036 954 igitur
2062 887 2223 939 sobrii
2259 902 2306 938 et
2324 888 2600 955 vigilantes
2656 889 2726 941 ad
2762 891 3041 941 orandum.
3102 890 3234 942 Ante
3263 893 3437 943 omnia

1873 988 2048 1030 autem
2082 977 2394 1030 rltaritatem
2423 979 2556 1029 inter
2577 996 2663 1032 vos
2695 988 2964 1033 extensum
2982 978 3226 1031 habentes
3300 979 3439 1031 Nam

1872 1070 2101 1121 cltaritas
2119 1068 2313 1135 aperiet
2348 1067 2730 1121 multitudinem
2764 1081 3115 1139 peccatorum.
3145 1051 3441 1135 Hospitalcs

1872 1171 2031 1213 estote
2053 1176 2175 1230 erga
2200 1176 2288 1213 vos
2336 1161 2556 1213 invicem
2579 1160 2691 1212 sine
2715 1162 3152 1214 murmuratione.
3205 1161 3264 1216 Ut
3293 1162 3441 1230 quis-

1871 1266 1971 1318 que
2004 1256 2200 1318 accepit
2234 1251 2449 1312 (tonum,
2479 1251 2555 1302 ita
2584 1250 2725 1302 alius
2750 1251 2804 1302 in
2853 1252 3017 1303 alium
3041 1252 3174 1304 illud
3207 1252 3441 1304 admini-

1871 1350 2124 1402 strantes,
2161 1354 2215 1395 ut
2273 1342 2392 1394 boni
2430 1344 2818 1409 dispensatores
2884 1344 3046 1395 varice
3088 1345 3276 1411 gratim
3322 1342 3438 1395 Dei.

1870 1430 1928 1487 Si
1957 1434 2073 1500 quis
2129 1433 2379 1497 loquitur,
2405 1433 2654 1502 loquatur
2683 1444 2937 1501 tanquam
2970 1432 3179 1502 eloquia
3226 1433 3352 1486 Dei:
3386 1435 3431 1485 si

1870 1524 1988 1591 quis
2040 1523 2326 1582 ministrat.
2360 1524 2619 1575 ministret
2647 1535 2897 1591 tanquam
2926 1539 2989 1576 er
3017 1524 3249 1591 potentia
3279 1540 3439 1593 quam

1872 1613 2177 1682 suppeditat
2241 1614 2397 1676 Deus,
2426 1623 2481 1666 ut
2522 1615 2577 1667 in
2644 1615 2886 1667 omnibus
2923 1614 3249 1684 gloriﬁceiur
3302 1615 3441 1667 Deus

1864 1722 1965 1773 ’ρετ
1991 1704 2170 1759 Jesum
2206 1704 2493 1767 Christum,
2543 1707 2628 1758 cui
2651 1716 2724 1759 est
2754 1706 2927 1775 gloria
2973 1716 3020 1758 rt
3052 1708 3325 1774 imperium
3390 1711 3439 1758 in

1871 1799 2065 1851 sa’rula
2096 1799 2426 1852 surculorum.
2448 1800 2635 1852 Amen.

1943 1887 2112 1951 Finis,
2140 1889 2190 1941 id
2210 1897 2315 1949 est,
2344 1888 2656 1957 completio,
2687 1888 3089 1943 consummatio
3116 1903 3129 1939 :
3163 1896 3256 1941 aut
3275 1889 3436 1940 tinctu

1869 1980 2111 2035 omnium
2138 1982 2526 2049 prOphetarum
2577 1981 2866 2034 imminere
2914 1981 3045 2034 dicit
3088 1999 3098 2034 :
3132 1981 3219 2034 ille
3260 1990 3439 2032 autem

1874 2086 2004 2127 vero
2035 2086 2290 2125 sermone
2319 2071 2572 2125 Christus
2596 2080 2696 2131 est,
2727 2071 2842 2141 ipse
2865 2074 3010 2125 enim
3048 2072 3290 2125 omnium
3317 2088 3443 2140 per-

188 2163 307 2216 της,
342 2149 505 2209 αὑτός
527 2152 692 2213 ἐστιν,
724 2153 838 2205 ἀλλ’
873 2156 968 2224 οὐχ
1000 2156 1073 2218 ὡς
1109 2156 1367 2230 Ἕλληνες
1407 2162 1689 2232 ληροῦσιν,
1717 2170 1764 2219 οἱ

1874 2162 2035 2219 lectio
2064 2172 2169 2219 est.
2224 2162 2293 2217 Et
2327 2178 2437 2216 non
2477 2137 2932 2233 quemadmodum
2971 2162 3141 2216 Graeci
3186 2137 3441 2225 delirant,

194 2238 293 2306 μὲν
324 2238 421 2308 τὴν
452 2241 645 2311 ἡδονὴν
684 2244 983 2313 φάσκοντες
1005 2248 1176 2311 τέλος,
1209 2249 1285 2314 ὡς
1333 2252 1677 2325 Ἐπίκουρος.
1702 2262 1764 2311 Ui

187 2328 242 2381 δὲ
263 2329 360 2399 τὴν
385 2333 723 2404 ἐπιστήμην,
751 2336 868 2406 ἦτοι
904 2338 1185 2411 θεωρίανῆ
1222 2343 1443 2414 ἀρετήν.
1480 2348 1634 2400 Ἐπεὶ
1655 2352 1764 2402 τοί-

190 2438 282 2469 νυν
316 2423 347 2487 ἡ
386 2426 604 2475 πάντων
649 2426 922 2496 τελειότης
966 2432 1198 2501 Χριστὸς
1249 2439 1610 2504 παραγέγονε,
1674 2444 1767 2494 κτὶ

189 2512 344 2563 αὐτοὶ
374 2514 549 2584 ταύτῃ
592 2518 660 2585 τῇ
714 2517 1036 2591 τελειότητι,
1070 2527 1225 2595 φησὶ,
1260 2531 1765 2601 σομμορφούμενοι,

189 2602 495 2667 avelli-nsi;
528 2607 755 2672 ἑαυτοὺς
786 2611 845 2663 ἐν
874 2614 1035 2666 παντὶ
1065 2615 1299 2683 δείξατε,
1325 2620 1382 2671 ὲν
1419 2623 1765 2695 σωφροσύνῃ,

189 2694 248 2745 ἐν
310 2697 471 2764 νήνᾲει
522 2702 840 2771 προσευχῶν
887 2705 1187 2776 (νηφόντων
1237 2711 1406 2783 γὰρὴ
1442 2694 1766 2786 ,προσευχῇ

190 2789 461 2878 τουτέστι,
493 2796 935 2864 γρηγορούντων,
976 2800 1090 2853 ἀλλ’
1111 2804 1171 2855 οὐ
1204 2805 1359 2874 κάρῳ
1387 2808 1770 2878 κατεχομένων

187 2877 294 2967 τῶν
316 2880 427 2931 ἀπὸ
455 2880 555 2948 τῆς
583 2882 691 2937 τῶν
724 2887 1005 2953 κοσμικῶν
1053 2890 1247 2962 μέθης)
1278 2910 1293 2927 ο
1319 2895 1378 2948 ὲν
1404 2898 1468 2967 τῇ
1500 2877 1636 2967 προς
1670 2898 1768 2950 ἀλ-

188 2966 382 3059 λήλονς
414 2972 624 3042 ἀγάπῃ.
656 2974 873 3047 Ταύτην
908 2979 963 3032 δὲ
991 2980 1198 3046 Παῦλος
1246 2985 1348 3054 μὲν
1371 2966 1645 3058 πλήρωμά
1666 3006 1771 3059 φη-

188 3076 274 3111 σιν
298 3057 439 3115 εἶναι
468 3064 656 3133 νόμον.
695 3062 864 3131 Οὗτος
910 3070 967 3123 δὲ
1004 3072 1277 3144 ἁμαρτίας
1304 3057 1618 3150 δυναμένην
1665 3057 1768 3133 κα-

186 3151 432 3207 λύπτειν.
478 3155 541 3212 Ὀ
600 3159 709 3230 γάρ
768 3163 851 3225 είς
898 3164 991 3218 τὸν
1051 3166 1276 3238 πλησίον
1318 3170 1487 3235 ἔλεος,
1516 3172 1606 3225 τὸν
1637 3173 1770 3228 Θεὸν

184 3243 321 3313 ἡμῖν
355 3246 515 3300 ἵλεων
536 3253 700 3306 ποιεῖ.
731 3254 825 3317 Ὃς
844 3253 994 3319 ἔλεος
1024 3258 1123 3311 οὐκ
1155 3258 1222 3312 ἂν
1249 3263 1329 3324 είς
1357 3262 1483 3317 δέον
1506 3264 1767 3335 προϐαίη,

186 3336 237 3385 εἰ
265 3335 343 3406 μὴ
370 3339 435 3390 ἐκ
470 3340 672 3410 πολλῆς
695 3343 938 3414 ἀγάπης.
966 3346 1152 3400 Εἰπὼν
1183 3348 1241 3402 δὲ
1270 3351 1517 3421 ἀγάπην,
1573 3355 1769 3421 ἐπάγει

1869 2271 2104 2325 quorum
2136 2256 2192 2308 hi
2229 2255 2450 2324 quidem
2477 2256 2810 2324 voluptatem
2869 2256 3060 2309 dicunt
3098 2270 3218 2308 esse
3254 2254 3441 2320 linem,

1872 2347 2037 2401 veluti
2094 2346 2379 2414 Epicurus,
2435 2344 2678 2399 aliivero
2709 2344 3033 2413 sapientiam
3061 2345 3442 2399 siveconteue-

1872 2438 2169 2507 plationcm
2197 2446 2291 2489 aut
2311 2437 2593 2489 virtutem.
2622 2434 3074 2504 Quandoquidem
3105 2435 3266 2505 igitur
3320 2451 3445 2503 per—

1876 2528 2035 2581 lectio
2062 2526 2301 2580 omnium
2330 2524 2583 2581 Christus
2613 2527 2855 2590 advenit,
2913 2526 3012 2595 ipsi
3058 2541 3298 2595 quoque,
3362 2526 3442 2579 in-

1871 2618 2009 2687 quit,
2047 2617 2175 2670 huic
2205 2616 2530 2683 perfectioni
2557 2616 2870 2670 conlormes
2900 2613 3098 2677 t-ﬂ‘ecti,
3156 2632 3252 2670 vos
3300 2616 3445 2684 ipsis.»

1874 2708 1928 2760 in
1952 2706 2208 2760 omnibus
2230 2705 2433 2773 absque
2472 2704 2686 2759 defectu
2706 2706 2961 2759 exhibete
3027 2710 3078 2758 in
3134 2706 3445 2768 s:.brietate,

1874 2800 1926 2851 in
1964 2798 2141 2867 vigilia
2168 2797 2232 2851 ad
2260 2796 2605 2866 precationes
2642 2797 2972 2865 (sobriorum
3017 2797 3162 2850 enim
3199 2806 3283 2851 est
3322 2814 3442 2867 pie-

1872 2892 2016 2946 catio
2046 2891 2161 2945 sive
2192 2889 2552 2960 vigilantium,
2592 2898 2646 2942 ct
2676 2904 2785 2942 non
2836 2904 3026 2943 eorum
3070 2890 3165 2957 qui
3225 2888 3446 2958 crapula

1871 2981 2264 3037 detinenturex
2293 2980 2558 3034 ebrietate
2587 2993 2768 3033 rerum
2793 2980 3294 3048 mundanaram),in
3317 2980 3444 3034 cha-

1872 3072 2036 3126 ritate
2075 3085 2203 3140 erga
2230 3084 2328 3125 vos
2360 3068 2619 3123 invicem.
2657 3068 2809 3122 Hanc
2857 3078 3039 3122 autem
3072 3067 3272 3123 Paulus
3318 3068 3450 3122 dicit

1872 3178 1995 3218 esse
2048 3163 2184 3231 legis
2237 3162 2763 3217 consummationem
2798 3161 2865 3191 ’τ’
2913 3161 3055 3214 :hic
3117 3174 3248 3214 vero
3303 3162 3445 3228 quod

1874 3264 2093 3329 peccata
2130 3255 2303 3325 possit
2333 3255 2566 3323 operire.
2604 3252 2743 3307 Nam
2765 3252 3139 3307 misericordia
3163 3268 3288 3323 erga
3317 3268 3446 3322 pro-

1875 3351 2101 3411 ximum,
2138 3346 2311 3401 Deum
2345 3344 2525 3400 reddit
2547 3344 2707 3398 nobis
2732 3343 3158 3397 misericordem.
3185 3342 3314 3412 Quae
3345 3342 3449 3396 mi-

188 3433 283 3523 διαὶ
315 3433 382 3485 τά
419 3436 485 3504 τῇ
524 3436 716 3508 ἀγάπῃ
750 3439 1240 3503 ἐπακολουθοῦντα.
1291 3445 1391 3513 τὴν
1439 3445 1765 3513 φιλοξενίαν,

1874 3442 2173 3498 sericordia
2207 3455 2485 3508 nunquam
2518 3438 2584 3493 ad
2622 3438 2673 3492 id
2713 3439 2861 3505 quod
2903 3453 3117 3507 aequum
3142 3447 3225 3491 est
3252 3451 3445 3506 proce-

185 3521 252 3589 ἦν
276 3525 404 3577 ἄνευ
430 3530 765 3597 γογγυσμῶν
793 3532 1037 3585 ἐκτελεῖν
1070 3535 1304 3589 κελεύει.

1876 3538 2049 3596 deret.
2082 3535 2189 3589 nisi
2213 3550 2280 3588 ex
2306 3533 2473 3587 multa
2504 3531 2799 3585 dilectione
2846 3530 2965 3584 sine
3014 3529 3297 3584 charitate.
3348 3527 3448 3582 Ubi

186 3624 368 3668 autem
391 3616 709 3673 charitatem
733 3620 886 3687 dixit,
916 3622 1079 3693 519
1109 3626 1390 3695 subjungit
1420 3636 1475 3681 et
1500 3642 1565 3683 ea
1588 3644 1706 3699 qua:
1738 3630 2054 3685 charitatem
2072 3625 2421 3690 comitantur,
2447 3638 2639 3693 nempe
2672 3621 3113 3691 hospitalitatem,
3150 3636 3310 3689 quam
3332 3621 3449 3674 sine

186 3708 721 3764 murmurationibus
748 3711 991 3766 exhiberi
1047 3713 1232 3781 jubet;
1286 3731 1415 3771 nam
1458 3717 1565 3773 hoc
1631 3734 1770 3776 verae
1810 3717 2094 3777 charitatis
2116 3724 2221 3770 est.

254 3798 429 3852 Τοῦτο
454 3799 564 3869 γάρ
599 3803 697 3870 τῆς
734 3802 965 3873 ἀληθοῦς
1013 3805 1253 3877 ἀγάπης.
1296 3807 1465 3862 Ἀλλὰ
1504 3810 1600 3864 καὶ
1651 3811 1763 3864 τῶν

190 3892 617 3963 εὐπορουμένων
662 3895 879 3964 ἑκάστῳ
926 3900 1286 3967 χαρισμάτων
1333 3900 1410 3969 τῷ
1467 3901 1542 3970 μὴ
1591 3900 1764 3971 ἔχοντι

188 3983 404 4053 ἀδελ.φῷ
450 3989 747 4040 κοινωνεῖν.
777 3982 925 4054 Οἷον,
957 3992 986 4042 ό
1016 3989 1170 4056 λόγον
1199 3990 1338 4060 ἔχων
1388 3992 1765 4047 διδασκαλικόν

191 4073 371 4140 (τοῦτο
397 4074 623 4143 γὰρ,τὸ,
665 4075 752 4138 Ὠς
778 4076 934 4145 λόγια
963 4077 1096 4132 Θεοῦ
1136 4078 1384 4148 βούλεται
1418 4081 1654 4153 δηλοῦν,)
1688 4084 1763 4152 τῷ

190 4167 449 4237 χρῄζοντι
481 4167 693 4222 τούτου.
740 4167 798 4222 '0
825 4171 1088 4241 χορηγίαν
1137 4173 1353 4242 τροφῶν
1403 4173 1762 4242 κεκτημένοέ,

193 4259 271 4329 τῷ
308 4260 386 4329 μὴ
418 4259 599 4329 ἔχοντι
646 4260 962 4328 ἐπιδιδόναι,
1010 4262 1087 4335 μὴ
1132 4264 1507 4337 μικροψύχως,
1559 4265 1672 4317 ἀλλ’
1699 4265 1772 4329 ὡς

191 4352 489 4421 ἠδύναμις
550 4353 779 4424 παρέχει
827 4355 927 4425 τῆς
972 4356 1082 4409 ἀπὸ
1138 4355 1234 4408 τοῦ
1294 4356 1432 4410 Θεοῦ
1486 4358 1772 4428 χορηγίας.

191 4443 380 4497 Ταῦτα
410 4445 491 4508 δὲ,
514 4452 671 4515 φησὶ,
701 4448 977 4517 παραινῶ,
1005 4449 1091 4501 ἵνα
1128 4450 1185 4503 ὲν
1221 4451 1407 4515 πᾶσιν,
1444 4452 1563 4520 ἦτοι
1597 4450 1774 4502 ἔθεσιν

190 4537 225 4605 ἢ
253 4540 349 4591 καὶ
374 4540 491 4600 τοῖς
519 4540 703 4608 ἔργοις
733 4539 887 4609 ὑμῶν
934 4540 1227 4611 δοξάζηται
1274 4544 1301 4595 ὁ
1327 4542 1481 4605 Θεὸς.
1525 4544 1682 4595 Οὕτω
1715 4542 1769 4595 δὲ

195 4629 326 4698 περὶ
362 4628 570 4682 τούτων
597 4630 1013 4701 διαταξάμενος,
1046 4634 1169 4687 ὲπεί
1192 4651 1343 4696 τινας
1373 4633 1520 4706 ἐώρα
1556 4635 1644 4688 διὰ
1673 4637 1771 4698 τὰς

196 4721 546 4789 ἐπαγομένας
579 4722 761 4786 αὐτοῖς
813 4723 1022 4793 θλίψεις
1081 4725 1626 4796 σκανδαλιζομένους,
1670 4727 1766 4779 ἆτε

197 4814 253 4864 ἰν
284 4812 366 4882 τῷ
410 4812 561 4882 νόμῳ
605 4814 717 4879 τοῖς
746 4814 1059 4869 δουλεύουσι
1093 4817 1171 4887 τῷ
1214 4819 1405 4888 Κυρίῳ
1438 4818 1770 4886 ἐπαγγελίας

197 4904 554 4975 ἁνενοχλήτου
589 4905 704 4974 βίον
754 4908 1035 4978 κειμένης,
1080 4910 1174 4962 καὶ
1230 4910 1343 4964 ἄνω
1375 4910 1474 4979 μὲν
1511 4911 1601 4964 διὰ
1634 4910 1769 4980 βρα-

1949 3809 2053 3864 Sed
2098 3815 2154 3862 et
2184 3806 2252 3861 de
2290 3804 2377 3860 his
2411 3818 2531 3874 quae
2568 3803 2765 3871 cuique
2808 3809 3106 3871 suppetunt
3161 3801 3345 3867 donis,
3390 3814 3448 3857 ut

1874 3900 2026 3954 lmtri
2057 3914 2165 3953 non
2211 3895 2431 3951 habenti
2461 3894 2939 3949 communicentur
2973 3911 2985 3945 :
3024 3902 3151 3962 puta
3185 3902 3244 3946 ut
3284 3894 3328 3948 is
3356 3894 3446 3963 qui

1873 4003 2181 4045 sermonem
2230 3987 2392 4040 habet
2436 3983 2698 4037 doctrina:
2727 3984 2889 4049 (nam
2916 3981 2968 4036 id
2998 3982 3302 4052 significare
3336 3984 3451 4038 vult

1879 4083 1984 4133 Per
2019 4078 2230 4147 eloquia
2263 4076 2404 4143 Dei),
2449 4073 2706 4143 largiatur
2732 4073 2781 4126 ei
2823 4074 2914 4141 qui
2956 4071 3059 4126 hoc
3102 4081 3240 4142 eget.
3283 4072 3330 4125 Is
3360 4075 3449 4142 qui

1873 4182 2062 4226 nactus
2078 4179 2161 4225 est
2176 4167 2667 4238 suppeditationem
2681 4166 3083 4226 alimentorum,
3102 4181 3209 4219 non
3230 4165 3449 4219 habenti

1876 4265 2073 4318 tribuat
2108 4280 2119 4315 :
2152 4278 2260 4317 non
2295 4261 2492 4331 pusillo
2516 4262 2720 4321 animo,
2755 4258 2851 4313 sed
2873 4258 3013 4312 sicut
3034 4266 3273 4326 potestas
3299 4273 3452 4311 sum-

1877 4367 2002 4426 ptus
2033 4355 2141 4411 dati
2167 4370 2196 4409 a
2222 4353 2332 4408 Deo
2355 4352 2641 4422 permittit.
2670 4350 2839 4405 Porro
2860 4351 2994 4408 hatc.
3029 4350 3223 4418 inquit,
3254 4349 3453 4405 exhor-

1878 4458 1961 4503 tor
1996 4458 2050 4503 ut
2092 4447 2146 4501 in
2177 4445 2450 4509 omnibus,
2488 4445 2601 4499 sive
2630 4442 2902 4513 gentibus,
2937 4442 3051 4495 sive
3079 4442 3239 4494 etiam
3271 4442 3454 4511 operi-

1877 4543 1978 4596 bus
2002 4540 2225 4603 vestris,
2262 4536 2594 4607 glorilicetur
2616 4533 2777 4588 Deus.
2810 4533 2945 4588 Cum
2978 4541 3158 4587 autem
3179 4532 3245 4586 de
3269 4534 3354 4587 his
3378 4533 3452 4587 ita

1873 4632 2259 4693 disseruisset,
2314 4628 2570 4698 quoniam
2618 4624 2838 4680 videbat
2887 4623 3180 4677 nonnullos
3231 4634 3455 4693 prepter

1879 4725 2126 4779 inductas
2166 4722 2221 4774 in
2255 4735 2313 4775 se
2347 4718 2688 4781 alﬂictiones,
2722 4715 2949 4779 offendi,
2986 4725 3239 4784 tanquam
3277 4717 3453 4786 posita

1878 4817 2041 4871 fuerit
2095 4815 2148 4868 in
2197 4813 2309 4881 lege
2372 4809 2664 4881 promissio
2705 4810 2830 4863 vita:
2879 4808 2946 4861 ab
3007 4809 3158 4862 omni
3208 4809 3453 4866 molestia

1879 4910 2068 4962 alienae
2107 4906 2192 4960 his
2231 4904 2321 4974 qui
2357 4903 2587 4957 Domino
2635 4901 2949 4956 servirent:
2994 4902 3156 4955 etiam
3207 4901 3457 4970 superius

199 4996 336 5065 χέων
367 4997 531 5065 ἡνίκα
559 5002 670 5060 τοῖς
697 4998 905 5062 δούλοις
930 5000 1264 5069 ἐνομοθέτει,
1297 5002 1395 5072 τὴν
1422 5002 1550 5071 περὶ
1578 5003 1770 5055 τούτου

1878 4998 2117 5068 quidem,
2142 5010 2265 5050 cum
2288 4995 2355 5047 de
2385 4990 2556 5046 servis
2585 4998 2869 5056 statueret,
2896 4991 3150 5044 brevibus
3179 4990 3359 5044 verbis
3390 4990 3455 5043 de

198 5089 544 5158 παράκλησιν
582 5090 893 5160 ἐποιήσατο,
944 5093 1038 5144 νῦν
1093 5092 1151 5146 δὲ
1213 5094 1649 5164 διεξοίικώτερον
1694 5094 1772 5164 τῷ

200 5178 340 5248 λόγῳ
379 5180 669 5249 κέχρηται,
705 5182 797 5235 καί
866 5201 1049 5254 φησιν,
1084 5183 1099 5203 ’
1128 5184 1437 5253 Αγαπητοὶ,
1475 5186 1637 5248 εὐθὺς
1686 5186 1773 5238 διὰ

200 5268 292 5321 τοῦ
341 5272 609 5339 ὀνόματος
670 5273 954 5341 σημαίνων
1002 5273 1077 5335 ὡς
1123 5274 1184 5327 οὐ
1239 5275 1620 5344 μισουμένοις,
1658 5275 1770 5327 ἀλλ’

200 5360 272 5423 ὡς
298 5362 440 5429 άγαν
474 5365 879 5433 ἁγαπωμένοις,
928 5365 1102 5420 ταῦτα
1132 5366 1439 5436 συμϐαίνει.
1477 5367 1577 5434 Μὴ
1616 5366 1774 5429 ξενί-

201 5451 368 5512 ζεσθε
405 5455 484 5517 δὲ,
518 5458 638 5509 ἀντὶ
685 5457 801 5517 τοῦ,
842 5459 935 5527 Μὴ
970 5458 1304 5527 θαυμάζετε,
1341 5460 1416 5529 μὴ
1466 5458 1616 5523 ξένον
1641 5458 1775 5511 Θεοῦ

204 5544 374 5610 φίλων
404 5547 647 5613 ἡγεῖσθε,
673 5543 792 5602 εἶτα
817 5554 909 5601 καὶ
943 5552 1193 5619 πύρωσιν
1216 5551 1312 5611 τὰς
1341 5550 1553 5619 θλίψεις
1583 5549 1772 5613 εἰπὼν,

206 5637 465 5705 ἐνέφηνεν
487 5640 561 5699 ὡς
588 5640 674 5691 διὰ
702 5641 1025 5710 δοκιμασίαν
1051 5644 1347 5710 ἐπάγονται
1378 5644 1560 5705 αὐτοῖς
1593 5636 1751 5695 αὗται

279 5820 344 5849 ⁸⁷⁸
382 5819 536 5872 ilntn.
575 5836 695 5883 stu,
752 5823 827 5876 το.

1879 5090 1963 5143 his
1986 5088 2113 5143 fecit
2147 5084 2577 5140 exhortationem
2604 5098 2618 5136 :
2644 5096 2795 5135 nunc
2830 5096 2957 5135 vero
2988 5081 3174 5135 fusiori
3205 5096 3458 5136 sermone

1881 5195 2011 5233 usus
2044 5187 2148 5239 est,
2181 5185 2237 5229 et
2264 5176 2339 5228 ait
2372 5190 2385 5225 :
2424 5171 2765 5234 Charissimi,
2806 5172 3057 5241 protinus
3096 5186 3212 5240 ipso
3239 5172 3446 5225 nomint

1882 5269 2190 5341 signiﬁcans
2224 5269 2337 5319 hth
2369 5279 2479 5318 non
2525 5263 2590 5318 iis
2630 5262 2723 5331 qui
2764 5263 2891 5317 odio
2928 5262 3213 5319 habentur.
3246 5263 3338 5315 sed
3365 5262 3456 5329 qui

1884 5364 2236 5416 vehementer
2252 5364 2506 5410 amantur
2520 5355 2851 5425 contingere.
2868 5355 2959 5422 Μὴ
2987 5352 3255 5416 ξενίζεσθε
3278 5362 3458 5406 autem

1888 5456 1990 5508 hoc
2023 5461 2125 5515 est,
2161 5467 2227 5504 ne
2269 5447 2630 5509 admiremini,
2670 5461 2739 5499 ne
2786 5458 3105 5499 extraneum
3150 5446 3218 5499 ab
3272 5445 3461 5498 amicis

1887 5546 1981 5599 Dei
2010 5542 2212 5598 ducite.
2253 5540 2457 5595 Deinde
2493 5538 2583 5591 ubi
2614 5537 2774 5590 etiam
2813 5536 3133 5589 aﬂlictiones
3163 5536 3299 5590 dixit
3340 5551 3460 5590 esse

1884 5635 2308 5705 explorationem
2335 5646 2429 5699 per
2448 5630 2647 5695 ignem,
2672 5624 2909 5680 ostendit
2927 5627 3071 5695 quod
3096 5627 3177 5681 lue
3205 5636 3459 5695 tanquam
