4166 6448
742 436 850 500 ιιι

1829 421 2225 489 (ECUMENII
2250 419 2542 481 TRICCE
2581 421 2919 483 EPISCOPI
3869 420 3987 484 πθ

737 545 832 597 des
860 561 873 599 :
908 542 995 596 hic
1021 549 1200 596 autem
1224 557 1320 613 per
1342 543 1446 598 hoc
1464 540 1605 612 quod
1636 555 1742 595 non
1776 540 1874 594 soli
1898 538 2197 609 patiantur,
2221 532 2308 595 sed

2418 548 2518 596 τας
2567 534 2928 603 παθημάτων,
2986 530 3081 586 καὶ
3123 534 3225 603 τῆς
3254 530 3782 603 ἀποκαλυπτομένης
3824 532 3997 601 δόξης

736 640 791 687 et
823 648 1011 686 omnes
1044 633 1228 688 ﬁdeles
1250 634 1339 704 qui
1368 634 1423 687 in
1453 633 1656 687 mundo
1685 642 1810 687 sunt
1842 650 1857 688 :
1890 648 2059 703 porro
2076 629 2313 702 gravita-

742 733 847 777 tem
882 722 1095 777 allcvial
1123 725 1357 779 societas
1383 733 1717 779 consertum.

2413 622 2803 693 κληρονόμους.
2858 622 3119 676 Ἐνταῦθα
3148 622 3205 675 δὲ
3256 622 3342 676 διά
3385 622 3483 676 τοῦ
3535 624 3610 694 μὴ
3645 622 3842 692 μόνους
3876 622 3992 674 πά-

2413 732 2583 786 σχειν,
2618 716 2751 770 ἀλλὰ
2793 717 2887 770 καὶ
2929 717 3138 780 πάντας
3161 717 3287 780 τοὺς
3326 715 3470 770 κατά
3499 715 3704 783 κόσμον
3730 715 3989 777 πιστούς.

2413 806 2800 879 Συνελαφρξζει
2827 808 2883 861 δὲ
2914 808 2972 862 τὸ
3010 808 3172 878 βάρος
3195 808 3229 877 ἠ
3253 806 3363 859 τῶν
3396 805 3819 861 ἐπικοινούντων
3853 822 3993 872 συγ-

2310 934 2311 937 η
2411 901 2618 969 χέρεια.

1309 994 1539 1050 CAPUT
1589 996 1719 1051 Vill.

970 1089 1213 1143 Precatio
1247 1107 1340 1157 pro
1374 1092 1691 1160 perfectione
1731 1092 2066 1146 credentium.

806 1179 870 1243 Υ,
906 1179 1087 1235 10-”.
1127 1180 1264 1235 Deus
1302 1190 1479 1234 autem
1538 1183 1705 1234 omnis
1747 1183 1934 1249 gratiae
1966 1184 2054 1252 qui
2108 1186 2308 1239 vocavit

736 1289 826 1325 uos
857 1276 929 1327 ad
962 1283 1211 1327 cateruam
1242 1290 1396 1326 suam
1438 1273 1665 1343 gloriam
1694 1290 1786 1341 per
1808 1272 2075 1327 Christum
2106 1275 2305 1340 Jesum,

735 1380 1020 1431 parumper
1041 1365 1257 1433 aﬂlictos
1285 1365 1420 1418 idem
1449 1366 1702 1417 instauret
1724 1376 1828 1423 t-o‘s.
1849 1368 2051 1435 fulciat,
2072 1368 2196 1422 robo
2207 1378 2305 1432 ret,

735 1454 991 1507 stabiliat.
1042 1453 1157 1523 Ipsi
1180 1455 1351 1525 gloria
1383 1464 1432 1507 et
1464 1457 1745 1523 imperium
1775 1458 1831 1509 iu
1872 1458 2067 1511 sarcula
2090 1459 2309 1512 saeculo-

736 1562 869 1599 rum.
918 1546 1095 1601 Amen.
1125 1548 1229 1601 Per
1255 1547 1530 1602 Silvanum
1562 1551 1698 1602 vobis
1718 1550 1924 1619 ﬁdelem
1957 1552 2201 1620 fratrem,
2249 1563 2306 1606 ut

738 1638 987 1701 arbitror,
1019 1641 1200 1706 paucis
1219 1641 1406 1708 scripsi
1438 1642 1759 1694 :adlzortans
1780 1658 1843 1693 ac
1867 1643 2152 1711 testiﬁcans
2173 1642 2308 1695 hanc

737 1745 843 1781 esse
872 1746 1050 1783 verum
1085 1733 1313 1801 gratiam
1351 1732 1443 1785 Dei
1472 1734 1526 1784 iu
1556 1749 1658 1802 qua
1683 1735 1855 1788 statis.
1893 1732 2107 1788 Salutat
2130 1751 2213 1788 vos
2244 1751 2305 1788 ea

737 1836 852 1889 qua:
878 1831 960 1874 est
994 1826 1048 1876 iu
1078 1822 1360 1892 Babylone,
1384 1835 1564 1878 vestrm
1598 1842 1805 1879 consors
1828 1826 2090 1881 electionis
2128 1826 2306 1881 Eccle-

734 1914 839 1975 sia,
872 1924 919 1967 ct
946 1915 1155 1969 Marcus
1186 1916 1325 1984 ﬁlius
1355 1933 1521 1970 meus.
1550 1915 1794 1970 Salutate
1814 1934 1899 1971 vos
1922 1927 2103 1972 mutuo
2128 1919 2302 1972 chari-

738 2007 864 2058 tatis
901 2007 1095 2060 osculo.
1143 2006 1261 2061 Pax
1288 2007 1429 2061 vobis
1463 2007 1698 2062 omnibus
1728 2010 1815 2079 qui
1848 2010 1968 2064 estis
2002 2011 2057 2063 iu
2101 2010 2307 2065 Christo

734 2095 879 2149 Jcsu.
912 2100 947 2149 Α
960 2115 1093 2153 men.

810 2279 874 2332 Et
902 2280 1205 2335 inchoando
1234 2283 1527 2351 Epistolam
1544 2283 1755 2338 Patrem
1778 2284 1911 2341 dixit
1929 2286 2177 2341 misereri
2208 2302 2309 2357 per

739 2369 953 2433 Filium,
975 2380 1029 2426 et
1049 2389 1189 2427 nunc
1205 2373 1414 2432 ﬁniens.
1436 2377 1688 2431 eumdem
1704 2374 1917 2431 Patrem
1935 2393 2129 2433 vocare
2148 2378 2308 2434 docet

738 2476 836 2529 per
878 2462 1071 2518 Filium
1108 2484 1120 2519 :
1152 2481 1276 2519 nam
1318 2467 1367 2520 id
1399 2478 1483 2521 est
1516 2469 1646 2538 ipsis
1676 2485 1871 2539 scopus
1900 2480 1959 2525 ut
2012 2472 2310 2541 praedicent

739 2556 1079 2623 mysterium,
1124 2573 1429 2628 quanquam
1488 2561 1587 2615 hoc
1638 2560 1839 2617 faciant
1886 2579 2007 2618 cum
2060 2564 2309 2620 exhorta-

740 2644 905 2697 tione.
963 2663 980 2695 ι
1018 2645 1118 2698 Per
1167 2646 1482 2717 Sylvanum.
1523 2670 1540 2702 ι
1590 2650 1757 2707 Valde
1815 2652 1984 2707 ﬁdelis
2040 2663 2157 2709 erat
2216 2655 2307 2710 hic

738 2731 1011 2799 Silvanus,
1044 2747 1095 2792 et
1137 2738 1278 2794 circa
1311 2741 1747 2808 prmdicationem
1785 2744 2037 2800 alacriter
2066 2756 2303 2803 certans.

745 2822 1017 2894 Siquidem
1038 2838 1091 2884 et
1116 2829 1311 2885 Paulus
1327 2834 1444 2898 eius
1463 2836 1729 2899 meminit,
1751 2838 2305 2908 eumqueadjutorem

743 2929 847 2967 una
877 2934 993 2971 cum
1036 2920 1324 2977 Timotheo
1348 2924 1509 2995 526
1536 2927 1589 2980 in
1634 2928 1888 2996 Epistolis
1919 2930 2031 2983 suis
2056 2933 2305 2997 assumit,

740 3005 927 3063 dicens
961 3029 972 3063 τ
1005 3030 1021 3061 ι
1064 3012 1277 3078 Paulus,
1313 3026 1367 3070 et
1390 3016 1660 3082 Silvanus,
1714 3029 1767 3074 et
1818 3020 2137 3079 Timotheus
2159 3024 2248 3079 δί’.
2283 3044 2301 3078 ι

742 3091 1062 3164 Babylonem
1083 3110 1262 3154 autem
1286 3113 1443 3157 vocat
1473 3104 1724 3173 Romam,
1749 3124 1815 3161 eo
1840 3110 1980 3177 quod
2017 3112 2151 3166 adeo
2177 3112 2309 3165 iusi-

3018 990 3267 1043 ΚΕΦΑΛ.
3296 990 3380 1043 H’.

2519 1081 2683 1151 Εὺχὴ
2716 1082 2867 1149 ὑπὲρ
2899 1081 3259 1146 τελειώσεως
3294 1079 3414 1134 τῶν
3436 1081 3871 1135 πιστευόντων.

2492 1175 2556 1227 '0
2576 1174 2645 1227 se
2672 1175 2815 1237 Θεὸς
2843 1172 3045 1239 πάσης
3076 1174 3332 1242 χάριτος,
3362 1176 3395 1228 d
3419 1173 3688 1238 καλέσας
3708 1171 3871 1240 ἡμᾶς
3894 1174 3989 1235 εις

2410 1273 2527 1341 τὴν
2586 1271 2826 1326 αιώνιον
2879 1270 3065 1325 αὑτοῦ
3094 1270 3284 1334 δόξαν
3342 1270 3413 1324 ἐν
3457 1265 3709 1336 Χριστῷ,
3751 1265 3986 1331 Ἰησοῦ,

2411 1366 2618 1433 ὀλίγον
2640 1364 2959 1428 παθόντας,
2997 1360 3180 1428 αὐτὸς
3222 1362 3570 1429 καταρτίσαι
3606 1357 3785 1427 ὑμᾶς.
3834 1374 3986 1422 στη-

2402 1455 2590 1521 ρίξαι,
2630 1453 2953 1515 σθενώσαι,
2982 1450 3354 1522 θεμελιώσαι.
3408 1448 3578 1514 Αὐτῷ
3608 1448 3647 1515 ἠ
3675 1446 3851 1513 δόξα,
3884 1446 3990 1501 και

2410 1546 2628 1612 κράτος
2684 1547 2772 1611 εις
2820 1544 2962 1611 τοὺς
3012 1544 3236 1610 αιῶνας
3288 1541 3411 1596 τῶν
3462 1542 3713 1603 αἰώνων,
3779 1541 3981 1609 Ἀμήν.

2410 1637 2512 1691 Διὰ
2557 1636 2892 1691 Σιλουανοῦ
2947 1634 3090 1705 ὑμῖν
3137 1634 3246 1689 τοῦ
3295 1634 3514 1689 πιστοῦ
3570 1632 3865 1701 ἀδελφοῦ,
3902 1632 3989 1697 ὠς

2409 1727 2733 1797 λογίζομαι,
2781 1727 2856 1781 δι’
2888 1728 3110 1796 ὀλίγων
3163 1725 3419 1795 ἔγραψα,
3470 1721 3839 1791 παρακαλῶν
3885 1722 3985 1774 καὶ

2409 1818 2821 1888 ἐπιμαρτυρῶν
2840 1819 3067 1884 ταύτην
3094 1813 3246 1872 εἶναι
3265 1816 3463 1885 άληθῆ
3491 1814 3665 1884 χάριν
3678 1813 3787 1868 τοῦ
3808 1814 3983 1870 Θεοῦ.

2407 1912 2494 1976 εἰς
2524 1910 2603 1977 ῆν
2621 1910 2934 1975 ἑστήκατε.
2953 1907 3291 1969 Ἀσπάζεται
3323 1906 3479 1976 ὑμᾶς
3509 1908 3545 1975 ἠ
3572 1908 3643 1960 ἐν
3668 1903 3988 1960 Βαϐυλῶνι

2407 2000 2744 2067 Ἐκκλησία
2789 1999 3168 2067 συνεκλεκτὴ
3193 1998 3288 2052 καὶ
3321 1997 3559 2067 Μάρκος
3604 1999 3638 2051 ό
3664 1998 3797 2062 υἱός
3838 2012 3984 2065 μου.

2420 2093 2800 2147 Ἀσπάσασθε
2865 2090 3180 2157 ἀλλήλους
3242 2090 3313 2144 ἐκ
3375 2090 3661 2159 φιλήματι
3716 2088 3979 2157 ἀγάπης.

2403 2181 2626 2250 Εἰρήνη
2667 2180 2811 2250 ὑμῖν
2836 2177 2988 2234 πᾶσι
3014 2178 3139 2246 τοῖς
3162 2179 3230 2232 ἐν
3261 2178 3492 2246 Χριστῷ
3530 2177 3747 2245 Ἰησοῦ.
3768 2178 3979 2245 Ἀμήν.

2479 2270 2594 2323 Καὶ
2622 2270 2924 2341 ἀρχόμενος
2955 2270 3053 2338 τῆς
3083 2268 3430 2336 Ἐπιστολῆς,
3453 2270 3545 2321 τὸν
3570 2270 3788 2338 Πατέρα
3824 2268 3978 2335 ἔλεγε

2406 2363 2494 2418 διὰ
2524 2364 2634 2418 τῶν
2668 2362 2801 2417 Υἱοῦ
2834 2363 3055 2430 ἐλεῆσαι
3106 2362 3275 2432 ἡμᾶς.
3308 2361 3418 2414 Καὶ
3452 2360 3547 2413 νῦν
3600 2361 3846 2420 τελειῶν,
3882 2361 3978 2413 τὸν

2412 2455 2574 2512 αὐτὸν
2604 2455 2818 2526 πατέρα
2845 2453 3071 2507 καλέσαι
3095 2452 3182 2506 διά
3218 2450 3311 2505 τοῦ
3354 2451 3469 2507 υἱοῦ
3508 2451 3771 2505 διδάσκει.
3805 2452 3984 2504 Τοῦτο

2408 2550 2516 2621 γὰρ
2556 2549 2740 2612 αὐτοῖς
2771 2546 2992 2610 σκοπὸς,
3043 2546 3103 2599 τὸ
3134 2546 3434 2616 μυστήριον
3480 2543 3735 2613 κηρῦξαι,
3778 2545 3826 2596 si
3886 2545 3983 2597 καὶ

2413 2638 2550 2707 μετά
2577 2637 2913 2709 πραινέσεως
2933 2636 3092 2690 τοῦτο
3122 2635 3388 2689 ποιοῦσιν.
3432 2656 3449 2687 ι
3480 2634 3576 2688 Διά
3611 2634 3925 2688 Σιλουανοῦ.
3959 2655 3975 2680 ι

2413 2730 2611 2794 Πιστὸς
2643 2728 3090 2799 ὑπερϐαλλόντως
3117 2731 3145 2782 ό
3174 2728 3460 2792 Σιλουανὸς
3493 2721 3668 2790 οὗτος.
3713 2728 3825 2780 Καὶ
3849 2745 3915 2779 πε
3927 2731 3981 2792 ρί

2411 2823 2473 2877 τὸ
2508 2823 2771 2893 κήρυγμα
2801 2822 3053 2892 εὐθύμως
3082 2821 3507 2891 ἀγωνιζόμενος,
3540 2822 3595 2875 εἷ
3612 2837 3675 2888 γε
3709 2821 3802 2875 καὶ
3835 2821 3981 2873 Παῦ-

2408 2912 2500 2977 λος
2532 2912 2696 2966 αύτοῦ
2758 2912 3107 2983 μνημονεύει,
3169 2913 3265 2967 καὶ
3316 2912 3576 2983 συνεργὸν
3616 2910 3781 2966 αῦτδν
3838 2912 3979 2981 μετά

2410 3006 2678 3077 Τιμοθέου
2704 3008 2763 3059 ἐν
2793 3007 2915 3071 ταῖς
2942 3006 3253 3068 ἐπιστολαῖς
3280 3005 3721 3076 παραλαμϐάνει,
3764 3024 3783 3056 ι
3825 3006 3976 3057 Παῦ-

2410 3097 2523 3162 λος,
2556 3097 2751 3163 λέγων,
2774 3098 2867 3150 καὶ
2897 3096 3204 3160 Σιλουανὶς,
3223 3098 3318 3150 καὶ
3336 3098 3651 3167 Τιμόθεος.ι
3681 3096 3980 3149 Βαϐυλῶνα

743 3183 863 3250 guis
918 3200 981 3238 ac
1032 3191 1291 3257 praeclara
1332 3203 1498 3254 esset.
1536 3195 1681 3262 quod
1741 3206 1795 3249 et
1839 3196 2074 3267 Babylon
2136 3199 2307 3253 multo

2409 3189 2597 3260 δὲτὴν
2643 3188 2863 3259 Ῥώμην
2921 3189 3008 3242 διὰ
3058 3189 3120 3240 τὺ
3176 3191 3478 3258 περιφανὲς
3526 3188 3699 3250 καλεῖ,
3733 3189 3761 3241 δ
3812 3189 3975 3257 καὶὴ

743 3283 987 3348 tempore
1018 3283 1228 3340 habuit.
1260 3285 1497 3341 Marcum
1540 3301 1668 3341 vero
1695 3287 1862 3342 ﬁlium
1895 3291 2130 3359 appellat
2152 3291 2306 3359 juxta

740 3372 1010 3442 spiritum,
1050 3386 1102 3429 et
1130 3392 1236 3430 non
1271 3378 1424 3445 juxta
1452 3393 1690 3433 carnem.
1736 3378 1873 3434 lluic
1920 3392 2100 3436 autem
2160 3399 2309 3437 com-

741 3467 911 3529 misit,
939 3474 997 3520 ut
1025 3468 1187 3523 etiam
1226 3471 1576 3542 Evangelium
1628 3474 1911 3528 scriberet.
1944 3473 2173 3539 Quidam
2225 3477 2309 3531 ni-

742 3558 1036 3611 hilominus
1068 3561 1184 3613 ausi
1209 3560 1430 3615 fuerunt
1458 3576 1707 3617 asserere
1738 3562 1975 3617 Marcum
2003 3563 2170 3618 fuisse
2199 3566 2305 3620 divi

740 3648 885 3704 Petri
912 3649 1079 3703 filium
1106 3651 1259 3719 juxta
1290 3668 1532 3717 carnem,
1570 3661 1894 3725 argumento
1935 3662 2147 3709 utentes
2191 3655 2309 3724 ejus

740 3740 883 3810 quod
920 3741 972 3794 in
1026 3742 1174 3797 Actis
1214 3744 1581 3811 apostolorum
1624 3745 1828 3800 dictum
1864 3755 1946 3800 est
1981 3762 2009 3800 a
2044 3744 2187 3801 Luca
2217 3748 2304 3801 η’.

739 3836 830 3890 Ait
853 3837 998 3891 enim
1042 3838 1185 3891 hunc
1213 3837 1431 3893 Petrum
1464 3856 1563 3909 per
1591 3840 1841 3910 angelum
1864 3840 1957 3895 Dei
1987 3841 2309 3897 mirabiliter

741 3926 809 3980 de
827 3941 1044 3980 carcere
1074 3927 1329 3981 eductum
1362 3928 1415 3981 in
1446 3944 1555 3997 quo
1590 3930 1933 3984 concluserat
1962 3946 2088 3985 eum
2129 3932 2308 3987 Hero-

742 4016 861 4081 des,
917 4016 1201 4073 dimissum
1252 4018 1320 4072 ab
1365 4019 1607 4090 angelico
1646 4020 1935 4090 colloquio,
1991 4023 2204 4078 venisse
2241 4024 2307 4079 ad

739 4105 959 4162 domum
995 4111 1184 4163 matris
1214 4108 1461 4173 Joannis,
1505 4111 1599 4180 qui
1649 4113 2141 4182 cognominabatur
2171 4113 2310 4168 Mar-

738 4211 856 4256 cus,
892 4205 1149 4267 tanquam
1176 4196 1425 4251 adsuam
1456 4198 1629 4267 ipsius
1652 4200 1871 4254 domum
1907 4201 2119 4255 venerit
2164 4210 2216 4256 et
2241 4202 2308 4257 ad

736 4288 1036 4359 legitimam
1070 4303 1316 4343 uxorem.
1350 4289 1488 4343 Cum
1537 4298 1721 4345 autem
1750 4292 1955 4347 Paulus
2002 4293 2224 4351 scribat.
2251 4304 2311 4349 ut

739 4394 799 4430 se
822 4385 1011 4430 mutuo
1043 4379 1281 4433 salutent
1308 4380 1496 4433 osculo
1544 4389 1756 4442 sancto,
1794 4379 1885 4435 hic
1918 4382 2069 4445 dicit,
2110 4380 2309 4437 Osculo

742 4466 1043 4528 charitatis,
1085 4466 1229 4521 idem
1260 4467 1447 4522 dicens
1492 4483 1616 4523 cum
1669 4469 1779 4523 illo.
1802 4470 2128 4526 Novitenim
2165 4472 2310 4527 Pau-

741 4556 825 4609 lus
857 4555 901 4588 ⁸³
930 4557 1257 4611 charitatem
1306 4574 1424 4626 qum
1469 4560 1770 4615 secundum
1801 4561 2074 4616 Christum
2126 4573 2209 4617 est
2254 4573 2310 4618 et

740 4647 995 4699 omnibus
1049 4648 1346 4702 virtutibus
1395 4650 1567 4717 major
1607 4660 1709 4712 est,
1756 4652 1875 4720 ipso
1915 4668 2128 4722 quoque
2166 4668 2311 4707 mar-

744 4741 881 4808 tyrio
912 4749 1132 4807 propter
1155 4740 1431 4795 Christum
1458 4755 1727 4813 suscepto.
1751 4746 1841 4799 Ille
1862 4747 2043 4815 itaque
2064 4757 2309 4803 sanctum

744 4830 986 4882 osculum
1023 4830 1154 4884 dicit
1186 4842 1522 4901 segregatum
1557 4848 1618 4886 ac
1647 4834 1930 4888 deﬁnitum
1974 4836 2027 4888 in
2064 4836 2197 4899 Deo,
2226 4838 2311 4893 hic

744 4932 925 4976 autem
954 4922 1200 4977 similiter
1224 4924 1509 4979 eharitatis
1525 4926 1767 4979 osculum
1789 4942 1908 4995 quae
1937 4942 2064 4980 vera
2093 4927 2311 4982 dilectio

746 5024 847 5078 est,
881 5029 1040 5082 quam
1074 5014 1272 5069 Paulus
1297 5015 1551 5070 laudibus
1581 5017 1795 5070 extulit.
1830 5017 1956 5071 Ideo
1982 5019 2143 5072 etiam
2176 5020 2307 5072 sub-

744 5106 959 5176 jungit:
999 5124 1016 5155 ι
1049 5106 1155 5159 Pax
1185 5106 1338 5160 vobis
1365 5108 1617 5162 omnibus
1665 5108 1755 5175 qui
1807 5108 1937 5163 estis
1988 5109 2041 5161 in
2094 5109 2309 5163 Christo

744 5198 873 5252 Jesu
908 5215 922 5251 :
956 5216 973 5247 ι
1003 5214 1108 5251 non
1134 5200 1406 5268 vulgarem
1460 5200 1647 5255 dicens
1682 5214 1868 5270 pacem
1900 5215 2019 5269 quae
2057 5210 2143 5254 est
2166 5202 2305 5269 apud

748 5288 1020 5350 homines,
1051 5303 1169 5355 qua:
1198 5288 1510 5341 hominibus
1536 5282 1788 5343 cordi‘est
1814 5298 2035 5358 propter
2067 5289 2310 5344 all'ectio-

751 5393 872 5431 nem
902 5378 1082 5447 gloria:
1121 5393 1274 5433 vana:
1318 5387 1375 5431 et.
1416 5377 1691 5433 lruitiouis
1730 5380 2090 5447 voluptatum,
2121 5382 2317 5449 quibus

752 5468 1190 5539 traduntseipsos
1223 5470 1275 5522 hi
1308 5469 1398 5538 qui
1428 5484 1458 5523 a
1487 5469 1628 5523 bello
1651 5481 1845 5525 vacant
1874 5471 2002 5525 :sed
2039 5483 2314 5540 precatur,

750 5568 809 5612 ut
840 5575 1023 5628 pacem
1059 5571 1481 5629 consequantur,
1510 5578 1614 5630 qua
1650 5572 1703 5615 vt
1733 5573 2034 5631 praeceptor
2070 5564 2318 5617 Christus

2408 3282 2666 3336 Βαϐυλὼν
2690 3282 2867 3352 πολλῷ
2902 3281 3076 3352 χρόνῳ
3105 3281 3322 3351 ἔσχηκε.
3354 3283 3581 3351 Μάρκον
3608 3283 3664 3335 δὲ
3695 3283 3810 3334 υἱον
3837 3283 3978 3335 κατά

2408 3372 2625 3442 πνεῦμα
2657 3373 2831 3438 καλεῖ,
2878 3373 2995 3426 ἀλλ’
3043 3374 3103 3426 ού
3154 3375 3293 3427 κατὰ
3336 3374 3534 3442 σάρκα.
3579 3374 3767 3443 Τούτῳ
3792 3375 3847 3427 δὲ
3883 3377 3980 3428 καὶ

2405 3464 2464 3518 τὸ
2487 3465 2819 3533 Εὐαγγέλιω
2844 3464 3053 3537 γράψαι
3078 3463 3367 3533 ἐπέτρεψε.
3399 3464 3557 3528 Τινὲς
3606 3464 3663 3517 δὲ
3697 3465 3791 3517 καὶ
3826 3466 3977 3533 ὅμως

2405 3556 2709 3627 ἐτόλμησαν
2735 3559 2828 3610 καὶ
2856 3556 3114 3627 σαρκικδν
3136 3556 3251 3610 υἱδν
3281 3559 3556 3626 ἀποφῇναι
3583 3556 3775 3610 τοῦτον
3797 3558 3862 3628 δὴ
3890 3559 3983 3612 τὶν

2406 3650 2634 3719 Μάρκον
2667 3648 2762 3701 τοῦ
2794 3648 2939 3701 θεὲου
2966 3649 3194 3719 Πέτρου,
3218 3649 3503 3718 τεκμηρίῳ
3543 3649 3879 3718 χρησάμενοι
3904 3648 3981 3718 τῷ

2407 3741 2465 3793 ἐν
2494 3742 2613 3803 ταῖς
2674 3740 2912 3810 Πράξεσι
2943 3740 3051 3794 τῶν
3090 3740 3404 3795 ἀποστόλων
3439 3740 3718 3810 εἰρημένῳ
3766 3741 3980 3810 Λουκᾷ.

2405 3832 2542 3899 Φησὶ
2569 3833 2677 3901 γὰρ
2721 3831 2912 3885 τοῦτον
2948 3832 3038 3883 τὸν
3089 3832 3296 3902 Πέτρον
3324 3832 3392 3884 δι’
3419 3832 3653 3899 ἀγγέλου
3696 3831 3840 3886 Θεοῦ
3880 3837 3982 3900 τῆς

2408 3924 2660 3993 φυλακῆς
2686 3924 3017 3993 ἐκϐληθέντα
3078 3922 3418 3994 παραδόξως,
3500 3923 3853 3977 κατέκλεισεν
3882 3925 3983 3978 αὒ-

2404 3999 2498 4068 τδν
2539 4014 2802 4085 Ἡρώδης.
2853 4015 2948 4068 τοῦ
2979 4015 3369 4085 χρηματισμοῦ
3412 4015 3507 4068 τοῦ
3545 4017 3782 4084 ἀγγέλου
3844 4017 3980 4084 ἀφε-

2410 4105 2567 4159 θέντα
2600 4106 2680 4165 sic;
2730 4106 2829 4175 τὴν
2860 4105 3034 4159 οἰκίαν
3059 4106 3304 4175 ὁρμῆσαι
3357 4107 3455 4175 τῆς
3488 4107 3695 4177 μητρὸς
3728 4107 3979 4162 Ἰωάννου

2407 4194 2502 4248 τοῦ
2527 4194 2912 4263 ἐπικληθέντος
2941 4196 3190 4263 Μάρκου,
3224 4195 3300 4258 ὼς
3332 4196 3410 4256 εἰς
3443 4193 3542 4265 τὴν
3578 4195 3775 4248 ἐαυτοῦ
3797 4198 3982 4249 οἰκίαν

2409 4284 2773 4338 ἐπανελθόντα
2801 4284 2895 4339 καὶ
2933 4283 3033 4355 τὴν
3066 4286 3305 4355 νομίμην
3337 4284 3589 4352 σύζυγον.
3620 4286 3731 4339 Τοῦ
3760 4286 3979 4341 Παύλου

2408 4377 2464 4431 δὲ
2516 4375 2853 4440 ἀσπάζεσθαι
2904 4375 3165 4445 ἀλλήλους
3226 4378 3285 4429 ἐν
3346 4377 3614 4447 φιλήματι
3672 4378 3983 4450 γράςοντος

2410 4470 2573 4539 ἁγίῳ,
2604 4466 2755 4531 οὗτος
2813 4469 2902 4523 Ἑν
2959 4469 3220 4538 φιλήματί
3280 4486 3445 4537 τρησιν
3493 4471 3735 4541 ἀγάπης,
3781 4473 3984 4526 ταύτὸν

2340 4535 2385 4589 D
2412 4535 2604 4632 ἐκείνῳ
2633 4561 2827 4628 λέγων.
2867 4535 3184 4612 Ἐπέσταται
3213 4535 3321 4627 γὰρ
3344 4535 3445 4611 -καὶ
3475 4535 3684 4621 Παῦλος
3712 4559 3811 4628 τὴν
3844 4560 3985 4613 κατά

2411 4650 2644 4721 Χριστὸν
2680 4649 2920 4716 ἀγάπην,
2952 4647 3125 4716 μείζω
3172 4646 3364 4699 πασῶν
3394 4645 3559 4699 οὖσαν
3606 4648 3717 4700 τῶν
3748 4649 3982 4715 ἀρετῶν,

2413 4744 2505 4795 καὶ
2554 4738 2718 4792 αὑτοῦ
2772 4736 2865 4790 τοῦ
2900 4734 3039 4789 κατά
3096 4733 3328 4804 Χριστὸν
3385 4734 3706 4804 μαρτυρίου.
3745 4734 3984 4796 Ἐκεῖνος

2415 4831 2512 4899 μὲν
2537 4829 2628 4883 οῦν
2661 4828 2785 4897 φὶλη
2796 4846 2868 4896 μα
2885 4827 3059 4893 ἆγιον,
3092 4826 3153 4877 τὸ
3179 4824 3564 4894 ἀφωρισμένον
3589 4826 3645 4875 ἐν
3664 4824 3785 4894 Θεῷ
3800 4825 3970 4893 λέγει.

2420 4913 2589 4982 Οὗτος
2618 4919 2675 4972 δέ
2693 4918 2893 4985 ὁμοίως
2919 4916 3141 4985 ἀγάπης
3178 4916 3390 4985 φίλημα
3431 4916 3531 4981 τῆς
3562 4914 3731 4976 ὅντως
3764 4915 3985 4981 ἀγάπης

2416 5012 2484 5082 ἢν
2515 5012 2607 5064 καὶ
2641 5009 2852 5070 Παῦλος
2880 5006 3171 5077 ἐξύμνησε.
3210 5008 3300 5059 Διὸ
3335 5006 3429 5059 καὶ
3460 5006 3680 5072 ἐπάγει.
3719 5024 3736 5055 ι
3778 5007 3985 5075 Εἰρήνη

2418 5106 2546 5173 ὑμῖν
2576 5104 2711 5155 πᾶσι
2740 5102 2851 5162 τοῖς
2883 5101 2939 5151 ἐν
2964 5097 3180 5167 Χριστῷ
3223 5098 3424 5167 ’ῐησοῦο
3459 5116 3479 5149 ι
3542 5100 3603 5150 οὐ
3660 5098 3761 5165 τῆς
3797 5103 3988 5169 κοινῆς

2419 5195 2640 5263 εἰρήνης
2664 5192 2836 5258 λέγων
2859 5190 2959 5259 τῆς
2989 5193 3129 5243 κατά
3184 5188 3522 5259 ἀνθρώπους,
3559 5190 3681 5258 ἣτις
3710 5189 3777 5241 δι’
3807 5192 3988 5259 ἐμπα-

2418 5287 2568 5338 θειαν
2598 5282 2905 5353 ἀνθρώποις
2958 5280 3339 5344 σπουδάζεται,
3390 5279 3547 5347 δόξης
3582 5282 3818 5347 ματαίας
3856 5284 3978 5335 ἀπο-

2415 5378 2661 5437 λαύσεως
2685 5373 2908 5443 ἡδονῶν,
2935 5372 3071 5443 πρὸς
3098 5371 3164 5433 ἀς
3194 5372 3243 5423 οἱ
3277 5371 3384 5424 ἀπὸ
3422 5373 3530 5424 τῶν
3584 5373 3839 5441 πολέμων
3868 5392 3975 5442 σχο-

2417 5466 2676 5531 λάζοντες
2727 5463 3029 5517 ἐκδιδόασιν
3068 5462 3316 5524 ἑαυτοὺς,
3358 5460 3471 5513 ἀλλ’
3521 5462 3744 5530 εέρήυης
3796 5463 3987 5521 αὑτοῦ.

2420 5561 2602 5627 τυχεῖν
2641 5556 2999 5624 παρεύχεται,
3063 5548 3129 5623 ἧς
3190 5552 3386 5614 αὐτοὺς
3445 5552 3537 5605 καὶ
3593 5555 3619 5604 ὁ
3668 5552 3984 5614 Biar/.54,

818 5740 857 5770 "
921 5740 1159 5795 I'l'hess.
1196 5744 1277 5803 t,l
1311 5759 1323 5805 ;
1360 5742 1401 5793 ll
1435 5740 1623 5793 Thess.
1662 5756 1697 5804 ι,
1745 5743 1790 5793 i.
1869 5742 1935 5773 "‘
1966 5742 2079 5795 Act.
2132 5759 2227 5806 xu,
2268 5743 2284 5794 Ι

2408 5757 2485 5810 ιιι.
2528 5739 2571 5769 ⁸³
2598 5739 2613 5791 l
2645 5738 2767 5790 (lor.
2809 5751 2924 5798 ιιιιι,
2961 5733 3130 5785 1-15.
