4166 6448
723 418 826 482 583

1777 404 2173 465 (ECUMENU
2214 401 2503 461 TRICCIE
2538 398 2869 459 EPISCOPI

3866 394 3970 457 εει

724 538 926 580 natura:
957 529 1239 576 consortes
1272 518 1399 572 facti
1450 534 1638 573 sun-.us
1685 533 1781 585 per
1818 516 2027 568 Domini
2083 530 2147 568 ac
2204 511 2297 566 Dei

2418 514 2483 564 μοὶ
2504 512 2717 579 φύσεως
2749 512 3049 578 γεγόναμεν
3082 510 3167 561 διὰ
3200 510 3298 576 τῆς
3328 507 3423 559 τοῦ
3461 505 3666 574 Κνρῖου
3700 508 3796 559 καὶ
3836 507 3968 560 Θεοῦ

723 617 1037 675 adventum,
1078 610 1169 681 qui
1235 620 1436 665 nostr-.c
1478 618 1684 663 natura:
1741 606 2009 675 primitias
2039 605 2093 658 in
2119 605 2296 673 seipso

724 706 1013 773 aSSumpsit
1040 712 1092 755 et
1119 701 1447 756 assumendo
1473 698 1847 754 sanctiﬁcavit.
1903 696 2057 763 Quod
2086 697 2129 751 si
2188 696 2300 764 pri-

725 796 888 849 mitiae
919 800 1140 855 sanctas,
1177 799 1360 845 sancta
1419 798 1593 843 estet
1640 802 1839 842 massa.
1896 786 2064 840 Porro
2126 798 2299 837 massa

720 885 1084 955 primitiarum
1128 898 1233 936 non
1260 882 1371 934 alia
1408 891 1493 935 est
1522 896 1680 950 quam
1704 880 1777 933 illi
1810 894 1872 933 ex
1921 878 2117 946 quibus
2173 885 2300 928 sunt

722 976 994 1041 primitiae.
1030 973 1451 1042 Corruptionem
1480 987 1609 1027 vero
1651 986 1770 1040 quae
1819 978 1902 1023 est
1954 984 1983 1022 a
2028 967 2300 1021 mundana

722 1066 1161 1134 concupiscentia
1203 1064 1358 1127 dicit,
1394 1072 1646 1130 tanquam
1681 1076 1744 1114 ex
1786 1058 2224 1128 corruptibilibus
2249 1066 2303 1111 et

725 1157 868 1210 circa
930 1151 1305 1222 corrUptibilia
1360 1150 1767 1203 consistentem.
1847 1147 2056 1203 Gradus
2124 1157 2301 1201 autem

726 1244 888 1299 tradit
914 1243 980 1297 ad
1011 1242 1408 1312 promotionem
1437 1256 1451 1292 :
1479 1240 1714 1309 primum
1742 1240 1958 1307 quidem
1985 1239 2165 1300 ﬁdem.
2188 1253 2305 1308 quae

725 1336 1136 1390 fundamentum
1166 1340 1250 1385 est
1270 1346 1330 1385 ac
1359 1330 1506 1386 basis
1531 1345 1627 1384 seu
1660 1329 1987 1399 principium
2015 1329 2301 1383 bonorum.

729 1429 937 1482 Deinde
971 1425 1213 1481 secundo
1247 1424 1418 1495 gradu
1461 1424 1718 1476 virtutem
1779 1421 1895 1475 sive
1936 1436 2122 1490 opera,
2180 1436 2306 1474 nam

730 1521 858 1575 sine
890 1520 975 1574 his
1046 1518 1179 1572 ﬁdes
1240 1526 1453 1571 mortua
1516 1524 1620 1581 est,
1683 1514 2135 1585 quemadmodum
2181 1514 2309 1569 dicit

724 1611 1027 1682 Jacobusﬁ
1055 1609 1185 1664 Post
1211 1611 1324 1664 haec
1356 1624 1487 1663 vero
1514 1609 1763 1664 scientia.
1813 1606 1945 1673 Quae
1990 1616 2170 1661 autem
2227 1616 2310 1661 est

728 1703 1169 1773 bzec?Cognitio
1204 1711 1540 1757 secretorum
1590 1700 1682 1754 Dei
1741 1698 2140 1769 mysteriorum,
2190 1714 2309 1768 quae

728 1810 839 1850 non
867 1796 1041 1850 cuivis
1069 1795 1374 1864 contingit,
1400 1793 1494 1849 sed
1527 1798 1823 1849 exercitato
1850 1793 1903 1847 in
1959 1793 2143 1849 habitu
2193 1808 2309 1847 me-

729 1886 930 1940 liorum
960 1901 1212 1956 operum.
1254 1883 1383 1940 Post
1436 1886 1551 1940 haec
1602 1894 1686 1940 est
1746 1885 2124 1955 temperantia.
2177 1884 2309 1938 Nam

732 1985 788 2029 et
840 1976 943 2030 hac
973 1991 1109 2045 opus
1140 1984 1219 2030 est
1260 1975 1309 2030 ei
1337 1975 1428 2045 qui
1458 1976 1527 2031 ad
1580 1991 1891 2030 mensuram
1941 1977 2206 2045 pervenit,
2243 1993 2311 2032 ne

734 2065 861 2120 doni
898 2066 1268 2136 magnitudine
1294 2067 1557 2123 lasciviat.
1610 2066 1769 2137 532
1825 2066 2091 2133 Quoniam
2130 2078 2311 2122 autem

735 2173 842 2213 non
871 2159 1139 2230 contingit
1168 2175 1291 2214 eum
1316 2161 1407 2228 qui
1441 2159 1653 2214 modico
1694 2170 1939 2229 tempore
1974 2160 2145 2214 utitur
2168 2168 2308 2215 tem-

736 2249 1007 2315 perantia,
1039 2249 1269 2304 ﬁrmiter
1324 2251 1528 2305 donum
1580 2250 1855 2321 possidere
1899 2251 2136 2322 (semper
2167 2252 2310 2305 enim

735 2341 967 2411 cupiunt
1015 2340 1335 2397 alﬁictiones
1365 2357 1485 2397 eam
1530 2358 1650 2412 quae
1677 2358 1704 2395 a
1734 2341 2119 2411 praefocatione
2173 2342 2311 2396 libe-

735 2441 838 2494 rat,
872 2432 938 2486 ad
964 2432 1017 2486 id
1040 2433 1181 2501 quod
1208 2434 1363 2503 pejus
1386 2444 1468 2487 est
1496 2434 1841 2504 perducere),
1867 2435 2210 2505 subingressa
2232 2443 2314 2487 to-

735 2523 963 2577 lerantia
999 2539 1113 2579 rem
1138 2540 1353 2580 omnem
1391 2527 1618 2597 peragit,
1652 2536 1707 2581 et
1730 2528 1987 2597 pietatem
2034 2524 2310 2589 conciliat,

736 2611 1113 2682 perfectior-em
1150 2614 1205 2666 in
1236 2613 1404 2669 Deum
1443 2616 1828 2671 conﬁdentiam
1893 2616 2131 2670 efﬁciens
2156 2634 2170 2669 :
2194 2616 2315 2670 ideo

739 2716 957 2771 quoque
985 2716 1048 2755 ex
1078 2704 1275 2771 pietate
1301 2705 1523 2774 quaesita
1547 2716 1629 2760 est
1650 2705 1886 2761 charitas
1906 2706 2163 2771 fraterna,
2194 2722 2315 2774 qua:

741 2808 1086 2864 nequaquam
1117 2796 1325 2864 accedit
1347 2797 1453 2852 nisi
1482 2798 1787 2869 benignitas
1807 2800 1872 2853 ad
1903 2799 2083 2853 omnia
2107 2800 2313 2854 tribue-

741 2887 810 2939 rit
833 2886 1035 2941 aditum
1077 2887 1312 2957 pietatis.
1350 2890 1416 2945 Et
1447 2904 1612 2958 super
1640 2890 1820 2944 omnia
1872 2890 2142 2944 bonorum
2195 2906 2311 2945 om-

741 2977 892 3031 nium
918 2979 1375 3048 complementum
1421 2988 1505 3037 est
1564 2982 1803 3047 dilectio,
1860 2982 2313 3052 quemadmodum

739 3077 793 3121 et
822 3066 989 3121 Paulo
1012 3068 1031 3099 ³
1052 3078 1108 3122 et
1124 3070 1346 3124 Veritati
1377 3070 1608 3126 videtur.
1631 3072 1767 3126 Nam
1800 3073 1913 3127 haec
1940 3082 1994 3127 et
2010 3073 2102 3127 Dei
2123 3072 2316 3128 Filium

2402 602 2717 671 ἐπιδημίας,
2740 600 2993 669 ἀπαρχὴν
3025 599 3124 667 τῆς
3151 596 3423 667 ἡμετέρας
3454 597 3665 664 φύσεως
3703 599 3762 648 ἐν
3795 596 3969 665 ἐαυτῷ

2402 689 2807 759 ὑποστήσαντός
2834 704 2890 739 τε
2926 689 3018 739 καὶ
3049 688 3382 754 ἁγιάσαντος
3418 688 3481 755 τῇ
3532 685 3858 755 προσλήψει.
3913 687 3972 738 E!

2401 781 2458 834 δὲ
2491 783 2523 851 ἠ
2557 781 2781 850 ἀπαρχὴ
2808 780 2959 847 ἁγία,
2993 780 3084 832 καὶ
3124 780 3184 831 τὸ
3212 778 3459 848 φύραμα.
3488 778 3724 847 Φύραμα
3766 777 3822 830 δὲ
3879 776 3973 845 τῆς

2404 851 2656 941 ἀπαρχῆς
2689 872 2787 923 οὐκ
2818 871 3021 941 ἄλλο.ἢ
3055 871 3104 923 οἱ
3134 869 3192 934 ἐξ
3220 863 3295 923 ὧν
3325 870 3357 940 ἡ
3389 871 3636 939 ἀπαρχή.
3669 869 3885 940 Φθορὲν
3920 867 3974 923 δὲ

2403 966 2503 1035 τὴν
2548 963 2655 1017 ἀπδ
2724 964 2820 1033 τῆς
2886 965 3156 1033 κοσμικῆς
3208 962 3525 1032 ἐπιθυμίας,
3580 963 3766 1032 φησὶν,
3816 964 3893 1024 ὠς
3918 966 3978 1017 ἐκ

2406 1054 2660 1126 φθαρτῶν
2688 1072 2747 1107 τε
2783 1055 2874 1108 καὶ
2903 1059 3029 1126 περὶ
3066 1054 3279 1123 φθαρτά
3308 1055 3693 1124 συγκειμένης.
3726 1054 3977 1125 Βαθμοῦς

2404 1147 2461 1199 δὲ
2517 1147 2613 1217 τῆς
2667 1147 2957 1216 προκοπῆς
3011 1147 3321 1209 ἐπίσταται,
3381 1147 3603 1217 πρώτην
3632 1147 3730 1216 τὴν
3773 1148 3976 1212 πίστιν,

2406 1242 2528 1312 ἥτις
2559 1238 2807 1307 θεμέλιός
2835 1240 2949 1291 ἐστι
2989 1239 3096 1291 τῶν
3126 1238 3347 1305 ἀγαθῶν
3396 1239 3491 1291 καὶ
3543 1240 3769 1308 κρηπίς.
3849 1237 3979 1293 Εἶτα

2408 1331 2657 1401 δεύτερον
2698 1329 2921 1400 βαθμὸν,
2952 1330 3050 1400 τὴν
3081 1331 3303 1399 ἀρετὴν,
3335 1331 3451 1401 ἦτοι
3483 1331 3549 1383 τά
3607 1330 3765 1399 ἔργα.
3799 1332 3979 1401 Χωρὶς

2409 1421 2518 1491 γὰρ
2544 1420 2747 1473 τούτων
2773 1422 2805 1490 ἡ
2835 1419 3014 1480 πίστις
3042 1420 3231 1487 νεκρά,
3250 1418 3326 1482 ῶς
3348 1418 3603 1482 Ίάκωϐός
3632 1436 3817 1489 φησιν.
3857 1418 3983 1471 Ἐπὶ

2408 1508 2618 1571 τούτοις
2655 1509 2687 1578 ἠ
2721 1508 2947 1576 γνῶσις.
2973 1507 3070 1571 Τίς
3087 1508 3143 1560 δὲ
3178 1506 3354 1577 αὖτης
3414 1508 3477 1561 Ἦ
3533 1509 3642 1561 τῶν
3699 1508 3795 1562 τοῦ
3844 1506 3983 1562 Θεοῦ

2409 1599 2745 1670 ἀποκρύφων
2773 1600 3089 1670 μυστηρίων
3123 1599 3350 1669 είδησις,
3378 1599 3503 1669 ἣτις
3553 1602 3614 1652 οὐ
3654 1600 3731 1669 τῷ
3763 1601 3983 1670 τυχόντι

2412 1692 2798 1763 παραγίνεται,
2832 1692 2969 1745 ἀλλά
3025 1691 3102 1761 τῷ
3156 1691 3224 1746 δι’
3274 1692 3452 1763 ἔργων
3508 1692 3833 1762 κρειττόνων
3885 1693 3983 1761 τὴν

2412 1784 2525 1849 ἕξιν
2549 1782 3005 1854 γεγυμνασμένῳ.
3044 1783 3170 1836 Ἐπὶ
3196 1784 3410 1847 τούτοις
3445 1785 3478 1855 ἡ
3528 1784 3847 1855 ἐγκράτεια.
3895 1785 3989 1836 Δεῖ

2413 1874 2519 1945 γὰρ
2552 1876 2643 1927 καὶ
2673 1876 2877 1945 ταύτης
2900 1875 2977 1945 τῷ
3001 1877 3136 1945 πρὸς
3170 1877 3368 1946 μέτρον
3390 1875 3731 1945 ἀφικομένῳ,
3787 1874 3865 1938 ὡς
3919 1874 3988 1927 ἂν

2416 1966 2490 2035 μὴ
2522 1966 2793 2037 ὲξυϐρίζοι
2823 1966 2900 2037 τῷ
2922 1967 3145 2036 μεγέθει
3170 1967 3269 2037 τῆς
3297 1966 3529 2038 δωρεᾶς.
3563 1964 3785 2036 Ἐπειδὴ
3808 1966 3868 2020 δὲ
3888 1969 3989 2020 οὐκ

2414 2057 2559 2110 ἔστιν
2598 2057 2690 2109 ἐπὶ
2725 2057 2918 2128 μικρὸν
2960 2057 3244 2128 χρώμενον
3275 2061 3341 2129 τῇ
3401 2057 3698 2128 ἐγκρατείᾳ
3759 2057 3989 2125 βεϐαίαν

2414 2149 2711 2218 κεκτῆσθαι
2742 2150 2840 2219 τὴν
2872 2147 3102 2220 δωρεὰν,
3146 2149 3379 2218 (φιλοῦσι
3418 2150 3525 2220 γάρ
3560 2150 3647 2203 ἀεὶ
3704 2149 3774 2202 τά
3812 2149 3988 2216 πάθη,

2411 2239 2506 2292 τοῦ
2539 2240 2904 2309 κατάγχοντος
2936 2240 3359 2311 ὲλευθερίσαντα
3385 2243 3479 2295 ἐπὶ
3527 2240 3587 2294 τὸ
3618 2243 3799 2311 χεῖρον
3851 2257 3989 2314 προσ

2416 2330 2709 2399 άγεσθαι,)
2740 2333 2773 2401 ή
2803 2331 3052 2401 ὑπομονὴ
3074 2331 3470 2386 ἐπεισελθοῦσα
3507 2333 3569 2385 τὸ
3598 2335 3705 2385 πᾶν
3767 2333 3993 2403 κατείρ-

2416 2439 2644 2489 γασατο,
2664 2424 2756 2476 καὶ
2786 2424 2883 2493 τὴν
2914 2423 3199 2477 εὐσέϐειαν
3247 2425 3600 2493 προεξένησε,
3655 2424 3994 2494 τελεωτέραν

2415 2510 2511 2581 τὴν
2538 2515 2617 2576 είς
2645 2513 2779 2566 Θεὸν
2798 2515 3246 2584 ἀπεργασαμένη
3276 2514 3620 2583 πεποίθησιν.
3659 2515 3749 2567 Διὸ
3796 2515 3892 2567 καὶ
3925 2518 3990 2586 τῇ

2415 2603 2672 2674 εὐσεϐείᾳ
2704 2607 2736 2675 ὴ
2772 2605 3093 2673 φιλαδελφία
3136 2606 3567 2677 προπεπορΞσθη,
3606 2605 3706 2658 οὐκ
3746 2605 3813 2659 ἂν
3870 2608 3993 2660 ἑπι-

2416 2696 2707 2766 γενομὲνη,
2744 2699 2791 2749 εί
2814 2696 2891 2766 μὴ
2907 2698 3005 2765 τῆς
3032 2697 3312 2757 εὐσεϐείας
3336 2697 3396 2749 τὸ
3420 2697 3549 2765 περὶ
3583 2698 3761 2752 πάντα
3788 2699 3998 2764 εὐγνω-

2421 2788 2637 2856 μονικὺν
2666 2788 2939 2859 παρέσχεν
2972 2788 3246 2843 ἐπίϐασιν.
3273 2790 3382 2842 Καὶ
3412 2788 3505 2843 ἐπὶ
3528 2791 3685 2850 πᾶσι,
3744 2791 3805 2843 τὸ
3856 2790 3996 2843 πάν-

2417 2897 2525 2932 των
2573 2880 2791 2947 ἀγαθῶν
2844 2883 3138 2953 πλήρωμα,
3188 2883 3222 2948 ἠ
3276 2882 3487 2952 ἀγάπη,
3520 2880 3596 2945 ὡς
3650 2883 3849 2951 Παύλῳ
3901 2883 4000 2937 καὶ

2418 2976 2483 3043 τῇ
2507 2972 2765 3044 ’Λληθεία
2793 2974 2957 3029 δοκεῖ.
2999 2973 3144 3043 Αῦτη
3162 2974 3271 3043 γάρ
3308 2973 3405 3027 καὶ
3433 2972 3525 3025 τὸν
3552 2972 3647 3026 τοῦ
3672 2972 3807 3026 Θεοῦ
3844 2972 3998 3036 Υἱδν,

2420 3065 2511 3117 καὶ
2535 3066 2627 3117 τὸν
2642 3066 2831 3118 τούτου
2857 3067 3073 3137 Πατέρα
3103 3065 3440 3133 ἐξεϐιάσατο,
3470 3067 3562 3119 τὸν
3604 3064 3705 3135 μὲν
3738 3065 3829 3118 τὸν
3854 3067 3999 3132 ἀγα-

741 3166 795 3211 et
828 3157 991 3226 hujus
1018 3156 1237 3213 Patrem
1266 3161 1471 3215 evicit:
1504 3161 1651 3215 hunc
1672 3162 1889 3231 quidem
1950 3172 2009 3217 ut
2031 3164 2133 3218 sibi
2180 3164 2313 3219 dile-

2430 3155 2599 3225 πητὺν
2618 3154 2785 3209 αὐτοῦ
2816 3155 3021 3220 δοῦναι,
3047 3156 3137 3209 τὸν
3170 3156 3359 3209 δὲΥίὸν
3397 3156 3457 3209 τὸ
3482 3150 3621 3226 αἷμα
3651 3155 3817 3209 αὑτοῦ
3856 3155 3999 3225 ὑπὲρ

744 3255 891 3301 ctum
928 3248 1125 3302 Filium
1148 3251 1322 3315 daret,
1355 3248 1550 3305 Filium
1580 3267 1710 3307 vero
1726 3263 1785 3307 ut
1818 3255 2128 3325 sanguinem
2152 3272 2307 3311 suum

743 3353 843 3407 pro
862 3340 1015 3394 nobis
1036 3340 1357 3396 effunderet.
1379 3360 1396 3393 ι
1419 3343 1545 3398 liae
1564 3344 1707 3398 enim
1724 3360 1845 3399 cum
1872 3347 2026 3401 vobis
2048 3345 2263 3402 adsunt.
2299 3366 2317 3399 ι

744 3427 1001 3492 Quaenam
1035 3429 1383 3495 h;rc?Fides,
1404 3432 1593 3496 virtus,
1643 3433 1888 3499 scientia,
1942 3437 2320 3505 temperantia,

745 3517 1031 3584 patientia,
1060 3517 1252 3585 pietas,
1282 3518 1521 3575 charitas
1541 3522 1801 3589 fraterna,
1825 3524 2061 3587 dilectio,
2084 3540 2203 3594 qua:
2218 3540 2323 3579 non

744 3606 936 3662 adesse
968 3616 1177 3663 tantum
1200 3619 1432 3680 oportet,
1461 3628 1647 3668 verum
1670 3615 1829 3670 etiam
1846 3618 2162 3672 exuberare.
2188 3617 2322 3671 Nam

748 3697 792 3749 si
828 3700 1129 3779 praesentia
1164 3700 1405 3770 prodest,
1448 3705 1618 3759 multo
1644 3707 1815 3776 magis
1845 3706 2175 3762 abundantia
2208 3709 2322 3763 sive

749 3789 1212 3857 opulentia.Qua:
1258 3802 1440 3847 autem
1504 3797 1754 3865 sequitur
1813 3814 1880 3853 ex
1929 3800 2015 3853 his
2074 3800 2323 3855 utilitas?

752 3878 1108 3936 Securitatem
1135 3884 1335 3940 habere
1357 3886 1423 3940 ad
1442 3888 1738 3942 secundum
1770 3889 1977 3943 Domini
2006 3891 2317 3947 adventum.

751 3970 886 4025 Eum
913 3988 1149 4044 namque
1181 3977 1267 4030 cui
1304 3993 1411 4032 non
1444 3980 1639 4033 adsunt
1667 3981 1800 4046 haec,
1836 3981 1888 4035 in
1928 3982 2094 4052 gloria
2124 3984 2322 4053 judicis

751 4063 1110 4131 advenientis,
1134 4077 1188 4120 et
1220 4069 1274 4121 in
1300 4070 1518 4124 modum
1544 4071 1673 4127 solis
1696 4074 2103 4142 resplendentis,
2162 4076 2320 4131 caeci-

752 4163 835 4206 tas
866 4156 1237 4225 subsequitur.
1272 4158 1370 4213 Ubi
1425 4160 1636 4215 etiamsi
1668 4174 1887 4231 aspectu
1939 4166 2207 4226 valeat.ne
2247 4168 2319 4221 ita

750 4244 966 4313 quidem
991 4257 1168 4314 potest
1186 4248 1300 4303 sine
1330 4249 1547 4306 laesione
1573 4267 1671 4322 per
1713 4253 1967 4309 affectum
2009 4257 2204 4311 intueri
2264 4258 2315 4311 id

753 4336 900 4403 quod
933 4337 1373 4406 splendissimum
1405 4349 1507 4404 est,
1542 4356 1665 4395 cum
1690 4358 1785 4397 sua
1809 4344 1927 4399 luce
1971 4361 2186 4415 semper
2216 4348 2314 4401 mi-

752 4438 873 4475 rum
903 4424 954 4476 in
981 4426 1202 4479 modum
1240 4428 1557 4495 splendente
1586 4439 1773 4485 natum
1831 4434 1902 4487 sit
1953 4449 2047 4489 eos
2096 4437 2319 4491 obtene-

2431 3248 2463 3316 ὴ
2474 3248 2589 3315 μῶν
2607 3248 2812 3317 ἐκχέαι.
2843 3265 2862 3297 ι
2899 3245 3087 3302 Ταῦτα
3111 3247 3220 3317 γὰρ
3246 3248 3375 3318 ὑμῖν
3397 3247 3712 3316 ὑπάρχοντα
3757 3264 3778 3299 ι
3811 3246 4001 3299 Ταῦτα

2432 3340 2559 3392 ποῖα
2585 3355 2600 3404 ;
2657 3338 2720 3393 Ἦ
2753 3338 2952 3402 πίστις,
2979 3341 3011 3409 ἠ
3041 3339 3233 3408 ἀρετὴ,
3257 3340 3291 3407 ἡ
3327 3336 3550 3407 γνῶσις,
3585 3340 3618 3408 ἡ
3660 3338 3934 3406 ὑπομονὴ,
3965 3339 4000 3407 ὴ

2430 3429 2704 3496 εὐσέϐεια,
2736 3431 2769 3499 ὴ
2800 3429 3142 3499 φιλαδελφία,
3174 3432 3206 3498 ὴ
3259 3429 3451 3498 ἀγάπη
3476 3445 3488 3458 ·
3538 3428 3696 3482 ἅτινα
3736 3429 3800 3481 οὖ
3837 3429 4001 3497 μόνον

2430 3524 2683 3589 παρεῖναι
2720 3523 2819 3585 δεῖ,
2844 3523 2978 3576 ἀλλὰ
3006 3524 3099 3574 καὶ
3116 3520 3452 3584 πλεονάζειν.
3495 3522 3558 3577 Εἰ
3585 3522 3693 3590 γὰρ
3722 3523 3753 3590 ἡ
3794 3537 4003 3590 παρον-

2432 3613 2521 3666 σία
2583 3614 2801 3681 ὠφελεῖ,
2857 3613 3032 3684 πολλῷ
3082 3614 3283 3684 μᾶλλον
3317 3615 3350 3683 ἡ
3400 3613 3707 3683 περιουσία.
3745 3612 3841 3674 Τίς
3880 3612 3999 3679 {si}

2430 3704 2489 3767 ἐξ
2518 3705 2696 3757 αὐτῶν
2728 3704 2964 3773 ὠφέλεια
2991 3723 3005 3770 ;
3038 3706 3111 3758 Τὸ
3141 3705 3454 3777 παρρησίαν
3491 3705 3635 3773 ἔχειν
3661 3704 3743 3767 είς
3777 3703 3879 3773 τὴν
3902 3702 4000 3755 τοῦ

2430 3793 2635 3863 Κυρίου
2664 3793 2922 3863 δευτέραν
2952 3793 3276 3864 παρουσίαν.
3300 3793 3390 3862 Τῷ
3420 3793 3531 3862 γάρ
3564 3792 3639 3861 μὴ
3666 3794 3845 3859 ἔχοντι
3867 3791 4003 3845 ταῦθ

2428 3901 2515 3950 τα,
2548 3886 2606 3935 ὲν
2637 3886 2762 3954 δόξῃ
2794 3884 2888 3938 τοῦ
2921 3886 3108 3954 κριτοῦ
3132 3886 3569 3954 παραγινομένου
3601 3886 3694 3936 καὶ
3738 3884 3814 3946 ὡς
3846 3884 4003 3953 ἡλίου

2428 3978 2927 4045 ἀπαστράπτοντος,
2964 3975 3241 4043 τύφλωσις
3273 3974 3646 4037 ἐπακολουθεῖ,
3674 3976 3879 4041 ὄπουγε
3906 3976 4005 4027 καὶ

2428 4070 2475 4120 εἰ
2503 4069 2707 4138 ἔρρωτο
2735 4069 2834 4136 τὴν
2857 4066 3001 4136 ὄψιν,
3035 4066 3146 4119 οὐδ’
3175 4065 3348 4129 οὕτως
3406 4066 3531 4135 ἐνῆν
3580 4064 3729 4133 αὐτῷ
3773 4064 4002 4127 ἀπαθῶς

2428 4162 2617 4229 ἐνορᾷν
2644 4160 2704 4212 τὸ
2732 4160 3149 4229 ὑπέρλαμπρον,
3178 4160 3484 4227 πεφυκότος
3514 4160 3601 4212 ἀεὶ
3620 4158 3717 4211 τοῦ
3747 4160 3890 4227 ἄγαν
3924 4161 4003 4229 τῷ

2427 4248 2569 4317 φωτὶ
2597 4248 3033 4311 ἀποστίλϐοντος,
3067 4247 3351 4318 ἀμαυροῦν
3404 4248 3512 4299 τῶν
3565 4247 3807 4311 ἀσθενῶς
3863 4248 4002 4321 πρὸς

2426 4339 2559 4391 αὐτὸ
2585 4339 2674 4390 τὸν
2697 4339 2975 4409 meum}...
2996 4339 3407 4409 ὲπερειδόντων.
3437 4339 3788 4398 Μυωπάζειν
3828 4341 3883 4392 δὲ
3938 4344 4000 4393 τό

2425 4430 2759 4498 τυφλώττειν
2807 4432 3043 4499 εἴρηται,
3090 4430 3200 4484 ἀπὸ
3262 4430 3369 4483 τῶν
3428 4431 3535 4483 ὑπὸ
3562 4432 3661 4501 τὴν
3699 4433 3803 4499 γῆν
3845 4434 4000 4501 μνῶν

752 4512 931 4573 brare,
990 4516 1080 4581 qui
1135 4516 1202 4570 ad
1275 4517 1406 4572 illud
1466 4520 1738 4575 debilibus
1779 4523 1950 4578 oculis
1997 4526 2315 4581 innituntur.

2427 4522 2644 4588 τυφλῶν
2668 4525 2749 4584 εἰς
2780 4523 2924 4576 ἅπαν
2948 4522 3359 4576 διατελούντων.
3391 4540 3409 4573 ι
3438 4523 3627 4593 Λήθην
3657 4524 3841 4577 λαϐὼν
3904 4526 4000 4578 τοῦ

750 4604 1079 4668 Μυωπάςειν
1115 4622 1243 4661 vero
1273 4609 1475 4663 dictum
1504 4622 1582 4665 est
1614 4627 1710 4681 pro
1754 4615 2031 4677 caecutire,
2079 4616 2184 4668 ἀπὸ
2214 4618 2322 4672 τῶν

756 4694 929 4763 μυῶν,
949 4696 1001 4749 id
1035 4706 1137 4759 est,
1163 4712 1192 4751 a
1228 4698 1517 4753 bufonibus
1539 4703 1640 4755 sub
1677 4709 1818 4755 terra
1861 4703 2200 4773 degentibus,
2229 4709 2319 4774 qui

751 4784 816 4835 ad
841 4783 1022 4836 omnia
1053 4786 1177 4838 caeci
1208 4797 1577 4854 perseverant.
1631 4808 1649 4841 ι
1692 4790 1903 4845 Oblitus
1922 4807 2041 4847 sese
2062 4809 2090 4847 a
2119 4798 2320 4849 veteri-

750 4873 852 4927 bus
880 4876 991 4928 suis
1022 4878 1276 4943 peccatis.
1312 4897 1330 4929 ι
1370 4878 1482 4935 lloc
1511 4880 1685 4935 simile
1705 4892 1787 4936 est
1814 4883 1885 4937 illi
1925 4886 2067 4953 quod
2098 4902 2126 4939 a
2163 4888 2319 4941 beato

749 4964 950 5019 Jacobi)
979 4965 1182 5019 dictum
1211 4975 1295 5020 est
1329 4986 1341 5021 :
1374 4987 1391 5018 ι
1417 4968 1469 5023 Si
1517 4971 1638 5038 quis
1678 4972 1861 5026 audiat
1885 4989 2187 5030 sermonem
2216 4994 2317 5033 nec

752 5072 872 5110 cum
907 5056 1063 5111 factis
1116 5060 1400 5127 exprimat,
1427 5060 1516 5114 hic
1554 5061 1749 5116 similis
1774 5073 1857 5117 est
1892 5066 2007 5119 viro
2060 5070 2316 5123 conside-

757 5148 899 5199 ranli
943 5148 1134 5201 faciem
1184 5150 1483 5205 nativitatis
1511 5166 1619 5204 suae
1641 5151 1694 5205 in
1725 5155 1964 5221 speculo.
1995 5156 2315 5213 Considera-

754 5239 989 5292 vitenim
1044 5241 1280 5309 seipsum
1321 5252 1377 5295 et
1427 5243 1577 5308 abiit,
1639 5246 1927 5314 statimque
1981 5247 2179 5303 oblitus
2237 5260 2321 5305 est

752 5330 929 5399 qualis
998 5331 1207 5385 esset‘.
1254 5350 1270 5382 ι
1309 5333 1442 5386 Nam
1477 5343 1531 5388 et
1562 5335 1648 5389 hic
1676 5350 1799 5389 cum
1848 5338 2084 5405 seipsum
2122 5357 2323 5411 cogno-

754 5420 922 5473 visset
976 5436 1131 5475 sacro
1171 5422 1497 5490 baptismate
1546 5436 1829 5496 purgatum
1876 5429 2086 5485 fuisse:
2136 5434 2260 5503 quia
2292 5449 2319 5486 a

753 5523 1096 5579 peccatorum
1120 5514 1467 5570 multitudine
1509 5516 1723 5571 ablutus
1787 5518 1981 5583 fuerat,
2039 5521 2176 5577 scire
2230 5524 2319 5577 de-

2431 4612 2773 4681 καθαρισμοῦ
2824 4612 2932 4665 τῶν
2980 4611 3149 4666 πάλαι
3198 4611 3362 4665 αὑτοῦ
3417 4613 3727 4682 ἁμαρτιῶν.
3759 4633 3779 4666 ι
3832 4614 4005 4667 Τοῦτο

2428 4705 2614 4772 ὅμοιον
2633 4702 2713 4772 τῷ
2744 4702 2849 4755 ὑπὸ
2892 4702 3166 4773 μακαρίου
3227 4702 3484 4756 Ἰακώϐου
3541 4705 3839 4775 εἰρημένῳ,
3895 4708 3999 4769 ὅτι,

2436 4814 2454 4845 ι
2483 4796 2549 4847 Εἴ
2574 4813 2657 4856 τις
2682 4796 2956 4865 ἀκροατὴς
2978 4794 3137 4861 λόγου
3165 4794 3282 4848 ἐστὶ
3312 4799 3403 4847 καὶ
3448 4795 3509 4848 οὗ
3536 4798 3789 4866 ποιητὴς,
3844 4789 4001 4860 οὗτος

2429 4886 2605 4937 ἔοικεν
2629 4886 2782 4954 ἀνδρὶ
2814 4884 3167 4939 κατανοοῦντι
3191 4886 3251 4939 τὸ
3284 4887 3580 4955 πρόσωπον
3612 4888 3712 4955 τῆς
3733 4889 4001 4954 γενέσεως

2428 4975 2592 5030 αὐτοῦ
2652 4977 2710 5026 ἐν
2765 4977 3035 5045 ἐσόπτρῳ.
3098 4978 3409 5047 Κατενόησε
3483 4978 3593 5047 γὰρ
3660 4980 3854 5031 ἑαυτὸν
3907 4981 4004 5031 καὶ

2425 5068 2653 5137 ἀπῆλθε,
2676 5070 2769 5119 καὶ
2799 5069 3004 5130 εὐθέως
3038 5068 3333 5122 ἐπελάθετο
3365 5071 3547 5133 ὁποῖος
3567 5065 3659 5140 ἦν,
3690 5088 3709 5122 ι
3752 5072 3863 5123 Καὶ
3891 5073 4003 5139 γὰρ

2426 5160 2519 5213 καὶ
2551 5156 2703 5222 οὗτος
2732 5162 2987 5226 ἐπιγνοὺς
3009 5162 3199 5215 ἑαυτὸν
3252 5162 3340 5215 διὰ
3380 5162 3474 5215 τοῦ
3525 5164 3867 5233 καθαρθῆναι
3923 5163 4003 5233 τῷ

2421 5254 2563 5321 ἁγίῳ
2593 5253 2943 5322 βαπτίσματι,
2969 5255 3050 5306 ὅτι
3085 5256 3322 5325 πλήθους
3364 5257 3653 5327 ἁμαρτιῶν
3672 5257 4001 5327 ἑξεπλύνθη,

2423 5343 2538 5395 δέον
2568 5344 2783 5406 εἰδέναι,
2816 5345 2897 5396 ὅτι
2924 5344 3217 5414 καθαρθεὶς
3246 5351 3342 5399 καὶ
3368 5348 3633 5416 ἀγιότητα
3686 5348 3871 5412 ἔλαϐε,
3902 5351 4002 5417 νή-

2423 5453 2544 5502 φειν
2583 5436 2667 5487 ἵνα
2714 5436 3008 5498 διαπαντὸς
3056 5439 3196 5506 τηρῇ
3251 5439 3343 5489 τὸν
3401 5439 3697 5505 ἁγιασμδν,
3730 5436 3792 5493 οὗ
3833 5442 4001 5509 χωρὶς

2431 5527 2602 5587 οὐδεὶς
2623 5526 2815 5594 ϐᾦεται
2853 5527 2943 5579 τὸν
2974 5527 3178 5597 Κύριον
3200 5545 3214 5558 ⁸
3254 5531 3280 5581 ὁ
3309 5528 3365 5581 δὲ
3399 5529 3716 5583 ἐπελάθετο.

752 5602 957 5658 buisset
981 5605 1123 5673 quod
1149 5614 1435 5677 purgatum
1479 5615 1535 5662 et
1587 5610 1927 5665 sanctitatem
1955 5620 2312 5667 consecutum
2355 5616 2579 5685 vigilare
2599 5616 2860 5686 oportuit,
2925 5626 2981 5671 ut
3031 5619 3376 5673 sanctitatem
3442 5634 3659 5688 semper
3732 5633 4008 5681 servaret.

753 5693 873 5745 sine
914 5708 1019 5760 qua
1052 5710 1211 5750 nemo
1249 5697 1453 5752 videbit
1502 5698 1673 5754 Deum
1725 5702 1746 5734 '
1784 5700 1914 5755 :ille
1951 5715 2082 5757 vero
2115 5702 2316 5758 oblitus
2350 5714 2451 5759 est.

824 5852 841 5881 ³
869 5849 984 5904 Jac.
1023 5870 1078 5916 ιι,
1105 5855 1189 5909 26.
1268 5856 1451 5912 ‘Rom.
1492 5876 1608 5930 xm,
1656 5862 1741 5917 15.
1822 5861 1973 5919 l’Jac.
2022 5880 2057 5930 ι,
2095 5863 2183 5931 25,
2214 5865 2303 5921 24.

2423 5864 2589 5922 Hebr.
2625 5881 2718 5934 xu,
2754 5868 2839 5922 lii.
