4166 6448
723 383 831 450 587

1754 376 2148 437 (ECUMENII
2192 377 2481 435 'I‘IIICCJE
2519 377 2857 437 EPISCOPI

3889 379 3984 439 588

726 495 964 561 peximus
982 492 1124 546 illius
1149 490 1501 562 maiestatem.
1535 490 1741 558 Accepit
1773 490 1911 542 enim
1936 506 1968 540 a
2007 488 2113 541 Deo
2142 486 2299 541 Putre

2403 488 2573 541 ὀπτα(
2606 490 2958 556 γενηθέντες
2975 487 3086 556 τῆς
3110 487 3347 542 ἐκείνου
3370 489 3852 557 μεγαλειότητος.
3880 496 3986 543 Aa-

725 587 971 640 honorem
1002 593 1050 640 et
1071 583 1321 655 gloriam,
1391 598 1510 637 voce
1575 584 1647 637 ad
1701 584 1875 650 ipsum
1943 581 2305 644 huiuscemodi

726 676 902 728 delata
926 692 958 727 ιι
991 673 1268 743 magniﬁca
1299 672 1469 744 gloria
1501 688 1519 725 :
1550 671 1653 726 Hic
1679 684 1751 727 est
1783 671 1955 727 Filius
1992 690 2137 727 meus
2175 673 2308 727 dile-

724 768 910 821 ctusin
948 783 1051 837 quo
1086 767 1214 821 mihi
1237 766 1607 835 complacitum
1645 775 1742 821 est.
1801 764 1872 819 Et
1931 768 2067 821 hanc
2131 784 2307 821 vocem

725 874 817 911 nos
870 858 1171 911 audivimus
1219 874 1246 911 e
1284 857 1408 910 c0310
1451 856 1708 923 delatam,
1748 873 1867 909 rum
1915 872 2143 910 essemus
2201 871 2303 908 una

725 966 841 1002 cum
864 949 978 1017 ipso
1009 950 1064 1001 in
1087 958 1257 1001 monte
1287 957 1490 1002 sancto.
1511 947 1577 1000 Et
1599 947 1850 1001 habemus
1872 947 2158 1015 ﬁrmiorem
2183 962 2307 1015 pro-

723 1041 987 1111 pheticum
1008 1039 1425 1102 sermonem,cui
1458 1039 1585 1092 dum
1614 1038 1886 1092 attenditis
1938 1054 2025 1091 seu
2080 1038 2307 1091 lucerna:

726 1130 1089 1202 apparentiin
1116 1133 1337 1183 obscuro
1367 1128 1480 1183 loco
1531 1138 1668 1183 recte
1712 1127 1884 1197 facitis
1915 1142 1935 1180 :
1982 1127 2143 1181 donec
2194 1128 2303 1181 dies

720 1220 1011 1282 illucescat,
1042 1230 1088 1274 et
1114 1218 1297 1290 lucifer
1325 1220 1599 1273 exoriatur
1630 1217 1685 1271 in
1717 1217 1960 1271 cordibus
2010 1218 2214 1272 vestris.
2247 1215 2303 1270 Si

718 1312 856 1366 illud
890 1313 1036 1379 prius
1059 1312 1305 1366 noveritis
1327 1311 1464 1382 quod
1492 1310 1661 1364 omnis
1694 1309 2002 1379 prophetica
2035 1310 2300 1379 scriptura

716 1420 827 1459 non
859 1404 923 1457 sit
956 1405 1183 1472 propriae
1212 1401 1681 1470 interpretationis.
1708 1400 1831 1454 Non
1864 1401 2004 1455 enim
2030 1400 2299 1453 voluntate

721 1495 944 1549 hominis
976 1495 1131 1548 illata
1166 1494 1263 1565 [uit
1303 1508 1534 1562 unquam
1586 1492 1900 1562 prophetia:
1941 1490 2099 1562 535
2140 1493 2229 1544 sed
2263 1508 2293 1543 η

719 1584 926 1655 Spiritu
954 1597 1136 1642 sancto
1154 1586 1366 1655 impulsi
1396 1585 1558 1640 locuti
1587 1584 1891 1639 suntsancti
1911 1582 2007 1637 Dei
2038 1582 2289 1636 homines.

2404 579 2522 633 σὼν
2549 579 2660 648 γὰρ
2682 578 2839 647 παρὰ
2870 579 3018 633 Θεοῦ
3039 579 3269 649 Πατρὸς
3296 579 3477 648 τιμὴν
3502 579 3600 634 καί
3628 578 3841 644 δόξαν,
3876 600 3986 649 5m-

2403 669 2519 737 νῆς
2556 670 2909 740 ἐνεχθείσης
2959 670 3120 733 αὐτῷ
3155 669 3398 725 τοιᾶσδε
3447 671 3568 725 ὑπὸ
3604 669 3717 739 τῆς
3742 676 3990 741 μεγαλο-

2404 762 2677 829 πρεποῦς
2700 762 2905 829 δόξης·
2935 757 3123 829 Οὗτός
3156 763 3377 818 ἐστινό
3406 764 3537 829 Υίός
3551 782 3669 833 μου
3696 769 3729 819 ό
3756 766 3989 833 ἀγαπη-

2403 851 2527 918 τὸς,
2555 854 2642 918 είς
2673 852 2745 906 ὃν
2769 853 2884 923 ἐγὼ
2932 852 3259 921 εὐδόκησα.
3303 855 3415 910 Καί
3456 857 3684 921 ταύτην
3716 856 3836 921 τὴν
3872 873 3989 924 φω-

2404 942 2528 1011 νὴν
2582 943 2753 1013 ἡμεῖς
2802 944 3158 1014 ἠκούσαμεν
3204 944 3273 1008 ἐξ
3322 945 3582 1014 οὐρανοῦ
3611 945 3986 1015 ἐνεχθεῖσαν,

2400 1034 2527 1088 σὺν
2565 1034 2725 1100 αὐτῷ
2764 1035 2937 1103 ὄντες
2963 1038 3034 1091 ἐν
3061 1036 3141 1104 τῷ
3165 1036 3286 1106 ὄρει
3314 1036 3393 1103 τῷ
3424 1040 3592 1108 ἁγίῳ.
3622 1040 3732 1095 Καὶ
3770 1038 3989 1108 ἔχομεν

2397 1128 2790 1197 βεϐαιότερον
2834 1128 2945 1182 τὸν
2994 1130 3370 1199 προφητικὸν
3421 1133 3633 1199 λόγον.
3665 1125 3741 1201 Ὦ
3788 1129 3989 1195 καλῶς

2402 1220 2623 1274 ποιεῖτε
2717 1220 3125 1289 προσέχοντες
3179 1224 3260 1289 ὡς
3325 1224 3534 1292 λύχνῳ
3581 1225 3861 1293 φαίνοντι
3919 1224 3989 1276 ὲν

2400 1313 2687 1384 αὐχμηρῷ
2734 1316 2914 1379 τόπῳ,
2956 1314 3067 1380 ἕως
3115 1311 3189 1370 οὗ
3257 1315 3445 1384 ἡμέρα
3506 1314 3825 1385 διαυγάσῃ,
3889 1316 3984 1366 καί

2402 1408 2724 1475 φωσφόρος
2749 1406 3033 1475 ἀνατείλῃ
3050 1406 3120 1458 ἐν
3143 1406 3272 1472 ταῖς
3288 1407 3561 1474 καρδίαις
3585 1406 3772 1476 ὑμῶν,
3811 1406 3988 1460 τοῦτο

2403 1496 2640 1564 πρῶτον
2669 1497 3089 1567 γινώσκοντες,
3121 1498 3249 1552 Ὅτι
3275 1496 3442 1553 πᾶσα
3473 1500 3804 1568 προφητειά
3854 1514 3985 1567 γρα-

2401 1586 2544 1655 φῆς,
2575 1587 2731 1654 ιδίας
2758 1588 3097 1655 ἐπιλύσεως
3142 1591 3214 1643 οὐ
3264 1590 3509 1659 γίνεται.
3544 1591 3626 1643 Οὐ
3659 1589 3768 1658 γὰρ
3808 1589 3986 1653 θελή-

715 1700 857 1752 ματι
886 1681 1200 1753 ἀνθρώπου
1236 1679 1463 1749 ἠνέχθη
1494 1676 1639 1731 ποτὲ
1667 1676 2020 1747 προφητεία,
2046 1677 2185 1731 ἀλλ’
2209 1676 2325 1733 ὑπὸ
2367 1680 2713 1750 Πνεύματος
2739 1682 2912 1752 ἁγίου
2953 1683 3266 1751 φερόμενοι
3318 1681 3633 1749 ἐλάλησαν
3710 1685 3765 1737 oi
3828 1683 3985 1752 ἄςσιει

722 1775 873 1830 Θεοῦ
904 1776 1224 1843 ἄνθρωποι.

792 1868 928 1925 Cum
969 1867 1195 1922 dixisset
1227 1865 1370 1936 quod
1419 1864 1660 1920 studiose
1698 1878 1758 1919 se
1802 1862 2004 1917 habere
2035 1862 2296 1928 debeant,

2475 1860 2660 1916 Εἰπὼν
2718 1863 3203 1934 περισπουδάστως
3267 1862 3413 1933 ἔχειν
3472 1863 3663 1926 αὐτοὺς
3722 1862 3983 1932 ὀφείλειν,

721 1972 779 2017 et
806 1977 869 2017 ea
894 1959 1147 2016 videlicet
1171 1973 1292 2028 quae
1321 1972 1349 2011 a
1380 1972 1439 2011 se
1466 1956 1681 2010 fuerant
1712 1953 1847 2024 ipsis
1875 1955 2219 2019 annuntiata,
2245 1965 2301 2010 et

722 2054 790 2110 de
829 2053 915 2106 his
954 2051 1175 2122 longum
1225 2048 1580 2119 explicuisset
1620 2061 1953 2110 sermonem,
1988 2046 2153 2116 idque
2192 2047 2302 2103 fre-

721 2156 954 2217 quenter
989 2164 1002 2202 :
1043 2158 1357 2214 quanquam
1388 2150 1441 2196 et
1478 2141 1683 2197 scirent
1710 2149 1766 2195 et
1795 2140 1958 2195 variis
1988 2141 2163 2197 modis
2199 2157 2297 2195 au-

723 2239 956 2302 dissent,
994 2252 1185 2292 eorum
1226 2251 1375 2289 nunc
1413 2234 1881 2289 conﬁrmationem
1912 2234 2213 2305 subiungit,
2245 2243 2301 2289 et

724 2329 801 2383 ait
833 2343 846 2381 :
880 2329 993 2381 Non
1022 2341 1215 2380 vanam
1237 2324 1381 2380 circa
1412 2325 1529 2379 haec
1558 2322 1791 2379 adhibeo
1816 2324 2176 2397 diligentiam,
2203 2326 2300 2381 sed

724 2434 848 2473 cum
870 2426 1071 2473 certam
1103 2431 1166 2471 ac
1198 2415 1558 2471 indubitatam
1584 2428 1705 2469 esse
1731 2413 1898 2469 sciam
1931 2416 2171 2486 ipsorum
2203 2432 2299 2472 ve-

722 2510 965 2569 ritatem.
1001 2510 1137 2564 adeo
1181 2508 1289 2563 illis
1326 2508 1606 2562 immoror.
1657 2506 1724 2561 Et
1753 2507 2010 2576 quidnam
2045 2509 2147 2563 hoc
2174 2512 2301 2565 est?

721 2598 843 2654 Non
887 2599 1123 2653 humana
1165 2597 1433 2666 sapientia
1474 2596 1543 2651 ad
1585 2610 1682 2651 vos
1717 2598 1803 2651 usi
1829 2599 2149 2667 ornatisque
2183 2616 2298 2655 ser-

724 2690 998 2756 monibus,
1013 2689 1179 2744 veluti
1204 2687 1487 2759 praestigiis
1511 2688 1756 2744 fallentes
1776 2689 2016 2745 auditum
2038 2698 2297 2757 vestrum,

723 2791 908 2837 notam
936 2781 1088 2836 vobis
1117 2780 1347 2835 fecimus
1376 2778 1590 2834 Domini
1614 2778 1870 2834 virtutem
1899 2789 1956 2834 et
1980 2780 2295 2847 adventum,

722 2874 868 2944 quod
917 2873 1087 2928 Graeci
1138 2871 1347 2927 faciunt
1393 2880 1449 2925 et
1505 2869 1747 2924 heretici
1793 2886 1808 2925 :
1860 2868 2033 2925 Graeci
2079 2872 2298 2941 quidem

724 2975 941 3036 compta
984 2965 1222 3020 dictione
1262 2971 1479 3020 utentes
1530 2977 1594 3018 ac
1639 2962 2013 3033 decipientes;
2058 2964 2298 3020 haeretici

723 3073 855 3112 vero
911 3056 1048 3111 ﬁctis
1100 3054 1442 3110 sermonibus
1489 3071 1504 3108 :
1541 3053 2009 3124 quemadmodum
2055 3051 2301 3109 Valenti-

2403 1954 2646 2025 δηλονότι
2675 1955 2754 2017 είς
2784 1953 2854 2008 τὰ
2903 1955 2995 2009 ὑπ’
3050 1954 3216 2008 αὐτοῦ
3271 1953 3725 2022 εὐαγγελισθέντα
3780 1955 3985 2019 αὐτοῖς,

2403 2047 2499 2100 καὶ
2522 2046 2879 2120 περὶτούτων
2931 2047 3099 2101 πολὺν
3151 2048 3474 2110 κατατείνας
3529 2046 3621 2099 τὸν
3671 2047 3845 2113 λόγον.
3893 2050 3988 2101 καὶ

2402 2139 2685 2205 πολλάκις,
2717 2139 2919 2211 καίπερ
2942 2126 3171 2201 είδόταξ
3196 2142 3293 2193 καὶ
3340 2141 3647 2210 ἀκηκοότας
3686 2140 3985 2210 διαφόρως,

2401 2231 2497 2286 νῦν
2534 2232 2596 2285 τὺ
2625 2233 2953 2286 πιστωτικὸν
2994 2233 3174 2285 αὐτῶν
3210 2233 3483 2304 ἐπιφέρει,
3530 2232 3623 2286 καί
3656 2250 3839 2302 φησιν,
3902 2236 3985 2287 ὅτι

2403 2322 2479 2375 Οὐ
2510 2320 2688 2391 μάτην
2719 2321 2821 2392 τὴν
2849 2320 2978 2390 περὶ
3018 2321 3158 2374 αὐτὰ
3192 2321 3515 2391 ἐπιμέλειαν
3569 2323 3981 2391 ἐπιδείκνυμαι,

2401 2415 2537 2469 ἀλλά
2569 2414 2629 2469 τὸ
2648 2414 2863 2487 καίριον
2901 2414 3081 2469 αὐτῶν
3119 2417 3488 2485 ἐπιστάμενος
3525 2416 3622 2467 καὶ
3683 2415 3989 2485 ἀληθέστα-

2403 2524 2518 2573 τον,
2550 2507 2693 2561 κατά
2715 2506 2968 2561 τοσοῦτον
2994 2507 3175 2561 αὐτῶν
3208 2507 3560 2578 περιέχομαι.
3621 2506 3731 2560 Καὶ
3760 2507 3811 2560 τί
3859 2509 3989 2561 τοῦ-

2401 2616 2464 2652 το
2490 2617 2507 2666 ;
2533 2598 2607 2653 Τὸ
2632 2599 2709 2670 μὴ
2741 2599 2903 2671 σοφία
2927 2600 3245 2673 ἀνθρωπίνῃ
3277 2601 3659 2672 χρησαμένους
3683 2601 3762 2665 είς
3815 2602 3985 2670 ὑμᾶς,

2404 2692 2501 2745 καὶ
2521 2690 2853 2761 κεκαλλιεπη
2864 2691 3045 2761 μένοις
3060 2690 3241 2759 λόγοις
3256 2693 3802 2762 καταγοητεύσαντας
3829 2695 3858 2746 ὑ
3869 2694 3989 2763 μῶν

2402 2783 2503 2852 τὴν
2530 2783 2721 2852 ἀκοὴν,
2746 2783 3010 2853 γνωρίσαι
3059 2783 3159 2853 τὴν
3183 2782 3275 2836 τοῦ
3321 2785 3524 2851 Κυρίου
3573 2784 3805 2855 δύναμιν
3856 2786 3990 2854 ὑμῖν

2402 2877 2499 2929 καὶ
2530 2874 2853 2943 παρουσίαν,
2878 2873 2906 2927 ὃ
2951 2873 3200 2927 ποιοῦσιν
3236 2874 3497 2946 Ἕλληνες
3549 2878 3645 2932 καὶ
3694 2878 3985 2947 triperton-

2402 2964 2666 3037 Ἕλληνες
2702 2965 2800 3035 μὲν
2824 2968 2889 3037 τῇ
2941 2964 3255 3036 καλλιλεξία
3304 2966 3581 3036 χρώμενοι
3635 2969 3733 3021 καί
3781 2969 3989 3035 ἑξαπα-

2400 3058 2639 3121 τῶντες·
2675 3058 2946 3128 αἱρετικοὶ
2986 3057 3045 3112 δὲ
3104 3060 3215 3121 τοῖς
3276 3060 3620 3129 πλάσμασιν
3667 3060 3743 3123 ὡς
3785 3062 3833 3114 οἱ
3880 3062 3989 3115 ἀπὺ

724 3148 874 3204 niani
907 3146 1303 3218 profunditates
1340 3160 1405 3202 ac
1436 3145 1715 3202 silentium
1754 3145 2061 3217 prodigiose
2093 3147 2301 3217 tingen-

2406 3149 2783 3210 Οὐαλεντίνου,
2842 3148 3039 3217 βυθοὺς
3101 3151 3195 3204 καὶ
3256 3152 3417 3218 σιγὴν
3477 3153 3987 3223 τερατολογοῦντες,

726 3251 827 3297 tes.
862 3211 1164 3296 verisimile
1196 3240 1340 3295 enim
1369 3248 1453 3294 est
1480 3238 1624 3309 quod
1665 3211 1775 3307 jam
1808 3211 2141 3307 incipiebant
2171 3211 2304 3293 sub—

2409 3243 2569 3305 Εἱκὸς
2595 3243 2703 3313 γὰρ
2728 3211 2927 3306 αὐτοὺς
2967 3211 3065 3296 καὶ
3111 3242 3210 3314 ἤδη
3242 3211 3506 3313 spissam
3543 3211 3985 3316 ’ὑποφυομένους

717 3333 878 3389 oriri.
924 3332 1072 3387 Nihil
1114 3332 1295 3401 itaque
1334 3330 1648 3400 huiusmodi
1679 3329 2095 3399 deprehendere
2127 3339 2211 3384 est
2247 3329 2301 3383 in

726 3424 908 3488 nobis,
950 3424 1045 3479 sed
1080 3422 1312 3494 simplici
1358 3438 1422 3478 ac
1470 3422 1659 3476 humili
1690 3435 1944 3476 sermone
1981 3421 2305 3476 tradidimus

726 3515 885 3570 vobis
923 3514 1225 3569 doctrinam
1257 3531 1271 3569 :
1300 3514 1445 3584 quod
1486 3514 1649 3568 etiam
1689 3512 1890 3567 Paulus
1921 3514 2052 3577 dicit
2090 3514 2157 3568 ad
2202 3512 2308 3567 Co-

718 3607 965 3663 rinthios
998 3608 1019 3639 ⁸
1068 3624 1085 3663 :
1142 3616 1197 3663 et
1249 3622 1311 3662 ea
1363 3621 1486 3676 qum
1531 3621 1598 3661 ex
1652 3606 1933 3661 oculorum
1992 3615 2303 3660 nostrorum

725 3710 952 3771 aspectu
998 3699 1285 3765 habemus,
1329 3700 1422 3770 qui
1471 3714 1579 3753 una
1621 3714 1745 3753 cum
1800 3698 1919 3769 ipso
1962 3700 2016 3753 in
2064 3708 2303 3754 montem

720 3805 981 3852 sanctum
1015 3793 1420 3850 ascendimus'.
1465 3792 1605 3847 Dicit
1632 3802 1814 3847 autem
1841 3801 2117 3847 ostensam
2170 3793 2305 3863 ipsis

728 3887 789 3943 in
821 3894 1006 3942 monte
1046 3895 1236 3941 sancto
1275 3899 1442 3954 super
1469 3883 1817 3954 Unigenitum
1847 3884 2096 3954 gloriam.
2124 3894 2179 3939 et
2209 3899 2289 3940 vo-

728 3995 850 4036 cem
882 3993 1047 4049 quam
1083 3994 1114 4033 a
1146 3977 1304 4033 Patre
1336 3976 1405 4031 de
1440 3975 1579 4032 ctelo
1615 3976 1832 4029 allatam
1872 3982 2095 4045 propter
2125 3976 2305 4031 Domi-

729 4088 864 4128 num
900 4071 1217 4127 audierunt.
1249 4069 1518 4135 Quoniam
1551 4077 1734 4122 autem
1771 4067 1934 4121 rebus
1970 4067 2102 4137 ipsis
2133 4077 2189 4123 et
2217 4082 2308 4123 ex-

731 4162 997 4234 perientia
1025 4159 1381 4232 cognovimus
1410 4174 1530 4229 quae
1558 4158 1784 4212 fuerunt
1811 4172 1841 4211 a
1870 4158 2153 4227 prophetis
2178 4174 2304 4228 pro-

730 4254 999 4317 nuntiata,
1056 4252 1376 4317 ﬁrmiorem,
1432 4250 1628 4320 inquit,
1683 4264 1782 4319 per
1829 4250 1946 4304 haec
1996 4250 2303 4319 iudicamus

731 4346 1074 4416 prophetiam
1100 4345 1340 4414 ipsorum
1371 4353 1386 4396 :
1411 4357 1537 4396 nam
1564 4355 1653 4395 res
1682 4341 1814 4410 ipsa:
1843 4350 2153 4396 consecutae
2176 4351 2305 4397 sunt

734 4451 1016 4492 sermones
1038 4452 1100 4491 ac
1131 4434 1371 4490 oracula.
1402 4432 1608 4489 Idcirco
1631 4440 1687 4487 et
1713 4446 1808 4487 vos
1837 4440 1983 4487 recte
2008 4432 2187 4486 facitis
2218 4442 2301 4486 at-

737 4530 1024 4585 tendentes
1053 4527 1371 4597 prophetiae,
1394 4526 1509 4580 sive
1535 4525 1622 4579 his
1644 4539 1764 4618 qua:
1792 4538 1823 4577 a
1851 4524 2135 4618 prophetis
2160 4540 2297 4593 prae-
2332 4563 2374 4618 υ

736 4622 880 4677 dicta
918 4629 1045 4675 sunt
1073 4636 1087 4673 :
1116 4632 1428 4687 quanquam
1460 4624 1589 4671 tunc
1617 4617 1847 4671 obscure
1885 4617 1953 4670 ab
1997 4617 2129 4686 ipsis
2155 4618 2300 4672 dicta

739 4711 980 4769 fuerunt,
1007 4716 1062 4760 et
1088 4707 1140 4759 in
1167 4705 1571 4760 similitudinem
1597 4705 1832 4760 lucernae
1862 4706 2103 4759 ardentis
2134 4708 2185 4760 in
2217 4722 2306 4761 ca-

738 4798 967 4868 liginoso
1011 4796 1149 4850 loco.
1196 4794 1517 4865 Huiusmodi
1558 4794 1708 4849 enim
1741 4804 1824 4849 est
1860 4796 2118 4864 squalens
2156 4797 2306 4852 locus

740 4888 873 4944 solis
917 4888 1109 4942 ardore
1150 4886 1479 4941 subexustus
1521 4900 1588 4940 ac
1628 4886 1857 4940 humore
1906 4901 2085 4940 aerem
2136 4888 2306 4941 infor-

740 4988 925 5034 mante
964 4979 1229 5047 privatus.
1258 4975 1413 5031 Unde
1444 4990 1671 5028 necesse
1700 4985 1782 5028 est
1815 4987 1872 5030 ut
1902 4991 1996 5030 acr
2024 4978 2113 5045 qui
2145 4979 2306 5031 solari

741 5069 893 5125 radio
932 5068 1225 5131 subservit,
1266 5081 1391 5121 cum
1435 5066 1774 5135 periclitetur
1806 5080 1875 5119 ne
1909 5081 2058 5120 suam
2098 5070 2309 5121 amittat

739 5160 1152 5231 proprietatem,
1185 5173 1303 5212 sese
1336 5159 1645 5212 ministrum
1680 5157 2017 5225 “legitimum
2042 5158 2138 5212 soli
2171 5175 2306 5227 pm:-

742 5255 886 5317 beat,
914 5268 976 5307 ac
1010 5252 1197 5305 radius
1227 5258 1481 5319 tanquam
1511 5264 1609 5318 per
1637 5250 1975 5320 illegitimum
2000 5251 2307 5305 vehiculum

741 5346 969 5407 delatus,
997 5343 1288 5397 obscurum
1329 5339 1410 5393 sui
1448 5340 1791 5408 splendorem
1822 5340 2090 5394 exhibeat.
2118 5343 2309 5395 Atten-

741 5435 933 5489 dentes
961 5444 1142 5487 autem
1175 5432 1260 5486 his
1282 5446 1401 5499 qua:
1435 5430 1507 5483 ita
1544 5432 1774 5484 obscure
1801 5447 1829 5483 ιι
1861 5432 2140 5500 prophetis
2164 5435 2305 5486 dicta

743 5534 890 5585 sunt,
924 5540 1033 5578 non
1081 5522 1463 5577 fraudabimini
1514 5537 1609 5591 spe
1643 5532 1840 5587 vestra,
1880 5524 2062 5584 rebus.
2108 5527 2307 5594 inquit,

742 5627 843 5668 suo
870 5622 1113 5682 tempore
1139 5611 1553 5667 succedentibus
1580 5623 1593 5662 :
1629 5609 1790 5680 536
1817 5627 1950 5679 quas
1976 5614 2137 5665 ctiam
2165 5616 2306 5667 diem

849 5794 868 5825 ⁶
895 5790 912 5844 |
940 5790 1065 5846 Cor.
1100 5788 1238 5857 ",1.
1313 5789 1331 5821 τ
1374 5787 1561 5843 Matth.
1588 5804 1717 5850 xvii,
1753 5792 1768 5841 Ι

2406 3334 2571 3389 Οὐδὲν
2614 3330 2708 3387 οὖν
2736 3334 2979 3387 τοιοῦτον
3004 3337 3291 3388 κατανοεῖν
3335 3335 3484 3388 εστιν
3540 3337 3598 3388 ὲν
3638 3339 3791 3407 ἡμῖν,
3840 3341 3988 3408 Διτῷ

2403 3426 2512 3496 γὰρ
2543 3424 2892 3495 πεποιήμεθα
2926 3424 3069 3495 λόγῳ
3092 3427 3191 3493 τὴν
3222 3424 3359 3496 πρὸς
3412 3428 3556 3495 ὑμᾶς
3613 3427 3987 3486 διδασκαλίαν.

2402 3519 2432 3572 ὃ
2466 3521 2563 3573 καὶ
2592 3518 2804 3582 Παῦλος
2834 3519 2969 3589 πρὸς
3001 3519 3323 3589 Κορινθίους
3384 3521 3539 3590 φησι,
3582 3520 3677 3572 καὶ
3726 3521 3872 3591 Ξπερ
3933 3523 3991 3585 ἐξ

2405 3611 2674 3681 αὐτοψίας
2726 3610 2943 3682 ἔχομεν,
3002 3613 3051 3664 ol
3104 3612 3163 3664 ἐν
3192 3610 3270 3681 τῷ
3301 3611 3419 3682 ὄρει
3459 3610 3538 3681 τῷ
3586 3612 3727 3683 ἀγέῳ
3758 3629 3992 3666 συνανα-

2402 3704 2596 3768 ϐάντες
2629 3704 2798 3771 αὐτῷ.
2836 3704 3000 3772 Λέγει
3028 3704 3086 3756 δὲ
3115 3703 3214 3773 τὴν
3242 3705 3299 3757 ὲν
3327 3705 3394 3774 τῇ
3431 3706 3856 3773 μεταμορφώσει
3878 3706 3991 3758 δει-

2404 3797 2628 3867 χθεῖσαν
2658 3798 2845 3860 αὐτοῖς
2882 3797 2989 3849 ὑπο
3031 3796 3125 3849 τοῦ
3156 3795 3497 3862 Μονογενοῦς
3530 3795 3711 3860 δόξαν,
3744 3799 3842 3850 καὶ
3888 3802 3989 3866 τὴν

2406 3889 2610 3957 φωνὴν,
2643 3887 2711 3957 ἢν
2752 3888 2858 3939 ὑπὸ
2897 3886 2990 3939 τοῦ
3016 3885 3229 3955 Πατρδς
3285 3885 3345 3950 ἐξ
3399 3886 3628 3956 οὐρανοῦ
3671 3889 3990 3956 ἐνεχθεῖσαν

2404 3977 2493 4031 διὰ
2521 3978 2613 4031 τδν
2636 3977 2841 4046 Κύριον
2867 3978 3127 4047 ἤκουσαν.
3168 3974 3325 4029 Ἐπεὶ
3350 3976 3406 4029 δὲ
3432 3976 3520 4029 διὰ
3558 3977 3668 4030 τῶν
3716 3982 3989 4049 πραγμα-

2402 4083 2515 4120 των
2538 4066 2781 4136 ἔγνωμεν
2813 4066 2909 4119 καὶ
2944 4066 3045 4134 τῆς
3076 4069 3274 4134 πείρας
3300 4068 3371 4121 τὰ
3409 4067 3513 4120 ὑπὸ
3539 4070 3650 4121 τῶν
3680 4072 3986 4141 προφητῶν

2403 4158 2954 4229 προκατηγγελμένα,
2994 4156 3348 4227 βεϐαιοτέραν
3381 4159 3665 4229 κρίνομεν,
3698 4163 3856 4230 φησι,
3897 4164 3990 4217 διὰ

2402 4249 2607 4304 τούτων
2668 4249 2769 4321 τὴν
2815 4248 3153 4321 προφητείαν
3206 4248 3407 4305 αὐτῶν.
3462 4250 3589 4313 Τοῖς
3633 4250 3815 4319 λόγοις
3874 4256 3992 4326 γαρ

2405 4341 2813 4413 ἐπηκολούθησε
2846 4341 2914 4395 τὰ
2943 4342 3269 4412 πράγματα.
3296 4341 3387 4395 Διδ
3428 4342 3523 4395 καὶ
3579 4343 3741 4413 ὑμεῖς
3800 4346 3989 4411 καλῶς

2403 4437 2629 4500 ποιεῖτε,
2662 4433 3022 4505 προσέχοντες
3062 4437 3128 4505 τῇ
3172 4435 3503 4506 προφητεία,
3562 4436 3680 4505 ἦτοι
3718 4439 3833 4495 τοῖς
3880 4439 3991 4492 ὁπὸ

2404 4527 2515 4579 τῶν
2563 4526 2858 4596 προφητῶν
2908 4526 3416 4596 προλελαλημένοις,
3479 4526 3584 4579 κᾶν
3615 4528 3665 4579 εί
3722 4528 3993 4598 ἀμυδρῶς

2406 4619 2500 4671 ὑπ’
2521 4619 2701 4673 αὐτῶν
2732 4617 2927 4689 ἐλέχθη
2966 4618 3110 4683 τότε,
3151 4618 3245 4670 καὶ
3277 4600 3548 4687 κατὰςτὴν
3575 4618 3761 4671 είκόνα
3797 4620 3893 4672 τοῦ
3933 4624 3994 4673 ἐν

2405 4707 2633 4776 ζοφώδει
2653 4708 2803 4778 τόπῳ
2827 4708 3118 4777 καιομένου
3143 4706 3360 4777 λύχνου.
3387 4708 3640 4763 Τοιοῦτον
3668 4709 3777 4779 γὰρ
3802 4713 3832 4764 ὁ
3853 4711 3990 4780 αὖχ-

2408 4799 2584 4869 μηρὸς
2619 4800 2783 4863 τόπος
2817 4803 2883 4868 τῇ
2912 4799 3007 4852 τοῦ
3050 4799 3199 4870 ἡλίου
3265 4800 3701 4869 ὕπεκκαιόμενος
3770 4802 3991 4870 θαλῴει.

2406 4890 2631 4959 καὶτῆς
2658 4890 2751 4942 τὸν
2803 4890 2941 4958 ἀέρα
2974 4890 3347 4961 εἰδοποιούσης
3396 4891 3597 4954 νοτίδος
3648 4893 3992 4963 ἀποστερού-

2410 4997 2590 5051 μενος.
2634 4981 2750 5048 ’A-p‘
2781 4973 2976 5046 οὖ,τδν
2998 4979 3353 5035 διακονοῦντα
3379 4982 3519 5050 ἀέρα
3563 4985 3629 5051 τῇ
3676 4981 3768 5034 τοῦ
3828 4984 3989 5052 ἡλίου

2406 5075 2605 5137 ἀκτῖνι,
2637 5073 2736 5143 τὴν
2760 5072 2953 5126 ἑαυτοῦ
2982 5073 3359 5126 κινδυνεύοντα
3415 5073 3654 5142 ἰδιότητα
3694 5075 3990 5140 ἀπολέσαι,

2406 5164 2620 5232 ἀνάγκη
2654 5165 2808 5217 νόθον
2848 5165 3108 5234 παρέχειν
3154 5165 3348 5217 ἑαυτὸν
3399 5164 3645 5218 διάκονον
3686 5168 3763 5238 τῷ
3823 5168 3992 5237 ἡλίῳ,

2408 5258 2502 5308 καὶ
2528 5256 2602 5318 ὡς
2629 5256 2717 5308 διὰ
2754 5255 2909 5308 νόθου
2945 5255 3221 5325 ὀχήματος
3266 5257 3365 5326 τὴν
3400 5260 3595 5313 ἀκτῖνα
3644 5260 3989 5327 φερομένην,

2410 5347 2654 5415 ἀμυδρὰν
2681 5346 2779 5417 τὴν
2820 5347 3017 5414 ἑαυτῆς
3044 5347 3347 5415 ἐπιφαίνειν
3397 5348 3777 5419 λαμπρότητα.
3806 5351 3993 5419 Προσ-

2407 5436 2622 5504 έκοντες
2678 5437 2737 5488 δὲ
2769 5437 2878 5498 τοῖς
2909 5435 3083 5497 οὕτως
3111 5436 3338 5503 άσαξῶς
3368 5436 3471 5489 ὑπὸ
3530 5437 3639 5489 τῶν
3682 5440 3991 5507 πῳφητῶι

2405 5530 2759 5598 ιίρημένοις,
2832 5529 2931 5580 οὐκ
2984 5530 3313 5598 ἀστοχήσετε
3387 5528 3484 5596 τῆς
3558 5530 3791 5592 ἐλπίδος.
3863 5531 3995 5583 Τῷυ

2409 5621 2749 5689 πραγμάτων
2780 5620 2908 5690 γὰρ,
2944 5620 3099 5690 φησὶ,
3126 5620 3265 5673 κατὰ
3296 5621 3424 5674 iota-2
3449 5623 3637 5692 καιρὸν
3687 5642 3995 5693 παραγινο-
