4166 6448
194 394 294 460 589

1144 387 1528 448 COMMEVT.
1570 385 1650 445 IN
1692 382 1920 442 El’IST.
1968 382 2024 441 ll
2070 384 2125 442 S.
2169 383 2416 441 PETRI.

3334 385 3434 446 590

194 506 391 575 μένων,
415 499 453 555 ἃ.
472 502 568 554 καὶ
603 500 810 571 ἡμέραν
837 498 994 552 ἐκάλε
1008 515 1085 558 σε,
1122 499 1301 567 σοφῶς
1333 497 1469 565 ἄγαν
1500 498 1564 566 τῇ
1594 497 1767 565 τροπῇ

1872 490 2331 559 appellavit,scite
2353 492 2642 546 admodum
2670 494 2722 547 iu
2750 504 2904 563 trOpo
2932 508 3279 565 permanens.
3301 496 3442 551 Dixit

190 594 503 666 ἐπιμείνας,
541 588 685 663 (εἷπε
724 592 831 660 γὰρ
864 590 1059 660 λύχνον
1106 591 1199 642 καὶ
1241 589 1407 641 τόπον
1464 587 1767 657 αὐχμηρὸν,

199 689 316 758 ἦτοι
386 686 602 755 ζοφώδη
642 686 734 738 καὶ
774 682 1073 745 σκοτεινὸν,
1112 681 1247 749 ὅπερ
1281 682 1377 752 καὶ
1405 680 1438 748 ἡ
1464 678 1561 743 νύξ
1610 675 1769 745 ἐστι.)

188 780 370 831 Νυκτὶ
424 778 482 831 δὲ
536 778 683 845 πάσῃ
734 775 919 845 ἡμέρα
946 771 1320 826 ἐπακολουθεῖο
1370 769 1612 839 Ἡμέρας
1654 765 1768 833 οὖν,

192 872 349 938 φησι,
389 868 870 938 παραγινομένης,
936 866 1035 933 τῆς
1087 862 1194 915 τῶν
1227 860 1568 932 πραγμάτων
1629 860 1799 928 λέγωίίν

192 960 515 1031 παρουσίας,
558 958 707 1024 εξετε
728 960 817 1011 τὸν
849 957 1138 1027 φωσφόρον
1167 954 1523 1008 ἀνατέλλοντα
1557 956 1615 1006 ἐν
1648 956 1769 1017 ταῖς

190 1052 443 1119 καρδίαις
477 1050 655 1121 ὑμῶν,
688 1052 980 1118 (τουτέστι,
1006 1046 1106 1116 τὴν
1140 1044 1236 1099 τοῦ
1273 1042 1512 1115 Χριστοῦ
1546 1044 1768 1111 γνῶσιν,

190 1146 311 1214 ἦτοι
357 1144 461 1212 τὴν
508 1141 815 1211 παρουσίαν
860 1137 1030 1192 αὐτοῦ
1073 1136 1171 1207 τὴν
1207 1134 1771 1205 προκατηγγελμὲνην

189 1234 297 1287 ὑπὸ
320 1233 432 1287 τῶν
460 1229 804 1301 προφητῶν,)
831 1230 927 1282 καὶ
956 1228 1031 1289 ὡς
1057 1229 1171 1297 φῶς
1188 1226 1385 1297 ἀληθὲς
1414 1226 1513 1288 τὰς
1542 1224 1770 1296 καρδίας

190 1326 345 1393 ὑμῶν
380 1323 853 1394 ἐλλαμπρύνοντα.
898 1318 1032 1375 Εἶτα
1063 1322 1259 1389 ἐπάγει
1312 1318 1769 1389 ἐπεξηγούμενος,

187 1418 277 1471 δια
304 1418 359 1470 τί
383 1418 429 1469 cl
465 1415 751 1486 προφῆται
783 1414 856 1467 τὰ
881 1415 974 1467 ὑπ’
1006 1413 1185 1467 αὐτῶν
1212 1411 1481 1482 εἰρημένα
1542 1411 1640 1481 οὐχ
1673 1412 1773 1481 ηρ·

189 1511 491 1579 μήνευσαν,
524 1508 642 1578 ἅμα
669 1506 726 1559 δὲ
762 1507 857 1559 καὶ
884 1504 1151 1573 διακρίνει
1177 1503 1277 1572 τὴν
1327 1501 1507 1571 ἀληθῆ
1560 1519 1772 1573 προφη-

184 1600 335 1652 τείαν
370 1598 470 1669 τῆξ
506 1588 890 1669 δαιμονιώδους
944 1598 1040 1650 καὶ
1090 1595 1355 1664 πλαστῆς,
1394 1594 1518 1665 ῆτις
1556 1594 1652 1647 καὶ
1713 1594 1772 1645 ἐν

183 1694 301 1752 τοϊς
331 1694 632 1763 αἱρετικοίς
668 1690 970 1761 ἐνεργοῦσα
993 1688 1492 1759 καταλαμδάνεται,
1551 1686 1642 1740 καί
1665 1702 1771 1755 φη-

188 1797 297 1844 σιν,
323 1783 406 1834 ὅτι
452 1801 470 1835 ι
503 1780 663 1836 Πᾶσα
688 1780 991 1851 προφητεία
1026 1781 1273 1851 Γραφῆς,
1310 1780 1446 1843 ίδξας
1470 1778 1771 1840 ἐπιλύσεως

185 1867 246 1918 οὐ
277 1866 509 1933 γίνεται,
541 1884 560 1917 ι
592 1868 891 1928 τουτέστιν,
911 1867 993 1919 ὅτι
1017 1865 1353 1935 λαμϐάνουσι
1382 1866 1480 1934 μὲν
1507 1865 1614 1918 ἀπὸ
1635 1862 1772 1916 Θεοῦ

184 1958 234 2009 οί
266 1956 544 2027 προφῆται
578 1957 679 2025 τὴν
719 1955 1077 2027 προφητείαν,
1130 1954 1247 2007 ἀλλ’
1300 1956 1397 2024 οὐχ
1441 1954 1518 2017 ὼς
1571 1954 1772 2005 ἐκεῖνοι

188 2047 491 2116 βούλονται,
524 2045 645 2098 ἀλλ’
684 2045 759 2109 ὡς
792 2046 854 2098 τὸ
880 2044 1065 2098 κινοῦν
1112 2045 1311 2106 αὐτοὺς
1362 2043 1506 2096 Θεῐον
1558 2044 1776 2113 ἐνεργεῖ

188 2139 438 2208 Πνεῦμα.
499 2140 609 2192 Καὶ
678 2139 873 2208 ᾔδεσαν
935 2138 1036 2208 μὲν
1068 2139 1176 2191 καὶ
1206 2138 1457 2190 συνίεσαν
1494 2137 1583 2191 τὸν
1613 2156 1774 2193 κατα-

186 2229 544 2298 πεμπόμενον
574 2228 759 2291 αὐτοῖς
811 2228 1155 2300 προφητικὸν
1222 2228 1381 2297 λόγον
1420 2268 1434 2291 ,
1479 2229 1541 2282 οὐ
1590 2229 1771 2298 μέντοι

188 2322 285 2375 καὶ
316 2322 418 2390 τὴν
440 2321 689 2375 ἐπίλυσιν
719 2321 886 2375 αὑτοῦ
911 2322 1214 2375 ἐποιοῦντο.
1276 2324 1386 2375 Καὶ
1425 2322 1506 2375 ὅτι
1555 2323 1604 2374 οί
1665 2323 1773 2376 ἀπὸ

189 2412 335 2466 θείου
364 2414 755 2484 ἐνεργούμενοι
788 2414 1107 2485 Πνεύματος
1145 2415 1422 2484 προφῆται
1452 2414 1649 2485 ᾔδεσαν
1696 2415 1773 2477 ὠς

187 2505 297 2558 ἀπὸ
331 2504 470 2558 Θεοῦ
506 2507 931 2576 καταπέμπεται
962 2508 990 2560 6
1029 2506 1186 2573 λόγος
1212 2507 1415 2571 αὐτοῖς,
1477 2507 1636 2576 δῆλον
1678 2508 1773 2577 ἀφ’

186 2591 260 2650 ὧν
288 2598 507 2661 ἑκόντες
534 2599 863 2669 ὑπούργουν,
924 2602 1021 2654 καὶ
1046 2599 1074 2652 ὃ
1116 2600 1184 2654 ἂν
1212 2600 1405 2671 ἤθελον
1457 2600 1700 2664 ἐλάλουν,
1732 2599 1761 2654 ὃ

187 2690 243 2743 δὲ
302 2691 379 2760 μὴ
444 2690 655 2761 ἤθελον,
714 2691 987 2745 ἐσιώπων
1018 2693 1095 2755 ὡς
1156 2692 1343 2752 Ἰωνᾶς
1401 2692 1430 2744 6
1482 2694 1773 2764 προφήτης

188 2783 630 2853 παραιτούμενος
650 2784 711 2837 τὸ
738 2787 1000 2855 κήρυγμα
1033 2785 1130 2853 τῆς
1169 2783 1359 2836 Νινευῖ
1389 2802 1401 2813 ·
1446 2786 1541 2838 καὶ
1573 2788 1600 2835 ὁ
1662 2786 1770 2839 Βα-

188 2874 343 2943 λαὰμ
380 2876 900 2946 παραγγελλόμενος
949 2876 1182 2947 λαλῆσαι
1237 2877 1306 2929 τὰ
1357 2876 1773 2947 ὑποδαλλόμενα

189 2966 363 3037 αὐτῷ,
390 2967 451 3020 οὐ
481 2970 589 3038 μὴν
621 2970 716 3023 καὶ
746 2969 795 3021 οἱ
821 2968 1292 3038 ψευδοπροφῆται,
1324 2968 1357 3039 ἢ
1390 2968 1459 3022 τὰ
1496 2969 1772 3039 Ἐλλήνων

194 3063 447 3129 μαντεία.
475 3061 551 3114 Οὐ
582 3059 692 3130 γὰρ
731 3059 953 3132 ᾔδεσαν,
997 3060 1057 3112 ἐν
1100 3058 1179 3128 τῷ
1216 3059 1583 3130 ἐνεργεῖσθαι,
1636 3062 1773 3117 ἀλλὰ

192 3151 365 3221 μανία
393 3152 676 3221 γινόμενοι
718 3150 1031 3222 παράφοροι
1057 3150 1289 3219 ἠγνόουν
1329 3150 1358 3202 δ
1393 3151 1652 3222 ἔπασχον,
1694 3152 1770 3215 ὡς

190 3242 240 3294 οἱ
261 3243 576 3311 μεθύοντες.
609 3244 672 3297 Ol
709 3244 894 3314 μέντοι
947 3244 1093 3310 ἅγιοι
1132 3242 1435 3313 προφῆται,
1466 3245 1515 3296 oi.
1548 3244 1769 3299 παλαιοί

190 3348 359 3401 φημι,
392 3331 591 3402 καίπερ
627 3333 850 3398 εἰδότες,
876 3334 938 3386 ού
956 3333 1145 3404 χρείαν
1173 3330 1321 3403 εἶχον
1350 3335 1674 3407 ἑρμηνεύειν
1704 3339 1772 3392 τὰ

191 3423 285 3475 ὑπ’
318 3424 522 3488 αὐτῶν,
554 3425 671 3478 ἀλλ’
724 3424 933 3496 ἑτέροις
988 3426 1267 3496 διηκόνουν
1300 3426 1496 3483 ταῦτα.
1564 3428 1771 3499 (Ἡμῖν

190 3515 347 3585 γάρ.)
369 3517 523 3586 Ἅμα
551 3516 609 3569 δὲ
647 3518 741 3571 καὶ
769 3516 857 3571 ῐνα
888 3516 1129 3590 λανθάνῃ
1168 3519 1202 3589 ἡ
1234 3518 1330 3572 τοῦ
1375 3520 1582 3589 Κυρίου
1627 3540 1768 3592 παρ-

188 3609 371 3671 ουσία,
412 3610 510 3662 ttat
566 3612 640 3679 μὴ
689 3609 1109 3679 ἐπιδουλεύηται
1151 3612 1288 3682 πρὸς
1350 3612 1460 3666 τῶν
1530 3614 1767 3670 ἀσεϐῶν.

202 3698 698 3771 Ἐπιὸουλευομένη
738 3702 838 3771 μὲν
869 3702 981 3772 γὰρ
1014 3702 1243 3771 ἠδύνατο
1300 3705 1396 3757 καὶ
1459 3704 1770 3775 διδράσκειν

197 3790 288 3844 διὰ
316 3790 420 3861 τῆς
451 3791 841 3862 νυπερδλήτου
875 3792 971 3845 τοῦ
1010 3792 1146 3845 Θεοῦ
1178 3792 1482 3863 δυνάμεως.
1522 3795 1661 3848 Ἀλλ’
1690 3798 1767 3849 εἰ-

190 3882 309 3948 κὸς,
338 3884 508 3937 ἐνίοτε
534 3885 621 3937 διὰ
637 3884 954 3955 παραδόξων
975 3886 1073 3953 τῆς
1095 3886 1384 3955 ἁποφυγῆς
1414 3886 1769 3957 τελουμένης,

189 3975 265 4037 ὡς
302 3974 607 4045 τερατῶδες
647 3975 793 4040 εδοξε
819 3977 881 4027 τὸ
902 3974 1225 4045 τελούμενον
1276 3980 1377 4045 τῆς
1423 3979 1773 4049 ἐνανθρωπή-

192 4085 352 4130 σεως.
390 4068 498 4120 Καὶ
535 4069 614 4120 ὅτι
635 4066 833 4135 ἀληθὲς
852 4068 1035 4133 τοῦτο,
1081 4067 1240 4129 δῆλον
1270 4067 1379 4120 ἀπὸ
1432 4067 1543 4120 τῶν
1593 4071 1650 4121 ἐν
1701 4072 1767 4138 τῇ

191 4161 309 4227 Νέᾳ
334 4159 657 4229 προφητῶν,
674 4159 723 4212 οἳ
742 4159 836 4211 καὶ
854 4161 1186 4230 ήρμήνευον,
1211 4158 1434 4221 ἑαυτοὺς
1462 4159 1770 4229 προφητεύ-

190 4267 369 4312 οντες,
405 4252 455 4302 ei
490 4250 585 4303 καὶ
614 4250 689 4318 μὴ
724 4248 962 4310 πάντως,
1003 4245 1078 4309 ὼς
1124 4246 1333 4308 Παῦλος
1362 4245 1392 4297 6
1421 4245 1560 4307 θεῖος
1598 4246 1657 4299 ἐν
1702 4249 1768 4317 τῇ

193 4342 332 4410 πρὸς
392 4337 711 4408 Κορινθίους
775 4336 970 4407 πρώτῃ
1026 4338 1208 4406 φησίν.
1251 4336 1327 4388 Οὐ
1387 4337 1495 4405 γὰρ
1533 4332 1601 4406 ἧν
1628 4342 1771 4399 τινὸς

191 4428 441 4482 τοιούτου
471 4427 676 4495 ὑποψία
711 4427 771 4481 ἐν
804 4430 870 4497 τῇ
904 4426 1021 4498 νέᾳ.
1056 4426 1215 4479 Ἀλλὰ
1253 4426 1348 4479 καὶ
1393 4427 1477 4479 ὅτι
1528 4427 1629 4481 οὐκ
1680 4428 1769 4494 ἐξ·

1872 581 2017 635 cnim
2046 581 2325 635 lucernam
2351 592 2407 636 ct
2435 583 2611 637 locum
2634 585 2925 639 obscurum
2950 587 3064 640 sive
3090 586 3440 657 caliginosum

1870 688 1935 726 ac
1966 673 2338 737 tenebrosum,
2362 676 2508 743 quod
2536 685 2590 729 et
2615 691 2718 729 nox
2743 685 2845 729 est.
2872 678 3058 733 Cuivis
3082 689 3265 734 autem
3296 682 3441 734 nocti

1873 765 2115 819 succedit
2161 766 2299 820 dies.
2360 766 2455 820 Die
2502 769 2684 836 itaque
2736 769 3029 824 accedente
3078 773 3281 841 (rerum
3321 774 3444 829 dico

1873 856 2244 927 praesentiam)
2270 856 2536 912 habebitis
2561 854 2870 913 Luciferum
2896 860 2949 914 in
2972 862 3227 917 cordibus
3251 864 3444 918 vestris

1873 948 2214 1003 exorientem
2267 966 2280 1003 :
2332 950 2436 1004 hoc
2482 960 2585 1015 est,
2638 952 2837 1006 Christi
2893 954 3281 1024 cognitionem,
3334 957 3445 1009 sive

1876 1037 2047 1106 ipsius
2088 1040 2434 1106 prtesenIiam
2485 1056 2550 1095 ac
2597 1041 2888 1096 adventum
2919 1059 2949 1097 a
2984 1045 3264 1114 prophetis
3308 1062 3444 1115 prte-

1874 1129 2209 1193 nuntiatum,
2244 1140 2300 1184 et
2332 1141 2588 1201 tanquam
2627 1147 2811 1186 veram
2862 1134 3036 1189 lucem
3064 1138 3229 1191 corda
3268 1148 3444 1193 vestra

1875 1217 2259 1273 illustrantem.
2327 1222 2530 1277 Deinde
2585 1223 2893 1277 enarrando
2954 1227 3230 1299 subiungit
3276 1245 3445 1298 quam

1872 1310 2151 1378 prophetae
2183 1326 2278 1364 sua
2308 1311 2450 1365 dicta
2480 1329 2586 1367 non
2621 1313 2827 1369 fuerint
2859 1315 3197 1385 interpretati
3230 1336 3244 1372 :
3281 1320 3443 1372 simul

1872 1410 2051 1454 autem
2083 1402 2344 1457 discernit
2368 1419 2587 1473 quoque
2609 1422 2793 1459 veram
2824 1407 3162 1477 prophetiam
3190 1424 3220 1463 a
3246 1410 3448 1464 daemo-

1873 1490 2025 1545 niaca
2059 1506 2112 1546 et
2151 1492 2292 1569 ficta,
2321 1503 2454 1562 qua:
2494 1493 2546 1547 in
2588 1494 2856 1549 haereticis
2889 1498 3104 1566 operari
3139 1497 3446 1568 deprehen-

1874 1582 2041 1644 ditur,
2079 1593 2131 1637 ct
2158 1584 2232 1638 ait
2256 1602 2269 1639 :
2297 1603 2316 1637 ι
2342 1583 2532 1639 Omnis
2566 1586 2882 1657 prophetica
2909 1589 3188 1658 Scriptura
3210 1591 3444 1659 propria:

1873 1673 1986 1729 sive
2000 1676 2222 1745 privatte
2241 1692 2349 1730 non
2364 1687 2445 1731 est
2478 1677 2967 1747 interpretationis.
2995 1698 3013 1731 ι
3039 1681 3150 1735 lloc
3180 1690 3283 1745 est,
3318 1698 3444 1750 pro-

1875 1768 2113 1835 phetiam
2137 1767 2357 1836 quidem
2392 1784 2424 1821 a
2458 1767 2568 1823 Deo
2600 1770 2877 1839 accipiunt
2910 1773 3214 1840 prophetae,
3246 1784 3300 1827 at
3334 1790 3441 1827 non

1811 1852 1846 1904 Β
1879 1867 1939 1912 ut
1976 1859 2049 1913 illi
2088 1861 2295 1924 volunt,
2330 1861 2423 1915 sed
2459 1861 2603 1916 sicut
2630 1863 2847 1918 divinus
2875 1864 3112 1934 Spiritus
3148 1867 3292 1935 ipsos
3326 1884 3444 1921 mo-

1874 1950 2049 2005 vendo
2078 1960 2336 2020 operatur
2368 1966 2382 2003 :
2422 1960 2478 2006 et
2509 1964 2778 2009 noverunt
2808 1970 2939 2009 sane
2970 1970 3032 2009 ac
3062 1956 3448 2011 intellexerunt

1872 2042 2169 2098 demissum
2212 2043 2279 2098 ad
2330 2043 2475 2113 ipsos
2518 2044 2896 2116 propheticum
2936 2063 3265 2114 sermonem,
3303 2060 3445 2104 atta-

1873 2152 1994 2188 men
2036 2136 2204 2206 ipsius
2243 2136 2754 2207 interpretationem
2798 2155 2908 2195 non
2954 2140 3243 2195 faciebant.
3288 2143 3446 2209 Quod

1876 2238 2057 2282 autem
2093 2230 2376 2297 propheta:
2406 2229 2593 2285 divino
2621 2232 2726 2285 acti
2771 2231 2975 2301 Spiritu
3009 2246 3280 2289 noverunt
3313 2252 3448 2305 quo-

1874 2322 2034 2375 modo
2062 2338 2088 2374 a
2124 2321 2235 2375 Deo
2263 2322 2535 2379 demissus
2562 2324 2635 2379 sit
2656 2326 2723 2379 ad
2747 2340 2841 2380 eos
2869 2327 3125 2397 Spiritus,
3150 2345 3216 2384 ex
3237 2345 3304 2384 eo
3330 2346 3447 2385 ma—

1873 2413 2140 2468 nifestum
2172 2424 2257 2469 est
2303 2416 2449 2485 quod
2480 2416 2713 2471 ultronei
2745 2417 3247 2484 subministrabant,
3280 2431 3336 2476 et
3366 2424 3446 2476 lo-

1872 2503 2179 2572 quebantur
2230 2506 2375 2573 quod
2437 2506 2712 2571 volebant,
2766 2508 2911 2577 quod
2963 2520 3144 2566 autem
3189 2512 3448 2567 nolebant

1874 2596 2124 2650 taet-bant
2154 2611 2168 2648 :
2206 2598 2666 2665 quemadmodum
2690 2597 2859 2654 Jonas
2886 2601 3151 2671 propheta
3187 2620 3445 2661 recusans

1873 2689 2166 2758 praedicare
2198 2690 2253 2744 in
2284 2689 2479 2745 Ninive
2504 2690 2524 2722 ⁸
2562 2709 2576 2746 :
2613 2699 2669 2746 et
2706 2690 2923 2747 Balaam
2943 2696 2964 2727 ⁹
2990 2710 3054 2749 ea
3086 2696 3230 2765 loqui
3260 2699 3447 2767 jussus

1874 2796 1997 2850 quae
2027 2780 2130 2836 sibi
2155 2793 2603 2853 suggererentur.
2637 2781 2838 2837 Verum
2895 2784 2948 2839 id
3007 2802 3115 2841 non
3174 2789 3448 2845 habebant

1874 2871 2365 2942 pseudopropheta’.
2423 2886 2514 2929 aut
2572 2872 2885 2929 Grzecorum
2928 2878 3183 2933 vaticinia
3220 2897 3232 2931 :
3269 2897 3448 2951 neque

1872 2964 2018 3017 enim
2056 2964 2461 3034 cognoscebant
2502 2979 2633 3019 oum
2682 2966 3041 3038 agitarentur,
3091 2970 3187 3025 sed
3239 2972 3449 3030 insania

1874 3055 2133 3110 vecordes
2182 3055 2383 3122 eﬂecti,
2434 3057 2754 3127 ignorabant
2805 3060 2932 3127 quid
2984 3060 3087 3115 sibi
3140 3064 3445 3128 accideret,

1877 3152 2131 3214 tanquam
2152 3146 2310 3199 ebrii.
2328 3146 2513 3201 Sancti
2537 3147 2719 3216 itaque
2744 3150 3044 3217 prophetat,
3069 3160 3280 3207 veteres
3304 3154 3447 3218 dico,

1873 3252 2183 3306 quanquam
2243 3237 2625 3309 intelligerent,
2692 3254 2802 3293 non
2862 3248 3044 3295 tamen
3100 3243 3448 3314 interpretari

1874 3329 2183 3383 debuerunt
2206 3345 2327 3399 quae
2351 3331 2733 3400 praedixerant,
2758 3333 2850 3385 sed
2880 3332 2996 3389 luec
3026 3335 3145 3389 aliis
3175 3338 3452 3394 ministra-

1875 3420 2024 3483 bant,
2062 3430 2191 3488 puta
2220 3420 2398 3475 nobis.
2432 3402 2604 3476 Simul
2649 3438 2867 3492 quoque
2908 3433 2967 3478 ut
3005 3426 3198 3482 lateret
3232 3427 3447 3484 Domini

1874 3512 2160 3577 adventus,
2188 3527 2292 3567 nec
2324 3522 2652 3582 pararentur
2683 3515 2756 3568 illi
2792 3514 3003 3570 insidia
3041 3518 3110 3572 ab
3144 3519 3342 3588 impiis.
3373 3521 3452 3576 Si-

1873 3604 2093 3672 quidem
2125 3604 2289 3659 etiam
2322 3603 2536 3659 insidiis
2566 3605 2839 3674 appetitus
2870 3615 3083 3677 poterat
3112 3610 3331 3678 quidem
3367 3612 3451 3668 in-

1876 3698 2169 3766 supera'Jili
2207 3697 2301 3752 Dei
2337 3698 2580 3767 potentia
2605 3698 2846 3770 effugere
2878 3714 2893 3752 :
2926 3701 3019 3754 sed
3044 3702 3338 3759 verisimile
3367 3716 3451 3760 est

1874 3790 2017 3858 quod
2057 3790 2313 3845 evasione
2362 3790 2635 3845 interdum
2679 3791 2831 3844 miris
2871 3792 3046 3847 modis
3079 3795 3450 3864 contingente,

1878 3890 2132 3950 tanquam
2162 3882 2467 3953 prodigiose
2494 3882 2637 3935 facta
2664 3882 3009 3951 apparuisset
3036 3884 3355 3941 incarnatio.
3387 3886 3453 3941 Et

1875 3972 2018 4040 quod
2069 3972 2175 4025 hoc
2217 3987 2407 4025 verum
2457 3972 2528 4026 sit
2562 3988 2629 4026 ex
2672 3972 2958 4043 prophetis
3003 3986 3227 4044 apparet
3264 3979 3354 4046 qui
3398 3979 3451 4032 in

1875 4060 2027 4114 Novo
2072 4061 2225 4115 fuere
2260 4062 2646 4126 Testamento,
2679 4063 2769 4133 qui
2814 4064 2975 4118 etiam
3014 4066 3451 4136 interpretaban-

1876 4161 1964 4204 tur
2008 4152 2216 4221 seipsos
2260 4152 2390 4206 dum
2438 4153 2852 4220 prOphetarent,
2898 4171 3209 4225 quanquam
3246 4175 3354 4213 non
3397 4160 3449 4213 iu

1877 4242 2166 4304 omnibus,
2219 4243 2680 4311 quemadmodum
2720 4243 2877 4299 divus
2928 4246 3124 4300 Paulus
3165 4250 3343 4318 priore
3384 4252 3452 4305 ad

1876 4332 2194 4387 Corinthios
2238 4333 2480 4401 Epistola
2526 4333 2684 4403 537
2730 4335 2862 4388 dicit
2887 4336 2963 4402 ¹⁰;
3008 4354 3117 4392 non
3158 4340 3304 4394 enim
3350 4342 3453 4395 hu-

1870 4424 2110 4493 jusmodi
2152 4424 2332 4493 aliqua
2378 4426 2616 4495 suspicio
2643 4436 2759 4480 erat
2818 4426 2872 4480 in
2910 4443 3051 4483 novo
3097 4440 3445 4487 testamento.

192 4521 482 4590 ιστάμενοι
552 4520 604 4572 οί
659 4519 935 4588 προφῆται
1005 4514 1420 4587 ἐχρησμῴδουν,
1470 4515 1628 4587 δῆλον
1676 4520 1767 4571 καὶ

1882 4516 2149 4569 Praeterea
2178 4515 2319 4585 quod
2351 4531 2462 4569 non
2497 4516 2635 4584 rapti
2673 4526 2825 4571 extra
2859 4533 2917 4571 se
2952 4521 3232 4588 propheta:
3263 4525 3453 4577 vatici-

186 4627 369 4665 τουτο.

275 4705 367 4768 Ἐξ
407 4703 525 4766 ἐνὸς
574 4702 684 4771 γὰρ
731 4699 1042 4771 πνεύματος
1080 4701 1534 4771 προφητευόντων
1565 4700 1675 4753 τῶν
1713 4703 1771 4753 ὲν

189 4801 256 4867 τῇ
283 4796 500 4865 Παλαιᾷ
526 4796 621 4847 καὶ
643 4796 709 4863 τῇ
732 4793 868 4863 Νέᾳ,
892 4792 1059 4860 φησὶν
1077 4795 1104 4845 6
1126 4792 1355 4852 Παῦλος⁶
1394 4791 1519 4844 Ἐὰν
1548 4793 1605 4845 δέ
1635 4793 1767 4845 ἁπο-

192 4887 443 4956 καλυφθῇ
487 4886 632 4956 ἄλλῳ
672 4884 991 4954 καθημένῳ,
1026 4884 1055 4935 6
1087 4883 1303 4951 πρῶτος
1332 4884 1560 4950 σιγάτω.
1594 4884 1770 4953 Σαφές

189 4979 301 5049 γὰρ
336 4981 401 5030 ἐκ
434 4977 626 5029 τούτου
658 4976 741 5028 ὃτι
792 4977 850 5028 ἐν
891 4975 970 5045 τῷ
1016 4974 1159 5027 κατὰ
1200 4974 1362 5041 φύσιν
1414 4974 1689 5043 ίστάμενοι
1720 4976 1770 5028 οί

190 5073 475 5140 προφῆται
505 5070 601 5123 καὶ
635 5068 931 5131 συνιέντες,
983 5068 1199 5128 ἑκόντες
1251 5065 1645 5135 προφεήτευον.
1678 5067 1769 5118 Διὸ

190 5167 289 5218 καὶ
339 5166 506 5219 ἄλλου
544 5161 905 5232 ἀνισταμένου
937 5160 1032 5213 τοῦ
1069 5159 1520 5229 ὲμπνευσθέντος,
1553 5160 1581 5210 6
1621 5158 1770 5228 πρῶ-

190 5274 282 5320 τος
318 5255 500 5309 λαλῶν
542 5253 701 5323 σιγᾷν
751 5250 1125 5322 ἐπιτρέπεται.
1178 5250 1354 5320 Ὅπερ
1405 5251 1505 5301 οὐκ
1561 5250 1628 5302 ἂν
1678 5248 1770 5302 ἐπὶ

190 5348 539 5417 μαινομένων
560 5346 709 5415 εὖροι
725 5360 828 5406 τις.
866 5343 987 5405 Πῶς
1010 5344 1118 5413 γὰρ
1154 5341 1419 5410 σιωπήσει
1447 5342 1475 5393 6
1507 5342 1630 5409 μηδ’
1659 5341 1686 5393 ὅ
1714 5358 1768 5393 τι

187 5440 292 5510 δρᾷ
319 5438 720 5505 ἐπιστάμενος;
750 5435 860 5489 Καὶ
887 5434 1201 5502 Πνεύματος
1221 5431 1277 5484 δὲ
1307 5427 1446 5485 εἶναι
1480 5431 1764 5501 ἐνέργειαν

187 5530 352 5595 ἁγίου
391 5530 451 5580 ἐν
496 5528 609 5588 τοῖς
648 5526 978 5595 προφήταις,
1019 5525 1046 5576 6
1095 5522 1258 5585 αὐτὸς
1308 5520 1517 5584 Παῦλος
1577 5523 1765 5589 φησὶν,

190 5622 339 5678 οὕτω
370 5620 547 5688 λέγων
571 5635 586 5651 ο
647 5638 666 5670 ι
704 5612 776 5689 Ὠ
810 5618 908 5688 μὲν
939 5617 1138 5670 δίδοται
1180 5615 1333 5684 λόγος
1371 5614 1583 5683 σοφίας,
1630 5606 1675 5680 ᾧ
1711 5613 1769 5665 δὲ

296 5803 321 5835 ⁸
350 5799 529 5865 Jona',
562 5816 601 5863 ι,
639 5799 673 5853 3
768 5799 789 5831 ⁸
815 5798 976 5855 Num.
1018 5813 1151 5864 ml,
1194 5797 1277 5851 l3.

1354 5795 1396 5825 '°
1438 5796 1456 5849 l
1480 5794 1602 5851 Cor.
1627 5812 1740 5861 τιν,
1767 5798 1861 5850 ει.

1877 4618 2161 4670 narentur,
2193 4624 2258 4661 ex
2286 4622 2350 4660 eo
2378 4622 2595 4677 quoque
2627 4608 2977 4663 manifestum
3012 4621 3115 4665 est.

1943 4698 2074 4751 Nam
2108 4714 2229 4751 eum
2263 4714 2373 4753 uno
2403 4699 2597 4766 spiritu
2634 4701 3025 4769 pmphetarent
3058 4704 3147 4772 qui
3184 4704 3236 4758 in
3274 4707 3451 4761 Veteri

1872 4789 2223 4844 Testamento
2252 4799 2428 4853 erant,
2459 4801 2513 4844 et
2539 4793 2628 4861 qui
2664 4793 2717 4845 in
2758 4792 2906 4847 Novo
2930 4833 2944 4856 ,
2973 4794 3105 4848 dicit
3136 4795 3334 4851 Paulus
3358 4814 3371 4852 :
3395 4799 3452 4853 Si

1871 4890 2051 4935 autem
2086 4882 2174 4934 alii
2220 4882 2433 4936 sedenti
2487 4883 2784 4937 revelatum
2822 4883 3007 4948 fuerit,
3057 4887 3207 4955 prior
3248 4898 3443 4943 taceat.

1869 4971 1945 5025 Ex
1977 4988 2043 5027 eo
2071 4972 2219 5026 enim
2263 4972 2615 5028 manifestum
2661 4983 2748 5028 est
2792 4976 2936 5044 quod
2979 4977 3031 5030 in
3076 4992 3169 5031 sua
3212 4981 3446 5034 naturali

1869 5066 2228 5121 consistentia
2254 5076 2643 5136 permanentes
2673 5068 2978 5136 prophetae,
3000 5082 3053 5123 et
3087 5071 3449 5140 intelligentes

1869 5167 2064 5227 sponte
2098 5159 2515 5228 prophetabant.
2542 5158 2668 5216 Ideo
2702 5160 2869 5213 etiam
2908 5160 3015 5213 alio
3046 5171 3305 5232 surgente
3352 5166 3442 5218 cui.

1869 5248 2194 5317 inspiratum
2222 5258 2326 5314 est,
2358 5250 2450 5317 qui
2486 5250 2634 5319 prior
2671 5251 3018 5320 loquebatur,
3046 5264 3227 5309 tacere
3259 5257 3447 5325 pracci-

1867 5340 2012 5410 pitur
2040 5355 2053 5390 :
2088 5340 2231 5408 quod
2269 5341 2323 5394 in
2360 5340 2582 5397 furiosis
2610 5344 2826 5398 vatibus
2858 5345 3102 5401 invenire
3127 5362 3289 5400 nemo
3320 5363 3447 5416 pos-

1876 5440 1976 5485 set.
2009 5429 2293 5496 Quomodo
2324 5432 2469 5485 enim
2498 5433 2698 5487 tacebit
2737 5433 2782 5486 is
2820 5434 2909 5502 qui
2944 5449 3013 5488 ne
3046 5436 3197 5488 novit
3226 5436 3446 5505 quidem

1875 5522 2005 5592 quid
2044 5524 2343 5592 operetur?
2399 5522 2582 5579 Sancti
2623 5540 2839 5594 quoque
2890 5525 3127 5595 Spiritus
3174 5529 3447 5598 energiam

1876 5630 1997 5670 esse
2037 5614 2093 5669 in
2135 5616 2419 5687 prophetis
2465 5616 2582 5687 ipse
2632 5616 2828 5672 Paulus
2871 5617 3024 5685 dicit,
3057 5620 3130 5675 ita
3174 5620 3441 5690 loquens:
