4166 6448
691 377 797 441 595

1743 374 2139 435 (ECUMENU
2170 374 2462 433 TlllCCdi
2502 374 2841 436 EHSCOPI

3825 380 3930 439 596

690 508 816 561 iugo
844 502 1177 561 peccassent,
1204 508 1312 545 non
1343 503 1470 545 sunt
1497 494 1706 546 veniam
1735 494 2009 547 consecuti
2039 512 2053 547 :
2082 494 2255 549 multo

2384 497 2466 549 ’ῶν
2502 498 2748 560 πλάσεως
2786 496 3083 567 ἄνθρωποι,
3122 496 3301 567 πολλῴ
3334 497 3534 566 μᾶλλον
3562 498 3681 549 οὐδὲ
3727 498 3932 551 τούτων

694 584 877 636 minus
902 582 1213 637 hominibus
1239 598 1351 638 sua:
1384 582 1728 653 plasmationi
1766 584 2100 640 haerentibus
2135 602 2259 655 par-

696 684 782 727 cet
816 674 859 727 si
901 673 1261 741 peccaverint.
1309 694 1326 724 ι
1367 672 1473 730 Sed
1518 674 1725 729 catenis
1770 674 2036 745 caliginis.
2070 695 2087 726 ι
2119 676 2261 729 Con-

697 766 1059 820 denmationis
1121 766 1586 822 inevitabilitatem
1643 767 1934 837 signiﬁcat.
1993 767 2260 837 Hujusce-

698 858 839 911 modi
871 859 1016 912 enim
1050 860 1255 914 catenis
1296 868 1447 914 certo
1483 874 1511 911 a
1554 857 1713 913 nobis
1738 860 2125 913 condemnatos
2158 873 2262 927 pu-

694 950 897 1005 nimus.
931 950 1035 1006 Sed
1063 952 1208 1006 dicet
1238 950 1429 1020 aliquis
1459 966 1474 1003 ε
1514 952 1669 1007 Unde
1709 953 1995 1007 manifesta
2024 963 2109 1008 est
2141 951 2263 1006 talis

692 1042 1395 1097 eondemnaliod:emonum
1416 1044 1524 1097 ?ab
1550 1044 1681 1113 ipsis
1708 1044 1961 1099 videlicet
1997 1045 2264 1100 daemoni-

698 1134 821 1187 bus.
862 1134 1137 1203 Siquidem
1182 1134 1234 1187 in
1278 1136 1574 1203 Evangelia
1600 1137 1642 1167 "
1675 1118 2057 1203 deprecantur,
2100 1153 2170 1190 ne
2209 1135 2264 1189 in

696 1226 950 1297 abyssum
989 1228 1354 1292 remittantur,
1394 1238 1649 1297 tanquam
1692 1228 1778 1281 alii
1816 1244 2035 1298 quoque
2074 1242 2266 1281 omnes

698 1316 802 1369 hoc
852 1315 1145 1385 patiantur.
1205 1315 1497 1371 Sciendum
1550 1326 1728 1370 tamen
1771 1327 1858 1371 est
1903 1318 2047 1387 quod
2099 1317 2265 1371 veluti

696 1421 794 1475 per
832 1407 1054 1461 modum
1087 1408 1474 1477 suppositionis
1504 1410 1829 1478 productum
1864 1419 1949 1463 est
1979 1424 2269 1479 argumen-

694 1506 835 1560 tum,
878 1513 985 1551 non
1034 1506 1212 1552 tamen
1258 1514 1384 1554 vere
1429 1500 1501 1555 ita
1550 1510 1653 1566 est,
1706 1517 1881 1571 neque
1927 1501 2071 1554 enim
2121 1499 2268 1553 aliud

696 1590 862 1644 habet
890 1589 1031 1659 quod
1075 1598 1261 1658 postea
1297 1592 1642 1660 respondeat,
1673 1592 1767 1645 sed
1811 1592 1865 1645 in
1906 1590 2142 1661 speciem
2183 1606 2271 1644 so-

693 1682 808 1735 lum
838 1681 910 1735 ita
950 1681 1286 1751 propositum
1325 1693 1427 1743 est,
1468 1683 1521 1736 in
1554 1684 1788 1738 veritate
1825 1692 2007 1738 autem
2044 1683 2271 1753 simplex

694 1782 782 1827 est
813 1773 1137 1843 exemplaris
1180 1776 1459 1844 persuasio
1487 1794 1502 1831 :
1532 1787 1587 1832 et
1619 1794 1780 1848 quam
1816 1779 1886 1834 ob
1920 1794 2161 1843 causam,
2190 1777 2272 1832 di-

2358 591 2795 662 ἀμαρτησάντων
2847 590 3115 658 φείσεται.
3162 608 3181 642 ι
3214 590 3313 641 Διά
3343 588 3400 641 δὲ
3433 588 3540 640 τῶν
3592 588 3790 656 σειρῶν
3840 589 3932 640 τοῦ

2361 684 2551 750 ζόφου,
2590 702 2607 734 ι
2644 683 2707 736 τδ
2738 682 2979 750 ἄφυκτον
3008 683 3104 736 καὶ
3148 682 3503 750 ἀδιάδραστον
3536 681 3633 747 τῆς
3664 681 3935 746 κατακρέ-

2363 792 2500 831 σεως
2525 774 2796 846 σημαίνει.
2830 774 3105 838 Τοιούτοις
3134 777 3244 843 γὰρ
3272 773 3491 839 δεσμοῖς
3520 771 3652 833 τοὺς
3684 770 3929 839 ἀκριϐῶς

2365 866 2455 932 ὑφ’
2502 865 2656 936 ὑμῶν
2689 864 3185 928 καταδικασθέντας
3217 863 3533 931 κολάζομεν.
3573 862 3734 915 Ἀλλὰ
3774 862 3937 913 πόθεν

2364 961 2480 1027 ὲρεῑ
2507 977 2588 1022 τις
2619 961 2700 1013 ὅτι
2758 959 2893 1030 δήλη
2928 960 2962 1027 ἠ
2994 956 3216 1028 τοιαύτη
3247 956 3572 1027 κατάκρισις
3611 954 3717 1008 τῶν
3741 955 3932 1023 δαιμό⁸

2365 1068 2513 1116 νων;
2566 1049 2683 1104 Ἀπ’
2715 1050 2892 1103 αὐτῶν
2935 1049 3135 1120 δηλαδὴ
3179 1047 3288 1101 τῶν
3329 1047 3622 1117 δαιμόνων.
3674 1048 3782 1099 Καὶ
3826 1048 3933 1114 γὰρ

2365 1143 2422 1194 ὲν
2450 1142 2525 1212 τῷ
2547 1140 2866 1211 Εὑαγγελίῳ
2895 1141 3106 1194 δέονται
3140 1141 3215 1211 μὴ
3246 1140 3327 1201 είς
3356 1140 3455 1207 τὴν
3479 1138 3715 1192 ἄϐυσσον
3739 1138 3937 1197 αὐτοὺς

2367 1232 2749 1302 καταπέμψαι,
2780 1231 2856 1294 ὡς
2886 1233 2983 1285 καὶ
3011 1232 3214 1302 ἑτέρων
3260 1230 3420 1284 τοῦτο
3476 1230 3696 1282 πάντων
3740 1228 3941 1281 παθόν-

2367 1341 2495 1378 των.
2538 1324 2732 1377 ’ἰστέον
2761 1323 2942 1393 μέντοι
2985 1323 3062 1386 ὡς
3095 1324 3189 1376 καὶ
3225 1322 3562 1384 ὑποθετικῶς
3592 1320 3841 1389 προήχθη
3876 1321 3940 1370 τὸ

2368 1417 2723 1487 ἐπιχείρημα,
2757 1416 2879 1484 οὑχ).
2904 1416 2962 1469 δὲ
3006 1417 3102 1469 καὶ
3150 1415 3229 1484 τῷ
3284 1415 3397 1467 δντι
3450 1413 3625 1477 οὕτως
3656 1413 3823 1467 ἐστίν.
3866 1412 3941 1465 Οὐ

2369 1509 2479 1578 γὰρ
2533 1509 2647 1577 ἔχει
2697 1508 2795 1577 τὴν
2852 1507 3230 1561 ἀνταπόδοσιν.
3279 1506 3439 1560 Ἀλλά
3498 1507 3736 1575 σχήματι
3784 1505 3945 1575 μόνον

2369 1600 2512 1654 οὑτω
2556 1600 2948 1671 προϐέϐληται,
2978 1604 3044 1671 τῇ
3092 1602 3149 1655 δὲ
3179 1600 3409 1672 ἀληθείᾳ
3463 1599 3949 1670 παραδειγματικὴ

2374 1694 2556 1757 πίστις
2600 1695 2746 1748 ἐστὶν
2788 1694 2959 1762 ἁπλῆ.
2992 1694 3104 1747 Καὶ
3138 1693 3227 1746 διά
3258 1692 3311 1745 τί
3338 1710 3352 1758 ;
3411 1693 3710 1762 εἰρήσεται.
3741 1691 3806 1743 ΕΞ
3838 1690 3950 1758 γὰρ

2374 1785 2513 1839 κατά
2542 1785 2601 1838 τὸ
2641 1785 2825 1855 σχῆμα
2853 1779 2943 1855 ἦν,
2969 1783 3143 1847 οὑτως
3165 1784 3233 1837 ἂν
3270 1783 3509 1853 προῦϐη.
3558 1783 3619 1835 ΕΞ
3647 1782 3753 1851 γὰρ
3782 1781 3951 1847 ἀγγέ-

696 1873 854 1918 cetur
886 1879 903 1917 :
938 1880 1060 1918 nam
1095 1864 1139 1920 si
1176 1877 1322 1922 esset
1350 1869 1494 1938 quod
1522 1885 1633 1939 pra:
1665 1886 1724 1926 se
1758 1869 1901 1924 ferre
1923 1870 2154 1932 videtur,
2198 1868 2271 1923 ita

2384 1885 2481 1934 λων
2503 1882 2604 1934 οὐκ
2626 1852 2887 1948 ὲιρείσατο
2902 1878 3360 1948 ἁμαρτησάντων,
3388 1878 3437 1929 εί
3460 1875 3687 1945 ἀρχαίου
3717 1874 3946 1941 κόσμου,

697 1955 1058 2022 procederet:
1092 1958 1147 2011 Si
1187 1958 1393 2028 angelis
1422 1974 1546 2013 cum
1589 1969 1908 2030 peccassent
1937 1977 2047 2015 non
2080 1976 2273 2030 peper-

698 2054 796 2110 cit,
821 2046 864 2102 si
895 2063 996 2102 nec
1024 2047 1205 2116 prisco
1234 2049 1458 2114 mundo,
1482 2066 1584 2105 nec
1612 2052 1865 2106 Sodomis
1890 2061 1945 2106 et
1972 2051 2270 2112 Gomorrae.

698 2138 946 2207 nunquid
985 2138 1073 2191 bis
1104 2140 1331 2208 parcet?
1379 2156 1768 2211 nequaquam;
1824 2152 1916 2196 aut
1955 2143 2117 2197 etiam
2171 2144 2275 2197 hoc

698 2230 865 2285 modo
894 2242 909 2282 :
940 2228 1036 2285 His
1064 2230 1289 2285 omnino
1319 2248 1426 2285 non
1452 2244 1661 2301 parcet.
1697 2234 1818 2288 Non
1852 2244 2035 2289 autem
2070 2243 2276 2289 temere

701 2338 731 2374 a
772 2323 1240 2390 praestantioribus
1264 2326 1608 2395 aggreditur;
1636 2326 1727 2380 sed
1765 2326 2055 2379 ostendere
2093 2326 2278 2381 volens

703 2412 848 2480 quod
877 2413 929 2466 hi
962 2413 1089 2468 dum
1128 2426 1357 2485 peccant
1390 2417 1562 2488 magis
1594 2417 1813 2471 obnoxii
1850 2418 1959 2471 sint
1989 2417 2276 2485 supplicio.

704 2502 971 2569 Quoniam
1004 2519 1132 2574 ergo
1157 2515 1211 2559 et
1243 2506 1328 2560 isti
1363 2508 1766 2561 honoratiorem
1798 2508 2022 2576 gradum
2054 2508 2278 2571 habent,

707 2603 895 2665 utpote
921 2598 1096 2651 vocati
1121 2597 1188 2650 ad
1218 2599 1597 2667 apostolatum,
1618 2615 1741 2653 cum
1768 2617 1796 2653 a
1824 2600 2003 2653 divina
2029 2601 2111 2653 via
2138 2600 2283 2654 exci-

708 2687 915 2747 derint.
966 2690 1227 2756 maiorem
1278 2690 1440 2743 etiam
1494 2690 1693 2745 habent
1746 2692 2280 2745 condemnationem.

712 2778 789 2833 Et
839 2781 1123 2861 bypothesi
1167 2793 1348 2837 autem
1395 2792 1538 2837 mota
1573 2782 1868 2853 exemplari
1906 2784 2281 2853 persuasione,

713 2888 823 2926 non
875 2872 1110 2927 reddidit
1154 2875 1298 2945 quod
1351 2875 1534 2945 tigune
1588 2875 1972 2945 respondebat.
2024 2874 2287 2930 Confudit

714 2982 948 3036 namque
978 2969 1285 3037 exemplum
1312 2968 1684 3037 aSsumptione
1723 2968 1993 3037 iustorum
2026 2982 2040 3021 :
2073 2977 2128 3021 et
2162 2981 2283 3021 cum

711 3060 937 3115 deberet
964 3061 1013 3115 ei
1046 3062 1192 3131 quod
1220 3062 1288 3116 ab
1332 3062 1484 3116 initio
1514 3060 1851 3131 propositum
1882 3071 1997 3115 erat
2033 3075 2286 3115 sermone

2374 1976 2423 2027 εί
2452 1972 2701 2041 Σοδόμων
2734 1972 2831 2024 καὶ⁵
2886 1971 3191 2041 Γομόρρας,
3253 1963 3366 2039 ἆρα
3399 1965 3607 2020 τούτων
3647 1964 3899 2032 φείσεται
3931 1980 3949 2027 ;

2376 2063 2664 2135 Οὐδαμῶς.
2706 2065 2775 2116 Ἦ
2816 2064 2911 2116 καὶ
2964 2062 3159 2124 οὑτως·
3191 2061 3265 2115 Οὑ
3294 2059 3501 2113 τούτων
3531 2057 3773 2126 ’,τείσεται
3818 2056 3955 2109 πάν-

2375 2174 2506 2220 τως.
2542 2157 2655 2225 Οὑχ
2678 2154 2867 2217 ἁπλῶς
2902 2154 2959 2207 δὲ
2997 2152 3107 2207 ἀπὸ
3147 2152 3257 2206 τῶν
3305 2148 3714 2222 προτιμοτέρων
3747 2150 3959 2216 ἐπιχει-

2382 2249 2482 2313 ρεῖ,
2514 2246 2652 2300 ἀλλὰ
2696 2245 2870 2309 δεῖξαι
2916 2243 3238 2315 βουλόμενος
3268 2243 3345 2305 ὼς
3389 2241 3589 2311 μᾶλλον
3623 2235 3770 2294 οὑτοι
3820 2240 3959 2292 ὑπο·

2379 2337 2662 2408 δικώτεροι
2717 2337 3145 2408 ἁμαρτάνοντες.
3219 2335 3374 2387 Ἐπεὶ
3419 2329 3515 2387 οὖν
3558 2334 3654 2385 καὶ
3694 2326 3839 2384 οὗτοι
3897 2330 3962 2382 τὸ

2384 2429 2777 2499 προτιμότερον
2830 2428 3063 2497 ἔχουσιν,
3106 2426 3182 2489 ὡς
3214 2425 3509 2496 κληθέντες
3549 2425 3647 2493 μιν
3686 2425 3767 2485 είς
3815 2424 3960 2475 ἀπο-

2384 2520 2597 2591 στολὴν,
2634 2519 2998 2589 ἐκτραπέντες
3026 2518 3082 2571 δὲ
3128 2518 3227 2585 τῆς
3275 2516 3424 2579 θείας
3452 2515 3597 2579 ὁδοῦ,
3632 2515 3817 2585 μεῖζον
3862 2513 3963 2567 καὶ

2382 2614 2443 2665 τὸ
2487 2612 2807 2681 κατάκριμα
2855 2609 3089 2679 ἔχουσιν.
3145 2607 3234 2671 Ἐξ
3278 2605 3584 2668 ὑποθέσεως
3622 2605 3680 2658 δὲ
3724 2606 3962 2674 κινήσας

2383 2705 2484 2774 τὴν
2516 2701 3028 2773 παραδειγματικὴν
3062 2701 3264 2762 πίστιν,
3306 2698 3406 2750 οὑκ
3451 2696 3701 2749 ἀπέδωκε
3739 2696 3802 2749 τδ
3830 2696 3964 2760 ἀιό-

2384 2796 2572 2850 λουθον
2607 2794 2700 2849 τοῦ
2737 2796 3035 2865 σχήματος.
3070 2793 3300 2861 Συνέχεε
3352 2790 3463 2861 γὰρ
3513 2789 3573 2842 τὸ
3609 2788 3965 2857 παράδειγμα

2386 2894 2451 2961 τῇ
2503 2890 2611 2943 τῶν
2660 2888 2888 2943 δικαίων
2938 2884 3268 2955 προσλήψει.
3297 2884 3393 2936 καὶ
3444 2882 3676 2951 ὀφείλων
3723 2883 3818 2935 ἐπὶ
3866 2878 3966 2932 τοῦ

2387 2980 2445 3047 ἐξ
2470 2982 2642 3051 ἀρχῆς
2674 2978 3028 3051 προτεθέντος
3061 2978 3161 3047 τὴν
3213 2976 3469 3030 ἀπόδοσιν
3518 2976 3764 3043 ποιῆσαι,
3807 2990 3965 3025 τουτ-

2388 3072 2527 3135 έστι,
2554 3070 2663 3123 τῶν
2694 3067 3149 3139 ἁμαρτησάντων,
3174 3066 3241 3119 δι’
3267 3064 3359 3128 οὓς
3387 3066 3483 3119 καὶ
3500 3064 3564 3117 τὸ
3588 3063 3965 3132 παράδειγμα,

713 3152 1069 3223 respondere,
1097 3163 1225 3223 puta
1264 3154 1349 3208 his
1373 3155 1464 3223 qui
1496 3165 1875 3223 peccaverant,
1906 3164 2127 3223 propter
2152 3169 2280 3221 quos

2390 3165 2482 3216 καὶ
2522 3164 2716 3215 εἰπεῖν’
2750 3161 2811 3214 El
2845 3158 3052 3213 τούτων
3082 3158 3183 3210 οὑκ
3232 3156 3507 3225 ἐφείσατο,
3544 3150 3655 3225 ἆρα
3679 3155 3789 3206 τῶν
3821 3171 3967 3221 παρ-

711 3245 876 3299 ιιιίδιιι
905 3254 1243 3313 assumptum
1278 3246 1379 3301 fuit
1409 3247 1736 3315 exemplum,
1765 3256 1821 3301 et
1849 3247 2029 3299 dicere
2063 3262 2076 3299 :
2112 3246 2168 3299 Si
2203 3245 2285 3299 his

717 3353 823 3391 non
855 3338 1119 3407 pepercit,
1147 3339 1391 3408 nunquid
1421 3340 1780 3408 praesentibus
1810 3346 1996 3407 parcet
2024 3338 2287 3406 improbis

710 3444 773 3482 ac
814 3427 1076 3482 lascivis?
1116 3438 1208 3481 aut
1260 3444 1356 3496 per
1409 3428 1825 3480 aliirmationem
1864 3426 2069 3478 :Multo
2116 3425 2287 3495 magis

712 3534 893 3589 neque
929 3518 1011 3572 his
1050 3527 1237 3587 parcet
1268 3536 1282 3572 :
1317 3533 1424 3572 non
1460 3518 1563 3572 hoc
1590 3517 1735 3571 facit.
1764 3516 1989 3582 Quare?
2018 3515 2287 3581 Quoniam

712 3627 835 3665 cum
889 3612 1001 3665 duo
1060 3617 1435 3679 proponantur
1485 3608 1754 3677 exempla,
1808 3608 2075 3661 bonorum
2132 3606 2287 3659 vide-

712 3701 840 3756 licet
893 3716 957 3755 ac
1021 3701 1327 3763 malorum,
1407 3700 1785 3753 inveniebatur
1846 3699 1962 3752 hzec
2020 3697 2289 3751 sermonis

713 3792 1000 3861 responsio
1052 3792 1225 3846 solum
1286 3793 1352 3845 ad
1420 3792 1617 3844 malum
1678 3790 2029 3859 respondere,
2069 3804 2177 3842 non
2223 3787 2289 3841 ad

712 3885 914 3939 bonum
967 3898 981 3936 :
1030 3884 1189 3938 bonis
1226 3885 1368 3937 enim
1411 3898 1520 3937 non
1563 3882 1863 3936 redduntur
1914 3882 2075 3934 mala.
2129 3878 2286 3950 541

711 3978 847 4031 Cum
898 3991 1027 4048 ergo
1088 3991 1199 4031 non
1245 3974 1517 4031 subiceret
1563 3988 1671 4027 una
1731 3972 2001 4028 sermonis
2064 3986 2291 4041 respon-

715 4069 873 4123 sione
940 4068 1280 4137 propositum
1345 4066 1590 4137 explere.
1630 4066 1740 4120 alio
1773 4066 1938 4121 modo
1997 4065 2053 4119 in
2104 4064 2290 4135 phrasi

710 4160 1034 4231 permansit,
1056 4169 1239 4229 ctper
1262 4158 1627 4229 epiphonema
1678 4157 1907 4228 perfecit
1938 4158 2083 4226 quod
2122 4172 2290 4226 opor-

712 4252 835 4306 tuit.
869 4250 1050 4317 Quare
1074 4260 1256 4305 autem
1287 4250 1445 4304 malis
1464 4250 1819 4305 admiscuerit
1847 4249 2091 4319 exempla
2119 4249 2292 4303 bono-

713 4358 860 4397 rum.
913 4342 1260 4397 convenienti
1304 4342 1427 4395 loco
1470 4341 1705 4397 dicetur.
1745 4360 1764 4391 ι
1796 4340 1903 4395 Sed
1954 4349 2230 4402 octavum,
2267 4358 2284 4389 ι

2390 3254 2559 3305 όντων
2589 3249 2833 3315 ἀσελγῶν
2863 3248 3107 3317 φείσεται
3131 3263 3146 3311 ;
3182 3245 3253 3297 Ἦ
3280 3243 3419 3297 κατά
3446 3243 3740 3309 ἀπόφασιν·
3779 3238 3969 3307 Πολλῷ

2393 3344 2595 3416 μᾶλλον
2648 3342 2771 3395 οὑδὲ
2817 3340 3021 3393 τούτων
3060 3338 3327 3407 φείσεται·
3366 3334 3426 3387 οὑ
3465 3331 3625 3387 τοῦτο
3663 3333 3826 3385 ποιεῖ.
3866 3330 3967 3382 Διά

2389 3438 2441 3489 τί
2471 3454 2485 3502 ς
2519 3435 2821 3505 Εὑρίσκετο
2850 3431 2961 3500 γάρ
2994 3429 3133 3498 αὕτη
3167 3430 3201 3499 ὴ
3230 3425 3509 3487 ἀπόδοσις,
3539 3424 3635 3477 δύο
3663 3422 3969 3491 προκειμέ-

2390 3546 2496 3582 νων
2559 3523 2999 3593 ὑποδειγμάτων,
3057 3520 3241 3575 καλῶν
3284 3518 3381 3573 καὶ⁵
3439 3516 3665 3579 κακῶν,
3719 3514 3860 3581 πρὸς
3908 3511 3971 3565 τὺ

2391 3619 2560 3673 κακὸν
2590 3617 2750 3688 μόνον
2780 3614 3065 3684 γινομένη,
3116 3613 3219 3666 οὐκ
3262 3612 3344 3664 ἔτι
3397 3610 3455 3663 δὲ
3482 3609 3618 3679 πρὶς
3644 3606 3706 3659 τδ
3744 3604 3970 3673 ἀγαθὸν,

2390 3712 2453 3764 οὑ
2509 3709 2619 3779 γὰρ
2672 3708 2857 3771 καλοῖς
2889 3705 3037 3760 κακὰ
3082 3702 3414 3759 ἀποδίδοται.
3457 3700 3548 3753 Ἐν
3589 3692 3672 3761 οἷς
3734 3692 3829 3750 οὖν
3874 3695 3975 3748 οὑκ

2392 3801 2595 3871 ἤρκεσε
2630 3798 2730 3869 μιᾷ
2760 3796 3015 3851 ἀποδόσει
3049 3793 3109 3846 τὸ
3131 3791 3392 3861 προτεθὲν
3422 3788 3745 3858 ἀπαρτίσαι,
3769 3786 3975 3856 ἑτέρως

2391 3890 2663 3958 διεγένετο
2688 3890 2755 3959 τῇ
2790 3887 3011 3956 φράσει,
3049 3884 3146 3937 καὶ⁵
3169 3884 3237 3935 δι’
3269 3882 3699 3950 ἑπιφωνήμστος
3731 3879 3795 3930 τὸ
3816 3878 3977 3946 ὀφει-

2393 3963 2620 4051 λόμενον
2644 3980 2962 4033 ἀπετέλεσε.
3000 3976 3100 4029 Διά
3123 3977 3175 4028 τί
3197 3975 3255 4028 δὲ
3277 3976 3390 4036 τοῖς
3423 3974 3615 4033 κακοῖς
3644 3968 3974 4039 προστίθησι

2394 4075 2463 4126 τά
2510 4071 2619 4125 τῶν
2670 4071 2891 4139 ἀγαθῶν
2925 4068 3319 4138 ὑποδείγματα,
3357 4065 3640 4135 εἰρήσεται
3694 4059 3841 4113 κατά
3883 4060 3978 4112 τὸν

2395 4164 2652 4235 ἁρμόδιον
2684 4165 2871 4216 τόπον.
2938 4181 2956 4213 ι
3012 4162 3171 4215 Ἀλλά
3228 4157 3436 4226 ὃγδοον,
3470 4174 3490 4207 ι
3556 4154 3651 4208 καὶ
3715 4153 3785 4204 τά
3818 4150 3973 4217 ἑξῆς.

2404 4258 2497 4318 Ὠς
2546 4254 2911 4325 προλαδόντες
2955 4253 3187 4321 εἴπομεν
3240 4250 3301 4303 οὑ
3330 4248 3475 4302 κατά
3516 4246 3579 4298 τὸ
3631 4242 3822 4313 σχῆμα
3879 4238 3975 4293 τοῦ

2395 4348 2725 4418 φαινομένου
2776 4345 2957 4413 λόγου,
3009 4345 3167 4412 καὶὴ
3219 4342 3398 4395 ἔννοια
3452 4336 3812 4392 ἐπακολουθεῖ
3867 4333 3977 4387 τῶν

714 4442 823 4488 etc.
883 4432 1353 4498 Quemadmodum
1414 4430 1804 4500 prtemittendo
1862 4430 2122 4495 diximus,
2183 4446 2280 4484 non

2398 4437 2796 4508 προκειμένων.
2851 4434 2927 4486 Οὑ
2970 4432 3081 4502 γὰρ
3124 4430 3409 4484 ὑπόκειται
3435 4427 3469 4495 ή
3497 4423 3752 4484 ἀπόδοσις
3784 4422 3819 4489 ἠ
3849 4423 3979 4472 εἰω-

713 4525 868 4594 Ϊυιιλ
923 4524 975 4578 id
1020 4522 1163 4592 (ιυοά
1219 4538 1284 4576 εκ
1330 4538 1581 4577 sermone
1632 4530 1890 4593 apparet.
1941 4523 2293 4591 ευδεθίιμῑιυτ
2327 4530 2520 4597 οθυῖα
2543 4530 2663 4590 ταῖς
2684 4524 2965 4585 τοιαύταις
2991 4521 3309 4587 συντάξεσιν
3355 4515 3604 4571 ἕπεσθαι.
3650 4512 3791 4566 Ἀλλ’
3823 4512 3979 4564 ἔστιν

716 4617 880 4671 etiam
904 4631 1093 4669 eorum
1136 4615 1489 4685 intelligentia
1548 4629 1668 4684 qua:
1721 4624 2120 4683 proponuntur.
2173 4612 2280 4665 Non

2399 4620 2547 4687 ἁπλῆ
2576 4615 3060 4687 παραδειγματικὴ
3116 4612 3324 4671 πίστις,
3377 4605 3470 4660 καὶ
3518 4605 3629 4657 τῶν
3658 4603 3745 4656 διὰ
3788 4602 3979 4672 ἀμαρ-

716 4709 862 4762 enim
892 4708 1241 4777 subiungitur
1283 4706 1551 4761 sermonis
1592 4705 1875 4774 responsio
1916 4720 2037 4773 qua:
2099 4703 2280 4772 hujus-

2399 4713 2519 4773 τίεις
2562 4707 2963 4774 κολαζομένων,
3011 4701 3247 4755 καὶτῶν
3282 4699 3371 4751 διά
3412 4694 3763 4762 δικαιοσύνην
3805 4710 3981 4761 τιμω-

716 4798 865 4852 modi
933 4798 1309 4852 ordinationes
1354 4797 1507 4867 sequi
1555 4797 1735 4860 solet,
1786 4795 1881 4850 sed
1931 4794 2163 4863 simplex
2208 4803 2280 4848 est

2403 4802 2597 4873 μένων
2636 4798 2770 4851 ὡσεὶ
2799 4797 3005 4862 ἔλεγενο
3048 4789 3201 4847 Οἶδεν
3223 4793 3252 4844 ό
3280 4789 3411 4851 Θεὸς
3438 4788 3532 4841 καὶ
3562 4786 3687 4849 τοὺς
3721 4784 3981 4854 ἁμαρτά-

717 4891 1043 4959 exemplaris
1072 4890 1375 4959 persuasio,
1406 4899 1461 4943 et
1501 4890 1569 4943 de
1620 4889 1705 4943 bis
1738 4889 1831 4959 qui
1892 4897 2114 4957 propter
2164 4902 2292 4956 pec-

718 4991 836 5036 cata
868 4982 1190 5051 puniuntur,
1246 4988 1304 5035 et
1348 4981 1416 5035 de
1448 4980 1555 5034 illis
1612 4980 1703 5050 qui
1755 4988 1980 5050 propter
2019 4979 2289 5049 justitiam

719 5073 1114 5125 honorantur:
1169 5080 1425 5140 tanquam
1485 5070 1731 5128 diceret:
1797 5069 1961 5124 Novit
2030 5070 2295 5124 Dominus

719 5170 1040 5230 peccatores
1081 5160 1467 5215 inevitabiliter
1515 5159 1712 5230 punire
1761 5175 1868 5213 non
1915 5175 2145 5229 parcens
2192 5160 2291 5223 eis,

722 5255 884 5309 sicuti
916 5255 1139 5325 angelos
1160 5254 1251 5323 qui
1283 5263 1670 5324 peccaverant,
1730 5254 1894 5307 veluti
1932 5262 1987 5307 et
2032 5254 2153 5307 illos
2202 5254 2293 5323 qui

722 5356 966 5414 tempore
1028 5345 1219 5401 diluvii
1281 5355 1461 5408 erant,
1518 5347 1659 5399 sicut
1719 5355 1775 5400 et
1830 5344 2191 5398 Sodomorum
2243 5354 2299 5399 et

723 5439 1003 5493 Gomorra:
1056 5438 1347 5501 civitates;
1416 5453 1628 5491 rursum
1684 5438 1953 5507 justitiam
2006 5444 2298 5506 operantcs

725 5528 1019 5592 honorare,
1041 5528 1499 5597 quemadmodum
1524 5527 1658 5595 Noe,
1687 5529 2142 5598 quemadmodum
2174 5526 2293 5581 Lot.

726 5616 793 5671 Et
818 5628 900 5673 est
922 5618 1190 5673 ordinatio
1223 5619 1595 5686 hujuscemodi
1620 5619 1787 5675 :Cum
1811 5620 2036 5677 dixisset
2068 5620 2297 5690 punien-

805 5776 845 5805 "
876 5774 1008 5828 Luc.
1041 5789 1155 5834 vm,
1200 5773 1285 5825 5i.

2399 4908 2587 4955 νοντας
2620 4889 2751 4943 ἀνευ
2784 4886 2997 4955 φειδοῦς
3031 4885 3279 4947 κολάζειν
3312 4879 3725 4950 ἀπαραιτήτως,
3753 4876 3828 4937 ὡς
3851 4875 3983 4937 τοὺς

2403 4983 2825 5053 ἁμαρτήσαντας
2857 4977 3144 5045 ἀγγέλους,
3180 4974 3257 5036 ὼς
3285 4973 3409 5033 τοὺς
3440 4971 3534 5022 ἐπὶ
3575 4966 3669 5021 τοῦ
3701 4966 3983 5019 κατακλυ-

2406 5069 2565 5141 σμοῦ,
2628 5069 2705 5131 ὡς
2754 5068 2852 5130 τὰς
2898 5065 3146 5132 Σοδόμων
3204 5060 3412 5120 πόλεις’
3454 5056 3549 5109 καὶ
3594 5055 3759 5108 πάλιν
3810 5054 3985 5122 τιμᾷν

2402 5164 2529 5225 τοὺς
2582 5156 2931 5225 δικαιοσύνην
2980 5152 3400 5224 ὲργαζομὲνους,
3457 5147 3647 5215 ῶσπερ
3702 5144 3797 5197 τδν
3834 5143 3983 5204 Νῶε,

2405 5252 2594 5320 ῶσπερ
2631 5249 2722 5302 τὸν
2782 5246 2923 5300 Λώτ.
2982 5246 3092 5297 Καὶ
3142 5243 3288 5295 εστιν
3344 5242 3378 5308 ἡ
3428 5236 3679 5303 σύνταξις
3731 5234 3983 5304 τοιαύτηο

2409 5341 2592 5395 Εἰπὼν
2635 5341 2716 5393 ὅτι
2774 5336 3201 5403 κολασθήσονται
3254 5331 3303 5383 οί
3355 5326 3835 5397 ψευδοδιδάσκαλοι
3894 5325 3984 5377 διά

2407 5434 2504 5495 τὰς
2536 5429 2886 5501 βλασφημίας
2927 5425 3127 5488 αὑτῶν,
3167 5422 3255 5476 διὰ
3281 5422 3372 5474 τὸν
3400 5417 3606 5485 ἀσελγῆ
3638 5416 3751 5486 βίον
3777 5416 3983 5476 αὐτῶν,

2408 5523 2659 5592 ἐπιφέρει
2702 5520 2773 5573 τά
2831 5517 3271 5589 παραδείγματα.
3316 5512 3374 5565 ’0
3426 5512 3536 5581 γάρ
3565 5509 3696 5570 Θεὸς
3731 5507 3984 5575 ἀγγέλων

2407 5615 2843 5684 ἁμαρτησάντων
2893 5611 2993 5665 οὑκ
3016 5608 3289 5678 ὲφείσατο,
3321 5604 3442 5659 οὑδὲ
3480 5601 3714 5675 ἀρχαίου
3748 5600 3979 5669 κόσμου.
