4166 6448
190 400 285 462 597

1168 396 1550 456 COMMENT.
1600 398 1670 455 IN
1716 398 1952 461 EPIST.
1993 402 2048 461 Il
2094 404 2152 461 S.
2196 402 2451 463 PETRI".

3334 404 3438 467 598

188 507 302 560 οὐδὲ
361 506 546 569 πόλεις
591 505 838 575 Σοδόμων
884 505 1146 574 ἐξέφυγον
1181 505 1273 558 τὸν
1324 505 1564 574 ὄλεθρον,
1629 506 1756 557 ἀλλά

1867 506 1965 559 dos
1988 523 2110 562 esse
2140 508 2303 563 falsos
2343 521 2707 580 praeoptares
2760 520 2981 581 pr0pter
3018 525 3145 565 suas
3196 512 3418 581 hlasphe

190 596 700 666 κατατεφρωθεῖσαι
750 598 831 656 είς
888 595 1267 665 σωφρονισμὸν
1317 594 1632 647 ὑπόκεινται
1655 595 1762 647 τῶν

189 681 551 735 ἀσεϐούντων.
585 684 694 736 Καὶ
726 683 910 745 πάλιν,
937 684 1062 745 τοὺς
1100 681 1450 751 δικαιοσύνην
1489 683 1764 751 ἀσκήσαν-

186 793 282 837 τας
310 776 483 846 τιμᾷν
512 772 620 828 οἶδε
645 774 796 837 Θεὸς,
827 775 901 838 ὡς
941 775 1030 827 τὸν
1057 774 1201 839 Νῶε,
1238 773 1313 836 ὡς
1344 775 1435 828 τὸν
1476 774 1620 828 Λώτ.
1656 775 1763 827 Καὶ

186 867 273 920 διὰ
320 869 483 921 ποίαν
521 867 867 936 δικαιοσύνην
907 867 1164 930 ἑκάστου,
1195 868 1502 937 ἐξηγεῖταιυ
1546 868 1629 921 ὅτι
1671 866 1763 919 καὶ

185 958 276 1012 τὸν
306 958 433 1012 Νῶε
457 959 552 1012 καὶ
578 958 669 1011 τὸν
697 958 818 1013 Λὼτ
858 960 945 1012 ea:
972 957 1329 1029 σωφροσύνην
1366 958 1630 1029 ἐφύλαξεν
1656 961 1763 1016 ἀπὸ

185 1051 279 1105 τοῦ
304 1051 532 1121 ὀλέθρου
562 1051 673 1105 τῶν
702 1053 821 1104 κατ’
848 1051 1046 1114 αὐτοὺς
1086 1050 1408 1121 ἀνθρώπιον.
1442 1051 1511 1105 Ὅ
1549 1069 1608 1105 τε
1654 1053 1764 1122 γὰρ

183 1146 307 1198 Νῶε
332 1146 434 1197 οὐκ
458 1144 678 1215 ἀπήχθη
702 1147 764 1215 τῇ
799 1144 1024 1216 ἀσεϐείᾳ
1054 1144 1163 1197 τῶν
1194 1144 1330 1213 πρὸς
1362 1144 1453 1198 τοῦ
1486 1146 1759 1199 κατακλυ-

186 1252 348 1305 σμου’
380 1239 409 1291 ὃ
444 1252 503 1288 τε
536 1235 657 1290 Λὼτ
680 1236 834 1289 οὐδὲν
864 1234 1114 1304 ζηλώσας
1163 1235 1262 1304 τῆς
1317 1234 1604 1304 ἀσελγείας
1653 1234 1762 1287 τῶν

182 1330 241 1379 ὲν
277 1326 556 1394 Σοδόμοις.
613 1324 755 1377 ‘AD.’
778 1323 991 1395 ἡμέραν
1024 1324 1083 1389 ἐξ
1137 1326 1351 1395 ἡμέρας
1382 1319 1494 1377 οἷον
1542 1325 1762 1378 κεντού-

185 1434 346 1485 μενος
372 1420 437 1487 τῇ
472 1417 659 1485 ὁράσει
688 1416 795 1470 τῶν
835 1415 1234 1485 ἁσελγούντων,
1268 1416 1363 1469 καὶ
1397 1418 1484 1469 ἐπ’
1524 1417 1665 1471 αὑτά
1693 1416 1760 1469 τὰ

180 1508 391 1578 ασελγῆ
435 1508 942 1579 παρακαλούμενος,
975 1508 1126 1562 οὐδὲν
1167 1508 1412 1561 ὑπεῖκεν.
1445 1507 1616 1562 Τοῦτο
1650 1509 1759 1577 γάρ

181 1604 322 1659 ἐστι.
356 1618 376 1650 ι
400 1599 685 1671 Βλέμματι
712 1602 804 1653 καὶ
829 1601 988 1669 ἀκοῇ.
1013 1619 1031 1651 ι
1056 1600 1179 1654 Ὅτι
1197 1599 1366 1653 πολλά
1390 1593 1503 1671 εῐχε
1529 1600 1599 1653 τὰ
1624 1600 1759 1671 πρὸς

179 1694 474 1761 ἀσέλγειαν
527 1692 689 1746 αὐτὸν
734 1690 1128 1762 ἑκκαλούμενα,
1155 1692 1368 1762 ὅρασιν,
1427 1691 1615 1761 ἀκοὴν,
1659 1690 1759 1757 τὴν

179 1787 322 1839 κατά
350 1786 462 1838 τῶν
496 1784 750 1855 πονηρῶν
806 1785 1272 1857 συναναστροφὴν,
1308 1783 1422 1838 ἀλλ’
1474 1784 1596 1837 οὐδὲ
1626 1783 1759 1846 τοὺς

1866 596 2021 659 mias,
2052 607 2109 653 ct
2140 609 2359 669 prepter
2386 600 2640 655 lascivam
2676 602 2841 656 vitam
2873 618 3047 665 suam,
3072 603 3353 673 subiungit
3390 614 3439 656 et

1865 686 2131 755 exempla.
2176 688 2318 758 Deus
2347 689 2492 743 enim
2545 690 2752 760 angelis
2780 690 2870 760 qui
2918 701 3278 761 peccaverant
3332 706 3440 746 non

1863 778 2129 847 pepercit,
2163 794 2343 850 neque
2373 780 2557 850 prisco
2580 781 2803 846 mundo,
2849 798 3023 852 neque
3075 783 3438 839 Sodomorum

1863 878 1917 923 et
1937 868 2215 926 Gomorrae
2249 870 2498 928 civitates
2541 873 2853 943 eﬂ‘ugerunt
2902 874 3202 936 interitum,
3254 875 3347 929 sed
3382 874 3437 929 in

1862 958 2077 1015 cineres
2109 959 2341 1017 redactae
2363 962 2651 1033 subiacent
2686 964 2754 1019 ad
2792 963 3084 1033 impiorum
3129 963 3441 1032 castigatio-

1855 1063 2008 1121 nem.
2076 1048 2318 1107 Rursum
2371 1053 2638 1123 justitiam
2697 1061 3019 1110 exercentes
3077 1054 3230 1108 novit
3297 1053 3441 1107 Deus

1861 1138 2150 1207 honorare,
2180 1146 2642 1212 quemadmodum
2666 1144 2800 1211 Noe,
2824 1147 3281 1218 quemadmodum
3305 1144 3437 1199 Lot:

1860 1238 1917 1285 et
1949 1230 2023 1287 ob
2046 1247 2210 1302 quam
2261 1236 2527 1306 cujusque
2562 1238 2848 1307 justitiam,
2900 1248 3154 1294 enarrat:
3208 1237 3350 1308 quod
3383 1245 3440 1291 et

1859 1323 1977 1379 Noe
2019 1334 2077 1381 et
2118 1325 2219 1382 Lot
2270 1337 2493 1399 prepter
2536 1331 2954 1401 temperantiam
3006 1346 3071 1385 ac
3120 1330 3435 1401 pudicitiam

1860 1418 2161 1474 servaverit
2201 1420 2271 1476 ab
2290 1421 2455 1477 exitio
2484 1421 2771 1478 hominum
2796 1422 2889 1492 qui
2920 1431 3163 1491 tempore
3193 1424 3435 1492 ipsorum

1859 1512 2136 1568 vivebant.
2192 1513 2307 1585 Noe
2365 1515 2511 1571 enim
2579 1531 2691 1571 non
2770 1514 2874 1570 fuit
2924 1515 3193 1571 abductus
3244 1529 3434 1569 eorum

1859 1599 2142 1669 impietate
2168 1601 2264 1670 qui
2293 1600 2516 1657 fuerunt
2541 1611 2667 1658 ante
2698 1603 2987 1659 diluvium.
3021 1603 3123 1658 Lot
3140 1616 3355 1672 quoque
3378 1601 3436 1656 in

1859 1689 2012 1742 nullo
2038 1690 2328 1746 aemulatus
2353 1700 2437 1747 est
2458 1691 2709 1747 lascivias
2736 1707 2925 1748 eorum
2973 1692 3065 1762 qui
3119 1691 3437 1746 habitabant

1858 1777 2130 1846 Sodomis,
2184 1781 2281 1838 sed
2334 1782 2503 1837 veluti
2550 1784 2862 1839 stimulatus
2914 1784 3157 1854 quotidie
3209 1791 3434 1853 aspectu

179 1876 609 1939 ἐτιξενωθέντας
639 1875 787 1946 αύτῷ
831 1876 1098 1945 ἀγγέλους
1155 1879 1212 1930 ὲν
1271 1877 1513 1946 σχήματι
1540 1875 1751 1946 ἀνθρώ-

1858 1886 2043 1925 eorum
2065 1872 2159 1943 qui
2192 1874 2462 1944 impudice
2492 1875 2740 1947 agebant,
2766 1885 2821 1931 et
2847 1877 2912 1930 ad
2943 1876 3130 1931 eadem
3163 1874 3437 1945 impudica

180 1985 320 2032 πων,
348 1969 459 2029 τοῖς
491 1966 558 2020 δι’
602 1966 888 2034 ἀσέλγειαν
912 1966 1110 2025 αὐτοὺς
1161 1966 1433 2032 ἑξαιτοῦσι
1483 1967 1750 2036 παρέσχε,

178 2059 358 2111 καίτοι
405 2058 575 2130 μυρία
609 2058 714 2111 ὑπὸ
748 2057 951 2112 τούτων
988 2056 1098 2111 τῶν
1129 2058 1483 2122 ὲξαιτούντων
1513 2060 1753 2128 ἐπηρεα-

180 2151 526 2214 σθείς.Τοῦτο
539 2151 649 2221 γάρ
661 2150 749 2203 διὰ
758 2151 875 2214 τοῦ,
894 2169 913 2201 ι
925 2149 1245 2204 Καταπονού
1253 2166 1434 2221 μενον,
1448 2168 1466 2201 ι
1486 2151 1749 2219 ὑπέφηνε.

178 2242 288 2293 Καὶ
344 2240 555 2303 τούτοις
600 2239 787 2311 ὥσπερ
843 2240 1175 2311 ἐπιφώνημα
1232 2240 1503 2311 ἐπιφέρει·
1561 2258 1581 2293 ι
1631 2236 1751 2294 Οἵδε

178 2316 387 2400 Κύριος
417 2330 683 2393 εύσεσείς,
720 2349 738 2382 ι
760 2310 872 2383 fatui.
906 2330 1054 2400 ἑξῆς.
1082 2310 1255 2383 Οὐδὲν
1283 2310 1340 2382 δὲ
1373 2310 1503 2401 περὶ
1529 2328 1753 2382 δικαίων

178 2421 482 2493 προειπιὶιν,
515 2423 562 2473 εἰ
595 2420 669 2491 μὴ
702 2423 831 2491 περὶ
871 2423 1033 2490 μόνον
1062 2421 1273 2475 ἀσεϐῶν
1307 2421 1399 2473 καὶ
1429 2421 1525 2490 τῆς
1550 2424 1754 2474 τούτων

176 2514 450 2584 τιμωρίας
504 2513 842 2581 παρενέϐαλε
882 2513 976 2565 καὶ
1032 2513 1100 2564 τά
1140 2512 1251 2564 τῶν
1302 2510 1525 2564 δικαίων
1576 2529 1754 2580 παραυ

176 2606 473 2675 δείγματα.
522 2605 745 2675 Πρῶτον
776 2605 874 2673 μὲν
901 2605 989 2657 διὰ
1015 2605 1074 2656 τὸ
1103 2605 1197 2658 καὶ
1229 2604 1327 2674 τὴν
1361 2603 1603 2674 ἱστορίαν
1638 2604 1755 2671 ἅμα

183 2695 494 2766 μεμνῆσθαι
533 2697 628 2749 καὶ
662 2694 762 2765 τῆς
798 2694 909 2748 τῶν
954 2693 1167 2747 ἀσεϐῶν
1196 2694 1493 2759 ἀπωλείας,
1525 2693 1621 2745 καὶ
1656 2693 1754 2761 τῆς

178 2788 283 2839 τῶν
326 2786 556 2841 δικαίων
601 2787 899 2856 σωτηρίας*
944 2785 1135 2840 ἔπειτα
1181 2786 1237 2839 δὲ
1281 2786 1378 2840 καὶ
1418 2786 1482 2838 ὲκ
1513 2783 1755 2854 παραθὲ-

182 2896 320 2942 σεως
367 2878 598 2946 τούτων,
646 2895 757 2932 των
810 2880 911 2948 μὲν
932 2880 1368 2951 ἁμαρτησάντων
1415 2877 1646 2948 ἐξαίρων
1694 2876 1757 2930 τὸ

180 2974 369 3036 κακὸν,
420 2973 532 3026 τῶν
585 2972 642 3026 δὲ
688 2972 1151 3042 κατορθωσάντων
1179 2970 1515 3042 λαμπρύνων
1554 2970 1614 3023 τὸ
1655 2987 1756 3023 κα-

180 3065 473 3134 τορθωθέν.
531 3065 653 3118 Ἐτι
705 3065 764 3117 δὲ
795 3066 1044 3129 καὶτοὺς
1088 3062 1365 3133 ἀκροατὰς
1387 3062 1613 3126 πείθων,
1648 3060 1756 3113 τῶν

1854 1969 2205 2028 provocatus,
2258 1962 2310 2015 in
2363 1962 2513 2017 nullo
2553 1964 2853 2018 obsecutus
2898 1972 3003 2018 est.
3045 1961 3177 2017 Nam
3246 1963 3295 2015 id
3329 1961 3433 2015 sibi

1854 2051 1990 2115 vult,
2032 2070 2048 2102 ι
2076 2050 2261 2107 Oculis
2282 2062 2336 2108 et
2355 2056 2598 2118 auribus,
2622 2073 2641 2107 ι
2667 2056 2809 2124 quod
2833 2057 3000 2110 multa
3036 2054 3286 2110 habuerit
3314 2069 3434 2122 qua:

1855 2142 2033 2211 ipsum
2099 2144 2167 2199 ad
2212 2145 2607 2215 impudicitiam
2675 2156 3074 2217 provocarent,
3125 2157 3430 2217 aspectum,

1853 2234 2121 2302 auditum,
2151 2239 2620 2293 conversationem
2653 2239 2796 2294 inter
2845 2256 3080 2310 pravos:
3135 2240 3225 2295 sed
3258 2253 3435 2309 neque

1854 2336 2114 2397 exceptos
2138 2329 2205 2383 ah
2231 2330 2349 2399 ipso
2382 2331 2605 2400 angelos
2636 2330 2876 2401 hospitio
2903 2334 2956 2387 in
3020 2332 3205 2387 habitu
3255 2330 3434 2385 horni-

1853 2433 2007 2482 num,
2041 2419 2119 2473 eis
2145 2421 2237 2490 qui
2264 2430 2485 2490 propter
2507 2421 2903 2491 impudicitiam
2929 2422 3051 2478 illos
3082 2422 3431 2491 expetebant,

1858 2511 2099 2575 tradidit,
2132 2528 2444 2583 quanquam
2477 2515 2657 2570 modis
2690 2514 2993 2570 innumeris
3032 2514 3139 2568 vim
3188 2513 3257 2567 ab
3302 2511 3443 2581 ipsis-

1855 2618 2071 2673 passus.
2112 2602 2224 2659 Hoc
2252 2604 2397 2658 enim
2433 2605 2740 2676 designavit
2770 2606 2961 2661 dicens
2996 2606 3141 2675 quod
3170 2605 3432 2671 apprime—

1858 2697 2031 2749 batur.
2101 2696 2166 2749 Et
2234 2696 2320 2751 his
2379 2704 2636 2767 tanquam
2686 2698 3052 2769 epiphonema
3114 2694 3428 2765 subiungit:

1864 2804 1881 2836 t
1920 2784 2084 2841 Novit
2122 2786 2383 2842 Dominus
2417 2789 2554 2857 pios,
2592 2808 2610 2841 ι
2636 2799 2742 2844 etc.
2780 2790 2940 2862 552
2971 2789 3106 2845 Cum
3147 2797 3328 2841 autem
3365 2786 3434 2839 de

1853 2876 2019 2946 justis
2043 2878 2179 2932 nihil
2227 2879 2588 2947 praedixisset,
2621 2882 2716 2936 sed
2746 2881 2813 2937 de
2839 2882 2970 2937 solis
2994 2879 3173 2949 impiis
3214 2892 3435 2933 eorum-

1856 2982 1961 3036 que
1992 2967 2277 3037 supplicio,
2316 2969 2683 3026 intermiseuit
2705 2974 2807 3028 hoc
2827 2972 2944 3027 loco
2974 2970 3136 3025 etiam
3159 2970 3427 3038 iustorum

1857 3058 2145 3127 exempla:
2180 3058 2416 3128 primum
2442 3061 2663 3129 quidem
2701 3077 2767 3117 eo
2792 3062 2937 3131 quod
2986 3059 3150 3114 etiam
3202 3056 3427 3111 historia

185 3155 283 3223 μὲν
350 3156 582 3225 μισῆσαι
631 3156 719 3208 διὰ
766 3155 864 3219 τὰς
920 3154 1193 3225 τιμωρίας
1246 3154 1308 3206 τδ
1360 3152 1607 3219 ἀσελγὲς,
1645 3150 1753 3204 τῶν

1861 3148 2024 3202 simul
2074 3150 2412 3205 mentionem
2471 3152 2637 3207 faciat
2692 3163 2749 3208 et
2816 3152 2966 3207 exitii
3030 3150 3318 3215 impiorum
3376 3153 3434 3200 et

180 3247 234 3300 δὲ
262 3246 675 3300 ἐπισπάσασθαι
711 3247 800 3299 διὰ
832 3248 931 3316 τὴν
985 3246 1259 3317 σωτηρίαν
1297 3246 1359 3299 τὸ
1395 3244 1747 3316 κατόρθωμα.

183 3339 345 3393 Ὅθεν
374 3342 471 3395 καὶ
503 3343 562 3393 ὲν
589 3339 664 3407 τῷ
700 3341 1084 3409 ἑπιφωνὴματι
1123 3340 1449 3410 ἀμφοτέρων
1483 3339 1755 3408 μέμνηται

182 3436 274 3485 καὶ
296 3434 408 3486 τῶν
437 3432 652 3486 ἀσεϐῶν
690 3435 784 3484 καὶ
810 3432 919 3485 τῶν
942 3431 1204 3497 εύσεσῶν,
1232 3431 1327 3485 καὶ
1350 3431 1449 3499 τῆς
1486 3429 1756 3498 τιμωρίας

182 3527 273 3577 καὶ
304 3523 407 3594 τῆς
458 3524 752 3594 σωτηρίας.
788 3525 853 3578 Τί
910 3526 967 3578 δὲ
1026 3523 1347 3594 βουλόμενος
1393 3520 1641 3574 ἐντεῦθεν
1675 3518 1754 3584 δὲ,

183 3617 402 3687 εἴρηται
472 3618 594 3688 ἠδη·
660 3618 744 3670 ὅτι
818 3618 929 3670 τῶν
988 3617 1086 3685 μὲν
1147 3613 1502 3686 βδελύεασθαι
1560 3612 1755 3675 αὐτοὺς

185 3710 505 3782 βουλόμενος
531 3710 632 3780 τὴν
661 3709 880 3771 κακίαν,
910 3710 1020 3762 τῶν
1046 3708 1103 3761 δὲ
1129 3706 1374 3777 ζηλῶσαι
1398 3705 1497 3775 τὴν
1529 3705 1751 3775 ἀρετήν.

1858 3240 2045 3294 salutis
2096 3241 2407 3309 iustorum;
2462 3244 2660 3299 deinde
2720 3259 2849 3298 vero
2901 3258 2965 3299 ex
3020 3243 3215 3297 horum
3268 3237 3429 3293 etiam

1858 3334 2265 3401 comparatione
2289 3334 2552 3389 malitiam
2586 3344 2748 3404 auget
2804 3348 2990 3388 corum
3036 3332 3126 3401 qui
3172 3342 3433 3400 peccave-

1856 3438 2001 3487 runt,
2033 3435 2088 3479 et
2115 3425 2320 3481 clarum
2350 3427 2526 3483 reddit
2551 3428 2752 3482 bonum
2773 3442 2911 3496 opus
2942 3439 3131 3480 eorum
3162 3421 3255 3492 qui
3291 3435 3430 3490 prm-

1853 3516 1996 3570 clare
2018 3532 2075 3571 se
2099 3529 2406 3589 gesserunt.
2428 3519 2696 3575 Praeterea
2718 3532 2934 3589 quoque
2953 3515 3293 3571 auditoribus
3307 3527 3433 3582 per-

1854 3614 2065 3676 suadet,
2086 3624 2140 3669 ut
2160 3616 2375 3671 illorum
2390 3616 2609 3686 quidem
2633 3614 2852 3671 oderint
2881 3611 3275 3683 impudicitiam
3303 3620 3429 3677 pro-

1853 3713 1974 3771 pter
1999 3706 2283 3775 supplicia,
2312 3707 2505 3762 horum
2533 3723 2663 3764 vero
2680 3706 2998 3776 praeclarum
3016 3720 3152 3774 opus
3170 3700 3269 3756 sibi
3296 3699 3436 3753 asci-

188 3814 205 3845 ι
240 3796 527 3867 Βλέμματι
556 3798 665 3869 γάρ
695 3798 789 3851 καὶ
810 3799 946 3869 ἀκοῇ
975 3801 1003 3851 ὁ
1036 3796 1264 3859 δίκαιος.
1306 3814 1326 3847 ι
1358 3794 1535 3849 Πολλά
1566 3796 1753 3864 φησὶν,

1858 3806 2009 3851 scunt
2038 3810 2259 3870 propter
2290 3804 2543 3858 salutem.
2571 3804 2729 3861 Unde
2750 3802 2982 3857 etiamin
3008 3798 3430 3868 epiphonemttc

183 3887 321 3956 ἔχων
350 3891 420 3941 τά
449 3889 587 3959 πρὸς
624 3890 915 3957 ἀσέλγειαν
968 3890 1259 3943 ἑκκαίοντσ.
1304 3889 1396 3942 καὶ
1428 3887 1756 3957 ὲκμαινοντα

1858 3900 2211 3962 utrorumque
2230 3896 2479 3951 meminit
2501 3906 2555 3952 et
2580 3900 2793 3967 piorum
2817 3906 2871 3951 et
2896 3894 3209 3963 impiorum,
3248 3897 3302 3943 et
3345 3902 3434 3942 sa-

183 3982 275 4033 καὶ
324 3980 770 4051 παρακαλοῦντα,
810 3981 1024 4051 ὅρασιν,
1082 3980 1272 4050 ἀκοὴν,
1324 3978 1422 4049 τὴν
1463 3976 1601 4047 μετά
1644 3975 1756 4030 τῶν

1858 3980 1982 4036 Iutis
1994 3988 2050 4035 et
2066 3983 2334 4053 supplicii.
2354 3985 2521 4041 Porro
2536 3987 2665 4057 quid
2690 3987 2819 4041 hinc
2846 3984 2946 4041 sibi
2965 3982 3209 4051 velitjam
3225 3980 3430 4034 dictum

186 4072 437 4140 πονηρῶν
495 4073 963 4143 συναναστροφὴν,
1017 4071 1193 4125 οὐδενὶ
1234 4071 1439 4123 τούτων
1494 4068 1756 4137 ἐπίφορος

1859 4079 1960 4135 cst,
1981 4087 2177 4143 nempe
2194 4077 2338 4144 quod
2357 4079 2537 4146 cupiat
2556 4056 2622 4133 ut
2647 4078 2861 4132 illorum
2875 4056 3435 4147 quidem'abominen-

184 4161 315 4228 πρὸς
350 4162 512 4231 ζῆλον
539 4164 721 4225 αὐτοῖς
750 4163 993 4231 γέγονεν.

1861 4170 1951 4214 tur
1974 4164 2255 4231 malitiam,
2312 4169 2507 4224 horum
2559 4182 2743 4226 autem
2793 4170 3121 4223 aemulentur
3178 4166 3430 4221 salutem.

188 4269 206 4299 ι
232 4252 277 4304 Is
292 4253 439 4308 enim
462 4252 633 4308 oculis
654 4261 710 4307 et
730 4254 956 4309 auribus
977 4255 1178 4326 justus.
1204 4272 1223 4305 ι
1244 4252 1381 4309 Cum
1395 4250 1564 4307 multa
1585 4250 1951 4319 haberetque
1971 4254 2035 4307 ad
2051 4255 2440 4326 impudicitiam
2464 4258 3353 4317 inﬂammarentetexstimularent
3372 4271 3437 4312 ac

183 4349 496 4413 invitarent,
518 4348 922 4412 oculos,aures,
937 4348 1410 4405 conversationem
1433 4348 1575 4400 inter
1601 4345 1793 4406 malos,
1818 4346 1988 4407 nullo,
2010 4347 2205 4419 inquit,
2235 4354 2489 4410 inductus
2520 4366 2603 4411 est
2633 4358 2699 4411 ad
2732 4358 2974 4428 ipsorum
3004 4357 3429 4412 aemulationem.

254 4442 386 4500 Οἵδε
440 4446 655 4512 Κύριος
686 4444 955 4511 εὐσεϐεῖς
989 4446 1058 4500 ἐκ
1117 4442 1448 4513 πειρασμοῦ
1472 4443 1747 4509 ῥύεσθαι,

1933 4442 1995 4505 11,
2037 4446 2183 4501 7-15.
2204 4448 2359 4503 Novit
2400 4451 2651 4507 Dominus
2682 4456 2795 4524 pios
2833 4470 2860 4507 e
2898 4456 3181 4508 tentatione
3213 4455 3430 4522 eripere,

183 4536 427 4602 ἀδίκους
479 4536 548 4589 δὲ
603 4539 693 4602 είς
739 4536 969 4605 ἡμέραν
1013 4539 1262 4606 κρίσεως
1318 4534 1755 4604 κολαζομένους

1862 4536 2083 4603 injustas
2122 4552 2298 4596 autem
2353 4546 2404 4597 in
2437 4546 2574 4598 diem
2631 4547 2823 4614 judicii
2848 4549 3133 4617 puniendos
3191 4564 3433 4607 servare:

182 4629 399 4695 tqreir,
426 4628 696 4697 μάλιστα
743 4629 811 4682 δὲ
845 4630 986 4695 τοὺς
1044 4630 1236 4684 ὀπίσω
1280 4628 1506 4697 σαρκὸς
1532 4628 1602 4680 ἐν
1629 4626 1753 4679 ἐπι-

184 4723 357 4788 θυμίᾳ
404 4721 678 4791 μιασμοῦ
740 4720 1203 4791 πορευομένους,
1264 4721 1363 4774 καί
1408 4719 1754 4787 κυριότητος

184 4811 732 4881 καταφρονοῦντας.
771 4814 1086 4882 Τολμητιιί,
1118 4812 1421 4878 αὐθάδεις,
1456 4811 1640 4875 δόξας
1681 4812 1754 4864 οὐ

184 4901 463 4970 τρέμουσι
505 4902 1044 4970 βλασφημοῦντες,
1096 4903 1249 4956 ὅπου
1297 4902 1537 4971 ἄγγελοι
1589 4901 1761 4968 ισχύτ

185 4992 280 5042 καὶ
319 4991 572 5061 δυνάμει
601 4991 868 5060 μείζονες
897 4992 1090 5058 ὄντες,
1114 4994 1187 5047 οὺ
1204 4992 1456 5061 φέρουσι
1488 4991 1615 5046 κατ’
1651 4992 1758 5044 αὐ-

184 5081 300 5135 τῶν
329 5087 487 5154 παρὰ
510 5086 702 5151 Κυρίῳ
721 5084 1096 5154 ,βλάσφημον
1123 5086 1341 5153 κρίσιν.
1394 5080 1568 5141 Οὗτοι
1591 5083 1657 5137 δὲ
1679 5084 1756 5149 ὡς

185 5174 499 5245 “oratrix:
516 5177 750 5247 φυσικὰ
769 5178 1135 5247 γεγενημένα
1148 5180 1235 5242 εἰς
1253 5177 1487 5232 ἅλωσιν
1506 5184 1602 5231 καί
1619 5179 1760 5246 φθοο

185 5265 319 5332 par,
335 5267 405 5320 ἐν
424 5263 514 5334 οἷς
532 5267 825 5336 ἀγνοοῦσι
843 5269 1359 5338 ,ϐλασφημοῦντες
1386 5269 1455 5321 ἐν
1473 5267 1546 5336 τῇ
1567 5266 1760 5336 φθορᾷ

186 5362 383 5415 αὐτῶν
448 5362 1039 5432 καταφθαρήσονται,
1101 5366 1483 5433 κομιούμενοι
1534 5366 1760 5434 μισθὸν

187 5454 442 5521 ἀδικίας,
468 5456 705 5524 ἡδονὴν
720 5458 1039 5527 ἡγούμενοι
1065 5458 1180 5525 τὴν
1200 5459 1271 5512 ἐν
1290 5459 1479 5527 ἡμέρᾳ
1498 5460 1754 5528 τρυφήν.

261 5566 281 5599 ι
315 5549 567 5602 Μάλιστα
620 5549 677 5604 δὲ
732 5551 859 5614 τοὺς
923 5551 1098 5605 ὀπίσω
1143 5552 1365 5623 σαρκός.
1397 5573 1413 5605 ι
1480 5552 1761 5606 Ἐντεῦθεν

191 5640 406 5708 εὐφυῶς
453 5642 559 5693 ἀπὸ
598 5641 708 5693 τῶν
743 5642 1155 5713 ὑποδειγμάτων
1185 5643 1293 5697 τῶν
1324 5645 1758 5714 προειρημένων,

192 5732 268 5793 εἰς
298 5731 401 5802 τὴν
430 5732 712 5802 παροῦσαν
761 5729 924 5804 ἦλθεν
974 5735 1251 5797 ὑπόθεσιν.
1316 5737 1478 5803 Λέγει
1523 5737 1579 5788 δὲ
1634 5738 1761 5807 περὶ

192 5821 296 5874 τῶν
348 5824 670 5893 καταράτων
731 5824 1102 5893 Νικολαϊτῶν,
1156 5827 1267 5897 ἦτοι
1329 5828 1667 5893 Γκωστικιζην,

1860 4633 2091 4687 maxime
2129 4650 2245 4687 vero
2284 4635 2399 4688 illos
2450 4637 2538 4705 qui
2577 4653 2789 4690 carnem
2828 4648 3096 4707 sequentes
3136 4640 3189 4691 in
3245 4655 3437 4697 concu-

1858 4726 2108 4793 piscentia
2185 4728 2489 4795 pollutionis
2561 4729 2833 4783 ambulant
2891 4748 2954 4785 ac
3021 4732 3432 4787 dominationem

1858 4829 2227 4872 contemnunt:
2260 4821 2507 4884 audaces,
2538 4824 2829 4893 prtefracti,
2876 4825 2964 4893 qui
2992 4824 3291 4892 splendores
3332 4841 3435 4878 non

1858 4919 2099 4963 verentur
2119 4913 2354 4966 convitiis
2377 4913 2661 4967 incessere:
2686 4914 2992 4983 cumfangcli
3012 4916 3100 4985 qui
3117 4926 3236 4968 sunt
3254 4925 3435 4984 poten-

1860 5002 2008 5055 tiaac
2039 5005 2230 5057 virtute
2271 5005 2822 5076 majoresmonferant
2845 5008 3091 5060 adversus
3130 5008 3263 5075 ipsos
3293 5009 3435 5075 apud

1862 5092 2142 5148 Dominum
2162 5096 2470 5149 maledicum
2483 5096 2765 5164 judicium.
2791 5097 2853 5149 At
2879 5098 2964 5148 isti
2986 5097 3142 5149 veluti
3165 5099 3316 5151 bruta
3354 5098 3432 5149 ir-

1862 5186 2149 5239 rationalia
2184 5197 2373 5238 natura
2414 5186 2588 5256 genita
2609 5186 2662 5237 in
2688 5196 2963 5256 capturum
2984 5196 3031 5239 et
3063 5188 3115 5239 in
3141 5187 3437 5255 corruptio-

1862 5293 1998 5343 nem,
2019 5279 2071 5329 in
2099 5278 2177 5331 Itis
2193 5293 2416 5347 quaznon
2438 5278 2734 5349 intelligunt
2770 5277 3203 5346 blaspltentantcs,
3228 5279 3280 5329 in
3318 5292 3432 5345 per-

1860 5370 2057 5421 ditione
2069 5387 2163 5422 sua
2183 5369 2443 5438 peribunt,
2469 5376 2790 5437 reportantes
2821 5370 3105 5421 mercedem
3130 5367 3433 5431 iniustitiae,

1863 5478 1956 5529 pro
1979 5462 2241 5528 voluptate
2267 5463 2511 5514 ducentes
2533 5462 2577 5514 si
2610 5463 2663 5513 in
2694 5462 2829 5514 diem
2845 5460 3321 5529 deliciisfrunntur.

1938 5572 1955 5603 ι
1988 5551 2217 5606 Maxime
2280 5566 2409 5605 vero
2466 5552 2584 5604 illos
2638 5551 2728 5619 qui
2786 5566 3005 5604 carnem
3061 5560 3372 5619 sequentes.
3411 5570 3440 5600 ν

1865 5644 2002 5698 llinc
2038 5644 2171 5699 scite
2201 5645 2491 5698 admodum
2521 5660 2549 5698 a
2582 5644 2853 5712 przedictis
2890 5643 3150 5710 exetmtlis
3198 5644 3343 5695 venit
3371 5644 3433 5697 ad

1865 5752 2103 5807 prtesens
2152 5746 2556 5806 argumentum.
2594 5736 2731 5790 Dicit
2792 5744 2971 5789 autem
3019 5736 3084 5787 dc
3139 5734 3438 5789 maledictis

1866 5826 2142 5883 .‘éiwlaitis
2178 5832 2286 5882 :ltL‘
2323 5826 2454 5883 (inc:
2477 5826 2589 5880 ιιςίξη
2623 5834 2711 5879 .tul
2742 5824 2997 5878 Naascuis
3031 5824 3110 5879 xci
3148 5825 3413 5879 [Ἀνάστηθι
