4166 6448
732 381 838 442 599

1786 384 2178 442 (ECUMENll
2214 382 2506 442 THICCJ‘Z
2539 387 2870 449 El’iSCl)?!

3869 387 3978 450 600

733 500 849 551 nis:
889 497 1027 549 varia
1051 498 1192 549 enim
1219 496 1434 548 nomina
1465 495 1653 549 sortita
1686 506 1770 549 est
1791 511 1983 550 eorum
2012 498 2286 566 iniquitas:

2404 503 2720 572 Ναασηνῶν,
2767 504 2798 572 ἦ
2834 503 3226 572 Κερδονιανῶν.
3269 500 3626 569 Πολυὼνυμος
3656 500 3763 568 γάρ
3796 501 3976 554 αὐτῶν

731 598 785 644 et
811 587 1268 656 quemadmodum
1296 589 1570 642 sceleratis
1593 587 1772 652 lactis,
1799 589 1870 641 ita
1901 597 1955 641 et
1985 589 2296 642 nominibus

730 683 954 736 confusa
977 697 1097 735 esse
1125 681 1572 751 deprehenditur.
1597 679 1726 734 Nam
1765 681 1840 744 hi,
1869 680 2009 734 sicut
2039 681 2294 737 diximus.

729 783 979 842 suscepta
1016 773 1173 844 543
1206 773 1569 842 profundit-ate
1594 790 1655 828 ac
1685 774 1920 838 silentio,
1953 775 2126 842 prima
2164 776 2290 828 sub-

729 866 991 920 sistentiae
1018 867 1201 919 mundi
1229 881 1391 933 opera
1424 877 1478 920 et
1504 867 1764 934 quasdam
1793 876 1993 920 matres
2013 882 2074 920 ac
2101 869 2296 919 szeeula

729 957 1035 1028 prodigiose
1072 966 1377 1018 narrantes,
1435 956 1891 1024 quemadmodum
1947 967 2002 1010 et
2062 957 2294 1009 Marcion

725 1052 819 1120 qui
857 1066 1019 1119 prava
1050 1051 1279 1117 sumpsit
1308 1051 1375 1103 ab
1417 1050 1499 1102 his
1529 1051 1772 1104 semina:
1814 1049 2012 1104 deinde
2050 1065 2144 1118 per
2185 1051 2300 1106 harc

729 1144 943 1211 repulsa
991 1143 1365 1196 dominatione
1428 1142 1787 1196 institutionis
1838 1157 1901 1197 ac
1944 1142 2299 1211 inspectionis

726 1235 842 1288 sive
895 1234 1305 1304 gubernationis
1355 1233 1565 1296 mundi,
1622 1232 1688 1285 ad
1744 1247 1961 1286 omnem
2020 1235 2295 1287 carnalem

729 1327 1124 1396 impudicitiam
1160 1328 1423 1394 intrepide
1451 1337 1840 1396 pervenerunt.

798 1419 951 1484 Quod
983 1420 1025 1471 si
1052 1419 1317 1487 quispiam
1359 1419 1424 1472 de
1451 1420 1535 1473 his
1565 1421 1772 1474 discere
1801 1421 1950 1483 velit,
2001 1430 2219 1487 sumpto
2246 1420 2298 1470 in

726 1525 921 1564 manus
953 1511 1091 1564 libro
1123 1526 1152 1563 a
1180 1511 1335 1564 beato
1367 1512 1484 1563 viro
1516 1511 1719 1564 lremeo
1752 1511 1902 1566 Gallo
1937 1512 1980 1541 "
2001 1509 2300 1576 composito

726 1618 888 1671 quem
921 1603 1178 1656 Adversus
1235 1603 1369 1668 {also
1410 1605 1606 1655 dictam
1643 1605 1954 1670 sapientium
1996 1602 2298 1670 inscripsit,

727 1695 974 1748 inveniet
1016 1695 1210 1749 horum
1257 1695 1648 1760 immunditias,
1684 1695 2026 1764 potissimum
2079 1703 2302 1764 propter

727 1785 964 1839 Marcum
1001 1785 1171 1840 virum
1218 1787 1690 1852 obscenissimum,
1731 1796 1786 1841 et
1825 1803 1920 1841 eos
1970 1787 2058 1856 qui
2084 1787 2152 1840 ab
2183 1786 2300 1853 ipso

728 1879 935 1932 seducti
997 1877 1241 1941 fuerunt,
1299 1893 1360 1932 ac
1407 1887 1690 1946 corruptas
1737 1878 1962 1932 miseras
2019 1879 2296 1933 mulieres.

735 1988 752 2018 ι
792 1969 1058 2032 Audaces,
1111 1968 1398 2037 prtel'raeti.
1445 1987 1462 2019 ι
1522 1968 1968 2022 Subaudieudum
2018 1977 2135 2024 est:
2197 1968 2299 2034 Qui

729 2070 881 2113 sunt.
913 2059 1138 2128 Rejecto
1165 2059 1328 2129 igitur
1369 2059 1556 2112 mundi
1608 2060 1916 2129 inspectore
1949 2061 2060 2114 sivc
2099 2062 2299 2130 guher-

726 2160 920 2205 natore
941 2159 1286 2209 acereatore.
1322 2150 1453 2203 nihil
1485 2151 1677 2203 mirmn
1710 2152 1959 2219 estquod
1987 2152 2298 2217 hujusnmdi

730 2243 968 2297 audaces
996 2243 1105 2297 sint
1127 2259 1188 2298 ac
1221 2243 1512 2312 prtefracti,
1556 2245 1657 2296 hoc
1679 2254 1780 2306 est,
1812 2245 2162 2312 insequentes
2201 2245 2300 2297 sibi

730 2335 1024 2404 placentia.
1063 2335 1166 2389 Sed
1198 2346 1254 2388 et
1301 2335 1693 2388 convitialores
1734 2335 1884 2388 dicit.
1927 2335 2060 2389 Nam
2111 2335 2202 2404 qui
2235 2351 2298 2389 ex

727 2435 1046 2492 contemptu
1077 2425 1502 2479 dominationem
1556 2441 1665 2478 non
1695 2425 1910 2486 timent,
1941 2426 2067 2496 quid
2100 2426 2298 2479 mirum

730 2515 774 2568 si
832 2514 994 2568 etiam
1054 2515 1315 2569 adversus
1363 2530 1580 2569 onmem
1638 2516 1982 2585 splendorem
2033 2517 2301 2585 intrepide

729 2607 1057 2677 persistant?
1085 2608 1340 2676 Apertius
1363 2616 1541 2660 autem
1565 2608 1630 2662 de
1653 2607 1738 2662 his
1767 2609 1896 2662 dicit
1923 2610 2112 2662 beatus
2134 2608 2302 2662 Judas

729 2701 1024 2767 apostolus,
1090 2699 1180 2752 ubi
1216 2709 1271 2752 et
1328 2700 1394 2753 de
1429 2699 1560 2753 Mosi
1615 2716 1843 2770 corpore
1879 2700 2010 2755 facit
2063 2701 2302 2754 mentio-

729 2807 855 2844 nem
892 2793 954 2844 '°.
997 2791 1130 2845 Nam
1175 2791 1262 2845 hic
1308 2807 1456 2846 nunc
1511 2793 1686 2847 obiter
1741 2800 1949 2846 tantum
2001 2793 2301 2847 insinuavit

731 2893 960 2953 tangens
995 2884 1168 2936 solum
1201 2899 1263 2937 ac
1299 2884 1495 2937 sedans
1527 2885 1594 2937 de
1630 2884 1732 2936 hac
1762 2899 1819 2936 re
1855 2898 2187 2937 sermonem.
2228 2883 2301 2936 Ex

731 2975 825 3028 illo
857 2975 1017 3043 igitur
1045 2975 1332 3028 occasione
1381 2985 1592 3043 sumpta
1638 2977 1798 3030 etiam
1832 2975 1898 3028 de
1925 2975 2009 3028 his
2035 2989 2156 3043 qua:
2183 2989 2302 3042 pro-

734 3074 1030 3129 ponuntur,
1052 3064 1459 3132 dieimusquod,
1483 3083 1500 3115 ι
1520 3065 1970 3134 Splendoresnon
1986 3074 2264 3126 verentur,
2279 3083 2295 3114 ι

2401 597 2432 664 ἡ
2462 595 2650 657 κακία,
2683 595 2776 646 καὶ
2805 593 2880 656 ὼς
2905 597 3016 656 τοῖς
3049 595 3266 663 μιαροῖς
3313 592 3518 661 ἔργοις,
3547 591 3687 644 οὕτω
3737 594 3830 643 καὶ
3864 596 3976 652 τοῖς

2399 686 2627 756 ὀνόμασι
2669 685 3050 754 συγκεχυμένη
3102 684 3604 753 καταλαμϐάνεται.
3649 677 3811 735 Οὗτοι
3844 685 3973 752 γάρ,

2399 777 2472 839 ὼς
2524 777 2799 846 φθάνομεν
2853 775 3118 835 εἰπόντες,
3169 774 3328 843 βυθὸν
3386 775 3826 838 ὑποστησάμενοι
3877 775 3976 825 καὶ

2402 868 2559 936 σιγὴν
2591 869 2656 920 τά
2689 867 3016 936 πρωτουργά
3056 867 3155 936 τῆς
3193 865 3286 917 τοῦ
3335 865 3538 935 κόσμου
3597 866 3976 927 ὑποστάσεως,

2400 962 2494 1013 καί
2527 978 2674 1022 τινας
2708 959 2815 1011 ἀπὸ
2841 960 3045 1012 τούτων
3077 959 3318 1029 μητέρας
3346 961 3437 1010 καὶ
3465 959 3666 1021 αἰῶνας
3687 960 3976 1028 τερατολο-

2400 1054 2688 1120 γήσαντες,
2734 1051 2809 1111 ὼς
2861 1050 2957 1102 καὶ⁹
3003 1050 3266 1120 Μαρκίων
3297 1049 3403 1102 άπὸ
3433 1049 3637 1102 τούτων
3665 1049 3843 1101 λαϐὼν
3874 1067 3976 1101 πο·

2400 1144 2541 1212 νηρά
2571 1143 2882 1212 σπέρματα,
2945 1136 3064 1193 εἶτα
3113 1142 3438 1212 κυριότητας
3491 1140 3576 1192 διὰ
3622 1137 3823 1192 τούτων
3875 1141 3978 1208 τῆς

2400 1237 2494 1290 τοῦ
2530 1236 2736 1303 κόσμου
2769 1234 3130 1304 δημιουργίας
3175 1235 3559 1304 παρωσάμενοι
3587 1237 3680 1288 καὶ
3715 1236 3976 1302 ἑποψίας,

2401 1327 2492 1382 ἐπὶ
2526 1330 2705 1380 πᾶσαν
2751 1325 3036 1396 ἐχώρησαν
3088 1326 3258 1388 ἀδεῶς
3309 1329 3576 1396 σαρκικὴν
3607 1326 3976 1392 ἀκαθαρσίαν.

2474 1422 2582 1476 Καὶ
2623 1421 2771 1483 εῖτις
2797 1421 2926 1491 περὶ
2971 1420 3176 1473 τούτων
3209 1419 3380 1472 ἐθέλοι
3412 1420 3622 1488 μαθεῖν,
3669 1420 3769 1488 τὴν
3808 1420 3977 1488 Εἰρηο

2400 1513 2538 1579 ναίῳ
2569 1511 2649 1581 τῷ
2679 1511 2872 1580 Κελτῷ
2904 1511 3160 1581 μακαρίῳ
3188 1509 3462 1580 ἀνθρώπῳ
3489 1513 3614 1580 περὶ
3646 1511 3826 1563 αὐτῶν
3885 1511 3982 1562 ὲκ-

2402 1603 2788 1671 πεπονημένην
2814 1602 2995 1670 βίελον
3024 1603 3161 1672 μετά
3193 1604 3383 1672 χεῖρας
3413 1600 3614 1665 λαϐὼν,
3648 1603 3718 1671 ἣν
3742 1602 3982 1670 ἐπίγρα-

2401 1698 2468 1766 ψε
2509 1697 2667 1752 Κατὰ
2695 1697 2806 1764 τῆς
2834 1696 3231 1765 ψευδωνύμου
3269 1693 3565 1764 γνώσεως,
3610 1693 3835 1761 εὑρήσει
3882 1693 3981 1752 τᾶς

2405 1790 2607 1842 τούτων
2638 1789 3001 1858 ἀκαθαρσίας,
3029 1789 3120 1840 διά
3141 1789 3369 1857 Μάρκου
3403 1787 3638 1854 μάλιστα
3679 1784 3773 1837 τοῦ
3817 1784 3983 1836 ἀσελ-

2402 1881 2669 1948 γεστάτου
2710 1880 2803 1932 καὶ
2845 1879 2955 1931 τῶν
2995 1879 3087 1932 ὑπ’
3133 1878 3296 1931 αὑτοῦ
3323 1877 3688 1946 ἠπατημένων
3723 1876 3813 1928 καὶ
3867 1875 3981 1927 διε-

2405 1969 2732 2039 φθαρμένων
2747 1969 2994 2024 ἐλεεινῶν
3012 1968 3305 2037 γυναικῶν.
3319 1967 3648 2037 (Τολμηταὶ,
3667 1967 3939 2027 αὐθάδεις.
3956 1981 3975 2016 ι

2405 2063 2931 2131 Προσλπακουστέον
2958 2061 3038 2125 τὸ,
3074 2062 3286 2114 Οῖείσι.
3321 2057 3762 2133 Παρωσαμένους
3795 2056 3981 2108 τοίνυν

2402 2154 2493 2206 τὸν
2522 2151 2616 2204 τοῦ
2648 2153 2854 2221 κόσμου
2886 2149 3132 2219 ὲπόπτην
3170 2151 3262 2203 καὶ
3297 2149 3545 2218 ποιητὴν,
3567 2147 3716 2200 οὐδὲν
3743 2149 3979 2209 ἀπεικδς

2403 2244 2499 2296 καὶ
2530 2243 2805 2312 τολμητὰς
2838 2243 2962 2304 τοὺς
2983 2242 3257 2302 τοιούτους
3281 2241 3374 2292 καὶ
3397 2239 3667 2302 αὐθάδεις,
3703 2240 3978 2301 τουτέστι,

2402 2336 2463 2388 τὸ
2487 2337 2700 2398 ἑαυτοῖς
2749 2337 2988 2407 ἀρέσκον
3021 2332 3452 2403 μεταδιώκοντας
3502 2332 3773 2399 γενέσθαι.
3814 2332 3983 2383 Ἀλλά

2402 2429 2498 2481 καὶ
2531 2427 2882 2496 βλασφήμους
2913 2427 3098 2496 φησίν.
3135 2426 3199 2478 Ol
3255 2425 3364 2494 γάρ
3416 2426 3480 2476 ἐκ
3518 2426 3983 2492 καταφρονήσεως

2403 2520 2464 2572 οὐ
2491 2519 2786 2580 δεδοικότες
2816 2519 2916 2588 τὴν
2957 2518 3276 2586 κυριότητα,
3313 2517 3364 2569 τί
3387 2516 3451 2568 ἂν
3497 2517 3745 2584 πρᾶγμα,
3774 2516 3823 2566 εί
3885 2516 3982 2566 καὶ

2404 2612 2538 2680 πρδς
2566 2612 2746 2663 πᾶσαν
2768 2607 2924 2673 δόξαν
2971 2609 3140 2670 ἀδεῶς
3170 2608 3502 2675 διεγίνοντο;
3542 2607 3878 2675 Τρανότιρον
3925 2605 3986 2658 δὲ

2407 2701 2536 2770 περὶ
2591 2702 2852 2752 τούτωνό
2891 2700 3160 2767 μακάριος
3218 2698 3514 2758 ἀπόστολος
3585 2697 3784 2757 Ἰούδας
3842 2699 3982 2764 ἐρεῖ,

2405 2793 2538 2844 ὅπου
2568 2791 2664 2843 καὶ
2699 2793 2828 2860 περὶ
2856 2789 2947 2843 τοῦ
2987 2791 3266 2852 Μωῡσέως
3317 2787 3677 2858 μνημονεύσει
3706 2787 3982 2856 σώματος’

2405 2878 2560 2946 οὗτος
2586 2883 2696 2954 γάρ
2727 2885 2819 2936 νῦν
2884 2885 3044 2953 μόνον
3094 2883 3454 2952 ὑπέκρουσεν,
3505 2881 3781 2950 ἁψάμενος
3839 2881 3983 2949 ὁμοῦ

2407 2977 2500 3028 καὶ
2531 2973 2892 3036 καταπαύσας
2929 2973 3020 3026 τὸν
3055 2975 3184 3043 περὶ
3216 2972 3406 3025 τούτου
3435 2972 3610 3038 λόγον.
3645 2972 3734 3036 Ἐξ
3769 2972 3985 3023 ἐκείνου

2406 3067 2584 3120 τοίνυν
2617 3068 2711 3118 καὶ
2735 3067 2864 3136 περὶ
2890 3066 2998 3117 τῶν
3021 3067 3398 3134 προκειμένων
3421 3064 3672 3124 λαϐόντες
3692 3065 3790 3124 τάς
3819 3065 3990 3131 ἀφορσ

733 3155 837 3208 hoc
877 3165 1003 3209 est:
1035 3153 1406 3224 Contemptim
1438 3172 1653 3210 omnem
1681 3157 1851 3226 gloria
1899 3157 2299 3225 praecellentem

2411 3159 2537 3226 μὰς,
2557 3159 2902 3228 λέγομεν,ὃτι
2929 3157 3007 3222 τδ,
3042 3157 3238 3221 ιΔόξας
3263 3157 3324 3209 οὑ
3345 3157 3690 3226 τρέμουσιν.»
3713 3156 3837 3208 ἀντὶ
3867 3155 3986 3218 τοῦ,

730 3246 1030 3300 maledictis
1059 3245 1358 3300 incessunt.
1384 3246 1448 3302 Et
1477 3263 1823 3316 compescere
1846 3249 2036 3302 volens
2063 3250 2303 3316 ipsorum

729 3334 874 3386 circa
911 3335 1032 3387 talia
1068 3335 1372 3397 audaciam,
1427 3336 1544 3389 ait:
1585 3355 1602 3387 ι
1635 3337 1768 3390 Cum
1805 3336 1978 3406 angeli
2030 3337 2120 3404 qui
2177 3344 2307 3389 sunt

729 3426 974 3493 potentia
1015 3442 1078 3481 ac
1116 3427 1318 3481 virtute
1365 3429 1623 3498 majores,
1657 3444 1766 3480 non
1816 3429 1995 3481 [erant
2045 3431 2305 3482 adversus

730 3518 878 3583 ipsos
907 3519 1048 3586 apud
1080 3519 1368 3573 Dominum
1399 3520 1748 3573 maledictum
1774 3520 2066 3586 judicium,
2109 3541 2125 3570 ι
2160 3521 2304 3575 idem

729 3609 918 3664 dicens
949 3626 1072 3664 cum
1103 3612 1262 3665 beato
1283 3610 1441 3674 Juda,
1471 3621 1528 3666 ut
1549 3612 1784 3665 diximus
1812 3629 1825 3668 :
1864 3613 2304 3681 quandoquidem

730 3716 784 3756 et
819 3703 907 3756 ille
945 3703 1306 3772 quorumdam
1363 3704 1559 3774 lingua:
1613 3703 1968 3772 petulantiam
2022 3720 2086 3758 ac
2133 3721 2306 3775 nugas

729 3811 1010 3860 coercens,
1039 3796 1108 3849 ab
1135 3797 1326 3850 eodem
1378 3798 1629 3865 exemplo
1665 3795 1792 3851 facit
1847 3797 2304 3860 admonitionem,

729 3889 891 3956 idque
931 3887 1091 3941 latius
1112 3904 1232 3941 cum
1260 3888 1331 3941 ita
1357 3887 1487 3942 dicit
1514 3906 1526 3945 :
1556 3907 1573 3938 ι
1612 3888 1838 3941 Michael
1870 3889 2248 3957 archangelus,
2283 3908 2300 3939 ι

731 3989 837 4033 etc.
851 4020 864 4042 ,
892 3999 909 4027 ι
923 3994 1030 4032 non
1048 3995 1212 4032 ausus
1226 3991 1307 4031 est
1323 3980 1643 4034 maledicum
1661 3979 1926 4049 judicium
1946 3979 2265 4049 impingere.
2283 3999 2301 4032 ι

732 4069 862 4125 Tale
903 4071 1065 4139 igitur
1101 4080 1185 4123 est
1241 4071 1382 4139 quod
1415 4073 1578 4126 etiam
1631 4072 1826 4127 Petrus
1877 4073 1992 4126 vult
2028 4089 2177 4127 nunc
2225 4073 2307 4126 di-

730 4176 878 4226 cere,
902 4161 1044 4228 quod
1072 4161 1126 4214 hi
1157 4163 1561 4217 cacodtemones
1593 4165 1727 4217 nihil
1764 4173 1986 4232 parcant
2019 4165 2305 4217 maledicta

731 4252 1030 4321 ingerendo
1060 4251 1114 4304 in
1148 4251 1484 4319 splendores.
1541 4255 1703 4322 Atqui
1741 4270 1807 4307 ne
1841 4254 1912 4306 illi
1968 4256 2187 4322 quidem
2213 4257 2304 4324 qui

731 4345 971 4411 potentia
1029 4359 1092 4396 ac
1151 4345 1348 4398 virtute
1398 4345 1631 4413 majores
1680 4355 1827 4407 sunt,
1880 4345 2130 4401 videlicet
2188 4349 2306 4402 istis

731 4434 980 4502 impunis.
1018 4449 1126 4487 non
1151 4434 1332 4488 lerunt
1360 4435 1475 4488 sive
1517 4437 1801 4505 proferunt
1835 4436 2099 4490 adversus
2132 4436 2302 4504 ipsos,

733 4535 859 4594 puta
903 4525 1242 4595 splendores,
1289 4527 1608 4581 maledicum
1635 4529 1904 4594 judicium
1949 4529 2090 4594 apud
2123 4527 2308 4581 Dami-

731 4632 881 4668 num.
982 4616 1046 4668 Et
1135 4616 1299 4685 hujus
1380 4617 1535 4672 testis
1616 4619 1845 4673 Michael
1923 4620 2304 4689 archangelus.

732 4703 894 4778 544
919 4704 1192 4773 Siquidem
1225 4707 1368 4760 enim
1397 4716 1451 4762 et
1471 4707 1715 4762 diabolus
1757 4708 1990 4776 aliquam
2025 4709 2308 4777 participat

732 4796 975 4866 gloriam,
996 4811 1061 4850 eo
1087 4797 1229 4864 quod
1263 4794 1480 4850 initium
1510 4798 1580 4851 sit
1608 4799 1900 4852 creationis
1929 4799 2164 4862 Domini,
2192 4816 2301 4852 non

732 4887 955 4954 protulit
983 4887 1267 4941 adversum
1304 4889 1481 4956 ipsum
1517 4889 1801 4944 calumniae
1849 4906 2179 4945 sermonem.
2210 4893 2305 4945 Est

733 4978 891 5031 etiam
924 4978 992 5031 ab
1026 4979 1108 5032 his
1138 4978 1405 5032 eﬂicacior
1427 4983 1826 5049 argumentatio
1872 4983 1976 5036 hoc
2003 4984 2164 5036 modo
2197 4999 2209 5034 :
2245 4985 2300 5036 Si

734 5071 875 5121 enim
903 5070 1148 5123 diabolus
1177 5070 1266 5140 qui
1321 5071 1535 5140 dignior
1589 5082 1672 5126 est
1724 5072 1778 5124 in
1827 5088 1986 5141 quem
2033 5073 2307 5140 jactautur

737 5162 988 5225 ronvitia,
1045 5171 1221 5216 tamen
1267 5163 1392 5230 quia
1437 5164 1778 5231 splendorem
1835 5165 2142 5236 participat,
2194 5180 2303 5216 non

737 5263 814 5304 est
869 5254 971 5305 hoc
1031 5263 1355 5307 consecutus
1408 5271 1437 5306 ιι
1507 5254 1767 5310 Michaele
1819 5272 1998 5309 coram
2054 5256 2303 5314 Domino.

737 5360 1074 5412 nequaquam
1122 5346 1417 5414 prudentes
1451 5357 1630 5401 essent
1685 5347 1774 5415 qui
1827 5359 2030 5401 temere
2089 5363 2305 5403 omnem

736 5435 1074 5502 splendorem
1113 5438 1225 5490 sive
1252 5437 1538 5504 splendore
1568 5438 1820 5506 praeditos
1844 5439 2097 5493 convitiis
2129 5439 2300 5493 inces-

739 5533 940 5586 serent,
997 5541 1121 5578 cum
1193 5528 1398 5596 angelis
1464 5528 1635 5582 multo
1701 5530 2029 5597 posteriores
2079 5530 2188 5584 sint
2252 5531 2305 5583 in

741 5617 973 5680 honore;
999 5617 1155 5682 δόξας
1183 5631 1363 5673 autem
1391 5622 1544 5687 dicit,
1578 5622 1686 5675 sive
1721 5623 1931 5677 divinas
1946 5625 2166 5678 virtutes
2189 5625 2302 5678 sive

813 5797 873 5825 "°
909 5795 1002 5850 [ιιι
1057 5812 1090 5859 l,
1130 5813 1227 5867 mp
1280 5798 1324 5860 l,
1362 5801 1411 5852 ἓ,
1451 5800 1495 5848 .0.
1585 5803 1620 5834 ’τ’
1655 5800 1799 5853 lady
1837 5807 1883 5852 τι,

2410 3252 2910 3322 Καταφρονητικῶς
2957 3251 3137 3320 ἔχουσι
3183 3251 3366 3302 πάσαν
3417 3249 3572 3314 δόξαν
3617 3248 3987 3317 βλασφημεῖν.

2410 3345 2520 3397 Καὶ
2551 3343 2872 3412 βουλόμενος
2905 3345 3151 3411 ἂπισχεῖν
3177 3342 3274 3409 τὴν
3312 3342 3440 3411 περὶ
3464 3342 3530 3393 τά
3552 3341 3780 3392 τοιαῦτα
3804 3341 3991 3391 αὐτῶν

2409 3437 2634 3504 τόλμαν,
2669 3435 2852 3504 φησίν.
2909 3453 2926 3484 ι
2964 3434 3140 3486 Ὅπου
3190 3433 3411 3499 ἄγγελοι
3460 3431 3605 3499 ίσχυῖ
3642 3431 3732 3483 καὶ
3758 3430 3991 3495 δυνάμει

2413 3527 2656 3596 μείζονες
2697 3528 2852 3587 ὄντες
2887 3527 2945 3578 οὐ
2981 3526 3204 3594 φέρουσι
3232 3524 3354 3576 κατ’
3393 3523 3572 3575 αὐτῶν
3601 3522 3752 3590 παρὰ
3788 3523 3984 3591 Κυρίῳ

2413 3621 2728 3690 βλάσφημον
2779 3620 2979 3690 κρίσιν,
3018 3639 3035 3670 ι
3064 3618 3262 3671 ταύτὸν
3290 3617 3364 3686 τῷ
3391 3615 3644 3686 μακαρίῳ
3687 3616 3882 3684 Ἰούδᾳ,
3915 3618 3992 3677 ὡς

2411 3715 2644 3781 ἔφημεν,
2681 3713 2876 3780 λέγων,
2920 3711 3043 3764 ἐπεὶ
3094 3711 3346 3770 κάκεῖνος
3375 3709 3473 3776 τήν
3512 3724 3677 3759 τινων
3705 3706 3991 3772 γλωσσαλ-

2411 3806 2536 3870 γίαν
2579 3805 2840 3866 κολάζων,
2876 3804 2983 3855 ἀπὸ
3011 3803 3104 3854 τοῦ
3135 3801 3301 3854 αὑτοῦ
3334 3800 3776 3870 παραδείγματος
3812 3802 3990 3850 ποιεῖ-

2411 3913 2498 3948 ται
2539 3897 2637 3965 τὴν
2667 3895 2971 3957 νουθεσίαν,
3024 3893 3361 3961 πλατύτερον
3395 3895 3597 3960 μέντοι,
3626 3892 3694 3944 δι’
3739 3885 3812 3943 ὧν
3845 3891 3993 3943 οὕτω

2411 3987 2578 4053 λέγει·
2604 4006 2621 4038 ι
2653 3987 2710 4040 '0
2735 3987 2790 4038 δὲ
2810 3986 3028 4055 Μιχαὴλ
3053 3987 3080 4036 ό
3104 3983 3463 4052 ἀρχάγγελος,
3499 4001 3517 4032 ι
3545 3984 3636 4034 καὶ
3663 3982 3811 4049 ἑξῆς,
3835 4001 3854 4030 ι
3888 3983 3995 4033 οὐκ

2410 4079 2676 4147 ἐτόλμησε
2711 4078 2890 4146 κρίσιν
2921 4075 3224 4143 ἐξενεγκεῖν
3266 4076 3632 4145 βλασφημίας.
3669 4096 3688 4126 ο
3732 4071 3995 4126 Τοιοῦτον

2410 4169 2503 4222 οὖν
2537 4170 2627 4220 καὶ
2682 4169 2887 4237 Πέτρος
2945 4167 3124 4236 λέγειν
3169 4166 3426 4236 βαύλεται
3474 4165 3587 4229 νῦν,
3629 4167 3710 4218 δτι
3741 4159 3891 4216 οὗτοι
3942 4167 3994 4215 οἱ

2413 4260 2804 4328 κακοδαίμονες
2839 4259 3095 4327 οὐδεμίαν
3118 4257 3284 4327 ἔχωσι
3314 4255 3480 4326 φειδὼ
3514 4257 3642 4324 περὶ
3675 4257 3732 4306 τὸ
3764 4256 3865 4315 τάς
3902 4255 3996 4306 δό-

2412 4352 2508 4416 ξας
2540 4350 2906 4419 βλασφημεῖν,
2930 4350 3023 4401 καί
3061 4366 3205 4417 τοιγε
3231 4349 3354 4401 οὐδὲ
3381 4351 3428 4399 οἱ
3455 4347 3681 4413 δυνάμει
3708 4348 3801 4398 καὶ
3845 4345 3998 4413 tax-LE

2417 4441 2660 4510 μείζονες
2690 4441 2862 4502 ὄντες,
2888 4440 3134 4508 δηλονότι
3164 4439 3272 4491 τῶν
3303 4436 3515 4506 μιαρῶν
3543 4435 3770 4497 τούτων,
3807 4437 3870 4486 οὐ
3897 4436 4001 4500 φὲο

2343 4545 2388 4601 ι)
2417 4549 2623 4600 ρουσιν,
2653 4533 2772 4601 ἦτοι
2809 4532 2868 4582 οὗ
2904 4529 3299 4600 προκομίζουσι
3331 4529 3451 4581 κατ’
3477 4527 3656 4580 αὐτῶν
3695 4528 3861 4579 οἱονεὶ
3883 4527 3997 4579 τῶν

2406 4623 2575 4686 δοξῶν
2631 4621 2950 4689 βλάσφημον
2997 4621 3182 4689 κρίσιν
3214 4619 3365 4688 παρά
3394 4618 3602 4687 Κυρίῳ.
3634 4619 3744 4671 Καὶ
3798 4618 3996 4670 τούτου

2407 4715 2618 4783 μάρτυς
2646 4713 2865 4782 Μιχαὴλ
2893 4712 2920 4764 ὁ
2949 4712 3310 4780 ἀρχάγγελος.
3343 4710 3500 4763 Ἐπεὶ
3529 4709 3637 4778 γάρ
3669 4710 3828 4775 δόξης
3849 4710 3998 4772 me;

2410 4806 2626 4875 μετέχει
2656 4807 2747 4857 καὶ⁸
2773 4806 2800 4856 ό
2836 4804 3081 4866 διάϐολος
3111 4804 3200 4856 διά
3234 4803 3296 4856 τὸ
3326 4801 3500 4871 ἀρχὴν
3539 4797 3682 4854 εἶναι
3733 4802 3997 4870 πλάσμα-

2413 4915 2502 4960 τος
2533 4897 2761 4966 Κυρίου,
2781 4896 2879 4949 οὑκ
2898 4898 3096 4965 ἠνεγκε
3119 4897 3236 4946 κατ’
3267 4894 3430 4948 αὐτοῦ
3457 4894 3778 4964 βλάσφημον
3805 4896 3992 4960 λόγον,

2406 4987 2514 5042 Καὶ
2544 4988 2689 5040 ἐστιν
2716 4987 2821 5038 άπδ
2859 4985 3064 5038 τούτων
3112 4986 3311 5054 μᾶλλον
3337 4988 3370 5055 ἡ
3393 4987 3739 5054 ἐπιχείρησις
3788 4987 3990 5051 οὕτως·

2406 5079 2469 5130 El
2527 5077 2696 5146 γάρό
2757 5076 2959 5145 μᾶλλον
3025 5076 3174 5139 ἄξιος
3235 5075 3673 5143 βλασφημεῖσθαι
3715 5076 3992 5142 διάδολος,

2405 5171 2552 5239 ὅμως
2581 5170 2667 5222 διά
2706 5171 2765 5222 τὸ
2793 5169 2950 5234 δόξης
2990 5169 3238 5238 μετέχειν
3271 5168 3371 5221 οὐκ
3407 5169 3562 5237 ἔτυχε
3590 5168 3784 5220 τούτου
3834 5173 3995 5238 παρὰ

2406 5260 2498 5313 τοῦ
2531 5261 2750 5329 Μιχαὴλ
2775 5261 3006 5312 ἐνώπιον
3036 5262 3266 5328 Κυρίου,
3300 5259 3398 5311 οὐκ
3427 5261 3492 5311 ἂν
3539 5261 3819 5328 σώφρονες
3875 5256 3995 5312 εἷεν

2410 5357 2460 5406 οἱ
2503 5355 2812 5424 προχείρως
2839 5355 3020 5406 πάσαν
3053 5351 3212 5415 δόξαν
3248 5350 3717 5420 βλασφημοῦντες,
3750 5351 3850 5416 τῆς
3879 5351 3998 5404 τῶν

2405 5445 2651 5511 ἀγγέλων
2671 5445 2976 5513 τιμιότητος
2997 5443 3225 5497 κατόπιν
3251 5441 3560 5510 φερόμενοι.
3581 5441 3748 5504 Δόξας
3767 5441 3845 5502 δὲ,
3869 5442 3994 5511 ἦτοι

2403 5537 2502 5598 τὰς
2537 5536 2686 5599 θείας
2729 5536 2863 5604 φησὶ
2893 5533 3227 5603 δυνάμεις,ἢ
3261 5534 3355 5585 καὶ
3405 5531 3505 5594 τάς
3524 5531 3996 5600 ἐκκλησιαστικάς

2407 5626 2598 5696 ἀρχάς.
2623 5620 2698 5680 ὧν
2720 5624 3052 5688 ἀπεναντίας
3075 5626 3123 5677 οἱ
3152 5623 3568 5696 χοιρωδέστατοι
3587 5616 3735 5676 οὗτοι
3751 5621 3996 5692 φερόμε-
