4166 6448
96 5986 543 6348 ί

747 372 854 436 603
1771 370 2168 431 (ECUMENII
2203 369 2302 427 ΤΒ
2314 366 2495 426 [CC/ll.I
2535 363 2867 423 EPISCOPI
3882 362 3987 423 601

732 490 936 534 tantur.
1003 478 1135 544 Quae
1188 488 1368 533 autem
1421 478 1477 533 in
1532 478 1712 533 medio
1755 487 2053 548 ponuntur,
2111 477 2304 529 horum

2420 472 2544 525 ἴδιον
2574 472 2818 542 ἐξέραμα
2846 468 3192 539 ἐπιστρέψαι.
3223 468 3302 520 Τὰ
3329 466 3387 520 δὲ
3408 466 3615 538 μεταξῦ
3646 468 3747 539 τῆς
3764 472 3989 538 ματαιό-

738 572 1025 626 vanitatem
1082 570 1374 625 enuntiant
1427 586 1490 625 ac
1540 569 1885 625 conﬁrmant.
1952 588 1969 617 ι
2020 568 2193 622 Labes
2242 582 2305 621 ac

732 662 978 714 maculae.
1019 679 1038 709 ι
1072 656 1217 712 Nihil
1244 660 1531 724 habentes,
1562 658 1758 726 inquit,
1785 657 1928 725 quod
1967 658 2019 711 in
2071 658 2306 727 puritate

734 754 897 807 ﬁxum
932 753 1023 814 sit,
1058 752 1152 805 sed
1182 761 1441 823 tanquam
1469 752 1617 805 labes
1637 752 1690 805 in
1717 750 2045 813 vestimento
2078 749 2305 809 mundo,

732 844 989 897 diuturna
1019 843 1435 897 conversatione
1482 841 1815 895 inhaerentes
1844 850 1900 895 et
1947 841 2129 895 omnia
2161 854 2311 894 com-

733 934 1102 987 uiaculantes:
1136 949 1257 987 cum
1285 932 1505 1000 aliquos
1543 931 1910 994 avocaverint,
1953 938 2007 983 et
2033 931 2310 1000 potuerint

735 1025 1041 1093 impudicos
1064 1024 1281 1078 efﬁcere
1314 1039 1429 1087 eos,
1467 1022 1559 1091 qui
1590 1038 1695 1076 una
1722 1031 2031 1083 versantur,
2066 1022 2215 1077 viros
2248 1037 2311 1074 ac

737 1116 1014 1181 mulieres,
1076 1114 1129 1168 id
1189 1114 1393 1168 factum
1460 1113 1686 1167 delicias
1745 1112 2099 1177 arbitrantur,
2156 1127 2310 1166 suam

736 1207 1018 1274 explentes
1068 1206 1382 1262 lasciviam:
1415 1206 1507 1261 sed
1565 1216 1619 1260 et
1678 1206 2058 1270 convivantes,
2113 1206 2309 1275 inquit,

740 1311 844 1348 una
870 1296 1171 1357 vobiscum,
1202 1311 1309 1348 non
1337 1312 1401 1348 ex
1428 1295 1737 1360 dilectione,
1777 1305 1870 1349 aut
1914 1296 2055 1364 quod
2088 1296 2201 1350 sale
2232 1299 2312 1362 (ut

739 1387 916 1453 aiunt)
945 1387 1295 1456 participent.
1331 1388 1433 1439 hoc
1464 1386 1709 1461 faciunt;
1734 1387 1828 1442 sed
1860 1398 1920 1441 ut
1966 1397 2179 1456 tempus
2211 1389 2314 1443 hoc

741 1488 925 1546 aptum
954 1476 1234 1530 inveniant
1264 1476 1569 1547 deceptioni
1597 1478 1740 1545 apud
1776 1477 2052 1531 mulieres.
2082 1475 2144 1530 Hi
2167 1478 2312 1532 enim

741 1584 863 1620 cum
892 1568 1079 1622 oculos
1118 1568 1372 1631 habeant,
1435 1569 1569 1621 nihil
1616 1570 1763 1623 aliud
1817 1570 2102 1624 intuentur
2151 1586 2313 1639 quam

741 1654 1031 1718 adulteras,
1064 1665 1118 1708 ct
1142 1656 1193 1708 in
1234 1655 1336 1709 hoc
1360 1657 1694 1712 incessanter
1718 1669 2024 1729 peccantes,
2056 1668 2313 1733 tanquam

744 1742 838 1797 ﬁlii
861 1746 1247 1800 exsecratiouis
1272 1746 1386 1800 sive
1407 1749 2008 1813 exsecrabiles.aniutas
2039 1751 2315 1807 instabiles

743 1836 1005 1890 inescant.
1067 1836 1173 1891 Cor
1226 1854 1461 1909 namque
1511 1840 1753 1909 ipsorum
1823 1843 1888 1897 ad
1957 1843 2095 1897 nihil
2168 1846 2313 1900 aliud
2350 1815 2392 1870 Β

744 1944 905 1994 quam
932 1928 998 1982 ad
1032 1929 1383 1997 cupiditatem
1436 1932 1792 1986 exercitatum
1825 1943 1928 2001 est,
1966 1935 2079 1989 sive
2140 1936 2313 2006 impu-

744 2019 967 2084 dicitiae,
998 2020 1111 2073 sive
1136 2020 1297 2073 etiam
1332 2022 1759 2089 possessionum,
1787 2033 2135 2094 propterque
2158 2028 2317 2081 ambo

743 2109 1190 2178 derelinquentes
1242 2111 1385 2164 viam
1414 2128 1534 2180 quae
1562 2128 1655 2167 eos
1686 2115 1752 2168 ad
1782 2116 2009 2169 salutem
2037 2116 2316 2186 dirigeret,

743 2198 995 2271 546ab
1026 2201 1125 2255 hac
1170 2203 1597 2259 aberravcrunt:
1647 2205 1900 2274 idemque
1943 2208 2047 2263 illis
2094 2210 2318 2279 contigit

742 2292 888 2360 quod
921 2292 1135 2346 Balaam
1174 2292 1283 2346 ﬁlio
1312 2292 1497 2358 Bosor,
1539 2295 1796 2363 quoniam
1826 2305 1881 2351 et
1913 2298 2000 2352 ille
2023 2300 2093 2353 ob
2122 2315 2316 2353 mune-

742 2397 862 2435 rum
900 2382 1455 2453 largitionem-dilexit
1486 2386 1787 2440 mercedem
1843 2387 2180 2457 iniquitatis;
2221 2389 2315 2443 sed

743 2473 1180 2540 redargutionem
1240 2473 1429 2529 habuit
1482 2476 1548 2531 de
1608 2492 1703 2531 sua
1760 2478 2068 2547 iniquitate,
2124 2496 2318 2549 nempe

744 2564 945 2617 animal
1014 2566 1296 2637 subjugale
1357 2577 1597 2630 mutum,
1657 2569 1802 2637 quod
1879 2569 2113 2625 humana
2183 2588 2318 2627 voce

744 2654 974 2723 loquens
1008 2656 1282 2723 prohibuit
1306 2658 1587 2726 prophetae
1640 2658 2036 2729 insipientiam.
2091 2662 2159 2716 Et
2193 2662 2319 2718 hinc

746 2760 876 2815 ergo
908 2746 1166 2801 discimus
1194 2749 1339 2817 quod
1368 2748 1582 2802 Balaam
1632 2758 1853 2819 propter
1910 2767 2022 2805 sna:
2052 2753 2321 2821 cupidita-

748 2837 817 2892 tis
845 2837 1122 2902 aﬂ‘ectum,
1160 2855 1320 2909 quem
1350 2840 1538 2894 insana
1567 2857 1661 2896 sua
1694 2843 2083 2897 vaticinatione
2121 2844 2318 2911 alebat,

747 2930 915 2984 semel
953 2947 982 2984 a
1024 2929 1132 2985 Deo
1161 2931 1489 3001 prohibitus,
1518 2948 1734 2987 rursum
1766 2932 1832 2987 ad
1875 2934 2034 2988 Balac
2073 2936 2315 3005 pertina-

747 3021 885 3075 citer
921 3022 1186 3091 proﬁcisci
1212 3025 1577 3094 properabat:
1621 3025 1713 3079 sed
1742 3026 1834 3079 Dei
1871 3042 2071 3095 pavore
2114 3043 2322 3097 prape-

747 3113 915 3179 ditus,
950 3128 1013 3168 ac
1056 3116 1354 3169 terroribus
1404 3115 1496 3185 qui
1548 3115 1603 3170 in
1640 3115 1724 3170 via
1770 3118 2136 3188 contigerunt,
2193 3135 2318 3174 ver—
2345 3149 2388 3206 ο

745 3203 875 3259 bum
896 3205 1290 3262 benedictionis
1310 3224 1417 3262 non
1443 3210 1744 3263 immutavit
1766 3249 1782 3273 ,
1813 3210 1953 3278 quod
1972 3211 2318 3267 divinationis

746 3311 857 3351 non
911 3306 1030 3352 erat
1082 3299 1339 3365 (diximus
1404 3300 1550 3354 enim
1626 3301 2018 3356 divinationem
2088 3302 2321 3372 proferri

746 3386 964 3443 furente
1027 3389 1233 3454 animo,
1292 3401 1347 3445 et
1398 3408 1519 3461 qua:
1560 3392 1812 3446 dicantur
1862 3392 2191 3462 ignorante),
2220 3394 2317 3448 sed

748 3479 1068 3547 prophetiae.
1103 3479 1378 3551 Siquidem
1436 3482 1715 3552 propheta:
1767 3463 2064 3553 loquuntur
2090 3485 2323 3539 scientes

747 3585 867 3638 qua:
898 3570 1208 3647 loquantur.
1240 3573 1394 3628 Unde
1429 3584 1483 3629 et
1503 3575 1826 3644 prophetam
1869 3575 2045 3645 ipsum
2084 3576 2319 3637 vocavit,

749 3667 1007 3728 tanquam
1035 3662 1295 3717 scientem
1339 3681 1459 3735 quae
1517 3666 1748 3721 diceret.
1792 3664 2147 3737 Nequaquam
2176 3666 2321 3721 enim

748 3752 973 3805 meliora
1023 3754 1183 3824 elegit
1237 3756 1491 3825 ignorans
1550 3772 1670 3825 quae
1740 3757 1975 3815 diceret:
2034 3774 2142 3811 non
2196 3773 2324 3827 ergo

748 3844 1099 3900 divinationis
1145 3846 1247 3901 fuit
1276 3848 1599 3912 benedictio,
1630 3850 1723 3903 sed
1756 3849 1971 3903 virtutis
1990 3850 2108 3903 Dei.

817 3936 882 4001 ll,
924 3940 985 3991 l7
1014 3938 1103 3991 22.
1134 3938 1231 3992 Isti
1255 3948 1377 3993 sunt
1422 3941 1587 4009 fontes
1620 3957 1760 4009 aqua
1816 3950 2071 4006 carentes,
2126 3942 2325 3996 nebula:

748 4043 920 4096 qutea
965 4028 1194 4096 procella
1246 4030 1506 4098 feruntur,
1544 4030 1729 4098 quibus
1778 4030 1947 4099 caligo
1991 4030 2323 4085 tenebrarum

750 4118 803 4169 in
856 4120 1105 4171 sarculum
1178 4129 1387 4173 servata
1450 4129 1544 4173 est.
1613 4120 1884 4188 Siquidem
1943 4121 2031 4171 ubi
2085 4123 2323 4190 fastuosa

748 4209 1000 4260 vanitatis
1024 4210 1174 4261 verba
1210 4210 1498 4272 sonuerint,
1542 4210 1777 4261 inescant
1818 4225 1909 4276 per
1960 4212 2326 4277 concupiscen-

752 4296 853 4347 tias
882 4297 1056 4348 carnis
1092 4298 1147 4347 in
1176 4297 1429 4359 lasciviis,
1456 4312 1539 4350 eos
1571 4298 1658 4366 qui
1701 4312 1820 4349 vere
1851 4298 2186 4366 aufugerunt,
2236 4300 2325 4367 qui

750 4386 804 4436 in
834 4400 1010 4437 errore
1040 4386 1500 4451 conversabantur,
1530 4386 1657 4439 dum
1678 4386 1783 4439 illis
1826 4386 2123 4440 libertatem
2170 4389 2325 4456 polli-

752 4486 951 4537 centur,
987 4493 1106 4529 cum
1138 4478 1237 4545 ipsi
1260 4480 1395 4532 servi
1428 4480 1530 4531 sint
1572 4480 1938 4549 corruptionis.
1998 4477 2269 4548 Siquidem
2294 4498 2325 4534 α

751 4583 852 4635 quo
885 4568 1000 4635 quis
1028 4578 1307 4634 superatus
1329 4580 1424 4631 est,
1467 4571 1586 4623 huic
1624 4572 1785 4624 etiam
1838 4571 1894 4622 in
1920 4572 2219 4624 servitutem
2250 4582 2324 4625 est

753 4659 1011 4710 addictus.
1054 4659 1193 4711 Nam
1224 4660 1268 4712 si
1298 4670 1640 4727 posteaquam
1705 4664 2007 4731 refugerant
2036 4661 2101 4713 ab
2147 4664 2324 4731 inqui-

753 4748 1011 4801 namentis
1030 4749 1211 4802 mundi
1227 4768 1318 4819 per
1349 4754 1692 4823 cognitionem
1722 4753 1929 4806 Domini
1949 4764 1999 4808 et
2024 4755 2323 4809 Saluatoris

751 4836 877 4891 Jesu
909 4838 1126 4904 Christi,
1151 4843 1229 4896 Itis
1259 4851 1435 4895 tamen
1474 4861 1680 4897 rursum
1712 4846 1933 4897 involuti
1984 4856 2320 4914 superantur,

754 4933 893 5001 facta
925 4942 1045 4985 sunt
1073 4934 1181 4986 illis
1212 4948 1470 5002 postrema
1499 4937 1682 5005 pejora
1725 4938 1930 5006 primis.
1950 4938 2130 4991 Satius
2186 4940 2325 4991 enim

752 5024 933 5092 {uisset
959 5024 1065 5076 illis
1099 5042 1201 5077 non
1238 5029 1531 5095 cognovisse
1553 5030 1694 5080 viam
1734 5029 1980 5096 justitia,
2036 5046 2194 5097 quant
2240 5030 2327 5081 ubi

754 5124 1122 5180 cognoverunt,
1156 5118 1384 5169 converti
1406 5120 1469 5170 ab
1499 5120 1738 5187 eo..quod
1782 5120 1887 5171 illis
1923 5121 2174 5173 traditum
2205 5121 2326 5190 fuit,

752 5214 936 5255 sancto
961 5218 1239 5275 prwcepto.
1264 5207 1365 5261 Sed
1398 5211 1587 5262 accidit
1620 5212 1725 5263 illis
1749 5212 1889 5280 quod
1918 5228 2037 5263 vero
2059 5213 2327 5280 proverbio

754 5294 859 5346 dici
887 5294 1053 5348 solet:
1082 5295 1241 5351 Canis
1282 5314 1515 5351 reversus
1563 5302 1632 5353 ad
1661 5318 1813 5353 suum
1847 5302 2009 5370 ipsius
2051 5305 2326 5367 vomitum,

752 5393 801 5436 et
824 5401 912 5437 sus
936 5385 1043 5437 lota
1074 5386 1141 5437 ad
1174 5387 1501 5439 volutabrum
1536 5391 1688 5444 caeni.

829 5562 1046 5616 Interim
1075 5562 1201 5616 dum
1232 5565 1396 5618 multa
1416 5566 1791 5622 dixissetintcr
1807 5584 1925 5637 quae
1953 5569 2114 5623 etiam
2142 5585 2326 5624 exem-

755 5654 900 5721 plum
934 5653 1147 5707 Balaam
1173 5656 1414 5722 adduxit,
1453 5675 1669 5712 rursum
1712 5675 2019 5715 sermonem
2045 5663 2111 5716 de
2152 5663 2331 5733 impu-

757 5742 832 5799 ris
878 5742 1146 5802 Gnosticis
1190 5750 1503 5817 resumpsit,
1536 5748 1694 5821 547
1743 5760 1798 5805 et
1841 5763 2122 5821 comparat
2183 5754 2331 5821 ipsos

2406 580 2569 633 τητος
2591 562 2800 616 τούτων
2853 560 3216 628 ἐξαγγελτικά
3244 561 3340 613 καὶ
3372 560 3701 615 πιστωτικά.
3745 579 3762 611 ι
3797 562 3985 615 Σπῖλοι

2409 655 2503 707 καὶ
2529 656 2731 725 μῶμοι.
2760 673 2777 706 s
2808 652 2993 713 Οὐδὲν,
3017 653 3199 723 φησὶν,
3221 653 3431 722 ἔχοντες
3466 652 3843 723 καθαρότητος
3871 656 3995 721 txi-

2414 760 2595 813 μενον,
2627 742 2741 795 ἀλλ’
2771 741 2845 803 ὡς
2890 740 3067 795 σπῖλοι
3118 744 3175 796 ἐν
3206 742 3406 813 ίματίῳ
3431 740 3664 812 καθαρῷ
3696 744 3763 811 τῇ
3791 740 3994 812 ἀκραι-

2411 835 2534 900 φνεῖ
2578 831 2820 902 πολιτείᾳ
2870 831 3227 900 ἐπιφυόμενοι
3257 832 3352 885 καὶ
3408 831 3585 885 πάντα
3624 831 3995 900 μωμώμενοι,

2410 924 2631 976 ἐπειδὰν
2668 924 3017 993 ἀποστήσωσί
3044 940 3219 987 τινας,
3262 924 3357 976 καὶ
3384 924 3687 995 δυνηθῶσιν
3734 924 3999 990 ἀσελγεῖς

2414 1016 2541 1079 τοὺς
2576 1016 2835 1079 συνόντας
2866 1016 3065 1087 ἀνδρας
3112 1017 3207 1070 καὶ
3253 1020 3516 1084 γυναῖκας
3547 1017 3999 1086 παρασκευασαι,

2416 1107 2627 1176 τρυφὴν
2686 1105 2947 1176 ἡγοῦνται
2984 1107 3046 1161 τὸ
3099 1108 3355 1179 πρᾶγμα,
3408 1107 3865 1177 ἀποπληροῦντες
3900 1109 4003 1176 τὴν

2417 1196 2624 1250 ἑαυτῶν
2651 1197 2938 1265 ἀσέλγειαν
2964 1238 2978 1264 ,
3018 1198 3154 1252 ἀλλά
3180 1198 3275 1252 καὶ
3306 1198 3775 1269 συνευωχόυμενοί
3802 1216 3999 1268 φησιν,

2417 1290 2564 1359 ὑμῖν,
2595 1289 2656 1342 οὐ
2673 1288 2738 1341 δι’
2755 1289 2976 1359 ἀγάπην
3000 1289 3092 1343 καὶ
3109 1290 3169 1342 τὸ
3192 1290 3634 1361 μεταλαμσάνειν
3663 1291 3811 1344 ἀλῶν
3835 1291 4003 1345 τοῦτο

2415 1378 2681 1445 ποιοῦσιν,
2714 1380 2847 1433 ἀλλὰ
2878 1380 2965 1434 διὰ
2993 1381 3054 1433 τὸ
3083 1380 3276 1450 καιρὸν
3318 1382 3593 1451 εὑρίσκειν
3627 1381 3823 1436 τοῦτον
3881 1383 4006 1435 επι-

2414 1472 2623 1540 τήδειον
2638 1474 2736 1543 τῆς
2766 1471 2903 1543 πρὸς
2928 1474 3195 1539 γυναῖκας
3212 1472 3453 1543 ἀπάτης.
3472 1466 3634 1527 Οὗτοι
3661 1474 3771 1545 γάρ
3792 1473 4006 1542 ὀφθαλ-

2421 1558 2553 1629 μοὺς
2585 1559 2821 1631 ἔχοντες,
2860 1562 3011 1615 οὐδὲν
3061 1562 3188 1617 ἀλλο
3221 1563 3510 1633 βλέπουσιν
3562 1566 3596 1635 ἧ
3653 1566 4005 1637 μοιχαλίδας.

2417 1652 2527 1704 Καὶ
2556 1652 2613 1703 ὲν
2638 1652 2812 1723 τούτῳ
2836 1654 3276 1721 ἀκαταπαύστως
3310 1658 3716 1729 ἁμαρτάνοντες
3767 1659 3848 1721 ὡς
3900 1676 4007 1711 κε’

2416 1742 2588 1812 τάρας
2634 1744 2835 1808 τέκνα,
2888 1746 3064 1817 ψυχάς
3111 1748 3456 1813 δελεάζουσιν
3507 1751 3897 1820 ἀστηρίκτους.
3934 1751 4003 1804 Ἡ

2418 1835 2527 1903 γὰρ
2572 1835 2768 1906 καρδία
2815 1837 2993 1890 αὐτῶν
3028 1839 3162 1909 πρὸς
3193 1841 3349 1894 οὐδὲν
3388 1841 3575 1912 ἀλλοῆ
3617 1843 3753 1911 πρὸς
3807 1842 4004 1895 πλέον⁶

2421 1926 2569 1989 εξίαν
2601 1928 2898 1997 ἐξήσκηται
2922 1928 3042 2000 ἦτοι
3068 1932 3381 1999 ἀσελγείας,
3425 1932 3457 2002 ἢ
3487 1934 3581 1986 καὶ
3604 1933 3905 2002 κτημάτων
3930 1933 4005 1986 δι’

2420 2014 2563 2085 ἆπερ
2609 2017 2890 2089 ἀμφότερα
2954 2020 3346 2086 καταλιπόντες
3402 2024 3502 2093 τὴν
3550 2024 4005 2077 κατευθύνουσαν

2417 2107 2613 2171 αὐτοὺς
2663 2111 2743 2172 είς
2797 2113 3075 2181 σωτηρίαν
3134 2112 3273 2177 ὁδὸν,
3330 2114 3723 2184 ἐπλανήθησαν
3770 2116 4005 2184 ταύτης.

2418 2201 2617 2254 ταύτὸν
2658 2203 2918 2267 παθόντες
2942 2204 3019 2276 τῷ
3042 2205 3267 2276 Βαλαὰμ
3287 2206 3381 2259 τοῦ
3403 2208 3594 2275 Βοσὸρ.
3635 2208 3788 2262 Ἐπεὶ
3809 2210 4007 2261 κάκεῖ-

2427 2306 2515 2352 νος
2544 2289 2630 2343 διὰ
2674 2292 3000 2363 δωροδοκίαν
3051 2296 3245 2367 μισθὸν
3276 2298 3488 2360 ἀδικίας
3512 2298 3819 2367 ἠγάπησεν,
3848 2300 4007 2367 ἔλεγ-

2423 2380 2502 2443 ξιν
2523 2382 2579 2434 δὲ
2605 2385 2702 2453 τῆς
2736 2385 2869 2449 ίδίας
2902 2389 3252 2459 παρανομίας
3280 2389 3457 2460 ἔσχεν,
3490 2390 3785 2459 ὑποζύγιον
3839 2391 4002 2459 ἀφω-

2419 2487 2527 2535 νον,
2564 2472 2592 2525 δ
2651 2474 2709 2525 ἐν
2763 2475 3052 2547 ἀνθρώπου
3105 2482 3255 2550 φωνῇ
3294 2480 3701 2549 φθεγξάμενον,
3745 2480 3996 2534 ἐκώλυσε

2417 2566 2517 2634 τὴν
2545 2564 2639 2617 τοῦ
2665 2570 2945 2638 προφήτου
2990 2572 3391 2642 παραφρονίαν.
3445 2573 3755 2626 Κάντεῦθεν
3810 2575 4004 2629 τοίνυν

2423 2656 2767 2727 μανθάνομεν
2814 2660 2896 2712 ὅτι
2936 2659 3026 2713 διὰ
3049 2661 3110 2715 τὸ
3167 2663 3500 2733 φιλάργυρον
3552 2664 3716 2718 αὑτοῦ
3757 2665 3932 2729 πάθος
3974 2666 4006 2719 6

2423 2746 2673 2817 Βαλαὰμ,
2722 2750 2860 2819 ὅπερ
2905 2751 2993 2804 διὰ
3044 2751 3144 2821 τῆς
3176 2752 3476 2823 μανιώδους
3532 2755 3695 2808 αὑτοῦ
3734 2757 4005 2825 μαντείας

2426 2837 2681 2908 ἔτρεφεν,
2740 2841 2885 2908 ἀπαξ
2934 2842 3201 2907 κωλυθεὶς
3245 2845 3349 2898 ὑπὸ
3393 2846 3487 2899 τοῦ
3528 2845 3688 2909 Θεοῦ,
3762 2848 3820 2900 τὸ
3872 2848 4005 2901 δεύ-

2418 2946 2575 3000 τερον
2639 2932 2959 3001 φιλονείκως
3033 2936 3363 3005 πορευθῆναι
3430 2937 3569 3007 πρὸς
3657 2938 3749 2991 τὸν
3813 2939 4004 2993 Βαλὰκ

2424 3024 2809 3093 κατηπείγετο,
2859 3028 3057 3097 καὶτῷ
3091 3028 3241 3098 φόϐῳ
3266 3028 3360 3081 τοῦ
3403 3029 3541 3083 Θεοῦ
3580 3030 3855 3101 πεδηθεὶς,
3906 3033 4006 3086 καὶ

2420 3117 2534 3178 τοῖς
2565 3118 2703 3168 κατά
2733 3118 2831 3186 τὴν
2868 3118 2987 3171 ὁδὸν
3022 3118 3262 3187 δείμασι,
3308 3121 3367 3174 τὸ
3398 3121 3551 3191 ῥῆμα
3606 3122 3707 3191 τῆς
3738 3124 4000 3191 εὐλογίας

2424 3207 2486 3258 οὐ
2514 3210 2901 3277 παρεποίησεν,
2931 3209 3066 3277 ὅπερ
3095 3211 3155 3262 οὐ
3185 3210 3285 3280 τῆς
3329 3212 3593 3280 μαντείας
3625 3210 3717 3283 ἦν,
3739 3213 4005 3285 (εἴπομεν

2425 3296 2533 3367 γὰρ
2551 3298 2653 3366 τὴν
2686 3299 2945 3366 μαντείαν
2973 3301 3379 3372 ἐκμαινομένης
3415 3304 3784 3374 προφέρεσθαι
3820 3304 4005 3375 ψυχῆς

2424 3392 2519 3444 καὶ
2560 3389 2860 3462 ἀγνοούσης
2887 3391 2954 3443 τὰ
3003 3392 3315 3461 λεγόμενα.)
3343 3392 3476 3447 ἀλλά
3508 3394 3605 3462 τῆς
3636 3396 3999 3465 προφητείας.

2425 3480 2487 3533 Ol
2526 3480 2634 3549 γὰρ
2676 3484 2952 3552 προφῆται
2983 3482 3335 3554 ἐπιστάμενοι
3383 3484 3712 3552 φθέγγονται
3756 3486 3792 3539 ἆ
3834 3487 4002 3556 φθέγ-

2423 3587 2519 3638 γον
2540 3588 2650 3626 ται.
2682 3560 2845 3625 Ὅθεν
2868 3572 2961 3625 καὶ
2987 3575 3279 3644 προφήτην
3307 3574 3471 3627 αὐτὸν
3506 3575 3786 3639 ἐκάλεσεν,
3813 3577 3891 3638 ὡς
3906 3578 4003 3630 καὶ

2426 3662 2788 3732 ἐπιστάμενον
2819 3662 2856 3717 ἃ
2896 3663 3064 3731 λέγει.
3108 3665 3183 3716 Οὐ
3235 3664 3343 3734 γὰρ
3370 3666 3436 3718 ἂν
3471 3668 3528 3719 ἐν
3578 3668 3777 3738 ἐκλογῇ
3808 3667 4003 3737 γέγονε

2424 3752 2534 3803 τῶν
2547 3752 2893 3830 κρειττόνων,
2912 3753 3121 3821 ἀγνοῶν
3140 3753 3173 3807 ἀ
3186 3753 3504 3823 φθέγγεται.
3525 3755 3601 3808 οὐ
3621 3756 3722 3821 τῆς
3739 3758 4003 3821 μαντείας

2426 3842 2603 3895 τοίνυν
2636 3844 2669 3913 ἠ
2696 3843 2935 3911 εὐλογία,
2967 3844 3103 3897 ἀλλὰ
3132 3845 3230 3914 τῆς
3263 3846 3547 3915 δυνάμεως
3599 3846 3693 3899 τοῦ
3716 3846 3879 3901 Θεοῦ.

2491 3926 2668 3985 Οὗτοί
2693 3933 2811 3985 εισι
2841 3932 3025 3999 πηγαὶ
3054 3931 3320 4002 ἄνυδροι,
3354 3934 3599 4002 νεφέλαι
3630 3936 3751 3991 ὑπὸ
3784 3938 4004 3989 λαίλα-

2426 4036 2540 4087 πος
2592 4024 3013 4091 ἐλαυνόμεναι,
3047 4018 3137 4089 οἷς
3167 4028 3200 4078 ό
3229 4024 3401 4094 ζόφος
3464 4025 3569 4080 τοῦ
3604 4027 3865 4091 σκότους
3918 4030 4004 4092 εἰς

2425 4112 2610 4166 αἰῶνα
2653 4114 2965 4181 τετήρηται
2998 4155 3012 4168 .
3056 4116 3387 4185 ’Υπέροτκα
3450 4120 3559 4186 γὰρ
3607 4120 4004 4186 ματαιότητος

2425 4204 2839 4273 φθεγξᾶμενοι,
2861 4204 3249 4264 δελεάζουσιν
3282 4206 3350 4259 ἐν
3383 4206 3725 4275 ἐπιθυμίαις
3751 4208 3997 4276 σαρκὸς,

2426 4292 2496 4344 ἐν
2521 4292 2865 4360 ἀσελγείαις
2900 4292 3041 4357 τοὺς
3078 4293 3265 4357 ὅντως
3294 4294 3740 4362 ἀποφυγόντας,
3767 4295 3911 4359 τοὺς
3936 4298 4003 4348 ἐν

2428 4381 2630 4450 πλάνῃ
2696 4381 3261 4452 ἀναστρεφομένους
3289 4422 3303 4445 ,
3364 4385 3723 4453 ἐλευθερίαν
3798 4386 4001 4453 αὐτοῖς

2362 4488 2403 4540 ι)
2429 4474 2963 4541 ἐπαγγελλόμενοι,
2988 4473 3155 4527 αὐτοί
3212 4473 3420 4527 δοῦλοι
3460 4472 3833 4542 ὑπάρχοντες
3889 4474 3998 4542 τῆς

2427 4564 2669 4633 φθορᾶς.
2704 4558 2777 4635 τα
2806 4565 2913 4634 γάρ
2942 4583 3030 4631 τις
3072 4565 3334 4632 ἥττηται,
3362 4566 3553 4631 τούτῳ
3583 4565 3681 4618 καί
3708 4564 3999 4621 δεδούλω-

2431 4674 2522 4709 ται
2574 4657 2644 4708 Εἰ
2668 4656 2776 4724 τὰρ
2814 4657 3226 4724 ἀποφυγόντες
3256 4656 3328 4709 τὰ
3364 4656 3672 4725 μιάσματα
3698 4656 3803 4709 τοῦ
3855 4658 3997 4708 κόσ-

2423 4766 2541 4819 μου
2572 4749 2642 4801 ὲν
2669 4748 2987 4817 ἐπιγνώσει
3032 4748 3133 4802 τοῦ
3172 4749 3393 4816 Κυρίου
3439 4749 3535 4801 καί
3570 4749 3848 4816 Σωτῆρος
3886 4750 3999 4817 ἰη-

2428 4840 2545 4894 σοῦ
2595 4840 2867 4907 Χριστοῦ,
2923 4841 3156 4905 τούτοις
3211 4840 3279 4893 δὲ
3336 4840 3523 4894 πάλιν
3592 4841 4001 4909 ἐμπλακέντες

2427 4930 2738 4998 ἡττῶνται,
2775 4931 3022 5001 γέγονεν
3048 4931 3251 4997 αὐτοῖς
3280 4932 3351 4985 τὰ
3370 4932 3601 5000 ἔσχατα
3620 4934 3865 5000 χείρονα
3880 4932 3997 4985 τῶν

2426 5021 2683 5089 πρώτων.
2727 5022 3005 5089 Κρεῖττον
3030 5027 3140 5092 γὰρ
3176 5019 3254 5092 ἦν
3278 5023 3503 5089 αὐτοῖς,
3552 5023 3637 5092 μὴ
3672 5025 3996 5091 ἐπεγνωιέ-

2423 5129 2518 5165 ναι
2547 5112 2659 5179 τὴν
2686 5113 2830 5165 ὁδὸν
2887 5112 2996 5181 τῆς
3045 5114 3458 5180 δικαιοσύνης,
3497 5112 3534 5181 ἢ
3585 5113 3995 5182 ἔπη-νοοῦσιν,

2423 5204 2779 5272 ἐπιστρέψαι
2811 5204 2879 5257 ἐν
2916 5204 3028 5272 τῆς
3078 5204 3521 5272 παραδοθείσης
3573 5204 3779 5268 αὐτοῖς
3831 5204 3996 5270 ἁγίας

2424 5295 2705 5363 ἐντολῆς.
2758 5297 3098 5364 Συμόἐόηκε
3136 5296 3203 5349 δὲ
3255 5294 3461 5361 αὐτοῖς
3491 5295 3556 5347 τὸ
3592 5294 3699 5361 τῆς
3738 5294 3997 5364 ἀληθοῦς

2426 5390 2742 5457 παροιμίας
2763 5405 2777 5419 ⁶
2808 5390 2979 5443 Κύων
2998 5388 3366 5456 ἐπιστρέψας
3390 5387 3487 5439 ἐπί
3520 5387 3586 5439 τὸ
3619 5388 3772 5439 ἴδιον
3795 5385 3995 5452 ἐξέραο

2423 5494 2527 5545 μα,
2563 5477 2659 5530 καί
2694 5473 2770 5542 ὗς
2796 5479 3151 5547 λουσαμένη
3180 5480 3267 5543 εἰς
3297 5479 3562 5546 κύλισμα
3591 5477 3911 5543 βορϐόρου.

2500 5569 2957 5640 Μεταξυλογήσας
2990 5571 3181 5631 πολλὰ,
3210 5574 3267 5623 ἐν
3288 5566 3366 5633 οἷς
3387 5571 3447 5624 τὸ
3463 5569 3557 5622 τοῦ
3590 5569 3819 5637 Βαλαὰμ
3834 5570 3996 5636 προή-

2432 5678 2599 5731 γαγεν
2636 5661 2959 5731 ὑπόδειγμα,
3002 5661 3299 5714 ἐπανέλαϐε
3351 5662 3511 5713 πάλιν
3555 5661 3648 5713 τὸν
3709 5661 3837 5729 περὶ
3895 5657 3997 5709 τῶν

2434 5753 2763 5808 ἀκαθαοτων
2790 5753 3106 5819 γνωστικῶν
3137 5753 3314 5812 λόγον,
3348 5755 3456 5807 Καὶ
3488 5750 3775 5816 ἀπεικάζει
3807 5751 3996 5811 αὖτοὺς
