4166 6448
141 389 251 451 605

1173 397 1558 459 COMMENT.
1606 402 1680 459 ΙΝ
1722 406 1957 467 EPIS’F.
1995 412 2051 468 ll
2095 414 2153 473 S.
2191 415 2440 478 PETRI.

3298 426 3404 488 606

139 506 350 573 πηγαῖς
400 505 677 576 ἀνύδροις,
726 507 800 570 ὡς
849 508 1263 573 ἀπολωλεκότας
1310 513 1369 564 τὸ
1418 516 1516 582 τῆς
1570 516 1710 584 ζωῆς

1824 522 2065 578 fontibus
2100 544 2238 596 aqua
2293 533 2624 597 carentibus,
2654 542 2711 589 ut
2734 534 2828 604 qui
2853 550 3050 604 aquam
3074 536 3197 590 vita:
3228 538 3405 606 pcrdi-

140 594 309 664 ὕδωρ,
345 596 621 661 τουτέστι,
668 598 730 649 τὸ
785 597 880 650 τοῦ
935 600 1294 670 κηρύγματος
1346 605 1589 675 καθαρὸν
1626 608 1723 662 καὶ

142 687 379 756 πότιμον
432 688 615 757 ὕδωρ,
652 688 681 741 δ
739 687 878 758 ἔχων
917 691 946 742 ό
994 692 1220 762 Κύριος,
1268 695 1497 758 πολλοὺς
1552 699 1719 752 αὑτοῦ

140 778 365 848 κορέσαι
390 779 498 831 τῶν
530 783 863 850 προσιόντων
895 783 1286 852 ἐπηγγέλλετο.
1317 785 1477 841 ’Δλλά
1509 789 1605 842 καὶ
1629 807 1719 843 νε-

140 871 330 939 φέλαις
385 874 583 935 αὐτοὺς
612 874 948 942 παραϐάλλει
988 876 1092 928 ὑπὸ
1124 878 1437 948 πνεύματος
1485 881 1722 935 ἐλαυνο-

144 968 357 1033 μέναις,
392 966 490 1019 τοῦ
517 967 763 1020 ἐναντίου
784 968 1050 1034 δηλονότι.
1077 968 1170 1022 Διὸ
1202 972 1296 1023 καὶ
1325 972 1564 1026 λαίλαπα
1589 976 1723 1029 αὐτὸ

141 1058 425 1120 ἐκάλεσεν,
465 1057 542 1120 ὡς
576 1059 875 1130 συστρέφον
918 1061 1012 1113 καὶ
1059 1065 1423 1132 συνταράττον
1454 1066 1514 1118 τὸ
1563 1067 1724 1120 ἐλαυ-

139 1150 391 1219 νόμενον.
422 1150 594 1203 Τοῦτο
622 1151 729 1221 γάρ
776 1151 968 1204 εἴωθεν
996 1153 1029 1221 ἡ
1099 1153 1296 1222 λαῖλαψ
1345 1159 1539 1210 ποιεῖν.
1601 1158 1721 1211 Οὔκ

139 1241 281 1292 εἰσιν
328 1237 451 1305 οὖν,
482 1243 638 1311 φησὶ,
670 1242 890 1311 νεφέλαι
923 1243 1189 1310 διαυγεῖς,
1224 1245 1414 1319 ὥσπερ
1468 1251 1517 1301 οί
1551 1250 1716 1315 ἅγιοι,

138 1334 267 1387 ἀλλ’
291 1333 518 1402 ὁμίχλαι
549 1334 714 1401 ζόφου
764 1334 980 1403 μεσταί’
1036 1331 1116 1397 οἷς
1150 1337 1179 1389 ὁ
1216 1336 1378 1406 ζόφος
1416 1341 1495 1401 είς
1525 1340 1719 1406 αἰῶνα,

142 1426 312 1494 (tiret
337 1426 397 1479 δὲ
426 1426 525 1495 τὴν
565 1425 866 1496 μέλλουσαν
895 1428 1124 1498 κρίσιν,)
1150 1432 1469 1501 τετήρηται.
1504 1434 1611 1490 Καὶ
1634 1434 1721 1489 διά

138 1516 192 1567 τί
219 1533 235 1580 ;
284 1517 565 1585 Ἐπήγαγε
599 1517 697 1587 τὴν
733 1517 933 1581 αἰτίαν,
962 1519 1044 1571 ὅτι
1076 1521 1171 1572 καὶ
1211 1520 1491 1591 ὑπέρογκα
1525 1523 1591 1576 ἐκ
1616 1540 1723 1591 μα-

137 1610 421 1678 ταιότητος
452 1608 834 1679 φθεγγόμενοι,
860 1609 1169 1675 δελεάζουσι
1197 1611 1286 1665 διά
1329 1612 1431 1682 τῆς
1457 1616 1724 1686 σαρκικῆς

137 1701 439 1768 ἐπιθυμίας
496 1702 552 1753 ἐν
586 1702 709 1763 ταῖς
743 1702 1055 1768 ἀσελγείαις
1089 1704 1214 1766 τοὺς
1260 1703 1476 1773 ἀληθῶς
1513 1707 1722 1775 ἀποφυ-

136 1792 361 1858 γόντας,
390 1791 489 1843 καὶ
530 1791 788 1856 καθάπαξ
821 1793 947 1855 τοὺς
978 1792 1107 1862 πρὶν
1136 1794 1195 1845 ἐν
1224 1794 1400 1865 πλάνῃ
1449 1795 1715 1865 ἀναστρε-

1827 612 2044 678 derunt,
2073 618 2175 672 hoc
2200 628 2301 685 est,
2331 624 2728 691 praedicationis
2770 627 3058 696 puritatem
3106 642 3409 695 aquamque

1828 708 2121 776 potabilcm
2149 728 2161 763 :
2197 727 2355 779 quam
2388 730 2512 769 cum
2554 717 2776 772 haberet
2807 720 3087 785 Dominus,
3119 720 3410 790 promitte-

1828 800 1921 855 bat
1959 818 2020 856 se
2066 805 2265 859 multos
2296 808 2618 864 accedentes
2649 809 2737 864 illa
2780 812 3181 865 satiaturnm".
3209 812 3313 867 Sed
3353 820 3408 866 et

1828 893 2064 948 nubibus
2112 897 2257 965 ipsos
2305 913 2584 970 comparat
2635 917 2755 971 quae
2799 917 2828 956 a
2887 903 3081 971 spiritu
3129 903 3401 967 feruntur,

1828 987 2103 1038 contrario
2150 988 2399 1043 videlicet
2437 1007 2452 1044 :
2486 991 2608 1045 ideo
2654 1008 2870 1062 quoque
2922 994 3098 1061 ipsum
3156 996 3404 1064 spiritum

1829 1076 2042 1129 vocavit
2071 1080 2377 1147 procellam,
2413 1090 2666 1151 tanquam
2699 1096 3111 1140 convertentem
3158 1102 3221 1140 ac
3268 1103 3406 1141 con-

1831 1171 2135 1224 turbantem
2169 1173 2219 1225 id
2253 1176 2394 1243 quod
2424 1176 2657 1247 agitatur
2686 1195 2699 1231 :
2736 1179 2837 1233 hoc
2866 1179 3011 1232 enim
3044 1179 3222 1233 facete
3266 1179 3405 1233 solet

1828 1263 2083 1333 procella.
2118 1264 2235 1319 Non
2278 1277 2406 1320 sunt
2434 1284 2564 1335 ergo
2612 1270 2787 1323 nubes
2821 1270 3100 1339 pellucidm
3141 1270 3404 1338 quemad-

1828 1354 2047 1407 modum
2080 1356 2272 1421 sancti,
2291 1358 2384 1411 sed
2415 1359 2627 1413 nebulae
2656 1361 2827 1428 plenae
2856 1362 3080 1430 caligine
3101 1362 3164 1414 “.
3196 1362 3404 1427 Quibus

1826 1443 1999 1514 caligo
2030 1445 2081 1498 in
2115 1446 2372 1501 saeculum
2405 1446 2560 1518 (dicit
2586 1459 2769 1504 autem
2803 1462 3072 1505 aeternum
3112 1450 3399 1521 judicium)

1827 1546 2038 1589 servata
2069 1544 2276 1603 est;-et
2322 1555 2484 1609 quam
2524 1541 2595 1596 ob
2642 1542 2801 1596 rem?
2848 1557 3067 1596 causam
3099 1542 3403 1610 subjnnxit,

1826 1628 1968 1695 quod
2000 1627 2237 1685 fastuosa
2286 1646 2352 1685 ex
2397 1631 2632 1687 vanitate
2684 1633 2975 1703 loquendo,
3009 1633 3257 1688 inescant
3308 1649 3406 1702 per

1827 1716 2100 1770 carnalem
2133 1720 2630 1788 concupiscentiam
2663 1722 2719 1777 in
2746 1722 3001 1788 lasciviis,
3036 1738 3130 1779 eos
3156 1724 3247 1794 qni
3273 1739 3403 1779 vere

1831 1807 2155 1878 effugerant.
2189 1819 2244 1865 et
2288 1813 2378 1881 qui
2422 1815 2588 1868 semel
2615 1825 2774 1869 antea
2807 1816 2860 1869 in
2895 1832 3081 1870 errore
3115 1832 3405 1870 conversa-

135 1885 429 1952 90pévou;.
483 1882 650 1935 Ὥστε
698 1884 1007 1950 ἀσελγείαις
1069 1884 1164 1937 καὶ
1226 1883 1570 1949 ἀλαζονείαις
1619 1887 1710 1941 καὶ

1821 1899 2036 1955 bantur.
2070 1902 2257 1973 Itaque
2294 1878 2649 1975 i'mpudicitiis
2674 1916 2730 1962 et
2756 1910 3079 1979 arrogantiis
3113 1924 3176 1963 ac
3206 1910 3403 1978 impie-

134 1972 416 2036 ἀσεϐείαις
440 1974 583 2026 είσὶν
629 1973 803 2044 ενοχοι
842 1976 893 2027 oi
945 1973 1122 2028 ταῦτα
1175 1977 1713 2048 καταπραττόμενοι.

148 2065 311 2119 Ἀλλά
343 2067 440 2118 καὶ
466 2063 668 2130 δοῦλοι,
695 2066 882 2133 φησὶν,
906 2065 1057 2128 ὄντες
1087 2067 1237 2120 αὐτοὶ
1258 2067 1357 2138 τῆς
1386 2071 1719 2141 προειρημέ-

132 2175 231 2229 νης
260 2157 628 2228 ἀκαθαρσίας,
661 2158 730 2227 ἢν
760 2160 855 2212 καὶ
882 2158 1089 2230 φθορὰν
1112 2159 1339 2224 δικαίως
1366 2162 1544 2222 καλεῖ,
1568 2164 1718 2215 ἐλευ-

134 2250 325 2321 θερίαν
347 2252 463 2313 τοῖς
486 2249 868 2321 ἀπατωμένοις
887 2251 1337 2320 ἐπαγγέλλονται,
1358 2255 1458 2325 τῆς
1483 2254 1716 2326 ἀληθοῦς

138 2343 237 2412 μὲν
264 2341 353 2406 οὒ,
403 2342 507 2413 τῆς
542 2342 599 2395 δέ
630 2342 771 2396 κατά
798 2343 891 2395 τὸν
931 2344 1121 2397 ἄνετον
1148 2343 1244 2398 τοῦ
1281 2344 1397 2415 βίου
1431 2345 1595 2417 ζωῆς.
1626 2348 1716 2402 Διὸ

126 2432 229 2487 καὶ
257 2433 523 2502 λογισμὸν
547 2434 767 2501 ἐπάγει,
796 2434 892 2487 τοῦ
925 2434 1009 2488 ὅτι
1045 2435 1223 2489 δοῦλοί
1258 2440 1366 2490 εἱσι
1406 2439 1503 2508 τῆς
1534 2440 1716 2511 ἀμαρ-

131 2529 276 2591 τίας,
319 2528 625 2599 θαυμάσιόν
674 2546 728 2583 τι
788 2531 1033 2599 φάσκων,
1099 2534 1181 2586 ὅτι
1228 2526 1381 2602 ᾧτινί
1410 2553 1496 2599 τις
1552 2535 1713 2590 πάθει

128 2620 436 2689 νενίκηται,
467 2620 644 2690 τούτῳ
679 2621 777 2673 καὶ
814 2621 1164 2675 δεδούλωται.
1194 2617 1331 2677 Είτα
1363 2624 1525 2678 τοῦτο
1554 2624 1715 2681 πάλιν

128 2713 196 2765 δι’
227 2712 429 2783 ἐτέρας
474 2712 805 2778 ἀποδείξεως
840 2715 1085 2785 συνιστᾷ,
1129 2714 1245 2778 πῶς
1291 2716 1319 2768 δ
1348 2733 1500 2782 τινος
1539 2718 1715 2788 ἡττώ-

133 2821 317 2874 μενος,
347 2803 525 2876 τούτῳ
557 2806 653 2860 καί⁵
670 2789 935 2861 δουλεύει.
959 2808 1070 2861 Καὶ
1094 2808 1151 2875 ἐξ
1171 2809 1514 2880 ὑπερθέσεως
1538 2815 1713 2865 ποιεί-

131 2912 225 2948 ται
260 2894 362 2963 τὴν
401 2895 765 2965 ἐπιχείρησιν.
797 2915 813 2947 ι
837 2896 900 2948 El
936 2882 1044 2966 γὰρ
1095 2899 1504 2968 ἀποφυγόντες.
1535 2920 1554 2954 ι
1609 2902 1714 2956 Δύο

127 2986 538 3049 κατασκευάζει
568 2985 658 3039 διὰ
702 2984 799 3039 τοῦ
838 2988 1110 3058 παρόντος
1142 2988 1324 3057 λόγου,
1359 2990 1442 3043 ὅτι
1494 2992 1589 3045 καὶ
1633 2992 1711 3063 τῷ

129 3078 361 3148 ᾗττῶντι
393 3078 607 3149 ἀνάγκη
647 3078 739 3132 τδν
789 3078 1104 3149 ἡττώμενον
1158 3081 1454 3145 δουλεύειν,
1510 3085 1604 3137 καὶ
1628 3084 1712 3139 ὅτι

127 3171 173 3222 οί
204 3170 351 3238 μετά
378 3168 479 3239 τὴν
508 3170 806 3237 ἐπίγνωσιν
833 3172 931 3239 τῆς
951 3171 1229 3242 ἀληθείας,
1258 3174 1419 3229 πάλιν
1450 3177 1707 3247 ἐνεχόμε-

126 3280 207 3316 νοι
240 3266 359 3325 τοῖς
390 3262 708 3333 προτέροις,
734 3264 944 3333 χείροσι
971 3266 1081 3317 τῶν
1135 3266 1420 3336 προτέρων
1449 3268 1709 3340 περιέπε-

127 3373 217 3409 σον
246 3355 458 3410 κακῶν.
512 3356 737 3418 Τούτοις
790 3356 847 3409 δέ
884 3356 981 3409 καὶ
1029 3357 1129 3427 τὴν
1161 3359 1463 3429 παροιμίαν
1511 3362 1706 3429 ἐπάγει

125 3448 448 3518 συνήγορον.
512 3446 703 3500 Ἐστιν
742 3446 835 3501 οὖν
876 3448 997 3511 ὅλος
1032 3449 1061 3502 ό
1084 3449 1241 3517 λόγος
1285 3450 1461 3515 οὗτοςο
1491 3453 1551 3505 Εί
1586 3454 1695 3524 γὰρ

122 3536 423 3606 ἐπιγνώσει
449 3539 545 3590 τοῦ
576 3539 781 3609 Κυρίου
813 3539 906 3591 καὶ
944 3539 1198 3610 Σωτῆρος
1245 3542 1419 3610 Ἰησοῦ
1467 3544 1705 3613 Χριστοῦ

124 3631 507 3699 ἀποφυγόντες
535 3629 608 3682 τὰ
652 3630 939 3699 μιάσματα
964 3630 1059 3683 τοῦ
1092 3631 1322 3700 κόσμου,
1343 3632 1556 3698 τούτοις
1602 3639 1705 3689 πά-

122 3718 203 3772 λιν
234 3720 617 3789 ἐμπλακέντες
643 3720 918 3789 ἡττῶνται
951 3722 1154 3784 αὐτῶν,
1204 3725 1423 3787 πάντως
1454 3743 1557 3779 που
1610 3728 1705 3781 καὶ

121 3811 471 3865 δουλεύουσιν
511 3812 716 3877 αὐτοῖς,
760 3813 856 3866 καὶ
893 3815 1077 3883 χεῖρον
1115 3813 1227 3867 τῶν
1286 3815 1392 3886 πρὸ
1429 3818 1528 3887 τῆς
1586 3820 1704 3872 ἐπι-

120 3899 380 3966 γνώσεως
412 3901 545 3970 περὶ
580 3900 681 3968 τὴν
706 3900 955 3955 δουλείαν
991 3902 1200 3956 τούτων
1219 3906 1501 3972 γεγόνασι,
1534 3925 1704 3963 γατα-

122 3988 523 4051 σπουδάζοντος
579 3989 781 4054 αὐτοὺς
815 3989 911 4044 τοῦ
946 3991 1237 4046 ἐπιϐούλου
1283 3996 1445 4064 ἡμῶν
1486 3997 1703 4053 Σατανᾶ

118 4080 325 4150 χείροσι
344 4078 876 4150 περιενεχθῆναι,είς
902 4080 1310 4153 ἀπολογίαντῖκ
1337 4086 1462 4138 ὅσον
1506 4086 1570 4158 δὴ
1594 4088 1701 4143 τῶν

120 4169 375 4241 πονηρῶν
423 4169 603 4241 ἔργων
623 4170 843 4240 ἀργίας.
871 4172 963 4225 Διὸ
990 4173 1084 4227 καὶ
1103 4174 1131 4225 ό
1166 4174 1489 4240 ’Δπόστολός
1513 4196 1698 4247 φησιν,

117 4262 195 4314 ὅτι
214 4261 410 4329 ἐπειδὴ
423 4261 586 4315 τοῦτο
598 4262 888 4316 ἀπόκειται
905 4265 1018 4327 τοῖς
1039 4265 1372 4336 παλινῳδίαν
1383 4269 1491 4322 τῶν
1512 4272 1700 4327 κακῶν

126 4352 335 4421 ᾅδουσι,
369 4354 619 4421 κρεῖττον
669 4348 739 4424 ἧν
774 4354 958 4416 αὐτοῖς
994 4356 1127 4425 μηδὲ
1159 4356 1480 4425 ἐπιγνῶναι,
1511 4362 1544 4430 ἢ
1581 4365 1693 4416 ἐπι-

118 4443 354 4508 γνόντας
406 4441 650 4511 χείροσιν
708 4442 935 4497 ἀλῶναι.
987 4444 1140 4498 Ἐπεὶ
1199 4448 1293 4500 καὶ
1330 4449 1480 4505 κύων
1508 4453 1601 4507 ἐπὶ
1637 4457 1699 4509 τὸ

1824 1994 2024 2049 tatibus
2057 1996 2273 2051 obnoxii
2327 2010 2456 2055 sunt
2504 2002 2595 2071 qui
2646 2003 2761 2058 ha‘c
2802 2011 3137 2073 perpetrant.
3186 2002 3292 2056 Sed
3346 2010 3403 2055 et

1818 2086 1979 2151 servi,
2014 2087 2210 2158 inquit,
2245 2106 2369 2145 cum
2392 2092 2501 2147 sint
2524 2092 2796 2162 praedicta:
2826 2094 3205 2157 immunditiaa,
3235 2110 3398 2163 quam

1815 2178 1979 2232 etiam
2005 2181 2414 2250 corruptionem
2452 2184 2645 2239 merito
2674 2184 2934 2255 appellat,
2967 2186 3273 2239 libertatem
3313 2185 3399 2241 his

1815 2269 1909 2339 qui
1940 2271 2292 2342 decipiuntur
2318 2274 2662 2344 promittunt,
2691 2290 2799 2330 non
2838 2276 3057 2346 quidem
3081 2292 3222 2331 vera:
3251 2277 3395 2343 vitaz,

1815 2361 1912 2416 sed
1938 2364 2057 2432 ejus
2079 2379 2200 2434 quae
2237 2375 2322 2420 est
2364 2368 2665 2422 secundum
2707 2368 3122 2439 indulgentiam.
3148 2368 3273 2424 Ideo
3311 2385 3400 2423 ra-

1816 2454 2019 2509 tionem
2065 2472 2283 2527 quoque
2331 2459 2637 2530 subjungit,
2664 2476 2763 2516 cur
2813 2460 2954 2516 servi
3006 2461 3116 2515 sint
3168 2462 3397 2531 peccati,

1814 2545 2132 2603 admirabile
2157 2550 2413 2619 quiddam
2441 2551 2650 2617 dicens,
2677 2552 2820 2622 quod
2850 2568 2881 2608 a
2906 2568 3229 2624 quacunque
3260 2554 3398 2609 alle-

1813 2637 1995 2693 ctione
2029 2640 2301 2710 quispiam
2335 2642 2585 2699 devictus
2632 2655 2736 2711 est,
2796 2646 2925 2701 huic
2963 2647 3127 2700 etiam
3174 2650 3230 2700 in
3278 2662 3398 2701 ser-

1812 2726 2036 2781 vitutem
2062 2737 2145 2782 est
2177 2729 2447 2785 addictus.
2480 2730 2684 2787 Deinde
2717 2748 2930 2787 rursum
2964 2732 3067 2788 hoc
3082 2733 3188 2786 alio
3208 2748 3397 2787 exem-

1813 2820 1903 2889 plo
1931 2821 2240 2882 confirmat.
2270 2839 2379 2892 quo
2418 2825 2581 2880 modo
2604 2826 2650 2880 is
2673 2826 2764 2897 qui
2800 2826 2868 2880 ab
2897 2826 3078 2896 aliquo
3104 2836 3397 2896 superatus

1812 2922 1917 2975 est.
1949 2914 2077 2969 huic
2107 2916 2270 2971 etiam
2299 2918 2522 2983 serviat,
2554 2928 2608 2973 et
2638 2935 2702 2974 ex
2736 2919 3235 2990 prtesuppositione
3263 2919 3393 2974 fae't

1811 3015 2214 3075 argumentum.
2245 3026 2264 3059 ι
2309 3006 2443 3063 Nam
2472 3010 2539 3065 °si
2585 3020 2935 3081 posteaquam
2992 3010 3324 3080 refugerant.
3367 3028 3386 3061 ι

1816 3095 2080 3153 Praesenti
2107 3114 2363 3155 sermone
2386 3101 2494 3156 duo
2533 3101 2746 3156 efﬁcere
2778 3102 2989 3166 nititur,
3023 3111 3077 3155 et
3117 3102 3259 3170 quod
3295 3116 3391 3155 ne-

1812 3202 1966 3242 cesse
1993 3189 2065 3242 sit
2089 3204 2215 3244 eum
2250 3190 2341 3260 qui
2377 3200 2667 3260 superatur
2698 3194 2905 3246 servire
2949 3192 2997 3245 ei
3039 3206 3067 3245 a
3098 3207 3205 3260 quo
3228 3206 3392 3259 supe-

1814 3287 1965 3332 ratur
2011 3298 2025 3334 :
2081 3282 2309 3349 etquod
2359 3281 2413 3335 hi
2460 3281 2553 3351 qui
2598 3290 2723 3351 post
2768 3281 3095 3351 agnitionem
3150 3279 3390 3334 veritatis

1811 3384 2027 3424 rursum
2076 3371 2260 3440 priora
2323 3372 2748 3442 amplectuntur,
2800 3372 2856 3426 in
2904 3371 3088 3441 pejora
3144 3368 3389 3425 incidunt

1807 3474 1969 3527 quam
2004 3458 2205 3514 fuerint
2232 3460 2409 3529 priora
2432 3459 2592 3514 mala.
2626 3459 2722 3515 His
2748 3469 2928 3514 antem
2957 3469 3011 3513 et
3041 3455 3386 3527 proverbium

1807 3552 2085 3622 subjungit
2126 3552 2179 3606 in
2218 3552 2540 3607 subsidium.
2576 3552 2675 3607 Est
2701 3566 2832 3623 ergo
2866 3559 3011 3606 totus
3052 3564 3234 3604 sermo
3282 3548 3386 3602 hoe

1808 3644 1970 3699 modo
1993 3645 2328 3702 ordinandus
2356 3662 2371 3700 :
2392 3645 2527 3700 Nam
2565 3647 2610 3701 si
2633 3656 2983 3715 posteaquam
3004 3658 3101 3714 per
3122 3640 3385 3712 cognitio-

1805 3751 1932 3791 nem
1956 3736 2168 3790 Domini
2195 3745 2250 3791 et
2272 3734 2570 3792 Salvatoris
2597 3734 2728 3791 Jesu
2754 3734 2957 3790 Christi
2986 3733 3298 3803 refugerant
3320 3728 3388 3785 ab

1806 3826 2235 3897 inquinamentis
2259 3827 2470 3890 mundi,
2509 3827 2593 3881 his
2616 3841 2833 3880 rursum
2870 3823 3097 3878 involuti
3127 3837 3387 3891 superan-

1806 3936 1896 3981 tur
1922 3925 1990 3979 ab
2012 3924 2163 3995 ipsis,
2191 3924 2377 3995 utique
2410 3923 2574 3979 etiam
2605 3924 2685 3978 eis
2708 3921 2977 3985 serviunt,
3011 3929 3065 3975 et
3099 3920 3151 3974 in
3188 3920 3384 3975 horum

1804 4016 2067 4071 servitute
2110 4015 2295 4085 pejora
2335 4014 2437 4070 sibi
2475 4015 2805 4085 contingunt
2841 4029 3003 4083 quam
3035 4023 3162 4067 ante
3201 4013 3384 4082 cogni-

1804 4107 2031 4171 tionem,
2065 4107 2363 4175 plurimum
2395 4106 2680 4161 annitente
2717 4105 3034 4160 insidiatore
3062 4112 3251 4159 nostro
3284 4103 3379 4157 Sa-

1803 4206 1927 4252 tana
1956 4206 2016 4252 ut
2045 4198 2112 4253 ad
2143 4199 2327 4268 pejora
2354 4198 2716 4253 devolvantur
2760 4198 2815 4251 in
2848 4196 3229 4267 repensionem
3261 4195 3353 4249 diu

1802 4298 1977 4344 turnaz
2006 4290 2328 4343 cessationis
2365 4304 2396 4343 a
2446 4290 2630 4358 pravis
2677 4287 2957 4358 Operibus.
2993 4287 3118 4340 Ideo
3163 4298 3378 4354 quoque

1801 4380 1933 4436 dicit
1961 4381 2256 4450 Apostolus
2282 4380 2429 4449 quod
2465 4379 2906 4449 quandoquidem
2942 4378 3046 4432 hoc
3090 4378 3194 4430 illis
3243 4392 3370 4430 con-

1801 4473 1959 4540 tingit
1996 4480 2056 4526 ut
2081 4472 2346 4526 malorum
2377 4476 2577 4525 canant
2609 4469 2963 4539 palinodiam,
2991 4466 3154 4537 548
3185 4466 3376 4519 melius

116 4533 247 4587 ῐδιον
282 4534 531 4603 ἐξέραμα
563 4535 933 4605 ἐπιστρέφων,
974 4535 1415 4610 βδελυκτότερος.
1458 4544 1526 4597 Ἀ
1584 4548 1694 4617 γὰρ

1812 4533 1911 4618 sibi
1932 4562 2127 4617 fuisset
2155 4577 2227 4617 ne
2268 4562 2588 4633 c0gnovisse
2626 4560 2848 4630 quidem
2870 4559 3177 4623 veritatem,
3212 4569 3374 4625 quam

116 4623 335 4693 ἡφύσις
388 4626 695 4695 μισήσασα,
726 4625 1036 4679 ἀποδλῦσαι
1080 4629 1245 4683 αὑτὸν
1284 4634 1691 4703 κατηνάγκασε,

114 4716 285 4767 ταῦτα
316 4717 483 4769 πάλιν
511 4714 833 4785 ποιούμενος
864 4719 1095 4790 τροφὴν,
1124 4723 1221 4775 καὶ
1251 4724 1327 4786 ὡς
1375 4726 1696 4797 διεφθορότα

115 4802 333 4867 ἐσθίων,
362 4804 460 4857 καὶ
475 4804 553 4868 ὡς
582 4805 651 4858 τὰ
670 4808 739 4877 τῇ
769 4807 930 4874 φύσει
960 4809 1383 4882 ἐξημσλωμένα,
1413 4816 1697 4887 βδελυκτο-

111 4911 289 4965 τερος,
312 4898 409 4950 καὶ
446 4892 511 4959 ὗς
546 4897 711 4951 πάλιν
740 4895 1175 4971 ἀποκυλισθῆναι
1208 4906 1466 4973 ζητοῦσα,
1492 4913 1539 4964 εί
1564 4911 1693 4983 βορ-

115 4988 261 5059 ϐόρῳ
286 4990 453 5043 τοῦτο
482 4991 686 5062 ποιοίη,
721 4992 1093 5064 ῥυπαρωτέρα
1126 4996 1238 5050 τῶν
1284 5001 1569 5073 προτέρων
1599 5005 1695 5076 ρύ.

115 5093 229 5131 πων
266 5079 487 5151 φανείη.

687 5348 941 5406 ΚΕΦΑΛ.
1001 5354 1075 5407 Δθ.

125 5430 545 5519 Ἐπνανάδληψιςζ
571 5436 706 5515 περὶ
738 5439 953 5519 κακίας
1001 5440 1686 5519 ἀγρρώιτωγιαίρετικᾱν.

194 5502 299 5592 Et“
321 5502 693 5592 91‘???“
720 5505 841 5592 “£35
893 5502 1206 5592 ἀλεένιδῖφς
1268 5502 1690 5592 aerati—Rt

178 5570 279 5649 ἐπὶ
312 5570 639 5649 συγ-τελείᾳ
680 5570 871 5649 τοῦδε
891 5570 1015 5649 to}?!
1050 5570 1304 5649 αίῶιῖοςί
1327 5570 1689 5649 ίοᾱέἷδὲἓῖρ

177 5639 624 5708 εὐτρεπίζεσθαι
656 5645 824 5714 πάσῃ
845 5647 1026 5715 ἀρετῇ
1033 5688 1046 5702 .

184 5733 419 5798 Ταύτην
443 5733 582 5803 ἤδη,
632 5738 947 5806 ἀγαπητοὶ,
989 5741 1279 5812 δευτέραν
1310 5752 1451 5820 ὑμῖν
1484 5756 1683 5826 γράφω

180 5848 225 5878 ⁸³
279 5845 436 5904 loan.
474 5863 510 5915 ι,
556 5849 765 5924 θεεψι.
842 5853 1009 5910 “lsa.
1048 5873 1133 5924 Lx,
1161 5860 1213 5914 2.

1794 4653 1886 4708 ubi
1920 4661 2288 4723 cognoverant
2322 4652 2601 4722 pejoribus
2630 4650 2774 4721 capi.
2821 4646 3276 4717 Quandoquidem
3321 4654 3372 4701 ct

1791 4741 1942 4795 canis
1971 4742 2035 4795 ad
2065 4757 2223 4795 suum
2256 4740 2427 4810 ipsius
2458 4741 2725 4795 vomitum
2756 4754 3053 4794 conversus
3091 4735 3373 4791 abomina-

1791 4832 1952 4888 bilior
1974 4842 2079 4887 est.
2116 4832 2251 4887 Nam
2274 4848 2397 4903 quae
2423 4842 2619 4888 natura
2647 4832 2857 4893 oderat,
2880 4840 2937 4885 et
2968 4828 3041 4883 ita
3081 4844 3208 4883 eum
3231 4826 3365 4896 abji-

1789 4940 1915 4980 cere
1942 4934 2214 4995 coegerat,
2241 4925 2360 4980 haec
2404 4940 2621 4980 rursum
2667 4924 2724 4978 in
2775 4922 2988 4978 deliciis
3042 4922 3272 4985 habens,
3311 4927 3365 4975 et

1790 5022 2046 5083 tanquam
2088 5028 2150 5067 ea
2181 5029 2303 5083 quae
2351 5023 2713 5083 corrumpunt
2737 5014 2927 5078 edens,
2954 5027 3019 5066 ac
3064 5009 3232 5065 veluti
3274 5024 3369 5079 per

1798 5112 2011 5157 natura:
2054 5103 2303 5158 abortum
2337 5104 2535 5173 ejecta,
2582 5102 2997 5159 abominabilior
3022 5110 3127 5157 est.
3161 5098 3227 5153 Et
3275 5113 3367 5153 sus

1799 5205 2015 5244 rursum
2040 5206 2290 5260 quaerens
2324 5191 2549 5256 revolvi,
2582 5192 2625 5247 si
2655 5193 2759 5246 hoc
2796 5192 2851 5246 in
2895 5192 3009 5246 luto
3040 5190 3222 5257 faciat,
3251 5204 3361 5245 sor.

1790 5281 1967 5337 didior
1993 5283 2272 5351 apparebit
2292 5296 2454 5352 quam
2484 5282 2689 5337 fuerint
2718 5283 2929 5352 priores
2956 5283 3164 5338 sordes.

2387 5374 2627 5445 ιεΑΡυτ
2666 5374 2758 5431 1v.

1786 5458 2043 5529 Repetitio
2073 5466 2138 5515 de
2170 5464 2375 5518 malitia
2423 5465 2693 5518 hominum
2724 5463 3088 5516 hereticorum
3112 5477 3131 5516 :
3168 5463 3223 5515 in
3261 5477 3364 5530 quo

1856 5532 2017 5603 etiam
2038 5534 2216 5601 agitur
2240 5551 2341 5602 quo
2362 5544 2516 5603 pacto
2544 5544 2751 5602 repente
2768 5543 3013 5586 venturus
3037 5534 3106 5585 sit
3130 5531 3363 5588 Christus

1861 5601 1914 5652 in
1947 5601 2392 5675 consummatione
2420 5604 2576 5674 hujus
2602 5601 2787 5657 seculi
2818 5619 2836 5658 :
2863 5605 3042 5675 itaque
3068 5604 3193 5657 dicit
3210 5618 3365 5669 opor-

1862 5681 1970 5724 tere
1986 5674 2141 5725 omni
2167 5675 2360 5728 virtute
2389 5675 2663 5728 adornari.

1865 5763 1949 5827 Ill,
1986 5764 2094 5820 1-4.
2122 5765 2292 5821 Hasce
2299 5768 2417 5836 jam
2444 5768 2661 5835 alteras,
2686 5768 3003 5833 charissimt',
3031 5768 3169 5824 vobis
3190 5768 3357 5824 scribo
