4166 6448
122 391 232 453 609

1155 383 1538 443 COMMEXT.
1572 382 1654 443 ΙΝ
1686 383 1921 442 EPIST.
1957 382 2017 441 ΙΙ
2061 383 2121 444 S.
2162 383 2415 444 PETRI.

3269 383 3378 443 610

123 504 333 572 ι-μὲνοι
366 502 481 554 εἰσ)
524 499 662 567 πυρὶ
685 499 1036 567 τηρούμενοι
1067 498 1153 563 sic
1185 498 1419 565 ἡμέραν
1451 498 1691 564 κρίσεως

1793 494 1991 563 judicii
2025 504 2073 547 et
2104 497 2406 557 perditionis
2443 495 2724 559 impiorum
2754 492 3047 547 hominum.
3078 492 3245 545 L'num
3275 510 3372 544 an-

123 594 215 646 καί
265 592 578 655 ἀπωλείας
615 589 734 642 τῶν
781 586 1018 643 ἀσεϐῶν
1066 587 1413 655 ἀνθρώπων.
1473 590 1585 641 Ἓν
1632 588 1700 640 δὲ

122 686 293 737 τοῦτο
305 682 756 752 μὴλανοανέτω
778 680 955 749 ὑμᾶς,
973 680 1289 746 ἀγαπητοὶ,
1315 679 1401 732 ὅτι
1421 679 1530 746 μία
1560 679 1699 747 ἠμέ-

113 796 188 845 pa
227 778 391 845 παρὰ
431 776 626 842 Κυρίῳ
657 774 737 838 ὠς
771 774 939 841 χίλια
978 773 1106 839 ἔτη,
1138 774 1234 825 καὶ
1288 773 1453 841 χίλια
1486 773 1589 839 ἔτη
1620 773 1699 839 ὡς

120 870 308 937 ἡμέρα
349 867 481 937 μία.
517 868 600 919 Οὐ
628 866 920 932 ,βραδύνει
963 868 995 918 d
1044 864 1258 930 Κύριος
1307 863 1416 929 τῆς
1444 864 1696 932 ἐπαγγε-

113 965 268 1027 λίας,
305 960 390 1025 ὦς
420 976 579 1023 τινες
616 955 970 1027 ,ϐραδυτῆτα
1009 957 1331 1026 ἡγοῦνται,
1379 956 1541 1009 ἀλλὰ
1581 972 1669 1025 μα

118 1053 403 1121 προθυμεῖ
424 1053 512 1116 εἰς
542 1049 721 1119 ἡμᾶς,
741 1048 827 1119 μὴ
861 1048 1248 1117 βουλόμενός
1281 1064 1447 1114 τινας
1471 1047 1694 1102 ἀπολέ-

116 1150 274 1205 σθαι,
302 1146 466 1197 ἀλλὰ
489 1145 720 1207 πάντας
744 1146 831 1207 εις
857 1144 1188 1210 μετάνοιαν
1205 1139 1497 1209 χωρῆσαι.

184 1236 297 1289 Καὶ
356 1235 409 1286 τί
452 1234 514 1287 τὸ
552 1233 814 1286 λανθάνον
853 1232 1086 1293 αὐτουςς
1141 1233 1222 1284 ὅτι
1276 1231 1466 1301 ὥσπερ
1512 1231 1569 1282 ἐν
1616 1230 1694 1300 τῷ

115 1327 495 1395 κατακλυσμῷ
536 1322 678 1395 ἦσαν
726 1325 966 1393 οὐρανοὶ,
1001 1324 1142 1377 κατὰ
1169 1327 1268 1394 τὴν
1314 1322 1556 1385 Μωσέως
1605 1338 1696 1372 κο·-

115 1419 462 1489 σμογένειαν,
499 1419 557 1484 ἐξ
611 1417 802 1480 ὓδατος
835 1433 847 1446 ·
884 1417 1066 1488 (αὐτὸς
1096 1417 1205 1487 γάρ
1237 1432 1371 1485 φησι
1415 1414 1507 1467 τὸν
1559 1414 1692 1467 Θεὸν

112 1510 460 1562 ἐντείλασθαι
482 1508 740 1578 γενέσθαι
773 1510 1064 1577 στερέωμα
1089 1508 1146 1559 ἐν
1177 1507 1326 1576 μέσῳ
1355 1506 1449 1559 τοῦ
1479 1505 1690 1569 ὕδατος.

112 1602 387 1664 τουτέστι,
428 1600 802 1671 στερεωτέραν
840 1599 948 1651 τῶν
977 1598 1183 1652 ὑδάτων
1215 1598 1558 1667 ὑπόστασιν),
1600 1600 1693 1651 καὶ

111 1695 144 1761 ἡ
189 1693 261 1759 γῆ
307 1694 366 1746 δὲ
412 1690 675 1754 ὡσαύτως
723 1693 788 1743 ὲκ
828 1690 936 1743 τῶν
963 1690 1171 1745 ὑδάτων
1201 1691 1441 1761 ἀνεφάνη
1484 1690 1562 1761 τῷ
1596 1691 1690 1743 τοῦ

112 1784 336 1835 κτίστου
370 1784 777 1853 προστάγματι,
804 1783 897 1835 καὶ
923 1782 1259 1853 ὑποϐρύχιος
1293 1784 1473 1847 αὐτοῖς
1497 1783 1690 1854 πρῴην

108 1873 263 1927 οὖσα.
301 1874 413 1926 Καὶ
460 1874 536 1935 ὡς
590 1872 649 1936 ἐξ
698 1873 904 1927 ὑδάτων
933 1873 1285 1927 συνεστώτων
1319 1875 1548 1944 οὐρανοῦ
1600 1874 1692 1927 καὶ

108 1967 232 2035 γῆς,
257 1967 287 2016 ὁ
323 1965 709 2033 κατακλυσμὸς
759 1964 994 2034 ἐπῆλθεν
1028 1966 1481 2037 ἀπροσδοκήτως,
1514 1965 1694 2019 ὡσαύ-

108 2075 218 2121 τως
246 2059 344 2109 καὶ
380 2057 473 2109 νῦν
523 2058 610 2110 διὰ
655 2056 826 2126 πυρὸς
868 2057 1161 2111 ἀπόκειται
1207 2058 1305 2127 τὴν
1339 2058 1546 2128 φθορὰν
1596 2058 1689 2110 τοῦ

110 2148 315 2210 παντὸς
347 2148 624 2215 γενέσθαι,
662 2147 779 2218 μεθ’
812 2142 873 2201 οὗ
902 2150 995 2201 καὶ
1022 2150 1069 2202 οἱ
1098 2149 1314 2210 ἀσεϐεῖς
1345 2148 1690 2203 ἀπολοῦνται.

110 2239 214 2292 Δύο
232 2242 345 2310 γὰρ
390 2239 563 2292 ὅντων
594 2240 703 2292 τῶν
740 2241 1220 2294 συνεκτικωτάτων
1265 2241 1544 2311 στοιχείων
1596 2243 1689 2296 τοῦ

108 2332 341 2394 παντὸς,
379 2330 571 2394 ὓδατος
603 2334 696 2385 καὶ
724 2332 918 2401 πυρὸς,
959 2332 1053 2401 ἀφ’
1083 2328 1158 2385 ὧν
1186 2333 1280 2386 καὶ
1308 2332 1376 2386 τὰ
1409 2333 1570 2386 λοιπὰ
1598 2334 1691 2387 δύο

111 2424 355 2492 στοιχεῖα
408 2423 469 2475 τὺ
522 2419 665 2475 εἶναι
719 2423 1078 2492 λαμϐάνουσι,
1128 2425 1237 2493 ἀὴρ
1266 2425 1364 2493 μὲν
1405 2422 1681 2493 ὲξατμιζοη

113 2515 294 2584 μένων
318 2515 429 2568 τῶν
455 2514 683 2579 ὑδάτων,
706 2515 776 2583 γῆ
804 2515 859 2567 δὲ
884 2515 1328 2586 συγκρινομένων
1356 2515 1461 2567 τῶν
1487 2517 1685 2581 αὑτων,

110 2608 205 2674 τῆς
237 2606 583 2674 ὲξατμίσεως
615 2605 690 2666 ὠς
735 2607 797 2657 ὲκ
832 2607 1003 2676 πυρὸς
1056 2608 1149 2658 καὶ
1183 2609 1281 2677 τῆς
1325 2607 1685 2676 συγκρίσεως,

108 2698 326 2761 οὖδενδς
355 2698 468 2749 τῶν
502 2696 629 2750 νοῦν
673 2697 908 2766 ἑχόντων
944 2696 1299 2760 ἀπιστοῦντος
1328 2698 1552 2769 (ταύτην
1579 2699 1688 2771 γὰρ

110 2790 344 2859 δύναμιν
373 2789 480 2842 ὑπὸ
501 2789 594 2842 τοῦ
624 2792 946 2859 ποιήσαντος
976 2788 1111 2842 Θεοῦ
1149 2792 1180 2859 ἡ
1213 2790 1307 2843 τοῦ
1333 2791 1503 2861 πυρὸς
1527 2793 1687 2862 ἔλαχε

112 2881 322 2949 ςὺσιςγ
381 2882 476 2934 δύο
518 2882 699 2935 τοίνυν
730 2883 920 2944 ὅντων,
974 2883 1069 2936 καὶ
1113 2883 1381 2953 πρότερον
1428 2886 1529 2953 τῆς
1578 2887 1689 2939 τῶν

111 2974 333 3027 ἀσεϐῶν
384 2973 591 3043 φθορᾶς
630 2974 719 3026 διὰ
743 2974 838 3026 τοῦ
873 2973 1064 3037 ὓδατος
1110 2976 1432 3047 γενομένης,
1472 2978 1684 3048 ἀνάγκη

113 3066 299 3127 πάλιν,
342 3066 530 3134 φησιν,
577 3065 804 3135 τὴντῶν
840 3065 1182 3120 ἀσεϐούντων
1216 3067 1423 3137 φθορὰν
1467 3069 1557 3122 διὰ
1591 3068 1685 3122 τοῦ

111 3160 283 3227 πυρξς
321 3157 599 3225 γενέσθαι.
630 3156 705 3209 Τὸ
737 3156 794 3210 δὲ
818 3156 1071 3225 γενέσθαι
1116 3156 1214 3228 τὴν
1244 3158 1397 3212 τοῦδε
1425 3159 1518 3213 τοῦ
1548 3178 1685 3216 παν·
1715 3195 1756 3250 C

111 3252 195 3312 τος
222 3250 462 3319 ςθοράν,
483 3250 545 3302 οὐ
580 3248 741 3319 μόνον
770 3250 1139 3319 Χριπιανοίς,
1158 3250 1295 3305 ἀλλὰ
1323 3252 1416 3305 καὶ
1440 3255 1551 3316 τοῖς
1581 3254 1688 3308 τῶν

123 3344 399 3415 Ἑλλήνων
435 3345 618 3411 σοφοῖς
643 3343 810 3395 δοκεῖ’
849 3343 923 3407 ὡς
959 3344 1298 3415 Ἡρακλείτῳ
1318 3344 1395 3416 τῷ
1432 3346 1685 3417 Ἐφεσίῳ,

111 3435 181 3499 ὡς
206 3436 573 3506 Ἐμπεδοκλεῖ
604 3436 683 3504 τῷ
714 3436 971 3507 Αἰτναίῳ.
1006 3436 1149 3490 Ἀλλ’
1174 3440 1291 3507 ἐρεῖ
1319 3456 1402 3501 τις
1439 3439 1541 3502 ὅτι,
1581 3442 1689 3492 Καὶ

113 3529 191 3590 τίς
220 3528 249 3580 ὀ
280 3527 445 3595 λόγος
470 3527 563 3579 τοῦ
587 3528 902 3597 ὑποστῆναι,
933 3531 983 3582 εί
1010 3529 1090 3582 δεῖ
1121 3530 1286 3584 πάλιν
1315 3532 1451 3601 πρὸς
1481 3532 1688 3602 φθορὰν

114 3618 361 3688 χωρῆσαι
399 3619 491 3671 τδν
524 3619 763 3687 κάαμον;
797 3620 905 3673 Καὶ
945 3619 1201 3691 ἐροῦμεν,
1251 3621 1327 3685 ὡς
1378 3623 1439 3676 οὐ
1484 3640 1686 3677 παντε-

114 3709 213 3772 λῶς
264 3711 410 3780 πρὸς
463 3710 672 3781 φθορὰν
725 3714 753 3764 ὁ
803 3713 1008 3782 κόσμος
1047 3715 1312 3785 χωρήσει,
1362 3715 1498 3771 ἀλλὰ
1552 3718 1687 3784 πρὸς

118 3804 531 3872 ἁνακαινισμὸν.
552 3804 631 3855 Δι’
654 3804 681 3856 ὃ
708 3804 803 3857 καὶ
822 3806 851 3857 ὁ
885 3805 1176 3876 Προφήτης
1194 3807 1349 3877 φησι,
1380 3825 1399 3858 ι
1426 3809 1531 3861 Καὶ
1555 3811 1686 3863 ἀνα-

114 3897 344 3956 καινιεῖς
400 3894 463 3947 τὸ
500 3896 794 3965 πρόσωπον
831 3895 932 3964 τῆς
972 3898 1094 3966 γῆς.
1130 3916 1149 3949 ›
1190 3898 1398 3969 Ὥσπερ
1429 3902 1540 3970 γὰρ
1584 3902 1687 3954 ὑπὸ

114 3984 243 4037 Θεοῦ
284 3985 414 4037 κατ’
448 3986 624 4054 ἀρχὰς
655 3986 992 4057 ὑποστᾶσαὴ
1030 3988 1259 4058 αἰσθητὴ
1296 3990 1489 4055 κτίσις,
1522 3992 1683 4062 καλή·

115 4078 203 4128 καὶ
239 4077 318 4140 ὠς
357 4078 458 4127 οὐκ
490 4076 555 4127 ἂν
586 4077 760 4139 ἄλλως
791 4078 952 4147 καλή.
988 4079 1086 4131 Διὰ
1116 4079 1173 4132 δὲ
1218 4079 1316 4149 τὴν
1345 4081 1438 4133 τοῦ
1473 4082 1686 4152 ἀνθρώ-

114 4183 211 4220 που
266 4165 588 4236 παράϐασιν
635 4168 731 4219 καὶ
786 4168 925 4239 αὐτὴ
968 4171 1002 4240 ἡ
1035 4170 1209 4233 κτίσις
1258 4174 1320 4242 τῇ
1368 4175 1685 4241 ματαιότητι

115 4258 385 4326 ὑπετάγη,
422 4258 695 4321 τουτέστι,
731 4259 812 4330 τῷ
847 4260 922 4329 μὴ
980 4262 1196 4331 βέϐαιον
1226 4263 1369 4331 ἔχειν
1420 4264 1483 4316 τὺ
1521 4261 1686 4331 εἶναι,

115 4348 221 4399 ἀλλ’
255 4353 315 4402 ὲν
356 4350 455 4418 ῥοῇ
497 4352 591 4402 καὶ
627 4352 873 4421 ἁπορροῇ
924 4348 1085 4406 εῖναιο
1118 4349 1237 4414 εἶτα
1272 4355 1358 4408 διὰ
1385 4355 1478 4409 τοῦ
1520 4374 1687 4409 κατα-

115 4440 358 4509 κλυσμοῦ
391 4441 587 4510 μικρὸν
613 4443 1023 4511 ὲπιστησάντων
1052 4449 1115 4515 τῇ
1150 4446 1425 4519 Θεοσεϐεία
1453 4450 1560 4501 τῶν
1590 4451 1686 4502 ἀν-

117 4531 369 4601 θρώπων,
411 4534 505 4584 καὶ
550 4527 660 4585 οἷον
685 4533 939 4600 δευτέρου
976 4535 1151 4606 ἀρχὴν
1196 4539 1564 4608 συγκρίματος
1591 4541 1682 4594 τοῦ
1719 4534 1764 4593 D

116 4622 317 4690 κόσμου
364 4621 618 4685 λαϐόντος
640 4624 729 4677 διὰ
758 4624 855 4678 τοῦ
890 4625 1012 4678 Νῶε
1046 4628 1262 4681 καὶτῶν
1284 4632 1341 4681 ἐν
1367 4633 1429 4700 τῇ
1465 4631 1684 4701 κιϐωτῷ

115 4714 218 4775 τοὶς
257 4711 423 4775 Coki;
464 4712 942 4784 διαφυλαχθέντων
981 4718 1062 4781 είς
1100 4718 1158 4770 τὸ
1206 4718 1367 4772 πάλιν
1419 4722 1683 4791 συστῆναι

120 4806 465 4872 σπερμάτων,
493 4805 641 4873 ὅμως
662 4807 784 4860 οὐδὲ
819 4807 939 4861 τότε
960 4808 1060 4878 τῆς
1081 4810 1191 4863 τῶν
1220 4810 1523 4881 ἀνθρώπων
1553 4831 1676 4883 προ-

118 4898 424 4965 τερησάσης
467 4896 701 4964 φύσεως,
735 4899 851 4951 ἀλλ’
886 4901 980 4952 ἐπὶ
1010 4901 1217 4973 χείροσι
1249 4904 1355 4956 τῶν
1403 4906 1682 4977 προτέρων

120 4987 561 5058 ἀποῤῥευσάσης,
594 4984 670 5042 ὧν
699 4992 957 5059 χειρόνων
972 4994 1040 5069 οὐ
1062 4996 1224 5060 νόμος
1249 4997 1275 5049 ὁ
1300 4997 1385 5049 διὰ
1406 4998 1682 5063 Μωῦσέως

120 5080 481 5151 ἀπέστρεψεν,
512 5083 610 5153 οὐχ
640 5085 672 5153 ἡ
705 5084 797 5136 τοῦ
846 5086 1053 5154 Κυρίου
1085 5090 1375 5158 παρουσία,
1399 5093 1447 5143 εί
1485 5092 1557 5161 μὴ
1594 5092 1686 5145 ἐπὶ

122 5171 341 5241 βραχέσι
381 5175 694 5245 προϐέϐηκε
723 5178 791 5232 τὰ
818 5179 916 5247 τῆς
958 5184 1253 5252 σωτηρίας·
1302 5184 1499 5255 (πόσος
1528 5186 1634 5255 γὰρ
1657 5187 1685 5238 ὁ

120 5264 217 5316 τῶν
249 5265 579 5335 σωζομένων
614 5271 781 5339 ἑσμὸς
828 5271 962 5339 πρὸς
994 5274 1093 5342 τὴν
1143 5274 1249 5326 τῶν
1293 5276 1686 5345 ἀπολλυμένων

122 5357 232 5408 x20'
255 5360 500 5429 ἑκάστην
525 5365 718 5427 γενεὰν
742 5363 948 5434 πληθύν
971 5382 985 5427 ;
1017 5366 1094 5418 Δι’
1124 5368 1151 5419 ὅ
1172 5383 1262 5433 μοι
1292 5369 1441 5421 δοκεί
1459 5372 1548 5421 καὶ
1572 5389 1679 5423 πα-

125 5450 459 5514 ρατείνεσοαι
495 5452 582 5504 τὸν
610 5453 802 5522 χρόνον
827 5455 927 5525 τῆς
965 5456 1271 5519 συντελείας
1294 5460 1375 5520 είς
1406 5459 1467 5511 τὸ
1493 5477 1680 5513 συντε-

122 5537 366 5609 λεσθῆναι
396 5543 460 5594 τὸ
492 5544 764 5615 πλήρωμα
803 5547 912 5599 τῶν
948 5548 1390 5619 σωθησομένωνὶ,
1436 5554 1556 5606 ἐπεὶ
1588 5554 1679 5607 οὖν

125 5631 453 5703 πολύτροπος
479 5637 625 5707 μὲνὴ
659 5639 795 5709 πρὸς
836 5640 933 5711 τὴν
962 5642 1234 5713 σωτηρίαν
1270 5643 1478 5713 κλῆσις,
1513 5647 1677 5698 πολυ-

188 5816 229 5844 ¹⁴
274 5816 413 5873 Gen.
460 5832 497 5877 I,
531 5815 583 5870 6.
662 5817 705 5849 "
736 5817 1016 5887 Psal.cm,
1062 5823 1151 5876 52.

1805 593 1909 635 tem
1949 583 2043 635 hoc
2076 599 2137 635 ne
2172 583 2333 635 lateat
2363 600 2473 647 vos,
2514 584 2709 646 dilecti,
2742 583 2880 653 quod
2909 598 3043 635 unus
3073 582 3185 634 dies
3244 582 3384 647 (tl'ttd

1807 674 2085 729 Dominum
2116 675 2331 740 perinde
2358 686 2430 725 est
2468 684 2523 725 ut
2560 674 2704 726 mille
2733 674 2882 735 anni,
2923 685 2968 725 et
2998 671 3143 726 mille
3170 675 3298 725 anni
3326 686 3381 725 nt

1799 768 1909 820 dies
1943 782 2095 818 unus.
2126 766 2245 819 Non
2278 766 2457 819 tardat
2512 765 2763 818 Dominus
2791 766 2880 833 qui
2912 766 3174 832 promisit,
3221 765 3383 835 550

1798 858 2234 926 quemadmodum
2279 856 2517 910 nonnulli
2565 857 2872 908 tarditatem
2919 857 3242 921 existimant,
3288 858 3379 909 sed

1799 948 2115 1017 Ionganimis
2152 961 2225 1001 est
2259 965 2383 1018 erga
2417 965 2530 1011 nos,
2571 949 2696 1001 dum
2736 963 2838 999 non
2873 945 2981 998 vult
3019 946 3151 1000 ullos
3188 948 3379 1013 perire,

1797 1041 1886 1092 sed
1918 1056 2091 1092 omnes
2123 1045 2191 1093 ad
2220 1041 2583 1107 paenitentiam
2616 1040 2882 1094 accedere.

1869 1126 1933 1180 Et
1963 1128 2091 1196 quid
2114 1137 2197 1181 est
2228 1131 2371 1197 quod
2406 1131 2700 1184 nesciunt?
2737 1131 2881 1199 quod
2918 1130 3377 1200 quemadmodum

1796 1217 1847 1270 in
1883 1215 2089 1270 diluvio
2122 1226 2275 1269 erant
2307 1217 2427 1271 θα)ιὶ
2459 1232 2525 1270 ex
2568 1233 2706 1285 aqua
2735 1219 2891 1285 juxta
2924 1217 3113 1270 inundi
3142 1217 3375 1270 creatio-

1794 1321 1920 1359 nem
1953 1320 1982 1358 a
2014 1304 2158 1357 Mose
2190 1314 2463 1359 narratam
2492 1324 2503 1357 :
2535 1312 2548 1363 l
2560 1306 2673 1374 ipse
2696 1307 2843 1359 enim
2871 1308 3040 1360 Deum
3072 1307 3147 1359 ait
3173 1322 3367 1374 [mrce-

1794 1390 1940 1459 pisse
1977 1399 2034 1443 ut
2075 1391 2227 1444 ﬁeret
2268 1392 2670 1445 firmamentum
2704 1393 2757 1445 in
2791 1394 2970 1447 medio
2998 1396 3239 1462 aquae“,
3272 1395 3375 1448 hoc

1794 1490 1878 1534 est
1898 1482 2106 1536 ﬁrmior
2128 1497 2392 1551 aquarum
2414 1482 2737 1553 substantia)
2760 1484 2865 1538 :ita
2888 1492 2942 1538 et
2964 1494 3105 1538 terra
3129 1501 3192 1538 ex
3222 1485 3377 1553 aquis

1792 1571 2046 1639 apparuit
2066 1572 2220 1639 jussu
2248 1570 2715 1643 Condftoris,quas
2740 1573 2903 1628 etiam
2924 1573 2977 1627 in
3005 1574 3110 1627 illis
3138 1575 3373 1644 primum

1792 1656 2039 1710 demersa
2073 1668 2210 1710 erat.
2250 1659 2316 1711 Et
2353 1660 2810 1727 quemadmodum
2846 1659 2985 1715 cmlo
3028 1675 3092 1715 ac
3131 1669 3275 1715 terra
3309 1676 3372 1714 ex

1795 1764 1931 1816 aqua
1968 1749 2281 1802 constitutis
2311 1749 2573 1803 diluvium
2614 1749 2897 1819 inpinato
2928 1751 3263 1819 supervenit,
3300 1752 3371 1805 ita

1722 1847 1768 1905 Β
1796 1845 1851 1889 et
1900 1852 2049 1891 nunc
2105 1848 2369 1892 statutum
2401 1848 2485 1893 est
2534 1849 2594 1893 ut
2637 1855 2731 1909 per
2764 1840 2942 1911 ignem
2992 1842 3084 1893 liat
3131 1842 3372 1895 universi

1793 1929 2091 1997 corruptio,
2138 1946 2260 1983 cum
2314 1947 2421 2001 quo
2464 1930 2612 2000 impii
2665 1945 2881 2001 quoque
2917 1932 3189 2001 peribunt.
3236 1930 3370 1986 Cum

1793 2019 1938 2072 enim
1970 2021 2078 2074 duo
2108 2021 2223 2076 hac
2256 2022 2528 2076 elementa
2559 2037 2699 2091 aqua
2727 2032 2783 2076 et
2817 2022 2955 2093 ignis
2992 2024 3211 2078 condita
3243 2033 3373 2079 sunt

1796 2127 1900 2164 una
1933 2128 2057 2166 cum
2103 2114 2381 2176 universo,
2415 2130 2443 2167 a
2488 2113 2688 2183 quibus
2738 2122 2793 2168 et
2828 2114 2931 2168 alia
2967 2116 3074 2169 duo
3101 2116 3369 2171 elementa

1794 2218 1914 2256 esse
1945 2203 2220 2271 accipiunt
2255 2222 2266 2257 :
2303 2219 2398 2257 aer
2426 2205 2646 2274 quidem
2679 2205 2990 2275 evaporatis
3014 2206 3186 2275 aquis,
3226 2216 3370 2261 terra

1792 2308 1923 2347 vero
1967 2294 2100 2363 ipsis
2131 2296 2425 2363 compactis
2465 2312 2478 2350 :
2513 2309 2708 2364 nempe
2742 2295 2906 2349 veluti
2960 2295 3099 2351 facta
3134 2312 3202 2351 ex
3247 2297 3370 2367 igne

1792 2386 2177 2455 evaporatione
2227 2395 2281 2439 et
2330 2386 2730 2456 compactione,
2794 2389 2943 2442 nullo
2984 2389 3077 2457 qui
3125 2400 3365 2443 mentem

1798 2476 1995 2529 habeat
2034 2477 2368 2530 reclamante
2402 2484 2548 2541 (nam
2582 2476 2723 2531 hanc
2753 2477 3011 2533 virtutem
3043 2495 3071 2532 a
3108 2479 3214 2535 Deo
3238 2496 3361 2534 con-

1791 2569 1965 2622 ditore
2031 2568 2170 2638 ignis
2222 2578 2414 2623 natura
2468 2569 2658 2622 sortita
2722 2570 2849 2639 est),
2882 2586 3005 2625 cum
3062 2571 3179 2627 haec
3237 2574 3367 2638 duo,

1791 2658 2029 2727 inquam,
2059 2660 2130 2713 ita
2155 2675 2368 2728 semper
2406 2660 2770 2726 substiterint,
2793 2671 2847 2715 et
2870 2661 3020 2731 prius
3045 2678 3142 2732 per
3170 2678 3365 2733 aquam

1790 2749 1992 2803 factum
2018 2750 2183 2804 fuerit
2210 2750 2498 2820 impiorum
2538 2752 2787 2817 exitium,
2815 2768 3040 2809 necesse
3068 2763 3151 2809 est
3180 2764 3238 2809 ut
3268 2771 3367 2825 per

1790 2839 1967 2910 ignem
1992 2857 2208 2895 rursum
2241 2842 2333 2897 ﬁat
2368 2842 2624 2897 interitus
2651 2859 2839 2898 eorum
2868 2846 2958 2914 qui
2990 2846 3152 2916 impie
3177 2856 3368 2917 agunt.

1790 2930 1958 2985 Porro
1980 2932 2123 3001 quod
2155 2934 2317 3003 hujus
2351 2933 2589 2987 universi
2626 2933 3029 3005 ﬁatcorruptio,
3059 2952 3167 2990 non
3190 2938 3365 2991 solum

1792 3019 2141 3081 Christianis,
2211 3023 2567 3076 verumetiam
2641 3024 2952 3079 Graecorum
3031 3028 3367 3096 sapientibus

1789 3111 2002 3166 videtur
2034 3131 2046 3166 :
2080 3115 2537 3182 quemadmodum
2574 3114 2851 3171 Heraclito
2880 3118 3110 3187 Ephesio
3147 3130 3201 3174 et
3240 3119 3350 3175 Enr

1790 3204 2001 3273 pedoeli
2026 3202 2260 3259 IEtnzeo.
2290 3206 2394 3260 Sed
2422 3206 2563 3260 dicet
2595 3207 2793 3277 aliquis
2822 3226 2833 3259 :
2862 3208 2931 3263 Et
2952 3225 3071 3278 quae
3104 3209 3202 3265 fuit
3230 3214 3367 3267 ratio

1790 3304 1850 3348 ut
1907 3296 2253 3361 conderetur,
2314 3299 2357 3351 si
2413 3313 2629 3350 rursum
2677 3300 2967 3368 oportebat
3024 3301 3090 3355 ad
3134 3302 3364 3356 nihilum

1788 3384 1956 3454 redigi
1996 3385 2298 3439 mundum?
2334 3385 2397 3440 Et
2429 3386 2673 3441 dicemus
2714 3389 2856 3457 quod
2907 3404 3015 3441 non
3052 3391 3267 3459 penitus
3297 3394 3363 3447 ad

1787 3477 2194 3545 corruptionem
2228 3477 2411 3531 tendet
2434 3478 2689 3543 mundus,
2711 3480 2806 3533 sed
2826 3480 2889 3533 ad
2914 3482 3322 3536 reuoratiouem
3345 3500 3359 3549 ;

1788 3578 2075 3636 propterea
2113 3568 2382 3638 Propheta
2437 3585 2653 3640 quoque
2704 3571 2835 3624 dic-it
2868 3589 2881 3623 :
2921 3592 2936 3621 ι
2972 3570 3037 3625 Ει
3076 3576 3364 3627 Γοιιοιιώίε

1787 3657 1981 3711 faciem
2020 3660 2260 3714 terrm".
2303 3655 2321 3713 ι
2356 3660 2822 3726 Quemadmodum
2856 3664 2999 3716 enim
3033 3679 3062 3717 a
3094 3664 3200 3717 Deo
3235 3667 3336 3719 sub

1787 3753 1984 3805 sistens
2004 3752 2066 3805 ab
2093 3752 2247 3806 initio
2277 3764 2523 3808 creatura
2550 3756 2689 3809 bona
2721 3767 2857 3820 erat,
2881 3766 2935 3811 ct
2954 3772 3058 3811 non
3086 3768 3361 3829 utcunque

1787 3853 1881 3899 aut
1926 3845 2065 3901 forte
2116 3846 2331 3902 fortuna
2373 3849 2512 3903 bona
2552 3850 2833 3904 :hominis
2884 3868 3013 3904 vero
3060 3863 3352 3923 transgres-

1788 3937 1940 3990 sione
1967 3946 2021 3990 et
2046 3937 2158 4005 ipsa
2183 3948 2428 3992 creatura
2458 3941 2679 3995 vanitati
2708 3942 2939 3995 obnoxia
2966 3941 3102 3995 facta
3128 3954 3230 4004 est,
3258 3944 3361 3997 hoc

1788 4030 1870 4075 est
1893 4037 2001 4075 non
2040 4024 2245 4078 habens
2278 4024 2488 4079 firmum
2537 4040 2677 4091 esse,
2708 4027 2801 4081 sed
2840 4028 2980 4096 quod
3015 4038 3097 4082 est
3131 4029 3181 4081 in
3215 4029 3360 4083 ﬂuxu

1787 4124 1850 4163 ac
1884 4109 2114 4164 reﬂuxu.
2152 4110 2355 4167 Deinde
2398 4114 2451 4168 in
2498 4115 2699 4169 diluvio
2754 4132 2876 4170 cum
2906 4116 3057 4184 pauci
3112 4099 3359 4172 homines

1788 4202 2154 4270 perstitissent
2185 4204 2239 4256 in
2271 4203 2457 4257 divino
2491 4206 2659 4270 cultu,
2684 4206 2919 4260 mundus
2949 4224 3161 4262 rursum
3194 4213 3355 4266 \eluti

1789 4295 2019 4363 sumpsit
2056 4297 2444 4366 compactionis
2475 4300 2686 4353 initium
2720 4315 2818 4369 per
2838 4301 2950 4367 Nec
2984 4311 3036 4355 et
3067 4319 3159 4381 qos
3186 4308 3272 4366 ιμιὶ
3303 4307 3356 4358 in

1791 4398 1913 4438 arca
1945 4402 2049 4439 una
2084 4402 2207 4439 cum
2236 4388 2564 4444 animalibus
2600 4393 2799 4446 servati
2851 4392 3062 4447 fuerant
3086 4396 3159 4447 ad
3196 4400 3355 4449 semi-

1788 4492 1920 4529 num
1951 4479 2394 4534 constitutionem
2438 4492 2717 4539 :attamen
2766 4500 2838 4539 ne
2875 4486 3003 4539 tunc
3036 4472 3253 4554 q’uidem
3301 4490 3353 4541 in

1791 4568 2062 4637 prioribus
2109 4573 2346 4640 perstitit
2389 4575 2621 4628 humana
2673 4585 2891 4641 natura,
2938 4577 3093 4647 551
3152 4580 3244 4633 sed
3288 4581 3356 4634 ad

1791 4660 1973 4727 pejora
2006 4660 2226 4714 deﬂuxit
2272 4677 2431 4729 quam
2472 4663 2685 4717 fuerant
2736 4666 2935 4733 priora,
2975 4683 3003 4718 a
3036 4668 3231 4735 quibus
3256 4685 3355 4722 nec

1789 4746 1870 4801 lex
1901 4763 1929 4801 a
1970 4748 2115 4803 Mose
2141 4750 2264 4803 data
2297 4767 2391 4805 eos
2425 4755 2641 4816 avertit,
2674 4769 2776 4809 nec
2805 4755 3013 4808 Domini
3046 4759 3352 4824 prarsentia,

1789 4838 1891 4892 nisi
1922 4840 2064 4907 quod
2096 4841 2161 4894 ad
2206 4857 2410 4909 paucos
2444 4843 2785 4899 deﬂexerunt
2830 4862 2893 4901 ea
2932 4864 3050 4915 quae
3098 4850 3352 4903 salutaria

1788 4939 1959 4983 erant.
1995 4929 2243 4995 Quantus
2271 4942 2355 4987 est
2407 4937 2550 4988 enim
2585 4938 2838 4991 cumulus
2869 4954 3055 4992 eorum
3099 4941 3187 5008 qui
3221 4942 3353 4993 salvi

1784 5018 1920 5071 [lunt
1951 5019 1993 5072 si
2026 5020 2092 5073 ad
2126 5023 2475 5089 pereuntium
2527 5026 2932 5080 multitudinem
2981 5029 3229 5081 conferas
3261 5030 3352 5096 qui

1782 5111 2023 5178 quotidie
2073 5114 2442 5182 generantur?
2491 5129 2713 5186 propter
2761 5120 2903 5188 quod
2949 5120 3079 5172 mihi
3138 5121 3349 5173 videtur

1780 5203 2263 5256 consummationis
2293 5214 2506 5274 tempus
2535 5206 2741 5259 ditferri
2790 5217 2848 5261 ut
2881 5209 3217 5277 compleatur
3248 5226 3352 5261 nu-

1786 5305 1972 5345 merus
2032 5295 2436 5348 salvandorum.
2482 5294 2748 5361 Quoniam
2791 5316 2919 5370 ergo
2977 5303 3139 5355 variis
3178 5302 3351 5354 modis

1787 5380 1924 5436 facta
1952 5395 2035 5438 est
2072 5386 2136 5439 ad
2168 5387 2393 5441 salutem
2417 5388 2647 5455 vocalio,
2680 5406 2744 5445 ac
2771 5393 3049 5461 multiplex
3083 5394 3150 5446 ab
3176 5394 3347 5445 incre-

1787 5468 2011 5525 dulitate
2061 5475 2292 5541 perditio
2334 5492 2346 5525 :
2386 5486 2670 5547 propterea
2718 5484 3055 5535 necessarius
3100 5492 3181 5536 cst
3212 5483 3349 5545 ipnia

1787 5563 2161 5632 cataclysmus,
2206 5567 2459 5622 interitus
2495 5571 2735 5639 quidem,
2780 5573 2907 5626 licet
2952 5590 3059 5627 non
3127 5576 3348 5628 omnino

1789 5652 2063 5721 perfectus
2091 5671 2104 5707 :
2130 5671 2241 5710 non
2273 5671 2404 5712 sane
2438 5659 2763 5725 animarum,
2790 5661 2885 5715 sed
2933 5677 3111 5733 neque
3154 5677 3335 5732 corpo-
