4166 6448
749 377 853 445 611

1803 384 2199 445 (ECUMENII
2233 385 2526 446 TRICCE
2568 386 2904 446 EPISCOPI

3912 376 4022 441 6H

755 515 894 552 rum.
926 496 1130 551 Omnes
1168 495 1315 548 enim
1364 508 1469 548 nos
1525 494 1863 551 manifestari
1892 509 2107 566 Oportet
2145 514 2328 551 coram

2447 498 2621 569 σχιὶὴς
2662 499 2718 552 δὲ
2760 499 2792 567 ἡ
2832 500 2892 563 ἐξ
2942 496 3224 558 ἀπειθείας
3266 494 3531 555 ἀπώλεια,
3574 494 3661 547 δια
3692 494 3856 547 τοῦτο
3892 496 4026 547 ἀναν

754 589 1007 643 tribunali
1040 585 1244 641 Christi
1269 585 1336 648 ’⁸,
1367 600 1477 639 non
1512 586 1709 640 animis
1736 589 2059 657 corporibus
2087 590 2326 654 nudatis,

755 680 849 732 sed
878 692 983 729 una
1013 693 1135 730 cum
1167 675 1512 745 corporibus,
1542 676 1782 746 ipsisque
1806 678 2329 749 iucorruptibilibus.

752 772 1035 838 Quomodo
1056 770 1202 823 enim
1226 770 1369 823 nuda
1396 770 1574 823 anima
1604 770 1832 825 referret
1852 786 1912 826 ea
1942 788 2062 841 qua:
2084 788 2180 842 per
2208 788 2332 827 cor-

752 877 856 932 pus
887 871 1102 931 peracta
1134 858 1308 912 sunt?
1344 858 1398 915 Si
1422 861 1643 929 quidem
1684 874 1793 914 non
1832 870 1915 916 est
1948 862 2080 931 justi
2103 862 2329 933 jndicis,

753 968 879 1006 cum
914 953 1021 1004 duo
1052 951 1105 1002 in
1146 949 1338 1002 eodem
1388 960 1779 1019 peccaverunt,
1820 966 1991 1004 unum
2029 952 2327 1019 dimittere,

754 1053 1039 1111 totumque
1088 1041 1297 1095 crimen
1338 1041 1391 1097 in
1422 1042 1651 1097 alterum
1703 1042 2018 1099 transferre.
2064 1043 2328 1100 Praeterea

752 1149 969 1205 quoque
998 1133 1041 1189 si
1065 1134 1185 1203 igne
1210 1150 1423 1187 rursum
1452 1133 1677 1188 fundere
1703 1135 1942 1190 solemus
1965 1152 2050 1191 res
2070 1138 2328 1207 quasdam

752 1241 1065 1295 corporeas,
1103 1242 1211 1281 non
1248 1235 1308 1278 ut
1339 1226 1646 1281 absolutum
1690 1227 1967 1282 interitum
2014 1230 2094 1283 eis
2125 1230 2327 1282 tribua-

759 1335 901 1380 mus,
945 1319 1036 1372 sed
1071 1327 1129 1371 ut
1173 1318 1459 1386 puritatem
1492 1332 1556 1372 ac
1597 1319 1965 1374 sinceritatem
1992 1320 2070 1374 eis
2110 1330 2331 1385 praste-

760 1427 883 1465 mus
915 1428 929 1465 :
962 1425 1123 1464 nemo
1151 1410 1221 1464 sit
1260 1409 1350 1478 qui
1399 1426 1505 1464 non
1558 1413 1745 1466 credat
1793 1413 1959 1466 Deum
1992 1427 2209 1481 queque
2237 1412 2330 1481 qui

760 1518 859 1571 per
916 1503 1091 1573 ignem
1156 1503 1411 1571 promisit
1467 1504 2016 1568 consummationem,
2073 1514 2165 1557 aut
2220 1520 2329 1558 non

758 1596 1025 1648 facturum
1078 1596 1509 1662 corruptionem,
1547 1603 1639 1647 aut
1679 1594 1946 1649 facturum
1980 1597 2195 1665 quidem
2229 1599 2328 1660 sic,

761 1700 819 1743 ut
856 1691 1017 1744 unius
1048 1693 1395 1760 corruptione
1421 1689 1582 1745 faciat
1612 1691 1777 1746 aliud.
1800 1691 1903 1746 Sed
1930 1701 1985 1747 et
2009 1694 2054 1747 si
2084 1709 2333 1749 corrum-

760 1789 933 1847 peret,
962 1780 1219 1847 quidnam
1254 1781 1665 1851 corrumperet?
1698 1782 1968 1852 superﬂua
1999 1793 2053 1838 et
2078 1786 2329 1853 praesenti

760 1873 884 1925 vitae
921 1881 1148 1941 cognata
1191 1890 1203 1924 :
1247 1882 1300 1926 et
1345 1888 1463 1940 quae
1508 1883 1634 1927 sunt
1678 1852 2095 1944 illa?jumenta,
2127 1878 2328 1943 herbae,
2364 1852 2405 1905 Β

761 1964 978 2033 planta}.
1025 1963 1197 2015 Ilerba
1216 1963 1433 2031 quidem
1461 1972 1545 2017 est
1573 1965 2069 2033 propterjumenta,
2088 1966 2331 2038 jumenta

762 2068 890 2107 vero
933 2053 984 2106 in
1020 2054 1343 2122 obsequium
1376 2055 1743 2122 corruptibilis
1768 2056 1927 2125 hujus
1958 2058 2100 2114 vitae.
2138 2077 2155 2109 ι
2197 2060 2333 2114 Pro-

761 2142 987 2203 ducens,
1012 2143 1209 2210 inquit,
1234 2142 1419 2197 fenum
1459 2145 1723 2213 jumentis
1746 2157 1799 2200 et
1831 2148 2052 2204 herbam
2085 2153 2330 2207 servitu:i

765 2233 1047 2286 hominum
1079 2234 1147 2287 ¹⁹.
1185 2253 1200 2282 ι
1235 2232 1545 2289 Plantarum
1581 2254 1708 2290 vero
1733 2239 1814 2293 ha:
1841 2240 2057 2308 quidem
2083 2244 2151 2297 ad
2180 2253 2333 2315 tegu-

764 2335 1008 2378 mentum
1035 2334 1158 2379 sunt
1195 2334 1249 2379 et
1275 2325 1340 2377 ad
1367 2325 1558 2380 domos
1596 2331 2015 2397 construendas,
2056 2333 2174 2387 alite
2208 2352 2336 2390 vero

763 2418 829 2471 ad
856 2417 1094 2471 alimenti
1128 2417 1706 2476 subministrationem.
1741 2420 1911 2475 Porro
1935 2424 2080 2493 quod
2107 2426 2335 2479 alimen-

767 2521 881 2564 tum
941 2511 1220 2578 requirant
1260 2512 1536 2574 animalia,
1572 2513 1785 2581 signum
1821 2523 1903 2568 est
1948 2518 2334 2585 corruptionis.

764 2604 903 2668 Quid
928 2604 1069 2657 enini
1110 2604 1253 2657 aliud
1282 2604 1458 2657 inedia
1482 2621 1545 2659 ac
1576 2606 1805 2677 repletio
1830 2618 2086 2677 praestare
2118 2624 2338 2679 possent

765 2710 926 2762 quam
976 2696 1423 2764 corruptionem?
1457 2696 1581 2750 limi:
1634 2698 1814 2767 itaque
1855 2715 2339 2772 corrumperentur

765 2800 886 2853 qua!
934 2785 1001 2839 ad
1048 2787 1208 2839 vitam
1266 2786 1625 2841 immortalem
1667 2790 2107 2859 suntsuperflua.
2158 2794 2341 2850 Novos

766 2885 947 2930 autem
972 2876 1135 2931 cmlos
1176 2886 1232 2932 et
1262 2893 1456 2932 novam
1485 2880 1687 2935 creabit
1732 2890 1954 2948 terram,
2000 2899 2108 2939 non
2156 2897 2339 2942 autem

768 2968 926 3022 aliam
959 2968 1135 3038 quoad
1174 2970 1478 3025 materiam.
1500 2972 1635 3025 Nam
1664 2974 2042 3043 etquinovam
2074 2981 2343 3036 construit

768 3061 1009 3124 domum,
1035 3078 1140 3115 non
1172 3062 1313 3115 illam
1344 3078 1474 3117 sane
1506 3063 1670 3118 faciet
1701 3082 1765 3118 ex
1793 3082 1900 3119 non
1932 3071 2342 3136 pneexsistente

772 3150 1019 3203 materia.
1080 3150 1170 3204 Sic
1223 3161 1277 3205 et
1328 3151 1470 3206 Deus
1533 3153 1601 3207 ab
1659 3154 1814 3211 initio
1883 3158 2050 3214 semel
2100 3162 2343 3218 condidit

770 3241 1046 3294 materiam
1100 3256 1162 3295 ac
1216 3241 1545 3310 informavit,
1593 3255 1856 3315 quantum
1902 3259 2049 3305 certe
2096 3250 2200 3306 fuit
2243 3269 2341 3308 ne-

770 3346 922 3385 cesse
966 3331 1031 3384 ad
1068 3331 1211 3385 illius
1253 3333 1510 3403 temporis
1556 3349 1738 3392 usum.
1787 3338 1865 3391 Ad
1905 3339 2342 3411 incorruptibili-

773 3430 939 3474 tatem
996 3433 1175 3474 autem
1237 3437 1355 3490 qua:
1423 3431 1545 3491 post
1594 3440 1917 3493 praesentem
1968 3430 2073 3483 erit
2142 3441 2341 3486 statum

774 3521 1088 3579 Corrumpet
1140 3511 1193 3565 id
1254 3512 1399 3581 quod
1464 3513 1655 3570 inutile
1719 3527 1802 3572 est
1861 3534 1924 3573 ac
1985 3522 2343 3589 superfluum.

774 3602 934 3672 552
977 3602 1030 3656 Si
1062 3604 1188 3673 quid
1230 3614 1410 3657 autem
1458 3606 1589 3660 utile
1615 3608 1705 3671 sit,
1743 3609 2091 3665 reformatum
2124 3613 2345 3669 innuer-

776 3712 867 3766 tali
895 3729 955 3765 ac
986 3711 1288 3767 incredibili
1322 3713 1726 3782 pulchritudine
1756 3716 1919 3783 sinet,
1946 3728 2005 3773 ut
2032 3721 2261 3776 alterum
2284 3740 2347 3779 ac

776 3803 1245 3873 int-orruptibilem
1271 3804 1531 3858 mundum
1555 3806 1803 3875 perficiat
1830 3817 1885 3863 et
1909 3812 2201 3880 compleat.
2234 3833 2253 3865 ι
2284 3814 2350 3868 Et

778 3905 921 3948 terra
952 3911 1015 3948 ex
1047 3910 1185 3963 aqua
1239 3914 1256 3946 ι
1296 3894 1463 3949 Terra
1492 3911 1558 3951 ex
1587 3911 1726 3967 aqua
1749 3900 1968 3968 quidem
2002 3912 2255 3973 tanquam
2282 3922 2347 3961 ex

781 3987 1049 4041 materiali
1096 3987 1385 4057 principio,
1424 4003 1522 4057 per
1566 4005 1759 4059 aquam
1792 4007 1920 4046 vero
1966 4003 2221 4064 tanquam
2253 4012 2349 4065 per

779 4078 1107 4149 principium
1154 4079 1529 4147 perfectivum.
1558 4081 1708 4150 Aqua
1758 4084 1903 4137 enim
1956 4085 2198 4141 continet
2243 4097 2352 4142 ter-

779 4190 893 4227 ram
943 4174 1107 4228 veluti
1154 4174 1339 4243 gluten
1381 4176 1649 4244 quoddam
1689 4177 1832 4245 quod
1869 4177 1969 4246 ipsi
2006 4180 2181 4247 adest,
2205 4183 2351 4249 quod

778 4262 881 4315 nisi
916 4263 1014 4332 ipsi
1045 4264 1405 4333 contingeret,
1440 4278 1665 4319 necesse
1692 4274 1836 4321 esset
1868 4267 2010 4322 illam
2050 4270 2269 4325 dissolvi
2298 4281 2353 4326 et

780 4352 911 4406 ferri
938 4353 990 4405 in
1024 4368 1229 4405 aerem.
1260 4353 1454 4407 Verum
1484 4354 1761 4409 adorietur
1788 4372 1889 4410 nos
1924 4357 2169 4415 fortassis
2197 4364 2351 4431 quis-

779 4444 924 4514 piam
992 4461 1128 4498 vana
1170 4445 1500 4515 cogitatione
1533 4446 1721 4502 dicens
1753 4466 1767 4502 :
1797 4448 1970 4513 Quam
2017 4454 2087 4507 ob
2130 4468 2349 4509 causam

2436 592 2628 658 γκαῖος
2653 591 2680 643 ὁ
2709 588 2804 641 τοῦ
2833 589 3005 658 πυρὸς
3035 586 3442 654 κατακλυσμὸς,
3478 586 3652 655 φθορά
3685 586 3806 655 μὲν,
3842 587 3896 638 εξ
3937 589 4024 638 καὶ

2438 680 2512 748 μὴ
2554 681 2820 748 παντελής
2844 695 2858 709 ·
2895 679 3084 748 ψυχῶν
3124 680 3232 747 γὰρ
3264 677 3350 738 οὓ.
3388 677 3502 729 ἀλλ’
3547 678 3667 730 οῦδὲ
3720 678 4021 746 σωμάτων.

2436 772 2652 834 Πάντας
2687 770 2903 840 γὰρ-δεῖ
2951 770 3303 839 παραστῆναι
3337 770 3486 838 ἡμᾶς
3535 767 3613 836 τῷ
3656 768 3866 837 βήματι
3925 766 4024 818 τοῦ

2433 863 2696 933 Χριστοῦ,
2726 865 2846 934 οὐχὶ
2874 863 3108 932 γυμναῖς
3139 862 3410 921 σωμάτων
3442 860 3663 930 ψυχαῖς,
3705 859 3846 912 ἀλλὰ
3882 860 4026 928 μετά

2434 958 2704 1023 σωμάτων
2736 954 3034 1025 ἀφθάρτων
3067 955 3161 1007 καὶ
3204 953 3404 1006 αὐτῶν.
3457 953 3581 1015 Πῶς
3627 952 3736 1020 γὰρ
3768 954 3840 1005 ἂν
3869 952 4024 1019 ψυχὴ

2435 1046 2616 1115 γυμνὴ
2638 1045 2940 1115 κομίσηται
2978 1044 3046 1097 τὰ
3068 1044 3154 1097 ’ὀιά
3197 1043 3292 1096 τοῦ
3325 1043 3582 1111 σώματος
3612 1042 4024 1113 πεπραγμένα;

2434 1142 2509 1194 Οὐ
2539 1139 2649 1211 γὰρ
2670 1140 2881 1192 δικαίου
2915 1139 3129 1209 κριτοῦ,
3183 1136 3275 1190 δύο
3320 1135 3833 1204 πλημμεὶησάντων
3875 1135 4026 1187 κατὰ

2432 1232 2657 1299 ταύτὸν,
2680 1232 2772 1284 τὸν
2802 1233 2898 1285 ἕνα
2950 1232 3189 1299 ἀφεῖναι,
3221 1227 3358 1299 πρὸς
3387 1228 3443 1281 δὲ
3476 1227 3568 1280 τὸν
3605 1228 3794 1296 ἓτερον
3816 1226 3879 1279 τὸ
3913 1227 4026 1278 πᾶν

2433 1324 2529 1375 τοῦ
2564 1323 2913 1393 ἐγκλήματος
2944 1319 3476 1390 ὲπιφέρειν,Ἀλ).ως
3505 1335 3565 1370 τε
3596 1318 3651 1370 δὲ
3676 1317 3771 1370 καὶ
3807 1317 3856 1368 εἰ
3884 1315 4025 1384 πυρὶ

2433 1416 2707 1484 εἰώθαμεν
2760 1411 3252 1485 ἀναχωνεύειντάς
3304 1410 3455 1476 ὔλας,
3504 1410 3600 1479 οὐχ
3634 1408 3723 1461 ἵνα
3776 1405 4022 1473 παντελῆ

2434 1510 2628 1571 αὑταῖς
2651 1508 2833 1578 δῶμεν
2871 1505 3236 1576 άνυπαρξίαν,
3270 1502 3386 1554 ἀλλ’
3431 1501 3521 1554 ἴνα
3553 1499 3614 1551 τὸ
3646 1498 3892 1567 καθαρὸν
3924 1498 4025 1548 αἰ-

2435 1603 2555 1663 ταίς
2579 1601 2674 1653 καὶ
2699 1598 2991 1669 εἱλικρινὲς
3028 1597 3228 1665 δῶμεν,
3277 1595 3377 1646 οὐκ
3409 1594 3474 1647 ἄν
3511 1608 3596 1654 τις
3628 1590 3889 1658 ἀπιστοίη
3925 1591 4023 1641 καὶ

2435 1694 2525 1746 τὸν
2555 1691 2687 1744 Θεὸν
2711 1691 2800 1744 διὰ
2842 1689 3014 1759 πυρὸς
3059 1688 3159 1759 τὴν
3190 1684 3499 1739 συντέλειαν
3542 1680 4024 1749 ἐπαγγελλόμενον

2436 1787 2469 1856 ἢ
2506 1785 2579 1855 μὴ
2607 1782 2856 1853 ποιεῖν,ῆ
2889 1781 2983 1833 καὶ
3012 1778 3269 1832 ποιοῦντα
3295 1779 3385 1830 ἐπὶ
3414 1777 3587 1847 φθορᾷ
3615 1774 3807 1827 τούτου
3842 1775 4024 1824 ποιεῖν

2436 1875 2612 1928 τοῦτο.
2653 1873 2793 1927 Ἀλλ’
2842 1874 2890 1924 εί
2928 1872 3023 1924 καὶ
3063 1870 3297 1939 φθείροι,
3327 1868 3378 1921 τί
3421 1866 3487 1920 ἂν
3521 1864 3766 1934 φθείροι;
3804 1861 3890 1915 Τὰ
3920 1876 4025 1911 πε-

2438 1966 2593 2035 ριττὰ
2623 1963 2719 2017 καὶ
2743 1962 3002 2031 σῦστοιχα
3024 1964 3091 2030 τῇ
3115 1959 3364 2029 παρούσῃ
3391 1958 3563 2028 βιοτῇ.
3592 1958 3701 2010 Καὶ
3721 1955 3773 2006 τί
3805 1952 4021 2013 ταῦτας

2436 2059 2631 2126 κτήνη.
2671 2055 2826 2127 χλόη,
2874 2055 3039 2123 φυτά.
3094 2052 3239 2121 Χλόη
3271 2051 3369 2120 μὲν
3408 2049 3517 2119 γὰρ
3563 2048 3649 2101 δια
3698 2046 3767 2098 τὰ
3814 2046 4021 2113 κτήνη,

2437 2153 2608 2219 κτήνη
2631 2148 2687 2200 δὲ
2722 2146 2973 2216 ὑπουργά
3002 2148 3100 2213 τῆς
3137 2143 3384 2213 φθαρτῆς
3414 2141 3619 2209 ταύτης
3646 2139 3808 2208 ζωῆς·
3840 2156 3860 2187 ι
3904 2136 4026 2199 ἘΞ-

2439 2239 2752 2295 ανατέλλων
2778 2237 2889 2307 γὰρ
2946 2238 3138 2307 χόρτον
3173 2237 3286 2297 τοῖς
3334 2235 3579 2303 κτήνεσι,
3614 2230 3708 2285 καὶ
3751 2229 3921 2298 χλόην
3953 2230 4020 2297 τῇ

2437 2332 2651 2402 δουλείᾳ
2674 2330 2782 2383 τῶν
2800 2326 3126 2400 ἀνθρώπων.
3160 2346 3178 2379 ι
3204 2328 3352 2379 Φυτά
3386 2326 3441 2377 δὲ
3470 2324 3545 2375 τά
3570 2324 3667 2392 μὲν
3697 2324 3777 2383 εἰς
3801 2321 4024 2390 σκέπην

2441 2425 2532 2476 καὶ
2557 2424 2760 2485 οἰκίας,
2784 2422 2855 2475 τὰ
2874 2422 2930 2475 δὲ
2952 2424 3027 2484 εἰς
3055 2418 3321 2490 χορηγίαν
3346 2416 3570 2486 τροφῆς.
3590 2413 3782 2484 Τροφὴ
3805 2414 3866 2467 δὲ
3901 2416 4020 2475 τοῖς

2442 2514 2622 2578 ζωοῖς,
2654 2515 2862 2584 φθορᾶς
2886 2514 3208 2582 τεκμήριον.
3233 2511 3297 2563 Τί
3320 2510 3429 2579 γὰρ
3460 2508 3526 2563 ἂν
3555 2507 3682 2561 ἄλλο
3714 2507 3895 2559 ἔνδεια
3927 2505 4025 2557 καὶ

2440 2606 2830 2677 ἀναπλήρωσις
2879 2605 2914 2673 ἢ
2963 2604 3168 2672 φθορὰν
3214 2603 3527 2671 ὑπισχνοίτο
3564 2601 3662 2662 av;
3695 2596 3887 2651 Ταῦτα
3929 2590 4025 2647 οὖν

2443 2696 2677 2767 φθαρείη
2714 2695 2784 2749 τά
2813 2695 3040 2765 περιττά
3074 2694 3208 2764 πρὸς
3240 2693 3337 2763 τὴν
3371 2691 3646 2761 ἄφθαρτον
3677 2688 3846 2755 ζωην.
3885 2685 4029 2737 Και-

2442 2789 2565 2850 νοὺς
2601 2789 2658 2841 δὲ
2691 2787 2959 2857 οὐρανοὺς
2993 2786 3089 2838 καὶ
3121 2783 3314 2853 καινὴν
3337 2782 3704 2850 ὕποστήσεται
3751 2780 3881 2846 γῆν,
3928 2777 4026 2843 οὐχ

2444 2882 2641 2952 ἑτέραν
2677 2880 2734 2931 δὲ
2760 2882 2825 2949 τῇ
2854 2878 2977 2950 ὕλῃ.
3011 2878 3086 2930 Οὐ
3114 2876 3222 2946 γὰρ
3257 2876 3285 2927 ὁ
3316 2872 3640 2942 συμπηγνὺς
3666 2869 3795 2922 νέαν
3818 2868 4026 2927 οἰκίαν,

2446 2973 2549 3043 ἤδη
2582 2972 2678 3025 καὶ
2721 2972 2785 3024 ἐκ
2823 2969 2896 3039 μὴ
2931 2966 3394 3039 προϋπαρχούσης
3427 2964 3556 3033 ὕλης
3593 2961 3749 3015 τοῦτο
3780 2961 4029 3027 ποιήσει.

2448 3068 2557 3119 Καὶ
2586 3067 2614 3117 ὁ
2653 3064 2784 3127 Θεὸς
2842 3059 2936 3114 οὗν
2967 3059 3117 3123 ἅπαξ
3160 3057 3474 3127 ὑποστήσας
3509 3054 3630 3107 κατ’
3686 3050 3863 3120 ἀρχὰς
3921 3052 4027 3116 τὴν

2448 3159 2578 3228 ῦλην
2610 3156 2705 3209 καὶ
2734 3153 3147 3225 διαμορφώσας,
3180 3151 3240 3203 τὸ
3280 3150 3379 3219 μὲν
3410 3150 3533 3201 ὅσον
3582 3145 3719 3216 «pb;
3770 3144 3870 3212 τὴν
3902 3143 4025 3195 τότε

2446 3252 2656 3321 χρείαν,
2676 3249 2994 3315 ἀναγκαῖον,
3015 3246 3145 3316 πρὸς
3168 3242 3340 3314 δὲτὴν
3364 3240 3501 3313 μετά
3524 3241 3697 3293 ταῦτα
3721 3238 4026 3305 ἄφθαρτον,

2445 3342 2759 3405 ἀλυσιτελές
2785 3359 2845 3394 τε
2884 3343 2973 3392 καὶ
2998 3338 3255 3408 περιττὸν
3274 3334 3629 3403 καταφθερεῖ.
3649 3334 3777 3385 Εῖτι
3806 3331 3863 3383 δὲ
3898 3347 4028 3383 σνν-

2445 3434 2653 3497 τελοῦν,
2676 3435 2774 3485 ἀνα
2786 3430 3079 3503 μορφώσας
3112 3430 3372 3500 ἀφθάρτῳ
3402 3430 3494 3481 καὶ
3517 3425 3787 3497 ἀμηχάνῳ
3814 3423 4030 3488 κάλλει,

2448 3528 2601 3581 ἐάσει
2620 3528 2713 3581 τὸν
2727 3526 2980 3596 δεύτερον
2997 3524 3090 3577 καὶ
3112 3523 3391 3592 ἄφθαρτον
3417 3518 3773 3591 συμπληροῦν
3792 3520 4033 3585 κόσμον.

2460 3643 2475 3674 ι
2497 3624 2607 3675 Καὶ
2626 3624 2696 3691 γῆ
2716 3619 2776 3684 ἐξ
2794 3619 3001 3682 ὕδατος.
3031 3635 3050 3669 ι
3069 3618 3134 3670 Ἢ
3146 3619 3218 3685 γῆ
3242 3614 3299 3681 ἐξ
3320 3615 3508 3677 ὓδατος
3530 3613 3648 3682 μὲν,
3663 3613 3738 3676 ὡς
3761 3612 3820 3677 ἐξ
3841 3608 4031 3662 ὑλικοῦ

2451 3716 2646 3777 αἰτίου,
2665 3712 2731 3765 δι’
2756 3711 2948 3773 ὓδατος
2968 3710 3025 3763 δὲ
3046 3710 3120 3772 ὡς
3144 3706 3470 3762 διατελικοῦ.
3486 3706 3671 3775 ’Υδωρ
3688 3706 3797 3772 γὰρ
3818 3704 3877 3756 τὸ
3898 3720 4032 3753 συν·-

2453 3805 2576 3875 ἐχον
2607 3804 2706 3874 τὴν
2736 3796 2989 3872 γῆν,οίον
3017 3799 3185 3853 κόλλα
3211 3815 3294 3860 τις
3326 3798 3573 3867 ὑπάρχον
3614 3796 3771 3864 αὐτῇ.
3802 3792 3895 3862 Μὴ
3921 3794 4036 3862 γὰρ

2452 3896 2619 3950 αὐτοῦ
2652 3896 2968 3967 προσόντος,
2988 3893 3199 3960 ἀνάγκη
3225 3890 3359 3960 προς
3386 3889 3511 3959 χοῦν
3528 3886 3698 3956 αὐτὴν
3714 3884 4038 3939 διαλύεσθαι

2452 3985 2547 4037 καὶ
2568 3984 2881 4055 ἀεροῦοθαι.
2902 3982 3297 4051 Ἐπιφυήσεται
3314 3979 3370 4031 δέ
3391 3994 3476 4042 τις
3492 3978 3623 4046 ἡμῖν
3640 3977 3772 4037 ἴσως
3798 3974 4036 4043 φλυάρῳ

2452 4077 2668 4147 γνώμῃ.
2716 4076 2781 4127 Τί
2813 4075 3013 4143 δήποτε
3064 4075 3092 4125 ὁ
3123 4072 3255 4134 Θεὸς
3286 4071 3375 4124 τὸν
3406 4070 3609 4137 κόσμον
3632 4068 3725 4119 τὸν
3751 4063 4037 4135 δρώμενον

2453 4169 2790 4238 ὑποστήσας,
2827 4166 2949 4235 οὐχὶ¹
2986 4165 3047 4230 ἐξ
3088 4165 3261 4234 ἀρχῆς
3304 4162 3517 4233 ἑδραῖον
3546 4160 3642 4213 καὶ
3690 4158 4039 4228 ἀμετάϐολον

2456 4259 2773 4330 εἰργάσατο,
2805 4257 2942 4311 ἀλλά
2995 4254 3322 4327 μεταϐολαῖς
3356 4253 3697 4320 σύγκρατον;
3726 4248 3786 4311 ἐξ
3829 4244 3890 4301 οὗ
3938 4251 4038 4300 καὶ

2458 4356 2596 4423 πρὸς
2626 4353 2687 4405 τὸ
2728 4352 2883 4415 εὺθὲς
2913 4351 3285 4418 ὲπανάγεσθαι
3313 4348 3495 4419 χρεία,
3529 4346 3624 4399 ἐπὶ
3658 4344 3782 4398 Νῶε
3814 4343 3917 4413 μὲν
3947 4343 4041 4395 διὰ

2454 4445 2549 4498 τοῦ
2581 4443 2991 4512 κατακλυσμοῦ,
3025 4446 3082 4496 ἐν
3134 4442 3191 4495 δὲ
3224 4444 3290 4512 τῇ
3337 4437 3639 4509 συντελείᾳ,
3685 4435 3774 4489 διὰ
3832 4434 4034 4504 πυρὸς,

779 4537 941 4600 Deus,
971 4538 1061 4606 qui
1095 4537 1360 4591 visibilem
1381 4537 1525 4590 hunc
1549 4538 1810 4591 mundum
1836 4542 2107 4609 produxit,
2139 4560 2249 4598 non
2283 4547 2343 4602 al]

2457 4537 2532 4600 ὠς
2563 4539 2658 4590 νῦν
2692 4553 2825 4605 φησι
2856 4536 3082 4604 Πέτρος.
3130 4536 3273 4605 Πρὸς
3314 4533 3373 4585 δν
3414 4531 3668 4601 ἐροῦμεν,
3700 4529 3775 4591 ὡς
3824 4528 3886 4580 τὸ
3936 4527 4039 4596 μὲν

780 4630 1002 4683 θωτάἰο
1037 4633 1248 4683 firmum
1278 4644 1343 4683 ac
1375 4630 1764 4685 immutabilem
1803 4635 2064 4700 condidit,
2098 4637 2192 4691 sed
2228 4654 2350 4692 mu-

781 4722 1077 4776 tation.bus
1118 4722 1453 4775 obnoxium?
1484 4722 1639 4778 Unde
1677 4724 1839 4777 etiam
1872 4727 2052 4781 statim
2112 4732 2350 4797 reparari

783 4813 885 4867 fuit
934 4829 1179 4873 necesse,
1216 4822 1455 4879 tempore
1499 4814 1716 4883 quidem
1755 4816 1869 4872 Noe
1912 4834 2007 4886 per
2044 4836 2260 4889 aquam,
2297 4822 2351 4875 in

780 4905 1257 4958 eamsunnnatione
1304 4920 1431 4957 vero
1484 4920 1580 4975 per
1622 4906 1824 4976 ignem,
1873 4910 2037 4963 veluti
2085 4926 2231 4965 nunc
2279 4914 2354 4967 ait

782 4996 1012 5051 Petrus?
1041 4998 1118 5048 Ad
1166 5011 1325 5064 quem
1372 4996 1612 5051 dicemus
1649 4998 1791 5066 quod
1824 5014 1931 5052 non
1969 5000 2070 5054 fuit
2101 5003 2356 5071 possibile

784 5099 843 5144 ul.
886 5089 1109 5141 haberet
1156 5088 1669 5142 immutabilitatem.
1700 5089 1831 5143 Nam
1861 5092 1951 5159 qui
1978 5092 2091 5145 ﬁeri
2127 5094 2229 5148 hoc
2263 5109 2360 5163 p0-

787 5180 888 5233 tuit
912 5194 1034 5232 cum
1062 5193 1123 5230 ex
1150 5178 1446 5230 mutatione
1470 5180 1768 5251 accepisset
1793 5182 1954 5235 esse?
1978 5183 2033 5236 Si
2056 5184 2273 5252 quidem
2295 5200 2358 5238 ex

786 5288 896 5325 non
926 5286 1045 5324 c55e
1088 5268 1411 5339 productum
1453 5270 1551 5322 fuit
1589 5271 1655 5324 ad
1685 5287 1826 5335 esse,
1862 5274 2005 5341 quod
2039 5290 2199 5329 nemo
2232 5291 2360 5344 pru-

788 5365 923 5417 dens
953 5364 1147 5417 dixerit
1178 5378 1285 5415 non
1318 5376 1436 5415 ος)δο
1465 5361 1840 5416 mutationem.
1872 5363 1937 5418 Et
1960 5368 2215 5435 quoniam
2246 5383 2364 5420 mu-

789 5451 919 5504 tatio
966 5453 1031 5504 ad
1080 5451 1233 5517 pejus
1273 5462 1555 5518 progressa
1602 5459 1685 5501 est
1730 5451 2014 5506 commista
2059 5454 2359 5522 peioribus,

789 5553 1013 5593 necesse
1044 5540 1141 5591 fuit
1175 5546 1232 5591 ut
1265 5539 1423 5605 hujus
1453 5535 1704 5590 conditor
1727 5537 1791 5591 ad
1823 5539 2014 5593 melius
2040 5543 2356 5605 reduceret;

792 5636 1037 5699 tempore
1057 5630 1275 5699 quidem
1296 5629 1406 5684 Noe
1429 5629 1855 5699 puriﬁcationem
1879 5630 2005 5687 fecit
2029 5649 2122 5702 per
2143 5650 2359 5704 aquam,

898 5807 942 5839 ⁸⁸
971 5807 1010 5861 ΙΙ
1032 5806 1154 5864 Cor.
1178 5825 1228 5870 ν.
1254 5808 1336 5862 l0.
1414 5809 1457 5837 ’⁵⁸
1477 5804 1615 5861 Psal.
1637 5803 1749 5875 cui,
1776 5809 1792 5859 l
1817 5809 1857 5860 l.

2461 4631 2858 4702 ἀμετάϐλητον,
2891 4630 2988 4696 οὐχ
3012 4622 3125 4679 οἷόν
3155 4643 3214 4678 τε
3249 4624 3411 4677 αὑτὸν
3443 4625 3613 4692 σχεῖν.
3650 4620 3774 4683 Πῶς
3810 4622 3942 4686 γὰρ,
3981 4618 4041 4678 ὃς

2458 4725 2521 4776 ὲκ
2555 4721 2857 4793 μεταϐολῆς
2881 4720 3063 4788 εἴληχε
3088 4717 3150 4770 τὸ
3170 4712 3351 4780 εἷναι;
3396 4714 3490 4766 Ἐκ
3521 4712 3629 4781 γὰρ
3658 4710 3750 4764 τοῦ
3787 4710 3864 4779 μὴ
3896 4705 4039 4759 εἶναι

2461 4819 2539 4879 είς
2570 4817 2630 4868 τὸ
2658 4812 2796 4868 εἶναι
2831 4812 3099 4881 προήχθη,
3135 4810 3274 4878 ὅπερ
3318 4808 3418 4860 οὐκ
3471 4805 3538 4858 ἂν
3571 4804 3801 4874 ἔμφρων
3846 4817 3933 4863 τις
3965 4801 4039 4868 μὴ

2462 4909 2745 4961 ἀλλοίωσιν
2788 4908 2925 4976 ἐρεῖ.
2959 4906 3068 4957 Καὶ
3093 4902 3283 4971 ἐπειδὴ
3322 4902 3355 4970 ἡ
3382 4898 3666 4959 ἀλλοίωσις
3702 4895 3795 4948 ἐπὶ
3828 4893 3890 4946 τὸ
3924 4901 4041 4963 χεζ-

2466 5018 2559 5071 ρον
2592 4998 2799 5069 προέϐη
2830 4998 2940 5058 τοίς
2993 4994 3202 5064 χείροσι
3239 4990 3609 5059 συμφυρεῖσα,
3657 4984 3977 5051 ἀναγκαίως
4014 4982 4042 5031 ὁ

2463 5090 2655 5141 τούτου
2703 5084 3049 5155 Δημιουργὺς
3096 5081 3189 5133 ἐπὶ
3234 5080 3295 5132 τὸ
3350 5079 3596 5148 κρεῖττον
3627 5073 3922 5140 ἐπανάγων
3951 5072 4043 5124 ἐπὶ

2469 5181 2567 5249 μὲν
2596 5178 2690 5231 τοῦ
2724 5178 2847 5229 Νῶε
2878 5175 2977 5245 τὴν
3020 5173 3285 5243 κάθαρσιν
3314 5169 3381 5223 δι’
3416 5168 3608 5230 ὕδατος
3638 5166 3960 5234 ἐποιήσατο,
3986 5165 4043 5215 ὲν

2464 5272 2521 5324 δὲ
2551 5273 2615 5340 τῇ
2651 5266 2931 5338 συντελείᾳ
2961 5268 3047 5320 διὰ
3098 5265 3290 5334 πυρὸς,
3333 5262 3524 5330 ῶσπερ
3572 5257 3670 5310 καὶ
3713 5258 3879 5325 ἡμεῖς
3912 5257 4044 5324 πυρὶ

2467 5362 2567 5423 τὰς
2591 5360 2722 5423 ὕλας
2752 5357 3117 5427 ἁναχωνεύειν
3148 5355 3445 5421 εἰώθαμεν,
3476 5352 3576 5404 οὐκ
3602 5352 3682 5413 είς
3707 5348 4045 5418 ἀφανισμὸν,

2471 5452 2583 5506 ἀλλ’
2633 5452 2711 5513 εἰς
2742 5449 3033 5519 κάθαρσιν.
3066 5466 3084 5499 ι
3114 5446 3190 5499 Δι’
3225 5440 3319 5499 ῶνο
3353 5464 3370 5495 ι
3407 5442 3496 5496 διὰ
3537 5439 3631 5495 τοῦ
3668 5438 3901 5511 οὐρανοῦ
3952 5440 4047 5490 καὶ

2468 5543 2568 5611 τῆς
2592 5541 2717 5609 γῆς,
2746 5541 2842 5607 τῆς
2868 5540 2965 5609 μὲν
2987 5540 3046 5592 τι
3070 5538 3215 5609 ὕδωρ
3243 5534 3636 5603 ἐπικλυσάσης,
3660 5530 3773 5585 τῶν
3802 5531 4047 5599 οὐρανῶν

2471 5635 2527 5689 δὲ
2562 5636 2687 5697 τοὺς
2716 5633 3104 5705 καταρράκτας
3152 5630 3330 5684 αὑτηίν
3370 5627 3710 5696 ἑπαφέντων,
3744 5623 4045 5683 τουτέστιν,
