4166 6448
110 342 221 405 613

1141 349 1523 409 COMMENT.
1570 351 1643 408 IN
1681 351 1914 411 EPIST.
1951 350 2005 409 Ιῐ
2038 352 2101 411 S.
2134 351 2380 410 PETRI.

3266 347 3373 408 6H

113 467 187 523 ὡς
231 465 291 521 ὲν
344 463 755 532 καταρρἀταις
804 465 1245 531 κατεπειγόντων
1276 467 1337 519 τὸ
1370 468 1534 538 ὕδωρ.
1569 487 1587 518 ι
1641 468 1698 520 '0

1812 469 1859 521 in
1908 468 2383 522 consummatione
2443 481 2571 521 vero
2618 465 2863 521 tacturus
2902 476 2986 521 est
3034 481 3129 536 per
3176 466 3375 535 ignem.

121 553 244 603 τότε
300 551 504 621 κόσμος
555 552 709 606 ὕδατι
764 553 1182 622 κατακλυσθεὶς,
1223 557 1490 611 ἀπώλετο.
1543 576 1563 609 ι
1599 559 1693 624 Τὸ,

124 644 427 710 Ἀπὼῗιετο,
459 645 535 715 μὴ
581 646 714 716 πρὸς
757 645 935 698 πάντα
972 647 1063 699 τὸν
1114 648 1318 717 κόσμον
1377 649 1693 712 ἀκουστέον,

111 736 248 787 ἀλλὰ
277 736 415 805 πρὸς
458 738 593 802 μόνα
616 737 684 789 τά
710 736 846 800 ζῶα,
879 738 915 792 ἃ
937 739 1026 791 τὸν
1056 740 1269 793 ἅπαντα
1298 740 1502 809 κόσμον
1535 741 1697 794 οἱονεὶ

111 824 394 876 εἰδοποιεῖ.
431 825 675 895 Ἐρημος
718 824 828 895 γὰρ
872 826 980 878 τῶν
1019 826 1176 891 ζώων
1221 824 1409 892 τόπος,
1447 828 1569 880 οὐδὲ
1602 829 1696 881 κό-

112 931 249 983 σμος
273 915 342 969 ἂν
359 916 666 985 νομισθείη.
687 917 761 971 Τὸ
788 918 863 981 δὲ,
898 937 916 969 ι
949 920 1089 988 [lupi
1109 918 1434 987 τηρούμενοι
1459 920 1536 981 εἰς
1560 918 1698 987 ἡμέ-

114 1027 215 1078 ραν
249 1011 490 1079 κρίσεως
522 1011 617 1064 καὶ
647 1009 946 1075 ἀπωλείας,
989 1030 1007 1062 ι
1038 1009 1228 1072 οὕτως·
1258 1009 1594 1079 Τηρούμενοι
1619 1010 1698 1071 εἰς

110 1102 332 1171 ἡμέραν
359 1101 593 1172 κρίσεως
619 1104 712 1156 καὶ
742 1103 821 1163 εἰς
848 1101 1060 1171 ήμέραν
1103 1101 1398 1163 ἀπωλείας.
1446 1101 1490 1153 Τ
1492 1100 1521 1152 δ
1563 1100 1692 1170 γὰρ,

119 1211 136 1243 t
167 1193 266 1255 Εἰς
318 1194 556 1263 ἡμέραν,
586 1211 607 1244 ι
654 1194 793 1246 κατὰ
834 1191 1014 1245 κοινοῦ
1052 1191 1290 1259 λέγεται.
1326 1193 1398 1244 Τὸ
1444 1192 1521 1258 δὲ,
1552 1191 1697 1263 Κριο

112 1298 275 1346 σεως,
305 1284 430 1337 ἀντὶ
460 1282 575 1348 τοῦ,
600 1283 1009 1352 Κατακρίσεως,
1045 1285 1239 1336 κεῖται.
1285 1302 1304 1335 ι
1333 1283 1409 1335 Οὐ
1446 1281 1696 1353 βραδύνει

114 1375 141 1425 ό
177 1374 409 1444 Κύριος.
469 1394 488 1426 ι
538 1374 1037 1443 Συμπερανάμενος
1076 1375 1166 1426 τὸν
1197 1374 1326 1444 περὶ
1381 1373 1697 1437 συντελαίας

115 1465 295 1533 λογον,
321 1468 404 1520 ὅτι
428 1466 601 1529 ἔσται,
635 1467 728 1519 καὶ
752 1464 812 1529 ἐξ
850 1467 1172 1533 ἀναγκαίου,
1206 1466 1297 1517 καὶ
1324 1464 1411 1517 διὰ
1442 1465 1632 1534 πυρὸς,
1662 1463 1698 1519 ἃ

117 1557 297 1610 πάντα
324 1558 418 1610 καὶ
448 1558 612 1627 ἡμεῖς
634 1555 1067 1626 διεξοδικώτερον
1094 1555 1464 1626 διεξήλοομεν,
1495 1556 1697 1625 μετέϐη

117 1650 208 1702 καὶ
241 1648 337 1701 ἐπὶ
376 1649 476 1719 τὴν
511 1648 818 1718 παράτασιν
848 1646 941 1700 τοῦ
982 1648 1173 1717 χρόνου
1211 1647 1309 1716 τῆς
1339 1647 1434 1700 τοῦ
1493 1648 1696 1717 κόσμου

117 1738 453 1802 συντελείας,
499 1738 594 1791 καί
639 1755 827 1807 φησιν,
885 1739 966 1791 ὅτι
1025 1739 1098 1791 Οὐ
1134 1737 1383 1810 βραδύνει
1423 1742 1453 1793 ό
1492 1741 1696 1811 Κύριος

1802 557 2270 623 Quemadmodum
2298 566 2351 610 et
2374 572 2473 610 nos
2502 573 2587 610 res
2617 557 2877 626 quasdam
2911 556 3218 610 matcriales
3259 572 3376 608 rur-

1803 667 1922 705 sum
1955 651 2191 703 solemus
2216 649 2335 717 igne
2363 648 2612 712 fundere,
2637 664 2744 702 non
2769 650 2835 702 ad
2861 650 3160 705 interitum.
3187 648 3282 701 sed
3309 648 3376 699 ad

1803 740 2261 811 puriﬁcationem.
2300 757 2318 790 ι
2364 737 2468 791 Per
2501 754 2641 807 qua},
2691 757 2709 789 ι
2743 753 2939 806 nempe
2967 738 3164 792 cmlum
3186 746 3241 790 et
3268 747 3378 790 ter-

1805 851 1943 899 ram,
1977 836 2078 889 liac
2124 835 2343 904 quidem
2378 833 2535 903 aquis
2576 834 2844 895 demersa.
2871 832 3021 885 cmlis
3061 842 3240 885 autem
3285 847 3379 883 ca-

1804 935 2037 978 taractas
2075 941 2202 979 snas
2236 924 2669 985 demittentibus,
2710 922 2812 976 lioc
2854 931 2937 974 est
2985 930 3236 989 tanquam
3284 936 3380 989 per

1803 1024 2103 1070 cataractas
2124 1032 2318 1085 aquam
2341 1016 2406 1070 ad
2432 1017 2752 1069 descensum
2776 1012 3111 1082 urgentibus.
3152 1028 3171 1060 ι
3215 1008 3261 1062 ls
3287 1009 3379 1079 qui

1807 1116 1936 1161 tunc
1961 1116 2080 1161 erat
2112 1107 2349 1161 mundus
2377 1122 2515 1176 aqua
2550 1105 2850 1160 ittnntlatus
2909 1103 3087 1172 periit.
3136 1119 3153 1152 ι
3190 1101 3377 1163 Periit,

1803 1213 1911 1253 non
1953 1198 2021 1252 ad
2057 1212 2272 1252 omnem
2311 1197 2569 1249 mundum
2601 1205 2703 1259 est.
2733 1195 2827 1249 sed
2860 1194 2924 1248 ad
2966 1193 3080 1247 sola
3137 1192 3381 1246 animan-

1805 1291 1898 1354 tia,
1932 1305 2055 1360 qna:
2097 1288 2347 1345 videlicet
2372 1288 2712 1342 referendum
2753 1286 3012 1340 mundum
3045 1299 3260 1338 omnem
3296 1298 3382 1336 re—

1804 1392 2155 1453 pncscntant.
2188 1381 2243 1436 Si
2290 1381 2507 1450 quidem
2557 1380 2705 1433 locus
2727 1379 2973 1431 desertus
2995 1376 3379 1439 animantibus,

1805 1491 1873 1530 ne
1906 1474 2141 1529 mundus
2165 1474 2383 1543 quidem
2406 1471 2829 1527 existimaretur.
2849 1467 3015 1523 Porro
3036 1468 3177 1537 quod
3202 1466 3385 1518 sulnli-

1806 1574 1914 1626 tur.
1953 1584 1971 1617 ι
2018 1565 2229 1620 Servati
2272 1566 2380 1633 igni
2422 1566 2473 1618 in
2510 1561 2870 1631 diemjudicii
2914 1558 3235 1630 perditionis
3277 1558 3381 1610 itit-

1805 1659 2041 1728 piorum,
2090 1676 2108 1708 ι
2144 1658 2222 1710 sic
2250 1658 2533 1711 ordinatur
2570 1675 2583 1710 :
2618 1655 2829 1709 Servati
2865 1654 2918 1708 in
2945 1654 3087 1707 diem
3114 1650 3303 1720 judicii
3331 1659 3383 1703 tt

1808 1750 1861 1803 in
1898 1750 2044 1803 diem
2075 1748 2399 1818 perditionis
2426 1765 2441 1802 :
2474 1763 2619 1810 nam,
2661 1764 2677 1796 ι
2724 1746 2784 1798 ln
2809 1745 2949 1797 diem
2996 1762 3014 1792 ι
3044 1758 3074 1796 a
3105 1740 3380 1796 communi

116 1834 211 1901 τῆς
231 1831 590 1899 ἐπαγγελίας,
614 1828 689 1894 ὡς
734 1848 876 1895 τινες
909 1830 1212 1902 βραδυτῆτα
1260 1832 1539 1900 ἡγοῦνται,
1569 1833 1702 1887 ἀλλά

1812 1856 1969 1895 sensu
2003 1840 2316 1895 resumitur.
2354 1839 2554 1893 Jndicii
2585 1852 2714 1891 vero
2754 1836 2971 1905 ponitttr
3008 1849 3105 1903 pro
3137 1835 3382 1885 condem-

123 1922 471 1991 μακροθυμεῖ
499 1922 599 1993 τὴν
633 1924 907 1993 σωτηρίαν
930 1922 1084 1992 ἡμῶν
1111 1922 1484 1993 ἐκδεχόμενος,
1505 1924 1600 1978 καὶ
1625 1925 1701 1995 μὴ

120 2014 446 2084 βουλόμενος
478 2015 623 2084 ἡμᾶς
650 2014 972 2081 ἀπολέσθαι,
997 2015 1111 2067 ἀλλ’
1131 2017 1210 2078 εἰς
1254 2016 1539 2085 μετάνοιαν
1566 2017 1703 2069 πάν-

116 2123 209 2169 τας
237 2108 512 2176 χωρῆσαι.
544 2125 563 2159 ι
608 2109 736 2160 Ἀτε
772 2108 836 2177 δὴ
872 2107 1082 2178 ἀπείρῳ
1115 2108 1340 2161 δντικαὶ
1363 2110 1589 2178 πελάγει
1619 2112 1705 2165 οὺ-

119 2202 237 2262 σὶας
267 2202 640 2272 ἀπεριορὶστῳ
669 2202 821 2255 οὐδὲν
876 2203 1024 2271 αὐτῷ
1063 2204 1535 2274 παρατεταμένον,
1567 2204 1704 2258 ἀλλὰ

117 2294 261 2362 χίλια
281 2294 379 2365 ἐτη
415 2294 492 2357 ὡς
520 2294 617 2364 μία
646 2295 828 2366 ἡμέρα
867 2295 996 2364 παρ’
1020 2292 1188 2365 αὐτῷ.
1221 2295 1441 2349 Μᾶλλον
1474 2296 1530 2349 δὲ
1558 2297 1700 2350 κατὰ

119 2388 207 2439 τὸν
229 2386 415 2449 Δαυῒδ,
451 2387 571 2440 οὐδὲ
602 2386 665 2439 τὸ
694 2387 987 2440 πολλοστὸν
1026 2387 1264 2457 ἡμέρας.
1303 2388 1439 2458 Φησὶ
1471 2390 1577 2459 γὰρ
1606 2387 1702 2441 οὒ-

117 2495 242 2539 τως⁹
284 2498 301 2529 ι
338 2480 462 2533 Ὀτι
487 2479 634 2550 χίλια
660 2480 753 2550 ἔτη
784 2481 840 2531 ἑν
880 2480 1174 2549 ὀφθαλμοῖς
1204 2497 1317 2545 σου,
1347 2481 1540 2551 Κύριε,
1564 2482 1638 2546 ὼς
1671 2484 1705 2553 ἡ

117 2572 296 2641 ἡμέρα
325 2575 357 2642 ἡ
389 2572 512 2641 χθὲς
542 2574 663 2642 ἥτις
693 2573 873 2641 διῆλθε
905 2614 920 2638 ,
984 2574 1079 2626 καὶ
1105 2572 1318 2643 φυλακὴ
1369 2575 1428 2626 ὲν
1472 2574 1648 2626 νυκτί·
1680 2592 1700 2626 ι

117 2663 203 2714 διὰ
229 2663 330 2731 τῆς
359 2663 629 2731 φυλακῆς,
663 2664 724 2715 τὺ
759 2663 1097 2735 βραχύτατον
1121 2664 1216 2717 τοῦ
1257 2664 1574 2735 νυκτερινοῦ
1602 2681 1702 2718 κα-

119 2754 470 2822 ταστήματος
498 2754 692 2824 δηλῶν.
714 2754 806 2818 Εἰς
834 2755 1105 2825 τέσσαρας
1144 2756 1254 2826 γὰρ
1278 2755 1578 2827 φυλακάςή
1606 2756 1703 2821 νὺξ

118 2846 429 2915 διαιρεῖται,
463 2847 601 2913 εἴγε
640 2849 732 2899 καὶ
762 2849 791 2900 ό
811 2849 1016 2919 Κύριος
1052 2849 1289 2920 τετάρτῃ
1317 2848 1527 2921 φυλακῇ
1569 2852 1705 2921 πρὸς

118 2937 242 2997 τοὺς
280 2936 462 3005 ἱεροὺς
497 2937 862 3005 παραγίνεται
892 2939 1250 3002 ἀποστόλους.

119 3024 263 3092 apud
315 3025 517 3093 ipsum.
560 3022 671 3078 Aut
725 3026 906 3095 potius
990 3024 1147 3096 juxta
1196 3026 1366 3081 David
1427 3042 1605 3097 neque
1673 3029 1778 3083 diei
1810 3031 2191 3100 multiplicatio
2239 3038 2325 3083 est

1803 1932 2052 1986 nationis.
2113 1951 2131 1983 ι
2192 1932 2307 1985 Non
2364 1931 2537 1985 tardat
2600 1930 2880 1984 Dominus.
2954 1946 2973 1978 ›
3030 1926 3256 1996 Expleto
3317 1924 3383 1979 de

1804 2023 2280 2078 consummatione
2359 2038 2613 2077 sermone
2652 2063 2667 2087 ,
2757 2023 2904 2091 quod
2983 2021 3135 2082 erit,
3221 2020 3382 2087 idque

1804 2115 2123 2169 necessario
2199 2124 2255 2167 et
2328 2129 2424 2183 per
2500 2114 2726 2184 ignem,
2776 2127 2896 2181 quae
2960 2110 3140 2165 omnia
3210 2110 3382 2163 fusius

1804 2207 2263 2277 oxplanavimus,
2322 2207 2516 2260 transit
2572 2215 2628 2261 et
2684 2206 2751 2259 ad
2794 2204 3206 2275 productionem
3268 2202 3382 2255 sive

1810 2299 2132 2356 dilationem
2196 2300 2458 2369 temporis
2535 2316 2643 2368 quo
2719 2299 2956 2352 mundus
3036 2312 3385 2351 consumme-

1808 2401 1918 2456 tttr,
1970 2400 2024 2446 et
2081 2393 2211 2447 ait:
2261 2391 2382 2446 Non
2432 2391 2610 2447 tardat
2658 2391 2924 2445 Dominus
2971 2390 3061 2459 qui
3111 2390 3409 2459 promisit,.

1805 2481 1963 2553 553
2002 2484 2460 2553 quemadmodum
2512 2483 2760 2537 nonnulli
2821 2483 3127 2536 tarditatem
3180 2480 3373 2534 existi-

1805 2582 1975 2637 mant,
2008 2573 2101 2627 sed
2125 2573 2450 2643 longanimis
2480 2582 2580 2637 est,
2602 2581 2844 2627 nostram
2877 2583 3201 2640 exspectans
3239 2568 3385 2622 salu-

1808 2670 1942 2725 tem,
1973 2678 2077 2717 nec
2108 2664 2296 2717 volens
2343 2679 2443 2719 nos
2487 2665 2690 2734 perire,
2729 2664 2825 2718 sed
2870 2678 3061 2717 omnes
3092 2662 3159 2715 ad
3208 2661 3388 2731 pinni-

1810 2752 2042 2806 tentiam
2096 2755 2408 2809 accedere:
2453 2769 2575 2809 cum
2624 2769 2755 2808 sane
2789 2755 2835 2807 ei
2876 2753 2964 2824 qui
3008 2752 3250 2805 inﬁnitus
3304 2760 3389 2804 est

1815 2847 1872 2903 et
1911 2845 2164 2899 essentia!
2186 2845 2411 2916 pelagus
2447 2844 2971 2914 incircumscriptum
3000 2844 3134 2897 nihil
3165 2853 3390 2912 proten-

1814 2942 1995 3003 datur,
2021 2939 2115 2993 sed
2145 2938 2290 2993 mille
2316 2937 2444 2991 anni
2500 2938 2727 3007 perinde
2757 2948 2920 3006 atque
2941 2937 3057 2990 dies
3088 2951 3229 2989 unus
3278 2935 3391 2987 sint

2379 3048 2392 3085 :
2446 3029 2522 3083 ait
2570 3030 2717 3083 enim
2769 3028 2871 3082 hoc
2918 3027 3079 3082 modo
3121 3043 3137 3081 :
3177 3044 3196 3077 ι
3247 3023 3391 3079 Mille

118 3118 247 3170 anni
279 3117 331 3169 in
362 3116 539 3171 oculis
571 3117 698 3173 tuis.
731 3116 977 3179 Domine,
1018 3125 1275 3187 tanquam
1339 3119 1455 3172 dies
1497 3119 1752 3174 hesterna
1791 3138 1911 3190 qua:
1938 3122 2199 3191 praeteriit
2239 3131 2294 3177 et
2326 3121 2509 3192 vigilia
2554 3120 2605 3173 in
2638 3130 2805 3174 nocte
2826 3120 2871 3151 '°
2900 3139 2910 3172 :
2954 3138 2972 3170 ι
3016 3135 3113 3189 per
3153 3119 3391 3188 vigiliam

122 3210 438 3281 signiﬁcans
500 3210 875 3265 brevissimum
928 3211 1105 3266 noctis
1144 3212 1401 3281 spatium.
1442 3210 1555 3266 Nox
1608 3214 1753 3268 enim
1809 3216 1861 3268 in
1915 3225 2152 3286 quatuor
2208 3216 2421 3289 vigilias
2477 3213 2740 3269 dividitur

125 3304 396 3359 Dominus
421 3313 612 3372 quarta
644 3304 825 3373 vigilia
849 3303 997 3357 venit
1021 3303 1088 3358 ad
1122 3318 1305 3358 sacros
1332 3305 1605 3373 apostolos
1632 3306 1697 3362 ".

192 3400 366 3463 Ἥξει
393 3398 461 3451 δὲ
493 3400 529 3466 ἡ
560 3397 751 3466 ἡμέρα
769 3399 989 3465 Κυρίου
1018 3398 1098 3462 ὠς
1118 3398 1387 3466 κλέπτης
1411 3400 1479 3451 ὲν
1506 3400 1704 3465 νυκτὶ,
1733 3411 1775 3469 c

122 3492 189 3544 ὲν
205 3485 242 3562 ἦ
268 3492 324 3543 οι
358 3490 599 3553 οὐρανοὶ
619 3488 896 3557 ῥοιζηδὸν
917 3490 1421 3557 παρελεύσονται,
1439 3491 1712 3558 στοιχεῖα

123 3582 188 3635 δὲ
217 3583 610 3650 καυσούμενα
663 3581 1063 3648 λυθήσονται,
1108 3582 1208 3636 καὶ
1251 3582 1326 3652 γῆ
1373 3583 1470 3636 καὶ
1522 3585 1594 3636 τὰ
1642 3584 1713 3636 ἐν

126 3674 281 3742 ﬁant
330 3674 477 3741 ἔργα
511 3673 977 3739 κατακαήσεται.
1034 3674 1263 3727 Τούτων
1308 3668 1423 3728 οὖν
1471 3672 1714 3727 πάντων

124 3769 461 3835 λυομένων,
481 3765 792 3831 ποταποὺς
812 3766 907 3819 δεῖ
926 3766 1222 3835 ὑπάρχειν
1240 3766 1397 3835 ὑμᾶς
1428 3766 1497 3818 ἐν
1518 3766 1715 3834 ἁγίαις

125 3854 541 3924 ἀναστροφαῖς
572 3857 671 3907 καὶ
702 3858 1058 3921 εὐσεϐείαις,
1090 3855 1586 3924 προσδοκοῦντας
1613 3858 1710 3910 καὶ

126 3949 513 4013 σπεύδοντας
545 3946 660 4014 τὴν
699 3949 1046 4014 παρουσίαν
1086 3948 1200 4016 τῆς
1251 3948 1358 4001 τοῦ
1385 3947 1533 4002 Θεοῦ
1568 3946 1713 4016 ἠμέ-

128 4058 254 4105 ρας,
282 4040 358 4092 δι’
391 4039 471 4105 ἦν
511 4043 565 4094 οι
602 4041 847 4107 οὐρανοὶ
899 4042 1266 4108 πυρούμενοι
1315 4038 1712 4106 λυθήσονται,

130 4133 227 4185 καὶ
295 4128 573 4196 στοιχεῖα
622 4130 1011 4197 καυσούμενα
1053 4127 1323 4194 τήκεται·
1357 4126 1607 4192 καινοὺς
1648 4125 1717 4179 δὲ

128 4222 433 4288 οὐρανοὺς
484 4222 581 4274 καὶ
630 4219 749 4289 γῆν
792 4220 1012 4286 καινὴν
1060 4218 1209 4272 κατὰ
1260 4219 1324 4271 τὸ
1372 4217 1716 4295 dmin-8.1m

130 4310 323 4366 αὑτοῦ
349 4310 801 4380 προσδοκῶμεν,
830 4312 899 4365 ὲν
924 4306 1016 4376 οἷς
1045 4310 1403 4377 δικαιοσύνη
1434 4308 1715 4364 κατοικεῖ.

132 4406 209 4457 Δι’
250 4403 306 4467 ὃ,
342 4402 659 4471 ἀγαπητοὶ,
690 4402 877 4456 ταῦτα
909 4400 1363 4470 προσδοκῶντες
1384 4441 1399 4464 ,
1450 4399 1718 4454 σπουδὰ-

134 4512 283 4549 σατε
311 4495 568 4548 ἄσπιλοι
606 4496 707 4546 καὶ
752 4493 1054 4562 ἀμώμητοι
1101 4492 1263 4557 αὐτῷ
1296 4490 1621 4559 εὑρεθῆναι
1649 4492 1720 4545 ἐν

134 4586 373 4655 εἰρήνῃ,
424 4587 520 4639 καὶ
550 4585 664 4652 τὴν
710 4585 813 4639 τοῦ
846 4585 1066 4653 Kvpt'cv
1085 4583 1254 4652 ήμῶν
1281 4582 1713 4652 μακροθυμίαν,

136 4680 446 4746 σωτηρίαν
470 4678 734 4745 ᾐτεῖσθε.

206 4770 281 4822 Τὸ
317 4768 516 4837 ἄδηλον
541 4769 639 4836 τῆς
664 4768 857 4838 ἐφόδου
902 4767 1003 4837 τῆς
1031 4766 1126 4821 τοῦ
1166 4768 1371 4838 Κυρίου
1412 4764 1715 4836 παρουσίας
1750 4763 1792 4818 D

139 4860 231 4912 ul.
253 4860 315 4912 τὸ
336 4859 767 4929 ἀπροσδόκητον,
794 4859 881 4911 διὰ
909 4859 1001 4912 τοῦ
1034 4859 1267 4912 κλέπτου
1297 4862 1389 4913 καὶ
1412 4862 1508 4928 τῆς
1532 4859 1724 4921 νυκτὸς

140 4952 401 5022 ἐδήλωσε
451 4950 537 5004 διὰ
569 4950 669 5022 μὲν
695 4954 792 5020 τῆς
824 4955 1017 5013 νυκτος
1045 4952 1105 5003 τὸ
1136 4952 1331 5021 ἄδηλον
1353 4968 1366 4981 ο
1411 4952 1583 5021 ἄδηλα
1618 4951 1726 5018 γὰρ

142 5044 322 5095 πάντα
352 5042 419 5094 τὰ
460 5042 516 5093 ἰν
549 5042 722 5094 νυκτί·
755 5040 845 5092 διὰ
871 5040 925 5092 δὲ
946 5038 1040 5092 τοῦ
1074 5041 1328 5104 κλέπτου,
1364 5041 1430 5092 τὸ
1463 5039 1728 5110 ἀπροσδό-

140 5150 310 5202 κητον
340 5150 355 5162 ⁸
387 5133 564 5196 οὐδεὶς
608 5134 717 5203 γὰρ
751 5133 988 5202 κλέπτην
1018 5132 1333 5201 προσδοκῶν
1366 5132 1727 5201 κλαπήσεται,

140 5226 256 5279 ἀλλ’
296 5226 349 5278 οι
399 5225 798 5295 ἀπροσδόκητοι
850 5225 1049 5277 τούτου
1087 5225 1284 5276 ἐκεῖνοι
1335 5225 1727 5293 κλαπήσονται.

143 5318 233 5369 Διὸ
255 5316 351 5369 καὶ
384 5317 412 5368 ὁ
460 5315 659 5385 Κύριός
695 5333 881 5383 φησιν,
945 5316 1026 5368 ὃτι
1054 5315 1241 5384 ὥσπερ
1276 5315 1334 5369 ὲν
1356 5318 1475 5378 ταῖς
1500 5317 1732 5385 ἡμέραις

145 5408 240 5460 τοῦ
276 5408 403 5483 Νῶε
433 5402 575 5477 ἦσαν
595 5409 643 5459 οἱ
668 5408 962 5477 ἀνορωποι,
993 5404 1389 5476 εὐθυμούμενοι
1410 5407 1607 5475 γάμοις
1636 5407 1730 5459 καὶ

145 5502 355 5563 πότοις,
390 5500 490 5553 καὶ
515 5502 611 5569 τῆς
648 5498 945 5568 μελλούσης
973 5500 1169 5561 αὐτοὺς
1202 5498 1493 5552 ὑπολαϐεῖν
1526 5515 1732 5567 συμφοο

150 5593 249 5661 ρᾶς
277 5590 616 5660 ἀνεννόητοι,
658 5591 761 5654 ἓως
793 5591 821 5644 ό
851 5590 1235 5660 κατακλυσμὸς
1276 5592 1461 5653 αὐτοῖς
1499 5592 1725 5659 ἐπέστη,

232 5770 277 5801 ³⁸
299 5768 418 5822 Psal
465 5783 687 5826 usus.
711 5768 761 5821 4.
877 5768 917 5799 ³⁸
948 5766 1135 5821 Matth.
1173 5785 1283 5829 XIV,
1314 5770 1406 5821 ‘z-Lfi.

2790 3231 2802 3265 :
2853 3212 3290 3283 quandoquidem
3336 3220 3391 3266 ist

1884 3404 1974 3470 Ill,
2016 3404 2203 3462 10-14.
2247 3405 2423 3460 Veniet
2453 3415 2630 3459 autem
2660 3406 2771 3459 dies
2814 3404 3023 3458 Domini
3050 3405 3181 3456 sicut
3213 3405 3300 3472 fur
3338 3404 3393 3455 in

1813 3510 1981 3561 nocte,
2030 3515 2132 3567 quo
2186 3499 2299 3551 coeli
2348 3500 2635 3552 vehementi
2682 3501 2856 3551 sonitu
2906 3497 3200 3549 transibunt
3240 3511 3257 3548 :
3292 3497 3396 3547 clt-

1812 3601 1984 3641 menta
2030 3606 2149 3643 vero
2187 3592 2470 3643 aestuantia
2507 3591 2794 3652 solventur,
2825 3601 3066 3658 terraque
3107 3598 3154 3641 et
3198 3604 3312 3655 qua?
3342 3588 3395 3638 in

1812 3695 1873 3732 ea
1902 3690 2023 3732 sunt
2057 3697 2214 3749 opera
2250 3691 2557 3735 exurentur.
2591 3680 2720 3736 Cum
2746 3682 2911 3752 igitur
2944 3681 3052 3733 ha'c
3088 3679 3265 3731 omnia
3292 3678 3397 3729 sol—

1812 3781 2022 3836 vantur,
2048 3773 2230 3842 quales
2253 3782 2453 3841 oportet
2483 3788 2594 3825 esse
2617 3790 2703 3826 vos
2729 3774 2781 3825 in
2811 3774 3008 3825 sanctis
3038 3770 3397 3823 conversatio-

1814 3862 1985 3915 nibus'
2029 3880 2091 3916 ar.
2154 3864 2458 3933 pietatibus,
2498 3872 2859 3933 exspectantes
2926 3871 2974 3915 et
3046 3862 3398 3914 accelerantrs

1814 3956 2094 4009 adventum
2124 3958 2229 4009 diei
2263 3956 2378 4017 Dei,
2414 3972 2505 4023 per
2539 3971 2690 4018 quem
2722 3954 2836 4007 caeli
2878 3954 3075 4005 incensi
3111 3954 3396 4016 solventur,

1813 4058 1861 4101 et
1886 4048 2139 4101 elementa
2172 4049 2455 4102 a'stuantia
2487 4048 2787 4115 liquescant.
2821 4045 2922 4099 Sed
2960 4046 3111 4098 caelos
3150 4062 3303 4100 novos
3337 4064 3398 4099 ac

1815 4148 2013 4191 terram
2045 4153 2232 4191 novam
2261 4138 2421 4205 juxta
2457 4138 2715 4204 promissa
2738 4136 2900 4203 ipsius
2932 4146 3317 4203 exspectamus.
3347 4139 3401 4191 in

1814 4228 1997 4295 quibus
2016 4227 2227 4295 justitia
2259 4227 2545 4280 inhabitat.
2568 4228 2921 4296 Quapropter,
2944 4228 3142 4285 dilecti.
3166 4228 3276 4280 Ita'r
3307 4246 3402 4281 car—

1814 4325 2104 4384 spectantes
2128 4318 2250 4369 date
2275 4332 2486 4383 operam
2507 4324 2560 4368 ut
2588 4316 2914 4368 immaculati
2936 4326 2981 4368 et
3000 4316 3404 4368 incontaminati

1817 4407 1883 4460 ab
1924 4408 2019 4459 illo
2045 4408 2385 4475 reperiamini
2418 4409 2471 4459 in
2509 4422 2655 4475 pace,
2686 4406 2998 4475 Dominique
3025 4410 3190 4459 nostri
3219 4407 3404 4477 longa-

1818 4499 2133 4565 nimitatem,
2159 4498 2384 4553 salutem
2412 4499 2764 4552 arbitremini.

1897 4763 2345 4817 lncertitndinem
2380 4762 2650 4815 adventus
2693 4759 2903 4813 Domini
2941 4773 3191 4827 tanquam
3235 4758 3399 4812 insul.

1824 4868 1928 4920 tus,
1952 4872 2074 4910 cum
2104 4855 2325 4909 minime
2350 4854 2770 4923 exspectabitur,
2794 4867 2889 4922 per
2918 4852 3090 4905 furem
3119 4861 3172 4905 et
3192 4861 3405 4905 noctem

1824 4946 2147 5016 signiﬁcavit
2180 4965 2194 5000 :
2224 4962 2320 5014 per
2347 4954 2562 4998 noctetn
2596 4944 2838 5012 quidem.
2868 4952 3096 5011 propter
3128 4943 3407 4995 incertitu—

1828 5037 2011 5090 dinem
2061 5054 2073 5089 :
2123 5035 2326 5089 incerta
2384 5043 2512 5088 sunt
2564 5034 2709 5087 enim
2758 5046 3099 5102 qumcunque
3148 5033 3203 5085 in
3249 5043 3409 5086 nocte

1830 5136 1957 5181 sunt
1994 5146 2005 5180 :
2045 5143 2141 5197 per
2176 5127 2352 5180 furem
2388 5141 2535 5187 vero,
2569 5140 2632 5177 eo
2664 5128 2807 5192 quod
2845 5140 2952 5177 non
3006 5132 3353 5191 exspectetur
3392 5140 3405 5175 :

1831 5221 2009 5273 nullus
2032 5219 2174 5271 enim
2198 5218 2522 5287 expilztliitur
2549 5217 2639 5285 qui
2672 5215 2844 5269 furem
2873 5224 3169 5283 exspectet,
3191 5215 3283 5268 sed
3317 5215 3405 5282 qui

1832 5312 1975 5365 hunc
1995 5311 2217 5364 minime
2239 5318 2559 5378 exspectant
2585 5309 2682 5373 illi,
2704 5307 3107 5376 expilabuntnr.
3125 5305 3250 5361 ldeo
3271 5322 3411 5375 quo-

1828 5418 1933 5472 que
1985 5403 2060 5456 ait
2104 5402 2366 5455 Dominus
2409 5400 2553 5467 quod
2597 5400 2736 5454 sicut
2786 5400 2837 5450 in
2886 5398 3080 5451 diebus
3111 5396 3222 5451 Noe
3253 5408 3409 5451 erant

1833 5495 2087 5549 homines
2132 5494 2380 5547 laetantes
2427 5493 2480 5545 in
2528 5491 2731 5561 nuptiis
2774 5506 2839 5543 ac
2886 5490 3128 5559 poculis,
3167 5490 3413 5557 nihilque

1834 5589 2133 5658 cogitantes
2170 5587 2237 5641 de
2278 5586 2457 5640 futura
2494 5585 2799 5639 calamitate
2830 5600 2950 5653 qua:
2985 5584 3130 5653 ipsos
3163 5598 3411 5653 compre-
