4166 6448
733 334 839 395 623

1836 337 2235 399 (ΕΩΠΜΕΝΙΙ
2276 333 2571 394 ΤΒΙΟΟΕ
2611 335 2947 394 EPISCOPI

3872 336 3981 399 621

730 446 1103 514 corporaliter,
1125 443 1217 497 scd
1241 444 1480 514 perfecte
1499 450 1897 517 cognoscendo,
1929 459 2050 515 post
2080 450 2286 518 longua

2403 445 2678 516 εἰπούσης·
2718 466 2735 498 ι
2774 447 2911 512 Ἐγώ
2934 447 3045 510 εἰμι
3079 446 3109 514 ἡ
3139 444 3272 512 ζωή.
3308 462 3324 494 ι
3358 443 3645 507 Λελέξεται
3682 444 3778 496 καὶ
3805 444 3982 509 οὕτως

728 538 1048 592 exercitium
1071 545 1126 590 et
1154 537 1647 592 considerationem
1683 555 1843 608 :quze
1874 542 2036 592 etiam
2080 548 2298 593 contre-

727 629 892 684 ctatio
930 628 1070 682 dicta
1105 636 1187 682 est
1226 628 1293 683 de
1332 630 1497 683 verbo
1546 631 1693 693 vitae,
1744 645 1866 698 qua:
1899 630 2038 685 dixit
2073 647 2086 686 :
2123 650 2140 680 ι
2188 628 2298 699 Ego

723 735 842 775 sum
873 719 1063 773 Vita".
1105 737 1123 770 ι
1170 717 1376 775 Poterit
1405 730 1585 773 autem
1640 720 1744 775 hoc
1786 720 1949 774 etiam
1995 720 2156 774 modo
2186 717 2295 772 dici

721 811 787 865 de
826 810 1002 865 Verbo
1027 811 1169 879 quod
1193 819 1310 865 erat
1334 810 1387 862 in
1415 810 1684 880 principio
1709 828 1722 864 :
1750 812 1897 881 quod
1929 809 2171 866 vidilicet
2189 824 2289 861 au-

722 907 959 960 divimus
996 904 1171 973 ipsum
1204 917 1300 971 per
1347 902 1521 972 legem
1561 919 1626 958 ac
1658 905 1954 973 prophetas
1997 912 2289 956 venturum

719 1014 843 1052 esse
874 1014 888 1051 :
918 998 1021 1050 hoc
1050 997 1231 1065 itaque
1274 994 1535 1061 Verbum,
1569 1012 1691 1050 cum
1739 996 1979 1051 venisset
2013 1010 2137 1049 cum
2171 1010 2291 1049 cor-

720 1105 874 1160 pore,
908 1087 1196 1143 manifeste
1220 1088 1455 1143 vidimus
1500 1098 1556 1143 et
1591 1088 2051 1143 contrectavimus
2082 1107 2094 1141 :
2141 1107 2159 1139 ι
2188 1104 2290 1142 ηυ-

717 1183 846 1238 dum
877 1195 1110 1251 namque
1143 1180 1313 1235 Deum
1342 1194 1503 1234 nemo
1529 1180 1662 1234 vidit
1691 1195 1929 1250 unquam
1954 1180 2021 1236 “.
2062 1199 2080 1232 ι
2103 1178 2291 1248 Neque

716 1273 862 1327 enim
895 1281 1100 1327 temere
1120 1271 1456 1325 assensimus
1473 1272 1779 1341 apparenti,
1801 1272 1896 1326 sed
1926 1281 2049 1342 post
2071 1271 2287 1341 longam

716 1364 1227 1426 contrectationem,
1266 1362 1370 1416 hoc
1391 1369 1498 1425 est,
1525 1362 1928 1434 indagationem
1960 1362 2211 1433 legalium
2233 1369 2289 1416 et

715 1453 1157 1525 propheticorum
1198 1452 1266 1507 de
1307 1452 1426 1522 ipso
1456 1451 1915 1516 testimoniorum,
1953 1451 2287 1507 credidimus

723 1545 899 1601 Verbo
925 1546 980 1599 in
1014 1560 1176 1600 carne
1205 1544 1510 1615 apparenti.
1544 1544 1675 1608 Aut,
1697 1543 1850 1610 Quod
1884 1544 2285 1615 perspeximus,

717 1639 769 1694 id
796 1648 898 1704 est,
918 1638 1091 1693 oculis
1121 1638 1372 1692 videntes
1392 1636 1639 1692 admirati
1658 1652 1869 1692 sumus.
1886 1636 2125 1690 Θεᾶσθαι
2141 1635 2289 1691 enim

716 1738 803 1785 est
833 1746 955 1786 cum
985 1728 1343 1783 admiratione
1373 1712 1429 1783 et
1460 1735 1685 1796 stupore
1739 1727 1959 1782 intueri.
1989 1725 2109 1780 Non
2156 1742 2287 1795 ergo

715 1824 860 1893 quod
904 1831 1021 1877 erat
1065 1820 1443 1891 perspeximus
1487 1829 1583 1873 aut
1633 1819 2116 1884 contrectavimus,
2158 1832 2284 1871 nam

717 1915 883 1984 hujus
915 1913 1321 1986 generationem
1339 1912 1463 1981 quis
1493 1911 1809 1965 enarrabit?
1832 1910 1989 1981 561
2017 1910 2122 1965 Sed
2142 1909 2290 1978 quod

716 2005 921 2060 factum
977 2013 1059 2057 cst
1114 2021 1126 2055 :
1186 2012 1279 2057 aut
1333 2002 1861 2059 contrectationibns
1897 2001 2287 2072 intelligentiae,

716 2098 860 2152 sicut
879 2097 989 2165 jam
1014 2095 1220 2149 dictum
1238 2102 1340 2159 est,
1376 2101 1469 2147 aut
1497 2093 1660 2148 etiam
1692 2108 1914 2147 sensum
1940 2092 2291 2162 quemadmo.

718 2191 846 2245 dum
892 2188 1132 2243 Thomas
1178 2196 1300 2256 post
1348 2186 1812 2242 resurrectionem
1830 2187 1893 2240 δ’.
1948 2184 2098 2240 Unus
2140 2184 2291 2239 enim

716 2291 909 2337 eratet
945 2281 1232 2342 indivisus,
1267 2279 1409 2334 idem
1448 2288 1504 2333 et
1530 2278 1759 2333 visibilis
1792 2286 1848 2333 et
1887 2276 2199 2339 invisibilis,
2235 2286 2291 2330 et

716 2371 1091 2442 apprehensus
1136 2379 1191 2423 et
1237 2368 1328 2438 qui
1378 2383 1489 2422 non
1542 2366 1716 2437 possit
1766 2366 2183 2436 comprehendi,
2235 2371 2291 2418 et

716 2470 1087 2519 contrectatus
1110 2468 1166 2515 et
1204 2460 1297 2529 qui
1348 2459 1494 2528 tangi
1543 2473 1656 2512 non
1696 2458 1893 2528 possit,
1940 2464 1994 2511 et
2048 2456 2290 2509 humano

716 2571 867 2611 more
911 2554 1138 2623 loquens
1175 2562 1230 2607 et
1272 2560 1531 2620 tanquam
1568 2551 1709 2605 Deus
1744 2550 1950 2604 faciens
2000 2547 2283 2601 miracula.

717 2648 844 2702 llaec
867 2654 1048 2699 autem
1078 2651 1299 2714 propter
1319 2655 1587 2696 summam
1617 2639 1777 2693 Verbi
1799 2639 1867 2694 ad
1887 2654 2103 2693 carnem
2133 2639 2289 2692 unio-

716 2753 842 2792 nem
874 2736 1129 2790 dicimus.
1158 2733 1375 2788 Litterae
1404 2733 1576 2787 series
1604 2739 1687 2786 est
1709 2731 1826 2786 haec
1859 2747 1872 2784 :
1901 2730 2056 2796 Quod
2083 2737 2199 2785 erat
2220 2729 2289 2783 ab

716 2826 894 2891 initio,
927 2824 1073 2895 quod
1112 2822 1419 2877 audivimus
1451 2832 1506 2875 et
1537 2820 1771 2875 vidimus
1816 2827 1872 2873 et
1906 2817 2287 2890 perspeximus

717 2919 891 2974 oculis
923 2927 976 2971 et
1008 2930 1205 2981 manus
1244 2924 1445 2968 nostra:
1477 2919 1958 2968 contrectaverunt
1995 2912 2063 2965 de
2110 2910 2289 2964 Verbo

719 3014 865 3078 vitae,
897 3024 1017 3081 qua:
1046 3009 1154 3064 vita
1181 3005 1525 3061 manifestata
1553 3012 1657 3069 est,
1694 3018 1857 3073 quam
1890 3012 1946 3058 et
1971 3002 2207 3057 vidimus
2233 3010 2290 3058 et

717 3102 1076 3158 testiﬁcamur
1128 3107 1183 3154 et
1220 3097 1613 3152 annuntiamus
1660 3095 1816 3152 vobis
1863 3112 1876 3149 :
1920 3094 2052 3149 Dico
2104 3104 2285 3149 autem

716 3198 883 3253 vitam
914 3195 1296 3265 sempiternam
1331 3206 1451 3260 qua:
1488 3199 1573 3245 est
1610 3189 1753 3259 apud
1799 3189 2013 3244 Patrem
2047 3198 2101 3243 et
2132 3190 2290 3244 nobis

720 3287 1061 3344 manifestata
1095 3293 1210 3339 est:
1242 3282 1387 3353 quod
1416 3296 1545 3352 ergo
1573 3282 1828 3345 vidimus,
1855 3281 1959 3336 hoc
1990 3282 2153 3336 etiam
2188 3297 2289 3335 an-

717 3380 1036 3435 nuntiamus
1070 3375 1244 3431 vobis.
1291 3374 1387 3429 llic
1437 3374 1603 3444 igitur
1647 3372 1943 3442 respondet
1976 3388 2157 3427 sermo
2195 3373 2288 3427 ubi

717 3470 934 3535 dicitur,
968 3466 1122 3534 Quod
1146 3479 1278 3536 ergo
1306 3464 1559 3520 vidimus.
1590 3463 1708 3518 Non
1736 3465 1809 3518 ita
1843 3473 2025 3519 autem
2062 3479 2288 3519 sermo-

718 3580 843 3619 nem
888 3561 1071 3616 retulit
1113 3556 1571 3630 quemadmodum
1600 3571 1699 3611 nos
1736 3574 1749 3609 :
1800 3557 2037 3624 primum
2064 3555 2286 3624 quidem

717 3664 942 3726 propter
972 3668 1131 3708 usum
1170 3650 1470 3706 abbreviati
1500 3648 1675 3715 verbi,
1712 3648 1909 3704 deinde
1938 3648 2099 3702 etiam
2137 3647 2285 3703 Grae-

716 3764 904 3804 corum
933 3761 1104 3817 nugas
1132 3754 1511 3806 contemnens,
1548 3751 1602 3794 et
1646 3741 1942 3795 ostendens
1983 3740 2129 3810 ιιυοᾶ
2174 3755 2281 3794 non

717 3842 769 3892 in
801 3837 984 3892 verbis
1013 3837 1083 3890 sit
1105 3843 1291 3888 nostra
1312 3833 1478 3895 salus,
1514 3830 1607 3884 sed
1638 3830 1692 3884 in
1723 3830 2001 3899 Operibus,
2032 3839 2089 3883 et
2124 3829 2177 3883 in
2203 3829 2285 3883 bis

716 3944 816 3984 nos
848 3927 1019 3998 magis
1049 3932 1291 3979 attentos
1317 3921 1577 3986 elllciens,
1600 3933 1669 3972 ne
1694 3918 1893 3972 ibidem
1922 3920 2103 3971 statim
2135 3933 2283 3987 repe-

716 4018 919 4073 rientes
987 4014 1133 4084 quod
1194 4010 1535 4082 proponitur,
1604 4008 2026 4079 negligentiores
2088 4010 2278 4063 simus.

717 4109 989 4163 Prmterea
1017 4106 1199 4160 divina
1228 4111 1489 4165 tractans,
1532 4099 1866 4153 obscuritate
1897 4099 2069 4153 voluit
2096 4102 2284 4154 occul-

2404 539 2654 610 περὶτοῦ
2692 542 2748 591 ἐν
2795 540 2935 609 ἀρχῇ
2988 538 3141 599 ὄντος
3186 536 3384 603 Λόγου,
3420 537 3503 589 ὅτι
3538 536 3857 605 ἀκηκόαμεν
3890 536 3983 589 διὰ

2402 630 2494 684 τοῦ
2527 633 2691 703 νόμου
2721 632 2884 685 αὑτὸν
2930 634 3024 686 καὶ
3069 631 3177 684 τῶν
3209 630 3528 701 προφητῶν,
3564 631 3639 693 ὡς
3670 629 3975 683 ἐλεύσεται.

2401 722 2603 776 Τοῦτον
2628 719 2719 777 οὗν
2751 722 2975 777 ἐλθόντα
3008 723 3145 793 μετὰ
3187 723 3438 792 σώματος
3463 721 3723 790 ἐμφανῶς
3763 723 3979 791 εἴδομεν

2400 813 2497 868 καὶ
2526 813 2980 883 ἐψηλαφήσσμεν.
3022 830 3041 864 ι
3072 814 3282 882 Γυμνὸν
3321 812 3431 883 γὰρ
3480 812 3611 864 Θεὸν
3643 812 3819 873 οὐδεὶς
3867 812 3977 864 ἐώ-

2402 922 2537 975 ρακε
2568 904 2808 958 πώποτε.
2839 922 2857 957 ι
2893 905 2967 958 Ού
2995 904 3104 972 γάρ
3131 904 3204 966 ὼς
3237 902 3392 972 ἔτυχε
3425 904 3874 972 συγκατεθέμεθα
3895 904 3974 971 τῷ

2397 996 2637 1064 ὀφθέντι,
2671 996 2805 1050 ἀλλά
2829 997 2965 1064 μετά
2998 995 3198 1065 πολλὴν
3227 995 3562 1068 ψηλάφησιν,
3582 997 3850 1061 τουτέστι,
3882 1014 3975 1048 συ-

2398 1088 2625 1160 ζήτησιν
2654 1088 2763 1142 τῶν
2806 1088 3049 1157 νομικῶν
3078 1106 3136 1140 τε
3177 1090 3272 1142 καὶ
3310 1089 3660 1160 προσητικῶν
3690 1090 3819 1158 περὶ
3847 1090 3973 1141 τού-

2396 1196 2490 1231 του
2559 1178 2895 1250 μαρτυριῶν,
2947 1179 3352 1248 ἐπιστεύσαμεν
3410 1179 3486 1249 τῷ
3536 1179 3752 1246 ὀφθέντι
3809 1184 3976 1249 σαρκὶ

2394 1270 2572 1340 Λόγῳ.
2606 1271 2677 1324 Ἢ
2700 1271 2858 1338 τὺ,⁹0
2876 1269 3243 1340 ἐθεασάμεθα,
3278 1272 3401 1324 ἀντὶ
3424 1271 3617 1338 τοῦ,Ὂ
3638 1274 3836 1336 ἰδόντες
3862 1275 3975 1336 τοῖς

2393 1361 2693 1431 ὀφθαλμοῖς
2715 1362 3167 1432 τεθαυμάκαμεν.
3201 1361 3454 1419 Θεᾶσθαι
3475 1364 3582 1433 γάρ
3611 1366 3727 1417 ἐστι
3748 1366 3808 1417 τὸ
3833 1364 3975 1434 μετά

2394 1452 2675 1522 θαύματος
2706 1453 2803 1506 καὶ
2841 1451 3084 1523 θάμϐους
3117 1454 3419 1523 ὁρᾷποὺχ
3453 1456 3481 1507 ὃ
3514 1452 3605 1509 οὖν
3640 1452 3708 1526 ἦν
3739 1456 3972 1510 ἐθεασά-

2395 1543 2535 1615 μεθα
2572 1542 2607 1612 ἢ
2651 1542 3118 1614 ἐιῖιηλαιρήσαμιιν⁹
3162 1542 3354 1597 τούτου
3393 1545 3499 1616 γὰρ
3539 1546 3636 1616 τὴν
3667 1548 3863 1613 γενεάν
3891 1548 3973 1610 τίς

2390 1636 2710 1705 διηγήσεται
2728 1652 2742 1700 ς
2761 1634 2873 1687 ἀλλ’
2895 1634 2923 1687 ὂ
2942 1634 3187 1703 γέγονεν,
3212 1635 3331 1705 ἦτοι
3358 1640 3686 1703 γνωστικαῖς
3708 1641 3970 1706 ἐπαφαῖς,

2391 1726 2465 1788 ὡς
2487 1727 2701 1796 εἴρηται
2726 1726 2897 1796 ἧδη,ῆ
2930 1726 3024 1780 καὶ
3049 1726 3356 1804 αἰσθηταῖς,
3386 1727 3461 1791 ὡς
3484 1729 3577 1781 καὶ
3602 1729 3805 1799 Θωμᾶς
3836 1731 3973 1798 μετά

2321 1814 2362 1873 Β
2391 1816 2489 1886 τὴν
2518 1818 2839 1872 ἀνάστασιν.
2879 1814 2974 1880 Εἷς
3005 1820 3112 1888 γὰρ
3139 1814 3207 1889 ἦν
3236 1820 3330 1872 καὶ
3362 1820 3689 1891 ἀδιαίρετος.
3730 1823 3787 1875 Ὀ
3813 1823 3972 1885 αὐτὸς

2391 1912 2488 1963 καὶ
2538 1910 2730 1973 θεατὸς
2786 1912 2883 1963 καὶ
2921 1911 3174 1977 ἀθέατος,
3210 1911 3304 1965 καὶ
3341 1916 3714 1982 κρατούμενος
3748 1920 3843 1968 καὶ
3901 1918 3971 1986 μὴ

2392 1999 2915 2071 περιδρασσόμενος,
2965 2003 3060 2054 καὶ
3110 2005 3321 2073 ἀναφὴς
3352 2006 3445 2057 καὶ
3501 2005 3843 2076 ψηλαφητδς,
3883 2009 3973 2060 καὶ

2393 2090 2756 2160 ἀνθρωπίνως
2793 2092 3186 2163 φθεγγόμενος,
3220 2096 3314 2148 καὶ
3345 2096 3419 2159 ὡς
3455 2096 3588 2161 Θεὸς
3633 2100 3879 2169 ἐνεργῶν
3910 2104 3971 2153 τά

2393 2181 2669 2252 θαύματα.
2694 2184 2863 2237 Τοῦτο
2893 2184 2948 2236 δὲ
2976 2185 3064 2238 διὰ
3093 2188 3192 2256 την
3216 2187 3393 2257 ἄκραν
3426 2190 3653 2259 ἑνότητα
3678 2192 3773 2244 τοῦ
3799 2194 3969 2258 Λόγου

2391 2273 2530 2344 πρὸς
2555 2274 2651 2345 τὴν
2682 2275 2860 2347 σάρκα
2899 2277 3102 2346 φαμέν.
3140 2278 3213 2331 Τὸ
3234 2280 3361 2351 ἑξῆς
3388 2297 3403 2312 ο
3440 2284 3504 2335 Ὃ
3539 2278 3606 2350 ἦν
3641 2284 3736 2337 ἀπ’
3772 2286 3967 2355 ἀρχῆς.

2392 2367 2420 2419 ὃ
2455 2368 2777 2438 ἀκηκόαμεν
2834 2369 2930 2422 καὶ
2984 2371 3309 2442 ἑωράκαμεν
3337 2377 3432 2427 καὶ
3459 2375 3808 2446 ἐθεασάμεθα
3861 2383 3973 2440 τοῖς

2391 2458 2692 2528 ὀφθαλμοῖς
2721 2459 2899 2528 ἡμῶν,
2932 2461 3028 2514 καὶ
3079 2464 3135 2516 αἱ
3183 2466 3365 2533 χεῖρες
3408 2466 3566 2535 ἡμῶν
3611 2467 3973 2537 ἐψηλάφησαν

2392 2549 2644 2620 περὶτοῦ
2694 2551 2871 2619 Λόγου
2916 2553 3017 2621 τῆς
3052 2554 3241 2625 ζωῆς,
3294 2559 3416 2626 ἣτις
3466 2560 3577 2630 ζωὴ
3626 2562 3968 2631 ἐφανερώθη,

2392 2644 2459 2713 ἣν
2498 2646 2594 2696 καὶ
2640 2644 2971 2714 ἑωράκαμεν
3011 2647 3107 2700 καὶ
3150 2649 3536 2719 μαρτυροῦμεν
3568 2652 3661 2703 καὶ
3692 2654 3972 2721 ἀπαγγέλ-

2390 2734 2558 2803 λομεν
2584 2736 2735 2804 ὑμΐν,
2760 2736 2907 2805 λέγω
2932 2736 2991 2790 δὲ
3022 2738 3123 2807 τὴν
3150 2739 3293 2807 ζωὴν
3314 2741 3413 2810 τὴν
3444 2740 3681 2807 αἰώνιον,
3708 2745 3830 2812 ἣτις
3854 2746 3972 2798 ἔστι

2390 2827 2528 2898 πρὸς
2566 2828 2660 2881 τὸν
2706 2828 2950 2898 Πατέρα,
2996 2830 3089 2883 καὶ
3136 2831 3456 2903 ἐφανερώθη
3496 2834 3648 2903 ἡμῖν.
3692 2838 3759 2889 ’Ὀ
3789 2836 3970 2889 τοίνυν

2388 2918 2742 2988 ἑωράκαμεν,
2768 2920 2925 2973 τοῦτο
2952 2923 3045 2974 καὶ
3072 2924 3491 2994 ἀπαγγέλλομεν
3520 2927 3666 2995 ὑμῖν.
3703 2927 3969 2981 Ἐνταῦθα

2389 3011 2569 3065 τοίνυν
2595 3012 2744 3064 ἐστὶν
2766 3013 2797 3079 ἡ
2818 3012 3095 3079 ἀπόδοσις,
3120 3015 3178 3066 ἐν
3204 3013 3381 3083 τῷ.⁶0
3410 3016 3587 3070 τοίνυν
3618 3018 3967 3089 ἑωράκαμεν.

2318 3146 2361 3205 C
2391 3104 2503 3171 Οὐχ
2535 3101 2678 3156 οὕτω
2701 3102 2756 3155 δὲ
2774 3104 3070 3174 ἐποιήσατο
3093 3105 3191 3176 τὴν
3209 3106 3552 3175 ἀπαγγελίαν
3574 3108 3721 3161 ὥστε
3731 3128 3764 3179 ρ
3786 3113 3967 3181 task,

2394 3196 2613 3266 πρῶτον
2648 3194 2748 3265 μέν
2771 3195 2860 3249 διὰ
2889 3195 2987 3266 τὴν
3014 3195 3109 3250 τοῦ
3144 3198 3586 3268 συντετμημένου
3642 3200 3802 3270 λόγου
3839 3203 3971 3273 χρῆ-

2395 3302 2504 3348 σιν,
2569 3284 2762 3339 ἔπειτα
2820 3286 2878 3339 δὲ
2936 3289 3033 3340 καὶ
3080 3288 3180 3358 τὴν
3237 3290 3556 3361 Ἑλληνικὴν
3648 3294 3970 3365 ἐρεσχιλίαν

2392 3377 2702 3446 ἀτιμάζων,
2735 3379 2830 3431 καὶ
2856 3378 3070 3442 δεικνὺς
3097 3379 3171 3443 ὡς
3211 3381 3312 3434 ούκ
3345 3385 3406 3435 ἐν
3435 3383 3612 3451 λόγοις
3640 3388 3675 3455 ἡ
3720 3389 3967 3458 σωτηρία

2393 3468 2572 3537 ἡμῶν,
2608 3467 2723 3521 ἀλλ’
2753 3469 2812 3522 ἐν
2848 3469 3052 3538 ἔργοις.
3095 3471 3203 3523 Καὶ
3242 3472 3337 3526 ἐπὶ
3363 3473 3576 3538 τούτοις
3609 3476 3971 3531 ἐπιστατικω-

2392 3560 2582 3631 τέρους
2626 3560 2773 3629 ἡμᾶς
2823 3561 3209 3631 ἐργαςόμενος,
3239 3563 3324 3617 ἵνα
3372 3565 3447 3635 μὴ
3493 3567 3719 3619 αὐτόθεν
3748 3570 3969 3639 προχεί-

2395 3667 2503 3721 ρως
2557 3649 2899 3719 εὑρίσκοντες
2950 3651 3012 3703 τὸ
3044 3653 3425 3723 προκείμενον.
3461 3658 3805 3728 ὐπτιὼμεθα.
3841 3662 3967 3712 Ἀλ-

2392 3742 2501 3803 λως
2530 3757 2588 3794 τε
2642 3744 2737 3794 καὶ
2791 3742 3057 3810 θεολογῶν
3083 3744 3345 3817 ἐϐουλήθη
3382 3749 3620 3819 ἀσαφείᾳ
3651 3751 3858 3819 κρύψαι
3896 3754 3967 3805 ea

2398 3829 2641 3901 βεϐήλων
2673 3831 2923 3901 ἀνώτερα
2963 3834 3162 3899 ἀκοῶν,
3195 3836 3289 3889 καὶ
3334 3837 3409 3905 μὴ
3461 3839 3528 3890 ἂν
3575 3841 3835 3906 ἀσφαλῶς
3866 3843 3965 3894 αύ-

2393 3923 2511 3984 ταϊς
2548 3921 2775 3992 ἐκφορά.
2818 3923 2891 3975 Τὸ
2921 3923 3027 3993 γάρ
3059 3924 3271 3993 βάλλειν
3308 3928 3375 3979 τά
3401 3930 3529 3995 ἅγια
3552 3932 3665 3993 τοῖς
3698 3933 3846 3995 κυσὶ,
3870 3933 3967 3985 καὶ

2396 4014 2608 4083 ῥίπτειν
2634 4013 2761 4076 τοὺς
2792 4016 3135 4084 μαργαρίτας
3182 4017 3490 4087 ἔμπροσθεν
3520 4021 3629 4073 τῶν
3654 4024 3873 4092 χοίρων,
3902 4026 3963 4076 ού

2397 4103 2671 4173 σώφρονος
2699 4103 2984 4173 λογισμοῦ,
3014 4107 3113 4159 οὐκ
3140 4109 3352 4178 ἀνδρός.

716 4212 833 4257 tare
858 4213 979 4269 qua:
1025 4196 1340 4251 sublimiora
1386 4201 1544 4247 erant
1592 4205 1754 4260 quam
1787 4200 1844 4245 ut
1896 4192 2135 4260 profanm
2168 4192 2375 4248 ferrent
2432 4211 2613 4259 aures,
2655 4211 2759 4249 nec
2796 4206 2911 4250 tuto
2949 4197 3080 4266 ipsis
3145 4202 3539 4271 promulganda
3617 4212 3764 4259 sunt.
3822 4206 3959 4262 Nam

715 4304 902 4351 sancta
946 4291 1213 4362 projicere
1268 4286 1517 4352 canibus,
1564 4295 1621 4340 et
1673 4297 1929 4355 spargere
1967 4285 2284 4355 margaritas
2326 4302 2507 4342 coram
2528 4289 2707 4357 porcis
2725 4287 2923 4352 ",nou
2951 4289 3235 4359 prudentis
3252 4293 3351 4347 viri
3379 4303 3484 4359 est,
3548 4310 3651 4352 nec
3710 4297 3962 4354 discreta;

716 4385 1194 4447 cunsiderationis.

751 4550 788 4612 1,
806 4550 916 4604 2-7.
933 4547 1001 4602 Ει
1019 4545 1401 4600 annuntiamus
1421 4542 1558 4595 vobis
1570 4542 1732 4595 vitam
1748 4550 1944 4596 (eterna
1954 4558 2022 4605 m,
2044 4558 2158 4612 qua'
2174 4553 2285 4595 erat

2463 4547 2566 4601 Kal
2588 4547 3044 4615 ἀπαγγέλῖομεν
3070 4548 3213 4617 ὑμῖν
3241 4547 3355 4614 τὴν
3374 4548 3529 4615 ζωὴν
3554 4548 3671 4617 τὴν
3694 4548 3958 4617 αιώνιον,

717 4643 861 4712 apud
887 4640 1121 4702 Patrem,
1154 4647 1201 4691 et
1219 4637 1364 4689 nobis
1397 4637 1735 4706 manifestata
1764 4644 1858 4688 est.
1891 4632 2039 4697 Quod
2063 4636 2286 4687 vidimus

716 4744 766 4789 et
804 4733 1121 4793 audivimus,
1144 4730 1521 4781 annuntiamus
1541 4727 1698 4789 vobis,
1719 4735 1773 4778 ut
1797 4735 1844 4779 et
1867 4741 1951 4779 vos
1984 4726 2285 4778 societatem

716 4824 953 4877 habeatis
989 4820 1278 4881 nobiscum,
1319 4827 1367 4871 et
1393 4820 1612 4870 societas
1648 4825 1831 4869 nostra
1872 4816 1940 4868 sit
1968 4832 2085 4868 cum
2120 4814 2285 4868 Patre

714 4922 763 4967 et
798 4912 938 4965 Filio
968 4910 1081 4979 ejus
1103 4908 1226 4962 Jesu
1254 4907 1477 4963 Christo.
1506 4907 1697 4959 Etluec
1726 4907 1998 4958 scribimus
2029 4906 2191 4968 vobis,
2228 4914 2285 4956 ut

716 5004 968 5077 gaudium
998 5011 1224 5055 vestrum
1261 5002 1328 5054 sit
1369 5000 1607 5070 plenum.
1644 4997 1710 5051 Et
1740 4998 1851 5051 liam
1893 5006 1969 5050 est
2008 4998 2285 5065 promissio

716 5111 878 5164 quam
896 5094 1190 5144 audivimus
1209 5107 1271 5144 ea:
1298 5091 1441 5158 ipso;
1472 5098 1521 5141 et
1551 5087 1931 5139 aununtiamus
1960 5086 2122 5148 vobis,
2148 5086 2284 5154 quod

717 5186 857 5239 Deus
894 5184 985 5237 lux
1011 5192 1107 5248 est,
1153 5192 1200 5235 et
1254 5182 1477 5234 tenebrae
1525 5181 1580 5233 in
1626 5195 1684 5233 eo
1726 5194 1827 5231 non
1874 5188 1995 5232 sunt
2031 5178 2175 5233 ulla.
2223 5175 2281 5230 Si

715 5276 1000 5329 dixerimus
1043 5274 1180 5342 quod
1208 5272 1506 5325 societatem
1538 5265 1782 5322 habemus
1814 5283 1932 5320 cum
1966 5284 2023 5321 eo
2053 5278 2099 5320 et
2128 5268 2181 5319 in
2213 5276 2280 5319 te-

711 5367 881 5421 nebris
910 5364 1263 5427 ambulamus,
1297 5364 1598 5420 mentimur.
1631 5369 1679 5414 et
1708 5362 1979 5414 veritatem
2012 5376 2113 5412 non
2145 5361 2277 5429 faci—

711 5473 847 5510 mus.
879 5456 1028 5519 Quod
1069 5455 1114 5508 si
1151 5455 1208 5507 in
1238 5453 1350 5507 luce
1392 5452 1745 5516 ambulamus,
1790 5453 1925 5505 sicut
1971 5452 2079 5518 ipse
2118 5461 2190 5503 est
2222 5452 2273 5504 in

709 5550 841 5609 luce.
875 5550 1173 5601 societatem
1203 5546 1451 5599 habemus
1482 5546 1616 5597 inter
1656 5560 1745 5597 nos
1799 5554 2056 5606 mutuam,
2115 5542 2274 5613 532

2386 4634 2516 4701 ἥτις
2566 4631 2645 4700 ἦν
2703 4635 2851 4701 πρὸς
2884 4638 2991 4687 τὸν
3014 4637 3264 4700 Πατέρα,
3300 4637 3397 4688 καὶ
3428 4638 3768 4705 ἐφανερώθη
3791 4641 3958 4707 ἡμῖν.

2390 4726 2457 4775 Ὃ
2490 4723 2832 4791 ἑωράκαμεν
2888 4725 2986 4777 καὶ
3046 4726 3424 4794 ἀκηκόαμεν,
3493 4728 3959 4797 ἀπαγγέλλομεν

2382 4813 2545 4882 ὑμῖν,
2583 4813 2684 4866 ἵνα
2723 4814 2822 4866 καί
2853 4814 3020 4882 ὑμεῖς
3050 4819 3370 4867 κοινωνίαν
3398 4817 3575 4885 ἔχητε
3597 4822 3723 4885 μεθ’
3757 4822 3955 4888 ἡμῶν.

2386 4904 2495 4958 Kal
2526 4905 2564 4972 ἠ
2598 4906 2879 4957 κοινωνία
2904 4904 2971 4957 δὲ
3001 4907 3038 4971 ἡ
3074 4906 3327 4974 ἡμετέρα
3374 4909 3525 4973 μετὰ
3572 4910 3679 4963 τοῦ
3728 4916 3961 4981 Πατριις

2388 4996 2486 5048 καί
2545 4996 2696 5063 μετὰ
2743 4994 2850 5048 τοῦ
2918 4996 3054 5050 Υίοῦ
3076 4998 3287 5066 αὑτοῦ,
3305 5000 3507 5065 Ἰησοῦ
3536 5002 3816 5066 Χριστοῦ.
3842 5007 3958 5059 Καὶ

2386 5087 2576 5141 ταῦτα
2596 5085 2900 5155 γράφομεν
2957 5088 3121 5155 ὑμῖν,
3177 5091 3277 5143 ἵνα
3316 5092 3353 5157 ἠ
3400 5094 3553 5160 καρὰ
3582 5095 3747 5162 ὑμῶν
3776 5093 3814 5167 ᾖ
3844 5114 3952 5151 πε-

2386 5176 2762 5246 πληρωμένη.
2809 5179 2920 5231 Kal
2968 5180 3139 5233 ἔστιν
3179 5181 3331 5247 αῦτη
3380 5183 3416 5249 ἡ
3467 5184 3816 5253 ἐπαγγελία,
3882 5191 3960 5254 ἦν

2382 5269 2725 5337 ἀκηκόαμεν
2789 5269 2889 5323 ἀπ’
2921 5271 3130 5323 αὑτοῦ·
3171 5272 3269 5323 καὶ
3300 5274 3757 5345 ἀναγγέλλομεν
3791 5281 3958 5347 ὑμῖν,

2384 5356 2473 5409 ὅτι
2502 5358 2536 5410 ὁ
2588 5356 2730 5419 Θεὸς
2795 5355 2922 5424 φῶς
2984 5358 3136 5421 ἐστι,
3183 5358 3279 5411 aral
3312 5362 3524 5413 σκοτία
3552 5362 3623 5415 ἐν
3650 5363 3813 5428 αὐτῷ
3847 5369 3957 5418 οὐκ

2380 5447 2548 5499 ἐστιν
2578 5444 2837 5513 οὐδεμία.
2883 5447 3026 5499 Ἐὰν
3053 5447 3311 5516 εἴπωμεν
3338 5448 3423 5501 ὅτι
3445 5455 3768 5504 κοινωνίαν
3823 5454 3959 5522 ἔχο-

2378 5553 2492 5605 μεν
2528 5535 2656 5605 μετ’
2684 5537 2891 5601 αὐτοῦ,
2936 5540 3033 5591 καὶ
3054 5540 3124 5592 ἐν
3154 5537 3231 5603 τῷ
3269 5543 3469 5597 σκότει
3515 5545 3955 5617 περιπατῶμεν,

814 5764 859 5795 ⁴ο
888 5763 1045 5820 Joan.
1089 5780 1199 5829 xw,
1231 5764 1283 5821 6.
1340 5767 1378 5796 δ’
1412 5763 1571 5817 Joan.
1617 5779 1653 5825 ι,
1682 5762 1747 5816 18
1769 5771 1823 5817 et
1868 5762 1884 5815 l
1919 5761 2075 5815 Joan.
2137 5776 2209 5825 Iv,
2258 5761 2340 5813 19..
2420 5763 2463 5793 δ’
2490 5763 2648 5817 Joan.
2680 5782 2767 5826 xx,
2804 5766 2893 5821 26.
2977 5769 3018 5799 ⁸³
3042 5767 3233 5821 Matth.
3267 5782 3360 5831 \‘ll,
3392 5769 3445 5822 6.
