4166 6448
690 400 794 461 63l

1752 399 2145 463 (ECUMENII
2170 396 2465 458 ΤΒΙΟΕίΕ
2505 398 2844 459 EPISCOl'I

3831 393 3945 459 63?.

691 526 943 570 testatein
997 517 1303 573 remittendi
1371 527 1588 589 peccata
1628 519 1935 573 ostenderat
1994 518 2048 570 in
2089 529 2248 584 para-

2360 515 2630 585 μαθηταῖς
2674 517 2830 569 τοῦτο
2863 516 2984 577 δοὺς
3005 516 3063 567 τδ
3094 515 3309 584 ἀφιέναι
3335 515 3607 584 ἁμαρτίας
3657 514 3944 579 ἐνέφηνεν,

691 609 854 678 lytico
875 610 942 663 ".
982 610 1075 664 sed
1094 618 1151 665 et
1176 610 1457 682 discipulis
1478 609 1653 665 dando
1674 618 1733 663 ut
1756 617 1980 678 peccata
2013 608 2259 663 remitte-

692 709 833 766 rent,
870 701 1109 757 ostendit
1144 703 1287 773 quod
1314 719 1407 757 sua
1449 709 1718 772 potestate
1750 703 1853 757 hoc
1879 702 2147 756 tribueret
2188 700 2255 755 ".

697 792 893 848 Verum
928 804 991 850 ut
1021 794 1257 850 diximus
1281 804 1376 850 aut
1402 795 1798 866 dispensatorie
1821 796 1923 850 lioc
1945 793 2076 849 dicit
2111 809 2259 848 nunc

689 884 1003 956 Apostolus,
1038 896 1132 941 aut
1175 888 1472 944 ostendens
1516 887 1761 943 eamdem
1792 886 1911 940 Filii
1943 901 2067 941 cum
2097 886 2256 940 Patre

688 981 940 1029 naturam
971 977 1328 1047 eamdemque
1374 975 1690 1045 potentiam,
1725 986 1781 1028 et
1808 974 1950 1043 quod
1993 973 2254 1044 quidquid

689 1060 899 1118 faceret
947 1079 1055 1119 una
1112 1066 1279 1120 trium
1324 1075 1633 1120 sanctarum
1683 1079 2064 1135 personarum,
2097 1062 2260 1134 566

691 1167 977 1210 commune
1009 1164 1157 1211 esset
1183 1165 1239 1211 et
1266 1156 1507 1225 reliquis.
1550 1175 1568 1208 ι
1601 1157 1668 1211 Et
1696 1172 1793 1226 per
1827 1156 1933 1211 hoc
1976 1155 2259 1225 cognosci-

690 1258 830 1297 mus.
864 1264 882 1295 ι
907 1243 1043 1300 Cum
1072 1246 1127 1300 in
1152 1247 1523 1316 superioribus
1544 1247 1768 1303 dixisset
1785 1262 1879 1302 eos
1893 1246 1985 1315 qui
2003 1247 2056 1300 in
2080 1245 2258 1300 Domi-

689 1349 821 1389 num
874 1337 1223 1392 crediderunt
1271 1339 1584 1394 societatem
1628 1338 1826 1393 habere
1858 1338 1926 1393 ad
1958 1338 2159 1408 ipsum,
2195 1353 2256 1392 ea

691 1439 840 1478 nunc
886 1425 1138 1493 proponit
1184 1441 1305 1495 quae
1340 1428 1657 1482 societatem
1700 1442 1829 1497 erga
1861 1427 2013 1481 illum
2054 1424 2259 1480 conﬁr-

690 1525 860 1579 mant,
888 1525 942 1570 et
970 1518 1045 1570 ait
1072 1534 1085 1570 :
1109 1517 1177 1571 Et
1205 1534 1303 1589 per
1322 1520 1425 1573 hoc
1449 1518 1825 1589 cognoscimus
1840 1518 1983 1587 quod
2011 1532 2135 1571 eum
2163 1533 2259 1570 no-

690 1606 948 1660 verimus.
983 1606 1135 1662 Solet
1158 1609 1248 1663 hic
1284 1609 1502 1663 divinus
1527 1610 1610 1662 vir
1633 1609 1901 1663 similibus
1921 1608 2259 1663 dictionibus

690 1698 881 1752 eodem
905 1700 1068 1755 modo
1108 1700 1418 1770 frequenter
1454 1702 1531 1756 uti
1566 1700 2062 1771 :quemadmodum
2096 1698 2259 1753 etiam

692 1790 821 1845 dum
880 1793 955 1846 ait
982 1812 994 1845 :
1039 1812 1057 1845 ι
1090 1794 1150 1848 In
1180 1794 1387 1849 mundo
1413 1802 1548 1856 erat,
1575 1803 1630 1849 et
1662 1794 1899 1848 mundus
1933 1808 2031 1864 per
2076 1791 2256 1862 ipsum

690 1882 867 1938 fartus
912 1894 1014 1951 est,
1054 1894 1109 1941 et
1150 1886 1388 1941 mundus
1430 1901 1556 1941 eum
1586 1901 1697 1941 non
1751 1884 2092 1957 cognovit".
2132 1902 2151 1935 ι
2180 1883 2258 1937 Ita

690 1992 822 2046 ergo
857 1986 910 2031 et
939 1992 1085 2033 nunc
1118 1978 1288 2033 utitur
1322 1978 1487 2033 verbo
1525 1978 1884 2048 Cognoscere.
1933 1975 2090 2042 Quod
2131 1988 2257 2029 eum

692 2068 1029 2134 noverimus,
1062 2068 1165 2123 hoc
1209 2078 1312 2135 est,
1365 2069 1511 2138 quod
1560 2085 1669 2124 una
1712 2084 1833 2123 cum
1870 2082 1937 2122 eo
1985 2064 2257 2121 commisti

691 2159 882 2226 simus,
914 2176 977 2214 ex
1009 2161 1113 2217 hoc
1141 2163 1513 2232 cognoscimus
1539 2161 1584 2218 si
1617 2171 1885 2231 praecepta
1910 2159 2054 2213 illius
2078 2158 2259 2213 obser-

690 2267 904 2308 vamus.
930 2252 1046 2309 Duo
1069 2254 1336 2323 signiﬁcat
1373 2254 1596 2308 verbum
1628 2252 1939 2320 γινώςκειν,
1974 2252 2025 2305 id
2052 2259 2135 2305 est
2166 2264 2258 2304 co-

690 2358 970 2413 gnoscere,
990 2344 1328 2412 potissimum
1354 2344 1494 2413 apud
1515 2359 1723 2400 sacram
1741 2343 2104 2412 Scripturam,
2126 2347 2255 2409 puta

689 2428 829 2482 scire
878 2429 1122 2499 aliquid:
1154 2432 1610 2498 quemadmodum
1655 2431 1746 2485 ubi
1791 2430 2032 2494 dicitur;
2089 2447 2108 2480 ι
2145 2428 2253 2482 Co-

688 2518 848 2587 gnovi
886 2520 1029 2587 quod
1066 2518 1222 2574 faciet
1260 2518 1520 2574 Dominus
1564 2519 1831 2588 judicium
1864 2531 2162 2586 pauperum
2186 2515 2254 2567 δ’.

688 2608 957 2664 Praeterea
1006 2608 1273 2680 signiﬁcat
1314 2610 1681 2665 omnimodam
1727 2608 2172 2676 conjunctionem
2202 2612 2259 2659 et

689 2700 1156 2757 conﬁrmationem
1184 2716 1311 2771 erga
1343 2702 1601 2771 aliquem,
1643 2716 1764 2770 qua:
1791 2699 2028 2770 cognitio
2069 2696 2259 2768 appel-

685 2793 834 2846 latur
861 2808 874 2846 :
909 2793 1050 2847 sicut
1076 2808 1199 2847 cum
1227 2794 1443 2857 dicitur,
1472 2795 1636 2849 Novit
1665 2792 1928 2847 Dominus
1954 2792 2070 2846 vias
2094 2792 2258 2846 innoo

687 2886 930 2939 centium
960 2885 1029 2949 ”,
1060 2894 1115 2940 et
1157 2885 1298 2941 sicut
1324 2887 1400 2939 ait
1448 2885 1666 2949 Paulus,
1704 2884 1818 2939 «Ut
1863 2896 2257 2955 cognoscamus

688 2972 863 3029 Deum
876 2974 1039 3030 veluti
1059 2974 1223 3030 etiam
1249 2975 1317 3030 ab
1334 2991 1400 3031 eo
1426 2974 1625 3047 cogniti
1643 2988 1835 3029 sumus
1847 2973 1916 3027 “.
1941 2990 1960 3024 ι
1990 2970 2257 3027 Similiter

684 3074 870 3123 autem
891 3074 947 3122 et
971 3067 1043 3123 de
1071 3067 1346 3124 contrario
1373 3076 1501 3137 puta
1521 3066 1823 3139 ignorantia
1850 3062 2139 3121 dicendum
2171 3072 2258 3118 est

2359 607 2435 669 ὡς
2468 608 2873 670 αὖτοδεσπότως
2925 607 3081 660 τοῦτο
3116 608 3366 677 παρέχει.
3411 605 3551 658 Ἀλλ’
3590 605 3664 667 ὡς
3700 606 3943 671 ἔφημεν,

2359 699 2775 770 ἧοὶκονομικῶς
2819 698 2977 752 τοῦτο
3031 697 3127 751 νῦν
3179 700 3207 749 6
3279 696 3607 757 Ἀπόστολός
3663 713 3849 762 φηςιν,
3904 693 3940 762 ἢ

2359 790 2639 859 παριστῶν
2674 791 2734 843 τὸ
2766 789 2903 859 πρὸς
2945 790 3037 843 τὸν
3074 789 3293 858 Πατέρα
3328 788 3420 841 τοῦ
3458 787 3587 838 Υἱοῦ
3612 787 3853 853 estea-as;
3878 798 3944 836 τε

2359 884 2453 935 καὶ
2474 868 2815 951 ὁμοδύναμον
2839 922 2855 946 ,
2902 882 2998 936 καὶ
3026 883 3107 936 ὅτι
3133 881 3161 934 ὃ
3199 881 3265 934 ἂν
3296 881 3423 948 ποιῇ
3456 879 3516 930 τὸ
3542 878 3598 930 ἓν
3632 877 3740 929 τῶν
3766 876 3943 946 τριῶν

2358 972 2695 1039 ἀγιαστικῶν
2744 972 3118 1034 ὑποστάσεων,
3182 970 3360 1024 κοινόν
3403 969 3517 1020 ἐστι
3569 969 3663 1019 καὶ
3696 965 3938 1017 τῶνλοι-

2359 1062 2495 1115 πῶν.
2542 1080 2559 1113 ι
2585 1062 2693 1115 Καὶ
2744 1064 2801 1114 ἐν
2839 1062 3017 1130 τούτῳ
3059 1059 3423 1129 γινώσκομεν.
3457 1078 3476 1109 ι
3505 1055 3761 1126 Εἰρηκὼς
3792 1058 3937 1107 ἀνω-

2356 1156 2502 1225 τέρω
2522 1156 2647 1217 τοὺς
2681 1156 2761 1217 είς
2790 1154 2883 1207 τὸν
2911 1153 3114 1224 Κύριον
3152 1150 3590 1211 πεπιστευκότας
3645 1148 3937 1200 κοινωνίαν

2357 1244 2502 1313 ἔχειν
2547 1246 2684 1315 πρὸς
2743 1245 2925 1311 αὐτὸν,
2994 1242 3323 1305 πιστωτικὰ,
3367 1242 3467 1307 τῆς
3518 1241 3808 1298 κοινωνὲας
3837 1239 3938 1306 τῆς

2360 1337 2498 1406 πρὸς
2558 1337 2721 1391 αὑτὸν
2776 1336 3138 1408 παρατίθεται
3194 1334 3309 1395 νῦν,
3347 1332 3440 1386 καί
3478 1349 3663 1400 φησιν,
3692 1333 3774 1383 ὅτι
3826 1330 3937 1381 Καὶ

2358 1433 2414 1483 ἐν
2444 1430 2619 1500 τούτῳ
2655 1431 3018 1497 γινώσκομεν,
3065 1427 3147 1479 ὃτι
3191 1424 3509 1492 ἐγνώκαμεν
3535 1421 3723 1474 αὐτόν.
3771 1418 3937 1480 Ἕθος

2358 1519 2467 1589 γὰρ
2524 1519 2603 1590 τῷ
2662 1517 2919 1589 μακαρίῳ
2975 1515 3150 1583 τούτῳ
3198 1514 3356 1584 ἀνδρὶ
3409 1513 3528 1567 ταῖς
3589 1506 3938 1578 ὁμωνυμίαις

2359 1612 2591 1683 χρῆσθαι
2647 1610 2786 1664 κατᾶ
2821 1608 3039 1674 ταυτὸν,
3093 1607 3283 1676 ῶσπερ
3327 1606 3424 1658 καὶ
3484 1605 3539 1655 ὲν
3577 1601 3672 1671 τῷ,
3713 1618 3731 1651 ι
3769 1601 3827 1652 ὲν
3857 1598 3937 1666 τῷ

2359 1704 2550 1773 κόσμῳ
2581 1698 2669 1773 ἦν,
2703 1703 2795 1755 καὶ
2826 1703 2855 1754 6
2896 1700 3098 1768 κόσμος
3157 1696 3225 1750 δι’
3279 1693 3444 1748 αὐτοῦ
3498 1692 3734 1760 ἐγένετο,
3785 1689 3883 1742 καὶ
3907 1689 3938 1739 6

2360 1793 2563 1863 κόσμος
2592 1792 2755 1845 αὑτὸν
2781 1791 2881 1843 οὐκ
2912 1788 3073 1857 ἔγνω.
3107 1806 3126 1839 ι
3159 1785 3345 1847 Οὕτως
3363 1781 3455 1836 οὖν
3487 1782 3580 1836 καὶ
3610 1779 3705 1831 νῦν
3730 1777 3938 1848 χρῆται

2360 1884 2458 1954 τῷ,
2494 1886 2695 1952 Ἔγνω.
2738 1883 2810 1935 Τὸ
2837 1881 2917 1945 δὲ,
2955 1880 3077 1933 Ὀτι
3106 1876 3429 1944 ἐγνώκαμεν
3465 1874 3648 1935 αὑτὸν,
3686 1870 3814 1923 ἀντὶ
3838 1866 3935 1921 τοῦ

2358 1977 2441 2030 ὅτι
2496 1971 2975 2042 συνανεκράθημεν
3020 1965 3167 2036 αὐτῷ
3202 1967 3257 2018 ὲν
3294 1964 3469 2032 τούτῳ
3502 1957 3849 2027 ἐπιστάμεθα
3878 1958 3938 2009 ὲν

2356 2066 2554 2137 «ora;
2588 2061 2806 2125 ἐντολὰς
2847 2060 3013 2113 αὑτοῦ
3050 2059 3258 2128 τηρεῖν.
3301 2053 3405 2107 Δύο
3437 2052 3545 2121 γὰρ
3577 2049 3938 2137 σημαίνοντος

2361 2136 2598 2228 μάλιστα
2668 2151 2818 2221 παρὰ
2849 2153 2915 2222 τῇ
2971 2150 3092 2220 θείᾳ
3137 2148 3175 2200 Γ
3184 2148 3327 2216 ραφῇ
3379 2142 3471 2196 τοῦ
3503 2139 3843 2210 γινώσκειν,
3876 2136 3938 2189 τό

2356 2268 2416 2302 τε
2468 2244 2791 2300 ἐπίστασθαί
2822 2260 2897 2308 τι,
2950 2241 3023 2304 ὡς
3060 2242 3115 2292 ὲν
3143 2237 3241 2306 τῷ,
3280 2254 3298 2287 ι
3343 2235 3558 2300 Ἔγνων
3592 2234 3673 2284 ὅτι
3712 2229 3933 2297 ποιήσει

2358 2342 2563 2409 Κύριος
2619 2337 2719 2406 τὴν
2781 2334 2962 2404 κρίσιν
3018 2330 3128 2383 τῶν
3194 2324 3497 2397 πτωχῶν.»
3533 2322 3643 2376 Καὶ
3700 2321 3767 2389 δὴ
3842 2316 3938 2371 καὶ

2359 2432 2456 2501 τῆς
2518 2426 2817 2489 παντελοῦς
2878 2424 3018 2495 πρός
3072 2438 3196 2474 τινα
3249 2416 3629 2488 ἀνακράσεως,
3674 2413 3937 2479 γνώσεως

2344 2500 2674 2592 λεγομένης,
2703 2517 2777 2580 ώς
2808 2514 2990 2585 ἐντῷ,
3046 2510 3313 2566 Γινώσκει
3369 2509 3573 2578 Κύριος
3632 2503 3729 2566 τὰς
3780 2500 3938 2563 ὀδοὺς

2356 2615 2466 2669 τῶν
2524 2612 2792 2683 ἀμώμων,
2844 2609 2940 2661 καὶ
3006 2604 3084 2669 ὡς
3154 2602 3399 2665 Παῦλος*
3463 2617 3483 2652 ι
3515 2592 3941 2662 Ἐπιγινώσκειν

2357 2707 2505 2777 ἡμᾶς
2557 2703 2693 2773 φησὶ
2744 2702 2835 2755 τὸν
2893 2698 3050 2767 Θεὸν,
3102 2694 3286 2757 καθὼς
3340 2691 3433 2746 καὶ
3459 2689 3551 2742 ὑπ’
3590 2684 3757 2740 αὐτοῦ
3815 2685 3938 2777 ,ἐπ-

2357 2775 2696 2867 ε-γνώσμεθα.
2727 2812 2745 2845 ι
2798 2792 3073 2853 Ὡσαύτως
3088 2789 3144 2841 δὲ
3191 2786 3281 2841 καὶ
3312 2783 3405 2838 τοῦ
3459 2779 3703 2835 ἐναντίου
3733 2775 3938 2843 τούτῳ,

2356 2865 2605 2943 τουτέστι
2651 2883 2746 2939 τοῦ
2795 2884 3033 2953 ἀγνοεῖν,
3087 2879 3252 2949 διχῶς
3307 2872 3622 2943 νοουμένου,
3674 2868 3798 2939 (μία
3824 2865 3938 2935 γὰρ

2356 2983 2433 3045 ὡς
2459 2981 2553 3034 καὶ
2580 2982 2695 3042 τοῖς
2716 2977 2822 3041 ἔξω
2858 2976 3027 3039 δοκεῖ,
3057 2973 3093 3043 η
3123 2971 3232 3025 τῶν
3263 2965 3657 3036 ἀντικειμένων
3684 2958 3941 3028 γνῶσις.)

2356 3076 2498 3131 κατά
2566 3072 2726 3127 τοῦτο
2774 3071 2871 3126 νῦν
2902 3070 2998 3123 καὶ
3018 3068 3079 3120 τὸ
3110 3066 3149 3119 Γ
3155 3063 3406 3118 ινώσκειν
3476 3055 3641 3126 διχῶς
3680 3052 3939 3122 εἴληπται

686 3157 830 3227 quod
868 3157 1156 3230 dupliciter
1191 3158 1544 3230 intelligatur.
1594 3155 2064 3223 Quemadmodum
2106 3152 2254 3209 enim

2359 3166 2617 3227 ἐνταῦθα,
2666 3162 2741 3217 τὸ
2788 3162 2890 3232 μὲν
2921 3160 3051 3231 γὰρ,
3106 3176 3124 3209 ι
3161 3157 3248 3209 Ἐν
3272 3152 3450 3220 τούτῳ
3510 3147 3877 3217 γινώσκομεν.

686 3249 928 3304 externis
951 3263 1165 3319 quoque
1188 3250 1543 3321 scriptoribus
1567 3249 1780 3305 videtur
1807 3264 1912 3303 una
1937 3256 2021 3304 est
2042 3258 2260 3303 contra-

685 3337 896 3392 riorum
938 3339 1184 3393 scientia.
1232 3337 1393 3395 Juxta
1432 3339 1537 3394 hoc
1587 3353 1714 3411 ergo
1756 3339 2101 3410 Cognoscere
2149 3336 2257 3393 hoc

684 3427 807 3484 loco
839 3429 1052 3484 duobus
1107 3431 1282 3485 modis
1324 3439 1611 3500 acceptum
1652 3438 1756 3487 est.
1810 3429 2090 3499 Siquidem
2130 3443 2253 3483 cum

684 3519 784 3584 ait,
822 3537 843 3573 ι
877 3519 980 3575 Per
1007 3521 1123 3585 ,hoc
1152 3522 1551 3587 cognoscimus,
1580 3538 1599 3571 ι
1652 3536 1753 3591 pro
1786 3521 1928 3575 scire
1980 3519 2253 3583 sumitur;

686 3628 810 3667 cum
844 3622 1028 3668 autem
1054 3614 1291 3679 dicitur;
1327 3613 1481 3679 Quod
1512 3628 1634 3667 eum
1671 3613 2011 3673 noverimus.
2035 3612 2141 3666 hoc
2172 3620 2257 3665 est

687 3705 833 3773 quod
867 3704 1097 3759 ﬁrmiter
1140 3720 1261 3759 cum
1293 3720 1359 3759 eo
1398 3704 1675 3774 conjuncti
1718 3705 1909 3758 simus.
1957 3702 2060 3767 Qui
2108 3700 2255 3756 enim

687 3796 1019 3849 consortium
1046 3796 1210 3849 habet
1247 3811 1371 3849 cum
1404 3796 1611 3864 aliquo,
1644 3794 1809 3847 etiam
1836 3792 2163 3847 coministus
2192 3805 2256 3843 ac

686 3887 1011 3955 conjunctus
1042 3893 1123 3940 est
1160 3886 1237 3939 illi
1272 3885 1328 3939 in
1359 3900 1425 3939 eo
1454 3884 1597 3955 quod
1632 3884 1937 3952 participat.
1967 3882 2256 3950 Propterea

686 3979 850 4032 etiam
900 3977 1183 4047 subjungit
1216 3976 1492 4044 Praecepta
1548 3976 1668 4045 ejus
1721 3976 2098 4029 observamus.
2175 3971 2257 4027 Ex

689 4068 724 4119 h
747 4081 792 4118 ic
836 4066 998 4119 etiam
1031 4065 1335 4120 solveretur
1386 4066 1557 4119 illud:
1593 4083 1611 4114 ι
1669 4064 1832 4118 Novit
1869 4063 2132 4119 Dominus
2162 4062 2256 4131 qui

685 4167 815 4211 sunt
844 4158 925 4211 sui
952 4159 1018 4223 ⁶¹,
1060 4176 1076 4209 i
1105 4167 1157 4212 et
1188 4157 1318 4212 illud
1354 4173 1367 4206 :
1404 4174 1422 4205 ι
1454 4155 1589 4209 Eum
1618 4154 1709 4223 qui
1737 4170 1845 4207 non
1878 4162 2105 4207 noverat
2134 4168 2260 4222 pec-

686 4259 891 4313 catum,
924 4264 1023 4317 pro
1074 4248 1231 4303 nobis
1268 4257 1555 4318 peccatum
1604 4246 1732 4300 fecit
1757 4246 1801 4278 “
1834 4263 1847 4299 :
1888 4263 1906 4296 ι
1955 4252 2011 4299 et
2043 4245 2087 4298 si
2127 4245 2256 4314 quid

687 4340 838 4393 aliud
866 4340 1007 4407 apud
1042 4340 1280 4393 divinam
1315 4340 1656 4407 Scripturam
1702 4338 1769 4393 de
1798 4338 2114 4408 cognitione
2172 4338 2257 4391 vel

686 4429 989 4498 ignorantia
1015 4437 1291 4484 tractatur.
1339 4428 1539 4484 Deinde
1565 4444 1594 4482 a
1625 4428 1899 4484 contrario
1946 4428 2091 4483 idem
2122 4443 2257 4484 con-

2362 3258 2502 3311 κατά
2524 3256 2585 3309 τὸ
2611 3231 2959 3308 ἐπίστασθαν
2992 3251 3054 3302 τὸ
3077 3248 3156 3311 δὲ,
3193 3242 3547 3312 Ἑγνώκαμεν
3574 3237 3759 3297 αὐτὸν,
3794 3231 3943 3288 κατὰ

2357 3348 2440 3411 τὺ,
2481 3343 2890 3415 ’Δνεκράθημεν
2921 3339 3092 3408 αὐτῷ.
3141 3337 3200 3391 '0
3224 3337 3330 3405 γὰρ
3360 3330 3635 3387 κοινωνῶν
3664 3342 3799 3389 ⁴τινι,
3839 3324 3939 3376 καὶ

2359 3441 2731 3508 ἀνακεκραται
2785 3436 2934 3506 αὑτῷ
2986 3432 3125 3487 καθδ
3148 3431 3416 3484 κοινωνεῖ.
3450 3428 3540 3480 Διδ
3576 3424 3673 3478 καὶ
3713 3425 3937 3488 ἐπάγει,

2358 3531 2468 3592 Τὰς
2502 3527 2720 3590 ἐντολὰς
2756 3524 2921 3580 αὐτοῦ
2953 3522 3242 3593 τηρεῖ.Ἒκ
3267 3519 3459 3572 τούτου
3496 3515 3684 3583 λυθείη
3726 3513 3791 3565 ἂν
3838 3511 3939 3563 καὶ

2356 3622 2438 3683 τὸ,
2488 3620 2707 3683 (Ἔγνω
2756 3618 2959 3685 Κύριος
3015 3616 3140 3675 τοὺς
3191 3612 3350 3673 ὄντας
3420 3606 3604 3661 alito}-
3638 3624 3657 3656 ι
3706 3604 3801 3657 καὶ⁵
3850 3602 3934 3666 τὸ,

2364 3732 2382 3765 ι
2404 3714 2507 3766 Τὸν
2560 3713 2669 3781 γὰρ
2697 3712 2769 3781 μὴ
2816 3709 3014 3776 γνόντα
3051 3705 3349 3775 ἁμαρτίαν,
3388 3700 3527 3769 ὑπὲρ
3555 3696 3717 3767 ἡμῶν
3749 3697 3931 3762 αμαρ-

2358 3804 2481 3856 τίαν
2537 3802 2803 3871 ἐποίησε·
2847 3819 2866 3852 ι
2906 3800 3003 3852 καὶ
3050 3799 3154 3849 εἴτι
3210 3796 3401 3865 ἓτερον
3454 3792 3606 3860 παρα
3675 3791 3743 3856 τῇ
3806 3784 3932 3854 θεία

2360 3894 2549 3963 Γραιρῇ
2615 3892 2743 3961 περὶ
2792 3876 2856 3943 τὸ
2917 3890 3212 3957 ἐγνωκέναι
3245 3888 3278 3955 ἦ
3328 3886 3543 3952 ἀγνοεῖν
3610 3881 3932 3949 στρέςεται.

2359 3980 2492 4038 Εἶτα
2551 3983 2660 4037 ἀπὸ
2703 3982 2797 4037 τοῦ
2852 3982 3093 4034 ἐναντίου
3157 3979 3316 4032 τοῦτο
3341 3976 3473 4030 αὐτὸ
3506 3966 3934 4031 κατασκευάζει,

2361 4073 2985 4148 περιουσιαστικώτερον
3046 4071 3329 4141 χρώμενος
3383 4070 3448 4137 τῇ
3500 4063 3797 4126 ἀποδείξει,
3837 4059 3934 4111 καί

2361 4185 2547 4238 φησιν·
2597 4168 2654 4222 Ὀ
2675 4167 2731 4219 δὲ
2768 4166 2963 4232 λέγων,
2987 4164 3243 4230 Ἔγνωκα
3280 4159 3459 4220 αὑτὸν,
3495 4158 3614 4226 ἦτοι
3643 4150 3935 4205 κοινωνίαν

2360 4261 2469 4327 ἔχω
2513 4258 2628 4327 μετ’
2681 4255 2868 4316 αὑτοῦ,
2903 4255 2998 4307 καὶ
3036 4256 3134 4317 τὰς
3168 4252 3389 4310 ἐντολὰς
3418 4246 3586 4301 αὑτοῦ
3624 4245 3697 4314 μὴ
3722 4241 3935 4311 τηρῶν,

2360 4349 2601 4418 ψεύστης
2647 4345 2782 4398 ἐστί.
2844 4344 2965 4405 Πῶς
2994 4344 3103 4411 γὰρ
3149 4336 3345 4394 οἷόντε
3377 4340 3471 4391 καὶ
3524 4330 3938 4400 ἀνακεκρᾶσθαι

2363 4440 2457 4493 καὶ
2489 4438 2583 4508 μὴ,
2612 4437 2706 4489 τὸν
2735 4435 2933 4498 αὐτόν;
2960 4432 3133 4502 Εἴπερ
3151 4432 3212 4484 τὺ
3237 4431 3337 4501 μὲν
3367 4430 3543 4481 ποιεῖν
3569 4427 3669 4488 τὰς
3692 4423 3938 4484 ἐντολὰς,

687 4496 885 4581 ﬁrmat,
920 4518 1306 4573 abundantiori
1345 4529 1505 4573 utens
1534 4519 1881 4588 probatione,
1911 4528 1967 4574 et
1994 4520 2073 4573 ait
2103 4537 2117 4572 :
2148 4517 2256 4584 Qui

2360 4530 2461 4601 τὴν
2489 4496 2790 4600 ανακρασιν
2846 4496 3154 4593 ὑποφαίνει·
3189 4496 3250 4576 1:6
3281 4522 3339 4575 δὲ
3372 4521 3446 4590 μὴ
3475 4520 3689 4588 τηρεῖν,
3735 4515 3794 4567 τι
3829 4530 3939 4583 μη-

688 4609 839 4673 dicit,
870 4608 1004 4665 Novi
1032 4627 1177 4678 eum,
1208 4613 1324 4666 sive
1374 4612 1687 4666 societatem
1712 4610 1888 4666 habeo
1934 4626 2059 4666 cum
2113 4610 2253 4680 ipso,

689 4708 742 4753 ct
776 4708 1045 4767 praecepta
1076 4701 1197 4767 ejus
1229 4715 1339 4752 non
1380 4700 1657 4763 observat,
1695 4700 1928 4755 mendax
1970 4709 2075 4756 est.
2112 4700 2259 4765 Quo-

693 4786 854 4838 modo
886 4786 1031 4839 cnini
1058 4786 1172 4839 ﬁeri
1201 4794 1379 4853 potest
1407 4795 1463 4839 ut
1486 4786 1624 4839 idem
1653 4786 1977 4855 conjunctus
1995 4797 2049 4841 et
2074 4789 2256 4842 adlize-

692 4892 819 4929 rens
852 4878 941 4937 sit,
973 4886 1027 4930 et
1049 4892 1153 4931 non
1178 4876 1492 4931 aclhmrcns?
1518 4878 1679 4933 Certe
1713 4894 1936 4933 servare
1963 4893 2253 4952 praecepta,

690 4966 1059 5020 adiimsionem
1114 4967 1380 5036 designat,
1423 4983 1535 5021 non
1571 4970 1862 5025 observare
1897 4982 2078 5026 autem
2104 5016 2117 5038 ,
2158 4989 2257 5027 ne-

689 5071 958 5124 quaquam
990 5072 1110 5111 esse
1138 5056 1481 5112 familiarem.
1543 5060 1731 5124 Itaque
1760 5062 1852 5129 qui
1876 5063 2028 5115 novit
2061 5064 2256 5128 Deum,

690 5145 853 5197 etiam
886 5146 953 5199 ab
983 5161 1047 5199 eo
1074 5146 1323 5215 cognitus
1366 5156 1469 5207 est,
1507 5148 1621 5201 sive
1670 5164 1896 5204 consors
1950 5150 2127 5207 factus
2176 5162 2261 5207 est

690 5252 814 5290 cum
849 5236 953 5291 Deo
983 5246 1035 5291 et
1066 5238 1177 5292 Deo
1210 5239 1531 5310 colligatus:
1560 5250 1615 5296 et
1656 5243 1713 5295 in
1746 5244 1850 5298 lioc
1899 5245 2123 5300 dilectio
2164 5247 2257 5301 Dei

690 5330 1041 5396 conspicitur,
1090 5344 1187 5398 per
1232 5346 1393 5399 quam
1451 5332 1797 5389 dilectionem
1856 5336 2078 5392 habebit
2134 5354 2258 5407 per-

689 5420 981 5476 fectionem
1019 5437 1138 5489 qua:
1165 5431 1249 5477 est
1271 5424 1323 5477 in
1347 5425 1477 5487 Deo,
1508 5424 1666 5495 537
1697 5436 1751 5480 et
1792 5427 1956 5498 hujus
1986 5432 2252 5499 judicium

691 5510 1293 5570 facietfani'iliaritatcm
1343 5532 1495 5570 suam
1531 5534 1655 5589 erga
1707 5521 1899 5576 Deum.
1944 5522 2047 5577 Per
2091 5540 2253 5593 Opera

689 5616 927 5671 namque
966 5607 1256 5661 exhibetur
1302 5609 1541 5676 perfecta
1586 5610 1825 5665 dilectio.
1885 5614 2085 5670 Verum
2130 5618 2256 5686 quia

2361 4620 2549 4690 δαμῶς
2587 4617 2918 4689 ᾠκειῶσθαι.
2970 4616 3133 4667 ’Ὥστε
3163 4615 3191 4666 6
3218 4610 3475 4681 ἐγνωκὼς
3531 4609 3621 4662 τὸν
3649 4606 3805 4667 Θεὸν,
3836 4603 3937 4657 καὶ

2363 4715 2469 4766 ὑπὸ
2496 4710 2588 4762 τοῦ
2652 4708 2789 4761 Θεοῦ
2850 4708 3138 4775 ἔγνωσται,
3196 4706 3316 4773 ἦτοι
3356 4701 3630 4771 ᾡκείωται
3658 4696 3800 4763 Θεῷ,
3839 4695 3939 4746 καὶ

2363 4801 2684 4868 ἀνείληπται
2738 4799 2842 4851 ὑπὸ
2886 4797 3045 4850 Θεοῦ.
3095 4796 3204 4849 Καὶ
3247 4797 3304 4846 ὲν
3336 4793 3510 4859 τούτῳ
3552 4789 3804 4859 ἠὰγαπη
3836 4783 3933 4836 τοῦ

2364 4894 2498 4948 Θεοῦ
2574 4891 2958 4960 ὲιεθεωρείταν
3006 4885 3162 4958 δι’ἦς
3198 4888 3416 4955 ἀγάπης
3462 4886 3557 4936 καὶ
3616 4882 3676 4933 τὸ
3726 4883 3785 4931 ἐν
3816 4878 3939 4946 Θεῴ

2362 4984 2563 5035 τέλειον
2621 4979 2753 5042 ἒξει,
2778 4981 2871 5032 καὶ
2905 4978 3192 5048 γνώρισμα
3214 4977 3370 5029 τοῦτο
3402 4976 3614 5041 ποιῆαει
3654 4971 3753 5038 τῆς
3800 4969 3938 5036 πρὸς

2362 5076 2494 5128 Θεὸν
2549 5074 2878 5134 οἱκειώσεως
2925 5069 3114 5124 αὑτοῦ.
3175 5067 3409 5145 Διεξρίαρ
3444 5066 3549 5116 τῶν
3578 5066 3755 5132 ἔργων
3784 5062 3816 5129 ἡ
3845 5077 3937 5111 τε·

2360 5168 2476 5220 λεία
2531 5167 2900 5220 διαδείκνυται
2965 5164 3176 5229 ἀγάπη.
3233 5160 3379 5237 Πρἀιν
3436 5156 3624 5221 ἐπειδὴ
3666 5153 3937 5206 ἕττιτινια

2360 5258 2524 5327 ὀρθὰς
2574 5259 2670 5326 μὲν
2727 5256 2821 5309 καὶ
2887 5252 3134 5322 ἀκριϐεῖς
3186 5252 3375 5325 ποιεῖ-ι
3408 5246 3651 5307 ἐντολὰς.
3690 5243 3854 5297 αὑτὸν
3880 5242 3939 5294 δὲ

2363 5349 2692 5417 νωθρότερον
2758 5345 3093 5407 διακεῖσθαι,
3143 5345 3279 5411 ὅπερ
3350 5341 3458 5423 tif-.6
3526 5336 3661 5389 Θεοῦ
3745 5336 3940 5403 πέρῤω

2364 5441 2501 5503 ἐστὶ,
2531 5442 2617 5491 διὰ
2657 5439 2815 5492 τοῦτο
2864 5439 3050 5506 φησιν,
3100 5438 3181 5489 ὅτι
3216 5438 3243 5483 ὁ
3297 5436 3355 5485 ἐν
3390 5433 3529 5500 Θεῷ,
3586 5430 3940 5498 ᾠκειωμέυος

2367 5532 2483 5583 κατ’
2535 5531 2739 5581 ἐκεῖνον
2772 5529 2975 5594 ὀφείλει
3013 5530 3107 5580 καὶ
3135 5528 3296 5588 αὐτδς
3326 5525 3422 5587 τὰς
3465 5521 3658 5576 ἑαυτοῦ
3710 5519 3941 5588 πορείας

2368 5623 2716 5673 κατευθύνειν
2744 5621 2837 5673 τοῦ
2864 5621 2996 5689 βίον.

691 5698 956 5766 ουιιιὶιιςῐι
1010 5706 1155 5751 recta
1186 5709 1440 5756 etexacta
1464 5705 1673 5758 tradere
1696 5706 1928 5777 aliquem
1960 5722 2252 5781 prwcepta,
2286 5730 2408 5767 cum
2457 5724 2507 5767 ta
2537 5731 2641 5767 ven
2694 5715 2806 5783 ipv:
2860 5714 3076 5783 segnius
3139 5714 3207 5765 sit
3242 5713 3469 5765 allectus
3504 5730 3515 5763 :
3554 5711 3699 5777 quod
3780 5712 3938 5771 longe

760 5809 1020 5886 “Silattli.
1058 5830 1132 5872 iv.
1174 5816 1207 5867 Ξ
1236 5826 1420 5884 clscq.
1502 5823 1541 5851 5’
1576 5821 1733 5875 .loan.
1767 5840 1856 5886 xx,
1891 5826 1979 5879 25.

693 5896 811 5944 λιιι,
853 5886 923 5945 ti;
984 5884 1103 5937 Gul.
1138 5903 1210 5952 ii,
1249 5890 1299 5943 9.
1377 5893 1418 5922 θ’
1461 5891 1500 5943 ll
1529 5891 1667 5945 Titii.
1693 5912 1749 5958 ii,
1784 5884 1864 5949 ll.

2060 5827 2104 5855 ³⁸
2136 5827 2293 5881 ληξιιι.
2333 5846 2367 5889 i,
2407 5830 2481 5877 lzl.

1945 5899 1986 5928 ’⁷³
2025 5897 2065 5949 ll
2093 5898 2195 5951 (iur
2250 5915 2298 5959 ν,
2346 5901 2430 5953 2|.

2564 5842 2577 5852 ν·
2635 5828 2753 5882 l‘sl
2810 5845 3029 5888 (11\Sl\,
3071 5829 3112 5879 l.
3278 5828 3420 5880 l'sal.
3460 5845 3494 5889 i,
3529 5827 3579 5878 li.
3665 5826 3705 5854 "
3745 5825 3760 5878 l
3807 5830 3937 5880 Lor.
