4166 6448
182 493 471 563 ἁμαρτιῶν
505 493 590 548 διὰ
623 499 722 566 τῆς
770 499 847 559 είς
890 498 1122 568 Χριστὸν
1170 504 1433 567 πίστεως.

181 585 561 653 προκόψαντες
585 588 663 648 εἰς
695 588 866 659 ἄνδρα
891 590 1096 644 τέλειον
1126 593 1226 662 τῆς
1250 596 1470 663 ἡλικίας
1494 598 1589 650 τοῦ
1621 603 1758 667 πλη-

184 680 435 749 ρώματος
461 683 556 736 τοῦ
587 684 853 751 Χριστοῦ,
912 688 1004 739 καὶ
1034 687 1208 747 οὕτως
1264 690 1339 753 ὡς
1390 694 1483 745 καὶ
1537 693 1758 763 ἐτέρους

180 771 445 826 δύνασθαι
473 779 832 839 τεκνοποιεῖν,
876 772 957 839 οἷς
983 780 1080 832 καὶ
1107 779 1251 848 ἔχειν
1284 780 1382 851 τὴν
1424 785 1625 851 γνῶσιν
1663 784 1757 837 τοῦ

178 868 277 919 ἀπ’
303 866 482 935 ἀρχῆς
520 871 812 938 μαρτυρεῖ.
846 871 941 933 Τίς
977 871 1037 924 δὲ
1083 873 1111 924 ό
1140 873 1247 923 ἀπ”
1276 874 1452 944 ἀρχῆς
1476 915 1490 936 ,
1528 878 1575 928 εἰ
1618 877 1692 944 μὴ
1730 879 1757 928 ό

180 956 313 1011 Θεὸς
345 958 540 1025 Λόγος,
576 958 634 1021 ὃς
661 953 727 1029 ἦν
756 959 813 1011 ἐν
841 962 982 1031 ἀρχῇ
1024 962 1157 1032 προς
1188 963 1280 1016 τὸν
1308 964 1469 1031 θεόν;
1503 968 1566 1019 Οἱ
1592 966 1648 1018 δὲ
1682 967 1755 1024 t'o:

185 1050 485 1110 νεανίσκοι,
514 1044 595 1111 οἷς
627 1050 704 1113 ὡς
733 1052 986 1115 νεάζουσι
1016 1052 1111 1105 καὶ
1146 1054 1420 1124 σφριγῶσι
1440 1098 1452 1121 ,
1480 1058 1620 1110 κατά
1648 1058 1754 1109 τῶν

178 1144 278 1209 τῆς
316 1142 541 1210 ἀτιμίας
588 1142 779 1194 παθῶν
828 1143 917 1195 τὸν
963 1144 1228 1198 ἐπινίκιον
1277 1152 1561 1218 μαρτυρεῖ.
1610 1144 1743 1201 Εἶτα

180 1232 302 1285 καθ’
338 1234 535 1302 ἑτέραν
565 1233 822 1304 ἐπιϐολὴν
867 1234 927 1287 τὸ
949 1234 1080 1288 αὐτὸ
1109 1235 1575 1305 ἐπαναλαμϐάνει,
1618 1240 1753 1307 πρὸς

177 1324 237 1375 τὸ
265 1324 468 1393 μέτρον
494 1324 593 1391 τῆς
620 1328 999 1394 πνευματικῆς
1019 1326 1233 1397 ἡλικίας
1255 1329 1345 1381 τὸν
1376 1330 1753 1384 διδασκαλικὸν

177 1414 339 1481 λόγον
404 1416 797 1485 ἁρμοζόμενος.
833 1418 986 1470 Ἐπεὶ
1012 1413 1127 1485 οὗν,
1178 1422 1363 1488 φησὶν,
1400 1422 1573 1483 οὕτως
1610 1422 1753 1492 ὑμᾶς

179 1502 297 1558 οἳα
329 1507 476 1558 κατά
506 1506 604 1570 τάς
636 1507 745 1559 τῶν
784 1508 1009 1577 ἡλικιῶν
1037 1511 1299 1580 διαφοράς
1324 1512 1645 1581 δεξομένους
1684 1515 1752 1566 τὰ

180 1597 311 1663 παρ’
347 1594 483 1666 ἐμοῦ
533 1598 875 1666 γραφόμενα,
910 1601 1122 1671 ἀνάγκη
1151 1602 1293 1670 κάμὲ
1327 1606 1748 1673 παραμετρῆσαι

178 1692 242 1753 τῗ.
279 1687 385 1739 ῖίῖί
408 1689 519 1740 ἐπει
546 1689 645 1755 τῆς
686 1689 901 1757 ἡλικίας
931 1692 1085 1759 ὑμῶν
1118 1693 1214 1762 τὴν
1248 1694 1614 1757 διδασκαλίαν,
1656 1697 1750 1748 καὶ

178 1782 287 1840 τοῖς
320 1779 421 1845 μὲν
454 1780 527 1841 ὡς
554 1781 784 1841 παιδίοις
819 1783 1157 1849 ἐπεγνωκόσι
1190 1783 1281 1836 τὸν
1316 1785 1537 1856 Πατέρα
1583 1787 1749 1855 (λέγει

179 1872 232 1922 δὲ
264 1870 355 1923 τὸν
388 1871 574 1938 Θεὸν),
614 1872 998 1942 διαλεχθῆναι·
1030 1878 1140 1937 τοῖς
1174 1876 1231 1929 δὲ
1265 1876 1339 1940 ὠς
1371 1879 1661 1946 πατράσιν,
1701 1878 1749 1929 οἳ
1786 1866 1823 1917 Β

182 1963 345 2014 πλέον
377 1963 559 2031 ἔχουσι
602 1964 709 2015 τῶν
736 1964 963 2018 παιδίων
1006 1966 1147 2018 κατὰ
1187 1969 1285 2037 τὴν
1316 1969 1537 2035 γνῶσιν,
1576 1970 1637 2021 τὸ
1679 1969 1754 2038 μὴ

181 2055 252 2116 ὡς
285 2057 501 2123 πατέρα
562 2057 719 2123 μόνον
753 2058 1146 2122 ἐπεγνωκέναι,
1210 2060 1345 2112 ἀλλὰ
1401 2062 1495 2113 καὶ
1539 2060 1614 2122 ὡς
1664 2062 1756 2114 ἄν·

180 2161 352 2211 αρχος
390 2147 482 2197 καί
530 2144 883 2211 ἀδιεξίτητος.
916 2142 1023 2199 Ἶίν
1056 2148 1165 2218 γάρ
1209 2150 1267 2201 ἐν
1330 2151 1493 2219 ἀρχῇ.
1532 2150 1754 2213 Τούτοις

180 2235 234 2285 εέ
272 2237 366 2285 καὶ
406 2236 749 2302 τελεωτέρων
778 2236 928 2300 ἀξιον
962 2239 1264 2307 παράθεσιν
1304 2241 1632 2309 ποιήσασθαι
1664 2242 1752 2293 λό-

181 2342 313 2392 γύν.
351 2324 476 2387 Τοῖς
508 2326 561 2377 δὲ
599 2326 670 2388 ὡς
698 2328 1003 2390 νεανίσκοις
1040 2331 1278 2399 Ξσιυροῖς
1311 2328 1451 2395 οὖσι,
1482 2334 1576 2384 καὶ
1619 2334 1752 2402 πρὸς

183 2417 362 2483 πάλην
396 2419 492 2469 καὶ
546 2418 761 2485 ἀγῶνας
818 2420 1147 2488 ἐπιτηδείοις
1202 2422 1613 2487 ὑπαλείθξεσθαι.
1658 2418 1752 2486 Οἷς

183 2509 279 2559 καὶ
336 2510 397 2559 τὸ
444 2510 549 2560 ἀπο
606 2510 704 2578 τῆς
756 2510 914 2581 νίκης
976 2512 1215 2580 ἀοίδιμον
1247 2516 1525 2581 προσεῖναι
1556 2514 1751 2581 λέγων,

185 2600 452 2665 γενναίων
510 2599 751 2652 δείκνυσι
809 2602 904 2653 καὶ
968 2603 1495 2671 στρατηγικωτέρων
1548 2605 1754 2658 δεῖσθαι

183 2692 377 2757 λόγων.
423 2690 578 2741 Οὕτω
607 2694 722 2751 ταῖς
755 2693 850 2745 τοῦ
883 2693 1193 2762 πνεύματος
1246 2694 1481 2762 ἡλικίαις
1510 2697 1598 2748 τὸν
1630 2698 1754 2747 ἐαυ-

185 2781 274 2833 τοῦ
313 2782 470 2848 λόγον
498 2782 804 2852 διαιτήσεις,
860 2784 970 2835 τῶν
1005 2786 1101 2853 μὲν
1149 2785 1223 2849 ὠς
1276 2785 1415 2838 οὕτω
1447 2787 1756 2856 διατεοησο-

188 2874 365 2941 μέ-,ων
396 2875 504 2930 τοῖς
532 2873 719 2925 τούτου
750 2874 948 2941 λόγοις,
982 2876 1089 2926 τῶν
1118 2877 1173 2928 δὲ
1199 2877 1270 2939 ὠς
1298 2878 1553 2930 τοιούτων
1585 2878 1753 2930 ὄντων

182 2964 290 3017 τῶν
353 2966 686 3030 προσιόντων
723 2967 789 3035 τῇ
839 2966 1045 3027 πίστει,
1092 2970 1183 3018 καὶ
1237 2969 1588 3039 καταλλήλως
1624 2988 1754 3022 κατ-

183 3054 438 3122 ηχεῖσ’)αι
486 3058 551 3126 τῇ
584 3056 794 3108 ἑαυτῶν
827 3057 1071 3128 ποιότητι
1103 3059 1449 3126 ὀφειλόντων,
1500 3062 1752 3129 ἐπιφέρει

1258 390 1642 453 COMMENT.
1669 393 1749 452 ΙΝ
1786 397 2020 458 El’lST.
2047 402 2076 461 Ι
2115 404 2449 471 JOANNIS.

3338 422 3440 483 638

1488 508 1638 605 0i_61=.
1674 510 1747 571 ὡς
1786 526 1826 576 Α
1858 518 2075 570 modum
2112 521 2519 582 instruetionis:
2553 530 2750 599 quibus
2773 540 2954 586 tamen
2980 532 3215 603 spondet
3242 551 3439 605 pecea—

1863 622 2039 666 torum
2100 618 2477 673 remissionem
2523 637 2617 689 per
2662 623 2823 677 ﬁdem
2868 626 2919 678 in
2976 626 3275 682 Christum.
3330 628 3435 683 Alii

1860 720 2012 767 vero,
2056 707 2196 762 sicut
2233 710 2324 778 qui
2378 722 2767 779 promoverunt
2817 716 2873 769 in
2918 717 3094 770 virum
3131 718 3432 787 perfectum

1858 799 2035 851 artatis
2068 798 2420 866 plenitudinis
2458 801 2684 868 Christi,
2734 816 2790 859 et
2819 807 2924 860 vita
2958 818 3016 861 ut
3052 809 3189 863 alios
3218 826 3434 878 quoque

1858 888 2065 956 possint
2088 887 2299 944 etlicere
2322 891 2459 945 ﬁlios
2484 910 2496 946 :
2521 894 2719 962 quibus
2749 896 2911 949 etiam
2942 898 3260 952 testiﬁcatur
3284 902 3427 969 quod

1857 981 2218 1051 cognitionem
2255 982 2489 1040 habeant
2528 987 2672 1041 illius
2714 990 2806 1057 qui
2838 990 2906 1044 ab
2961 990 3118 1045 initio
3151 1001 3252 1045 est.
3296 994 3431 1057 Quis

1856 1082 2130 1127 estautem
2156 1074 2202 1128 is
2219 1077 2309 1143 qui
2330 1077 2397 1130 ab
2419 1078 2570 1133 initio
2588 1089 2694 1146 est,
2716 1081 2818 1134 nisi
2845 1082 2982 1136 Deus
3008 1082 3260 1144 Verbum,
3286 1086 3430 1152 quod

1855 1174 1967 1217 erat
2001 1166 2053 1217 in
2088 1166 2358 1236 principio
2387 1171 2528 1236 apud
2566 1170 2769 1223 Deum?
2800 1172 2967 1227 Porro
2992 1174 3082 1227 alii
3109 1175 3260 1243 quasi
3292 1175 3427 1228 ado-

1855 1253 2121 1309 lescentes
2151 1267 2297 1320 sunt,
2350 1258 2547 1326 quibus
2577 1267 2831 1327 tanquam
2876 1264 3192 1329 iuveniliter
3233 1280 3298 1318 ac
3336 1279 3426 1318 ro-

1854 1344 2011 1409 busto
2043 1359 2102 1397 se
2148 1348 2461 1414 gerentibus
2493 1348 2755 1402 adversus
2794 1349 3021 1405 aﬁ’ectus
3067 1360 3123 1404 et
3175 1353 3426 1405 alllictio-

1852 1448 1952 1487 nes
2007 1437 2369 1500 contumelizn,
2433 1446 2722 1493 attestatur
2782 1441 2925 1509 quod
2983 1442 3424 1510 accepturi‘sint

1854 1526 2084 1593 palmam
2137 1526 2397 1581 victoriae.
2437 1527 2643 1583 Deinde
2694 1530 2799 1584 alio
2846 1532 3006 1585 modo
3058 1531 3427 1601 aggrediendo

1852 1616 1993 1671 idem
2029 1620 2239 1687 repetit,
2266 1622 2330 1673 ad
2358 1636 2668 1675 mensuram
2698 1623 2998 1691 spiritualis
3021 1624 3288 1692 adaptans
3315 1624 3413 1676 do-

1852 1710 2039 1763 ctrinae
2072 1726 2392 1765 sermonem.
2430 1714 2695 1777 Quoniam
2718 1715 2882 1783 igitur
2906 1716 3058 1778 novi,
3092 1715 3287 1781 inquit,
3320 1729 3416 1768 vos

1854 1798 1921 1850 ita
1957 1809 2277 1867 excepturos
2308 1802 2459 1854 vario
2488 1803 2649 1855 modo
2675 1819 2795 1871 qua:
2842 1820 2871 1857 a
2910 1819 2995 1857 me
3040 1805 3241 1873 scripta
3268 1815 3418 1864 sunt.

1854 1905 2076 1943 necesse
2108 1899 2191 1943 est
2219 1900 2273 1944 et
2318 1906 2404 1945 me
2430 1891 2661 1946 dimetiri
2708 1894 3010 1946 doctrinam
3048 1894 3203 1962 juxta
3238 1894 3421 1960 dispo-

1854 1980 2101 2034 sitionem
2143 1991 2336 2035 vestra:
2382 1983 2554 2037 aetatis
2583 2002 2593 2036 :
2626 1993 2834 2038 etcum
2886 1986 2969 2039 his
2990 2000 3121 2039 sane
3162 1994 3419 2054 tanquam

1852 2086 1973 2124 cum
2004 2072 2183 2140 pueris
2203 2072 2488 2137 disserere,
2517 2075 2606 2142 qui
2633 2076 2849 2129 Patrem
2880 2087 3272 2143 cognoverunt,
3300 2077 3425 2133 dico

1852 2176 1979 2215 sane
2013 2162 2178 2216 Deum
2212 2181 2225 2217 :
2255 2178 2379 2217 cum
2413 2165 2515 2218 illis
2547 2174 2729 2220 autem
2776 2168 2943 2221 veluti
2991 2182 3115 2221 cum
3158 2168 3421 2236 patribus.

1850 2250 1939 2317 qni
1984 2250 2217 2317 amplius
2265 2252 2467 2320 aliquid
2502 2254 2703 2307 habent
2736 2271 2897 2323 quam
2932 2257 3085 2325 pueri
3124 2257 3177 2309 in
3230 2258 3419 2327 cogni-

1852 2340 2018 2403 tione,
2055 2342 2197 2409 quod
2230 2358 2337 2397 non
2370 2345 2544 2398 solum
2571 2355 2630 2399 ut
2658 2356 2865 2415 patrem
2898 2348 3274 2416 cognoverint,
3328 2364 3423 2401 ve-

1852 2447 1966 2484 rum
2008 2433 2170 2487 etiam
2198 2442 2455 2503 tanquam
2489 2450 2612 2489 eum
2645 2437 2736 2505 qui
2772 2438 2930 2490 initio
2954 2447 3158 2501 careat,
3187 2446 3240 2491 ct
3264 2438 3421 2506 cuius

1853 2523 2067 2577 initium
2092 2542 2256 2581 nemo
2278 2528 2447 2596 possit
2480 2543 2736 2582 enarrare
2768 2547 2781 2583 :
2813 2539 2931 2584 erat
2959 2530 3102 2583 enim
3136 2532 3187 2582 in
3212 2528 3422 2598 princi-

1852 2618 1960 2685 pio.
1996 2617 2089 2671 llis
2126 2636 2257 2674 sane
2297 2638 2512 2691 aequum
2541 2632 2624 2677 est
2655 2632 2709 2677 et
2751 2622 3103 2691 perfectiores
3146 2637 3423 2691 apponere

1852 2722 2132 2763 sermones
2168 2710 2337 2764 :istos
2361 2726 2493 2765 vero
2530 2722 2783 2781 tanquam
2815 2713 3069 2766 robustos
3097 2712 3418 2765 adolescen-

1830 2806 1955 2881 .tes,
1997 2810 2049 2852 et
2079 2800 2143 2853 ad
2190 2801 2388 2855 luctam
2415 2817 2477 2856 ac
2507 2805 2808 2856 certamina
2838 2803 3063 2857 idoneos
3097 2803 3360 2871 inungere
3396 2821 3407 2854 :

1851 2890 2048 2958 quibus
2070 2890 2232 2945 etiam
2269 2893 2396 2945 dum
2430 2892 2672 2948 victoria:
2711 2894 3009 2947 claritatem
3043 2892 3175 2946 dicit
3206 2890 3422 2945 coutin-

1851 2997 1997 3052 gere,
2023 2984 2261 3038 ostendit
2286 2984 2519 3040 fortibus
2551 3001 2616 3039 ac
2646 2985 2970 3039 militaribus
3002 2999 3137 3054 opus
3158 2998 3279 3037 asse
3306 2998 3424 3037 scr-

1853 3078 2123 3130 monihus.
2153 3077 2229 3130 Ita
2254 3079 2546 3147 crgojuxta
2586 3087 2772 3132 aetates
2814 3078 3037 3147 spiritus
3059 3083 3422 3143 attemperate

185 3148 371 3197 ita:sz
403 3146 493 3198 τὸν
519 3145 616 3215 τῆς
645 3147 1035 3218 παρακλήσεως
1068 3150 1244 3217 λόγον,
1284 3152 1375 3204 καί
1410 3168 1560 3221 φησι·
1609 3174 1625 3204 ι
1657 3156 1746 3225 Μὴ

1854 3182 1950 3221 suo
1984 3182 2237 3221 sermone
2281 3185 2294 3224 :
2334 3170 2463 3223 dum
2505 3169 2559 3223 hi
2600 3169 2818 3237 quidem
2859 3170 2930 3223 ita
2970 3166 3314 3221 alﬁeerentur
3355 3165 3421 3219 ad

187 3239 439 3303 ἀγαπᾶτε
498 3238 589 3288 τὸν
648 3238 870 3307 κόσμον.
910 3258 927 3290 ι
966 3238 1150 3293 Ταῦτα
1195 3242 1268 3305 ὡς
1318 3245 1549 3307 παιδίοις
1581 3246 1747 3313 λέγει.

196 3329 488 3395 Ἐπτόηται
521 3330 629 3398 γάρ
660 3330 745 3380 ἀεὶ
791 3330 862 3381 τά
905 3330 1092 3381 παιδία
1148 3335 1271 3401 περὶ
1323 3334 1382 3385 τὸ
1432 3337 1753 3404 φαινόμενον

183 3421 300 3489 ἡδύ.
337 3415 471 3471 Εἶτα
499 3421 597 3489 τὴν
627 3422 805 3475 αἰτίαν
834 3422 1002 3475 εἰπὼν
1026 3423 1118 3475 τοῦ
1152 3424 1283 3477 διότι
1314 3427 1413 3479 οὐκ
1442 3427 1644 3495 ὀφείλει
1672 3447 1751 3492 τις

184 3514 268 3564 τὶν
318 3513 527 3581 κόσμον
559 3513 650 3563 καὶ
678 3516 733 3564 ἐν
762 3513 837 3581 τῷ
873 3515 1063 3585 κόσμῳ
1112 3517 1352 3586 ἀγαπᾷν,
1402 3519 1585 3571 λοιπὸν
1619 3523 1753 3589 πρὸς

184 3604 301 3664 τοὺς
334 3604 581 3671 πατέρας
616 3605 861 3666 καὶτοὺς
903 3608 1219 3670 νεανίσκους
1272 3611 1609 3679 ἐναπερείδει
1655 3614 1751 3682 τὴν

182 3694 552 3748 δ.δασκαλίαν.
616 3695 961 3765 Τελεωτέρας
1041 3699 1149 3767 γάρ
1216 3700 1379 3762 ἕξεως
1456 3704 1489 3768 ή
1546 3703 1751 3755 τούτων

184 3786 484 3853 ἀντίληψις·
517 3786 625 3836 καί
660 3785 746 3837 ῖία
799 3788 874 3855 μὴ
904 3788 1135 3857 νομίσῃς
1170 3790 1374 3859 κόσμον
1408 3793 1467 3845 τὸ
1500 3796 1751 3862 σύστημα

185 3878 238 3927 τι
269 3876 327 3938 ἐξ
356 3875 589 3944 οὐρανοῦ
638 3876 730 3927 καὶ
787 3876 886 3943 γῆς
935 3880 1222 3945 σημαίνειν
1256 3882 1419 3933 αὑτὸν
1458 3883 1533 3951 τῷ
1586 3884 1749 3952 λόγῳ,

185 3968 375 4033 ἐπάγει
405 3966 491 4027 τίς
530 3970 557 4018 ὀ
587 3970 811 4035 κόσμος,
873 3968 964 4019 καὶ
1003 3969 1053 4019 τί
1080 3970 1146 4020 τά
1192 3973 1247 4022 ἐν
1278 3972 1353 4039 τῷ
1397 3975 1605 4042 κόσμῳ.
1642 3976 1750 4027 Καὶ

185 4061 385 4126 κόσμον
445 4060 540 4125 μὲν
572 4057 661 4109 τον
698 4058 960 4125 συρφετὸν
988 4059 1144 4126 ὄχλον
1189 4062 1374 4129 φησὶν,
1421 4062 1477 4124 ὃς
1506 4065 1624 4115 οιδὲ
1654 4066 1751 4133 τὴν

186 4150 273 4202 τοῦ
307 4149 514 4216 πατρὶς
558 4147 673 4215 ἔχει
709 4148 931 4217 ἀγάπην
970 4149 1026 4198 ἐν
1064 4150 1260 4219 ἐαυτῷ.
1320 4152 1452 4203 Τίνα
1497 4154 1553 4205 δὲ
1588 4156 1653 4205 τά
1692 4158 1748 4206 ὲν

186 4239 257 4306 τῷ
285 4239 514 4306 κόσμιος
576 4238 643 4289 τά
670 4238 807 4289 κατά
838 4238 937 4305 τὴν
966 4239 1258 4308 ἐπιθυμίαν
1289 4244 1385 4310 τῆς
1425 4245 1625 4312 σαρκὸς
1657 4247 1752 4297 ἐκ-

187 4329 507 4397 τελοὺμενα·
558 4328 593 4381 ἃ
636 4328 724 4380 διὰ
759 4329 865 4381 τῶν
906 4331 1272 4399 αἰσθητηρίων
1318 4333 1413 4401 τὴν
1454 4335 1751 4404 ἐπιθυμίαν

188 4423 450 4474 ἀνακινεῖ.
496 4420 593 4471 Διὰ
646 4419 753 4488 γάρ
782 4421 891 4472 τῶν
920 4420 1235 4487 ὀφθαλμῶν,
1282 4424 1374 4475 τοῦ
1415 4429 1750 4493 κυριωτάτου

1857 3256 2025 3326 ipsius
2045 3272 2343 3321 sermones,
2377 3259 2465 3313 alii
2486 3274 2613 3313 vero
2635 3259 2767 3313 tales
2796 3258 3122 3313 accederent
3140 3257 3206 3310 ad
3231 3256 3418 3320 ﬁdem,

1855 3361 1912 3403 ut
1958 3350 2121 3403 variis
2156 3351 2330 3405 modis
2370 3352 2563 3406 instrui
2590 3350 2852 3405 deberent
2892 3352 3046 3419 juxta
3079 3350 3162 3404 sui
3192 3348 3422 3418 qualita-

1856 3450 1985 3505 tem,
2024 3441 2302 3511 subiungit
2339 3451 2525 3511 postea
2571 3442 2966 3496 exhortationis
3003 3454 3334 3501 sermonem,
3367 3447 3425 3492 et

1854 3533 1927 3585 ait
1960 3550 1972 3585 ι
2013 3551 2030 3583 ι
2068 3532 2143 3586 Ne
2166 3533 2401 3602 diligatis
2429 3534 2713 3586 mundum.
2753 3553 2769 3584 ι
2810 3533 2933 3587 Ιιίεο
2957 3542 3210 3602 tanquam
3236 3530 3422 3599 pueris

1854 3622 2002 3676 dicit.
2035 3621 2263 3691 Semper
2286 3624 2430 3677 enim
2456 3623 2635 3677 aﬁ'ecti
2667 3631 2793 3677 sunt
2822 3622 3033 3691 pueruli
3060 3620 3127 3675 ad
3151 3634 3421 3689 apparen-

1854 3721 1960 3766 tem
2012 3714 2368 3782 voluptatem.
2422 3715 2624 3768 Deinde
2668 3730 2886 3768 causam
2921 3714 3107 3766 dicens
3159 3727 3257 3765 cur
3307 3724 3417 3762 non

1852 3802 2045 3857 debeat
2075 3804 2197 3871 quis
2239 3803 2499 3857 mundum
2528 3804 2755 3873 diligere
2793 3812 2848 3856 et
2880 3817 2942 3856 ea
2978 3817 3098 3871 qua:
3131 3801 3184 3853 in
3221 3798 3425 3853 mundo

1853 3902 2000 3957 sunt,
2056 3895 2336 3947 conﬁrmat
2385 3893 2643 3962 deinceps
2696 3893 2999 3947 doctrinam
3061 3892 3309 3959 patrihus
3356 3906 3420 3943 ac

1852 3984 2288 4038 adolescentibus
2311 3985 2560 4039 traditam
2588 4001 2600 4035 :
2638 3984 2945 4052 perfectiori
2975 3998 3209 4050 namque
3235 3979 3422 4034 habitu

1852 4076 1935 4129 his
1959 4075 2291 4129 subvenitur.
2330 4076 2395 4127 Et
2426 4090 2493 4129 ne
2524 4074 2803 4128 existimes
2837 4074 2979 4143 quod
3019 4087 3119 4126 suo
3169 4084 3423 4125 sermone

1851 4182 1947 4235 per
1986 4166 2247 4218 mundum
2295 4166 2675 4234 signiﬁcm'erit
2710 4171 3054 4233 aggregatum
3086 4178 3151 4215 ex
3179 4163 3316 4213 cmlo
3366 4168 3422 4212 et

1855 4266 2015 4316 terra,
2059 4256 2337 4325 subiungit
2381 4257 2504 4324 quis
2547 4256 2617 4309 sit
2666 4257 2922 4314 mundus,
2961 4263 3016 4306 et
3063 4269 3183 4322 (μω
3219 4252 3329 4306 sint
3360 4265 3420 4302 ea

1852 4364 1971 4415 qum
2006 4347 2057 4399 in
2090 4347 2289 4399 mundo
2319 4357 2465 4400 sunt.
2489 4345 2550 4398 Et
2569 4347 2827 4399 mundum
2859 4346 3077 4413 quidem
3101 4342 3232 4395 dicit
3265 4341 3421 4392 vilem

1855 4437 2086 4495 turbam,
2129 4452 2249 4505 quae
2294 4451 2395 4489 nec
2444 4436 2612 4504 patris
2654 4436 2818 4487 habet
2867 4436 2919 4486 in
2954 4448 3010 4486 se
3054 4432 3425 4485 dilectionem.

188 4511 290 4560 τῶν
324 4510 715 4577 αἰσθητηρίων,
754 4512 849 4563 καὶ
882 4512 951 4562 τά
977 4512 1139 4564 λοιπά
1180 4515 1490 4580 περιέλαϐε.
1521 4520 1653 4587 Περὶ
1692 4520 1746 4571 δὲ

1857 4527 2010 4596 571
2036 4526 2293 4591 Quantam
2322 4540 2501 4580 autem
2539 4535 2667 4580 sunt
2691 4527 2777 4579 illa
2811 4541 2931 4594 qua:
2956 4526 3007 4577 in
3037 4523 3242 4577 mundo
3264 4520 3429 4573 sunt?

187 4602 281 4671 τὴν
330 4600 627 4667 ἐπιθυμίαν
682 4602 789 4652 πᾶν
832 4600 1174 4672 ἐνθεωρείται
1229 4606 1419 4665 κακὸν,
1491 4615 1746 4678 μοιχεῖαι,

192 4696 361 4755 πότοι,
386 4693 588 4762 ἔρωτες
616 4696 904 4764 ἀπρεπεῖς,
932 4695 1259 4764 ἀλαζονεῐαι,
1293 4700 1352 4751 τὸ
1378 4701 1516 4772 ὑπὲρ
1548 4707 1754 4771 πάντας

190 4784 344 4848 εέναι,
396 4786 805 4855 ὑποϐαλλούσης
852 4789 949 4855 τῆς
988 4790 1303 4858 ἐπιθυμίας,
1358 4793 1431 4856 ὡς
1465 4796 1529 4847 ἂν
1583 4799 1753 4863 ἀδεῶς

193 4880 294 4929 πᾶν
326 4878 389 4929 τὸ
421 4877 646 4929 ἐπελθὸν
679 4880 1084 4949 κατεργασθείη
1116 4882 1192 4951 τῷ
1220 4884 1438 4947 ἀλαζόνι
1486 4889 1655 4955 ciust.
1690 4893 1752 4943 Οἱ

196 4969 286 5034 μὶν
310 4969 398 5021 διὰ
433 4969 771 5033 πλεονεξίαν,
816 4973 864 5022 οἱ
888 4973 943 5024 δέ
970 4973 1059 5024 διά
1086 4973 1146 5026 τὸ
1188 4977 1313 5037 τοὺς
1343 4979 1756 5046 ἀντικειμένους

192 5062 469 5126 ἁςανίσαι.
530 5063 703 5121 Δόλοι,
737 5068 831 5115 καὶ
856 5058 1002 5116 οὗτοι
1049 5066 1134 5117 ἵνα
1181 5067 1492 5137 ὑποχείριον
1519 5070 1595 5140 τῷ
1621 5072 1754 5142 δόλῳ

192 5156 504 5222 ποιήσωμεν
536 5154 679 5206 άπαν
701 5154 760 5205 τὸ
784 5155 1052 5222 ἐμποδών.
1086 5156 1192 5208 Καὶ
1224 5158 1408 5219 ἁπλῶς
1448 5160 1657 5211 ἅπαντα
1686 5161 1751 5212 τά

192 5244 355 5312 ἐχθρά
406 5243 547 5311 Θεῷ,
582 5244 649 5296 δι’
696 5243 993 5314 ἐπιθυμίας
1041 5246 1150 5298 τῶν
1196 5248 1477 5318 σαρκικῶν
1507 5251 1752 5318 πέφυκεν

192 5334 527 5387 ἐπιτελεῖσθαι
537 5352 573 5386 ι.

1859 4620 1989 4683 Qua:
2017 4619 2194 4672 carnis
2228 4619 2673 4687 concupiscentia
2722 4618 3102 4686 perﬁciuntur.
3129 4628 3248 4682 quae
3295 4628 3428 4666 con-

1863 4712 2192 4779 cupiscentia
2222 4727 2316 4779 per
2343 4727 2536 4764 sensus
2574 4712 2797 4777 agitant.
2847 4707 2947 4760 Per
2973 4706 3160 4759 oculos
3193 4719 3428 4772 namque

1852 4803 1942 4869 qui
1979 4800 2316 4869 potissimum
2369 4808 2559 4854 tenent
2608 4799 2788 4851 locum
2820 4798 2872 4849 in
2911 4796 3184 4857 sensibus,
3228 4803 3424 4847 ca'tera

1852 4908 2067 4961 quoque
2105 4893 2421 4960 complexus
2458 4899 2560 4944 est.
2592 4890 2746 4943 Circa
2779 4886 3274 4955 concupiscentiam
3307 4898 3425 4937 ma-

1855 4985 1961 5036 lum
1998 4998 2158 5035 omne
2200 4994 2465 5045 versatur,
2517 4982 2805 5045 adulteria,
2838 4981 3056 5047 pocula,
3090 4990 3309 5031 amores
3346 4974 3429 5027 in-

1855 5074 2108 5128 decentes
2137 5092 2150 5128 :
2185 5072 2529 5143 arrogantite,
2566 5071 2699 5125 velle
2734 5079 2959 5123 cunctos
2988 5068 3276 5129 excedere,
3300 5080 3428 5132 sug-

1857 5173 2079 5232 gerente
2125 5163 2565 5231 concupiscentia
2614 5170 2675 5215 ut
2721 5160 2984 5229 quidquid
3036 5160 3302 5219 adoritur,
3355 5156 3424 5208 ab

1860 5264 2145 5325 arrogante
2175 5255 2512 5317 conﬁciatur,
2545 5253 2739 5317 caedes,
2773 5253 2855 5305 hae
2890 5250 3107 5319 quidem
3152 5248 3223 5301 ob
3254 5245 3431 5299 avari-

1862 5345 2013 5405 tiam,
2044 5347 2147 5400 illm
2182 5362 2310 5400 vero
2333 5346 2399 5398 ad
2427 5345 2765 5413 perdendum
2798 5342 3137 5396 adversarios
3174 5354 3187 5391 :
3216 5338 3345 5399 doli,
3375 5345 3432 5389 et

193 5425 244 5478 bi
278 5436 335 5479 ut
364 5426 623 5494 quidquid
651 5427 1038 5494 impedimento
1067 5435 1150 5482 est
1176 5428 1355 5492 nobis,
1390 5430 1513 5484 dolo
1561 5434 1875 5496 sumamus,
1912 5444 2076 5502 utque
2107 5451 2213 5490 uno
2239 5435 2406 5489 verbo
2470 5434 2673 5499 dicam,
2737 5431 2994 5503 quidquid
3070 5427 3183 5481 Deo
3233 5426 3426 5481 adver-

194 5530 355 5578 satur,
396 5533 492 5585 per
539 5519 833 5571 carnalium
887 5522 1383 5589 concupiscentiam
1439 5534 1623 5577 natum
1672 5534 1753 5579 est
1795 5527 1999 5596 perﬁci.

260 5611 354 5675 Μὴ
386 5609 652 5677 ἀγαπᾶτε
680 5617 788 5663 τὸν
815 5613 1065 5681 κόσμον,
1116 5615 1271 5682 μηδὲ
1317 5619 1388 5669 τὰ
1431 5620 1501 5669 ἐν·
1533 5620 1610 5682 τῷ
1658 5622 1759 5672 κό-

197 5717 342 5762 ιτμῳ.
389 5701 532 5754 Ἐάν
561 5719 648 5767 τις
669 5702 869 5769 ἀγαπᾷ
919 5708 1024 5758 τὸν
1064 5708 1313 5774 κόσμον,
1367 5711 1475 5761 ea"):
1520 5713 1690 5763 ἔστιν
1722 5715 1757 5778 ἠ

195 5793 391 5860 dri-Tn
440 5796 545 5849 τεῦ
584 5798 809 5863 "affet;
858 5800 923 5850 ἐν·
959 5798 1135 5861 αὐτῷ.
1174 5802 1288 5851 "Uri
1332 5802 1429 5853 τ’ἶι
1482 5805 1533 5854 τί
1579 5806 1644 5855 ἐι·
1685 5805 1758 5869 τις.

1942 5621 2217 5684 ΙΙ,15-17,
2264 5622 2345 5677 Ne
2406 5624 2640 5693 diligatis
2711 5623 2983 5681 mundum,
3038 5635 3199 5688 neque
3229 5636 3290 5672 ea
3314 5634 3430 5687 qua

1868 5720 1918 5770 in
1975 5720 2165 5770 mundo
2187 5730 2330 5773 sicut.
2378 5719 2435 5772 Si
2484 5720 2597 5789 quis
2637 5718 2807 5788 diligit
2857 5718 3128 5777 mundum,
3193 5729 3295 5767 non
3354 5724 3431 5765 est

1870 5812 2094 5863 (leuitas
2132 5810 2307 5863 Patris
2347 5813 2396 5864 in
2467 5828 2544 5865 co.
2605 5811 2862 5876 Quoniam
2934 5809 3185 5882 quidquid
3245 5816 3322 5863 αι
3376 5808 3427 5860 iu
