4166 6448
180 397 284 464 641

1196 398 1581 461 COMMENT.
1615 400 1697 459 IN
1738 398 1973 461 EPIST.
2014 398 2039 457 Ι
2082 397 2424 458 JOANNIS.

3323 400 3435 462 642

177 520 240 572 τὸ
294 514 407 571 ἀπὸ
450 512 545 566 τοῦ
594 513 761 583 μέσου
821 514 962 580 πᾶν,
1013 515 1240 584 ἔσχατον
1293 515 1550 583 λέγεσθαι
1599 515 1751 567 οὐδὲν

1856 530 2010 582 psum
2031 514 2148 567 est?
2172 514 2293 567 dico
2318 528 2450 566 sane
2468 522 2677 580 tempus
2705 528 2733 566 a
2756 512 2973 569 Christo
2991 524 3142 570 nato.
3172 514 3437 576 Praeterea

180 607 435 669 ἀπεικός.
466 605 631 658 ’Ὠστε
662 607 710 657 εί
736 603 878 657 κατὰ
907 604 969 655 τὺ
1010 605 1177 674 μέσον
1207 606 1306 673 τῆς
1338 604 1639 672 χιλιοετοῦς
1665 604 1754 657 δε-

181 700 348 761 κάδος
384 700 412 751 ὁ
443 696 650 768 Κύριος
680 697 1015 767 παρεγένετο
1063 696 1274 766 (σχεδὸν
1308 695 1415 765 γὰρ
1445 698 1503 749 ἐν
1526 698 1603 765 τῷ
1633 713 1759 747 πεν-

177 786 607 858 τακισχιλιοστῷ
656 788 689 857 ἡ
733 788 792 839 ἐν
836 789 906 856 γῇ
956 784 1228 856 παρουσία
1272 784 1499 857 αὑτοῦ),
1543 785 1603 837 τὸ
1649 786 1759 837 ἀπὸ

178 879 377 932 τούτου
426 879 503 941 ὡς
549 877 658 930 ἀπὸ
686 876 780 929 τοῦ
816 878 981 946 μέσον
1028 878 1158 938 πᾶν,
1204 874 1430 945 ἔσχατον
1476 874 1755 943 λέγεσθαι,

178 970 356 1033 οὐδεὶς
389 970 460 1024 ἂν
488 968 778 1040 μέμφοιτο.
809 969 931 1021 Τῶν
958 967 1068 1037 γὰρ
1094 967 1289 1021 ἑκατὸν
1314 967 1447 1039 φέρε
1472 967 1630 1032 ἐτῶν,
1658 968 1753 1019 καὶ

181 1062 250 1113 τὰ
298 1061 519 1131 πρῶτα,
549 1061 674 1130 ἦτοι
716 1060 784 1114 τὰ
815 1060 967 1123 δέκα,
999 1059 1186 1112 καὶτὰ
1226 1058 1420 1121 εἴκοσι,
1466 1058 1562 1112 καὶ
1604 1058 1753 1126 ἑξῆς,

179 1151 417 1221 ἔσχατον
452 1152 521 1205 ἂν
565 1151 783 1222 ῥηθείη.
832 1150 1020 1214 Οῦτως
1051 1150 1145 1204 οῦν
1195 1150 1497 1214 κάνταῦθα,
1545 1152 1668 1203 ἐπεὶ
1697 1152 1758 1202 τδ

182 1245 353 1312 μέσον
394 1244 506 1297 ἀπὸ
548 1244 649 1313 τῆς
698 1242 791 1296 τοῦ
842 1243 1051 1314 Κυρίου
1108 1243 1373 1307 ἐλεύσεως
1402 1246 1437 1314 ἡ
1488 1242 1756 1313 χιλιοετὴς

178 1333 426 1405 ὑπερέὄη
485 1334 708 1403 σωρεία,
764 1332 945 1399 καλῶς
995 1334 1064 1388 ἂν
1107 1335 1254 1388 ἅπαν
1300 1334 1364 1387 τὸ
1409 1333 1517 1388 ἀπὸ
1560 1334 1754 1388 τούτου

178 1420 413 1492 ισχατον
441 1422 678 1491 λέγοιτο.
708 1421 880 1477 Τοῦτο
910 1422 1011 1493 μέν
1031 1422 1128 1476 οῦν
1169 1423 1232 1476 τὸ
1258 1422 1621 1491 ἀληθέστατον
1660 1422 1755 1476 καὶ

178 1514 324 1567 κατὰ
347 1514 441 1567 τὸν
464 1514 704 1585 χρυσοῦν
727 1515 1007 1584 Ἰωάννην.
1030 1514 1187 1568 Ἔστι
1220 1513 1277 1567 δὲ
1307 1514 1368 1567 τὸ
1402 1514 1631 1584 ἔσχατον
1660 1516 1755 1568 καὶ

177 1602 322 1655 κατὰ
360 1604 423 1656 τὸ
463 1603 736 1673 χείριστον
783 1602 1059 1658 ἐκλαϐεῖν.
1113 1603 1200 1667 Ὠς
1229 1603 1359 1657 ὅταν
1415 1603 1617 1673 φαμὲν,
1660 1603 1755 1666 Είς

177 1695 410 1766 ἔσχατον
442 1699 681 1767 ἀφῖγμαι
724 1695 919 1751 κακοῦ.
948 1696 1103 1751 Ἐπεὶ
1154 1691 1247 1749 οῦν
1286 1698 1314 1751 ὁ
1369 1697 1570 1766 κόσμος
1603 1713 1753 1765 τηνι-

179 1787 360 1839 καῦτα
401 1788 498 1841 ἐπὶ
539 1788 793 1857 μεγάλων
836 1789 1059 1842 ἐσάλευε
1096 1788 1302 1851 κακῶν,
1346 1787 1440 1839 τοῦ
1503 1786 1751 1840 διαϐόλου

174 1879 352 1933 ταῦτα
380 1882 519 1950 μετὰ
547 1880 647 1949 τὴν
669 1880 761 1935 τοῦ
790 1880 999 1950 ἀγαθοῦ
1031 1880 1339 1950 παρουσίαν
1366 1893 1751 1947 πραγματευο-

178 1972 369 2042 μένου,
404 1974 523 2042 ἦτοι
560 1974 755 2043 πείρας
808 1974 997 2026 ’ἐνεκεν
1025 1972 1132 2025 τῶν
1163 1971 1403 2039 ἀγαθῶν,
1438 1972 1470 2043 ἣ
1501 1972 1594 2023 καὶ
1622 1987 1754 2038 συγ-

176 2062 388 2131 χύσεως
416 2063 526 2117 τῶν
550 2064 955 2133 χρηστοτέρων,
976 2064 1050 2126 ὡς
1083 2063 1149 2116 ἂν
1182 2062 1258 2133 μὴ
1289 2062 1401 2131 ἔχοι
1433 2078 1516 2123 τις
1549 2060 1758 2128 διακρί-

175 2172 289 2207 νειν
316 2156 371 2208 τί
402 2156 463 2209 τὸ
494 2156 660 2210 καλὸν
692 2174 749 2210 τε
781 2160 877 2210 καὶ
903 2157 963 2210 οὐ
996 2156 1183 2217 καλὸν,
1208 2156 1297 2208 διὰ
1328 2154 1487 2206 τοῦτο
1517 2152 1756 2222 ἐσχάτην

176 2246 407 2315 εἴρηκεν
441 2248 592 2317 ῶραν
621 2249 713 2300 τὸν
738 2250 931 2319 χρόνον
956 2250 1186 2312 ἐκεῖνον,
1211 2249 1285 2308 ὡς
1317 2245 1412 2299 τοῦ
1438 2245 1670 2314 ἐσχάτου
1695 2246 1755 2297 τὸ

176 2340 457 2409 χείριστον
506 2342 923 2410 εἰσηγουμένου,
969 2339 1045 2401 ὡς
1079 2339 1145 2391 ἂν
1183 2335 1382 2407 τρυξδς
1432 2336 1462 2406 ἦ
1518 2335 1753 2388 ὑποστά-

176 2426 320 2495 θμης
355 2430 644 2499 ἐπέχοντος
667 2430 844 2496 λόγον.
875 2428 1171 2482 Πιστοῦται
1196 2428 1253 2481 δὲ
1286 2428 1347 2479 τὸ
1376 2426 1475 2494 τῆς
1513 2425 1753 2494 ἐσχάτης

174 2516 328 2587 ῶρας
347 2558 363 2584 ,
392 2519 514 2588 ἤτοι
536 2519 637 2589 τῆς
664 2518 965 2591 χειρίστης,
994 2519 1027 2590 ἢ
1060 2520 1158 2572 καὶ
1200 2517 1297 2587 τῆς
1324 2516 1417 2569 τοῦ
1449 2516 1642 2586 χρόνου
1668 2516 1755 2569 ού-

177 2610 320 2674 σίας,
350 2612 460 2664 άπὸ
480 2610 575 2665 τοῦ
612 2612 1005 2683 ’Λντιχρίστου.
1026 2613 1087 2665 Ei
1116 2612 1248 2681 γὰρ,
1274 2610 1429 2680 φησι,
1450 2609 1541 2661 τὸν
1582 2608 1754 2662 Ἀντί-

176 2719 401 2772 χριστον
452 2708 511 2759 ἐν
547 2705 801 2775 ἐσχάτοις
856 2707 1069 2774 καιροῖς
1114 2700 1525 2774 προσδοκῶμεν,
1559 2699 1655 2753 νῦν
1692 2700 1751 2753 δέ

173 2796 510 2867 ἀντίχριστοι
556 2798 743 2851 πολλοὶ
782 2798 1125 2851 ἐπεπόλασαν
1184 2795 1262 2865 τῷ
1324 2794 1424 2865 βίῳ
1484 2792 1655 2866 (λέγει
1697 2791 1755 2846 δὲ

172 2885 452 2957 Κήρινθον
485 2887 578 2940 καὶ
603 2889 729 2951 τοὺς
760 2888 983 2957 ὁμοίους
1015 2888 1254 2959 ἐκείνῳ),
1281 2887 1505 2957 εῦδηλον
1533 2888 1615 2939 ὅτι
1660 2886 1753 2939 καὶ

173 2977 203 3028 ὸ
225 2978 420 3048 καιρὸς
458 2978 556 3048 τῆς
582 2980 896 3043 συντελείας
925 2980 1223 3049 ἐφέστηκε,
1252 2976 1754 3049 προοδοποιούντων

172 3067 282 3120 τῶν
330 3068 547 3122 πολλῶν
606 3071 964 3141 ἀντιχρίστων
1012 3071 1091 3139 τῷ
1132 3071 1233 3125 ἐνί.
1282 3066 1414 3123 Εἶτα
1476 3069 1635 3123 τοῦτο
1678 3074 1753 3125 εί-

174 3158 291 3213 πὼν
314 3162 568 3233 ἐπιφέρει
593 3163 687 3218 καὶ
727 3162 837 3217 ἀπὸ
882 3163 1045 3218 τίνων
1095 3164 1145 3219 oi
1172 3164 1529 3235 ἀντίχριστοι,
1578 3163 1661 3217 ὅτι
1694 3162 1756 3228 ἐξ

173 3249 357 3319 ἡμῶν·

1860 605 1904 658 si
1938 606 2202 673 cujusque
2228 608 2303 659 rei
2343 606 2397 659 in
2436 605 2536 659 tria
2577 604 2786 668 divisa},
2815 622 3010 675 nempe
3038 608 3296 676 primum,
3319 627 3435 667 me-

1859 695 2009 749 dium
2035 711 2097 748 ac
2122 696 2498 761 novissimum,
2521 697 2709 766 utique
2757 697 3021 766 quidquid
3080 718 3108 753 a
3142 704 3319 757 medio
3351 720 3436 759 se-

1857 788 2063 857 quitur,
2096 787 2200 841 dici
2233 789 2589 841 novissimum
2614 789 2796 844 nullus
2850 790 3146 843 absurdum
3210 794 3428 848 indicat.

1859 877 2019 933 Certe
2050 879 2093 932 si
2119 879 2273 947 juxta
2310 879 2547 932 medium
2583 880 2764 934 decies
2798 881 2945 935 mille
3004 897 3274 937 annorum
3328 885 3434 939 Do-

1860 971 2042 1024 minus
2096 971 2318 1024 advenit
2378 969 2673 1040 (siquidem
2704 973 2823 1041 ejus
2876 975 2930 1028 in
2979 984 3120 1029 terra
3170 977 3436 1033 adventus

1858 1060 2032 1115 ferme
2061 1076 2205 1114 anno
2234 1060 2522 1130 quinquies
2552 1063 2839 1116 millesimo
2871 1064 3288 1135 iuit),quidquid
3309 1068 3438 1121 hinc

1861 1154 2128 1218 succedit,
2168 1162 2425 1223 tanquam
2488 1154 2540 1208 id
2575 1154 2718 1223 quod
2771 1157 3009 1209 medium
3064 1160 3329 1226 sequitur,
3390 1159 3437 1211 si

1857 1254 2161 1299 extremum
2191 1259 2254 1298 ac
2300 1246 2655 1302 novissimum
2708 1245 2941 1310 dicatur,
2998 1249 3182 1303 nullus
3240 1249 3435 1304 merito

1856 1335 2453 1406 possitreprehendere
2489 1355 2501 1389 :
2535 1353 2599 1390 ex
2632 1346 2849 1392 centum
2877 1339 3028 1393 enim
3086 1341 3236 1394 verbi
3270 1356 3435 1396 causa

1856 1428 2017 1483 annis
2043 1428 2208 1484 etiam
2249 1429 2435 1498 primi,
2472 1430 2660 1484 decem
2692 1429 2942 1485 videlicet
2973 1440 3069 1487 aut
3132 1433 3324 1502 viginti
3379 1442 3438 1487 et

1856 1520 1935 1575 sic
1955 1520 2022 1575 de
2051 1520 2425 1588 sequentibus,
2466 1520 2750 1575 novissimi
2798 1522 3134 1575 dicerentur.
3188 1511 3268 1576 lita
3307 1538 3436 1593 ergo

1856 1621 1911 1665 et
1942 1611 2053 1675 hic,
2100 1613 2356 1680 quoniam
2380 1621 2621 1681 tempore
2651 1614 2924 1668 adventus
2995 1614 3207 1668 Domini
3258 1616 3435 1669 media

1856 1701 2290 1756 millenariorum
2323 1718 2591 1756 annorum
2617 1704 2901 1774 congeries
2949 1707 3259 1772 transierat,
3278 1708 3434 1777 quid-

1857 1791 1986 1860 quid
2024 1792 2092 1845 ab
2121 1792 2225 1845 hoc
2268 1792 2537 1861 sequitur,
2595 1802 2741 1848 recte
2773 1797 3130 1850 novissimum
3187 1799 3301 1850 sive
3336 1813 3435 1851 cx-

1863 1893 2093 1938 trcmum
2126 1882 2233 1936 dici
2289 1892 2488 1952 potest.
2537 1881 2652 1938 Hoc
2718 1884 2901 1954 itaque
2948 1887 3291 1941 verissimum
3350 1898 3436 1943 est

1857 1976 2018 2029 etiam
2051 1976 2352 2029 secundum
2410 1975 2677 2031 Joannem
2738 1977 3207 2049 Chrysostomum.
3248 1980 3435 2037 Potest

1855 2081 2075 2136 quoque
2112 2068 2470 2122 novissimum
2504 2069 2620 2123 sive
2651 2079 2956 2125 extremum
2990 2072 3219 2144 intelligi
3260 2074 3432 2143 pessi-

1855 2172 2028 2221 mum,
2077 2157 2221 2211 sicut
2244 2172 2368 2212 cum
2400 2158 2634 2215 dicimus
2661 2178 2674 2214 ε
2713 2159 2793 2215 Ad
2833 2170 3134 2218 extremum
3166 2166 3289 2218 muli
3314 2181 3434 2234 per-

1855 2249 2022 2303 venit.
2041 2248 2307 2313 Quoniam
2336 2266 2466 2321 ergo
2492 2254 2728 2308 mundus
2746 2264 2878 2309 tunc
2901 2256 3112 2326 magnis
3125 2256 3434 2326 agitabatur

1856 2337 2031 2401 malis,
2080 2338 2301 2392 diabolo
2367 2340 2469 2393 ista
2520 2342 2866 2397 machinante
2940 2353 3067 2412 post
3136 2346 3432 2400 adventum

1856 2430 2003 2483 illius
2028 2430 2304 2495 salutaris,
2341 2430 2457 2486 sive
2508 2432 2573 2486 ad
2595 2433 2951 2489 tcntationcm
2972 2435 3240 2491 bonorum
3262 2476 3278 2503 ,
3308 2437 3427 2492 sive

1855 2522 1923 2577 ad
1958 2522 2339 2577 confusionem
2372 2539 2562 2580 eorum
2597 2540 2717 2594 qua:
2741 2525 2966 2581 meliora
2998 2536 3146 2591 sunt,
3174 2544 3241 2583 ne
3254 2537 3437 2598 posset

1854 2614 1980 2684 quis
1999 2614 2313 2669 discernere
2345 2615 2475 2685 quid
2507 2624 2653 2671 esset
2680 2615 2883 2671 bonum
2926 2626 2983 2673 et
3029 2618 3160 2687 quid
3193 2620 3302 2674 non
3333 2620 3435 2675 bo-

1856 2719 2024 2760 num:
2060 2716 2350 2777 propterea
2382 2716 2595 2776 tempus
2620 2706 2754 2762 illud
2782 2707 2918 2763 dixit
2943 2709 3297 2765 novissimam
3327 2711 3433 2765 ho-

1858 2811 1999 2863 ram,
2029 2806 2290 2867 quantam
2322 2808 2573 2854 extremo
2606 2798 2916 2855 addueente
2969 2800 3024 2855 id
3078 2802 3223 2871 quod
3259 2802 3438 2872 pessi-

1856 2904 2005 2943 mum
2038 2899 2141 2951 est.
2175 2905 2299 2943 cum
2333 2888 2468 2944 fecis
2498 2905 2564 2944 se
2591 2890 3052 2947 crassissimarum
3077 2894 3435 2962 reliquiarum

1856 2979 2052 3035 habeat
2091 2980 2382 3034 rationem.
2426 2980 2726 3036 Conﬁrmat
2752 2992 2934 3037 autem
2966 2994 3271 3039 extremam
3309 2999 3433 3040 esse

1857 3070 2075 3134 horam,
2106 3070 2220 3125 sive
2257 3070 2572 3140 pessimam,
2612 3073 2775 3127 etiam
2806 3073 2958 3143 juxta
3004 3075 3268 3143 temporis
3302 3075 3436 3129 sub-

1857 3161 2112 3216 stantiam
2160 3161 2229 3216 ab
2284 3161 2646 3218 Antichristo.
2706 3164 2845 3218 Nam
2905 3166 2950 3219 si
3011 3165 3435 3228 Antichristum,

1778 3241 1822 3300 C
1856 3253 2053 3323 inquit,
2089 3254 2141 3307 in
2181 3254 2492 3311 novissimis
2512 3258 2848 3327 temporibus
2866 3268 3263 3327 exspectamus,
3288 3272 3437 3311 nunc

172 3353 355 3397 autem
382 3342 692 3400 antichristi
722 3346 880 3401 multi
919 3355 1212 3401 versantur
1241 3344 1295 3400 in
1326 3345 1428 3401 hac
1457 3345 1567 3400 vita
1584 3344 1742 3416 (dicit
1779 3355 1962 3401 autem
2030 3345 2351 3431 Cerinthum
2401 3348 2588 3419 illique
2638 3348 2885 3417 similes),
2939 3351 3289 3406 manifestum
3349 3359 3437 3405 est

173 3439 317 3506 quod
365 3448 581 3509 tempus
607 3439 1093 3494 consummationis
1116 3438 1420 3505 immineat,
1446 3439 1576 3493 dum
1613 3440 1766 3494 multi
1809 3439 2118 3495 antichristi
2188 3458 2359 3495 unum
2421 3443 2759 3513 precedunt,
2811 3444 3027 3516 iterque
3073 3446 3149 3500 illi
3213 3458 3438 3517 parant;

175 3534 384 3588 Deénde
416 3533 520 3588 hoc
548 3533 694 3588 dicto
732 3534 1013 3605 subjungit
1054 3531 1201 3588 unde
1260 3531 1373 3587 sint
1416 3530 1751 3595 antichristi,
1794 3547 1994 3603 nempe
2023 3533 2166 3602 quod
2189 3549 2253 3588 ex
2276 3534 2457 3601 nobis,
2484 3544 2596 3591 etc.

251 3625 360 3689 Ἐξ
411 3624 579 3695 ἡμῶν
622 3625 901 3693 ἐξῆλθον,
949 3625 1087 3681 ἀλλ’
1118 3626 1230 3680 οὐκ
1270 3620 1433 3695 ἦσαν
1460 3623 1529 3688 ἐξ
1561 3623 1752 3694 ἡμῶν.

179 3716 243 3769 Ei
276 3715 389 3784 τὰρ
437 3712 601 3785 ἦσαν
655 3716 724 3780 ἐξ
775 3715 968 3786 ἡμῶν,
1011 3714 1457 3787 μεμενήκεισαν
1512 3714 1588 3770 ἂν
1628 3716 1756 3785 μεθ’

1926 3625 1991 3688 Il,
2026 3626 2216 3681 19-21.
2253 3630 2338 3681 E1:
2366 3629 2511 3682 nobis
2542 3629 2733 3700 egressi
2772 3640 2912 3697 sunt,
2947 3632 3039 3687 sed
3062 3647 3167 3685 non
3187 3642 3425 3687 erantex

1853 3715 2033 3767 nobis:
2075 3732 2199 3767 nam
2232 3715 2277 3768 si
2297 3716 2598 3786 fuissentex
2614 3717 2785 3783 nobis,
2820 3717 3228 3786 permansisseut
3254 3720 3434 3789 utique

174 3805 363 3876 ἡμῶν.
409 3806 572 3859 Ἀλλ’
594 3807 695 3859 ἵνα
715 3805 1158 3875 φανερωθῶσιν,
1188 3805 1277 3859 ὅτι
1317 3805 1429 3858 οὐκ
1460 3803 1579 3857 alat
1607 3803 1754 3857 πάν-

1856 3806 2139 3871 nobiscum,
2170 3808 2258 3859 sed
2283 3816 2337 3857 ut
2369 3808 2640 3875 manifesti
2667 3808 2849 3874 ﬁerent
2875 3809 3015 3873 quod
3041 3826 3145 3863 non
3174 3812 3282 3863 sint
3308 3828 3425 3864 om-

174 3914 266 3962 τες
300 3897 374 3961 ἐξ
420 3896 607 3965 ἡμῶν,
665 3898 764 3951 καὶ
817 3897 986 3965 ὑμεῖς
1031 3897 1259 3965 χρίσμα
1288 3895 1457 3963 ἔχετε
1494 3894 1614 3948 ἀπὸ
1647 3893 1754 3947 τοῦ

1856 3913 1938 3951 nes
1984 3914 2049 3951 es:
2082 3898 2247 3951 nobis.
2301 3896 2404 3952 Sed
2452 3915 2539 3952 vos
2592 3901 2888 3953 unctionem
2927 3901 3129 3954 habetis
3167 3921 3199 3955 a
3245 3912 3431 3957 sancto

172 3990 364 4057 ἁγίου,
402 3989 501 4042 καί
536 3987 737 4042 οτδατε
782 3989 999 4050 πάντα,
1030 3989 1141 4041 οὐκ
1181 3987 1416 4055 ἔγραψα
1468 3984 1611 4053 ὑμῖν
1662 3982 1751 4036 ὅτι

1856 3983 1960 4046 illo,
1995 3996 2042 4037 et
2071 3986 2234 4039 nostis
2255 3988 2454 4039 omnia.
2494 3988 2618 4040 Non
2646 3988 2832 4055 scripsi
2858 3988 3001 4042 vobis
3032 3992 3171 4058 quod
3210 3993 3430 4044 nescire-

174 4084 281 4133 οὐκ
322 4080 527 4133 οἴδατε
560 4080 676 4146 τὴν
723 4078 1033 4145 ἀλήθειαν,
1083 4078 1221 4132 au
1276 4077 1366 4130 ὅτι
1401 4075 1600 4129 οἴδατε
1645 4076 1753 4127 αὺ-

1854 4075 1917 4126 tis
1950 4076 2244 4141 veritatem,
2295 4077 2387 4129 sed
2411 4078 2551 4145 quod
2587 4079 2793 4132 sciretis
2814 4078 2986 4143 illam,
3016 4081 3252 4151 quodque
3268 4099 3425 4137 omne

172 4170 306 4235 τὴν,
355 4170 462 4223 καὶ
513 4169 604 4224 ὅτι
651 4168 776 4225 πᾶν
813 4168 1041 4238 ψεῦδος
1061 4167 1132 4223 ἐκ
1169 4165 1282 4235 τῆς
1310 4166 1601 4233 ἀληθείας
1641 4166 1753 4217 οὐκ

1856 4164 2185 4217 mendacium
2215 4182 2279 4219 ea:
2307 4167 2527 4221 veritate
2565 4176 2781 4223 nonest.

172 4280 384 4416 eo:
439 4351 602 4423 ἡμῶν
665 4350 941 4418 ἐξῆλθον.»
1011 4347 1299 4418 Ἐπιφέρει
1347 4346 1404 4400 δὲ
1448 4345 1750 4411 καὶτοῦτο,

177 4441 342 4510 μηδὲν
372 4442 454 4503 είς
487 4442 786 4512 σαφήνειαν
810 4439 905 4494 τοῦ
934 4439 1095 4506 λόγου
1123 4437 1554 4507 διοικησάμενος.
1593 4435 1753 4504 Λέγω

1923 4337 2086 4410 574
2120 4358 2138 4391 ε
2176 4340 2255 4395 Ex
2280 4342 2439 4399 nobis
2470 4345 2675 4414 egressi
2704 4356 2851 4401 sunt.
2883 4366 2902 4399 ι
2933 4347 3229 4423 Subjungit
3250 4364 3436 4411 autem

1859 4438 1916 4484 et
1956 4430 2082 4492 hoc,
2114 4446 2238 4487 eum
2266 4433 2404 4487 nihil
2439 4434 2775 4503 disposuerit
2818 4448 2911 4494 aut
2969 4447 3333 4510 praeposuerit
3367 4448 3432 4501 ad

172 4532 227 4584 δὲ
282 4532 478 4602 ῶσπερ
529 4534 883 4604 ἐρωτήσαντα
936 4531 1145 4595 ἐαυτὸν,
1206 4530 1311 4593 ὅτι,
1366 4530 1477 4582 Καὶ
1506 4526 1669 4580 πόθεν
1698 4527 1748 4578 οί

1856 4523 2293 4591 explanationem
2318 4529 2588 4581 sermonis
2620 4530 2775 4583 :dico
2796 4541 2981 4585 autem
3006 4535 3159 4601 quasi
3184 4538 3425 4602 seipsum

174 4622 509 4691 ἀντίχριστοι
536 4615 684 4675 οῦτοι
706 4639 723 4687 ;
746 4618 866 4674 εἶτα
888 4621 1009 4674 τότε
1041 4620 1356 4686 ἐπενεγκεῖν
1384 4617 1462 4682 τὸ,
1483 4615 1574 4681 Ἐξ
1595 4613 1754 4685 ἡμῶν

175 4712 418 4782 ἐξῆλθον.
471 4712 660 4775 Οῦτως
686 4712 805 4766 δέον
826 4712 1070 4780 ποιῆσαι,
1098 4711 1160 4764 οὐ
1196 4709 1353 4763 τοῦτο
1379 4710 1541 4772 ποιεῖ,
1618 4706 1756 4759 ἀλλὰ

178 4804 607 4874 συγκεχυμένως
632 4803 829 4867 οὕτως,
870 4804 1001 4865 ἴσως
1033 4804 1100 4871 τῇ
1133 4799 1396 4869 συγχύσει
1429 4796 1524 4852 τοῦ
1569 4797 1752 4865 λόγου,

173 4898 233 4950 τὸ
261 4898 392 4967 περὶ
418 4898 619 4959 αὐτοὺς
663 4898 826 4969 ἀηδὲς
856 4894 1285 4965 ἐνδεικνύμενος.
1358 4892 1522 4946 Ἀλλὰ
1566 4892 1655 4946 διά
1703 4892 1755 4945 τί

175 4986 281 5039 ἀπὸ
315 4985 430 5039 τῶν
466 4985 561 5038 τοῦ
593 4985 797 5056 Κυρίου
847 4983 1105 5055 μαθητῶν
1146 4984 1194 5036 οἱ
1244 4981 1614 5052 ἀντίχριστοις
1659 4978 1756 5034 'lv'

176 5077 349 5146 ἔχοιεν
391 5078 454 5130 τὸ
504 5077 695 5130 πιστὸν
733 5078 843 5139 τοῖς
895 5074 1272 5145 πλανωμένοις
1333 5073 1625 5141 κομίζειν,
1678 5071 1755 5134 ὡς

175 5168 281 5220 ἀπὸ
304 5167 416 5220 τῶν
462 5165 717 5237 μαθητῶν
745 5166 918 5231 ὄντες,
950 5166 1046 5220 καὶ
1075 5168 1217 5220 κατὰ
1248 5164 1348 5233 τὴν
1376 5164 1468 5217 τοῦ
1500 5162 1754 5217 διδασκά-

176 5259 268 5312 λου
306 5259 537 5329 γνώμην
576 5256 853 5321 ποιοῦντες
897 5258 992 5311 τοῦ
1040 5257 1399 5327 κηρύγματος
1439 5256 1532 5308 τὸν
1578 5254 1757 5322 λόγον,

179 5349 293 5402 ἀλλ’
322 5350 385 5401 ού
418 5349 597 5418 πάντη
647 5348 981 5412 ἀπεναντίας
1024 5347 1313 5418 φερόμενοι
1342 5343 1437 5399 τοῦ
1467 5345 1730 5416 κηρύγμα

176 5456 283 5500 τος.
311 5439 410 5491 Διὰ
439 5438 597 5491 τοῦτο
625 5438 717 5492 οῦν
740 5438 846 5492 ἀπὸ
871 5438 1091 5492 τούτων.
1119 5457 1136 5489 ι
1160 5436 1249 5503 Ἐξ
1286 5435 1442 5505 ἡμῶν
1464 5435 1543 5498 δὲ,
1568 5437 1754 5505 φησιν,

179 5531 453 5599 ἐξῆλθον.»
502 5530 795 5598 Γεγονότες
835 5530 943 5600 γὰρ
991 5529 1257 5599 μαθηταὶ,
1306 5529 1624 5596 ἀπέστησαν
1660 5527 1759 5595 τῆς

181 5622 461 5691 ἀληθείας,
522 5623 618 5675 καὶ⁵
661 5621 795 5682 ίδίας
837 5620 1187 5691 βλασφημίας
1234 5618 1472 5689 ἐξεῦρον.
1506 5618 1759 5686 Προσυπ-

182 5713 471 5765 ηκουστέον
497 5712 553 5764 δέ
582 5712 666 5775 τὸ,
694 5713 806 5765 Καὶ
834 5711 997 5765 πόθεν
1023 5705 1172 5765 οὗτοι
1202 5711 1252 5765 oi.
1290 5709 1650 5779 ἀντίχριστοι;
1676 5707 1760 5759 ἴνα

184 5794 515 5873 σαφέστερον
569 5805 599 5856 ὁ
651 5802 808 5872 λόγος
870 5805 1117 5876 γένηται.
1178 5820 1197 5855 ι
1235 5802 1311 5856 Ού
1354 5800 1465 5872 γὰρ
1513 5794 1651 5869 ἦσαν
1700 5797 1760 5863 ἐξ

1858 4615 2251 4686 interrogasset
2282 4634 2295 4670 :
2329 4616 2396 4670 Et
2425 4618 2567 4673 unde
2593 4628 2727 4673 sunt
2758 4620 2812 4674 hi
2838 4622 3188 4678 antichristi?
3236 4625 3437 4681 deinde

1858 4716 1986 4760 tunc
2020 4708 2414 4776 subjunxisset,
2446 4709 2523 4763 Ex
2550 4712 2711 4765 nobis
2736 4713 2946 4782 egressi
3003 4725 3149 4768 sunt.
3186 4716 3322 4771 Cum
3359 4722 3429 4772 ita

1858 4795 2039 4850 facere
2073 4797 2433 4866 oportuisset,
2469 4813 2577 4852 non
2612 4798 2717 4854 hoc
2754 4799 2903 4864 facit,
2926 4802 3020 4855 sed
3051 4805 3431 4869 ροη1ἰι8τι,Ιιυε

1858 4887 2022 4941 modo
2048 4884 2297 4942 fortassis
2341 4887 2665 4942 confusione
2689 4891 2964 4944 sermonis
2989 4894 3288 4947 ostendens
3319 4912 3437 4949 mo-

1857 4975 2071 5032 lestiam
2105 4993 2267 5046 quam
2306 4978 2451 5032 circa
2518 4978 2639 5033 illos
2676 4978 2928 5033 habebat.
2992 4980 3100 5036 Sed
3154 4998 3324 5051 quare
3372 5001 3436 5040 ex

1861 5065 2075 5121 Domini
2108 5068 2386 5137 discipulis
2415 5069 2617 5139 egressi
2651 5069 2909 5125 dicuntur
2960 5071 3271 5128 antichristi
3302 5075 3325 5127 ἲ
3366 5075 3439 5131 Ut

1858 5172 2083 5229 possent
2112 5160 2254 5231 apud
2288 5175 2383 5215 eos
2413 5161 2507 5231 qui
2548 5162 2943 5215 seducerentur
2998 5161 3106 5217 fide
3139 5164 3288 5234 digni
3336 5166 3437 5220 ha-

1860 5250 1975 5307 beri
2011 5252 2165 5321 quasi
2195 5260 2380 5306 essent
2409 5266 2474 5305 ex
2506 5249 2808 5320 discipulis,
2844 5259 2900 5305 et
2924 5250 3077 5319 juxta
3105 5254 3345 5324 magistri
3374 5269 3437 5307 ac

1860 5341 2219 5412 praeceptoris
2305 5340 2638 5395 sententiam
2710 5338 2956 5397 facerent
3027 5344 3437 5413 praedicationis

1860 5445 2172 5487 sermonem
2234 5449 2247 5485 :
2307 5446 2411 5487 nec
2475 5432 2698 5500 penitus
2760 5433 3092 5489 contrariam
3157 5433 3437 5489 habebant

1860 5523 2343 5594 praedicationem:
2374 5534 2664 5594 propterea
2708 5538 2839 5595 ergo
2869 5525 2939 5579 ab
2987 5523 3093 5579 his.
3157 5545 3175 5578 ε
3224 5524 3300 5579 Ex
3351 5526 3436 5579 his

1862 5615 2064 5683 egressi
2095 5623 2245 5668 sunt.
2288 5632 2307 5665 ι
2350 5613 2486 5668 Cum
2536 5613 2683 5667 enim
2739 5614 2867 5668 facti
2930 5624 3119 5671 essent
3158 5617 3433 5687 discipuli,

1864 5704 2239 5759 discesserunt
2265 5719 2295 5757 a
2335 5702 2566 5758 veritate
2595 5717 2660 5757 ae
2691 5716 2845 5757 suam
2880 5702 3281 5761 adinvenerunt
3326 5706 3435 5759 bla-

1866 5795 2196 5865 sphemiam.
2224 5792 2669 5851 Subaudiendum
2700 5800 2782 5850 est
2813 5799 3021 5851 autem.
3049 5793 3120 5851 Et
3154 5795 3295 5851 unde
3311 5809 3441 5867 pro-
