4166 6448
152 410 254 472 εἲἱὸ

1158 402 1543 461 COMMENT.
1592 400 1671 458 IN
1712 400 1953 461 EPIST.
1995 399 2022 459 Ι
2061 398 2407 460 1οΛΝΝ18.

3308 399 3413 462 646

151 520 391 589 ιξεύστης
430 518 548 570 ἐστὶ
591 520 681 572 καὶ
736 516 1128 587 ’Λντῑχριστος.
1166 516 1392 581 Ἔλεγον
1435 515 1544 584 γὰρ
1587 513 1736 567 ἄλλοι

1845 514 2119 569 Dicebant
2141 514 2285 568 enim
2318 513 2407 568 alii
2432 529 2644 569 rursum
2674 514 2941 583 hmretici,
2967 529 2997 570 a
3022 514 3221 586 quibus
3243 513 3421 583 impu-

151 611 315 663 πάλιν
349 611 696 681 αἱρεσιῶται,
737 606 812 666 ὧν
837 614 864 664 ὁ
886 609 1197 680 κατάρατος
1226 608 1579 669 οὑαλεντῖνος
1602 607 1740 659 ἀπε-

153 701 417 771 γεννήθη,
444 702 605 755 ἄλλον
643 698 781 755 εἷναι
820 703 1041 772 Πατέρα
1086 699 1553 769 ἀκατονόμαστον,
1589 698 1741 768 παρά

151 792 241 846 τὸν
279 792 579 861 λεγόμενον
637 793 857 862 Πατέρα
900 793 994 846 τοῦ
1025 791 1284 863 Χριστοῦ.
1316 791 1478 844 Αὐτοὶ
1514 790 1570 843 δὲ
1595 782 1741 842 οῦτοι

154 881 248 934 καὶ
277 882 371 933 τὸν
406 883 537 935 Υἰδν
569 882 860 953 ἀρνοῦνται
910 883 999 936 διὰ
1043 881 1138 935 τοῦ
1165 882 1452 952 ἄνθρωπον
1473 879 1627 949 ψιλὸν
1656 879 1742 932 λέ-

153 992 270 1041 γειν
318 975 486 1027 αὑτδν
534 975 739 1045 καὶμὴ
796 977 936 1028 κατὰ
995 973 1158 1044 φύσιν
1217 974 1351 1029 Θεὸν
1388 975 1464 1039 ὼς
1510 977 1575 1029 ἐκ
1603 974 1739 1028 Θεοῦ

150 1066 303 1119 ὄντα.
338 1067 419 1117 Δι’
451 1066 478 1117 ὃ
516 1066 791 1136 ἐπιφέρει·
833 1067 981 1128 «Πᾶς
1016 1067 1044 1119 ὁ
1075 1064 1408 1137 ἀρνούμενος
1447 1066 1538 1119 τὸν
1586 1067 1734 1128 Υἰδν,

151 1154 272 1209 οὑδδ
298 1156 391 1207 τὸν
424 1155 643 1225 Πατέρα
674 1156 807 1225 ἔχει·
856 1174 872 1205 ι
918 1156 1106 1225 ὥσπερ
1146 1157 1388 1210 Ἰουδαῖοι.
1416 1157 1739 1228 ἀρνούμενοι

154 1247 253 1315 μὲν
284 1248 379 1299 τὸν
410 1248 554 1310 Υἱὸν,
587 1247 1043 1317 προσποιούμενοι
1072 1247 1129 1300 δὲ
1155 1248 1244 1301 τὸν
1272 1248 1490 1319 Πατέρα
1516 1250 1732 1302 ειδέναι.

162 1338 305 1389 Ἀλλ’
340 1339 579 1390 ἴστωσαν
604 1332 750 1389 οὗτοι
778 1338 859 1391 ὅτι
890 1338 1009 1389 οὐδὲ
1037 1337 1126 1390 τὸν
1151 1338 1371 1405 Πατέρα
1398 1338 1735 1391 ἐπίστανται.

155 1430 213 1481 ΕΞ
251 1431 366 1499 γαρ
404 1430 623 1499 ᾔδεσαν,
658 1431 857 1499 ᾔδεσαν
890 1428 954 1481 ἂν
984 1430 1066 1481 ὄτι
1098 1430 1193 1481 καὶ
1234 1428 1364 1481 Υἱοῦ
1400 1430 1590 1500 Πατήρ
1621 1432 1736 1483 ἐστι

153 1522 516 1588 Μοιιοο,ἐνοῦς,
553 1521 626 1573 Τὸ
665 1523 709 1575 δ’
759 1523 889 1574 αὐτὸ
921 1522 1009 1573 κα“τ
1042 1524 1092 1573 οἱ
1127 1521 1236 1573 ἀπὺ
1267 1521 1506 1590 Σίμωνος
1538 1522 1738 1588 ὲφλυά·

158 1632 303 1683 ρων.
359 1615 586 1668 Ἐκεῖνοι
640 1616 740 1685 μὲν
778 1611 872 1667 οὖν
925 1614 1120 1678 οὕτως,
1185 1615 1370 1682 φησιν,
1412 1614 1570 1681 ὑμεῖς
1611 1614 1666 1665 δὲ
1708 1614 1736 1665 ὃ

1195 1704 1443 1772 θεολογοὺ
1453 1722 1614 1774 μενον
1645 1704 1736 1757 τὸν

1265 1794 1437 1849 Τοῦτο
1487 1795 1598 1863 γὰρ
1648 1795 1736 1848 διὰ

153 1707 422 1770 injust:
472 1707 568 1760 ἀπ’
625 1708 822 1776 ἀρχῆς,
874 1708 1142 1771 τουτέστι,

154 1798 411 1863 Χριστδν,
460 1799 754 1865 φυλάττετε
790 1800 918 1867 παρ’
970 1799 1202 1860 ἑαυτοῖς.

1846 619 1940 659 rus
1984 604 2308 659 Valentinus
2358 612 2582 658 exortus
2630 612 2733 667 εει,
2793 606 2955 660 alium
3016 616 3138 660 esse
3204 613 3415 675 patrem

1848 693 2251 748 innominatum
2283 704 2481 765 prmter
2505 709 2630 749 eum
2659 695 2752 764 qui
2787 695 2986 749 dicitur
3016 694 3175 750 Pater
3193 694 3416 750 Christi.

1844 784 1911 839 Hi
1933 794 2115 839 autem
2135 794 2189 839 et
2244 786 2440 840 Filium
2470 796 2691 858 negant.
2724 800 2791 841 eo
2832 787 2975 856 quod
3000 789 3206 841 nudum
3234 789 3382 841 hoini
3403 817 3418 827 -

1842 889 1969 928 nem
2000 888 2127 928 eum
2157 889 2279 928 esse
2308 876 2516 941 dicant,
2548 887 2733 930 etnon
2802 886 2996 930 natura
3047 875 3241 940 Deum,
3297 888 3421 930 tan-

1842 978 2005 1033 quam
2030 980 2095 1018 ex
2117 963 2245 1017 Deo.
2283 983 2300 1015 ι
2334 964 2592 1033 Quisquis
2619 975 2779 1035 negat
2797 965 3014 1029 Filium,
3049 966 3092 1019 is
3112 982 3179 1019 ne
3202 966 3415 1019 Patrem

1842 1058 2062 1128 quidem
2097 1057 2259 1112 habet
2291 1076 2303 1107 .-
2332 1076 2350 1109 ι
2390 1058 2851 1127 quemadmodum
2880 1059 3053 1112 Judaai
3083 1056 3277 1112 Filium
3295 1057 3420 1127 qui-

1841 1148 1965 1203 dem
1995 1157 2282 1219 ncgantcs,
2320 1146 2536 1201 Patrem
2559 1162 2686 1202 vero
2727 1162 2785 1202 se
2845 1163 3008 1202 nosse
3071 1150 3415 1213 simulantes,

1842 1239 2003 1309 idque
2037 1238 2139 1294 sibi
2166 1240 2531 1294 vindicantes.
2584 1238 2691 1293 Sed
2724 1240 2901 1294 sciant
2957 1238 3012 1293 lii
3061 1241 3203 1309 quod
3240 1255 3418 1309 neque

1841 1333 2055 1386 Patrem
2085 1342 2397 1386 noverunt:
2428 1348 2552 1385 nam
2584 1335 2629 1388 si
2661 1334 2964 1397 novissent,
3000 1334 3203 1388 scirent
3229 1335 3417 1402 utique

1838 1422 1985 1490 quod
2007 1428 2063 1473 ct
2094 1420 2257 1475 Pater
2290 1421 2363 1477 sit
2392 1421 2667 1493 Unigcniti
2698 1423 2846 1477 Filii.
2868 1424 3104 1493 Idipsum
3127 1435 3309 1479 autem
3340 1425 3416 1478 illi

1838 1529 2056 1583 quoque
2098 1517 2473 1583 nugabantur,
2528 1516 2621 1584 qui
2693 1514 2976 1571 Simonem
3028 1518 3415 1586 sequebantur.

1840 1605 2029 1674 Itaque
2056 1607 2131 1660 illi
2178 1607 2283 1661 hoc
2300 1608 2484 1673 modo,
2524 1608 2738 1677 inquit:
2777 1609 2940 1680 576
2961 1619 3015 1663 at
3042 1626 3134 1665 vos
3159 1611 3302 1679 quod
3327 1625 3418 1663 au-

1840 1695 1996 1750 distis
2013 1697 2081 1751 ab
2112 1696 2287 1761 initio,
2321 1708 2451 1767 puta
2477 1699 2714 1752 divinam
2746 1700 2813 1753 de
2842 1701 3062 1755 Christo
3086 1700 3412 1762 doctrinam.

1838 1799 2051 1842 servate
2079 1788 2224 1856 apud
2258 1803 2372 1841 vos.
2399 1786 2533 1841 Nam
2570 1788 2674 1842 hoc
2706 1790 2809 1842 sibi
2834 1792 2969 1853 vult,
3001 1790 3324 1845 Permaneat
3358 1791 3412 1844 in

151 1886 265 1948 τοῦ,
303 1889 529 1940 Μενὲτω
559 1888 616 1940 ἐν
646 1889 796 1957 ὑμῖν,
834 1888 1082 1957 βούλεται
1114 1888 1409 1957 παριστᾷν.
1449 1886 1605 1938 «Ἐὰν
1629 1885 1737 1953 γὰρ

1845 1877 2019 1932 vobis.
2059 1896 2079 1929 ι
2117 1877 2171 1931 Si
2200 1878 2412 1932 cnimin
2442 1879 2595 1933 vobis
2632 1882 2992 1947 permanserit
3016 1881 3158 1949 quod
3211 1880 3278 1933 ali
3310 1880 3415 1932 ini-

152 1982 208 2031 ἑν
258 1982 389 2048 ὑμῖν
444 1981 600 2050 μείνῃ
655 1978 814 2032 τοῦτο
870 1981 899 2032 ὃ
952 1980 1045 2033 ἀπ’
1080 1980 1257 2051 ἀρχῆς
1317 1978 1610 2050 ἠκούσατε,
1645 1978 1739 2030 καὶ

151 2074 310 2138 ὑμεῖς
344 2074 403 2124 ἐν
426 2074 502 2141 τῷ
534 2072 666 2141 Υἱῷ,
711 2074 801 2125 καὶ
832 2074 887 2124 ἐν
922 2072 998 2140 τῷ
1036 2074 1207 2142 Πατρὶ
1242 2073 1471 2140 μενεῖτε.
1516 2089 1532 2123 ι
1570 2071 1741 2123 Τουτ-

152 2168 304 2220 ἐττι,
360 2164 609 2216 κοινωνοὶ
654 2163 821 2217 αὑτοῦ
876 2163 1085 2216 ἔσεσθε.
1149 2162 1337 2232 (Αὕτη
1368 2164 1476 2232 γάρ
1522 2164 1738 2231 ἐστινὴ

152 2255 513 2321 ἐπαγγελία.»
553 2256 656 2307 Τὸν
688 2255 796 2323 γὰρ
855 2254 953 2307 καὶ
1011 2254 1330 2323 σύνδεσμον,
1364 2254 1740 2322 αἱτιολογικῶς

154 2346 476 2414 ἐκληπτέον.
537 2346 672 2397 Ποία
702 2347 851 2397 ἐστὶν
894 2346 925 2414 ἡ
983 2347 1286 2413 ἐπαγγελία
1312 2362 1326 2411 ;
1357 2348 1390 2415 ή
1431 2346 1734 2412 φάσκουσα,

153 2435 237 2487 ῖνα
277 2436 523 2504 «Ὠσπερ
555 2436 663 2500 ἐγὼ
694 2436 749 2487 ἐν
783 2435 885 2500 σοὶ,
915 2436 1118 2503 Πάτερ,
1148 2434 1243 2488 καὶ
1277 2434 1341 2486 σὺ
1375 2435 1433 2488 ὲν
1464 2434 1610 2504 ἐμοὶ,
1647 2438 1739 2487 καὶ

154 2526 307 2577 αὐτοὶ
345 2527 404 2578 ὲν
434 2527 566 2594 ἡμῖν
598 2525 656 2579 ἓν
695 2520 851 2579 ὦσι.)
899 2528 1005 2580 Kal
1035 2526 1221 2578 πάλιν·
1263 2524 1413 2579 «Ἵνα
1443 2525 1610 2594 ἔχωσι
1637 2525 1738 2594 τὴν

156 2620 300 2687 ζωὴν
327 2619 425 2689 τὴν
457 2619 694 2672 αειίνριςν.
726 2619 874 2689 Αὕτη
901 2620 958 2674 δέ
989 2621 1136 2672 ἐστιν
1164 2622 1198 2691 ἡ
1230 2618 1447 2683 αἰώνιος
1474 2619 1607 2689 ζωὴ.
1654 2619 1739 2672 ἵνα

156 2711 473 2774 γινώσκωσι
498 2728 556 2762 σε
594 2713 688 2764 τὸν
728 2712 888 2779 μόνον
921 2713 1174 2781 ἀληθινὸν
1205 2711 1359 2777 Θεὸν,
1394 2710 1489 2764 καὶ
1517 2711 1577 2763 ὃν
1604 2710 1740 2765 ἀπέ-

158 2803 376 2864 στειλας
418 2804 627 2873 Ἰησοῦν
664 2804 954 2873 Χριστόν.»
992 2804 1332 2874 Ἀπαρτίσας
1380 2802 1438 2856 δὲ
1480 2804 1571 2856 τὸν
1610 2804 1740 2873 περὶ

153 2894 361 2947 τούτων
394 2894 572 2962 λόγον,
609 2894 932 2964 προστέθησι
962 2896 1043 2958 τὸ,
1084 2914 1102 2946 ι
1130 2895 1315 2950 Ταῦτα
1360 2894 1575 2966 ἔγραψα
1612 2895 1740 2963 ὑμῖν

156 2987 424 3056 περὶτῶν
458 2987 788 3041 πλανώντων
839 2989 1005 3056 ὑμᾶς,
1039 3007 1059 3039 ι
1094 2987 1361 3052 τουτέστι,
1397 2987 1485 3040 διὰ
1519 2986 1617 3048 τὰς
1649 2985 1738 3050 ἐξ·

157 3075 480 3145 εληλυθυίας
508 3077 769 3147 αἱρέσεις.
809 3072 943 3130 Εἶτα
969 3077 1130 3130 πάλιν
1163 3077 1435 3147 ἐπιφέρει,
1464 3076 1493 3128 ὃ
1519 3077 1612 3129 καὶ
1634 3076 1741 3145 πρὸ

153 3169 349 3219 τούτου
380 3167 626 3236 εἴπομεν,
682 3167 741 3220 τὸ
785 3168 1091 3237 ἀνεπαχθὲς
1121 3168 1302 3231 αὑτοῖς
1341 3167 1738 3238 περιποιούμε-

157 3276 265 3321 νος,
294 3259 378 3310 ὅτι
458 3276 477 3308 ι
505 3259 615 3311 Καὶ
645 3258 801 3311 αὑτοὶ
825 3258 879 3311 δὲ
912 3259 975 3311 τὸ
998 3259 1209 3328 χρίσμα
1238 3258 1267 3310 ὃ
1299 3258 1546 3312 ἐλάϐετε.
1579 3276 1596 3307 ι
1650 3256 1735 3329 (Ti

157 3349 211 3403 δὲ
242 3348 424 3413 τοῦτο,
451 3348 666 3419 εἴρηται
691 3348 815 3421 ήδη,
841 3349 922 3402 ὅτι
946 3349 1006 3403 τὸ
1028 3348 1252 3418 Πνεῦμα
1274 3348 1334 3402 τὸ
1358 3350 1513 3416 ἅγιον
1543 3347 1737 3416 λέγει.)

165 3443 228 3493 '0
260 3437 357 3495 οὖν
388 3441 615 3494 mea:
645 3442 866 3511 Πνεῦμα
895 3441 1070 3509 ἅγιον,
1102 3441 1291 3511 ἐπειδὴ
1326 3440 1545 3510 βέϐαιον
1584 3439 1737 3509 ἔχετε

160 3531 284 3599 παρ’
314 3533 547 3594 ἑαυτοῖς,
578 3530 638 3584 οὑ
661 3531 852 3601 χρείαν
884 3531 1061 3601 ἔχετε,
1087 3534 1175 3587 ἴνα
1204 3548 1287 3595 τις
1320 3530 1547 3602 διδάσκῃ
1574 3531 1737 3601 ὑμᾶς.

170 3622 306 3673 Ἀλλ’
340 3622 417 3683 ὡς
454 3623 516 3674 τὸ
556 3623 689 3675 αὐτὸ
735 3622 969 3692 χρίσμα,
1018 3624 1138 3692 ἦτοι
1166 3624 1225 3676 τὸ
1253 3622 1477 3694 Πνεῦμα
1500 3623 1741 3676 διδάσκει

158 3714 464 3782 ὑμᾶςπερὶ
502 3715 744 3778 πάντων,
787 3714 968 3778 καθὼς
1022 3714 1263 3779 ἐδίδαξεν
1315 3715 1480 3785 ὑμᾶς,
1530 3717 1739 3783 μενεῖτε

158 3809 213 3857 ἐν
236 3805 411 3876 αὑτῷ.
456 3806 681 3877 uanos;
722 3808 829 3875 γάρ
856 3809 996 3873 ἐστι,
1031 3810 1129 3860 καὶ
1159 3808 1260 3861 οὑκ
1296 3807 1413 3863 ἐστι
1450 3806 1669 3875 ψεῦδος,
1713 3806 1741 3857 ὃ

158 3896 400 3965 δηλονότι
440 3897 679 3960 ἐδίδαξεν
737 3898 904 3966 ὑμᾶς’
962 3916 979 3949 ι
1006 3899 1115 3951 Καὶ
1164 3900 1322 3967 ὑμεῖς
1354 3898 1415 3951 τὸ
1467 3899 1674 3969 χρξσμα
1712 3896 1742 3949 ὃ

160 3987 401 4040 ἐλάϐετε.
420 4006 437 4039 ι
473 3987 546 4041 Τὸ
579 3986 707 4052 ἑξῆς
737 3988 931 4051 οὕτως·
959 3988 1070 4042 Καὶ
1100 3990 1258 4058 ὑμεῖς
1288 3989 1413 4042 ἐπεὶ
1441 3990 1501 4043 τὸ
1531 3990 1742 4059 χρίσμα

162 4078 187 4127 ὃ
216 4078 443 4131 ἐλάϐετε
488 4078 583 4130 ἀπ’
617 4078 782 4130 αὑτοῦ
808 4079 865 4131 ἐν
890 4080 1020 4148 ὑμῖν
1062 4080 1237 4147 μένει,
1270 4081 1332 4134 οὑ
1364 4061 1555 4151 χρέίαν
1589 4079 1739 4149 ἔχετε

164 4169 243 4219 ἵνα
272 4184 356 4230 τις
380 4166 610 4238 διδάσκῃ
639 4168 802 4237 ὑμᾶς.

230 4348 332 4401 Καὶ
366 4346 507 4407 νῦν,
547 4348 771 4414 τεκνία,
791 4347 1004 4415 μένετε
1033 4350 1102 4403 ἐν
1133 4349 1315 4415 αὐτῷ,
1334 4352 1434 4404 ἵνα
1462 4352 1607 4404 ὅταν
1634 4367 1744 4418 55a-

163 4435 408 4502 νερωθῇ,
434 4436 667 4503 ἔχωμεν
704 4439 1067 4505 παρῤησιάν,
1098 4441 1302 4508 καὶῇμὴ
1324 4440 1744 4508 αἰσχυνθῶμεν

1842 1970 1919 2025 tio
1940 1970 2189 2036 audistis,
2220 1979 2276 2025 et
2306 1986 2403 2025 vos
2436 1971 2489 2024 in
2544 1970 2680 2024 Filio
2735 1982 2789 2025 et
2832 1972 2990 2027 Patre
3049 1973 3357 2027 mancbitis.
3395 1992 3410 2021 ι

1842 2057 1954 2114 lloc
1978 2070 2080 2125 est,
2116 2068 2400 2114 consortes
2427 2062 2547 2129 ejus
2586 2061 2758 2115 eritis.
2796 2080 2813 2111 ι
2841 2061 2967 2116 Πωο
2991 2064 3234 2116 estenim
3286 2080 3415 2133 pro-

1843 2152 2052 2207 missio.
2089 2170 2107 2203 ι
2147 2150 2427 2221 Siquidem
2456 2152 2903 2219 coniunctionem
2956 2155 3071 2216 καὶ,
3100 2154 3150 2207 id
3199 2166 3280 2208 est
3340 2165 3412 2218 et,

1842 2246 2132 2299 causaliter
2166 2253 2379 2314 oportet
2402 2245 2652 2315 accipere
2706 2261 2803 2315 pro
2832 2246 3000 2300 enim.
3028 2245 3159 2312 Qum
3199 2256 3285 2301 est
3314 2262 3415 2300 au-

1842 2347 1948 2391 tem
1980 2338 2305 2407 promissio?
2336 2353 2400 2392 ea
2426 2353 2534 2405 qua
2563 2337 2692 2393 dicit
2720 2338 2980 2392 Dominus
3033 2339 3100 2393 ad
3142 2338 3355 2393 Patrem
3397 2355 3412 2393 :

1847 2446 1865 2478 ι
1890 2427 1963 2483 Ut-
1988 2429 2128 2483 sicut
2157 2443 2257 2497 ego
2292 2428 2348 2483 in
2371 2438 2498 2484 teet
2526 2439 2583 2483 tu
2623 2430 2678 2483 in
2719 2445 2823 2494 me,
2863 2430 2936 2484 ita
2972 2439 3027 2485 et
3062 2431 3161 2499 ipsi
3187 2432 3414 2485 innobis

1843 2537 2012 2574 unum
2040 2521 2169 2575 sint.
2201 2540 2219 2571 ι
2258 2520 2322 2574 Ει
2345 2536 2567 2575 rursum
2594 2537 2607 2573 :
2636 2540 2654 2573 ι
2689 2520 2759 2576 Ut
2790 2522 3032 2577 habeant
3058 2522 3223 2576 vitam
3246 2534 3413 2578 teter-

1841 2626 1989 2665 nam.
2044 2610 2171 2666 Haic
2213 2621 2297 2666 est
2329 2622 2512 2666 autem
2558 2612 2671 2666 vita
2721 2622 2947 2673 aeterna.
2983 2620 3041 2666 ut
3079 2623 3415 2683 cognoscant

1846 2713 1894 2757 te
1926 2704 2099 2757 solum
2120 2718 2310 2756 verum
2342 2701 2536 2765 Deum,
2566 2711 2621 2758 et
2642 2718 2803 2773 quem
2827 2704 3019 2757 misisti
3052 2702 3235 2759 Jesuin
3255 2705 3417 2760 Chri-

1842 2794 2068 2849 stum“.
2106 2814 2123 2844 ι
2165 2794 2429 2848 Absolnto
2459 2810 2589 2849 vero
2609 2795 2675 2849 de
2730 2796 2818 2850 his
2866 2811 3139 2859 sermone,
3200 2797 3350 2851 addit
3400 2813 3416 2852 :

1852 2905 1869 2937 ι
1901 2886 2027 2939 llaec
2050 2885 2241 2954 scripsi
2269 2886 2425 2939 vobis
2450 2886 2518 2940 de
2552 2886 2637 2941 his
2658 2888 2751 2956 qui
2778 2885 3049 2941 seducunt
3069 2903 3200 2941 vos:
3246 2907 3263 2938 ι
3314 2888 3419 2943 hoc

1843 2988 1944 3043 est,
1977 2988 2197 3049 propter
2225 2994 2316 3032 eas
2346 2994 2466 3047 quae
2493 2989 2621 3032 sunt
2643 2995 2878 3050 egressa
2909 2981 3168 3035 limi-eses.
3217 2979 3420 3035 Deinde

1844 3087 2061 3125 rursum
2093 3071 2374 3141 subiungit
2397 3072 2541 3140 quod
2572 3082 2730 3126 antea
2781 3072 3039 3137 diximus,
3080 3074 3318 3127 cllicicns
3351 3088 3423 3128 ne

1846 3165 2109 3220 molestus
2138 3165 2207 3218 sit
2244 3165 2324 3218 eis
2369 3180 2569 3229 sermo,
2610 3184 2628 3217 ι
2688 3166 2793 3235 1ρεί
2840 3182 3056 3236 quoque
3104 3167 3420 3221 unctionem

1844 3257 2150 3325 accepistis.
2177 3275 2192 3306 ι
2210 3257 2341 3321 Quae
2366 3256 2639 3311 sitautcm
2661 3256 2774 3322 illa,
2804 3259 2910 3326 jam
2938 3259 3143 3312 dictum
3168 3260 3418 3328 estquod

1845 3347 1990 3401 dicat
2018 3346 2279 3415 Spiritum
2311 3357 2585 3402 sanctum.
2614 3348 3066 3417 Quandoquidem
3110 3366 3239 3421 ergo
3297 3350 3421 3420 Spi-

1844 3438 2008 3492 ritum
2037 3448 2289 3492 sanctum
2335 3454 2499 3507 quem
2563 3439 2873 3509 accepistis,
2946 3442 3159 3495 lirniuiu
3203 3443 3422 3497 habetis

1841 3529 1988 3601 apud
2034 3545 2131 3585 vos
2157 3530 2327 3600 ipsos,
2361 3546 2473 3585 non
2499 3546 2724 3587 necesse
2754 3533 2969 3588 habetis
3027 3541 3088 3589 ut
3133 3536 3422 3604 quisquam

1843 3623 2041 3678 doceat
2075 3639 2173 3677 vos
2202 3641 2216 3678 ι
2241 3625 2334 3677 sed
2364 3625 2504 3679 sicut
2540 3626 2651 3693 ipsa
2671 3626 2859 3680 unctio
2894 3627 3007 3681 sive
3034 3627 3145 3696 ipse
3182 3628 3420 3697 Spiritus

1843 3716 2005 3770 docet
2027 3732 2124 3769 vos
2152 3716 2219 3770 de
2248 3717 2502 3770 omnibus
2532 3718 2675 3772 sient
2701 3717 2891 3771 docuit
2939 3734 3053 3781 vos,
3101 3730 3317 3773 manete
3367 3720 3423 3773 iu

1844 3807 1962 3877 ipso
1994 3825 2007 3862 :
2044 3823 2165 3863 nam
2212 3823 2400 3862 verum
2458 3818 2559 3871 est,
2611 3818 2665 3863 et
2711 3824 2820 3863 non
2863 3820 2945 3865 est
2974 3812 3320 3865 mendacium
3367 3813 3420 3865 id

1845 3899 2102 3955 videlicet
2145 3905 2292 3969 quod
2335 3901 2659 3955 doeuitvos.
2700 3919 2719 3952 ι
2770 3901 2837 3955 Et
2893 3904 3080 3957 unctio
3124 3920 3285 3971 quam
3330 3920 3426 3958 vos

1844 3992 2153 4060 accepistis.
2187 4011 2206 4043 ι
2244 3992 2462 4045 Litterae
2498 3993 2670 4046 series
2698 4001 2781 4047 est
2809 3994 2923 4048 hzec
2959 4014 2971 4047 :
3008 3995 3075 4048 Et
3132 4013 3247 4056 vos.
3286 4014 3423 4065 quo-

1845 4082 1991 4137 niam
2040 4082 2229 4137 unctio
2282 4097 2445 4151 quam
2492 4083 2562 4136 ab
2614 4083 2733 4151 ipso
2777 4085 3065 4154 accepistis
3122 4098 3303 4140 manet
3360 4089 3416 4141 in

1844 4173 2021 4237 vobis,
2072 4188 2181 4227 non
2238 4187 2467 4228 necesse
2516 4174 2730 4228 habetis
2779 4186 2839 4229 ut
2901 4176 3189 4244 quisquam
3229 4178 3423 4231 doceat

1845 4279 1964 4319 VOS.

1921 4355 1983 4419 ll,
2011 4354 2101 4419 98,
2123 4355 2213 4409 9.9.
2236 4358 2301 4409 Et
2325 4372 2483 4417 nunc,
2501 4356 2669 4423 ﬁiioli.
2702 4367 2908 4411 manete
2928 4359 2981 4410 in
3008 4375 3085 4419 eo,
3107 4368 3161 4411 ut
3185 4376 3298 4412 cum
3325 4378 3423 4428 ap-

1846 4449 2084 4516 paruerit
2117 4448 2403 4500 habeamus
2431 4448 2702 4513 ﬁduciam,
2755 4459 2802 4502 et
2835 4466 2937 4502 non
2976 4452 3328 4517 pride/ionius,
3354 4454 3421 4504 ab

164 4528 259 4579 ἀπ’
300 4528 493 4580 αὑτοῦ
536 4527 606 4578 ἐν
656 4525 729 4594 τῇ
766 4529 1069 4595 παρουσίᾳ
1102 4530 1313 4584 αὑτοῦ.
1374 4531 1509 4583 Ἐὰν
1547 4528 1740 4596 εἰδῆτε

1851 4556 1909 4593 eo
1948 4541 2003 4591 in
2028 4542 2257 4592 adventu
2301 4539 2434 4606 ejus.
2468 4538 2527 4592 Si
2566 4540 2710 4591 scitis
2735 4541 3085 4608 quodjustum
3116 4551 3210 4601 est,
3242 4545 3423 4595 scitote

166 4616 249 4669 ἔτι
280 4617 517 4680 δίκαιός
541 4618 696 4677 ἐστι,
721 4616 1065 4684 γινώσκετε,
1094 4618 1182 4671 ὅτι
1213 4617 1330 4684 πᾶς
1359 4620 1391 4671 ό
1422 4618 1609 4671 ποιῶν
1634 4619 1744 4683 τὴν

166 4707 581 4772 δικαιοσύνην,
627 4706 696 4771 ἐξ
732 4708 916 4761 αὑτοῦ
948 4707 1279 4776 τεγέιηται.

237 4804 424 4857 Ἰὃετε
443 4802 728 4869 ποταπὴν
744 4803 985 4871 ἀγάπην
1000 4803 1259 4857 δέδωκεν
1278 4804 1423 4871 ἡμῖν
1452 4807 1485 4857 o’
1517 4806 1637 4857 Har
1651 4806 1740 4871 ἧς,

167 4893 259 4943 ἵνα
282 4894 463 4947 τέκνα
495 4892 643 4946 Θεοῦ
670 4890 1003 4960 κληθῶμεν.
1037 4892 1138 4945 Διὰ
1160 4892 1336 4947 τοῦτο
1360 4896 1391 4946 ὀ
1413 4894 1640 4961 κόσμος
1673 4897 1743 4948 οὐ

170 4984 438 5051 γινώσκει
457 4984 638 5051 ἡμᾶς,
653 4985 742 5037 ὅτι
769 4987 876 5038 οὐκ
892 4987 1044 5053 ἔγνω
1059 4985 1267 5039 αὐτόν.
1286 4986 1591 5053 Ἀγαπητοὶ
1604 5026 1616 5045 .
1632 4987 1747 5039 νῦν

170 5076 343 5129 τέκνα
373 5076 525 5131 Θεοῦ
561 5076 767 5143 ἐσμεν,
808 5074 906 5126 καὶ
936 5075 1101 5127 οὔπω
1124 5074 1466 5142 ἐφανερώθη
1489 5076 1520 5126 ὅ
1539 5092 1589 5127 τι
1607 5076 1747 5129 ead.

164 5174 330 5237 μεϐα.
362 5168 624 5237 Οἴδαμεν
654 5168 744 5232 δὲ,
785 5168 871 5221 ὅτι
894 5168 1003 5221 ἐὰν
1018 5167 1353 5236 φανερωθῇ,
1378 5168 1566 5235 ὅμοιοι
1592 5166 1750 5231 αι’-τῷ

171 5262 443 5327 ἐσόμεθα,
480 5260 570 5312 ὅτι
597 5260 867 5327 ὀψόμεθα
897 5260 1085 5311 αὑτὸν
1116 5257 1307 5323 καθώς
1327 5258 1478 5311 ἐστι.
1506 5259 1612 5312 Καὶ
1636 5255 1752 5320 πᾶς

171 5356 201 5405 ό
219 5356 371 5422 ἔχων
404 5354 519 5420 τὴν
537 5352 755 5405 ἐλπίδα
779 5354 1003 5417 ταύτην
1029 5351 1121 5403 ἐπ’
1145 5352 1350 5413 αὑτὸν,
1367 5349 1582 5418 ἁγνίζει
1613 5350 1747 5402 ἐαυ-

172 5448 271 5497 τέν
300 5445 489 5510 καθὼς
515 5444 749 5509 ἐκεῖνος
774 5443 958 5512 ἁγνός
986 5442 1137 5495 ἐστι.

242 5536 488 5605 Εἰρηκὼς
525 5538 624 5603 τὴν
668 5536 777 5587 τῶν
806 5534 1167 5603 ἁντιχρίστων
1216 5530 1407 5599 φορὰν,
1440 5540 1533 5583 και
1567 5532 1745 5584 πᾶσαν

174 5630 267 5695 τὴν
300 5628 679 5694 ὲνδιέιστροςον
712 5625 890 5678 αὐτῶν
946 5624 1314 5687 διδασκαλίαν,
1353 5624 1444 5690 ἀφ’
1468 5619 1533 5692 ἦς
1558 5622 1746 5691 ὥσπερ

244 5801 350 5835 Tol

326 5804 483 5856 Joan.
520 5819 629 5858 ιιι.
668 5804 711 5871 1,
736 5805 788 5857 2.

1853 4631 1990 4698 quod
2023 4631 2193 4682 onmis
2242 4630 2331 4697 qui
2369 4630 2497 4696 facit
2548 4630 2842 4695 justitiam,
2899 4632 3092 4699 exipso
3131 4645 3287 4685 natus
3326 4645 3419 4688 cst.

1924 4799 2007 4863 Ill,
2042 4801 2131 4854 1-3
2186 4798 2364 4853 Videte
2382 4800 2587 4870 qualem
2617 4802 2927 4857 charitatcm
2963 4805 3103 4859 dedit
3132 4809 3275 4862 nobis
3314 4809 3425 4863 Pa-

1854 4899 1952 4952 tcr,
1984 4899 2041 4942 ut
2093 4890 2313 4958 ﬁliiDei
2362 4892 2712 4946 nominentur.
2786 4892 3009 4963 Propter
3056 4898 3150 4949 hoc
3200 4903 3423 4953 mundus

1852 4998 1957 5035 non
2003 4984 2141 5035 norit
2196 4998 2308 5044 nos,
2372 4984 2497 5051 quia
2555 4999 2654 5035 non
2720 4986 2861 5037 novit
2898 5002 3035 5040 eum.
3090 4987 3421 5055 Cltarissimi,

1854 5090 1991 5127 nunc
2017 5076 2117 5142 lilii
2154 5075 2249 5128 Dei
2305 5092 2508 5138 sumus,
2574 5084 2621 5129 et
2652 5080 2881 5130 nondum
2925 5082 3174 5147 apparuit
3211 5082 3265 5135 id
3286 5086 3424 5152 quod

1857 5168 2022 5237 futuri
2052 5183 2255 5220 sumus.
2333 5166 2539 5221 Scimus
2579 5180 2752 5221 autem
2800 5171 2939 5239 quod
2997 5172 3043 5224 si
3090 5177 3420 5243 apparuerit,

1859 5257 2062 5310 similes
2109 5259 2155 5310 ei
2178 5258 2408 5315 erimus;
2453 5260 2701 5325 quoniam
2757 5261 3046 5313 videbimus
3103 5280 3222 5316 cum
3269 5268 3422 5320 sicuti

1854 5358 1950 5401 est.
1986 5347 2052 5400 Et
2077 5349 2246 5400 omnis
2274 5350 2364 5417 qui
2398 5349 2549 5401 habet
2580 5349 2715 5402 lianc
2746 5367 2886 5417 spem
2914 5354 2967 5404 in
2996 5370 3073 5418 eo,
3094 5357 3341 5422 puriﬁcat
3371 5376 3426 5414 se

1852 5440 1985 5492 sicut
2012 5448 2059 5491 et
2091 5440 2180 5492 ille
2210 5455 2370 5507 purus
2408 5448 2502 5493 est.

1923 5527 2082 5597 577
2110 5529 2398 5597 Postquam
2441 5529 2575 5584 dixit
2619 5530 2686 5586 de
2717 5532 3134 5602 congregatione
3165 5532 3395 5585 antichri

1857 5630 2170 5683 storum,ct
2225 5622 2291 5677 de
2356 5638 2608 5691 perversa
2667 5623 2878 5677 illorum
2938 5625 3259 5689 doctrina,a
3319 5640 3423 5693 qua
