4166 6448
734 455 841 520 64⁸1

1822 441 2214 506 (IZCUMENII
2238 432 2529 497 TRICCE
2569 428 2905 491 EPISCOI’I

3874 412 3992 473 6ἶὲ

733 570 899 627 veluti
933 567 1247 622 charactere
1288 558 1521 631 quodam
1552 555 1869 611 manifestos
1908 570 2024 611 sese
2060 552 2309 607 reddidc-
2343 568 2355 608 ι

2457 543 2722 612 αρακτῆρί
2764 557 2872 592 τινι
2915 537 3196 605 διαδή).ο·.›ς
3236 532 3433 593 αῦτοῦς
3466 529 3852 597 κατεστήσατε,
3891 532 3994 579 καί

735 671 899 717 runt:
928 676 991 715 ac
1034 658 1166 713 satis
1204 654 1435 710 ﬁrmavit
1468 661 1663 717 eos,ut
1700 648 1907 704 immoti
1955 645 2309 715 persisterent

736 752 879 807 circa
911 768 973 804 ea
1008 750 1061 803 in
1097 746 1297 816 quibus
1328 744 1577 798 instructi
1611 749 1786 802 erant,
1806 735 2086 804 subjungit
2117 745 2313 785 conse-

736 850 970 912 quenter
1003 840 1290 906 repositam
1325 850 1540 903 quoque
1584 841 1806 902 propter
1834 831 1950 882 "ista
1986 825 2313 883 mercedem,

739 940 995 997 tanquam
1019 926 1271 980 fortiores
1298 938 1394 979 eos
1416 922 1650 976 reddens
1673 920 1915 975 claritate
1946 914 2313 985 praemiorum.

738 1027 794 1073 et
825 1018 899 1071 ait
927 1034 941 1070 :
978 1036 995 1069 ι
1026 1016 1234 1070 Manele
1267 1015 1320 1067 in
1356 1028 1440 1066 eo.
1468 1030 1485 1062 ι
1517 1011 1733 1076 Quare?
1757 1009 1822 1063 Ut
1852 1008 2145 1061 habeamus
2178 1002 2315 1054 ﬁdu-

741 1108 881 1163 ciam
935 1109 988 1161 in
1035 1109 1150 1170 ipso
1197 1119 1321 1158 cum
1372 1102 1701 1172 apparuerit.
1751 1097 1889 1165 Quid
1935 1096 2081 1149 enim
2121 1092 2319 1147 clarius

745 1209 841 1253 aut
904 1195 1318 1253 desiderabilius
1374 1194 1573 1249 ﬁducia
1622 1206 1727 1261 qua
1781 1186 2078 1242 exhibituri
2132 1198 2318 1238 sumus

748 1289 967 1343 Christo
1001 1300 1215 1342 nostros
1242 1287 1297 1340 in
1336 1287 1446 1340 vita
1494 1291 1737 1353 peractos
1784 1281 2018 1343 labores,
2059 1275 2319 1331 facientes

745 1381 853 1435 hoc
882 1395 1007 1434 cum
1054 1378 1249 1431 ﬁducia
1295 1385 1350 1431 et
1388 1376 1441 1428 in
1480 1375 1628 1427 nullo
1663 1371 1929 1443 pudorem
1986 1367 2320 1423 sustinentes

748 1472 805 1526 in
843 1472 1078 1525 adventu
1111 1470 1267 1537 ejus?
1296 1467 1366 1521 Et
1390 1466 1647 1535 quoniam
1682 1462 1975 1518 verisimile
2014 1467 2132 1515 erat
2159 1470 2321 1526 quos-

753 1562 875 1615 dam
918 1560 1364 1627 interrOgaturos,
1416 1555 1613 1624 quibus
1645 1552 1900 1621 opeerus
1949 1548 2083 1617 grati
2124 1547 2173 1600 ei
2209 1545 2322 1599 ﬁeri

750 1658 995 1719 possent,
1011 1648 1170 1702 docet
1197 1647 1360 1701 etiam
1389 1646 1584 1706 hoc,et
1610 1643 1685 1695 ait
1716 1660 1729 1696 :
1757 1639 1812 1695 Si
1848 1636 2180 1709 cognovistis
2198 1649 2324 1689 eum

752 1743 899 1813 quod
941 1744 1123 1811 justus
1165 1742 1254 1805 sit,
1275 1740 1460 1808 utique
1508 1748 1562 1791 et
1596 1736 1701 1790 hoc
1736 1734 1930 1789 scitote
1974 1731 2117 1801 quod
2158 1730 2204 1783 is
2236 1727 2326 1797 qui

753 1833 885 1887 facit
928 1832 1197 1900 justitiam
1242 1846 1309 1883 ex
1359 1830 1478 1897 ipso
1517 1837 1677 1881 natus
1723 1827 1835 1879 sit:
1865 1825 2047 1893 justus
2095 1835 2329 1888 namque

2414 638 2612 699 ἱκανῶς
2646 634 2903 703 στηρίξας
2958 630 3309 700 ἀμεταθέτως
3338 628 3482 695 ἔχειν
3516 625 3642 693 περὶ
3677 624 3709 677 '1
3747 624 3998 689 κατηχῆ-

2415 729 2609 797 θησαν,
2640 727 2835 791 ἐπάγει
2865 723 3052 777 λοιπὸν
3084 723 3179 774 καὶ
3202 721 3291 773 τὸν
3318 717 3679 783 ἀποκείμενον
3700 713 3787 765 διὰ
3814 712 4001 763 ταῦτα

2420 818 2629 889 μισθὸν,
2683 815 2871 884 ὥσπερ
2934 793 3291 880 ἰσχυᾷοποιῶν
3354 808 3548 868 αὐτοὺς
3589 804 3675 856 διὰ
3731 803 3833 869 τῆς
3881 802 4002 853 τῶν

2417 908 2664 962 ἐπάθλων
2696 905 3112 973 λαμπρότητος,
3162 900 3255 951 καί
3304 914 3500 966 φησιν,
3535 896 3662 969 ὅτι·
3722 912 3740 942 ι
3782 893 4001 945 Μένετε

2420 998 2476 1048 ὲν
2502 994 2671 1063 αὐτῷ.
2702 1015 2719 1043 ο
2758 992 2853 1043 Διὰ.
2887 993 2973 1055 ti;
3012 990 3129 1041 ’Ίνα
3168 987 3380 1055 ἔχωμεν
3412 982 3725 1053 παῤῥῃτίαν
3764 982 3821 1032 ἐν
3846 980 4000 1047 αἰτιῇ

2419 1090 2546 1140 ὅταν
2576 1082 2890 1153 φανερωθῇ.
2951 1082 3015 1132 Τί
3054 1081 3163 1149 γὰρ
3199 1082 3660 1146 περιφανέστερον
3689 1074 3718 1139 ἦ
3754 1072 4003 1139 ζηλωτόο

2420 1194 2576 1246 τερον
2605 1174 2939 1245 παρρησίας,
2971 1171 3189 1223 ἐπειδὰν
3214 1163 3256 1234 ᾧ
3280 1166 3681 1220 emam-mam
3710 1164 4003 1229 μέλλωμεν

2421 1270 2546 1328 τοὺς
2575 1268 2632 1318 ὲν
2662 1264 2740 1334 τῷ
2772 1264 2870 1334 βίῳ
2899 1262 3095 1323 πόνους
3125 1260 3302 1329 ἡμῶν,
3336 1257 3474 1326 μετὰ
3497 1254 3811 1325 παρρησίας
3839 1253 4004 1303 τοῦτο

2426 1358 2685 1428 ποιοῦμεν
2724 1357 2815 1408 καὶ
2854 1354 3017 1425 μηδὲν
3073 1350 3456 1419 αἰσχυνόμενοι
3504 1350 3562 1401 ὲν
3609 1350 3676 1415 τῇ
3723 1344 4007 1414 παῳυσξα

2425 1449 2589 1502 αὑτοῦ
2620 1464 2634 1513 ;
2666 1445 2853 1516 ἐπειδὴ
2892 1444 3035 1504 εἰκός
3083 1459 3235 1502 τινας
3267 1441 3471 1510 ζητεῖν,
3500 1438 3620 1490 τίνα
3654 1435 4008 1506 κατορθωκό-

2424 1558 2515 1603 τες
2568 1540 2851 1611 εὐάρεστοι
2885 1536 3033 1607 αὐτῷ
3080 1536 3343 1603 γένοιντο,
3402 1531 3643 1585 διδάσκει
3702 1532 3798 1582 καὶ
3847 1528 4014 1580 τοῦτο

2427 1631 2521 1683 καί
2549 1646 2735 1700 φησιν,
2770 1630 2875 1693 ὅτι,
2914 1628 2977 1680 Ei
3000 1626 3276 1693 ἐγνώκατε
3314 1624 3496 1685 αὑτὸν,
3519 1624 3599 1674 ὅτι
3630 1621 3835 1679 δίκαιός
3867 1622 4011 1681 ἐστι,

2436 1723 2653 1783 πάντως
2684 1722 2775 1772 καὶ
2800 1719 2956 1772 τοῦτο
2988 1718 3303 1785 γινώσκετε,
3332 1716 3411 1767 ὅτι
3438 1717 3464 1767 ὁ
3488 1714 3655 1765 ποιῶν
3678 1715 3773 1783 τὴν
3800 1715 3980 1766 δικαο
3999 1742 4013 1752 ο

2434 1814 2621 1881 σῦνην,
2656 1812 2713 1875 ἐξ
2748 1811 2910 1863 αὑτοῦ
2938 1810 3248 1877 γεγένηται.
3294 1806 3352 1859 '0
3388 1807 3591 1869 δίκαιος
3632 1806 3737 1877 γὰρ
3767 1806 4015 1867 δικαίους

750 1896 1196 1994 justos'gencrat.
1219 1896 1391 1975 Porro
1418 1926 1680 1988 quantum
1718 1917 1787 1970 sit
1825 1917 1928 1969 hoc
1959 1914 2023 1969 ad
2061 1912 2332 1984 gloriatio-

2457 1908 2625 1977 γεννᾷ.
2663 1905 2826 1956 Ὅσον
2870 1902 2925 1954 δὲ
2959 1902 3114 1955 τοῦτο
3161 1902 3240 1962 εἰς
3271 1901 3533 1970 καύχημα
3565 1901 3657 1951 καὶ
3696 1898 4015 1969 necuim

758 2031 882 2071 nem
954 2025 1007 2067 et
1062 2013 1317 2066 ﬁduciam
1374 2019 1615 2064 nostram
1678 2008 1860 2060 nullus
1923 2004 2339 2075 ignorat-:sicut

760 2122 942 2175 neque
988 2104 1140 2167 illttd,
1177 2118 1373 2171 nempe
1419 2110 1620 2169 quanta
1654 2107 1709 2153 et
1738 2099 1913 2167 qualis
1943 2098 2012 2151 sit
2041 2096 2256 2149 dilectio
2285 2102 2342 2147 et

760 2197 1067 2266 benignitas
1123 2209 1284 2263 quam
1341 2207 1468 2261 erga
1519 2206 1616 2245 vos
1666 2187 1934 2244 exhibuit.
1964 2186 2153 2241 Videte
2192 2186 2338 2239 enim

761 2287 909 2357 quod
955 2285 1165 2339 dederit
1192 2284 1348 2337 nobis
1386 2292 1443 2335 ut
1475 2281 1569 2333 lilii
1616 2278 1696 2332 sui
1741 2292 1988 2331 essemus
2032 2285 2084 2329 et
2128 2289 2342 2328 voeare-

765 2393 909 2431 mur.
935 2376 1087 2441 Quod
1112 2376 1153 2429 si
1177 2389 1271 2427 cos
1294 2374 1385 2442 qui
1412 2380 1541 2425 sunt
1577 2372 1627 2423 in
1653 2369 1853 2421 mundo
1883 2368 1985 2420 hoc
2014 2366 2194 2428 lateat,
2217 2375 2343 2433 puta

766 2483 869 2521 nos
899 2482 1019 2521 esse
1053 2465 1144 2519 Dei
1192 2464 1351 2527 ﬁlios,
1376 2478 1445 2516 ne
1476 2463 1579 2516 hoc
1619 2457 1960 2514 admiremini
1998 2475 2010 2509 :
2053 2471 2179 2510 nam
2221 2470 2347 2525 pro.

769 2564 893 2626 pter
928 2556 1031 2608 hoc
1075 2553 1313 2607 mundus
1359 2566 1469 2604 non
1520 2548 1671 2603 novit
1716 2562 1834 2611 nos,
1860 2546 2118 2615 quoniam
2173 2560 2350 2613 neque

771 2662 895 2701 eum
925 2646 1075 2700 novit
1103 2644 1197 2714 qui
1231 2658 1330 2697 nos
1370 2642 1647 2711 ad0ptavit
1677 2640 1731 2693 in
1765 2639 1922 2692 lilios.
1952 2636 2110 2702 Quod
2165 2647 2349 2691 autem

770 2737 1036 2791 mundum
1067 2734 1212 2787 dicat
1256 2732 1413 2785 vilem
1444 2739 1499 2785 et
1527 2731 1795 2798 ahjectam
1836 2728 2075 2791 turbam,
2100 2725 2353 2795 frequen-

774 2837 858 2882 ter
881 2825 1241 2881 ostendimus.
1282 2821 1487 2877 Deinde
1517 2832 1806 2891 postquam
1846 2818 2193 2887 adoptionem
2224 2832 2355 2871 con-

772 2916 1027 2979 tinuavit,
1056 2914 1257 2969 clarius
1288 2921 1411 2984 post
1454 2904 1569 2966 haec
1600 2910 1733 2964 dicit
1771 2918 1827 2963 et
1871 2909 2093 2980 gloriam
2126 2923 2189 2960 ac
2218 2908 2357 2961 ﬁdu-

773 3006 915 3060 ciam
962 3019 1063 3058 seu
1094 3002 1405 3058 libertatem
1454 3016 1575 3070 qua
1618 2998 1704 3053 his
1750 2998 1988 3067 reposita
2019 3006 2104 3052 est
2136 2996 2227 3065 qui
2258 2995 2355 3049 ad-

775 3094 947 3165 optati
990 3103 1136 3155 sunt,
1177 3102 1234 3147 et
1278 3091 1354 3145 ait
1387 3109 1400 3143 :
1439 3109 1455 3141 ι
1491 3087 1836 3151 Charissimi,
1871 3101 2019 3140 nunc
2094 3085 2187 3138 ﬁlii
2264 3084 2355 3139 Dei

776 3201 985 3244 sumus.
1003 3203 1021 3235 ι
1052 3186 1127 3237 Ac
1146 3184 1191 3237 si
1222 3182 1430 3237 diceret
1456 3197 1471 3234 :
1495 3177 1751 3242 Omnino,
1780 3175 2109 3240 charissimi,
2138 3191 2201 3229 ex
2225 3190 2356 3243 prce-

778 3274 1099 3331 cedeutibus
1121 3274 1273 3327 scitis
1300 3271 1445 3341 quod
1474 3272 1529 3323 in
1555 3269 1695 3323 ﬁlios
1721 3269 1815 3322 Dei
1846 3270 2112 3337 assuntpti
2144 3268 2314 3320 simus
2339 3283 2354 3319 :

778 3354 926 3437 quod
951 3367 994 3420 si
1025 3368 1075 3419 id
1104 3365 1345 3419 nondum
1372 3361 1777 3417 manifestatum
1803 3370 1905 3421 est,
1933 3373 2002 3412 ne
2026 3357 2318 3413 turbemini
2343 3374 2357 3411 :

781 3458 925 3527 quod
969 3458 1114 3510 enim
1150 3470 1296 3509 nunc
1333 3455 1597 3509 incertum
1639 3462 1742 3516 est,
1767 3448 2239 3505 manifestum-ﬁet
2272 3448 2363 3501 illo

782 3548 1040 3602 revelato.
1063 3545 1343 3614 Siquidem
1371 3542 1679 3613 adoptionis
1708 3542 2051 3611 splendorem
2078 3539 2365 3593 exhibebi-

746 3674 749 3677 -
784 3652 908 3692 mus
936 3646 1262 3706 apparentes
1289 3635 1391 3704 ipsi
1424 3633 1651 3693 similes;
1671 3647 1796 3685 nam
1831 3630 1927 3684 ﬁlii
1959 3630 2183 3683 omnino
2214 3628 2365 3682 simi-

786 3729 866 3782 les
893 3735 1022 3781 sunt
1062 3726 1221 3795 patri.
1246 3724 1354 3779 Sed
1384 3733 1440 3778 et
1470 3723 1667 3779 fiducia
1711 3737 1839 3791 erga
1890 3721 2067 3791 ipsum
2104 3720 2368 3774 habentes

790 3828 1047 3885 tauquam
1090 3817 1209 3879 ﬁlii,
1236 3815 1548 3870 videbimus
1589 3828 1713 3867 eum
1752 3812 1912 3866 sicuti
1954 3822 2038 3866 est
2062 3830 2076 3866 :
2100 3826 2209 3863 non
2240 3824 2370 3863 sane

784 3909 937 3979 juxta
958 3908 1129 3977 ipsius
1149 3916 1419 3971 naturam;
1440 3919 1563 3959 nam
1591 3905 1694 3958 hoc
1719 3903 2054 3973 impossibile
2075 3911 2158 3956 est
2178 3911 2372 3956 creatae

791 4009 999 4054 natura:
1028 4016 1043 4053 :
1074 3999 1169 4052 sed
1203 3997 1370 4066 quid?
1402 3998 1609 4065 justum
1632 3994 1788 4065 justi,
1809 4010 2003 4063 purum
2035 3994 2174 4063 puri.
2197 3992 2373 4046 Simili

794 4090 943 4144 enim
989 4089 1345 4142 adhaarebunt
1378 4094 1435 4141 et
1466 4084 1692 4140 similes.
1715 4084 1850 4139 Nam
1880 4084 1950 4138 ob
1978 4084 2031 4137 id
2060 4084 2221 4152 paulo
2248 4093 2375 4137 ante

797 4180 903 4234 dixi
938 4178 1081 4248 quod
1131 4177 1337 4232 similes
1374 4176 1425 4231 ei
1457 4175 1661 4230 erimus
1690 4192 1702 4227 :
1729 4191 1837 4229 non
1885 4175 2034 4244 juxta
2077 4182 2325 4228 naturam
2359 4189 2372 4224 :

798 4269 964 4340 578
986 4268 1212 4321 dixisset
1236 4271 1381 4320 enim
1422 4266 1620 4333 alioqui
1650 4281 1759 4319 non
1783 4264 2017 4326 Similes,
2044 4265 2138 4319 sed
2172 4264 2334 4318 Iidem
2358 4282 2374 4316 ε

798 4374 947 4412 nunc
991 4367 1172 4411 autem
1215 4356 1342 4425 quia
1407 4356 1459 4410 id
1490 4371 1600 4410 non
1648 4356 1944 4425 continget,
1970 4355 2105 4408 dixit
2142 4353 2376 4416 Similes,

798 4447 955 4517 juxta
978 4446 1162 4517 gloria:
1190 4445 1440 4501 videlicet
1468 4447 1803 4515 qualitatem.
1825 4445 2377 4498 Animadvertendum

804 4548 891 4593 est
927 4548 1107 4591 autem
1142 4538 1284 4605 quod
1315 4552 1421 4591 non
1450 4538 1649 4591 dixerit
1682 4537 1737 4589 in
1769 4537 2159 4605 superioribus,
2189 4535 2379 4589 Omnis

804 4628 898 4696 qui
930 4626 1060 4679 feeit
1084 4636 1177 4680 aut
1222 4626 1314 4695 qui
1348 4626 1511 4680 faciet
1539 4626 1810 4693 justitiam
1841 4627 1932 4678 sed
1960 4624 2061 4689 Qui
2091 4624 2234 4678 facit.
2264 4622 2381 4676 Vir-

806 4726 953 4771 tutes
970 4718 1116 4770 enim
1152 4731 1369 4784 semper
1401 4724 1699 4784 operantur
1725 4732 1742 4768 :
1772 4724 1827 4769 et
1852 4716 1979 4769 dum
2011 4716 2166 4775 ﬁunt.
2186 4716 2388 4769 habent

804 4823 927 4863 esse
960 4827 973 4862 :
1004 4818 1280 4863 cessantes
1330 4822 1463 4861 vero
1511 4816 1606 4860 aut
1641 4806 1859 4871 futurae,
1896 4821 1964 4860 ne
2006 4821 2127 4861 esse
2172 4807 2388 4875 quidem

811 4898 1034 4952 habent.

882 4987 975 5051 Ill,
1010 4987 1129 5042 4-8.
1162 4988 1344 5041 Omnis
1396 4988 1501 5057 qui
1528 4988 1654 5057 facit
1698 4996 1986 5055 peccatum,
2037 4997 2085 5041 et
2136 4988 2393 5054 iniquita-

810 5089 916 5135 tem
957 5080 1109 5149 facit,
1135 5087 1183 5131 et
1208 5090 1474 5147 peccatum
1508 5087 1580 5131 est
1636 5079 1965 5132 commissum
1995 5088 2177 5130 contra
2204 5078 2389 5149 legem.

816 5174 883 5225 Et
912 5171 1055 5225 scitis
1075 5172 1214 5241 quod
1258 5170 1347 5225 ille
1390 5171 1714 5239 apparuerit,
1742 5179 1799 5223 ut
1834 5180 2045 5239 peccata
2070 5180 2247 5223 nostra
2281 5170 2391 5222 tol-

814 5263 942 5316 leret
970 5278 987 5315 :
1016 5272 1065 5315 et
1103 5273 1372 5331 peccatum
1426 5265 1481 5315 in
1512 5277 1571 5315 eo
1615 5277 1719 5315 non
1768 5261 2061 5332 aLOmnis
2092 5263 2179 5331 qui
2235 5264 2290 5314 in
2336 5278 2394 5315 eo

818 5362 1019 5419 manet,
1048 5370 1150 5408 non
1181 5364 1380 5423 peccat.
1413 5353 1592 5409 Omnis
1649 5355 1738 5416 qui
1765 5364 1961 5422 peccat,
1983 5370 2086 5406 non
2118 5354 2244 5407 vidit
2277 5371 2393 5407 eum

817 5461 909 5498 nec
944 5446 1179 5514 cognovit
1207 5460 1347 5499 eum.
1373 5444 1576 5509 Filioli,
1599 5461 1749 5497 nemo
1777 5461 1864 5498 vos
1888 5446 2117 5498 seducat.
2148 5445 2245 5509 Qui
2267 5445 2394 5512 facit

822 5536 1303 5605 iustitiam,justus
1343 5545 1419 5590 est
1444 5538 1580 5589 sicut
1610 5545 1657 5588 et
1688 5536 1778 5588 ille
1798 5536 1977 5604 justus
2017 5545 2108 5589 est.
2135 5534 2233 5599 Qui
2269 5538 2394 5605 facit

821 5639 1113 5696 peccatum,
1151 5644 1213 5681 ea:
1238 5628 1447 5681 diabolo
1473 5637 1569 5695 est,
1591 5628 1842 5698 quoniam
1878 5629 1943 5681 ab
1971 5629 2121 5682 initio
2155 5628 2396 5681 diabolus

822 5717 1116 5785 peccat.Ad
1143 5719 1236 5775 hoc
1262 5720 1509 5791 apparuit
1534 5718 1709 5775 Filius
1734 5720 1852 5791 Dei,
1878 5730 1934 5776 ιιι
1970 5721 2214 5779 dissolvat
2242 5735 2397 5789 opera

824 5808 1043 5865 diaboli.

2444 1997 2595 2065 ὑμῶν
2628 1996 2800 2056 οὐδεὶς
2824 1995 3028 2061 ἀγνοεῖ,
3057 1992 3169 2045 ἀλλ’
3206 1992 3325 2044 οὐδὲ
3350 1992 3446 2061 τὴν
3472 1990 3562 2041 τοῦ
3590 1990 4017 2059 παρασχομένου

2442 2089 2581 2158 πρὸς
2630 2089 2770 2155 ὑμᾶς
2803 2086 3025 2153 ἀγάπην
3055 2102 3110 2136 τε
3140 2086 3233 2135 καὶ
3264 2084 3631 2152 χρηστότητα,
3659 2082 3758 2149 ὅση
3805 2099 3889 2140 τις
3925 2082 4024 2131 καὶ

2443 2180 2530 2233 οἶα
2561 2180 2728 2233 ἐστίν·
2772 2178 2943 2231 εἴδετε
2988 2178 3095 2245 γὰρ
3129 2178 3209 2229 ὅτι
3251 2177 3451 2228 ἔδωκεν
3480 2178 3613 2243 ἡμῖν
3652 2175 3818 2226 τέκνα
3850 2171 4021 2224 αὐτοῦ

2448 2272 2703 2338 γενέσθαι
2750 2288 2808 2322 τε
2842 2270 2936 2322 καὶ
2966 2270 3249 2338 κληθῆναι.
3308 2270 3367 2320 Εἰ
3405 2270 3461 2321 δὲ
3489 2271 3599 2331 τοῖς
3634 2270 3688 2318 ὲν
3726 2268 3802 2334 τῷ
3832 2267 4027 2333 κόσμῳ

2448 2362 2612 2431 φησὶν
2640 2362 2834 2431 ἄδηλον
2862 2360 3038 2423 τοῦτο,
3072 2361 3214 2428 λέγω
3258 2361 3314 2412 δὲ
3352 2360 3433 2422 τὸ,
3483 2360 3631 2421 υἱοὺς
3686 2359 3831 2426 ἡμᾶς
3885 2353 4033 2409 εἶναι

2446 2451 2605 2516 Θεοῦ,
2646 2452 2720 2522 μὴ
2748 2450 3056 2519 θαυμάζετε
3097 2450 3274 2504 τοῦτο.
3300 2450 3399 2502 Διὰ
3433 2451 3539 2518 γὰρ
3564 2449 3721 2501 τοῦτο
3751 2450 3812 2501 οὐ
3858 2448 4035 2515 γινώ-

2451 2559 2572 2595 σκει
2618 2542 2782 2611 ὑμᾶς,
2820 2542 2901 2595 ὃτι
2946 2541 3067 2595 οὐδὲ
3099 2542 3191 2593 τὸν
3239 2542 3627 2611 υἱοθετήσαντα
3662 2540 3809 2610 ὑμᾶς
3857 2542 4031 2606 ἔγνω.

2454 2634 2576 2685 Ὀτι
2604 2632 2659 2684 δὲ
2691 2634 2896 2702 κόσμον
2929 2632 3019 2686 τὸν
3050 2634 3318 2703 συρφετὸν
3358 2633 3514 2703 ὄχλον
3552 2633 3724 2700 λέγει,
3755 2628 4035 2701 πολλαχοῦ

2452 2724 2901 2793 παρεστήσαμεν.
2960 2721 3095 2777 Εἶτα
3135 2724 3325 2794 ἐπειδὴ
3355 2726 3418 2776 τὸ
3446 2726 3547 2793 τῆς
3574 2723 3845 2787 υἱοθεσίας
3874 2741 4040 2776 κατε-

2458 2818 2716 2884 σκεύασε,
2750 2820 2902 2887 λέγει
2935 2820 3033 2872 ἐπὶ
3058 2818 3269 2881 τούτοκ
3299 2818 3622 2888 τρανότερον
3652 2819 3747 2871 καὶ
3772 2817 3872 2887 τὴν
3900 2821 4044 2872 ἁπο-

2456 2910 2717 2980 κειμένην
2752 2910 2910 2977 δόξαν
2949 2912 3044 2963 καὶ
3078 2909 3393 2980 παρρησίαν
3437 2909 3546 2961 τῶν
3584 2910 4045 2979 υἱοθετηθέντων,

2457 3004 2551 3056 καί
2608 3019 2795 3072 φησιν’
2841 3002 3209 3070 ι’Δγαπητοὶ,
3269 3001 3364 3055 νῦν
3413 3003 3579 3055 τέκνα
3609 3001 3745 3054 Θεοῦ
3793 3005 3991 3070 ἐσμεν.
4021 3021 4037 3053 ι

2470 3095 2721 3164 Ὦσπερεὶ
2751 3096 2924 3163 ελεγι·
2962 3095 3208 3160 Πάντως,
3248 3095 3546 3165 ἀγαπητοὶ,
3576 3094 3665 3149 διὰ
3683 3093 3791 3147 τῶν
3832 3095 4047 3163 προλα-

2459 3182 2662 3237 6όντων
2694 3184 2916 3252 ἔγνωτε,
2940 3186 3020 3237 ὅτι
3044 3186 3125 3246 εἰς
3158 3185 3306 3246 υἱοὺς
3338 3183 3474 3236 Θεοῦ
3509 3183 3926 3253 ἀνελήφθημεν.
3982 3184 4045 3235 Ei

2461 3274 2518 3326 δὲ
2560 3272 2635 3343 μὴ
2661 3274 2760 3345 ήδη
2792 3273 3113 3345 ἐφανερώθη
3146 3274 3323 3334 τοῦτο,
3362 3274 3437 3344 μὴ
3466 3274 3802 3344 θορυϐεῖσθε.
3834 3275 3911 3327 Τὸ
3936 3276 4049 3345 γὰρ

2463 3364 2557 3419 νῦν
2611 3366 2828 3431 ἄδηλον,
2866 3367 3101 3435 φανερὸν
3132 3368 3447 3434 γενήσεται,
3492 3367 3703 3418 ἐκείνου
3760 3367 4049 3419 ἀποκαλυο

2464 3455 2755 3522 πτομένου.
2820 3454 3035 3525 Ὅμοιοι
3082 3458 3189 3527 γὰρ
3232 3456 3380 3525 αὐτῷ
3421 3456 3809 3524 ἁναφανέντες,
3855 3456 3915 3509 τὸ
3950 3456 4056 3524 τῆς

2466 3546 2741 3609 υἱοθεσίας
2770 3546 3024 3615 λαμπρὸν
3064 3548 3513 3616 παραστήσομεν.
3542 3546 3605 3598 Oi
3635 3545 3745 3614 γὰρ
3774 3546 3881 3597 υἱοὶ
3912 3548 4054 3597 παν-

2466 3651 2575 3697 τως
2630 3637 2805 3705 ὅμοιοι
2852 3635 2931 3705 τῷ
2982 3636 3171 3706 πατρί.
3231 3636 3393 3689 Ἀ).λᾶ
3437 3638 3531 3687 καὶ
3568 3635 3667 3703 τὴν
3701 3637 3841 3704 πρὸς
3884 3636 4055 3687 αὑτὸν

2470 3726 2785 3795 παρρησίαν
2830 3725 3047 3793 ἔχοντες
3092 3725 3167 3787 ὡς
3214 3726 3341 3791 υἱοὶ,
3398 3724 3643 3793 ὀψόμεθα
3671 3723 3835 3776 αὐτὸν
3868 3724 4057 3785 καθώς

2473 3815 2643 3877 ἐστιν,
2678 3816 2737 3867 οὐ
2763 3814 2905 3867 κατὰ
2938 3814 3036 3885 τὴν
3066 3816 3225 3883 φύσιν
3250 3815 3512 3882 δηλονότι.
3547 3814 3740 3885 (Τοῦτο
3766 3815 3879 3883 γὰρ
3909 3817 4060 3883 ἀμή-

2473 3923 2635 3975 χανον
2680 3910 2883 3976 γενητῇ
2935 3907 3141 3976 φύσει.)
3222 3907 3383 3959 Ἀλλὰ
3423 3908 3520 3971 τίς
3568 3908 3778 3960 δίκαιον
3828 3908 4061 3971 δίκαιοι,

2475 3996 2638 4063 ἁγνὸν
2675 3996 2851 4063 ἁγνοί.
2910 3996 3001 4064 Τῷ
3040 3996 3149 4063 γὰρ
3187 3996 3361 4064 ὁμοίῳ
3413 3997 3823 4063 προσφύσονται
3875 3998 3976 4048 καὶ
4015 3998 4064 4047 οἱ

2474 4086 2671 4154 ὅμοιοι.
2721 4085 2821 4137 Διὰ
2852 4085 2963 4154 γὰρ
3000 4086 3159 4137 τοῦτο
3188 4084 3282 4137 καὶ
3314 4084 3495 4153 μικρῷ
3530 4085 3761 4137 κατόπιν
3788 4080 3948 4136 εἵπον
3984 4086 4067 4136 ὅτι

2477 4175 2654 4243 ὅμοιοι
2685 4173 2835 4243 αὑτῷ
2861 4174 3120 4243 ἐσόμεθα,
3148 4176 3207 4226 οὐ
3236 4177 3371 4226 κατὰ
3405 4175 3505 4243 τὴν
3545 4174 3727 4239 φύσιν.
3778 4172 3921 4227 Εἷπε
3954 4178 4068 4244 γὰρ

2480 4267 2547 4320 ἂν
2568 4266 2666 4335 οὐχ
2690 4267 2930 4335 Ὅμοιοι,
2963 4266 3076 4318 ἀλλ’
3113 4267 3176 4318 0i
3198 4266 3504 4319 αὐτοὶ.Νῦν
3538 4266 3593 4319 δὲ
3626 4268 3749 4318 ἐπεὶ
3785 4267 3864 4335 μὴ
3907 4268 4069 4319 τοῦτο

2480 4358 2655 4419 ἔσται,
2686 4354 2806 4410 εἷπε
2834 4360 2896 4410 τὸ
2923 4358 3159 4428 Ὅμοιοι,
3191 4360 3331 4411 κατὰ
3356 4359 3451 4425 τὴν
3482 4358 3579 4424 τῆς
3602 4359 3759 4426 δόξης
3797 4361 4068 4427 ποιότητα

2481 4451 2706 4521 δηλαδή.
2772 4449 3209 4520 Ἐπισημαντέον
3252 4451 3306 4503 δὲ
3338 4453 3418 4502 ὅτι
3453 4452 3550 4502 οὐκ
3589 4447 3742 4502 εἶπεν
3780 4454 4066 4519 ἀνωτέρω.

2414 4570 2455 4623 D
2484 4541 2597 4601 [Ιᾶς
2614 4542 2642 4591 ὁ
2661 4542 2888 4607 ποιήσας
2912 4546 3008 4607 τὴν
3031 4541 3398 4609 δικαιοσύνην,
3422 4543 3453 4609 ἦ
3489 4542 3545 4593 Ὀ
3573 4544 3835 4607 ποιήσων,
3858 4543 3974 4591 αλλ’
4012 4540 4070 4591 'U

2488 4633 2675 4686 ποιῶν.
2702 4632 3013 4702 Πρακτικαὶ
3038 4634 3145 4701 γὰρ
3176 4635 3231 4684 αἱ
3267 4638 3478 4702 αρεταὶ,
3511 4637 3601 4683 καὶ
3634 4636 3687 4683 εν
3718 4634 3792 4700 τω
3819 4635 4071 4698 γίνεσθαι

2487 4722 2674 4793 ἔχουσι
2710 4724 2771 4774 τὸ
2813 4720 2977 4794 εἶναι.
3011 4725 3381 4795 ’Παυσάμεναι
3405 4727 3512 4795 γὰρ
3541 4724 3573 4793 ἦ
3600 4724 3915 4793 μέλλουσαι,
3948 4727 4071 4777 οῦδὲ

2488 4813 2549 4867 τὸ
2580 4810 2719 4869 εἶναι
2746 4814 2953 4882 ἔχουσι.

2562 4988 2687 5057 Πᾶς
2717 4992 2749 5044 ὁ
2794 4990 2981 5044 ποιῶν
3024 4992 3136 5057 τὴν
3169 4992 3483 5060 ἁμαρτίαν,
3530 4992 3625 5044 καὶ
3669 4992 3783 5058 τὴν
3814 4996 4076 5061 ἀνομίαν

2492 5082 2667 5144 ποιεῖ,
2700 5084 2795 5135 καὶ
2828 5084 2866 5150 ἠ
2890 5084 3142 5150 ἁμαρτία
3189 5084 3362 5135 ἐστιν
3390 5086 3425 5149 ἠ
3452 5084 3685 5151 ἀνομία.
3730 5086 3833 5137 Καὶ
3869 5086 4074 5139 οἴδατε

2493 5172 2579 5225 ὅτι
2623 5174 2852 5238 ἐκεῖνος
2895 5174 3255 5241 ἐξανείώθη,
3292 5175 3390 5227 ἵνα
3426 5172 3529 5239 τὰς
3566 5176 3857 5241 ἁμαρτίας
3910 5176 4076 5243 ἡμῶν

2495 5267 2653 5331 αἴρῃ.
2681 5264 2783 5318 Καὶ
2805 5265 3050 5332 ἁμαρτία
3075 5266 3144 5315 ἐν
3167 5264 3325 5328 αὺτῴ
3356 5268 3463 5317 οὐκ
3493 5267 3640 5318 ἔστι.
3680 5264 3799 5329 [hic
3835 5268 3867 5317 ὁ
3890 5268 4077 5333 ἁμαρ-

2496 5354 2691 5406 τάνων
2715 5355 2826 5421 οὐχ
2863 5355 3125 5421 ἑώρακεν
3162 5358 3362 5417 αὐτον,
3391 5354 3531 5408 εἷ’δέ
3564 5355 3827 5422 ἔγνωκεν
3860 5360 4073 5409 αί·τιί·.

2503 5438 3279 5513 Τεκνία,μηδεὶςίπλανάτω
3316 5447 3486 5515 ὑμᾶς·
3532 5449 3592 5501 '0
3620 5448 3805 5500 ποιῶν
3837 5451 3955 5517 τὴν
3987 5450 4076 5502 δι-

2499 5537 2835 5600 καιοσύνην
2860 5536 3091 5601 δίκαιός
3118 5538 3270 5601 ἐστι,
3302 5540 3493 5603 καθὼς
3517 5540 3746 5606 ἐκεῖνός
3771 5542 3967 5596 ἐστὶν.
4019 5545 4079 5596 Ὁ

2500 5624 2687 5677 ποιῶν
2718 5627 2832 5693 τὴν
2857 5629 3150 5695 ἁμαρτίαν
3188 5631 3255 5681 ἐκ
3290 5630 3393 5683 τοῦ
3420 5630 3703 5685 διαϐόλου
3746 5632 3945 5695 ἐστιν,
3989 5634 4076 5686 ἔτι

2499 5716 2599 5770 ἀπ’
2630 5716 2820 5785 ἀρχῆς
2850 5722 2882 5771 ό
2910 5719 3190 5786 διάϐολος
3217 5722 3555 5789 ἁμαρτάνει.
3587 5726 3691 5789 Εἰς
3728 5723 3903 5776 τοῦτο
3934 5725 4080 5791 sya-

2501 5806 2729 5873 νερὼθη
2768 5810 2801 5860 ό
2854 5808 2984 5875 Υἱὸς
3022 5810 3131 5866 τοῦ
3174 5811 3321 5865 Θεοῦ
3355 5812 3455 5867 ira
3483 5814 3648 5883 λύσῃ
3687 5814 3759 5866 τὰ
3797 5815 3943 5885 ἔργα
3975 5813 4079 5868 τοῦ

2504 5897 2804 5952 διαῖόλου.
