4166 6448
176 402 273 468 689

1209 400 1594 465 COMMENT.
1637 404 1717 462 IN
1748 400 1987 461 EPIST.
2034 402 2060 460 Ι
2099 398 2439 462 JOANN‘IS.

3324 401 3428 467 630

244 517 679 579 Κατασκευάσας
693 517 785 570 τὸν
798 518 929 589 περὶ
954 518 1309 587 δικαιοσύνης
1338 518 1497 586 λόγον
1529 518 1618 571 διὰ
1646 516 1739 569 τῶι

1929 513 2264 568 Conﬁrmato
2290 515 2344 567 in
2389 515 2761 583 superioribus
2783 529 3038 570 sermone
3066 514 3135 570 de
3160 513 3371 584 justitiz.
3398 532 3429 569 ε

177 606 433 677 ἀνωτέρω
480 608 588 664 ἀπὸ
626 609 737 662 τῶν
781 613 880 680 τῆς
913 611 1265 681 δικαιοσύνης
1292 610 1493 671 καλῶν,
1524 609 1620 662 νῦν
1648 612 1743 663 καὶ

174 698 277 753 ἀπὸ
306 699 402 752 τοῦ
436 701 678 754 ἐναντίου
701 702 797 755 καὶ
825 700 935 755 τῶν
956 704 1371 775 ἐνυπαρχόντων
1398 702 1548 773 αὐτῷ
1576 702 1741 772 ἐφορ-

182 792 249 861 μᾷ
279 794 345 861 τῇ
374 792 672 857 ἀποδείξει,
703 793 799 845 καί
825 811 982 862 φησι*
1016 796 1163 857 «Πᾶς
1194 793 1409 846 ὁποιῶν
1439 795 1540 862 τὴν
1568 794 1744 863 ἁμαρ-

176 882 306 942 τίαν,
334 900 354 932 ι
373 882 611 935 τοιοῦτόν
632 899 686 934 τι
711 882 907 949 λέγων,
926 884 1009 937 ὅτι
1034 884 1223 951 Ὑμεῖς
1241 884 1291 935 οἱ
1315 882 1742 951 υἰσθετηθέντες,

177 973 466 1041 ἐργάζεσθε
503 973 602 1040 τὴν
641 973 1012 1046 δικαιοσύνην,
1047 976 1142 1027 καὶ
1182 973 1256 1044 μὴ
1281 976 1482 1045 ἀργοὺς
1516 975 1742 1036 ἑαυτοὺς

175 1064 497 1133 ἀποφαίνετε
533 1066 759 1135 ταύτης.
827 1067 917 1130 Ὠς
947 1067 1057 1136 γὰρ
1091 1067 1184 1119 ἐπὶ
1212 1069 1310 1134 τῆς
1346 1065 1620 1136 ἁμαρτίας
1646 1066 1743 1133 οὐχ

172 1160 197 1208 6
226 1157 459 1225 ποιήσας
482 1157 513 1226 ἢ
540 1158 569 1207 6
599 1159 865 1227 ποιήσων,
919 1156 1125 1219 ἐκεῖνός
1169 1158 1316 1208 ἐστιν
1345 1156 1373 1207 6
1413 1157 1614 1224 ἄνομος
1649 1154 1682 1224 ἦ
1716 1157 1745 1208 6

170 1248 511 1315 ἁμαρτωλὸς,
558 1248 673 1300 ἀλλ’
699 1250 728 1301 ὀ
763 1249 1023 1317 ἐχόμενος
1063 1246 1156 1300 τοῦ
1184 1247 1355 1301 κακοῦ
1384 1249 1478 1301 καὶ
1502 1248 1741 1317 ἐνεργὸς,

168 1338 302 1391 οὕτω
336 1340 436 1392 καὶ
473 1339 681 1402 δίκαιος
733 1341 833 1409 οὐχ
859 1342 887 1392 6
925 1339 1244 1410 ἁπρακτῶν,
1290 1339 1407 1392 ἁλλ’
1436 1342 1463 1390 ὀ
1498 1339 1738 1409 ἐνεργός.

181 1426 369 1477 Ίστὲον
396 1426 453 1478 δὲ
495 1427 571 1489 ὡς
595 1428 850 1495 ἁμαρτία
886 1429 983 1497 μὲν
1014 1430 1045 1498 ὴ
1071 1427 1165 1479 τοῦ
1191 1426 1395 1494 ἀγαθοῦ
1427 1427 1742 1491 ἁπόπτωσίς

171 1519 326 1580 ἐστιν,
364 1519 584 1586 ἀνομία
608 1519 685 1581 δὲ,
748 1522 781 1589 ἠ
823 1520 953 1589 περὶ
980 1519 1071 1572 τὸν
1096 1518 1251 1570 Θετὸν
1280 1519 1444 1586 νόμον
1488 1518 1742 1588 πλημμέ-

168 1605 290 1659 λεια.
336 1609 445 1659 Καὶ
496 1608 704 1676 ταύτην
735 1608 950 1677 ἔχουσιν
996 1608 1172 1678 ἀρχὴν
1206 1608 1467 1678 ἑκάτερον
1511 1609 1738 1672 τούτων,

168 1696 225 1750 τὸ
256 1699 355 1766 μὲν
406 1699 506 1766 τὴν
561 1698 671 1753 ἀπὸ
719 1700 814 1752 τοῦ
849 1699 1057 1766 ἀγαθοῦ
1106 1701 1400 1760 ἔκπτωσιν,
1436 1698 1497 1751 τὸ
1540 1698 1597 1751 δὲ
1642 1700 1741 1767 τὴν

166 1788 284 1857 περὶ
320 1788 417 1839 τὸν
453 1788 607 1840 Θετὸν
635 1789 801 1853 νόμον
833 1790 1235 1859 πλημμέλειαν.
1276 1788 1656 1860 Συμφέρονται
1682 1788 1739 1842 ὁὶ

1846 605 2006 660 bonis
2050 594 2299 674 justitiaa,
2330 622 2477 660 nunc
2514 607 2676 660 etiam
2701 624 2731 661 a
2766 607 3057 661 contrariis
3088 614 3147 662 et
3186 606 3272 662 his
3311 623 3432 676 qua:

1847 696 1948 765 ipsi
2019 696 2273 749 accidunt
2336 697 2852 751 demonstrationem
2919 698 3169 763 assumit,
3208 709 3269 752 et
3310 699 3428 752 ait:

1852 804 1869 836 ι
1908 785 2098 841 Omnis
2117 789 2207 856 qui
2238 788 2365 843 facit
2392 797 2694 857 peccatum.
2724 807 2742 839 ι
2770 786 2901 842 Tale
2922 788 3179 857 quiddam
3207 790 3427 845 dicens:

1847 876 1955 931 Vos
1994 878 2084 945 qui
2130 878 2372 947 adoptati
2415 879 2566 939 estis,
2592 878 2892 947 operemini
2942 879 3430 949 justitiam,neque

1845 984 1941 1022 vos
1969 968 2116 1036 ipsos
2150 969 2449 1022 exhibeatis
2490 969 2544 1021 in
2576 969 2678 1022 hac
2706 970 2928 1024 otiosos.
2964 970 3429 1035 Quemadmodum

1843 1056 1988 1111 enim
2023 1057 2075 1109 in
2123 1066 2346 1125 peccato
2374 1074 2484 1111 non
2512 1060 2556 1112 is
2602 1061 2691 1126 qui
2740 1058 2868 1113 fecit
2900 1070 2996 1113 aut
3038 1061 3281 1114 facturus
3325 1071 3427 1121 est.
3496 1114 3499 1119 .

1846 1149 1934 1203 ille
1968 1148 2190 1218 iniquus
2212 1148 2412 1203 dicitur
2435 1162 2526 1203 aut
2557 1160 2828 1219 peccator,
2849 1151 2941 1206 sed
2966 1152 3057 1222 qui
3082 1153 3224 1207 malo
3252 1154 3430 1207 adhae-

1847 1252 1929 1296 ret
1961 1244 2190 1312 ejusque
2225 1253 2478 1313 operator
2508 1253 2591 1298 est
2623 1262 2638 1298 :
2672 1246 2743 1299 ita
2783 1256 2837 1300 et
2864 1248 3045 1316 justus
3083 1263 3194 1302 non
3229 1249 3429 1304 dicitur
3477 1226 3485 1234 .

1845 1334 1892 1387 is
1942 1335 2034 1403 qui
2093 1334 2228 1388 nihil
2282 1335 2516 1404 prolicit,
2564 1344 2659 1389 aut
2723 1338 2971 1405 ignavus,
3003 1338 3097 1391 sed
3150 1349 3427 1395 strenuus.

1844 1423 2141 1479 Sciendum
2165 1436 2347 1479 autem
2372 1428 2515 1495 quod
2538 1427 2784 1498 ἁμαρτία
2809 1428 3026 1496 quidem
3047 1429 3097 1482 id
3118 1440 3203 1482 est
3230 1446 3427 1499 perca-

1839 1526 1957 1570 tum
1983 1527 2066 1571 est
2090 1518 2363 1586 lapsus-ab
2383 1534 2447 1573 eo
2470 1519 2613 1588 quod
2643 1520 2844 1573 bonum
2875 1529 2957 1573 est
2989 1538 3003 1573 :
3037 1521 3236 1588 ἀνομία
3270 1535 3426 1586 vero,

1843 1606 1893 1659 id
1924 1616 2013 1660 “est
2051 1608 2328 1675 iniquitas,
2365 1619 2449 1662 est
2474 1611 2731 1663 delictum
2765 1611 2907 1664 circa
2938 1611 3113 1679 legem
3151 1609 3379 1678 positam
3414 1630 3427 1662 :

1840 1707 1897 1751 et
1919 1706 2208 1766 utrumque
2230 1697 2424 1751 horum
2445 1700 2494 1753 id
2532 1700 2693 1755 habet
2720 1702 2934 1754 initium
2963 1720 2974 1754 :
3008 1717 3201 1769 nempe
3232 1717 3426 1769 pecca-

1844 1794 1980 1849 tum,
2012 1788 2492 1857 dcgenerationem
2532 1792 2600 1845 ab
2633 1806 2700 1845 eo
2738 1792 2884 1860 quod
2914 1791 3116 1844 bonum
3157 1802 3241 1845 est
3274 1812 3286 1846 :
3317 1793 3423 1846 ini-

169 1876 390 1940 ταύταις
441 1883 533 1931 καὶ
570 1881 716 1932 κατὰ
748 1880 967 1934 ταύτόν.
1016 1882 1082 1933 ’Ὀ
1132 1898 1191 1933 τε
1231 1881 1340 1949 γὰρ
1385 1880 1736 1951 ἁμαρτάνων,

1842 1879 2022 1949 quitas
2051 1888 2257 1942 autem,
2281 1883 2623 1937 committere
2652 1884 2913 1937 adversus
2951 1883 3181 1953 positam
3234 1883 3427 1953 legem.

164 1968 249 2020 τοῦ
279 1970 427 2022 κατὰ
463 1971 561 2039 τὴν
590 1970 752 2038 φύσιν
796 1972 889 2024 καὶ
922 1972 982 2023 ὲν
1034 1972 1099 2039 τῇ
1136 1970 1298 2038 φύσει
1342 1971 1580 2039 ἀπέτυχε
1611 1987 1736 2023 σκο-

168 2058 282 2113 ποῦ.
317 2060 533 2119 Σκοπὸς
564 2061 672 2128 γάρ
700 2061 767 2128 τῇ
797 2058 1117 2131 ἀνθρωπεία
1164 2057 1348 2127 φύσει,
1378 2059 1440 2111 τὸ
1472 2060 1615 2111 κατὰ
1646 2059 1738 2111 τὸν

170 2148 309 2212 ι.ὀγον
343 2150 470 2216 ζῇν,
510 2148 608 2216 τῆς
644 2148 871 2217 ἀλογίας
905 2150 1095 2219 πιρῤω
1121 2150 1506 2221 ἀπῳκισμένη.
1546 2150 1737 2203 Ὡσαύ-

165 2254 262 2299 τως
307 2238 406 2290 καὶ
434 2241 459 2289 6
487 2238 725 2308 ἁνομῶν,
771 2240 1085 2309 πλημμελεί
1114 2243 1243 2308 περὶ
1270 2241 1359 2293 τὸν
1387 2243 1446 2293 ὲν
1482 2243 1550 2309 τῇ
1580 2240 1739 2309 φύσει

162 2330 442 2399 δεδομένον
480 2331 659 2397 νόμον,
688 2331 1064 2397 διαγινόμενος
1100 2330 1375 2400 ἀκρατῶς.
1423 2332 1616 2393 Καλῶς
1647 2329 1741 2385 οὖν

160 2420 186 2466 6
211 2420 455 2487 μαθητὴς
472 2420 566 2470 τού
592 2420 797 2489 Κυρίου
824 2422 905 2481 είς
924 2420 1117 2472 ταύτὸν
1142 2422 1429 2489 ἀμφότερα
1448 2422 1740 2492 περιέστη-

167 2527 266 2564 σεν.
304 2530 323 2561 ι
346 2512 461 2562 Καὶ
492 2512 668 2564 οῑόατε
700 2512 781 2563 ὅτι
811 2513 1017 2575 ἐκεῖνος
1064 2511 1407 2581 ἐφανερώθη.
1436 2531 1453 2563 ι
1506 2514 1578 2565 Οὐ
1630 2514 1740 2583 μήν

164 2619 239 2666 γε,
260 2604 421 2671 φησὶ,
451 2603 636 2671 χώραν
670 2602 750 2654 ἔτι
782 2602 997 2672 σχοίητε
1019 2602 1114 2654 τοῦ
1132 2603 1739 2671 ἁμαρτάνειν.Χριστο-5

164 2693 260 2759 γὰρ
302 2690 391 2741 ἐπ’
448 2692 725 2760 ἀναιρέσει
786 2692 883 2759 τῆς
934 2692 1209 2763 ἁμαρτίας
1266 2693 1742 2761 παραγενομένου,

166 2779 277 2828 καϐ*
313 2780 396 2829 ὅτι
450 2780 717 2847 ἀμέτοχος
749 2773 817 2848 ἦν
869 2779 1169 2847 ἁμαρτίας,
1208 2778 1330 2830 οὐδὲ
1361 2780 1491 2849 ὑμῖν
1518 2780 1739 2832 ὑπολεί-

165 2886 313 2921 πεται
358 2872 445 2921 ἔτι
492 2871 831 2939 ἁμαρτάνειν
872 2874 983 2932 τοῖς
1021 2874 1079 2921 ὲν
1126 2870 1275 2939 αύτῷ
1303 2872 1617 2940 γενομένοις
1644 2873 1738 2927 καὶ

164 2962 505 3029 βεϐαιωθείσι
547 2967 613 3033 τῇ
647 2969 727 3028 εἰς
753 2966 917 3017 αὐτὸν
954 2966 1159 3018 πίστει.
1204 2965 1375 3019 Τοῦτο
1404 2967 1515 3037 γάρ
1551 2968 1736 3037 βούλε-

162 3073 239 3105 ται
272 3058 565 3126 σημαίνειν
593 3058 679 3109 διὰ
706 3057 822 3122 τοῦ,
855 3058 967 3120 Πᾶς
994 3060 1021 3109 6
1049 3060 1106 3110 ὲν
1130 3059 1280 3129 αὐτῷ
1312 3059 1511 3127 μένων.

1842 1970 2186 2026 Conveniunt
2214 1983 2394 2027 autem
2427 1975 2567 2027 inter
2597 1990 2656 2027 se
2696 1985 2749 2028 et
2776 1975 2919 2029 circa
2955 1976 3098 2028 idem
3132 1976 3427 2029 sunt.Nam

1842 2073 1898 2118 ct
1930 2064 1974 2116 is
2014 2066 2105 2133 qui
2137 2072 2347 2133 peccat,
2369 2068 2581 2119 aberrat
2610 2081 2639 2119 a
2666 2080 2831 2134 scopo
2878 2066 2967 2134 qui
3002 2076 3081 2119 est
3125 2068 3426 2121 secundum

1847 2166 2095 2209 naturam
2126 2164 2180 2210 et
2223 2156 2277 2210 in
2314 2157 2428 2226 ipsa
2471 2165 2663 2211 natura
2706 2176 2717 2210 :
2750 2174 2947 2226 scopus
2989 2159 3135 2211 enim
3175 2158 3428 2211 humana:

1849 2256 2058 2301 naturte
2099 2256 2181 2302 est
2223 2248 2409 2303 virere
2451 2249 2752 2301 secundum
2810 2249 3097 2310 rationem,
3139 2256 3195 2301 ut
3234 2249 3426 2315 procul

1846 2340 2111 2408 disiuncta
2143 2339 2211 2392 sit
2240 2340 2309 2393 ab
2342 2340 2754 2393 irrationalitatc
2801 2338 3063 2392 Similiter
3101 2349 3157 2393 et
3194 2341 3283 2409 qui
3318 2342 3430 2410 agit

1848 2433 2055 2501 inique,
2071 2431 2494 2501 delinquitcirca
2520 2431 2701 2485 datam
2727 2432 2782 2485 in
2802 2440 2996 2485 natura
3024 2432 3216 2502 legem,
3234 2432 3428 2488 intern-

1849 2530 2100 2589 peranter
2157 2521 2400 2575 allectus.
2446 2521 2612 2575 Recte
2668 2536 2798 2591 ergo
2862 2522 3161 2590 discipulus
3218 2523 3428 2576 Domini

1849 2622 2138 2679 utrumque
2162 2612 2215 2665 in
2251 2613 2394 2665 idem
2423 2614 2799 2666 commutavit.
2832 2630 2850 2662 ι
2891 2612 2959 2666 Ει
2985 2613 3134 2667 scitis
3164 2614 3305 2682 quod
3340 2614 3429 2668 ille

1844 2702 2181 2771 apparuerit.
2220 2701 2635 2769 iNequaqnam,
2663 2702 2857 2771 inquit,
2882 2704 3058 2757 locum
3084 2705 3192 2771 jam
3231 2706 3430 2760 habere

1844 2789 2071 2858 potestis
2106 2790 2385 2857 peccandi.
2419 2788 2582 2859 579
2619 2791 2755 2845 Cum
2797 2792 2943 2845 enim
2985 2792 3235 2849 Christus
3263 2796 3429 2849 adve-

1847 2880 1990 2935 nerit
2015 2880 2083 2934 ad
2110 2882 2406 2935 tollendum
2442 2892 2745 2950 peccatum,
2770 2885 3025 2952 qnmiam
3068 2902 3176 2940 non
3199 2900 3314 2941 erat
3340 2889 3426 2942 ille

1847 2973 2117 3042 particeps
2148 2974 2375 3041 peccati.
2401 2990 2578 3043 neque
2615 2975 2768 3029 vobis
2810 2977 3058 3030 rel-ictum
3098 2990 3182 3031 cst
3227 2988 3286 3031 ut
3316 2995 3427 3032 am-

1774 3055 1818 3113 C
1855 3066 1997 3134 plius
2046 3066 2423 3134 peccetis,qni
2470 3067 2534 3119 ad
2586 3083 2712 3121 cum
2762 3069 3095 3135 accessistis,
3121 3080 3191 3136 et,
3220 3072 3274 3123 in
3325 3070 3430 3125 (ida

162 3152 322 3220 ipsius
370 3151 680 3205 conﬁrmati
730 3151 882 3205 estis.
926 3149 1059 3204 Nam
1116 3152 1217 3205 hoc
1259 3152 1563 3221 signiﬁcare
1591 3154 1850 3211 vnltcum
1892 3158 1965 3211 ait
1997 3156 2223 3212 :Oninis
2262 3160 2355 3227 qui
2395 3159 2447 3211 in
2483 3175 2549 3212 eo
2582 3170 2782 3216 manet.

222 3241 385 3306 Οὗτος
412 3245 475 3297 δέ
527 3248 673 3296 ἐστιν
717 3248 744 3296 6
790 3244 1088 3305 ἁνενδὸτως
1136 3245 1236 3307 τας
1270 3246 1475 3315 ἀρετὰς
1508 3246 1735 3315 μετιὼν,

163 3339 246 3386 καὶ
269 3336 547 3403 μηδέποτε
576 3335 675 3402 τῆς
703 3336 910 3387 τούτων
941 3335 1238 3403 ἀπολήγων
1273 3337 1555 3406 ἐργασίας.
1585 3356 1603 3389 ι
1630 3339 1741 3392 Καὶ

162 3429 395 3493 ἁμαρτία
422 3430 483 3479 ὲν
522 3427 672 3495 αὺτῴ
717 3429 817 3479 οὐκ
855 3428 990 3479 ἔστι.
1027 3447 1044 3475 ι
1083 3429 1196 3489 Πᾶς
1237 3428 1265 3479 6
1296 3430 1353 3480 ὲν
1387 3428 1536 3498 αύτῷ
1565 3430 1741 3499 μένων

160 3520 249 3587 οὐχ
297 3520 625 3588 ἁμαρτάνει.
664 3520 755 3582 Τὸ,
796 3521 927 3582 Καί,
982 3520 1105 3572 ἀντὶ
1139 3520 1257 3581 τοῦ,
1297 3520 1465 3574 Διότι.
1504 3540 1523 3572 ι
1564 3522 1675 3584 Πᾶς
1714 3524 1742 3574 ὁ

161 3610 510 3675 ἁμαρτάνων,
557 3625 574 3657 ι
610 3610 703 3660 καὶ
728 3609 874 3676 ἑξῆς.
930 3608 1113 3661 Εἰπὼν
1151 3612 1233 3661 ὅτι
1268 3609 1610 3680 ἐφανερώθη,
1648 3612 1741 3663 καὶ

162 3703 250 3770 τὴν
274 3702 459 3752 αἰτίαν
490 3700 561 3752 δι’
600 3700 668 3769 ἢν
698 3699 1047 3769 ἐφανερώθη,
1081 3702 1186 3763 ὅτι,
1237 3702 1323 3753 ἵνα
1349 3702 1424 3764 ὡς
1457 3703 1532 3772 μὴ
1561 3704 1743 3773 ἁμαρ-

160 3794 272 3843 τίαν
305 3794 549 3861 ποιήσας
584 3794 687 3855 τὰς
726 3794 1001 3863 ἁμαρτίας
1050 3794 1209 3861 ἡμῶν
1260 3793 1391 3865 ἄρῃ,
1438 3794 1740 3860 τουτέστιν,

162 3884 411 3954 άςανίση,
470 3884 746 3954 ἐπιφέρει,
805 3884 908 3946 ὅτι,
968 3902 987 3934 ι
1044 3885 1159 3947 Πᾶς
1195 3886 1224 3936 6
1257 3885 1593 3954 ἁμαρτάνων
1639 3888 1737 3956 οὐχ

160 3975 396 4046 ἑώρακεν
431 3976 619 4029 αὐτόν.
652 3994 670 4026 ι
705 3976 767 4029 Εἰ
799 3977 906 4044 γὰρ
932 3976 1115 4044 ὑμεῖς,
1148 3979 1335 4044 φησὶν,
1390 3978 1588 4040 οἵτινες
1632 3994 1738 4044 φα-

164 4066 490 4133 νερωθέντος
533 4065 701 4116 αὑτοῦ
738 4066 1018 4133 ἑωράκατε
1045 4067 1230 4129 αὐτὸν,
1270 4067 1364 4118 καὶ
1398 4072 1621 4136 σημεῖον
1644 4066 1738 4120 τοῦ

164 4157 463 4225 ἑωρακέναι
496 4156 661 4207 αὐτὸν
698 4155 939 4217 ἐλάϐετε,
971 4158 1032 4207 τὸ
1061 4156 1137 4226 μὴ
1162 4156 1477 4226 εὐχείρωτοι
1504 4154 1643 4211 εἶναι
1671 4160 1738 4228 τῇ

162 4250 419 4317 ἁμαρτίᾳ,
448 4247 549 4299 ἇτε
595 4247 793 4308 τελέως
837 4249 894 4299 ἐν
941 4248 1088 4315 αὐτῷ
1124 4247 1484 4316 ήδρασρένοι,
1519 4249 1739 4311 πάντως

165 4355 256 4390 που
303 4343 354 4391 οἱ
408 4340 828 4407 ἁμαρτάνοντες
868 4337 992 4390 οὒτε
1025 4340 1339 4406 ἑωράκασιν
1376 4340 1557 4392 αὐτόν.
1606 4338 1685 4391 Δι’
1712 4340 1741 4391 6

162 4430 272 4482 οὐδὲ
303 4432 579 4498 ἔγνωσαν,
605 4430 929 4497 ἑωρακέναι
956 4430 1048 4480 καὶ
1076 4429 1400 4497 ἐγνωκέναι
1432 4430 1493 4481 ού
1516 4427 1577 4480 τὸ
1596 4431 1738 4483 κατὰ

1916 3250 2017 3304 Hic
2042 3258 2222 3303 autem
2252 3261 2337 3304 est
2365 3254 2456 3320 qui
2489 3254 2633 3307 serio
2663 3262 2718 3308 ct
2777 3254 2983 3324 absque
3043 3255 3166 3307 favo
3216 3256 3427 3311 accedit

1843 3339 1910 3394 ad
1941 3343 2191 3402 virtutes,
2222 3348 2277 3393 ει
2301 3356 2577 3409 nunquam
2627 3352 2805 3396 cessat
2840 3344 2906 3397 ab
2967 3344 3286 3411 operatione
3336 3357 3427 3393 ea-

1844 3446 1987 3484 rum.
2026 3447 2044 3480 ι
2086 3428 2146 3482 Et
2183 3440 2465 3498 peccatum
2518 3431 2654 3484 ineo
2712 3447 2820 3484 non
2871 3445 2971 3485 εει.
3022 3451 3040 3483 ι
3098 3432 3427 3500 ConjunCtio

1843 3523 1937 3574 καὶ
1980 3522 2031 3575 id
2067 3530 2245 3584 estet,
2304 3522 2515 3589 rapitur
2563 3538 2660 3591 pro
2709 3522 2993 3586 Quoniam.
3042 3542 3060 3572 ι
3100 3522 3291 3577 Omnis
3336 3521 3426 3592 qui

1844 3623 2033 3684 peccat
2064 3632 2081 3663 ι
2118 3621 2175 3666 ει
2206 3623 2421 3668 ειειετιι.
2470 3612 2605 3667 Cum
2667 3612 2892 3667 dixisset
2946 3615 3092 3683 quod
3143 3616 3427 3683 apparuis-

1842 3714 1945 3768 set,
1976 3715 2032 3757 et
2071 3720 2290 3759 causam
2341 3713 2565 3773 propter
2603 3720 2762 3773 quam
2814 3706 3178 3774 apparuisset,
3226 3720 3425 3774 nempe

1841 3804 1903 3849 ut
1924 3806 2142 3861 peccata
2174 3804 2358 3847 nostra
2396 3794 2631 3855 tolleret.
2666 3795 2768 3849 hoc
2803 3805 2907 3857 est,
2941 3795 3008 3848 de.
3042 3797 3219 3849 medio
3246 3795 3426 3849 aufer-

1843 3893 1927 3938 ret
1961 3899 2023 3938 ac
2047 3884 2270 3946 deleret,
2324 3892 2584 3950 tanquam
2622 3884 2665 3936 is
2693 3885 2785 3951 qui
2817 3895 3100 3952 peccatum
3138 3900 3246 3936 non
3279 3884 3421 3937 fece-

1842 3984 1947 4038 rat,
1976 3974 2294 4042 subjungit:
2329 3992 2348 4025 ι
2378 3974 2570 4028 Omnis
2597 3976 2688 4043 qui
2710 3983 2901 4043 peccat
2922 3990 3031 4028 non
3061 3976 3195 4029 vidit
3221 3990 3367 4028 eum.
3402 3996 3419 4024 ο

1840 4061 1976 4116 Nam
2006 4064 2051 4116 si
2083 4079 2203 4126 vos,
2242 4064 2438 4131 inquit,
2473 4066 2565 4131 qui
2619 4064 2832 4117 Vidistis
2890 4079 3016 4117 eum
3070 4066 3198 4118 dum
3252 4066 3427 4116 ωηιιί⁴

1843 4152 2071 4207 testatus
2109 4162 2275 4214 esset.
2306 4155 2471 4207 etiam
2502 4156 2717 4222 signum
2746 4156 3038 4223 accepistis
3074 4158 3217 4224 quod
3248 4159 3425 4224 ipsum

1843 4246 2102 4310 videritis,
2138 4260 2337 4315 nempe
2366 4247 2511 4315 quod
2540 4261 2647 4299 non
2689 4247 2848 4301 facile
2893 4263 2921 4301 a
2957 4257 3181 4317 peccato
3242 4247 3425 4317 capia-

1842 4338 1974 4392 mini
2006 4347 2261 4407 tanquam
2301 4339 2539 4407 perferte
2584 4339 2635 4390 in
2683 4339 2801 4406 ipso
2832 4342 3159 4405 conﬁrmati,
3200 4341 3424 4393 omnino

1844 4445 1976 4485 sane
2010 4429 2100 4498 qui
2133 4436 2381 4498 peccant,
2414 4427 2469 4481 hi
2520 4444 2628 4482 non
2683 4430 2938 4483 viderunt
2985 4432 3208 4499 quidem
3273 4446 3423 4491 eum,

162 4522 310 4592 ψιλήν
343 4524 457 4573 τῶν
481 4521 662 4589 ὃψεων
692 4522 865 4586 λέγων
899 4521 1137 4588 ὲπαςρὴν,
1176 4520 1296 4571 οὐδὲ
1324 4520 1385 4571 τὸ
1418 4521 1558 4572 κατὰ
1598 4520 1736 4587 πρό-

1843 4528 2067 4588 propter
2104 4520 2248 4587 quod
2277 4534 2453 4587 neque
2486 4528 2863 4588 cognoverunt
2900 4537 2913 4571 :
2941 4520 3127 4572 uidisse
3156 4529 3212 4573 et
3237 4535 3425 4589 regno-

160 4626 331 4679 χειρον
359 4611 674 4677 φαντασίαν
704 4610 1070 4679 ἐνηργηκέναι
1110 4610 1307 4671 αὐτοὺς
1338 4609 1468 4679 περὶ
1500 4611 1562 4662 τὸ
1594 4628 1735 4677 γνω-

164 4702 296 4767 στὸν,
327 4703 471 4753 ἀλλά
527 4701 590 4751 τὸ
634 4700 772 4768 μετά
812 4717 957 4763 τινος
1006 4702 1242 4769 κρίσεως
1294 4701 1388 4753 καὶ
1429 4704 1735 4771 ἐπιστήμης

161 4793 249 4861 τὴν
276 4793 411 4861 πρὸς
464 4793 634 4843 αὐτὸν
684 4794 1046 4861 πεποιηκέναι
1099 4794 1467 4863 προσαγωγὴν
1516 4795 1733 4855 αὐτοὺς,

160 4884 228 4946 ὡς
258 4885 527 4952 ἀνωτέρω
564 4884 890 4952 εἰρήκαμεν.
934 4884 1183 4954 Εἰρηκὼς
1219 4886 1275 4938 δὲ
1304 4886 1498 4949 ταῦτα,
1526 4886 1735 4956 πρόεισι

162 4974 561 5041 βεϐαιωτικῶς,
600 4975 680 5026 ὃτι
732 4992 752 5023 ι
808 4975 1011 5043 Μηδεὶς
1068 4976 1326 5029 πλανάτω
1376 4976 1541 5045 ὑμᾶς.
1590 4996 1608 5028 ι
1661 4977 1734 5029 Οὐ

163 5066 259 5137 γὰρ
285 5067 461 5129 ἄλλως
494 5066 613 5136 ἔχει
651 5065 683 5136 ῆ
714 5065 887 5129 οὕτως
921 5082 937 5099 ο
985 5066 1042 5118 Ὁ
1068 5066 1235 5118 ποιῶν
1264 5067 1361 5137 τὴν
1388 5068 1737 5138 δικαιοσύνην

163 5158 351 5222 ἔγνωκε
387 5160 486 5210 τὸν
531 5158 767 5219 δίκαιον,
812 5160 905 5209 καὶ
934 5158 1141 5218 δίκαιός
1196 5160 1344 5211 ἐστιν
1377 5159 1451 5222 ὡς
1481 5160 1572 5211 καὶ
1600 5162 1737 5212 ἐκεῖ·

165 5266 261 5315 νος,
288 5252 605 5313 τουτέστιν,
638 5253 667 5301 6
697 5249 853 5311 Θεός.
893 5250 1002 5301 Καὶ
1035 5249 1223 5318 ὥσπερ
1250 5250 1429 5313 τοῦτο,
1466 5249 1608 5302 οὕτω
1643 5251 1738 5303 καὶ

164 5340 217 5391 τὸ
267 5341 612 5402 άπεναντίας
649 5339 843 5392 πάλινο
885 5340 943 5393 Ὀ
971 5340 1069 5410 τὴν
1118 5341 1395 5409 ἁμαρτίαν
1441 5342 1632 5402 ποιῶν,
1675 5343 1739 5393 ἐκ

165 5432 250 5484 τοῦ
284 5431 622 5503 ἁμαρτωλοῦ
653 5434 823 5483 ἐστιν.
862 5425 1029 5493 Οὗτος
1060 5432 1117 5483 δέ
1156 5433 1306 5483 ἐστιν
1336 5433 1363 5483 6
1393 5431 1738 5494 διὰὁο).ος,ὃς

166 5524 249 5573 ἀπ’
284 5528 459 5595 ἀρχῆς
498 5523 833 5593 ἁμαρτάνει.
864 5523 941 5574 Δι’
972 5521 1000 5573 ὅ
1051 5523 1142 5574 καὶ
1191 5514 1489 5590 κηδόμενος
1540 5523 1569 5572 6
1609 5522 1740 5583 Θεὸς

169 5614 249 5666 τοῦ
294 5614 495 5668 ἑαυτοῦ
536 5613 881 5682 πλάσματος,
943 5611 1258 5677 δικαιοσύνη
1318 5611 1412 5662 καὶ
1469 5611 1740 5678 ἁγιασμὸς

170 5706 439 5778 ὑπάρχων,
475 5705 829 5776 ἐφανερώθη,
872 5706 990 5775 ἦτοι
1039 5706 1116 5768 εἰς
1151 5704 1243 5755 τὸν
1291 5703 1494 5773 κόσμον
1542 5703 1739 5772 ἐφάνη,

170 5798 244 5851 ἵνα
271 5802 511 5870 άέανίσῃ
547 5798 616 5849 τὰ
653 5799 791 5865 ἔργα
821 5797 914 5848 τοῦ
942 5797 1210 5858 διαῆόλου,
1248 5795 1281 5849 ἆ
1324 5797 1469 5847 ἐστιν
1499 5796 1529 5863 ἡ
1564 5797 1743 5863 ἁμαρο

475 5897 759 5952 Ρεηοιιοι..
795 5894 910 5948 (in.
947 5889 1151 5950 CXIX.

1839 4612 1974 4663 vissc
2010 4611 2197 4663 dicens
2228 4624 2333 4661 non
2368 4609 2663 4662 secundum
2693 4609 2898 4661 nudum
2949 4610 3233 4662 oculorum
3282 4625 3423 4677 pro-

1840 4708 2106 4767 spectum,
2137 4710 2310 4764 neque
2345 4696 2487 4764 quod
2519 4697 2816 4750 secundum
2845 4695 3054 4750 facilem
3080 4698 3417 4768 imaginatio-

1838 4806 1965 4844 nem
1995 4788 2237 4857 egissent
2266 4786 2332 4840 ad
2362 4788 2747 4857 cognitionem,
2790 4789 2885 4841 sed
2918 4790 3060 4857 quod
3083 4805 3204 4843 cum
3239 4792 3422 4860 aliqua

1837 4879 2038 4949 judicio
2065 4884 2120 4929 et
2151 4875 2376 4929 scientia
2407 4877 2614 4945 operati
2651 4888 3132 4931 essentaccessum
3154 4879 3221 4933 ad
3245 4880 3419 4950 ipsum

1840 4966 2297 5037 quemadmodum
2354 4982 2517 5036 supra
2570 4967 2823 5021 diximus.
2882 4967 2975 5021 llis
3027 4978 3210 5024 autem
3264 4972 3420 5025 dictis

1843 5062 2049 5114 ﬁrmius
2081 5061 2345 5130 procedit,
2380 5062 2609 5115 dicens:
2664 5078 2684 5111 ι
2724 5060 2898 5116 Nemo
2956 5076 3053 5115 vos
3110 5063 3353 5115 seducat.
3398 5083 3413 5113 ι

1844 5156 2030 5225 Neque
2055 5156 2200 5210 enim
2231 5157 2335 5208 alio
2358 5156 2517 5210 modo
2540 5164 2720 5223 potest
2765 5171 2927 5224 quam
2988 5157 3090 5210 isto
3115 5175 3128 5210 :
3157 5156 3262 5221 Qui
3294 5158 3424 5213 facit

1840 5248 2129 5315 justitiam,
2177 5247 2325 5299 norit
2356 5248 2563 5314 justum
2595 5256 2650 5299 et
2680 5248 2860 5316 justus
2896 5256 3001 5310 est,
3048 5250 3190 5303 sicut
3228 5259 3282 5304 ct
3312 5250 3420 5311 ille.

1849 5338 1950 5390 hoc
1978 5346 2061 5388 est
2089 5336 2253 5389 Deus.
2310 5336 2377 5389 Et
2428 5336 2885 5403 quemadmodum
2953 5336 3078 5400 hoc,
3138 5338 3210 5391 ita
3259 5341 3423 5393 etiam

1842 5441 2063 5479 rursum
2094 5426 2380 5479 ediverso:
2415 5424 2517 5488 Qui
2552 5424 2679 5478 facit
2707 5433 3008 5493 peccatum,
3045 5441 3074 5479 a
3132 5436 3422 5495 peccatore

1845 5527 1948 5582 est,
1984 5517 2068 5569 hic
2096 5524 2277 5569 autem
2306 5525 2388 5568 est
2411 5515 2679 5576 diabolus,
2714 5527 2770 5567 ut
2797 5515 2889 5584 qui
2920 5516 2987 5569 ab
3023 5516 3176 5569 initio
3208 5527 3418 5586 peccat.

1846 5610 2076 5677 Propter
2106 5606 2252 5675 quod
2280 5606 2574 5676 providens
2596 5606 2738 5659 Deus
2778 5621 2887 5660 ειιιιι
2915 5616 3197 5671 creaturae,
3245 5606 3423 5662 factus

1844 5698 2054 5769 iustitia
2099 5708 2155 5752 et
2196 5696 2572 5762 sanctiﬁcatio,
2632 5696 3009 5751 manifestatus
3069 5705 3154 5751 est
3202 5697 3313 5750 sive
3365 5698 3418 5749 in

1854 5792 2058 5846 mundo
2081 5790 2346 5860 apparuit,
2378 5799 2435 5843 ut
2480 5805 2510 5844 e
2534 5791 2713 5844 medio
2755 5790 2967 5843 tol'eret
2994 5804 3156 5858 Opera
3221 5788 3417 5844 diaboli

2977 5884 3045 5941 ει
