4166 6448
202 437 311 505 553

1236 436 1617 499 ΕΟΜΜΕῙΧΤ.
1651 439 1729 498 ΙΝ
1755 436 1989 499 EPIST.
2020 441 2045 498 1
2084 439 2421 501 JOANNIS.

3366 446 3470 510 654

205 548 574 623 ήδρασμένον,
613 549 964 604 ἀνεπίδεκτον
1006 548 1279 619 ἁμαρτίας
1324 551 1418 604 τὸν
1458 552 1582 604 νοῦν
1636 552 1777 623 ἡμῶι

1900 554 2060 607 etiam
2091 553 2207 623 ipse
2234 555 2501 621 Christus,
2536 567 2791 626 tanquam
2825 558 3075 613 habitans
3112 560 3168 614 in
3195 559 3459 618 fidelibus.

202 644 370 696 ποιεῖ.
413 641 485 695 Ἦ
520 642 613 692 καὶ
659 640 823 704 αὐτὸς
857 642 886 692 ό
931 640 1192 709 Χριστὸς,
1224 641 1300 703 ὡς
1336 642 1559 695 ἐνοικῶν
1588 642 1645 694 ἐν
1679 644 1791 705 τοῖς

205 733 444 795 πιστοῖς,
480 734 625 783 ποιεῖ
669 732 867 793 αὐτοὺς
912 732 1061 792 υἱοὺς
1095 730 1250 787 Θεοῦ.
1290 733 1442 785 Καθὸ
1483 733 1575 785 καὶ
1623 733 1678 785 ἐν
1714 732 1793 802 τῷ

206 823 488 891 σπέρματι
517 822 787 892 Ἀϐραάμ,
817 823 879 884 ὃς
920 824 1068 874 ἐστιν
1100 822 1128 874 ὀ
1162 822 1414 890 Χριστὸς,
1446 822 1791 891 εὐλογοῦνται

208 914 392 965 πάντα
425 914 492 965 τὰ
546 911 696 981 ἔθνη.
741 912 957 983 Προέϐη
989 913 1044 965 δὲ
1075 912 1219 965 οὕτω
1248 912 1325 981 τῷ
1361 915 1506 982 λόγῳ
1548 915 1642 967 νῦν
1666 958 1679 979 ,
1731 915 1792 968 τὸ

205 1005 470 1073 ἀνωτέρω
534 1004 825 1073 εἰρημένον
882 1003 1031 1071 αὑτῷ
1094 1003 1351 1073 βεϐαιῶν,
1394 1005 1537 1069 λέγω
1588 1006 1644 1058 δὲ
1708 1005 1788 1070 τὸ,

204 1097 371 1149 τέκνα
416 1094 554 1147 εἶναι
600 1096 736 1148 Θεοῦ
778 1096 905 1157 τοὺς
950 1095 1195 1157 πιστούς.
1232 1097 1341 1149 Καὶ
1396 1098 1790 1168 ἀναντίρρητον

205 1187 343 1240 alte
372 1185 565 1246 ποιῶν,
598 1185 661 1237 ἐκ
691 1201 751 1235 τε
798 1184 893 1236 τοῦ
931 1184 1257 1252 πράγματος
1292 1184 1477 1249 αὑτοῦ,
1516 1187 1658 1255 φημὶ
1691 1184 1789 1237 τοῦ

210 1277 284 1343 μὴ
325 1274 690 1344 ἁμαρτάνειν,
747 1274 841 1327 καὶ
890 1276 958 1326 ἐκ
1006 1272 1102 1325 τοῦ
1161 1274 1425 1337 ἐναντίου,
1481 1274 1557 1336 ὡς
1608 1274 1790 1344 μικρῷ

208 1366 449 1434 πρόσθεν
477 1366 725 1434 εἴπομεν.
769 1364 833 1415 ΕΞ
874 1364 1005 1434 γὰρ,
1048 1364 1126 1433 τῷ
1174 1365 1399 1433 ἐναντίῳ
1433 1366 1492 1417 τὸ
1526 1366 1785 1428 ἐναντίον,

205 1458 301 1507 καὶ
335 1457 399 1508 τὸ
438 1458 681 1508 ἐναντίον
710 1455 788 1525 τῷ
828 1456 1078 1525 ἐναντίῳ,
1111 1456 1254 1509 κατὰ
1301 1458 1401 1519 τὰς
1441 1456 1791 1520 διαλεκτικὰς

204 1549 602 1618 ἐπιχειρήσεις.
643 1548 846 1599 Σκόπει
881 1548 936 1600 δέ
985 1548 1085 1617 τὴν
1132 1547 1420 1617 ἀκρίϐειαν
1460 1547 1552 1601 τοῦ
1596 1548 1784 1618 ῥητοῦ.

206 1640 283 1690 0-3
320 1640 432 1707 γὰρ
472 1640 737 1711 πρότερον
766 1636 943 1704 εἶπεν,
975 1641 1038 1693 ἐκ
1067 1639 1202 1692 Θεοῦ
1238 1642 1594 1710 γεγεννῆσθαι
1623 1642 1655 1711 ἢ
1692 1642 1786 1694 τοῦ

204 1728 500 1793 διαϐόλου,
554 1732 603 1782 εἰ
645 1732 721 1799 μὴ
768 1730 837 1782 τά
881 1731 1020 1800 ἔργα
1061 1730 1382 1800 προέλαϐον,
1424 1733 1544 1801 ἦτοι
1576 1732 1673 1801 τῆς
1704 1732 1784 1784 δι-

202 1819 526 1886 καιοσύνης,
558 1819 590 1889 ἣ
629 1820 727 1887 τῆς
767 1818 1017 1889 ἀνομίας.
1064 1820 1157 1872 Ἐκ
1185 1819 1391 1873 τούτων
1418 1821 1527 1891 γὰρ
1552 1823 1585 1889 ή
1613 1820 1783 1873 υἱοθεο

205 1908 323 1973 σία,
359 1910 395 1977 ἦ
427 1926 484 1960 τε
513 1908 608 1961 τοῦ
638 1908 794 1971 Θεοῦ,
825 1910 859 1979 ἦ
889 1926 948 1962 τε
982 1909 1074 1962 τοῦ
1104 1909 1369 1963 διαϐόλου.
1403 1911 1520 1964 Κᾶν
1542 1911 1651 1980 γάρ
1692 1911 1787 1976 χά-

207 2016 318 2067 ριτι
352 1999 698 2068 σεσώσμεοα,
741 2000 876 2053 ἀλλὰ
916 2000 1004 2053 διὰ
1052 2000 1119 2053 τὸ
1185 2001 1522 2070 ὑπερϐάλλον
1572 2002 1787 2068 λέγεται

201 2087 307 2155 τῆς
362 2088 459 2141 τοῦ
515 2089 650 2143 Θεοῦ
708 2090 1114 2159 χρηστότητος,
1185 2092 1267 2145 ὅτι
1318 2093 1494 2145 καίτοι
1553 2093 1786 2155 ἀνιάτως

203 2180 739 2250 προσκεκρουκότων
790 2179 969 2250 ἡμῶν,
1026 2181 1188 2243 αὐτὸς
1237 2182 1336 2234 οὐκ
1372 2184 1783 2253 ἐμνησικάκησε

199 2272 268 2337 τῇ
309 2271 557 2340 σωτηρίᾳ
601 2270 761 2339 ἡμῶν
790 2272 959 2323 ’ἐπεὶ
1001 2272 1081 2324 ὅτι
1116 2272 1190 2342 μὴ
1220 2275 1408 2343 ἀργοῖς
1454 2274 1637 2327 δίδωσι
1686 2276 1784 2344 τὴν

202 2359 341 2427 παρ’
404 2359 582 2427 ἑαυτῷ
650 2361 949 2431 σωτηρίαν,
1007 2362 1216 2425 Παῦλος
1274 2364 1560 2417 πιστοῦται
1624 2364 1781 2433 βοῶν’

200 2452 330 2512 τοῖς
362 2451 503 2503 κατὰ
534 2452 793 2521 πρόθεσιν
828 2455 1048 2521 κλητοῖς
1097 2450 1266 2507 οἷσιν.
1312 2455 1590 2518 Ὡσαύτως
1620 2460 1711 2508 καὶ
1735 2458 1783 2508 οί

194 2540 279 2609 τῷ
338 2542 571 2612 διαϐόλῳ
630 2543 1062 2611 υἱοθετηθέντες,
1117 2544 1220 2598 κᾶν
1265 2545 1785 2616 ἀπηλλοτριὼῦησαν

200 2631 310 2681 ἀπὺ
352 2631 589 2700 μήτρας,
624 2632 720 2683 καὶ
762 2634 927 2701 μήπω
958 2632 1058 2703 τὴν
1103 2633 1248 2691 κατά
1292 2635 1551 2705 πρόθεσιν
1600 2638 1783 2709 ἁμαρ-

196 2721 323 2773 τίαν
382 2721 771 2789 ἐνηργηκότες,
828 2723 963 2775 ἀλλά
1004 2724 1093 2776 διὰ
1138 2725 1201 2777 τὸ
1256 2726 1393 2793 ἄγαν
1424 2728 1784 2799 φιλοπόνηρον

195 2810 384 2862 αἰτῶν
413 2812 626 2879 εἴρηται
658 2812 838 2866 τοῦτο.
871 2814 945 2865 Οὐ
985 2814 1093 2883 γὰρ
1125 2814 1272 2868 ἔστιν
1298 2816 1658 2885 ἀνενέργητον
1687 2820 1781 2871 τοῦ

196 2900 398 2962 κακοῦ,
442 2902 518 2969 τῷ
555 2901 788 2971 διαϐόλῳ
819 2903 1190 2972 οξκειωθῆναι.
1237 2904 1378 2956 Ἀλλ’
1426 2908 1453 2957 ὀ
1485 2908 1650 2959 ποιῶν
1684 2910 1783 2976 τὴν

196 2990 507 3057 ἁμαρτίαν,
543 2993 743 3053 ἐκεῖνος
775 2994 868 3044 καὶ
910 2993 987 3061 τῷ
1024 2993 1256 3061 διαϐόλῳ
1294 2996 1636 3066 ἀνείληπται,
1664 3001 1781 3066 ἦτοι

197 3082 281 3140 εἰς
304 3080 447 3136 υἱὸν,
476 3080 556 3148 τῷ
580 3081 742 3133 πλέον
771 3083 1011 3152 ἐνεργεῖν
1044 3084 1138 3135 καὶ
1163 3086 1481 3156 αὐθαίρετον
1504 3087 1564 3140 τὸ
1591 3088 1779 3155 κακὸν,

195 3166 231 3235 ἢ
264 3171 346 3229 είς
378 3168 585 3231 δοῦλον,
613 3171 691 3239 τῷ
728 3172 1247 3242 καταπαλαισθῆναι
1292 3177 1367 3244 τῷ
1421 3179 1643 3249 πονηρῷ
1687 3181 1778 3231 καὶ

195 3260 538 3327 χειρωθῆναι
567 3260 659 3313 ὑπ’
690 3262 874 3325 αὑτοῦ,
907 3265 1001 3315 καὶ¹
1024 3265 1122 3334 τὴν
1160 3266 1418 3335 λατρείαν
1442 3271 1779 3339 κατακριθῆ-

194 3363 304 3398 ναι.
331 3347 537 3399 Σκόπει
558 3349 614 3400 δὲ
644 3350 737 3401 καὶ
762 3351 943 3417 τοῦτο,
968 3353 1047 3405 ὅτι
1076 3354 1167 3405 τὸν
1190 3356 1251 3407 ἐκ
1281 3356 1417 3409 Θεοῦ
1443 3360 1780 3429 γεγεννημέ-

191 3453 307 3502 νον,
326 3440 431 3490 οὐκ
450 3435 602 3490 εἶπεν
618 3442 698 3491 ὅτι
717 3442 815 3509 οὐχ
838 3442 1164 3513 ἁμαρτάνει,
1185 3446 1269 3497 ἵνα
1292 3448 1365 3515 μὴ
1387 3448 1482 3499 καὶ
1511 3449 1576 3501 τὰ
1602 3449 1777 3521 βρέφη

192 3544 380 3598 συμπε
393 3530 587 3599 ριλάϐῃ
602 3532 659 3595 ἐξ
679 3530 891 3600 ἡλικίας
909 3532 1098 3602 ἔχοντα
1116 3535 1175 3587 τὺ
1194 3538 1267 3605 μὴ
1286 3538 1640 3608 ἁμαρτάνειν,
1663 3544 1777 3596 ἀλλ’

194 3615 353 3670 εἶπεν
369 3620 452 3671 ὃτι
471 3620 528 3671 ’Δ
538 3622 771 3690 μαρτίαν
785 3623 845 3674 οὐ
870 3626 1032 3676 ποιεῖ.
1057 3626 1128 3677 Τὸ
1146 3628 1243 3694 μὲν
1266 3630 1392 3698 γὰρ,
1406 3630 1516 3699 Οὐχ
1533 3633 1779 3703 ἁμαρτά-

189 3725 299 3773 νει,
319 3712 596 3778 ἀποφάσει
615 3714 787 3765 ἔοικεν
807 3715 1016 3778 ἁπλῶς·
1037 3718 1098 3768 τὸ
1115 3718 1193 3781 δὲ,
1212 3719 1287 3771 Οὐ
1310 3725 1469 3783 ποιεῖ,
1489 3712 1547 3774 τό
1574 3726 1638 3777 ἐκ
1665 3726 1779 3779 δια-

193 3800 400 3863 θέσεως
421 3804 496 3871 μὴ
517 3803 784 3872 ὑπάρχειν
801 3805 968 3875 δῆλον..
986 3809 1209 3861 Δι’ὃκαὶ
1224 3813 1569 3882 προστίθησι,
1587 3817 1678 3868 καὶ
1696 3818 1776 3871 ὅτι

194 3894 256 3944 οὐ
288 3892 516 3945 δύναται
550 3895 908 3965 ἁμαρτάνειν,
940 3901 1002 3951 οὑ
1033 3902 1171 3953 κατά
1204 3920 1438 3972 φυσικην
1472 3907 1775 3975 ἀδυναμίαν

190 3986 355 4039 τοῦτο
397 3988 595 4053 λέγων,
622 3988 695 4051 ὠς
727 3992 819 4041 ἐπὶ
853 3991 961 4044 τῶν
996 3993 1205 4058 ἀλόγων
1239 3997 1437 4063 φαμὲν,
1495 3999 1569 4069 μὴ
1613 4000 1774 4053 δύνα-

194 4077 319 4129 σθαι
350 4079 664 4148 ἐπιστήμην
696 4081 1120 4150 ἀναλαμϐάνειν,
1160 4085 1296 4137 ἀλλὰ
1340 4087 1478 4139 κατὰ
1506 4105 1772 4159 προαιρε-

190 4167 354 4234 τικὴν
381 4170 479 4235 τῆς
517 4170 791 4238 ἁμαρτίας
842 4172 1062 4240 ἀργίαν.
1106 4173 1291 4226 Ταῦτα
1339 4176 1646 4243 διεξελθὼν,
1680 4182 1772 4232 καὶ

190 4255 252 4307 τὸ
275 4257 569 4325 γνώρισμα
597 4260 706 4309 τῶν
736 4259 829 4311 τοῦ
858 4260 993 4313 Θεοῦ
1035 4262 1263 4327 τέκνων,
1296 4265 1356 4316 τὸ
1390 4266 1464 4335 μὴ
1498 4268 1772 4338 ἁμαρτίαν

193 4349 392 4409 ποιεῖν,
428 4345 568 4400 εἶναι
605 4351 808 4418 φήσας,
841 4352 918 4412 ὡς
962 4352 1222 4421 ἔμπαλιν,
1254 4356 1364 4407 τῶν
1401 4358 1492 4409 τοῦ
1524 4361 1770 4414 διαϐόλου

193 4438 346 4500 υἱῶν,
375 4439 435 4489 τὸ
469 4440 804 4508 ἁμαρτάνειν
828 4460 841 4472 ο
870 4442 1156 4506 διεξελῡὼν
1181 4442 1274 4499 οὖν
1307 4448 1499 4513 ταῦτα,
1532 4452 1775 4522 eam-

1896 642 2026 697 facit
2074 645 2220 714 ipsos
2258 645 2395 701 ﬁlios
2441 647 2553 713 Dei,
2619 657 2889 718 quatenus
2939 653 3101 705 etiam
3156 653 3209 706 in
3264 655 3464 708 semine

1893 735 2185 799 Abraham,
2219 738 2309 806 qui
2364 748 2449 793 est
2501 740 2772 804 Christus,
2830 741 3226 798 benedicuntur
3278 761 3468 800 omnes

1892 836 2082 894 gentes
2111 827 2175 879 '”.
2215 827 2384 881 Nune
2406 838 2587 883 autem
2617 831 2687 884 ita
2726 846 2978 886 sermone
3010 836 3293 902 processit,
3330 851 3466 889 con-

1894 915 2115 971 ﬁrmans
2137 919 2280 985 quod
2335 919 2586 987 superius
2638 922 2869 987 dixerat,
2913 924 3040 977 dico
3094 939 3225 980 sane
3282 927 3467 981 lidelcs

1894 1022 2014 1061 esse
2045 1007 2138 1062 Dei
2168 1010 2325 1070 ﬁlios,
2360 1020 2415 1063 et
2476 1010 2842 1066 indubitatum
2898 1014 3030 1069 illud
3076 1014 3300 1078 faciens,
3352 1028 3463 1070 tum

1892 1111 1957 1150 ex
1984 1099 2172 1151 eadem
2202 1115 2282 1162 re,
2319 1109 2449 1169 puta
2490 1117 2596 1155 non
2632 1117 2856 1171 peccare
2890 1115 3040 1159 :tum
3065 1121 3132 1159 ex
3170 1107 3464 1170 contrario,

1892 1199 1951 1242 ut
1974 1191 2137 1258 paulo
2169 1201 2295 1245 ante
2328 1193 2584 1247 diximus.
2617 1194 2769 1248 Sicut
2806 1196 2950 1249 enim
2986 1199 3086 1252 hoc
3107 1200 3463 1263 contrarium,

1891 1294 1951 1333 se
1983 1280 2144 1334 habet
2170 1283 2236 1334 ad
2256 1282 2386 1336 illud
2410 1284 2765 1349 contrarium,
2805 1286 2875 1338 ita
2907 1302 3126 1340 rursum
3162 1289 3289 1342 illud
3336 1304 3466 1343 con-

1892 1367 2116 1420 trarium
2139 1369 2206 1421 ad
2226 1369 2328 1421 hoc
2350 1370 2842 1439 contrariumjuxta
2864 1372 3467 1442 dialecticasargumen-

1890 1458 2142 1512 taliones.
2162 1456 2458 1513 Considera
2488 1475 2616 1513 vero
2635 1470 2879 1514 exactam
2911 1465 3261 1517 sententiam.
3282 1463 3466 1534 Neque

1887 1548 2032 1600 enim
2058 1548 2210 1617 prius
2229 1549 2440 1603 dixitex
2459 1549 2566 1603 Deo
2582 1554 2765 1603 uatum
2797 1565 2917 1604 esse
2935 1551 3016 1605 vel
3032 1568 3093 1605 ex
3109 1553 3341 1621 diabolo,
3361 1554 3462 1607 nisi

1886 1638 2235 1709 prieacceptis
2256 1639 2514 1707 Operibus
2557 1640 2670 1694 sive
2706 1640 2932 1709 justitiaa
2986 1642 3098 1695 sive
3144 1643 3463 1711 iniquitatis.

1888 1731 1964 1782 lix
1994 1728 2079 1782 his
2111 1744 2347 1796 namque
2377 1729 2596 1799 adoptio
2627 1740 2711 1785 est
2758 1730 2873 1784 sive
2924 1731 3014 1784 Dei
3078 1734 3193 1786 sive
3241 1733 3461 1787 diaboli.

1888 1818 2208 1888 Quanquam
2235 1820 2382 1873 enim
2423 1822 2592 1889 gratia
2630 1823 2761 1875 salvi
2810 1822 2937 1876 facti
2977 1824 3169 1889 simus,
3223 1834 3461 1879 attaman

1892 1921 2112 1980 propter
2140 1911 2391 1964 eximiam
2431 1912 2523 1965 Dei
2551 1913 2936 1983 benignitatem
2969 1916 3071 1967 hoc
3098 1916 3314 1980 dicitur,
3336 1920 3461 1986 quia

1892 2002 2460 2057 licet'incurabilitcr
2530 2004 2955 2067 otl‘eiideramus,
3020 2008 3136 2075 ipse
3196 2007 3460 2061 malorum

1888 2108 1997 2146 non
2067 2093 2315 2147 meminit
2379 2095 2447 2147 ob
2514 2095 2740 2148 salutem
2815 2097 3156 2151 nostram".
3182 2097 3458 2164 Siquidem

1887 2186 2030 2255 quod
2062 2186 2253 2239 otiosis
2284 2200 2389 2238 non.
2429 2185 2521 2239 det
2550 2200 2667 2237 eam
2691 2201 2810 2253 quae
2841 2195 2923 2238 est
2953 2187 3091 2254 apud
3118 2203 3173 2239 se
3204 2188 3455 2247 salutem,

1887 2276 2088 2330 Paulus
2119 2274 2403 2329 conﬁrmat
2424 2275 2705 2328 clamando
2741 2293 2753 2326 :
2784 2273 2878 2328 His
2900 2276 2990 2343 qui
3014 2277 3308 2329 secundum
3331 2293 3458 2346 pre-

1889 2370 2123 2438 positum
2172 2368 2348 2421 vocati
2391 2376 2546 2420 erant
2584 2369 2649 2420 τυ.
2688 2367 2948 2421 Similiter
2993 2378 3047 2421 et
3104 2370 3194 2437 qui
3246 2369 3459 2422 diabqu

1887 2457 2128 2526 adOptati
2161 2466 2286 2510 sunt
2312 2457 2367 2509 in
2398 2456 2559 2518 ﬁlios,
2593 2472 2905 2525 quanquam
2934 2458 3220 2511 abalienati
3254 2461 3364 2513 sint
3392 2461 3459 2511 ab

1890 2561 2047 2604 utero
2093 2550 2160 2613 ⁸⁰,
2206 2565 2328 2603 cum
2386 2558 2564 2602 tamen
2627 2550 2868 2603 nondum
2928 2550 3077 2618 juxta
3122 2553 3458 2620 prepositum

1886 2639 2094 2707 operati
2119 2639 2226 2692 sint
2253 2638 2451 2690 malum
2481 2653 2494 2691 :
2526 2636 2686 2707 582
2720 2647 2957 2692 attamen
3016 2648 3238 2708 propter
3290 2641 3457 2694 vehc-

1887 2741 2125 2784 mentem
2161 2745 2347 2783 eorum
2381 2730 2642 2783 malitiam
2681 2731 2782 2783 hoc
2835 2731 3036 2785 dictum
3099 2742 3225 2786 est:
3283 2748 3459 2802 neque

1886 2822 2265 2889 enimabsque
2304 2821 2429 2874 mali
2461 2824 2774 2890 operatione
2796 2824 3060 2894 contingit
3085 2825 3299 2879 diabolo
3332 2842 3457 2895 pro-

1886 2915 2062 2982 prium
2086 2928 2149 2966 ac
2172 2914 2526 2967 domesticum
2551 2914 2703 2970 ﬁeri:
2740 2918 2831 2969 sed
2853 2917 2944 2984 qui
2990 2918 3118 2971 facit
3152 2928 3453 2988 peccatum,

1887 3006 1975 3059 ille
2008 3022 2036 3058 a
2059 3006 2274 3059 diabolo
2300 3017 2613 3075 assumptus
2634 3016 2735 3068 cst,
2776 3007 2887 3060 sive
2922 3008 2974 3060 in
3021 3009 3211 3074 ﬁlium,
3242 3022 3300 3064 ut
3338 3028 3457 3065 am-

1883 3099 2026 3167 plius
2048 3110 2306 3167 Operetur
2331 3099 2491 3151 etiam
2534 3114 2630 3151 sua
2678 3110 2871 3167 sponte
2930 3103 3175 3155 malum:
3237 3104 3352 3157 sive
3403 3107 3456 3158 in

1883 3204 2123 3249 servum,
2155 3204 2220 3242 eo
2246 3191 2390 3258 quod
2421 3210 2446 3241 ιι
2480 3191 2711 3261 maligno
2738 3203 3024 3260 superatus
3067 3195 3155 3258 sit,
3188 3204 3242 3249 et
3284 3196 3351 3250 ab
3392 3213 3457 3251 eu

1882 3281 2079 3334 ductus
2097 3281 2343 3348 captivus
2360 3296 2420 3334 ac
2442 3282 2833 3336 condemnatus
2851 3285 2915 3337 ad
2940 3286 3083 3338 illius
3108 3286 3454 3357 obsequium.

1881 3366 2266 3421 Animadverte
2293 3378 2552 3422 autemet
2581 3368 2684 3423 hoc
2733 3372 2876 3439 quod
2923 3389 3030 3426 non
3082 3375 3281 3431 dixerit
3330 3393 3454 3432 eum

1880 3457 1970 3526 qui
1997 3471 2061 3509 ex
2096 3458 2203 3509 lfeo
2233 3465 2391 3510 natus
2412 3467 2494 3510 cst
2525 3473 2635 3511 non
2668 3474 2915 3526 peccare,
2971 3478 3040 3515 ne
3099 3475 3153 3518 et
3222 3467 3454 3523 infantci

1880 3548 2389 3615 comprehenderet,
2424 3550 2513 3617 qui
2547 3552 2615 3615 ab
2639 3560 2801 3605 utero
2862 3555 3066 3610 habent
3130 3562 3275 3625 quod
3343 3578 3450 3616 non

1880 3646 2142 3706 peccent:
2173 3637 2265 3690 sed
2297 3637 2450 3700 dixit,
2494 3637 2781 3693 Peccatum
2812 3658 2920 3696 non
2949 3644 3092 3700 facit.
3130 3648 3258 3703 Hlud
3280 3652 3451 3719 siqui-

1879 3727 2035 3780 dem:
2058 3727 2167 3780 Non
2189 3739 2397 3795 peccat,
2419 3731 2694 3799 negationi
2711 3732 3028 3798 simplciter
3045 3743 3288 3808 congruit
3317 3742 3452 3795 :hoe

1877 3826 2056 3871 autem
2092 3835 2104 3869 :
2139 3816 2253 3870 Nun
2312 3818 2441 3872 facit
2490 3830 2792 3888 peccatum,
2828 3825 3095 3894 signiﬁcat
3136 3845 3202 3883 ex
3250 3831 3448 3886 affectu

1877 3924 1987 3961 non
2018 3909 2349 3977 contingere.
2379 3908 2608 3979 Propter
2633 3915 2774 3981 quod
2806 3917 2968 3969 etiam
2994 3920 3144 3973 addit
3172 3926 3311 3989 quod
3343 3940 3450 3977 non

1875 4007 2057 4069 potest
2087 4016 2332 4069 peccare,
2366 4018 2472 4054 non
2505 4005 2806 4059 secundum
2863 4020 3072 4063 naturze
3136 4012 3420 4081 impossibi
3450 4052 3452 4055 τ

1875 4089 2082 4141 litatem
2117 4090 2219 4141 hoc
2251 4090 2455 4155 dicens,
2497 4094 2954 4160 quemadmodum
2989 4098 3057 4151 de
3117 4100 3448 4157 irrationali-

1875 4179 1974 4231 bus
1997 4179 2229 4231 dicimus
2254 4181 2396 4247 quod
2434 4196 2541 4233 non
2582 4194 2812 4250 possunt
2841 4188 3122 4242 scientiam
3157 4195 3398 4261 recipere
3429 4215 3445 4253 ;

1875 4269 1969 4323 sed
2007 4280 2227 4337 propter
2268 4272 2634 4326 voluntarium
2664 4276 2833 4328 otium
2884 4279 2998 4331 slve
3064 4281 3444 4340 abstinentiam

1873 4376 1902 4414 a
1935 4360 2212 4428 peccando
2244 4361 2355 4413 licet:
2386 4362 2680 4427 disserens,
2716 4375 2771 4418 et
2803 4367 3062 4422 indicium
3089 4370 3316 4426 ﬁliorum
3353 4376 3442 4429 Dei

1872 4465 1994 4503 esse
2027 4451 2235 4511 dicens,
2263 4465 2371 4503 non
2422 4467 2647 4518 peccare
2678 4470 2689 4504 :
2726 4460 3180 4523 quemadmodum
3229 4480 3443 4519 rursum

189 4525 346 4577 6ivzt
402 4530 566 4581 πάλιν
619 4532 758 4598 μετά
796 4532 965 4585 πολλὰ
1003 4535 1070 4585 τὰ
1120 4536 1321 4604 μεταξὺ
1362 4538 1457 4606 τὴν
1505 4544 1632 4610 περὶ
1678 4544 1768 4595 τὸν

1881 4542 2107 4593 ﬁliorum
2140 4538 2359 4603 diaboli,
2389 4556 2631 4609 peccare.
2664 4543 2757 4596 llis
2792 4561 2921 4616 ergo
2960 4553 3252 4615 enarratis,
3286 4572 3444 4623 repe-

191 4620 426 4687 πλησίον
458 4624 701 4689 ἀγάπην,
735 4626 927 4696 ὥσπερ
948 4628 1108 4696 χάριν
1145 4631 1359 4699 ἐκείνης
1390 4634 1564 4685 πάντα
1594 4635 1658 4686 τὰ
1687 4636 1775 4689 διὰ

190 4713 359 4780 μέσου
390 4720 982 4785 πραγματευσάμενος,
1024 4723 1145 4772 ἐπεὶ
1184 4723 1281 4774 καὶ
1326 4723 1601 4793 πλήρωμα
1634 4729 1769 4778 πάν-

186 4818 294 4852 των
358 4804 393 4870 ἡ
458 4806 669 4873 ἀγάπη,
730 4808 823 4859 καί
866 4827 1053 4877 φησιν’
1114 4830 1134 4862 ι
1188 4814 1247 4865 Ὀ
1281 4813 1354 4882 μὴ
1399 4816 1629 4881 ἀγαπῶν
1679 4819 1771 4871 τὸν

185 4890 421 4958 ἀδελφὸν
453 4894 641 4956 αὐτοῦ,
679 4897 781 4949 οὐκ
810 4897 956 4951 ἔστιν
998 4902 1060 4952 ἐκ
1093 4901 1187 4954 τοῦ
1220 4902 1373 4956 Θεοῦ.
1417 4922 1436 4955 ι
1481 4908 1589 4959 Καὶ
1626 4909 1767 4961 κατά

183 4978 381 5030 τούτου
416 4983 524 5047 γὰρ
557 4983 648 5035 τοῦ
697 4985 871 5037 κώλου
921 4987 1201 5053 τέτακται,
1237 4991 1317 5046 τὸ.
1354 4991 1469 5044 Οὐκ
1516 4994 1662 5048 ἐστιν
1707 4998 1771 5049 ἐκ

183 5066 282 5117 τοῦ
315 5068 477 5130 Θεοῦ,
518 5071 678 5124 τοῦτο
708 5072 906 5140 λέγων·
963 5076 1113 5129 Ἐπεὶ
1145 5080 1173 5129 ό
1217 5080 1387 5131 ποιῶν
1417 5082 1761 5156 δικαιοσύνην

184 5160 250 5210 ἐκ
276 5160 372 5211 τοῦ
400 5162 530 5213 Θεοῦ
558 5166 899 5231 γεγέννηται,
932 5168 1121 5222 ἕπεται
1145 5172 1225 5241 τῷ
1252 5173 1391 5225 οὕτω
1419 5177 1757 5245 γεννηθέντι,

182 5250 411 5321 ἀγαπᾷν
434 5260 562 5315 τοὺς
593 5256 878 5323 ἀδελφούς.
917 5258 974 5312 '0
996 5260 1052 5312 δὲ
1083 5263 1155 5330 μὴ
1187 5266 1356 5317 ποιῶν
1386 5268 1755 5336 δικαιοσύνην,

180 5340 261 5408 τῷ
299 5344 375 5411 μὴ
409 5346 578 5395 ποιεῖν
606 5347 774 5414 αὐτὴν
822 5347 996 5411 μισῶν
1032 5353 1156 5413 τοὺς
1188 5353 1448 5421 ἀδελφοὺς
1474 5358 1662 5423 αὑτοῦ,
1694 5361 1757 5411 ἐκ

181 5427 278 5479 τοῦ
312 5429 449 5479 Θεοῦ
480 5432 579 5483 οὐκ
611 5434 756 5485 ἔστιν
797 5437 857 5486 οὐ
896 5439 1034 5490 κατὰ
1067 5440 1224 5492 ἀλλον
1264 5445 1465 5512 τρόπον
1510 5445 1647 5516 ῆτῷ
1680 5447 1754 5518 μὴ

182 5520 546 5587 γεγεννῆσθαι
585 5522 644 5586 ἐξ
688 5525 873 5579 αὑτοῦ.
926 5529 1036 5582 Καὶ
1068 5530 1182 5593 πῶς
1214 5533 1315 5585 οὐκ
1367 5534 1513 5587 ἔστιν
1548 5537 1612 5588 ἐκ
1663 5537 1756 5589 τοῦ

182 5607 318 5660 Θεοῦ
358 5609 602 5665 δείκνυσι
647 5614 843 5682 λέγων,
899 5618 981 5671 ὅτι
1014 5638 1034 5671 ε
1075 5620 1223 5692 Αὕτη
1265 5626 1472 5696 ἐστινὴ
1506 5626 1756 5695 ἀγγελία,

286 5786 330 5817 "
372 5785 509 5841 Gen.
537 5806 670 5856 xxii,
704 5790 800 5853 l8;
834 5790 952 5847 Gai.
984 5811 1063 5860 ιιι,
1086 5795 1139 5849 9.
1217 5798 1261 5829 ⁷⁸
1287 5800 1481 5867 Ephes.
1509 5816 1568 5854 ιι.

1642 5804 1687 5835 "
1709 5803 1865 5858 Rom.
1908 5821 2026 5869 viti,
2057 5804 2146 5859 28.

1872 4631 1937 4684 tit
1964 4638 2083 4697 post
2110 4630 2275 4681 multa
2306 4628 2357 4680 in
2413 4631 2590 4685 medio
2650 4638 2845 4700 posita,
2910 4636 3255 4694 dilectionem
3318 4659 3442 4715 erga

1868 4720 2195 4788 proximum,
2216 4719 2368 4785 quasi
2397 4719 2539 4772 illius
2564 4723 2732 4790 gratia
2752 4724 3007 4779 universa
3031 4744 3153 4796 qua:
3186 4734 3235 4783 in
3262 4734 3442 4787 medio

1869 4810 2093 4863 fuerunt
2184 4810 2546 4864 tractaverit:
2627 4814 3069 4883 quandoquidem
3160 4822 3442 4888 plenitudo

1868 4914 2083 4967 quoque
2113 4900 2353 4951 omnium
2383 4909 2468 4952 est
2497 4900 2717 4955 dilectio
2746 4904 2813 4968 ⁸³,
2847 4915 2901 4959 et
2938 4908 3010 4960 ait
3039 4925 3053 4962 :
3123 4929 3138 4959 ι
3176 4910 3276 4977 Qui
3331 4930 3438 4968 nun

1867 4990 2040 5059 diligit
2075 4989 2298 5042 fratrem
2335 5004 2519 5053 suum,
2558 5005 2666 5045 non
2697 5003 2782 5047 est
2832 5010 2895 5049 ex
2920 4996 3050 5052 Deo.
3092 5018 3109 5051 ι
3149 4999 3278 5056 Nam
3310 5020 3441 5058 con-

1870 5089 1953 5133 tra
1987 5081 2087 5133 hoc
2118 5081 2281 5132 etiam
2318 5084 2619 5134 membrum
2657 5088 2890 5151 positum
2928 5097 3013 5141 est
3047 5108 3059 5141 :
3092 5091 3209 5144 Non
3246 5106 3327 5148 est
3373 5112 3439 5150 ex

1867 5171 1998 5232 Deo,
2064 5172 2167 5225 hoc
2200 5172 2387 5226 dicens
2423 5190 2435 5226 :
2467 5172 2732 5237 Quoniam
2765 5177 2808 5229 si
2862 5177 2906 5230 is
2946 5180 3036 5247 qui
3090 5182 3217 5237 facit
3278 5187 3439 5253 justi-

1867 5265 2019 5325 tiam,
2056 5279 2122 5316 ex
2156 5264 2269 5319 Deo
2305 5274 2465 5317 natus
2493 5277 2596 5332 est,
2619 5272 2865 5337 sequitur
2889 5282 2948 5324 ut
2979 5274 3024 5325 is
3051 5276 3142 5341 qui
3174 5275 3242 5329 ita
3276 5290 3435 5335 natus

1864 5362 1947 5408 est
1988 5354 2174 5422 diligat
2211 5357 2404 5409 fratres
2456 5375 2469 5410 :
2510 5359 2601 5426 qui
2638 5374 2766 5411 vero
2818 5376 2923 5414 non
2974 5362 3103 5417 facit
3141 5367 3431 5433 justitiam,

1863 5460 1928 5500 eo
1987 5446 2134 5515 quod
2194 5463 2303 5501 non
2363 5448 2524 5502 faciat
2583 5465 2701 5503 eam
2762 5453 2994 5507 odieudo
3038 5457 3229 5511 fratres
3281 5475 3431 5523 suos.

1868 5548 2081 5591 nonest
2106 5554 2171 5591 ex
2204 5539 2330 5601 Deo,
2366 5555 2473 5594 non
2505 5541 2655 5609 juxta
2690 5543 2850 5596 alium
2880 5548 3096 5598 modum
3157 5552 3257 5603 nisi
3289 5558 3433 5618 quod

1869 5641 1983 5681 non
2024 5639 2183 5683 natus
2212 5630 2283 5683 sit
2311 5645 2379 5684 ex
2409 5646 2496 5686 eo.
2529 5631 2593 5685 Et
2616 5636 2887 5702 quomodo
2917 5651 3025 5689 non
3055 5637 3124 5691 sit
3164 5654 3227 5693 ex
3253 5656 3316 5696 eo
3342 5658 3433 5697 os-

2224 5806 2268 5837 “
2299 5809 2674 5877 Psal,t.v.i,£.
2755 5815 2792 5846 "
2842 5813 3000 5869 Rom.
3061 5834 3177 5884 xui,
3233 5819 3319 5875 10.
