4166 6448
720 382 830 445 655

1796 383 2191 444 (ECUMEN‘ZI
2229 384 2522 444 TRICWE
2566 376 2905 475 ΕΡΙΞῼΟΡΙ

3871 381 3984 451 65

730 495 925 559 tendit,
960 495 1195 549 dicens:
1262 511 1279 544 ι
1317 493 1588 560 Quoniam
1651 495 1767 549 hac
1821 506 1906 550 est
1963 499 2300 551 annuntiatie

2415 498 2477 565 ἢν
2518 497 2789 566 ἠκούσατε
2829 496 2925 551 ἀπ’
2962 496 3157 567 ἀρχῆς.
3198 514 3216 547 t
3260 496 3354 559 Τίς
3382 496 3440 548 δὲ
3489 497 3521 565 ἡ
3574 496 3806 564 ἀγγελία
3851 500 3995 566 αὕτη

720 604 882 657 quam
913 585 1142 640 audistis
1158 585 1226 639 ab
1258 585 1415 640 initio
1435 586 1503 638 ⁸¹.
1544 604 1563 637 ›
1608 583 1739 651 Quae
1764 587 1834 641 sit
1863 597 2046 642 autem
2072 588 2189 642 haec
2213 604 2311 641 an-

720 678 1011 742 ntmtiatio,
1031 676 1142 746 jam
1173 676 1429 740 diximus,
1467 676 1612 745 quod
1642 685 1698 731 et
1738 678 2064 734 naturaliter
2085 686 2307 748 accepta

717 781 773 827 ct
807 786 905 841 per
932 770 1241 824 doctrinam
1270 787 1285 833 ;
1319 770 1414 823 sed
1440 778 1496 823 et
1538 769 1695 840 legali
1737 780 2011 841 praecepto
2060 771 2127 825 de
2193 772 2309 825 dili-

730 864 908 934 gendo
936 863 1210 933 proximo,
1266 862 1475 914 Domini
1505 877 1722 931 quoque
1748 870 2018 931 prmeepto
2048 863 2263 917 dicente
2289 881 2301 915 :

736 974 753 1007 ι
788 956 1125 1024 Ρῐιιπερριυιη
1162 967 1364 1006 novum
1393 953 1463 1007 do
1490 953 1662 1016 vobis,
1687 961 1747 1006 ut
1778 953 2015 1022 diligatis
2044 972 2141 1010 vos
2163 955 2306 1009 invi-

717 1063 837 1102 cem
864 1047 963 1099 ⁸⁸.»
995 1044 1261 1099 Praeterea
1290 1044 1450 1098 etiam
1469 1044 1713 1098 naturale
1736 1054 2065 1114 praeceptum
2092 1062 2215 1117 «rga
2243 1061 2305 1099 ea

724 1158 845 1212 qua:
873 1142 1117 1211 ejusdem
1148 1139 1314 1194 sortis
1346 1148 1401 1193 et
1455 1137 1791 1193 conditionis
1834 1149 1983 1206 sunt,
2048 1142 2193 1211 cogit
2235 1143 2302 1196 ad

718 1235 821 1289 hoc
851 1234 1183 1288 faciendum.
1216 1230 1481 1296 Quoniam
1508 1230 1672 1301 igitur
1727 1240 1807 1286 tot
1871 1247 1934 1287 ac
1989 1234 2114 1287 talia
2173 1243 2301 1287 sunt

714 1334 986 1394 praseepta
1018 1321 1308 1377 assertioni
1337 1320 1551 1374 Domini
1584 1322 1910 1387 conformia,
1941 1323 2034 1392 qui
2083 1339 2293 1379 sermo-

714 1432 840 1470 netu
873 1414 991 1484 ejus
1030 1421 1213 1468 servat
1239 1421 1293 1465 et
1326 1410 1455 1465 facit
1489 1412 1687 1480 ipsum,
1723 1412 1888 1467 habet
1924 1415 2089 1467 vitam
2129 1423 2291 1469 atter-

712 1521 860 1567 nam,
900 1515 954 1560 et
984 1504 1233 1559 transivit
1256 1518 1320 1557 ex
1351 1513 1524 1558 tttorte
1555 1503 1623 1557 ad
1651 1504 1816 1557 vitam
1846 1504 1912 1556 “.

785 1597 947 1668 583
1004 1596 1301 1666 Pmpterea
1361 1613 1491 1666 ergo
1544 1596 1831 1665 diligamus
1883 1594 2101 1659 fratres,
2167 1598 2302 1651 nihil

714 1687 1034 1742 nocumenli
1075 1697 1356 1741 sumentes
1384 1686 1451 1739 ad
1475 1685 1883 1741 :emulattdum:
1914 1694 2065 1753 puta,
2095 1687 2137 1739 si
2178 1688 2301 1741 odio

715 1781 1014 1835 habeantur
1042 1795 1071 1833 a
1103 1778 1331 1843 mundo,
1348 1793 1460 1832 non
1483 1792 1699 1846 quoque
1720 1776 1847 1831 odio
1869 1777 2169 1832 habeamus
2186 1778 2299 1832 fra-

714 1881 856 1925 tres:
896 1870 991 1924 sed
1017 1869 1232 1923 Domini
1262 1882 1445 1923 sermo
1488 1868 1558 1921 sit
1586 1869 1637 1920 in
1666 1868 1823 1922 nobis
1843 1866 2131 1923 efficacior.
2166 1868 2297 1923 Nam

2410 587 2513 657 ἤδη
2560 588 2885 657 εἰρήκαμεν,
2918 585 3002 638 ὅτι
3033 586 3128 637 καὶ
3159 585 3367 655 φυσικὴ
3421 584 3518 637 καὶ
3558 585 3817 656 διδακτή·
3856 587 3997 640 ἄλλα

2407 680 2502 731 καὶ
2536 680 2678 749 μετά
2705 678 2804 748 τῆς
2826 677 3061 748 νομικῆς
3092 676 3312 747 ἐντολῆς
3337 677 3436 747 τῆς
3475 680 3603 748 περὶ
3642 678 3737 731 τοῦ
3766 681 3996 749 ἀγαπᾷν

2410 772 2502 823 τὸν
2532 771 2782 841 πλησίον,
2812 771 3023 842 καὶτῆς
3042 768 3139 823 τοῦ
3162 769 3373 839 Κυρίου
3396 771 3493 839 τῆς
3510 770 3802 840 λεγούσης,
3828 790 3847 821 ι
3872 772 3996 824 Ἐν-

2403 862 2565 933 τολὴν
2593 861 2784 932 καινὴν
2816 861 3009 932 δίδωμι
3044 862 3197 931 ὑμῖν,
3236 861 3323 913 ἵνα
3351 862 3604 928 ἀγαπᾶτε
3632 861 3898 931 ἀλλήλους
3917 877 3933 891 ·
3966 882 3991 913 ι

2409 954 2491 1007 ἔτι
2519 956 2612 1007 καὶ
2637 956 2670 1022 ἡ
2710 953 2841 1023 πρὸς
2870 954 2930 1006 τὸ
2958 953 3220 1020 ὁμογενὲς
3248 954 3475 1021 φυσικὴ.
3512 953 3674 1006 τοῦτο
3704 970 3993 1020 καταναγ-

2408 1046 2682 1110 καστικῶς
2719 1046 2981 1115 πράττειν
3014 1046 3219 1114 ἐνάγει.
3272 1046 3425 1099 Ἐπεί⁸
3472 1040 3566 1099 οὖν
3617 1045 3864 1098 τοιαῦται
3894 1046 3996 1097 καὶ

2402 1138 2660 1192 τοσαῦται
2690 1140 2748 1190 αι
2777 1138 2989 1192 ἐντολαὶ
3024 1139 3168 1192 κατά
3204 1139 3304 1208 τὴν
3344 1136 3439 1191 τοῦ
3482 1138 3690 1206 Κυρίου
3740 1138 3991 1206 ἀπόφαν-

2403 1248 2508 1296 σιν,
2543 1234 2571 1285 ὁ
2600 1230 2692 1284 τὸν
2713 1231 2871 1293 λόγον
2901 1230 3068 1283 αὑτοῦ
3102 1231 3287 1300 τηρῶν
3324 1231 3419 1284 καὶ
3452 1230 3625 1283 ποιῶν
3654 1229 3841 1293 αὑτὸν,
3875 1229 3995 1297 ἔχει

2400 1323 2545 1394 ζωὴν
2568 1323 2784 1377 αἰώνιον
2829 1326 2923 1376 καὶ
2955 1322 3331 1392 μεταϐέϐηκεν
3359 1325 3424 1376 ὲκ
3451 1321 3548 1375 τοῦ
3602 1322 3839 1375 θανάτου
3911 1324 3993 1382 είς

2400 1416 2500 1484 τὴν
2533 1416 2699 1486 ζωήν.

2479 1599 2579 1652 Διά
2609 1601 2785 1654 ταῦτα
2803 1603 2985 1655 τοίνυν
3013 1598 3323 1669 ἀγαπῶμεν
3352 1599 3479 1661 τοὺς
3497 1598 3790 1664 ἀδελφοὺς,
3827 1598 4000 1667 μηδὲν

2410 1709 2486 1743 πα
2496 1692 2939 1763 ραϐλαπτόμενοι
2964 1692 3102 1763 πρὸς
3118 1691 3299 1759 ζῆλον,
3318 1691 3504 1759 φησὶν,
3526 1692 3572 1741 εί
3591 1690 3655 1742 ὲκ
3670 1688 3763 1740 τοῦ
3783 1690 3997 1758 κόσμου

2408 1782 2748 1853 μισούμεθα,
2786 1784 2873 1836 ῖνα
2912 1785 3007 1836 καὶ
3047 1785 3208 1853 ἡμεῖς
3262 1781 3513 1851 μισῶμεν
3548 1782 3674 1842 τοὺς
3704 1780 3993 1847 ἀδελφοὺς,

2403 1874 2520 1927 ἀλλ’
2545 1876 2573 1926 ὁ
2613 1874 2708 1927 τοῦ
2739 1873 2950 1943 Κυρίου
2980 1872 3134 1940 λόγος
3162 1872 3553 1942 ἐνεργέστερος
3575 1870 3718 1923 ἔστω
3744 1872 3801 1922 ὲν
3836 1871 3992 1937 ἡμῖν.

712 1963 804 2031 qui
862 1961 1058 2015 fratres
1098 1976 1227 2013 suos
1282 1960 1419 2023 odit,
1450 1974 1559 2012 non
1612 1959 1787 2011 solum
1841 1958 1909 2011 ab
1941 1968 2144 2013 retenta
2192 1960 2299 2014 vita

2414 1963 2474 2018 '0
2507 1966 2618 2033 γὰρ
2646 1966 2771 2027 τοὺς
2795 1936 3064 2030 ἀδελφοὺς⁷
3091 1936 3267 2015 αὐτοῦ’
3291 1936 3489 2030 μισῶν,
3539 1961 3675 2031 πρὸς
3716 1955 3799 2024 οἷς
3830 1936 3990 2014 εἱσι-

716 2056 986 2124 projectus
1017 2061 1101 2107 est
1126 2092 1139 2114 ,
1207 2050 1302 2105 sed
1334 2051 1497 2103 etiam
1534 2048 1802 2103 homicida
1835 2058 1939 2103 cst.
1975 2047 2301 2105 Necessario

712 2146 857 2199 enim
913 2143 1190 2211 sequitur,
1234 2142 1277 2195 si
1348 2139 1619 2193 homicida
1657 2146 1759 2203 est,
1795 2139 1940 2207 quod
1976 2154 2079 2193 nec
2134 2140 2297 2193 vitam

715 2246 975 2291 aeternam
1011 2235 1227 2307 habeat.
1262 2233 1451 2286 Videte
1481 2246 1716 2299 namque
1756 2229 1914 2294 Cain,
1948 2230 2144 2299 inquit,
2172 2247 2300 2300 quo-

716 2329 861 2383 niam
892 2330 1094 2396 etipsc
1150 2341 1274 2379 cum
1322 2324 1450 2378 odio
1496 2322 1780 2377 habuisset
1808 2320 2054 2387 fratrem,
2100 2323 2300 2376 occidit

715 2422 912 2491 ipsum,
932 2434 1244 2490 quanquam
1274 2418 1442 2472 frater
1471 2425 1637 2471 esset.
1669 2414 1777 2471 Sed
1809 2416 1934 2485 quia
1962 2430 2127 2485 Opera
2159 2414 2295 2468 mala

714 2513 947 2575 habens,
982 2512 1125 2565 filius
1154 2519 1271 2564 erat
1296 2510 1496 2564 diaboli
1528 2526 1540 2562 :
1567 2509 1702 2562 Abel
1733 2524 1864 2563 vero
1892 2508 2039 2577 justa
2066 2524 2299 2577 operati-

713 2607 806 2671 do,
842 2604 984 2658 filius
1006 2603 1097 2658 Dei
1130 2602 1545 2672 appellabatur:
1578 2601 1873 2671 opponitur
1898 2610 2079 2655 autem
2105 2601 2294 2654 diabo-

713 2700 797 2755 lus
832 2697 963 2760 Deo,
1004 2706 1059 2750 et
1088 2696 1228 2750 mala
1283 2710 1448 2764 opera
1491 2694 1681 2747 bonis:
1718 2702 2008 2763 propterea
2058 2702 2114 2747 et
2164 2692 2297 2747 Cain

714 2806 839 2845 cum
903 2788 1216 2843 contrarius
1285 2796 1428 2840 esset
1495 2785 1667 2848 fratri,
1720 2784 1919 2838 cecidit
1972 2784 2171 2853 ipsunt.
2223 2782 2298 2836 Ita

713 2882 935 2951 quidem
963 2890 1079 2933 erat
1112 2892 1455 2945 consequens
1477 2875 1747 2931 sermonis
1791 2876 2077 2937 decursus,
2110 2890 2298 2928 verum

715 2974 906 3027 beatus
937 2970 1176 3025 Joannes
1207 2968 1459 3021 ordinem
1495 2966 1835 3031 immutavit,
1873 2966 2119 3020 serviens
2152 2982 2297 3019 scut-

713 3082 811 3136 per
835 3065 884 3119 ei
910 3063 1055 3134 quod
1078 3063 1247 3130 magis
1264 3060 1509 3130 urgebat.
1536 3060 1814 3129 Siquidem
1837 3060 2066 3129 urgebat
2097 3061 2301 3129 ipsum,

713 3158 840 3229 quia
871 3157 1073 3211 diaboli
1133 3154 1468 3208 mentionem
1526 3154 1751 3217 fecerat,
1798 3160 1851 3206 et
1884 3168 2073 3206 eorum
2105 3153 2199 3221 qui
2230 3153 2300 3206 ob

2404 2058 2602 2127 ϐληται
2660 2058 2760 2125 τῆς
2804 2057 3028 2110 αἰωνίου
3065 2055 3231 2125 ζωῆς,
3291 2056 3373 2107 ἔτι
3418 2055 3511 2107 καὶ
3545 2054 3997 2125 ἀνθρωποκτόνος

2402 2148 2573 2202 ἐστίν.
2602 2150 2836 2201 "Exstat
2870 2148 2978 2217 γάρ
3005 2146 3083 2215 τῷ
3108 2145 3547 2215 ἀνθρωποκτόνῳ
3570 2146 3631 2198 τὸ
3663 2146 3802 2215 μηδὲ
3841 2147 3996 2211 ζωὴν

2403 2240 2620 2295 αἰώνιον
2656 2240 2817 2311 ἐχειν.
2856 2241 3049 2311 Ὁρᾶτε
3088 2239 3220 2308 γὰρ,
3257 2241 3413 2307 φησὶ,
3455 2239 3547 2290 τὸν
3579 2240 3740 2301 Κάῑν,
3782 2239 3865 2290 δτι
3899 2239 3998 2289 καὶ

2403 2334 2585 2397 αὐτὸς,
2612 2336 2850 2404 μισήσας
2875 2334 2966 2386 τὸν
2988 2332 3235 2401 ἀδελφὺν,
3263 2332 3581 2387 ἀπέκτεινεν
3602 2333 3766 2385 αὐτὸν
3787 2333 3882 2385 καί
3913 2347 3999 2384 τοι

2400 2442 2464 2492 γε
2500 2426 2728 2493 ἀδελφὸν
2757 2427 2910 2480 ὄντα.
2961 2426 3101 2477 Ἀλλ’
3143 2427 3266 2478 ἐπεὶ
3293 2426 3433 2494 ἔργα
3470 2424 3684 2494 πονηρὰ
3706 2425 3849 2493 ἔχων
3878 2427 3997 2484 uit;

2400 2508 2469 2582 ἦν
2496 2512 2590 2566 τοῦ
2641 2513 2914 2577 διαϐόλου,
2974 2515 3001 2566 δ
3055 2514 3111 2567 δὲ
3163 2514 3324 2567 Ἀϐεὶ
3384 2515 3570 2567 δίκαια
3622 2514 3999 2584 ἐργαζόμενος

2403 2603 2517 2665 υἱὸς
2548 2606 2886 2676 ἐχρημάτιζε
2911 2605 3067 2658 Θεοῦ.
3115 2606 3441 2658 ’Λντίκειται
3479 2606 3534 2658 δὲ
3566 2612 3659 2659 καὶ
3688 2609 3717 2658 ὁ
3744 2606 3999 2665 διάϐολος

2401 2695 2481 2765 τῷ
2515 2696 2653 2765 Θεῷ,
2688 2696 2782 2748 καὶ
2811 2698 2879 2749 τὰ
2904 2698 3117 2767 πονηρὰ
3138 2696 3275 2764 ἔργα
3303 2699 3415 2759 τοῖς
3447 2696 3693 2763 ἀγαθοῖς·
3717 2697 3805 2749 διὰ
3837 2696 4003 2749 τοῦτο

2404 2785 2498 2839 καὶ
2522 2787 2549 2838 ὁ
2571 2786 2711 2838 Κάῐν
2754 2784 2832 2854 τῷ
2859 2786 3073 2854 ἀδελφῷ
3115 2787 3491 2855 ἀντικείμενος
3520 2784 3847 2838 ἀπέκτεινεν
3892 2785 3965 2835 αὖ
3985 2814 3999 2823 -

2402 2877 2514 2929 τόν.
2552 2875 2710 2929 Οὕτω
2740 2876 2882 2929 κατά
2910 2878 2972 2929 τὸ
3021 2876 3311 2929 ἀκόλουθον
3344 2879 3375 2945 ἡ
3410 2875 3503 2927 τοῦ
3534 2876 3694 2942 λόγου
3738 2875 3999 2941 Etéirﬁocg.

2416 2969 2475 3022 ὐ
2540 2969 2724 3039 μέντοι
2776 2968 3046 3038 μακάριος
3092 2969 3345 3035 Ἰωάννης
3378 2967 3635 3035 ἐνήλλαξε
3684 2967 3784 3037 τὴν
3815 2968 3997 3030 τάξι-ι.

2402 3058 2501 3112 τοῦ
2556 3058 2977 3124 κατεπείγοντος
3022 3058 3109 3110 ἀεὶ
3164 3058 3470 3125 γινόμενος.
3516 3059 3839 3124 Κατήπειτε
3890 3062 4003 3125 γάρ

2405 3151 2591 3215 αὑτὸν,
2622 3151 2746 3202 ἐπεὶ
2764 3149 2859 3201 τοῦ
2886 3148 3136 3201 διαϐόλου
3170 3148 3440 3218 ἐμνήσθη,
3462 3149 3554 3201 καὶ
3585 3149 3691 3200 τῶν
3720 3150 3873 3217 αὐτῷ
3910 3150 4000 3200 διὰ

715 3262 911 3318 pravas
950 3246 1195 3299 actiones
1250 3244 1318 3298 ab
1375 3244 1466 3297 illo
1521 3243 1764 3312 adoptati
1810 3253 1986 3305 erant,
2032 3253 2089 3297 ut
2146 3244 2296 3297 illum

2406 3245 2650 3312 πονηρᾶς
2682 3241 2935 3311 πράξεως
2976 3240 3431 3309 υΞοΟετουμένων,
3463 3241 3553 3291 τὸν
3597 3240 3657 3306 ἐξ
3692 3243 3877 3309 ἀρχῆς
3910 3244 4001 3292 κς-

717 3344 770 3394 in
806 3338 1116 3407 exemplum
1174 3344 1509 3404 pr0poneret
1538 3335 1627 3403 qui
1671 3335 1739 3387 ab
1797 3334 1950 3387 initio
1979 3334 2167 3388 mundi
2204 3350 2301 3403 per

714 3433 853 3485 mala
903 3444 1067 3499 opera
1122 3429 1343 3497 maligni
1404 3428 1550 3480 filius
1604 3428 1800 3479 evasit.
1857 3426 2157 3479 Absolutus
2202 3442 2300 3478 att-

716 3535 824 3575 tcm
872 3537 900 3573 a
958 3518 1091 3572 Cain
1162 3526 1218 3570 et
1245 3517 1323 3569 eis
1354 3517 1445 3585 qui
1512 3516 1657 3568 hunc
1718 3514 1999 3568 imitantes
2049 3513 2297 3568 eamdem

715 3630 837 3669 cum
864 3614 982 3682 ipso
1000 3610 1275 3677 accipiunt
1300 3607 1694 3669 haereditatem,
1720 3621 1936 3659 rursum
1968 3606 2033 3659 ad
2053 3604 2300 3659 dilectio-

717 3720 844 3760 nem
874 3702 1134 3763 recurrit,
1163 3700 1465 3754 ostendens
1499 3706 1701 3766 quanta
1728 3697 1869 3749 bona
1888 3711 1951 3750 ex
1986 3696 2099 3765 ipsa
2123 3695 2301 3749 conti-

717 3798 936 3868 gerint:
970 3803 1023 3848 et
1061 3793 1191 3847 dicit
1231 3792 1376 3861 qttod
1410 3790 1631 3844 dilectio
1678 3788 1949 3858 persuasit
1984 3787 2215 3841 Domino
2244 3796 2303 3840 ut

719 3903 816 3959 pro
842 3886 1249 3940 nobisauimam
1273 3899 1425 3935 suam
1456 3890 1703 3951 poneret,
1732 3894 1785 3934 et
1810 3880 1953 3949 quod
1982 3880 2085 3932 hoc
2114 3894 2300 3932 exem-

720 3980 807 4049 plo
869 3977 1101 4048 permoti
1151 3976 1416 4028 debemus
1458 3982 1515 4025 et
1576 3987 1678 4024 nos
1731 3987 1833 4039 pro
1872 3969 2136 4023 fratribus
2175 3968 2296 4021 ani—

720 4085 862 4124 tuam
888 4083 1109 4137 ponere.
1143 4066 1206 4119 Et
1232 4065 1487 4133 quoniam
1517 4062 1567 4116 id
1594 4076 1774 4115 rarum
1798 4068 1959 4115 estet
1988 4061 2131 4129 apud
2162 4074 2301 4127 pau-

720 4178 836 4227 cos,
866 4162 1031 4215 veluti
1063 4160 1403 4213 exhortando
1450 4158 1619 4225 ipsos,
1661 4171 1690 4209 a
1720 4154 2088 4209 mediocribus
2137 4154 2300 4207 rebus

727 4254 916 4322 incipit
947 4250 1377 4305 admonitionem
1412 4248 1670 4301 fraterna:
1690 4246 1973 4300 charitatis
2003 4244 2197 4309 facere,
2230 4245 2300 4298 ita

724 4341 1122 4413 quodammodo
1160 4352 1468 4393 sermonem
1488 4336 1791 4406 disponens
1820 4351 1834 4390 :
1872 4334 2011 4399 Quid
2040 4334 2163 4388 dico
2201 4348 2301 4402 pro

721 4433 988 4490 fratribus
1020 4431 1231 4484 animas
1259 4429 1506 4498 ponere?
1530 4427 1748 4496 quando
1785 4425 2033 4479 videmus
2064 4425 2300 4478 nonnul—

722 4526 803 4578 los
838 4537 906 4576 ne
937 4521 1306 4575 necessarium
1339 4518 1559 4587 quidem
1603 4531 1760 4569 usunt
1798 4516 2056 4569 fratribus
2092 4514 2302 4568 submi-

2410 3352 2547 3402 σμου
2599 3334 2687 3386 διὰ
2721 3334 2832 3385 τῶν
2865 3332 3119 3402 πονηρῶν
3167 3332 3347 3399 ἔργων
3388 3334 3470 3395 εἰς
3518 3332 3706 3384 τεκνον
3756 3333 4004 3403 ἀποδρα-

2409 3428 2578 3494 μόντα
2599 3425 2691 3478 τοῦ
2720 3426 2982 3495 πονηροῦ,
3011 3426 3361 3497 παράδειγμα
3387 3424 3775 3494 προϐαλέσθαι.
3796 3427 4001 3495 31:13).-

2404 3518 2678 3586 λαγμένος
2710 3519 2765 3570 δὲ
2804 3520 2896 3570 τοῦ
2927 3521 3087 3581 Κάῖν,
3126 3519 3219 3570 καὶ
3250 3519 3358 3571 τῶν
3387 3519 3439 3570 οἳ
3478 3518 3667 3570 τοῦτον
3702 3518 4002 3587 ζηλοῦντες

2405 3610 2763 3680 κληρονομεῖν
2798 3611 3002 3680 ἔχουσι,
3048 3611 3210 3664 πάλιν
3244 3612 3538 3681 ἀνατρέχει
3578 3613 3671 3664 ἐπὶ
3708 3613 3811 3679 τὴν
3847 3613 3995 3678 ἀγά-

2407 3720 2536 3771 πην,
2592 3704 2685 3756 καὶ
2735 3704 2833 3756 ὅσα
2886 3706 2948 3755 ἐκ
2994 3704 3198 3773 ταύτης
3245 3703 3594 3773 συμϐέϐηκεν
3643 3704 3849 3769 ἀγαθὰ,
3905 3706 4004 3756 καί

2406 3810 2591 3862 φησιν,
2642 3795 2723 3845 ὅτι
2765 3797 2794 3859 ἡ
2833 3796 3024 3863 ἀγάπη
3060 3795 3201 3865 ὑπὲρ
3230 3796 3386 3863 ἡμῶν
3412 3795 3596 3847 ἔπεισε
3643 3795 3735 3846 τὸν
3785 3796 4003 3865 Κύριον

2412 3887 2511 3957 τὴν
2540 3888 2721 3959 ψυχὴν
2756 3888 2922 3941 αὑτοῦ
2961 3890 3155 3953 Θεῖναι,
3183 3892 3277 3943 καὶ
3301 3891 3383 3943 ὅτι
3412 3892 3477 3943 ἐκ
3502 3889 3692 3942 τούτου
3731 3890 3826 3942 τοῦ
3860 3892 4005 3942 ὐπο-

2403 3980 2717 4049 δείγματος,
2766 3981 3056 4051 ὀφείλομεν
3078 3983 3171 4034 καὶ
3208 3984 3368 4051 ἡμεῖς
3408 3982 3553 4052 ὑπὲρ
3595 3982 3706 4034 τῶν
3742 3982 4004 4049 ἀδελφῶν

2403 4069 2502 4138 τὴν
2536 4069 2716 4140 ψυχὴν
2766 4072 2994 4126 τιθέναι.
3032 4074 3140 4125 Καὶ
3194 4072 3382 4142 ἐπειδὴ
3412 4073 3647 4126 σπάνιον
3688 4072 3851 4124 τοῦτο
3898 4075 4003 4125 καὶ

2405 4161 2537 4231 παρ’
2597 4163 2822 4229 ὀλίγοις,
2869 4164 3058 4234 ὥσπερ
3114 4165 3395 4234 ἐντρέπων
3453 4166 3672 4227 αὐτοὺς,
3721 4167 3832 4218 ἀπὸ
3885 4166 4005 4220 τῶν

2409 4256 2792 4326 μετριωτέρων
2826 4258 3054 4327 ἄρχεται
3084 4258 3182 4326 τὴν
3228 4256 3578 4326 παράκλησιν
3608 4260 3708 4327 τῆς
3742 4258 4003 4326 φιλαδελ-

2407 4345 2534 4413 φίας
2571 4348 2863 4412 ποιεῖσθαι,
2897 4346 3071 4412 οὕτως
3097 4365 3215 4411 πως
3245 4350 3337 4400 τὸν
3376 4350 3536 4416 λόγον
3566 4350 3892 4418 οἰκονομῶν
3930 4351 4003 4402 Τί

2408 4453 2553 4505 φημι
2586 4438 2682 4508 τὴν
2712 4439 2890 4509 ψυχὴν
2921 4440 3061 4509 ὑπὲρ
3103 4440 3215 4492 τῶν
3272 4440 3518 4505 ἀδελφῶν
3556 4440 3801 4501 τιθέναις
3853 4443 3999 4495 ὅπου

2406 4528 2645 4598 δρῶμεν,
2703 4530 2837 4600 μηδὲ
2872 4531 2971 4601 τὴν
3018 4532 3131 4584 τῶν
3160 4530 3476 4599 ἀναγκαίων
3514 4533 3705 4599 χρείαν
3748 4534 4003 4599 ἀναπλη-

721 4617 1001 4678 nistrare;
1041 4627 1217 4681 neque
1263 4626 1359 4665 eos
1390 4610 1512 4664 dico
1559 4610 1650 4678 qui
1700 4618 1755 4662 et
1822 4608 1923 4678 ipsi
1977 4617 2136 4678 egent
2181 4608 2300 4661 vitae

2414 4617 2645 4687 ροῦντάς
2666 4636 2814 4680 τινας
2844 4620 2953 4671 τῶν
2983 4620 3248 4688 ἀδελφῶν·
3290 4621 3381 4672 καὶ
3405 4620 3467 4671 οὐ
3498 4621 3621 4682 τοὺς
3656 4620 3770 4689 βίου
3795 4636 3936 4672 σπι-ι
3950 4623 4003 4671 ί-

732 4706 1079 4769 necessariis,
1108 4704 1202 4757 sed
1230 4703 1321 4771 qui
1353 4704 1518 4756 etiam
1569 4701 1773 4755 divitiis
1832 4702 2127 4763 abundant,
2189 4709 2304 4755 toto

731 4794 1121 4866 propemodum
1156 4792 1377 4845 ntundu.
1398 4790 1688 4859 PrOpterea
1714 4790 2015 4859 pudeliattt,
2045 4791 2300 4858 quoniam

724 4888 763 4941 si
798 4886 853 4938 itt
908 4885 991 4938 his
1047 4882 1286 4937 minimis
1319 4883 1531 4936 viscera
1570 4881 1944 4943 oet-luserunt,
1987 4890 2040 4934 ct
2095 4882 2305 4949 seipsos

725 4979 974 5047 indignos
1038 4975 1395 5029 ostenderunt
1451 4989 1514 5027 ac
1567 4988 1771 5026 vacuos
1836 4972 1929 5025 Dei
1984 4974 2301 5037 dilectione,

727 5072 990 5140 quidnam
1036 5071 1089 5123 in
1150 5084 1206 5123 re
1260 5052 1453 5135 majori
1516 5067 1857 5128 exhiberem,
1923 5082 2118 5135 nempe
2177 5083 2299 5121 cmn

724 5164 1073 5217 moriendum
1120 5171 1267 5215 esset
1305 5177 1402 5229 pro
1449 5159 1751 5213 fratribus?
1813 5158 2016 5212 Deinde
2046 5170 2100 5213 et
2151 5159 2298 5213 aliud

724 5250 1006 5318 subiungit
1050 5264 1159 5316 quo
1202 5263 1296 5302 eos
1340 5248 1680 5309 exbortetur,
1728 5246 1821 5315 qui
1860 5247 2030 5301 vet-bo
2081 5247 2298 5315 quidem

719 5340 1063 5395 dilectionem
1082 5342 1444 5410 susciperent,
1462 5355 1525 5393 ac
1548 5340 1658 5393 sola
1686 5340 1865 5409 lingu-t
1892 5348 2301 5407 prmstarent,,et

720 5432 827 5485 ait:
857 5452 873 5482 ι
898 5431 972 5484 Ne
1003 5432 1287 5503 diligamus
1321 5430 1728 5503 verbomct
1753 5432 1958 5503 lingua,
2000 5433 2095 5486 sed
2130 5448 2295 5500 opere

719 5540 781 5579 ac
813 5536 1061 5581 verttate.
1090 5545 1109 5577 ›

789 5794 831 5824 ⁸⁸
864 5788 1039 5849 Levii.
1070 5804 1181 5856 nx,
1206 5791 1296 5847 25.
1370 5792 1417 5823 ⁸³
1440 5790 1597 5846 Joan.
1633 5806 1754 5857 xui,
1802 5789 1892 5846 35.

2409 4706 2599 4769 ζοντας
2630 4707 2798 4775 λέγω,
2832 4708 2970 4761 ἀλλά
3000 4710 3095 4761 καὶ
3128 4711 3256 4771 τοὺς
3296 4709 3418 4762 ὅλον
3449 4711 3539 4762 τὶν
3564 4711 3772 4779 κόσμον
3804 4712 4002 4779 σχεδον

2409 4798 2646 4870 ὓπαρξιν
2677 4801 2899 4871 ἔχοντας
2938 4802 3190 4857 πλούτου.
3236 4802 3335 4855 Διά
3384 4802 3577 4854 τούτου
3621 4804 4001 4871 αίεχννέσ¹.ω-

2411 4905 2532 4950 σαν,
2590 4890 2671 4942 ὅτι
2722 4892 2770 4941 εί
2826 4889 2956 4959 περὶ
3009 4889 3076 4941 τὰ
3128 4893 3300 4960 μικρά
3344 4888 3541 4951 ταῦτα,
3581 4889 3651 4941 τά
3706 4888 4001 4958 σπλάγχνα

2410 4977 2766 5041 ἀπέκλεισαν,
2819 4980 2913 5030 καὶ
2963 4978 3218 5043 ἀναξίους
3263 4979 3487 5039 ἑαυτοὺς
3533 4981 3597 5029 ἐκ
3643 4978 3837 5031 τούτου
3886 4984 3995 5031 ἀπο

2409 5071 2640 5137 ἐφηναν,
2677 5073 2767 5122 καὶ
2797 5069 3079 5130 διακένους
3120 5068 3219 5137 τῆς
3261 5066 3354 5120 τοῦ
3377 5066 3512 5119 Θεοῦ
3560 5067 3799 5135 ἀγάπης,
3833 5071 3889 5119 τί
3928 5070 3999 5121 ἀν

2412 5160 2542 5228 περὶ
2571 5160 2632 5211 τὸ
2682 5160 2865 5229 μεῖζον
2901 5159 2993 5211 τοῦ
3032 5157 3431 5230 προαποθανεῖν
3465 5158 3573 5209 τῶν
3609 5157 3860 5223 ἀδελφῶν
3894 5159 3999 5211 ἐπ·

2405 5250 2709 5315 εδείξαντο;
2748 5249 2878 5302 Εἶτα
2913 5251 3004 5302 καὶ
3055 5250 3182 5301 ἄλλο
3212 5249 3561 5317 ἐντρεπτικδν
3586 5248 3766 5300 αὐτῶν
3799 5248 3998 5315 ἐπιτρό-

2408 5360 2514 5412 ρει,
2553 5343 2662 5395 τῶν
2714 5342 3128 5412 ἀποδεχομένων
3184 5339 3283 5410 μὲν
3335 5343 3392 5393 ὲν
3443 5340 3587 5407 λόγῳ
3631 5339 3729 5409 τὴν
3763 5340 3996 5409 ἀγάπην

2406 5435 2499 5487 καὶ
2534 5436 3013 5503 ἐπιδεικνυμένων,
3062 5438 3126 5504 τῇ
3164 5434 3382 5503 γλώσσῃ
3418 5435 3471 5487 δὲ
3506 5435 3664 5503 μόνῃ,
3698 5435 3793 5486 καί
3829 5452 3990 5504 φησι,

2412 5548 2429 5577 ι
2460 5528 2549 5597 Μὴ
2589 5528 2892 5596 ἀγαπῶμεν
2919 5527 3063 5597 λόγῳ
3096 5529 3186 5581 καὶ
3224 5527 3467 5600 γλώσσῃ,
3504 5526 3619 5580 ἀλλ’
3644 5529 3705 5579 ἐν
3731 5525 3812 5599 τῷ
3840 5526 3997 5599 ἔργῳ

2405 5619 2498 5670 καὶ
2529 5621 2592 5686 τῇ
2624 5620 2867 5690 ἀληθείᾳ.
2909 5637 2926 5667 ι

1971 5790 2016 5824 ⁸⁸
2061 5791 2215 5845 Joan.
2259 5807 2311 5855 ι’,
2342 5792 2431 5845 56.
