4166 6448
175 398 263 462 657
1175 395 1562 459 COMMENT.
1609 397 1688 456 IN
1724 397 1749 456 Ι

1856 398 1962 456 ST.
2006 398 2029 455 Ι
2073 398 2411 462 JOANNIS.

235 519 340 571 Καὶ
367 515 438 568 ἐν
467 517 652 579 τούτῳ
679 515 1048 584 γινώσκομεν
1082 515 1171 569 ὅτι
1201 517 1271 568 ἐκ
1319 514 1428 583 τῆς
1454 515 1744 582 ἀληθείας
1773 527 1816 579 Α

174 610 369 678 ἐσμὲν,
401 609 498 661 καὶ
531 608 874 676 ἔμπροσθεν’
921 608 1109 662 αὐτοῦ
1139 608 1432 673 πείσομεν
1466 608 1572 673 τὰς
1605 624 1746 675 καρ-

173 702 296 768 δίας
327 700 516 769 ἡμῶν,
547 701 633 754 ὅτι
655 700 763 752 ἐὰν
787 702 1204 767 καταγινώσκῃ
1237 699 1406 768 ἡμῶν
1435 701 1473 764 ἡ
1509 700 1742 768 καρδία,

171 795 372 865 μείζων
414 795 590 848 ἐστὶν
628 797 661 846 ὀ
709 794 852 856 Θεδς
885 792 996 860 τῆς
1040 793 1285 862 καρδίας
1317 794 1506 861 ἡμῶν,
1541 794 1634 845 καί
1666 813 1748 861 γι-

173 887 382 939 νώσκει
407 884 626 938 πάντα.
660 883 993 952 Ἀγαπητοί,
1025 885 1134 938 ἐὰν
1163 885 1200 950 ὴ
1225 884 1438 952 καρδία
1471 883 1640 953 ἡμῶν
1659 884 1745 952 μὴ

174 977 581 1045 καταγινώσκῃ
604 975 794 1044 ἡμῶν,
827 978 1173 1044 trag-Moleste
1206 976 1426 1046 ἔχομεν
1454 977 1604 1045 πρὸς
1642 979 1749 1032 τὸν

172 1069 334 1130 Θεὸν,
367 1069 469 1122 καὶ
514 1068 547 1122 ὃ
599 1068 706 1121 ἐὰν
742 1066 1021 1137 αίτῶμεν,
1059 1067 1445 1136 λαμϐάνομεν
1478 1070 1614 1136 παρ’
1642 1071 1751 1122 af)-

174 1160 267 1213 τοῦ
300 1177 313 1190 ·
369 1159 461 1212 ὅτι
510 1161 614 1224 τὰς
659 1160 918 1224 ἐντολὰς
964 1159 1152 1213 αὐτοῦ
1186 1161 1505 1228 τηροῦμεν,
1547 1161 1750 1214 καὶτὰ

171 1249 391 1315 ἀρεστὰ
414 1249 673 1303 ἐνώπιον
703 1251 892 1304 αὐτοῦ
924 1250 1233 1319 ποιοῦμεν.
1268 1252 1373 1306 Καὶ
1399 1253 1552 1315 αὕτη
1579 1253 1751 1305 ἐστιν

173 1340 209 1408 ἡ
252 1339 476 1408 ἐντολὴ
509 1341 717 1402 αὑτοῦ.
765 1343 867 1395 ἵνα
901 1343 1326 1412 πιστεύσωμεν
1379 1342 1458 1407 τῷ
1507 1343 1750 1412 ὀνόματι

169 1427 269 1481 τοῦ
303 1430 442 1483 Υἱοῦ
466 1429 654 1484 αὐτοῦ
691 1430 897 1496 Ἰησοῦ
925 1431 1204 1500 Χριστοῦ.

241 1519 400 1602 ίοΈν
445 1523 622 1591 τούτῳ
660 1521 1022 1592 τενὼσκομεν-
1050 1543 1068 1575 ι
1117 1523 1207 1576 Ἓν
1237 1523 1368 1586 rivi;
1425 1524 1513 1576 Ἐν
1553 1525 1632 1594 τῷ
1677 1525 1751 1594 μὴ

171 1607 302 1678 λόγῳ
335 1611 582 1682 ἀγαπᾷν,
621 1612 737 1664 ἀλλ’
776 1613 923 1683 ἔργῳ
952 1615 1045 1667 καὶ
1079 1613 1328 1684 ἀληθείᾳ.
1364 1616 1472 1667 Καὶ
1505 1615 1557 1666 τί
1587 1615 1751 1681 γινώ-

173 1714 401 1766 excusa;
449 1701 572 1752 Ὀτι
601 1702 666 1754 ὲκ
691 1703 790 1770 τῆς
828 1702 1086 1770 ἀληθείας
1115 1704 1300 1771 ἐσμέν.
1344 1704 1501 1769 Πῶς;
1554 1705 1611 1758 ’0
1645 1706 1752 1774 γὰρ

173 1791 290 1843 ἀλλο
322 1791 428 1858 μὲν
458 1792 656 1858 λέγων,
688 1793 814 1846 ἀλλο
841 1793 898 1846 δὲ
928 1795 1118 1860 ποιῶν,
1164 1797 1239 1864 μὴ
1284 1797 1578 1864 σύμφωνον
1612 1796 1752 1866 ἔχων

3325 403 3433 464 658

1921 516 2005 579 Ill,
2047 516 2236 570 lli-9.5.
2281 515 2384 568 Per
2411 516 2506 567 hoc
2544 520 2896 588 cognoscimus
2942 521 3080 590 quod
3128 537 3190 573 ex
3219 523 3435 577 veritate

1851 611 2036 670 simus,
2101 620 2147 661 et
2205 609 2257 660 in
2298 619 2572 674 conspectu
2625 611 2738 678 ejus
2792 611 3131 665 suadebimus
3190 609 3432 666 COTdtbi!8

1849 697 2350 764 nostris.Quouiam
2396 701 2442 754 si
2462 710 2655 770 arguat
2688 718 2778 753 nos
2830 719 2918 755 cor
2960 711 3216 764 nostrum,
3259 702 3436 776 major

1850 805 1922 849 est
1957 793 2093 846 Deus
2114 794 2270 846 corde
2304 803 2502 855 nostra,
2535 805 2583 846 et
2608 795 2745 847 novit
2778 795 2981 847 omnia.
3021 793 3353 857 Clmrissimi,
3387 795 3432 848 si

1849 900 1937 938 cor
1960 891 2196 936 nostrum
2225 899 2327 936 non
2350 891 2543 954 arguat
2573 899 2686 943 nos,
2738 882 2986 950 ﬁduciam
3009 882 3259 936 habemus
3309 900 3430 954 erga

1855 973 2054 1028 Deum:
2088 983 2136 1027 et
2189 973 2443 1044 quidqui!
2505 975 2832 1042 petierimus,
2881 975 3166 1042 accipimus
3223 977 3286 1027 ab
3338 991 3430 1029 (0:

1852 1068 2102 1135 quoniam
2131 1075 2394 1137 pra'oepta
2431 1067 2545 1135 ejus
2575 1068 2918 1128 custodimus,
2946 1077 2994 1120 et
3049 1084 3109 1120 ea
3142 1082 3258 1137 qua
3313 1078 3431 1120 sunt

1853 1157 2053 1224 placita
2101 1176 2277 1213 coram
2329 1175 2389 1212 eo
2449 1159 2692 1228 (acinum.
2752 1157 2816 1211 Et
2859 1159 2952 1211 hoc
3006 1167 3079 1212 est
3117 1169 3432 1226 pra'ecptum

1855 1249 2036 1316 ipsius,
2064 1262 2117 1302 ut
2146 1251 2422 1304 credamus
2454 1250 2654 1303 nomini
2687 1247 2816 1301 Filii
2839 1250 2952 1316 ejus
2985 1250 3107 1303 Jesu
3140 1249 3356 1303 Christi.

1933 1547 1950 1578 ι
1991 1527 2094 1581 Per
2125 1525 2229 1579 hoe
2255 1525 2655 1596 cognoscimus.
2701 1544 2720 1576 ι
2762 1524 2866 1579 Per
2899 1525 3068 1593 quid?
3094 1523 3170 1578 Ex
3203 1540 3268 1580 eo
3289 1524 3431 1593 quod

1855 1633 1964 1670 non
1996 1616 2159 1669 verbo
2189 1616 2506 1685 diligamus.
2539 1617 2632 1672 sed
2657 1631 2824 1685 opere
2856 1627 2907 1670 et
2939 1617 3181 1671 veritate.
3217 1617 3280 1670 Et
3304 1617 3431 1685 quid

1857 1707 2283 1776 cognoscimus?
2323 1707 2479 1772 Quod
2512 1724 2575 1762 ex
2617 1710 2846 1762 veritate
2893 1710 3082 1763 simus.
3113 1709 3433 1773 Quomodo?

1858 1799 2138 1867 Siquidem
2197 1798 2242 1852 is
2291 1798 2382 1867 qui
2427 1799 2573 1854 aliud
2611 1799 2742 1854 dicit
2793 1809 2848 1853 et
2921 1800 3066 1854 aliud
3118 1799 3264 1864 facit,
3324 1817 3430 1854 non

173 1882 243 1953 τῷ
273 1883 422 1952 λόγῳ
453 1885 553 1952 τὴν
582 1884 806 1951 πρᾶξιν,
839 1885 1081 1954 ψεύστης
1116 1887 1234 1938 ἐστὶ
1263 1887 1356 1940 καὶ
1384 1888 1484 1940 οὐκ
1518 1887 1690 1957 ἀληθή
1711 1909 1744 1946 ·,

1855 1889 2062 1944 babcns
2094 1889 2426 1944 conformem
2463 1891 2698 1945 sermoni
2724 1892 3013 1954 actionem,
3070 1892 3303 1946 mendax
3350 1902 3433 1946 est

177 1991 195 2023 ι
218 1975 316 2026 Καὶ
347 1975 660 2045 ἔμπροσθεν
683 1976 846 2029 αὑτοῦ
871 1979 1132 2046 πείσομεν
1149 1977 1245 2040 τὰς
1273 1979 1501 2049 καρδίας
1527 1981 1708 2050 ἡμῶν.
1727 2003 1744 2033 ι

172 2064 332 2118 Τοῦτό
365 2083 555 2134 φησιν,
577 2068 662 2119 ὅτι
691 2067 788 2120 Διά
808 2069 1023 2133 τούτου,
1055 2068 1142 2120 διὰ
1161 2069 1256 2121 τοῦ
1284 2070 1569 2140 ἀληθεύειν
1597 2072 1752 2141 (ἁλη-

173 2156 435 2224 θεύσομεν
487 2157 544 2210 δὲ
601 2160 733 2210 ὅταν
773 2157 917 2212 κατά
963 2159 1091 2222 τοὺς
1128 2159 1323 2228 λόγους
1365 2161 1456 2213 καὶ
1494 2161 1562 2213 τά
1615 2159 1751 2232 ἔργα

173 2246 438 2317 προδαίνῃ
503 2248 704 2316 ἡμῶν),
752 2249 1017 2320 πείσομεν
1053 2250 1155 2318 τὴν
1206 2251 1515 2320 συνείδησιν
1570 2251 1748 2320 ἡμῶν,

171 2334 333 2389 τοῦτο
379 2337 492 2406 γὰρ
540 2337 790 2406 βούλεται
823 2339 912 2392 διὰ
965 2338 1078 2403 τοῦ,
1113 2339 1231 2401 Τὰς
1260 2341 1507 2412 καρδίας,
1545 2345 1748 2412 σημαί-

169 2443 290 2482 νειν.
307 2430 425 2482 Καὶ
447 2429 566 2492 πῶς
598 2430 893 2500 πείσομενς
918 2430 1093 2484 Τοῦτο
1116 2431 1239 2485 καθ’
1266 2433 1492 2493 ἑαυτοὺς
1509 2431 1747 2501 θέμενοι,

171 2515 238 2579 ὡς
268 2517 376 2571 ὑπὸ
430 2518 548 2588 Θεῷ
602 2520 842 2590 μάρτυρι
901 2521 1204 2592 ποιούμεθα
1249 2521 1375 2584 τοὺς
1426 2521 1636 2588 λόγους.
1679 2523 1751 2575 Τὸ

173 2611 272 2680 γὰρ
299 2611 655 2680 ἔμπροσθεν
681 2614 842 2666 τοῦτο
869 2615 1144 2683 σημαίνει.
1177 2615 1304 2669 Ἐὰν
1337 2617 1469 2686 γὰρ,
1495 2615 1649 2686 φησὶ,
1674 2617 1750 2687 μὴ

172 2699 306 2755 οὕτω
358 2705 629 2774 ποιῶμεν,
666 2705 782 2759 ἀλλ’
826 2710 858 2776 ἡ
894 2707 1219 2777 συνείδησις,
1283 2709 1404 2779 ἦτοι
1461 2711 1493 2778 ἡ
1554 2710 1750 2779 καρδία

172 2793 341 2862 ἡμῶν,
378 2796 772 2869 καταγινώσκῃ
823 2797 1004 2868 ἡμῶν,
1035 2799 1097 2850 οὐ
1135 2799 1468 2868 λανθάνομεν
1497 2801 1748 2870 ἁμαρτά·-

177 2901 370 2950 νοντες.
415 2888 480 2940 Εἰ
510 2889 619 2958 γάρ
637 2890 740 2957 τὴν
768 2889 1076 2958 συνείδησιν
1099 2890 1256 2960 ἡμῶν
1285 2889 1545 2962 βραχεῖαν
1563 2888 1746 2956 οὖσαν,

172 2975 242 3038 ὡς
290 2978 354 3030 ἐκ
405 2976 642 3048 βραχέος
672 2979 836 3044 ζῶον,
903 2982 967 3034 οὐ
1019 2981 1298 3049 δυνάμεθα
1352 2981 1538 3035 λαθεῖν
1586 2983 1645 3036 ὲν
1672 2983 1751 3053 τῷ

177 3064 531 3135 ἁμαρτάνειν,
571 3067 752 3135 πολλῷ
817 3069 1019 3137 μᾶλλον
1073 3072 1165 3122 τον
1220 3072 1604 3142 ἁπεριοριστον
1655 3074 1750 3127 καὶ

177 3156 450 3226 πανταχοῦ
479 3159 720 3226 παρόντα
737 3158 868 3212 Θεὸν
887 3161 988 3213 οὐκ
1016 3159 1082 3213 ἂν
1099 3161 1388 3231 λάθοιμεν.
1419 3162 1580 3225 "Ole;
1598 3159 1691 3217 οὖν
1720 3165 1748 3216 ὁ

173 3242 456 3312 λόγοςὲστὶ
472 3249 732 3312 τοιοῦτος·
753 3251 952 3303 Τεκνία
973 3267 1096 3320 μου,
1120 3250 1192 3321 μὴ
1207 3250 1532 3319 ψευδώμεθα
1559 3255 1640 3316 εἰς
1660 3256 1752 3308 ἁλ-

173 3337 358 3406 λήλους
377 3341 442 3392 ὲν
459 3341 535 3409 τῷ
555 3343 620 3410 τῇ
649 3341 871 3414 γλώσσῃ
891 3342 1027 3412 μόνῃ
1052 3344 1291 3413 ἀγαπᾷν,
1319 3343 1454 3397 ἀλλὰ
1485 3345 1581 3398 καὶ
1605 3346 1751 3417 ἔργῳ

171 3428 262 3498 τὴν
285 3429 515 3500 ἀγάπην
552 3431 1002 3504 ἑπιδεικνῦωμςν.
1050 3431 1139 3485 Ἑν
1182 3433 1357 3504 τούτῳ
1405 3436 1512 3502 γὰρ
1541 3438 1746 3504 γνωσόο

178 3519 310 3585 μεθα
340 3522 426 3575 ὅτι
471 3524 536 3575 ἐκ
571 3523 669 3590 τῆς
720 3523 1001 3591 ἀληθείας,
1043 3525 1340 3590 τουτέστιν,
1378 3529 1444 3580 ὲκ
1475 3527 1569 3580 τοῦ
1612 3530 1746 3583 Θεοῦ

174 3613 352 3680 ἐσμεν.
403 3615 518 3667 Καὶ
551 3614 579 3668 ὃ
610 3615 866 3685 λέγομεν,
916 3616 991 3678 ὡς
1025 3616 1118 3670 τοῦ
1142 3616 1276 3670 Θεοῦ
1324 3620 1749 3684 ἑπισκοποῦντος

173 3703 437 3773 λέγωμεν.
470 3708 588 3759 Οὐκ
615 3705 682 3760 ἂν
708 3708 767 3760 δέ
809 3725 892 3770 τις
931 3709 1240 3777 ἀνάσχοιτο,
1285 3709 1387 3762 κᾶν
1418 3711 1465 3762 εἰ
1501 3711 1607 3764 τῶν
1631 3714 1750 3766 δαι-

175 3792 343 3855 μόνων
366 3793 754 3862 ἀναιδέστερος
780 3791 834 3868 ᾗ,
877 3796 980 3848 ὑπο
1004 3795 1122 3865 Θεῷ
1149 3799 1388 3868 μάρτυρι
1421 3799 1744 3868 ψεύσασθαι.

173 3880 228 3932 Εἰ
265 3884 371 3952 γὰρ
420 3887 498 3953 μὴ
554 3885 698 3940 οῦτω
756 3887 1031 3957 ποιῶμεν,
1083 3889 1222 3940 ἀλλά
1271 3890 1538 3954 λεγόντων
1592 3893 1748 3962 ἡμῶν

173 3974 408 4046 ἀγαπᾷν,
454 3979 489 4047 ή
524 3978 721 4046 καρδία
776 3979 931 4047 ἡμῶν
982 3982 1373 4053 καταγινώσκῃ
1416 3983 1576 4052 ἡμῶν
1618 3985 1751 4053 ψεῦ-

171 4065 306 4129 δους,
366 4069 784 4138 ἁμαρτάνομεν.
841 4070 994 4136 Πῶς;
1041 4073 1291 4140 Οξόμενοι
1328 4073 1613 4127 λανθάνειν
1659 4078 1750 4130 τὸν

171 4158 443 4227 πανταχοῦ
483 4161 728 4230 παρόντα
775 4161 926 4224 Θεὸν,
977 4162 1074 4214 καὶ
1114 4163 1428 4218 οὐδὲτοῦτο
1454 4168 1748 4231 συνιέντες,

170 4248 245 4298 ὅτι
290 4252 338 4300 εἰ
388 4250 493 4319 τὴν
543 4252 770 4321 καρδίαν
815 4253 976 4322 ἡμῶν
1007 4253 1268 4324 βραχεῖαι1
1300 4252 1466 4310 οὖσαν
1506 4259 1605 4310 οὐκ
1636 4257 1750 4312 ἔστι

172 4336 344 4392 λαθεῖν
397 4344 576 4410 ἡμᾶς,
628 4343 744 4406 πῶς
796 4343 887 4396 τὸν
962 4345 1274 4415 μηδαμόθεν
1319 4349 1751 4418 ἀπολειπόμενον

1856 1989 1911 2034 et
1944 1997 2050 2032 non
2099 1994 2284 2033 verax.
2323 1997 2340 2028 ι
2377 1978 2440 2031 Et
2476 1980 2530 2032 in
2576 1989 2870 2048 conspectu
2911 1980 3031 2047 ejus
3084 1978 3433 2032 suadebimus

1852 2071 2110 2125 cordibus
2136 2072 2358 2124 nostris.
2401 2089 2418 2121 ι
2459 2070 2518 2125 ιιι
2549 2078 2634 2123 est
2662 2071 2804 2140 quod
2826 2070 2977 2135 dicit,
3005 2069 3146 2139 quod
3183 2085 3280 2139 per
3303 2069 3426 2132 hoc,

1853 2178 2050 2231 nempe
2075 2161 2218 2232 quod
2242 2175 2463 2216 veraces
2503 2162 2674 2217 simus
2724 2161 2914 2231 (porro
2971 2177 3196 2215 veraces
3227 2162 3431 2216 erimus

1852 2254 2070 2323 quando
2102 2253 2254 2322 juxta
2287 2268 2569 2308 sermones
2592 2253 2960 2322 processerint
2982 2264 3038 2308 et
3063 2261 3276 2324 opera),
3299 2268 3426 2306 sua-

1853 2345 2108 2400 debimus
2134 2346 2485 2399 conscientiae
2517 2353 2736 2408 nostrae,
2770 2346 2914 2399 hanc
2936 2345 3082 2399 enim
3122 2345 3428 2416 signiﬁcare

1852 2437 1966 2490 vult
2017 2437 2117 2491 Per
2178 2437 2361 2491 corda.
2423 2438 2486 2490 Et
2538 2437 2810 2505 quomodo
2869 2436 3262 2492 suadebimus?
3319 2436 3430 2490 Hoc

1852 2527 1995 2597 apud
2035 2528 2290 2597 nosipsos
2355 2537 2639 2596 ponentes,
2699 2528 2844 2596 quod
2894 2528 3061 2581 veluti
3117 2528 3230 2581 Deo
3290 2537 3428 2582 teste

1853 2633 2134 2674 sermones
2171 2618 2570 2687 depromimus.
2623 2617 2757 2672 Nam
2789 2619 2840 2673 id
2872 2617 3142 2688 signiﬁcat
3170 2618 3227 2671 In
3267 2632 3430 2671 cons-

1853 2717 2009 2776 pectu
2047 2707 2187 2775 ejus,
2221 2708 2335 2761 sive
2361 2721 2545 2761 coram
2597 2721 2684 2762 eo.
2722 2705 2929 2761 Etenim
2963 2706 3006 2760 si
3037 2707 3110 2760 ita
3153 2721 3261 2760 non
3295 2706 3428 2760 faci-

1854 2813 1996 2860 mus,
2018 2797 2213 2866 inquit,
2235 2797 2329 2851 sed
2355 2797 2693 2852 conscientia
2717 2797 2830 2852 sive
2849 2812 2944 2852 eor
2965 2807 3210 2851 nostrum
3241 2807 3430 2868 arguat

1854 2903 1971 2945 nos.
2008 2904 2115 2941 non
2140 2887 2270 2942 latet
2297 2887 2442 2942 il!am
2473 2904 2574 2942 nos
2593 2903 2842 2958 peccare.
2874 2887 3030 2953 Quod
3065 2887 3109 2942 si
3143 2887 3430 2941 conscien-

1854 2980 1982 3034 tiam
2017 2990 2282 3043 nostram,
2322 2996 2443 3050 quae
2495 2981 2690 3050 pusilla
2741 2989 2824 3035 est
2867 2988 3055 3049 utpote
3109 2995 3175 3034 ex
3232 2979 3429 3049 pusillo

1857 3071 2102 3135 animali,
2134 3072 2306 3126 latere
2336 3086 2445 3126 non
2478 3081 2681 3141 potest,
2718 3072 2846 3126 dum
2887 3086 3201 3140 peccamus,
3257 3073 3424 3126 multc

1855 3163 2026 3234 magis
2083 3163 2251 3219 Deum
2311 3165 2404 3234 qui
2461 3163 2969 3232 incircumscriptus
2999 3172 3056 3217 et
3090 3163 3291 3232 ubique
3321 3173 3424 3225 est,

1854 3269 2197 3322 nequaquam
2224 3255 2396 3309 latere
2420 3263 2624 3324 potest.
2648 3253 2818 3308 Totus
2853 3253 3018 3324 igitur
3069 3268 3251 3308 sermo
3304 3254 3429 3308 talis

1851 3351 1968 3396 est:
2005 3343 2178 3397 Filioli
2217 3345 2347 3406 mei,
2379 3359 2449 3398 ne
2493 3343 2826 3398 mentiamur
2855 3343 2998 3396 inter
3046 3357 3144 3396 nos
3191 3343 3427 3397 invicem

1851 3437 1963 3490 sola
1988 3436 2168 3505 lingua
2196 3435 2505 3507 diligentes,
2529 3436 2624 3490 sed
2651 3450 2816 3505 opere
2833 3450 3050 3505 quoque
3072 3435 3428 3490 ostendamus

1851 3527 2198 3582 dilectionem
2235 3545 2248 3581 :
2281 3542 2380 3596 per
2413 3527 2518 3581 hoc
2546 3526 2695 3581 enim
2747 3541 3144 3597 cognoscemur
3181 3526 3326 3596 quod
3360 3542 3429 3582 ex

1851 3618 2101 3678 veritate,
2137 3617 2238 3672 hoc
2264 3625 2350 3672 est
2381 3632 2448 3671 ex
2482 3615 2591 3672 Deo
2637 3616 2846 3680 simus;
2882 3625 2938 3670 et
2972 3616 3119 3684 quod
3171 3616 3424 3680 dicimus,

1852 3719 2108 3781 tanquam
2142 3711 2250 3779 Deo
2270 3709 2580 3778 inspectore
2606 3708 2872 3763 dicamus.
2923 3705 3205 3775 Siquidem
3239 3721 3425 3768 nemo,

1851 3811 2063 3858 etiamsi
2113 3802 2459 3857 daunonibus
2491 3809 2640 3856 esset
2681 3799 3075 3868 impudentior,
3112 3799 3254 3852 ferre
3299 3814 3429 3867 pos-

1851 3903 1932 3948 set
1952 3904 2008 3947 ut
2025 3894 2135 3948 Deo
2161 3900 2428 3962 praesente
2454 3899 2510 3945 et
2536 3897 2674 3944 teste
2692 3886 3160 3947 Inetitiretur.Nisi
3183 3889 3328 3943 enim
3354 3890 3426 3944 ita

1852 3985 2138 4050 faciamus,
2169 3983 2264 4038 sed
2295 3983 2528 4037 dicendo
2557 3982 2702 4051 quod
2730 3981 3036 4052 diligamus,
3057 3997 3150 4035 eor
3178 3991 3423 4037 nostrum

1852 4084 2043 4143 arguat
2087 4089 2189 4126 nos
2221 4072 2517 4130 mendacii.
2549 4086 2821 4125 erramus.
2855 4070 3176 4136 Quomodo?
3222 4072 3424 4126 Putan-

1855 4177 1936 4220 tes
1961 4165 2013 4218 id
2043 4165 2211 4217 latere
2249 4162 2442 4225 Deum,
2473 4159 2566 4229 qui
2600 4160 2800 4228 ubique
2829 4175 3070 4227 praesens
3093 4162 3220 4214 est?
3249 4176 3428 4230 neque

1854 4257 1906 4310 id
1931 4257 2186 4318 scientes,
2220 4256 2367 4324 quod
2389 4255 2432 4308 si
2466 4254 2586 4310 ﬁeri
2611 4271 2718 4310 non
2755 4265 2929 4324 potest
2945 4265 3012 4309 ut
3039 4270 3135 4309 cor
3153 4265 3425 4319 nostrum,

1852 4362 1976 4400 cum
2033 4347 2287 4414 pusillum
2317 4345 2411 4408 sit,
2449 4344 2632 4408 lateat,
2687 4345 2859 4398 multo
2889 4345 3050 4414 535
3083 4345 3265 4399 minus
3300 4361 3426 4399 eum

172 4428 421 4500 λήσομεν.
445 4432 637 4495 Οῦτως
655 4429 768 4496 οῦν,
802 4435 986 4504 φησὶν,
1022 4438 1322 4508 ἀγαπητοὶ,
1342 4441 1749 4508 παρεσκευακὸ-

1855 4437 2040 4490 latebit
2060 4437 2150 4506 qui
2181 4451 2446 4505 nusquam
2461 4436 2636 4490 deest.
2665 4434 2958 4504 Postquam
2983 4436 3145 4506 igitur
3166 4437 3431 4504 nosipsos

170 4537 252 4584 τες
265 4524 521 4586 ἑαυτοὺς,
539 4524 978 4591 ἀκαταγνώστως
1003 4528 1230 4591 ἑαυτοὺς
1247 4531 1279 4597 ἡ
1291 4531 1379 4598 μῖν
1396 4531 1578 4593 αὐτοῖς
1596 4534 1654 4584 ἐν
1678 4531 1749 4601 τῷ

1862 4529 1934 4583 ita
1969 4529 2477 4598 praeparaveritnus,
2513 4525 2844 4590 charissimi,
2873 4537 2932 4581 ut
2957 4542 3062 4580 nou
3083 4543 3377 4598 arguamur
3399 4541 3426 4578 a

173 4614 297 4682 πρὸς
333 4615 606 4685 ἀλλήλους
652 4617 894 4685 δηλονότι
923 4617 1234 4688 ἀληθεύειν,
1278 4621 1592 4692 παρρησίαν
1629 4623 1748 4686 ἓξο-

175 4722 266 4771 μιν
315 4708 454 4776 πρὸς
495 4707 590 4760 τὸν
627 4708 782 4771 Θεὸν,
813 4709 907 4776 ἀφ’
953 4704 1020 4780 ἦς
1069 4712 1385 4781 παρρησίας
1419 4713 1511 4765 καὶ
1547 4712 1607 4764 ὃν
1655 4713 1751 4766 ἐὰν

173 4797 507 4866 αίτήσωμεν,
536 4799 755 4862 παντως
794 4800 1078 4870 ληψόμεθα
1129 4802 1258 4871 παρ’
1303 4802 1488 4856 αὑτοῦ.
1535 4805 1631 4856 Διὰ
1660 4805 1746 4868 τίς

175 4887 286 4940 Ὅτι
324 4889 426 4949 τὰς
482 4889 707 4953 ἐντολὰς
759 4891 925 4944 αὑτοῦ
977 4893 1273 4962 τηροῦμεν.
1321 4894 1591 4960 Μέγιστον
1641 4898 1749 4966 γὰρ

173 4979 296 5045 πρὸς
337 4981 398 5032 τὸ
436 4983 524 5043 είς
570 4982 818 5052 ὑπακοὴν
851 4983 1250 5037 ἐκκαλέσασθαι
1283 4985 1374 5038 τὸν
1407 4985 1746 5056 αἰτούμενον,

173 5070 199 5134 ἡ
232 5071 373 5140 παρίι
392 5070 510 5123 τῶν
540 5072 838 5125 αἰτούντων
861 5075 1155 5138 εὐπείθεια,
1178 5077 1306 5128 ὅταν
1330 5078 1750 5146 ἀναμφιλέκτως

173 5162 297 5229 πρὸς
334 5163 395 5215 ὃν
417 5165 454 5233 ἡ
481 5162 704 5232 αἴτησις
734 5164 974 5236 γίνηται.
1022 5169 1171 5220 Ἐπεὶ
1199 5167 1291 5221 οῦν
1330 5170 1424 5222 καὶ
1463 5172 1622 5240 ἡμεῖς
1650 5171 1748 5232 τὰς

171 5250 382 5319 inciti;
410 5254 586 5310 αὑτοῦ
613 5256 912 5327 τηροῦμεν,
943 5261 1038 5311 καὶ
1064 5260 1132 5312 τὰ
1156 5261 1364 5330 ἀρεστὰ
1393 5263 1542 5332 αὑτῴ
1567 5262 1750 5314 ποιοῦ-

175 5361 285 5411 μεν,
322 5348 629 5420 θαρρῶμεν
677 5347 754 5410 ὡς
788 5351 886 5420 οὑχ
922 5351 1262 5422 ἀμάρτωμεν
1301 5353 1412 5406 τῶν
1455 5355 1746 5425 αἰτήσεων,

173 5435 532 5493 amazement
588 5438 852 5512 φιλούσης
899 5442 996 5512 τῆς
1052 5444 1182 5513 παρ’
1215 5446 1416 5512 ἀμφοῖν
1456 5445 1749 5510 διαθέσεως

174 5529 578 5598 summa“,
626 5532 706 5600 τῷ
756 5535 890 5604 πρὸς
921 5535 1021 5606 τὴν
1051 5538 1239 5606 χρείαν
1279 5537 1504 5607 θατέρου
1535 5539 1746 5609 ἥκοντι.

176 5624 272 5676 Καὶ
291 5626 450 5679 ποίαν
474 5625 701 5695 ἐντολὴν
723 5627 887 5679 αὐτοῦ
917 5627 1296 5696 iconicum);
1323 5629 1433 5697 Τὴν
1459 5629 1745 5696 λέγουσαν,

186 5716 421 5789 Ἀγάπην
453 5719 613 5788 ἔχετε
638 5720 697 5770 ὲν
724 5719 990 5788 ἀλλήλοις.
1036 5720 1189 5773 Ἐπεὶ
1226 5715 1319 5774 οῦν
1354 5721 1567 5790 ἔχοντες
1599 5722 1744 5774 ἐντο-

177 5808 280 5876 λῇν,
309 5814 392 5866 ἵνα
425 5816 495 5882 τῇ
538 5813 716 5864 πίστει
749 5815 812 5881 τῇ
845 5812 900 5864 ὲν
927 5812 1004 5882 τῷ
1037 5811 1261 5882 ὀνόματι
1292 5811 1385 5865 τοῦ
1416 5811 1543 5864 Υξοῦ
1578 5811 1742 5868 αὐτοῦ

1854 4623 2016 4678 nobis
2049 4623 2202 4690 ipsis,
2236 4623 2292 4674 in
2316 4636 2382 4674 eo
2412 4620 2667 4674 videlicet
2693 4621 2835 4688 quod
2868 4629 2952 4674 est
2979 4621 3122 4674 inter
3179 4637 3281 4673 nos
3319 4637 3431 4672 tuui-

1859 4722 1952 4767 tuo
1973 4727 2094 4767 esse
2119 4726 2360 4774 veraces,
2394 4709 2650 4764 ﬁduciam
2682 4709 3010 4763 habebimus
3033 4725 3158 4779 erga
3203 4710 3372 4764 Deum
3415 4727 3430 4762 :

1855 4819 1949 4873 per
1979 4819 2140 4873 quam
2171 4802 2333 4856 etiam
2361 4802 2611 4856 fiduciam
2640 4801 2903 4871 quidquid
2931 4802 3275 4869 petierimus.
3307 4817 3425 4854 omo

1853 4895 1987 4947 nino
2043 4892 2377 4961 accipiemus
2415 4893 2484 4946 ab
2515 4892 2652 4961 ipso.
2711 4893 2929 4957 Quare?
2975 4892 3114 4957 Quia
3159 4905 3428 4962 praecepta

1851 4987 1969 5052 ejus
2017 4999 2301 5039 servamus
2336 5001 2350 5036 :
2391 4983 2443 5038 id
2479 4984 2624 5036 enim
2674 4982 2892 5036 Inaximi
2943 4983 3204 5036 momenti
3239 4991 3323 5038 est
3361 4985 3426 5037 ad

1850 5075 2256 5146 impetrandum
2287 5077 2432 5145 quod
2470 5075 2694 5144 petitur,
2744 5089 2945 5144 nempe
2989 5075 3302 5130 obedientia
3329 5091 3426 5129 eo-

1852 5184 1970 5221 rum
2007 5168 2098 5236 qui
2133 5176 2349 5238 petunt,
2392 5166 2613 5236 quando
2669 5166 2876 5234 absque
2929 5165 3036 5219 ulla
3085 5166 3428 5220 haesitatione.

1853 5259 2040 5325 fuerit,
2069 5275 2196 5330 erga
2247 5260 2400 5313 illum
2435 5258 2501 5312 ad
2536 5274 2697 5327 quem
2753 5259 2948 5328 petitio
2973 5258 3244 5329 dirigitur.
3278 5258 3427 5322 Quo-

1851 5353 1996 5406 niam
2021 5366 2152 5419 ergo
2179 5360 2235 5406 et
2256 5366 2356 5403 nos
2387 5351 2505 5418 ejus
2533 5360 2801 5420 pnccepta
2827 5351 3186 5409 custodimus.
3221 5359 3275 5404 et
3303 5367 3426 5418 qua:

1851 5443 2043 5512 placita
2077 5449 2204 5495 sunt
2238 5441 2337 5510 ipsi
2374 5439 2620 5502 facimus,
2683 5439 3023 5495 conﬁdamus
3057 5441 3199 5510 quod
3236 5442 3289 5494 in
3322 5456 3420 5508 pe-

1855 5533 2140 5588 titionibus
2183 5546 2294 5586 non
2325 5531 2495 5585 simus
2541 5531 2750 5600 passuri
2784 5531 3095 5600 repulsam:
3125 5546 3247 5585 cum
3281 5532 3416 5584 atie-

1850 5637 1970 5683 ctus
2002 5625 2093 5695 qui
2130 5625 2184 5679 in
2209 5624 2454 5693 utrisque
2479 5631 2582 5684 est,
2617 5638 2828 5678 summe
2881 5625 3064 5693 cupiat
3114 5625 3412 5693 rependam

1849 5721 1994 5774 vices
2027 5719 2145 5786 ejus
2171 5717 2314 5786 quod
2364 5715 2431 5769 ad
2479 5730 2634 5769 usum
2693 5716 2841 5771 venit
2897 5717 3141 5771 alterius.
3178 5719 3241 5772 Et
3278 5719 3421 5785 quod

1854 5817 2184 5882 praeceptum
2216 5807 2360 5862 illius
2385 5806 2764 5864 custodimus?
2792 5806 2924 5864 Illud
2953 5809 3095 5878 quod
3123 5808 3196 5862 ait
3230 5827 3238 5859 :
3283 5807 3426 5863 Dzlo.
