4166 6448
126 356 221 417 673

1163 347 1549 414 COMMENT.
1586 351 1660 407 1N
1700 347 1934 407 EPIST.
1981 347 2004 404 1
2050 338 2391 406 JOANNIS.

3275 352 3385 415 671v

127 466 209 517 τὸν
228 461 326 533 μὲν
342 459 477 515 Θεὸν
510 459 751 529 ἀγαπᾷν,
780 459 960 528 μισεῖν
989 458 1046 512 δὲ
1067 457 1159 510 τὸν
1182 456 1435 522 ἀδελφὸν,
1456 452 1517 505 οὐ
1547 460 1687 521 προς

1814 460 1883 525 pit
1928 457 2272 521 cbaritatem,
2322 458 2415 512 sed
2461 465 2517 513 et
2543 460 2799 530 praecepti
2849 460 2970 531 ejus
3014 472 3386 533 transgresso:-

130 551 203 617 οἷς
233 553 327 621 τήν
352 551 575 618 ἀγάπην
607 550 708 620 τὴν
734 549 889 602 θείαν
917 547 1150 609 νοθεύει,
1185 545 1267 597 ἔτι
1306 545 1401 597 καὶ⁵
1430 543 1531 612 τῆς
1552 542 1721 593 ιντοο.

130 647 217 714 λῆς
236 642 399 697 αὑτοῦ
423 641 743 711 παραϐάτης
767 641 1080 708 εὑρίσκεται
1110 655 1125 701 ;
1157 635 1321 698 Ποίας
1348 652 1362 698 ;
1392 634 1492 702 τῆς
1514 632 1704 699 λεγού-

134 754 243 804 σης,
283 752 301 784 ι
326 735 412 786 Ἑν
428 732 601 801 τούτῳ
625 729 923 797 γνώσονται
967 730 1169 789 πάντες
1199 727 1281 778 ὅτι
1317 728 1440 796 ἐμοὶ
1470 725 1705 794 μαθηταί

136 828 266 888 ἐστε,
292 824 387 876 ἑάν
406 825 657 889 ἀγαπᾶτε
674 821 961 889 ἀλλήλους.
1025 838 1043 868 ι
1088 818 1147 869 ’0
1182 812 1275 869 οῦν
1297 816 1389 867 τὸν
1420 814 1551 867 Θεὸν
1572 816 1707 879 ἁγα-

137 916 261 977 πῶν,
285 917 376 968 καὶ
386 914 579 967 τούτου
597 912 844 982 μαθητὴς
860 908 1325 980 διισχυριζόμενος
1346 902 1507 968 εἶναι,
1521 904 1708 974 ἀγαπᾷ

137 1009 220 1060 καὶ
243 1008 330 1059 τὸν
359 1004 588 1074 ἀδελφὸν
611 1003 778 1059 αὐτοῦ
801 1006 943 1059 κατά
968 1005 1069 1076 τὴν
1091 1007 1298 1061 ἐκείνου
1325 1006 1567 1076 ἐντολήν.

753 1097 1008 1149 ΚΕΦΑΛ.
1060 1096 1152 1162 (τ’.

141 1209 264 1277 Περὶ
285 1208 599 1277 θεολογίας
641 1207 903 1277 Υἱοῦίὲν
943 1206 1092 1272 δόξῃ
1122 1206 1379 1277 ,Πατρύῃ
1432 1206 1527 1258 καὶ
1574 1205 1710 1277 περὶ

201 1275 369 1344 νίκης
395 1275 506 1344 τῆς
539 1277 689 1329 κατὰ
722 1276 849 1344 τοῦ,
878 1276 1145 1342 πονηροῦ
1179 1275 1277 1328 διὰ
1304 1278 1563 1339 πίστεως
1598 1276 1708 1340 Ἰη-

203 1348 315 1401 σοῦ
349 1343 614 1415 Χριστοῦ
631 1349 719 1410 εὶς
746 1343 920 1410 ζωήν.

204 1458 324 1524 Πᾶς
360 1462 394 1511 ὁ
426 1459 749 1520 πιστεύων,
785 1458 875 1511 ὅτι
915 1456 1147 1523 Ἰησοῦς
1172 1456 1348 1508 ἐστιν
1376 1458 1408 1509 ό
1429 1456 1706 1524 Χριστὸς,

144 1550 203 1604 ἐκ
230 1550 333 1603 τοῦ
356 1548 505 1603 Θεοῦ
536 1549 906 1616 γεγέννηται.
939 1547 1045 1599 Καὶ
1070 1544 1189 1611 πᾶς
1239 1550 1271 1600 ό
1318 1547 1565 1613 ἀγαπῶν
1604 1547 1709 1599 τὸν

146 1644 538 1710 γεννήσαντα,
598 1637 803 1707 ἀγαπᾷ
848 1638 949 1691 καὶ
990 1638 1101 1691 τὸν
1144 1638 1587 1706 τεγενιἻτμένον
1639 1637 1708 1700 ἐξ

147 1730 339 1783 αἰετοῦ.
368 1730 475 1782 Ἐν
500 1729 691 1793 τούτῳ
716 1727 1112 1795 γινώσκομεν,
1146 1728 1235 1780 ὅτι
1284 1725 1608 1795 ἀγαπῶμεν
1635 1726 1707 1779 τὰ

148 1818 311 1872 τέκνῆ
331 1820 437 1873 τοῦ
469 1791 816 1881 Θεοῦξὸὼν
866 1791 1149 1871 τὸνῚΘεάν
1201 1791 1542 1887 ἀγαπῶμεν,
1604 1816 1705 1871 καὶ
1740 1791 1781 1846 Β

149 1910 240 1974 τὰς
257 1909 513 1974 ἐντολὰς
542 1908 727 1961 αὑτοῦ
754 1906 1044 1975 τηρῶμεν.
1083 1905 1246 1973 Αὕτη
1296 1906 1410 1974 γάρ
1459 1906 1628 1959 ἐστιν
1666 1905 1706 1973 ἠ

148 2001 331 2068 ἀγάπη
356 2000 464 2052 τοῦ
495 1999 666 2064 Θεοῦ,
692 2000 792 2050 ἵνα
813 1999 920 2061 τὰς
937 1996 1189 2061 ἐντολὰς
1208 1996 1394 2049 αὐτοῦ
1420 1990 1708 2060 τηρῶμεν.

151 2092 247 2143 Καὶ
277 2095 332 2143 α)
358 2091 602 2143 ἐντολαὶ
628 2089 816 2143 αὐτοῦ
848 2087 1087 2155 βαρεῖαι
1128 2087 1238 2140 οὐκ
1266 2090 1405 2140 εισι.
1427 2086 1557 2138 ’Ὅτι
1588 2084 1711 2139 πᾶν

150 2182 205 2230 τί)
222 2177 660 2247 γεγεννημένον
704 2176 773 2229 ἐκ
839 2173 947 2229 τοῦ
972 2174 1143 2238 Θεοῦ,
1161 2171 1299 2239 νικᾷ
1327 2173 1434 2226 τὸν
1459 2175 1711 2242 κόσμον,

152 2273 234 2322 καὶ
256 2272 404 2335 αῦτη
437 2271 611 2322 ἐστὶν
633 2270 669 2336 ἠ
697 2269 841 2334 νίκη
872 2270 910 2333 ἡ
940 2268 1250 2333 νικήσασα
1275 2269 1381 2318 τὸν
1411 2268 1641 2333 κόσμον
1670 2267 1709 2334 ή

151 2366 337 2427 πίστις
359 2361 547 2430 ἡμῶν.
581 2362 676 2423 Τίς
702 2360 872 2411 ἐστιν
890 2361 923 2411 ὁ
944 2356 1131 2411 νικῶν
1158 2358 1266 2410 τὸν
1297 2359 1527 2425 κόσμον
1556 2362 1605 2410 ει
1626 2359 1713 2426 μὴ

153 2454 501 2514 (Immemor,
536 2451 624 2503 ὅτι
656 2448 900 2516 Ἰησοῦς
946 2449 1116 2501 ἐστιν
1150 2448 1181 2500 ό
1218 2448 1344 2512 Υἱὸς
1378 2448 1483 2500 τοῦ
1523 2448 1671 2502 Θεοῦ
1700 2473 1719 2521 ς

212 2540 389 2594 Ταῦτα
419 2537 678 2607 εἰρηκὼς,
710 2538 805 2590 καὶ
843 2536 1052 2601 ἑτέροις
1086 2539 1248 2588 πάλιν
1279 2539 1567 2588 πιστοῦται
1607 2538 1702 2589 τὸν

152 2634 310 2700 λὸγον,
343 2632 490 2684 οὕτω
509 2648 626 2691 πως
648 2629 1080 2692 κατασκευάζων
1100 2645 1111 2657 ·
1134 2629 1197 2681 Et
1254 2628 1475 2697 ἐντολὴν
1519 2629 1712 2683 ἐλάϐο-

159 2744 244 2793 μεν
272 2725 376 2777 ἀπὸ
402 2724 501 2776 τοῦ
528 2721 863 2775 Διδασκά).ου
896 2720 1160 2789 ἀλλήλους
1205 2720 1451 2790 ἀγαπᾷν,
1494 2722 1713 2784 πάντως

157 2821 193 2870 εξ
226 2818 552 2884 πιστεύομεν
604 2818 686 2869 ὅτι
714 2818 742 2869 ὁ
766 2814 1082 2877 διδάσκαλος
1127 2813 1283 2882 ἡμῶν
1330 2812 1536 2880 Ἰησοῦς
1565 2817 1713 2868 ἐστιν

155 2911 442 2979 expiem,
460 2909 520 2971 ὃς
539 2909 595 2960 ὲν
618 2910 795 2977 τούτῳ
823 2908 938 2959 ἐστὶ
962 2907 1199 2975 Χριστὸς
1224 2908 1282 2959 ὲν
1312 2907 1391 2975 τῷ
1419 2907 1548 2970 Θεὸς
1572 2903 1712 2961 εἶναι

158 3004 237 3053 καὶ
296 3001 606 3065 ἄνθρωπος.
642 2998 955 3068 φυλάξομεν
1002 3001 1093 3051 καὶ
1123 2998 1221 3061 τάς
1249 2999 1469 3062 ἐντολὰς
1522 3000 1711 3066 αὐτοῦ,

158 3092 221 3152 ὡς
247 3090 592 3149 διδασκάλου,
624 3087 698 3149 ὡς
732 3086 888 3140 Θεοῦ.
923 3087 1279 3150 Πιστεύοντες
1304 3087 1359 3139 δὲ
1382 3088 1517 3141 Θεὸν
1546 3089 1711 3142 αὐτὸν

157 3175 295 3240 εἶναι,
319 3182 422 3232 υἱοὶ
444 3178 610 3231 αὐτοῦ
636 3178 1069 3248 χρηματίζομεν,
1115 3178 1297 3240 καθὼς
1338 3180 1430 3231 καὶ
1454 3181 1512 3231 ἐν
1534 3180 1714 3248 Εὐαγ-

158 3272 336 3336 γελξοις
358 3272 603 3340 εἴρηται.
633 3289 651 3321 ι
680 3269 838 3324 Ὀσοι
862 3270 918 3322 δὲ
945 3269 1139 3322 ἔλαϐον
1162 3270 1343 3334 αὑτὸν,
1369 3289 1387 3320 ι
1411 3272 1711 3337 τουτέστιν,

158 3364 256 3414 ὅσοι
284 3363 613 3415 ἐπίστευσαν
638 3365 717 3424 εἰς
755 3363 937 3425 αὑτὸν,
969 3382 985 3412 ι
1011 3362 1212 3415 ἔδωκεν
1244 3364 1427 3425 αὐτοῖς
1464 3364 1714 3429 ἐξουσίαν

159 3456 301 3504 τέκνα
330 3452 471 3505 Θεοῦ
501 3452 776 3518 γενέσθαι.
805 3471 823 3502 ι
850 3452 912 3504 ΕΞ
943 3452 1320 3521 γεγεννήμεθα
1348 3453 1405 3505 δὲ
1442 3453 1503 3517 ἐξ
1524 3454 1712 3521 αὑτοῦ,

162 3542 356 3605 πὲντως
379 3543 473 3594 καὶ
491 3543 552 3595 τὸ
570 3543 810 3611 καθῆκον
827 3542 903 3611 τῷ
920 3543 1275 3612 γεγεννηκότι
1309 3544 1711 3612 ἐπεδειξάμεθα.

164 3633 217 3682 Ti
239 3634 430 3694 τοῦτος
466 3634 543 3685 Τὸ
577 3633 796 3703 ἀγαπᾷν
827 3635 920 3686 τὸν
943 3636 1336 3704 γεγεννηκότα,
1377 3636 1538 3704 φύσει
1588 3638 1713 3690 τού-

160 3735 237 3772 τιυ
266 3726 372 3783 τοῖς
399 3725 612 3785 τέκνοις
655 3724 789 3793 πρὸς
822 3725 950 3786 τοὺς
995 3723 1239 3793 πατέρας
1290 3726 1715 3780 ἐπακολουθοῦν-

164 3827 255 3873 τος.
286 3814 430 3865 Ἐπεὶ
448 3814 525 3877 δὲ,
552 3817 741 3883 φησὶν.
761 3815 939 3879 τοῦτο,
966 3816 1165 3879 πάντες
1209 3817 1258 3868 οἱ
1292 3820 1714 3883 πεπιστευκότες

166 3902 212 3965 ἐξ
246 3906 397 3956 αὑτοῦ
430 3905 833 3972 γεγεννήμεθα,
860 3906 929 3963 (εἰ
951 3906 1005 3957 δὲ
1038 3906 1098 3969 ἐξ
1116 3907 1281 3958 αὑτοῦ
1309 3909 1710 3977 γεγεννήμεθα,

162 3994 408 4062 ὀφειλέται
459 3998 626 4066 ἐσμὲν
675 4000 766 4050 καὶ
804 3998 892 4051 διὰ
938 3998 1098 4051 τοῦτο
1151 3998 1411 4069 ἀλλήλους
1466 4002 1711 4070 ἀγαπᾷν,

165 4087 334 4149 auidi;
367 4089 608 4156 ἀδελφοὶ,
643 4090 737 4141 καὶ
797 4088 873 4150 ὡς
932 4089 990 4153 ἐξ
1045 4088 1212 4143 αὑτοῦ
1272 4090 1710 4159 γεγεννημένοι,)

164 4177 387 4246 ἐπιφέρει
450 4180 547 4234 καὶ
609 4180 798 4231 τούτου
858 4180 1089 4243 πίστιν,
1136 4180 1212 4241 ὡς
1249 4183 1277 4233 ὁ
1328 4180 1557 4247 ἀγαπῶν
1622 4181 1712 4233 τὸν

166 4270 492 4335 γεννήσαντα,
523 4268 620 4320 καὶ
666 4267 758 4320 τὸν
781 4269 1183 4338 γεγεννημένον
1214 4269 1273 4332 ἐξ
1303 4268 1467 4321 αὐτοῦ
1501 4272 1717 4339 ἀγαπᾷ,

165 4350 266 4406 εἶτα
313 4358 690 4426 ἀντιστρόφως
722 4359 919 4426 χρῆται
949 4340 1049 4425 τῷ’
1074 4357 1238 4427 λόγῳ,
1279 4361 1374 4410 καί
1422 4376 1586 4426 φησιν
1634 4360 1714 4410 ὅτι

166 4447 342 4515 ήπρὸς
386 4448 513 4510 τοὺς
577 4448 841 4516 ἀδελφοὺς
897 4449 1015 4517 ἦτοι
1065 4449 1135 4501 τά
1192 4450 1359 4500 τέκνα
1423 4448 1516 4499 τοῦ
1578 4449 1715 4503 Θεοῦ

163 4537 350 4608 ἀγάπη,
379 4540 476 4610 τὴν
504 4542 583 4603 εἰς
616 4541 709 4592 τὸν
760 4541 983 4592 τεκόντα
1020 4542 1241 4609 ἀγάπην
1294 4541 1522 4611 βεϐαιοῖ.
1567 4543 1715 4594 "Aves

170 4630 252 4693 μὲν
277 4632 379 4701 γάρ
403 4632 611 4698 ἔλεγεν,
650 4652 665 4683 ι
691 4632 748 4684 ’0
766 4633 993 4699 ἀγαπῶν
1019 4634 1108 4685 τὸν
1131 4633 1287 4693 Θεὸν,
1324 4635 1527 4687 καὶτὸν
1553 4635 1705 4687 ἀδελ-

166 4718 248 4785 φὸν
273 4722 427 4775 αὑτοῦ
463 4724 676 4791 ἀγαπᾷ,
712 4742 729 4773 ι
757 4723 853 4775 νῦν
899 4724 953 4775 δὲ
1012 4724 1377 4792 ἀντιστρέψας
1429 4726 1600 4792 λέγει,
1628 4727 1709 4778 ὃτι

166 4812 411 4879 ὸάγαπῶν
444 4816 516 4867 τά
556 4816 718 4866 τέκνα
753 4815 845 4867 τοῦ
879 4815 1037 4873 Θεοῦ.
1072 4818 1164 4869 καὶ
1192 4818 1282 4869 τὸν
1315 4818 1445 4869 Θεὸν
1491 4819 1702 4888 ἀγαπᾷ.

170 4902 262 4955 Καὶ
290 4905 475 4974 δεῖγμα
494 4908 595 4975 τῆς
620 4908 697 4967 εἰς
731 4906 863 4957 Θεὸν
893 4909 1133 4975 ἀγάπης,
1166 4907 1263 4977 τὴν
1304 4909 1382 4971 εἰς
1438 4910 1527 4961 τὸν
1554 4910 1712 4961 ἀδελ-

170 4992 252 5057 φὸν
277 4996 488 5066 ἀγάπην
513 4997 745 5050 τίθεται.
789 4996 919 5050 Εἶτα
941 5000 1036 5065 τὴν
1061 5002 1138 5060 εἰς
1166 5000 1299 5051 Θεὸν
1326 5001 1568 5069 ἀγάπην,
1619 5001 1710 5053 καὶ

169 5085 261 5137 τῶν
280 5088 502 5142 ἐντολῶν
534 5088 702 5141 αὐτοῦ
747 5092 1034 5159 ποιητικήν
1104 5108 1258 5158 φησι,
1318 5092 1500 5154 καλῶς
1553 5092 1715 5144 τοῦτο

169 5174 337 5245 λέγων.
360 5199 378 5230 ι
422 5180 485 5234 '0
518 5182 631 5251 γάρ
662 5181 890 5247 ἀγαπῶν
925 5197 1011 5250 με,
1046 5182 1205 5241 αὑτός
1232 5200 1397 5249 φησιν
1426 5183 1454 5234 ὁ
1500 5183 1710 5254 Σωτὴρ,

170 5268 252 5330 τάς
277 5271 487 5335 ἐντολάς
521 5290 626 5341 μου
656 5275 828 5342 τηρεῖ.
846 5292 971 5324 ι-ι
998 5273 1146 5342 Αὕτη
1174 5275 1283 5344 γάρ
1307 5276 1453 5327 ἐστιν
1475 5278 1501 5327 ὁ
1521 5277 1710 5346 ἀγάπη

170 5356 247 5409 τοῦ
272 5360 418 5418 Θεοῦ.
451 5383 471 5412 ι
517 5363 611 5416 Ἐν
647 5362 942 5432 ὑπερϐατῴ
972 5366 1269 5417 ἀκουστέον
1306 5366 1365 5416 τὸ
1417 5366 1715 5438 προκείμε-

172 5466 247 5504 νον
276 5454 436 5518 οὕτως
461 5474 473 5487 ·
498 5456 647 5525 Αὕτη
686 5457 794 5526 γάρ
824 5458 970 5509 ἐστιν
997 5460 1031 5524 ἡ
1058 5458 1269 5525 ἀγάπη,
1304 5458 1389 5510 ἵνα
1436 5460 1532 5520 τὰς
1565 5460 1713 5511 ἐντο-

172 5545 251 5607 ii;
280 5547 433 5601 αὐτοῦ
482 5550 767 5620 τηρῶμεν,
798 5549 879 5601 ὅτι
912 5551 1018 5601 πᾶν
1068 5550 1128 5601 τὸ
1189 5550 1588 5620 γεγεννημένον
1645 5551 1710 5603 ἐκ

231 5705 247 5734 ⁸
274 5705 419 5762 Joan.
450 5724 569 5775 xui,
598 5713 685 5766 55.
763 5711 784 5742 '
810 5711 968 5766 Joan.
1017 5728 1054 5777 t,
1102 5707 1185 5767 12.

1296 5712 1317 5744 ⁸
1342 5710 1501 5765 Joan.
1548 5725 1664 5776 xiv,
1690 5709 1778 5764 ει.

1804 548 2126 603 invenitur?
2164 548 2381 618 Cujus?
2424 549 2552 619 Ejus
2591 568 2699 620 quo
2727 553 2861 608 dicit
2899 571 2914 605 :
2957 572 2976 604 ι
3011 551 3115 607 Per
3155 553 3260 608 hoc
3286 568 3385 608 co-

1804 650 2069 711 gnoscent
2092 655 2282 693 omnes
2304 641 2448 710 quod
2482 642 2588 695 mei
2620 644 2737 697 sitis
2764 645 3039 714 discipuli,
3078 644 3122 699 si
3147 645 3387 700 Charita-

1806 741 1915 787 tem
1944 733 2244 787 habueritis
2270 733 2411 785 inter
2454 749 2553 788 vos
2588 745 2833 789 mutuam
2856 737 2895 788 ⁸.
2930 736 3031 802 Qui
3057 753 3187 808 ergo
3216 737 3387 791 Deum

1805 822 1999 891 diligit,
2042 832 2095 877 et
2134 824 2297 891 hujus
2332 825 2663 893 discipulum
2699 842 2757 879 se
2790 842 2912 881 esse
2941 830 3161 890 asserit,
3198 830 3388 898 diligat

1805 924 1860 969 et
1884 913 2109 985 fratrem
2137 929 2294 968 suum
2321 914 2470 984 juvta
2508 916 2651 971 illius
2679 928 3037 987 praeceptum.

2296 1086 2457 1157 595
2512 1088 2739 1143 CAPUT
2803 1088 2893 1141 Vl.

1813 1200 2087 1269 Theologia
2148 1200 2211 1252 de
2258 1197 2400 1251 Filio
2440 1201 2528 1271 qui
2567 1209 2641 1253 est
2682 1201 2734 1252 in
2780 1202 2947 1271 gloria
3002 1203 3206 1265 Patris.
3243 1215 3291 1259 et
3328 1208 3393 1261 de

1879 1271 2095 1324 victoria
2120 1271 2367 1323 adversus
2400 1270 2691 1340 malignum
2729 1270 2821 1338 per
2853 1272 3009 1339 ﬁdem
3037 1275 3160 1328 Jesu
3192 1276 3391 1331 Christi

1879 1340 1947 1392 ad
1990 1341 2177 1391 vitam.

1887 1449 1952 1514 V,
2013 1450 2125 1503 1ε-5.
2175 1448 2354 1504 Omnis
2405 1451 2492 1518 qui
2532 1449 2695 1501 credit
2734 1448 2918 1505 Iesum
2952 1469 3061 1506 esse
3101 1453 3392 1522 Christum,

1809 1560 1873 1596 ea:
1901 1542 2011 1595 Deo
2042 1551 2196 1594 natus
2222 1551 2316 1595 est.
2344 1540 2410 1594 Et
2432 1542 2520 1610 qui
2543 1542 2715 1611 diligit
2749 1560 2865 1596 eum
2888 1546 2976 1612 qui
3004 1548 3202 1615 genuit,
3221 1550 3395 1619 diligit

1810 1644 1857 1688 et
1883 1652 2001 1687 eum
2027 1635 2115 1704 qui
2134 1643 2288 1686 natus
2302 1643 2373 1687 est
2395 1650 2457 1687 ea:
2482 1634 2590 1687 illo.
2636 1633 2735 1688 Per
2759 1637 2853 1689 hoc
2876 1641 3230 1707 cognoscimus
3260 1644 3396 1710 quod

1810 1726 2091 1795 diligamus
2113 1724 2250 1791 filios
2276 1722 2387 1787 Dei,
2411 1741 2525 1775 cum
2554 1725 2717 1792 Deum
2745 1727 3030 1797 diligimus,
3052 1740 3097 1781 rt
3134 1745 3395 1799 prwrepta

1811 1816 1923 1885 ejus
1937 1832 2222 1869 servamus.
2252 1814 2372 1867 Ha'c
2396 1821 2622 1868 estenim
2652 1818 2883 1871 Charitas
2918 1819 3030 1885 Dei,
3060 1836 3114 1874 ut
3139 1837 3398 1893 prmccpta

1811 1907 1923 1974 ejus
1945 1923 2203 1960 servemus
2223 1922 2240 1958 .·
2271 1916 2317 1958 et
2350 1921 2607 1974 pra'repta
2626 1907 2737 1968 eius
2764 1913 2947 1979 gravia
2971 1930 3071 1965 non
3092 1927 3230 1967 sunt.
3256 1916 3398 1979 Quo-

1813 1998 1955 2050 niam
1986 2014 2137 2050 omne
2163 1997 2300 2062 quod
2323 2008 2506 2049 natum
2524 2012 2597 2051 est
2619 2016 2682 2051 ex.
2699 2000 2825 2063 Dco,
2859 2004 3012 2056 vincit
3032 2013 3305 2059 mundum.
3332 2007 3397 2059 Et

1811 2089 1915 2141 huic
1930 2099 2001 2141 est
2022 2089 2238 2140 victoria
2260 2104 2375 2155 qua:
2397 2088 2555 2140 vincit
2585 2094 2857 2155 mundum,
2876 2094 3006 2161 ﬁdus
3042 2108 3243 2149 nostra.
3264 2099 3396 2163 Quis

1810 2190 1887 2234 est
1925 2180 2013 2247 qui
2064 2180 2221 2232 vincit
2267 2181 2523 2237 mundum
2566 2182 2663 2234 nisi
2678 2184 2766 2253 qui
2796 2186 2958 2238 credit
2979 2189 3115 2256 quod
3149 2187 3298 2243 Jesus
3323 2200 3396 2242 est

1814 2269 1990 2323 Filius
2022 2269 2115 2322 Dei
2140 2272 2166 2325 .’

1885 2534 1979 2589 llis
2019 2535 2182 2590 dictis
2209 2551 2401 2590 rursus
2438 2537 2558 2590 aliis
2585 2553 2801 2607 quoque
2844 2553 3151 2593 sermonem
3196 2541 3395 2596 conﬁr—

1815 2634 1945 2690 mat,
1998 2626 2069 2679 ita
2122 2626 2523 2693 quodammodo
2565 2628 2868 2684 roborans:
2920 2628 2975 2681 Si
3008 2642 3337 2700 pta-ceptum
3365 2650 3395 2687 ει

1817 2714 2072 2784 Magistro
2103 2718 2418 2785 accepimus
2452 2718 2517 2770 de
2541 2718 2699 2772 nobis
2730 2729 2919 2773 mutuo
2950 2722 3260 2790 diligendis,
3289 2724 3396 2776 uti-

1816 2822 1925 2876 que
1948 2807 1992 2862 si
2022 2808 2295 2861 credimus
2325 2809 2470 2878 quod
2507 2810 2764 2879 magister
2792 2826 2854 2865 ac
2888 2820 3187 2880 prtcceptor
3216 2822 3400 2867 noster

1814 2899 1973 2954 Jesus
2010 2900 2079 2955 sit
2127 2899 2398 2963 Christus,
2427 2902 2517 2970 qui
2552 2917 2616 2956 eo
2651 2902 2898 2957 Christus
2932 2912 3017 2957 est
3044 2920 3151 2971 quo
3180 2904 3321 2958 Deus
3345 2913 3401 2959 tt

1818 2992 1979 3045 homo
2001 3000 2084 3044 est
2111 3009 2122 3041 :
2157 2991 2494 3045 servabimus
2524 2993 2683 3045 etiam
2710 3002 2975 3062 prmcepta
3000 2996 3115 3063 ejus
3145 3005 3399 3064 tanquam

1816 3082 2059 3152 magistri
2082 3091 2137 3136 et
2168 3092 2421 3151 tanquam
2450 3082 2561 3142 Dei.
2586 3083 2754 3138 Porro
2774 3087 3059 3139 credentes
3081 3084 3257 3155 ipsum
3280 3102 3401 3141 esse

1821 3173 2014 3237 Deum,
2051 3173 2146 3227 ﬁlii
2177 3174 2296 3242 ejus
2322 3175 2660 3245 appellamur
2695 3193 2707 3225 :
2746 3177 3202 3243 quemadmodum
3232 3179 3398 3231 etiam

1820 3267 1873 3321 in
1904 3265 2211 3337 Evangeliis
2248 3268 2451 3321 dictum
2483 3277 2566 3321 est
2597 3284 2609 3320 :
2664 3287 2681 3317 ι
2720 3267 2997 3337 Quotquot
3032 3280 3212 3321 autem
3243 3283 3401 3323 acce-

1819 3367 2017 3429 perunt
2049 3374 2197 3422 eum,
2223 3360 2327 3413 hoc
2354 3369 2438 3413 est
2461 3401 2474 3423 ,
2500 3370 2764 3429 quotquot
2789 3361 3139 3414 crediderunt
3168 3362 3219 3413 in
3253 3376 3398 3420 cum,

1818 3452 1966 3506 dedit
2006 3452 2085 3505 eis
2123 3460 2448 3520 potestatem
2488 3461 2547 3504 ut
2578 3451 2670 3504 ﬁlii
2705 3450 2795 3503 Dei
2818 3451 3073 3504 ﬁerent“.
3117 3470 3134 3501 ι
3188 3450 3243 3503 Si
3275 3468 3403 3505 vero

1814 3556 1883 3596 ex
1909 3543 2026 3611 ipso
2054 3543 2164 3595 nati
2194 3558 2403 3604 sumus,
2427 3544 2614 3612 utique
2643 3541 2811 3595 etiam
2850 3543 3229 3610 praestabimus
3256 3544 3399 3611 quod

1817 3634 2018 3688 decens
2048 3640 2134 3686 est
2162 3633 2209 3687 ei
2242 3634 2335 3701 qui
2363 3648 2463 3686 nos
2489 3633 2695 3701 genuit.
2723 3632 2989 3696 Quidnam
3015 3632 3117 3684 hoc
3156 3643 3234 3685 cst
3262 3634 3285 3685 ‘t
3333 3631 3401 3686 Ut

1818 3741 1942 3779 eum
1987 3725 2273 3793 diligamus
2321 3725 2412 3791 qui
2468 3740 2569 3779 nos
2606 3725 2815 3792 genuit,
2863 3739 2984 3775 cum
3024 3724 3126 3777 hoc
3166 3723 3398 3777 ﬁliorum

1820 3827 2072 3871 naturam
2122 3817 2486 3883 subsequatur
2524 3824 2583 3869 ut
2626 3823 2808 3884 patres
2845 3815 3088 3884 diligant.
3129 3814 3398 3879 Quoniam

1818 3918 1999 3961 autem
2037 3909 2140 3961 iioc
2185 3909 2255 3959 ita
2287 3915 2390 3970 est,
2433 3908 2670 3960 universi
2700 3907 2792 3975 qui
2835 3906 3167 3959 credidimus
3200 3922 3263 3960 ex
3303 3923 3401 3958 eo-

1818 4002 1940 4055 dem
1976 4000 2085 4053 nati
2128 4014 2364 4053 sumus:
2415 4000 2555 4066 quod
2602 3998 2644 4050 si
2688 4014 2752 4051 ex
2802 3999 2995 4051 eodem
3041 3998 3150 4050 nati
3187 4014 3396 4060 sumus,

1818 4086 2092 4139 debitores
2120 4086 2281 4139 etiam
2309 4101 2371 4138 ex
2402 4100 2466 4137 eo
2503 4101 2691 4139 sumus
2718 4095 2775 4138 ut
2804 4101 2902 4138 nos
2932 4086 3162 4139 invicem
3193 4087 3398 4155 diliga-

1820 4194 1978 4233 mus:
2038 4188 2091 4231 et
2134 4180 2261 4247 qui.
2313 4177 2524 4240 fratres,
2576 4186 2630 4228 et
2672 4176 2796 4244 quia
2838 4192 2901 4230 ex
2944 4177 3135 4230 eodem
3168 4178 3301 4229 nati.
3334 4177 3399 4230 Et

1820 4270 1985 4338 hujus
2017 4270 2423 4337 persuasionem
2463 4268 2682 4334 subjicit
2715 4285 2729 4323 :
2776 4268 2917 4337 quod
2958 4269 3047 4335 qui
3072 4267 3247 4336 diligit
3272 4283 3397 4327 cum

1819 4361 1915 4430 qui
1944 4361 2149 4430 genuit,
2179 4361 2350 4429 diligit
2372 4360 2534 4412 etiam
2569 4375 2691 4411 eum
2717 4360 2806 4427 qni
2825 4376 2891 4411 ex
2922 4359 3036 4427 ipso
3055 4359 3266 4425 genitus
3292 4365 3396 4410 est.

1742 4439 1794 4497 D
1824 4454 2026 4508 Deinde
2075 4453 2344 4505 sermonis
2383 4450 2741 4504 conversione
2794 4444 2982 4513 utitur,
3034 4447 3197 4516 596
3238 4456 3290 4500 et
3320 4446 3398 4499 ait

1821 4546 1963 4613 quod
1998 4544 2218 4597 dilectio
2252 4558 2378 4611 erga
2410 4542 2605 4595 fratres
2637 4542 2749 4595 sive
2782 4540 2920 4593 ﬁlios
2951 4539 3078 4601 Dei,
3112 4537 3399 4591 conﬁrmat

1821 4636 2165 4689 dilectionem
2212 4649 2335 4703 erga
2377 4648 2502 4685 eum
2542 4633 2633 4699 qui
2674 4633 2879 4700 genuit.
2919 4631 2974 4682 In
3019 4629 3405 4697 superioribus.

1821 4743 2057 4795 namque
2092 4727 2264 4780 dixit:
2326 4745 2340 4772 σ
2385 4724 2487 4787 Qui
2523 4725 2691 4776 Deum
2730 4723 2927 4789 diligit,
2975 4722 3020 4774 is
3065 4730 3120 4774 et
3170 4720 3399 4774 fratrem

1821 4819 2038 4887 diligit;
2079 4835 2095 4866 ι
2156 4830 2303 4867 nunc
2340 4825 2520 4867 autem
2559 4828 2811 4866 sermone
2846 4813 3063 4864 inverso
3091 4810 3223 4864 dicit
3250 4809 3395 4877 quod

1821 4910 1868 4962 is
1885 4909 1973 4977 qui
2004 4909 2139 4960 ﬁlios
2161 4905 2251 4959 Dei
2273 4906 2465 4974 diligit,
2486 4906 2646 4958 etiam
2678 4905 2843 4956 Deum
2864 4902 3063 4970 diligit:
3093 4917 3155 4955 ac
3181 4903 3400 4972 signum

1819 5000 2127 5057 dilectionis
2144 4997 2405 5066 Deiponit
2421 4997 2761 5050 dilectionem
2782 5012 2905 5064 erga
2930 4996 3170 5048 l‘ratrcm.
3195 4993 3398 5047 Deinde

1819 5092 2168 5147 dilectionem
2193 5091 2247 5143 in
2267 5090 2433 5143 Deum
2450 5089 2525 5141 ait
2541 5103 2757 5156 quoque
2774 5087 2984 5140 eﬁicerc
3004 5096 3396 5155 praceptorum

1822 5185 1992 5255 ipsius
2016 5181 2451 5238 observationem
2477 5191 2659 5236 :reete
2689 5182 2791 5233 hoc
2814 5180 3034 5233 dicens:
3061 5193 3208 5239 nam,
3249 5197 3266 5227 ι
3292 5176 3395 5241 Qui

1819 5293 1905 5332 me
1930 5277 2124 5347 diligit,
2149 5277 2223 5330 ait
2245 5277 2358 5345 ipse
2381 5275 2646 5337 Salvator,
2670 5280 2940 5341 przecepta
2966 5286 3082 5323 mea
3102 5271 3340 5323 servat".
3369 5286 3387 5313 ι

1817 5401 1887 5412 -ι
1932 5387 1950 5420 ι
1990 5369 2119 5423 llaec
2146 5369 2287 5421 enim
2324 5376 2407 5419 est
2443 5366 2681 5420 Charitas
2717 5365 2828 5417 liei.
2865 5383 2881 5413 ι
2921 5363 3023 5416 Per
3062 5362 3398 5431 hyperbaton

1818 5460 2227 5529 intelligendum
2255 5468 2336 5511 est
2373 5457 2514 5525 quod
2542 5457 2882 5526 proponitur,
2911 5455 3011 5507 hoc
3036 5452 3197 5506 modo
3227 5470 3239 5503 :
3272 5449 3397 5502 llaec

1818 5562 1900 5608 est
1932 5551 2075 5606 enim
2117 5550 2355 5607 cbaritas
2387 5550 2480 5605 Dei
2527 5558 2581 5604 ut
2620 5556 2884 5619 praecepta
2931 5547 3051 5615 ejus
3086 5556 3389 5602 servemus,
