4166 6448
733 421 840 485 675

1784 414 2179 477 (ECUMENII
2218 412 2505 473 ΤΒῐοοΕ
2545 412 2879 474 EPISCOPI

3870 409 3971 471 C76

729 532 985 602 quoniam
1019 545 1177 585 omne
1203 529 1346 599 quod
1372 540 1558 584 natum
1590 537 1671 583 est
1701 543 1767 583 ex
1796 530 1909 584 Deo
1941 529 2109 585 vincit
2141 542 2298 582 mun-

2409 525 2499 580 τοῦ
2526 525 2683 578 Θεοῦ.
2727 526 2799 579 Τὸ
2820 526 2896 591 δὲ,
2926 524 3148 593 Βαρεῖαι
3178 523 3275 576 οὐκ
3336 525 3462 584 εἰσὶ,
3516 522 3974 593 παρεμϐἐςληται.

731 623 883 677 dum.
932 620 1120 684 Porro,
1143 619 1339 674 Gravia
1370 634 1479 673 non
1511 628 1657 684 sunt,
1688 620 2030 690 intcrjectum
2054 629 2156 674 est.
2184 638 2202 669 σ
2241 619 2307 671 Et

729 729 998 787 praecepta
1042 715 1161 783 ejus
1202 714 1382 783 gravia
1434 729 1544 765 non
1594 720 1743 767 sunt.
1780 731 1799 765 ι
1851 711 1966 765 Non
2002 712 2145 767 sicut
2171 712 2308 766 dixit

730 806 998 867 Christus,
1051 823 1067 853 ε
1094 804 1288 872 iugum
1324 817 1500 855 meum
1544 800 1662 856 leve
1711 803 1836 856 est"
1867 817 1882 866 ;
1920 820 1939 852 ι
1980 801 2059 856 sic
2090 811 2141 856 et
2173 801 2304 869 ipse,

729 895 873 965 quod
909 905 1178 965 praecepta
1210 892 1343 945 levia
1373 901 1521 956 sunt,
1548 893 1643 947 sed
1663 893 1803 961 quod
1823 895 2003 961 gravia
2026 907 2137 945 non
2158 901 2303 957 sunt,

729 987 863 1040 dixit
888 1005 899 1039 :
924 986 1064 1054 apud
1094 998 1216 1037 eum
1254 998 1488 1052 namque
1506 990 1593 1051 qut
1630 982 1694 1035 ad
1720 983 1970 1035 virtutem
1999 983 2302 1045 adducitur,

730 1079 892 1129 etiam
923 1091 1041 1142 qua:
1077 1073 1211 1127 levia
1245 1074 1356 1127 sint
1386 1072 1677 1127 admodum
1709 1073 1890 1140 gravia
1936 1081 2258 1141 reputantur
2290 1088 2302 1122 :

731 1163 1183 1231 quemadmodum
1229 1162 1369 1231 apud
1416 1176 1538 1213 eum
1585 1161 1676 1228 qui
1709 1160 1877 1213 robur
1921 1175 1983 1214 ac
2016 1162 2305 1215 sanitatem

731 1254 962 1324 perdidit
978 1269 1098 1321 quae
1116 1254 1294 1305 omnia
1327 1252 1465 1304 bona
1490 1250 1668 1313 eﬂicit,
1691 1251 1853 1304 etiam
1876 1266 1995 1318 qua:
2014 1252 2303 1305 admodum

730 1339 868 1393 levia
901 1348 1049 1403 sunt,
1075 1339 1255 1409 gravia
1288 1338 1559 1391 videntur.
1591 1337 1868 1407 Siquidem
1893 1339 2015 1407 quia
2045 1339 2308 1393 videbano

732 1438 820 1481 tur
872 1429 1191 1497 quibusdam
1229 1436 1497 1497 praecepta
1548 1428 1643 1482 Dei
1688 1443 1807 1483 esse
1846 1430 2026 1498 gravia
2059 1472 2073 1495 ,
2118 1439 2305 1500 utpote

728 1535 847 1588 qua:
889 1520 977 1573 Dei
1016 1528 1215 1579 essent,
1249 1529 1532 1589 propterea
1561 1520 1691 1575 dicit
1720 1521 1861 1589 quod
1894 1531 2155 1591 prmcepta
2188 1524 2306 1592 ejus

728 1606 912 1673 gravia
945 1622 1053 1659 non
1087 1616 1233 1661 sunt.
1267 1606 1407 1671 Quid
1433 1609 1576 1660 enim
1616 1610 1892 1677 gravitatis
1924 1610 2087 1665 habet
2114 1613 2302 1683 dilige-

730 1707 789 1746 re
820 1692 1041 1747 fratrem
1072 1693 1094 1746 ἲ
1124 1693 1388 1748 Praeterea
1413 1694 1541 1763 quid
1573 1696 1850 1765 gravitatis
1882 1696 2044 1751 habet
2085 1700 2304 1756 visitare

730 1800 853 1836 eum
900 1786 988 1853 qui
1030 1784 1084 1837 in
1099 1799 1317 1839 carcere
1346 1794 1429 1839 est
1460 1786 1483 1838 τ
1520 1801 1697 1855 neque
1717 1788 1862 1841 enim
1894 1788 2126 1843 liberare
2150 1790 2305 1859 jubet

2422 637 2440 669 ι
2477 619 2585 671 Καὶ
2612 619 2667 669 ai
2684 618 2892 670 ἐντολαὶ
2921 618 3085 671 αὑτοῦ
3112 617 3323 686 βαρεῖαι
3373 615 3473 667 οὐκ
3505 616 3631 668 eisi.
3670 633 3690 666 ι
3748 615 3865 668 Οὐκ
3903 614 3975 667 εἷο

2414 726 2515 762 πεν
2565 708 2756 777 ὥσπερ
2787 711 2815 761 ὁ
2850 707 3107 778 Χριστὸς,
3137 708 3219 759 ὅτι
3259 726 3277 757 ε
3319 708 3380 759 Ὀ
3405 706 3568 772 ζυγός
3599 723 3698 774 μου
3751 707 3974 775 ἐλαπρός

2415 802 2552 865 ἐστι,
2591 819 2608 851 ι
2640 800 2732 852 καὶ
2760 800 2944 861 αὐτὸς,
2976 800 3060 850 ὅτι
3086 799 3140 850 αἱ
3170 798 3384 850 ἐντολαὶ
3411 798 3643 866 ἐλαφραί
3670 799 3833 857 εἰςιν,
3870 797 3973 848 ἀλλ’

2412 891 2493 943 ὅτι
2528 891 2741 960 βαρεῖαι
2772 889 2872 942 οὔκ
2902 892 3031 943 εἰσι.
3059 889 3149 960 Τῷ
3197 890 3304 959 γὰρ
3339 888 3660 955 ἀναγομένου
3709 886 3833 938 κατ’
3859 890 3981 954 αρε·

2412 980 2512 1049 τὴν
2543 979 2721 1032 καὶτὰ
2744 980 2887 1031 πάνυ
2922 978 3091 1048 βαρέα
3113 978 3287 1044 κοῦφα
3314 977 3610 1043 λογίζεται,
3656 976 3847 1044 ὥσπερ
3907 977 3983 1043 τῷ

2412 1071 2810 1137 ἀποσεὸληκὸτι
2835 1072 2933 1138 τὴν
2975 1070 3149 1124 πάντα
3173 1067 3544 1137 κατορθοῦσαν
3595 1069 3661 1120 τὰ
3713 1068 3859 1120 καλὰ
3896 1068 3983 1118 εὖ·

2416 1162 2676 1234 ρωπίαν,
2736 1163 2835 1214 καὶ
2886 1161 2954 1213 τὰ
3015 1162 3155 1217 πάνυ
3207 1161 3416 1228 {nepa
3467 1158 3637 1228 βαρέα
3682 1158 3979 1221 λογίζεται.

2422 1254 2646 1324 Ἐπειδὴ
2667 1254 2776 1322 γὰρ
2830 1253 3003 1305 ἐδόκει
3064 1253 3177 1304 τισὶ
3243 1252 3342 1311 τὰς
3416 1250 3632 1310 ἐντολὰς
3681 1250 3771 1301 τοῦ
3849 1249 3979 1301 Θεοῦ

2415 1343 2642 1414 βαρείας
2671 1336 2810 1395 εἶναι
2844 1343 2938 1395 an
2969 1340 3127 1405 Θεοῦ,
3160 1342 3245 1393 διά
3274 1340 3433 1393 τοῦτο
3459 1357 3620 1408 φησιν
3659 1342 3740 1393 ὅτι
3769 1342 3837 1393 ΑΞ
3894 1342 3981 1392 ἔνο

2412 1435 2565 1487 τολαὶ
2590 1433 2753 1486 αὐτοῦ
2794 1433 3009 1501 βαρεῖαι
3038 1431 3137 1484 οῦκ
3167 1434 3293 1483 εἰσι.
3332 1433 3396 1483 Τί
3427 1433 3535 1500 γὰρ
3596 1432 3733 1499 βαρὺ
3758 1432 3821 1482 τὸ
3847 1432 3983 1498 ἀγα·

2414 1525 2522 1592 πᾷν
2555 1523 2644 1574 τὸν
2660 1522 2926 1589 ἀδελφὸν;
2984 1521 3121 1573 ἀλλὰ
3149 1521 3325 1573 καὶτὸ
3368 1524 3436 1581 ,ἐν
3490 1521 3701 1588 ςυλακῇ
3764 1518 3983 1571 ἐπισκέ-

2413 1614 2643 1665 πτεσθαι
2676 1612 2726 1663 τί
2765 1612 2901 1681 βαρύ
2928 1629 2943 1676 ;
2975 1612 3052 1663 Οὐ
3077 1611 3187 1679 γὰρ
3215 1609 3548 1679 ἐξαιρεῖσθαί
3604 1626 3740 1678 φησι
3780 1610 3875 1661 τὸν
3925 1610 3981 1661 ιτ

2412 1706 2650 1774 φυλακῇ,
2705 1703 2733 1755 ὃ
2790 1703 3071 1774 δυσχερὲς,
3125 1704 3241 1757 ἀλλ’
3291 1702 3720 1756 ἐπισκέπτεσθαι
3780 1704 3974 1772 μόνον·

2413 1795 2535 1847 οὐδὲ
2563 1796 2655 1847 τὸν
2689 1793 3021 1847 ἀσθενοῦντα
3048 1794 3414 1847 ἀπαλλάττειν
3450 1798 3547 1863 τῆς
3598 1794 3777 1857 νόσου,
3840 1792 3979 1845 ἀλλὰ

729 1890 855 1927 eum
907 1877 997 1944 qui
1041 1883 1124 1929 est
1173 1876 1227 1929 in
1262 1892 1500 1942 carcere,
1551 1878 1695 1946 quod
1753 1878 1970 1933 ditiicile
2009 1888 2172 1944 esset,
2212 1882 2305 1935 sed

2411 1887 2574 1954 μόνον
2617 1886 3078 1939 ἔπισκέπτεσθαι’
3120 1885 3240 1939 οὐδὲ
3293 1886 3371 1954 τῷ
3408 1886 3663 1938 πεινῶντι
3711 1885 3978 1954 πολυτελῆ

733 1972 939 2016 tantum
987 1965 1200 2019 visitare
1235 1983 1249 2018 :
1303 1980 1477 2034 neque
1515 1981 1636 2019 eum
1676 1967 1767 2035 qui
1803 1978 2026 2037 aegrotat
2078 1972 2307 2027 liberare

732 2056 800 2109 ab
835 2055 1175 2123 :egritudine,
1203 2056 1299 2110 sed
1323 2065 1530 2109 tantum
1564 2057 1807 2123 visitare,
1841 2076 2019 2128 neque
2043 2064 2306 2117 esurienti

734 2160 974 2199 mensam
1031 2146 1309 2215 cpiparam
1370 2147 1528 2215 jubet
1590 2163 1885 2217 apponere,
1935 2167 2111 2221 neque
2159 2155 2307 2208 nudo

732 2237 1081 2305 suppeditare
1148 2238 1528 2292 vestimentum
1595 2239 1867 2308 superﬂua
1936 2242 2306 2313 variegatione

734 2338 1093 2400 praeparatum
1125 2345 1137 2381 :
1173 2329 1266 2382 sed
1303 2345 1423 2399 quae
1457 2332 1822 2385 necessarium
1856 2348 2014 2387 usum
2046 2336 2305 2399 tribuant,

731 2436 892 2489 quem
910 2422 954 2473 is
984 2421 1073 2489 qui
1098 2421 1270 2474 esurit
1297 2430 1389 2475 aut
1420 2423 1599 2476 nudus
1626 2432 1730 2487 est,
1756 2426 1997 2492 requirit.
2018 2427 2306 2498 Postquam

733 2512 801 2564 de
832 2510 917 2564 his
945 2512 1016 2564 ita
1046 2512 1335 2574 ordinavit,
1367 2513 1516 2567 addit
1542 2514 1625 2567 his
1650 2531 1768 2583 qua:
1794 2517 1905 2584 jam
1929 2518 2070 2572 dicta
2101 2530 2229 2574 sunt
2255 2532 2309 2576 et

733 2600 879 2655 aliud
934 2600 1077 2669 quod
1135 2600 1201 2655 ad
1267 2602 1657 2656 exhibitionem
1714 2604 2001 2660 charitatis
2058 2608 2304 2674 inducit,

733 2693 1001 2758 Quidnam
1029 2693 1157 2746 illud
1183 2693 1311 2746 est?
1344 2695 1588 2747 victoria.
1621 2696 1883 2749 Aitenim
1916 2712 1935 2749 :
1986 2713 2085 2751 vos
2111 2699 2203 2767 qui
2228 2700 2310 2753 di-

734 2784 963 2837 lectione
993 2798 1116 2853 erga
1167 2784 1471 2851 proximum
1512 2785 1759 2854 vasipsos
1805 2784 1899 2840 Dei
1940 2786 2079 2842 ﬁlios
2102 2793 2307 2845 consti-

736 2877 908 2939 luitis,
929 2878 1037 2944 jam
1057 2889 1107 2929 et
1129 2877 1231 2931 hoc
1249 2878 1460 2931 habetis
1484 2878 1627 2945 quod
1652 2879 1942 2933 comitatur
1966 2880 2093 2935 illud
2106 2882 2307 2936 factum

734 2967 1029 3036 egregium,
1061 2983 1258 3036 nempe
1288 2976 1346 3019 ut
1379 2970 1638 3022 mundum
1667 2970 1896 3025 vincatis
1925 2989 1938 3027 :
1972 2973 2227 3039 quoniam
2256 2974 2309 3027 id

735 3059 877 3127 quod
929 3068 1113 3111 uatum
1158 3067 1241 3111 est
1287 3073 1351 3112 ex
1396 3060 1527 3124 Deo,
1571 3060 1737 3114 vincit
1784 3063 2068 3116 mundum.
2104 3063 2310 3118 Deinde

736 3148 887 3201 addit
934 3158 987 3202 et
1034 3150 1330 3213 victoriam,
1361 3159 1415 3203 et
1456 3151 1581 3218 quid
1631 3152 1702 3204 sit
1749 3168 1911 3206 causa
1942 3154 2203 3220 victoriae,
2244 3171 2307 3212 ac

738 3247 1025 3305 utrumque
1058 3238 1179 3291 ﬁdei
1216 3240 1507 3293 convenire
1530 3241 1681 3305 dicit,
1725 3243 1773 3295 ei
1801 3243 2053 3299 videlicet
2076 3261 2197 3314 quze
2224 3256 2308 3301 est

736 3340 863 3393 erga
897 3326 1083 3389 Deum,
1120 3342 1239 3394 quae
1268 3328 1429 3381 etiam
1462 3344 1523 3381 ex
1554 3328 1664 3383 Deo
1690 3342 1838 3396 nata,
1877 3334 2006 3385 vicit
2041 3344 2091 3387 et
2128 3337 2308 3406 abegit

735 3432 952 3469 onmem
986 3420 1417 3472 incredulitatem
1452 3430 1539 3473 :et
1559 3420 1718 3490 597
1741 3438 1918 3492 neque
1943 3424 2183 3488 Judaeus,
2212 3442 2307 3480 ue-

733 3521 840 3574 que
894 3505 1130 3569 Gra'cus,
1193 3522 1369 3576 neque
1437 3508 1733 3564 llwreticus
1777 3522 1954 3581 potest
2012 3517 2305 3585 quidquam

736 3596 995 3651 adversus
1032 3598 1194 3651 illam.
1238 3598 1299 3651 Et
1323 3601 1578 3666 quoniam
1621 3602 1753 3656 ﬁdes
1788 3620 1897 3658 non
1927 3606 2071 3659 nuda
2117 3608 2306 3671 vineit,

736 3689 828 3741 sed
862 3704 967 3741 uua
997 3703 1116 3742 cum
1150 3704 1216 3742 eo
1242 3689 1332 3757 qui
1370 3691 1539 3759 ipsam
1579 3692 1762 3759 habet,
1797 3705 2079 3763 propterea
2117 3699 2302 3752 addit.

742 3798 762 3829 ε
806 3779 868 3831 Et
900 3781 1021 3847 quis
1064 3789 1146 3833 est
1187 3782 1280 3848 qui
1318 3782 1488 3834 vincit
1523 3784 1784 3836 mundum
1807 3826 1822 3848 ,
1864 3786 1970 3841 nisi
2004 3790 2097 3856 qui
2132 3790 2307 3843 credit

2409 1977 2687 2048 τράπεζαν
2708 1976 3067 2046 παρατιθέναι
3096 1976 3329 2040 κελεύει,
3357 1977 3390 2045 ἢ
3417 1977 3495 2047 τῷ
3515 1976 3709 2045 γυμνῷ
3764 1978 3981 2044 ἱμάτιον

2407 2070 2605 2123 διδόναι
2637 2074 2859 2138 περιττῇ
2888 2068 3129 2138 ποικιλίᾳ
3184 2068 3711 2135 κατεσκευασμένον,
3754 2067 3895 2119 ἀλλὰ
3915 2069 3982 2119 τὶ

2405 2159 2505 2227 τὴν
2528 2159 2835 2226 ἀναγκαίαν
2856 2158 3045 2226 χρείαν
3073 2160 3447 2227 παρεχόμενα.
3470 2158 3537 2226 ἣν
3575 2156 3603 2207 δ
3653 2156 3857 2208 πεινῶν
3889 2158 3983 2209 καὶ

2406 2250 2436 2301 ὁ
2468 2250 2825 2319 γυμνητεύων
2858 2248 3123 2316 ἐπιζητεῖ.
3157 2246 3344 2310 οὕτως
3368 2247 3439 2299 τὰ
3466 2250 3597 2316 περὶ
3631 2248 3840 2300 τούτων
3854 2248 3984 2299 διοι-

2409 2348 2740 2408 κησάμενος,
2768 2338 3048 2407 ἐπιτίθησι
3068 2338 3282 2398 τούτοις
3338 2340 3453 2400 τοῖς
3503 2338 3605 2407 ἢδη
3667 2338 3983 2407 εἰρημένοις

2409 2433 2505 2484 καὶ
2536 2431 2721 2499 ἕτερον
2758 2427 3057 2480 ἐπακτικὸν
3090 2427 3253 2505 ,πρὸς
3296 2427 3669 2496 μεταχείρισιν
3702 2428 3801 2495 τῆς
3848 2427 3983 2492 ἀγά-

2410 2540 2539 2592 πης.
2575 2520 2864 2584 Ὶ’ίτοῦτο;
2898 2520 3011 2588 Τὴν
3041 2518 3216 2586 νίκην.
3250 2517 3390 2585 Φησὶ
3429 2518 3557 2587 γὰρ,
3606 2519 3688 2570 ὅτι
3736 2520 3836 2569 Διά
3879 2517 3983 2587 τῆς

2410 2612 2550 2678 πρὸς
2581 2611 2672 2663 τὸν
2711 2610 2940 2677 ἀδελφὸν
2968 2608 3209 2678 ἀγάπης,
3246 2609 3415 2661 τέκνα
3447 2609 3810 2670 συνιστῶντες
3855 2611 3980 2661 ἐαυ-

2408 2704 2533 2765 τοϋς
2547 2702 2639 2754 τοῦ
2662 2701 2820 2763 Θεοῦ,
2846 2700 2997 2769 ἔχετε
3020 2703 3115 2752 καὶ
3138 2699 3297 2752 τοῦτο
3323 2700 3424 2769 ήδη
3472 2698 3568 2751 τοῦ
3618 2698 3988 2767 κατορθώμαέ

2409 2811 2500 2857 τος
2523 2792 2712 2846 τούτου
2746 2791 3188 2861 ἐπακολούθημα,
3222 2790 3283 2843 τὸ
3313 2792 3405 2842 τὸν
3432 2791 3634 2859 κόσμον
3682 2794 3861 2860 νικᾷν.
3911 2792 3984 2841 Τδ

2413 2882 2518 2952 γὰρ
2547 2882 2950 2949 γεγεννημένον
2984 2881 3047 2932 ὲκ
3072 2880 3163 2931 τοῦ
3186 2879 3321 2931 Θεοῦ
3355 2880 3481 2949 νικᾷ
3500 2880 3589 2931 τὸν
3605 2879 3827 2947 κόσμον.
3849 2876 3985 2931 Εἶτα

2412 2973 2740 3041 παρατίθησι
2773 2973 2866 3023 καὶ
2894 2970 2991 3040 τὴν
3024 2971 3200 3039 νίκην,
3234 2970 3330 3022 καὶ
3362 2970 3422 3021 τὸ
3470 2969 3551 3021 διὸ
3589 2972 3621 3036 ἡ
3657 2972 3806 3038 vim,
3872 2970 3977 3041 τὴν

2411 3063 2592 3115 πίστιν
2627 3062 2935 3131 ἀμφότερον
2959 3056 3101 3113 εἶναι
3129 3060 3326 3123 λέγων,
3379 3060 3625 3128 δηλονότι
3678 3060 3777 3129 τὴν
3838 3063 3979 3128 πρὸς

2411 3154 2501 3207 τὸν
2518 3154 2670 3213 Θεὸν,
2706 3154 2740 3222 ἦ
2772 3170 2855 3213 τις
2882 3152 2977 3205 καὶ
3003 3153 3067 3203 ἐκ
3091 3150 3185 3201 τοῦ
3217 3148 3354 3201 Θεοῦ
3393 3148 3718 3218 γεννηθεῐσα
3754 3148 3981 3216 ἐνίκησε

2412 3246 2593 3296 πᾶσαν
2624 3242 2881 3295 ἀπιστίαν
2927 3250 3020 3291 και
3076 3239 3351 3308 ἀπήλασε,
3388 3239 3481 3290 καὶ
3517 3238 3790 3302 Ἰουδαῖος,
3850 3237 3981 3289 οὔτε

2412 3337 2632 3404 Ἕλλην,
2658 3333 2785 3386 οὒτε
2834 3332 3109 3399 αἱρετικδς
3148 3330 3372 3382 δύναται
3428 3329 3563 3398 πρὸς
3617 3329 3814 3397 αὑτήν.
3873 3330 3983 3381 Καὶ

2409 3425 2598 3494 ἐπειδὴ
2624 3429 2658 3493 ή
2680 3424 2861 3483 πίστις
2891 3423 2951 3473 οὐ
2983 3422 3113 3490 ψιλὴ
3138 3422 3282 3490 νικᾷ,
3309 3420 3443 3472 ἀλλὰ
3472 3419 3609 3488 μετά
3634 3419 3729 3469 τοῦ
3760 3417 3979 3485 ἔχοντος

2410 3519 2600 3586 αὐτὴν,
2624 3517 2710 3569 διὰ
2731 3515 2890 3566 τοῦτο
2920 3512 3240 3583 προστίθησι
3269 3529 3283 3542 ·
3313 3529 3330 3562 t
3373 3513 3483 3564 Καὶ
3527 3512 3609 3572 τίς
3637 3513 3790 3563 ἐστιν
3837 3511 3869 3560 ὁ
3902 3526 3984 3561 νι-

2408 3608 2522 3661 κῶν
2548 3609 2639 3660 τὸν
2661 3609 2885 3673 κόσμον,
2917 3606 2966 3655 εἰ
2992 3602 3065 3672 μὴ
3092 3604 3120 3654 ὁ
3154 3601 3426 3654 πιστεύων
3448 3602 3555 3659 ὅτι,
3591 3599 3796 3669 Ἰησοῦς
3830 3601 3981 3650 ἐστιν

2413 3701 2441 3752 ὁ
2476 3697 2600 3757 Tib;
2617 3694 2712 3748 τοῦ
2745 3683 2881 3747 Θεοῦ
2919 3711 2934 3759 ;
2975 3711 2993 3743 ι
3033 3694 3144 3745 Καὶ
3205 3693 3289 3753 τίς
3340 3688 3494 3753 οὗτός
3537 3694 3686 3744 ἐστὶν
3732 3690 3979 3758 Ἰησοῦς

2422 3787 2481 3839 Ὀ
2508 3786 2575 3839 δι’
2604 3785 2794 3846 ὓδατος
2818 3784 2912 3836 καὶ
2946 3784 3137 3850 ἵματος
3178 3780 3386 3851 Ἰησοῦς
3410 3782 3709 3849 ὀΧριστός.

735 3871 879 3937 quod
936 3872 1092 3925 Jesus
1144 3881 1226 3926 cst
1255 3872 1439 3928 Filius
1471 3874 1616 3928 Dei?
1651 3894 1670 3927 ι
1706 3874 1839 3940 Quis
1868 3886 1952 3931 est
1986 3888 2167 3933 autem
2213 3882 2313 3935 iste
2341 3878 2555 3932 Jesus?
2595 3876 2695 3942 Qui
2737 3891 2835 3945 per
2887 3888 3084 3943 aquam
3124 3880 3180 3926 et
3222 3872 3539 3941 sanguinem
3601 3880 3752 3925 venit
3820 3869 3985 3925 .lesus

736 3965 1005 4020 Christus.

812 4056 874 4118 \',
909 4055 1058 4108 6-12.
1103 4055 1200 4109 Hic
1240 4066 1315 4110 est
1350 4059 1438 4127 qui
1477 4060 1613 4111 venit
1652 4076 1745 4129 per
1777 4077 1972 4129 aquam
2012 4072 2059 4116 et
2091 4065 2307 4132 sangui—

737 4168 854 4203 nem
881 4148 1033 4203 Jesus
1066 4149 1301 4203 Christus
1329 4165 1346 4202 :
1386 4168 1487 4203 non
1524 4167 1615 4218 per
1645 4169 1837 4220 aquam
1869 4153 2058 4217 solum,
2092 4158 2182 4208 sed
2216 4173 2309 4223 per

738 4257 928 4306 aquam
956 4251 1002 4293 et
1034 4242 1365 4310 sanguinem.
1397 4240 1460 4293 Et
1496 4240 1725 4309 Spiritus
1750 4251 1824 4295 est
1856 4245 1944 4310 qui
1976 4246 2307 4312 testiﬁcatur,

739 4336 985 4397 quoniam
1021 4327 1250 4394 Spiritus
1280 4339 1355 4381 est
1395 4332 1609 4384 veritas.
1650 4329 1910 4394 Quoniam
1944 4342 2045 4385 tres
2074 4344 2191 4387 sunt
2220 4337 2309 4403 qui

738 4420 1103 4488 tcsziﬁcanlur,
1136 4418 1386 4488 Spiritus,
1417 4437 1556 4490 aqua
1583 4431 1631 4474 et
1664 4424 1880 4491 sanguis
1905 4440 1923 4483 ;
1952 4435 1997 4477 et
2027 4424 2080 4476 hi
2109 4434 2210 4478 tres
2236 4428 2307 4478 ad

740 4529 899 4564 unum
922 4522 1062 4565 sunt.
1086 4512 1143 4565 Si
1172 4515 1520 4565 testimonium
1544 4515 1808 4566 hominum
1834 4517 2138 4583 accipimus,
2161 4519 2306 4570 testi-

739 4604 973 4655 monium
1017 4602 1111 4655 Dei
1154 4603 1328 4670 majus
1361 4620 1377 4656 :
1408 4604 1659 4671 quoniam
1704 4605 1798 4655 hoc
1833 4614 1907 4656 est
1952 4608 2302 4659 testimonium

740 4692 858 4754 Dei,
900 4694 1036 4761 quod
1074 4693 1374 4759 testiﬁcatus
1403 4703 1477 4745 est
1513 4694 1573 4746 de
1605 4692 1744 4746 Filio
1767 4712 1880 4748 suo.
1914 4695 2013 4758 Qui
2048 4698 2211 4750 credit
2248 4699 2302 4751 in

741 4779 788 4831 F
793 4781 942 4832 ilium
975 4780 1089 4841 Dei.
1140 4782 1287 4833 habet
1321 4784 1675 4835 testimonium
1720 4786 1775 4837 in
1819 4788 2007 4854 seipse.
2058 4786 2157 4850 Qui
2200 4804 2303 4840 non

736 4871 899 4923 credit
943 4871 1074 4931 Deo,
1117 4874 1416 4924 mendacem
1459 4873 1577 4941 fecit
1615 4874 1802 4941 ipsum,
1840 4875 1964 4942 quia
2004 4891 2103 4926 non
2140 4876 2303 4928 credit

737 4965 791 5015 iu
831 4963 1203 5024 testimonium,
1247 4964 1384 5031 quod
1432 4964 1737 5031 testiﬁcatus
1781 4974 1854 5017 est
1886 4963 2022 5017 Deus
2067 4967 2130 5018 de
2158 4964 2302 5019 Filio

736 5069 849 5105 suo.
881 5052 945 5104 Et
974 5055 1068 5103 hoc
1094 5060 1166 5103 est
1193 5052 1558 5117 testimonium,
1584 5054 1721 5115 quod
1747 5055 1909 5106 vitam
1935 5063 2187 5107 internum
2215 5058 2305 5108 de—

739 5145 810 5195 dit
836 5146 978 5196 nobis
1002 5142 1140 5195 Deus
1159 5156 1177 5193 .'
1204 5152 1251 5195 et
1278 5142 1385 5194 ha-c
1408 5143 1516 5195 vita
1542 5140 1749 5195 quilio
1777 5143 1890 5211 ejus
1917 5153 2013 5197 est.
2037 5142 2137 5207 Qui
2154 5145 2303 5199 habet

743 5231 964 5296 Filium,
987 5235 1138 5285 habet
1153 5232 1310 5285 vitam
1339 5234 1459 5301 :qui
1488 5248 1587 5285 non
1608 5234 1757 5285 habet
1778 5232 1979 5286 Filium
1999 5233 2116 5301 Dei,
2142 5236 2304 5288 vitam

742 5341 837 5377 non
869 5323 1039 5376 habet.

2481 4057 2670 4125 Οὗτός
2717 4060 2889 4113 ἐστιν
2939 4062 2974 4113 δ
3029 4058 3223 4111 ἐλθὼν
3259 4056 3335 4110 δι’
3363 4056 3581 4121 ὕδατος
3606 4058 3702 4110 καὶ
3730 4060 3987 4127 αἵματος

2418 4151 2651 4219 Ἰησοῦς
2686 4154 2957 4218 Χριστὸς,
2988 4152 3100 4203 οὐκ
3123 4150 3195 4203 ἐν
3217 4146 3298 4212 τῷ
3311 4148 3480 4200 ὕδατι
3498 4150 3715 4217 μόνον,
3746 4151 3887 4203 ἀλλ’
3913 4152 3979 4203 ἐν

2404 4242 2483 4307 τῷ
2505 4243 2672 4295 ὕδατι
2704 4243 2801 4293 καὶ
2830 4240 2910 4305 τῷ
2943 4240 3165 4306 αἵματι.
3206 4239 3314 4292 Καὶ
3343 4240 3406 4291 τὸ
3445 4239 3689 4308 Πνεῦμά
3732 4239 3888 4304 ἐστι,
3914 4244 3986 4295 τὸ

2401 4332 2777 4401 μαρτυροῦν,
2831 4331 2918 4382 ὅτι
2956 4330 3022 4383 τὸ
3072 4328 3317 4397 Πνεῦμά
3379 4329 3554 4383 ἐστιν
3606 4330 3647 4396 ἠ
3701 4331 3989 4396 ἀλήθεια.

2410 4424 2535 4474 Ὅτι
2563 4421 2716 4487 τρεῖς
2743 4424 2902 4474 εισιν
2932 4422 2987 4473 οι
3001 4418 3461 4487 μαρτυροῦντες,
3492 4418 3560 4471 τὸ
3589 4418 3857 4487 Πνεῦμα,
3881 4424 3987 4474 καὶ

2409 4512 2475 4564 τὸ
2505 4512 2678 4581 ὕδωρ,
2723 4513 2820 4566 καί
2846 4512 2911 4564 τὸ
2941 4507 3103 4578 αἷμα,
3134 4511 3227 4562 καὶ
3249 4512 3303 4562 οι
3322 4509 3477 4576 τρεῖς
3498 4512 3580 4575 εις
3603 4516 3670 4562 τὸ
3696 4512 3768 4563 ἓν
3798 4515 3985 4567 εἰσιν.

2409 4606 2478 4657 Et
2504 4603 2617 4669 τὴν
2640 4603 2975 4670 μαρτυρίαν
3006 4599 3124 4652 τῶν
3150 4599 3477 4666 ἀνθρώπων
3503 4602 3911 4669 λαμϐάνομεν,
3944 4606 3982 4669 τε

2405 4694 2698 4763 μαρτυρία
2725 4693 2829 4746 τοῦ
2851 4692 2998 4746 Θεοῦ
3025 4689 3238 4760 μείζων
3263 4692 3454 4744 ἐστίν.
3474 4691 3600 4743 Ὀτι
3626 4692 3780 4758 αῦτη
3809 4693 3991 4746 ἐστὶν

2409 4787 2448 4852 ἠ
2474 4785 2768 4852 μαρτυρία
2792 4782 2899 4835 τοῦ
2935 4781 3104 4847 Θεοῦ,
3138 4780 3219 4847 ἢν
3235 4781 3645 4849 μεμαρτύρηκε
3690 4782 3827 4846 περὶ
3872 4785 3988 4837 τοῦ

2420 4875 2558 4929 Υιοῦ
2583 4873 2793 4928 αὑτοῦ.
2837 4874 2900 4925 ⁸0
2927 4873 3227 4925 πιστεύων
3247 4874 3335 4935 είς
3357 4872 3465 4923 τὸν
3497 4872 3633 4924 Υἰὸν
3659 4874 3768 4926 τοῦ
3804 4876 3985 4939 Θεοῦ,

2402 4968 2527 5034 ἕχει
2557 4966 2671 5031 τὴν
2700 4965 3032 5033 μαρτυρίαν
3079 4963 3150 5015 ἐν
3191 4961 3403 5026 ἐαυτῷ.
3447 4962 3510 5015 Ὀ
3542 4963 3628 5030 μὴ
3674 4968 3990 5020 πιστεύων

2404 5057 2485 5119 τῷ
2511 5054 2653 5119 Θεῷ,
2683 5055 2961 5123 ψεύστην
2980 5054 3309 5119 πεποίηκεν
3338 5053 3544 5117 mittar,
3582 5053 3669 5106 ὅτι
3706 5058 3781 5109 οὐ
3807 5061 3960 5111 zeal

2406 5163 2662 5201 στευκεν
2695 5148 2782 5211 εις
2803 5144 2918 5210 τὴν
2946 5145 3301 5211 μαρτυρίαν,
3338 5142 3418 5209 ἣν
3465 5146 3932 5212 μεμαρτύρηκεν
3952 5154 3989 5202 δ

2414 5236 2558 5301 Θεὸς
2613 5236 2745 5303 περὶ
2802 5236 2907 5288 τοῦ
2945 5235 3082 5288 Υιοῦ
3116 5233 3320 5288 αὐτοῦ.
3376 5234 3483 5286 Καὶ
3534 5234 3688 5299 αὕτη
3730 5236 3914 5291 ἐστιν
3946 5242 3986 5307 ἠ

2403 5328 2713 5396 μαρτυρία,
2740 5325 2829 5393 ὅτι
2864 5325 3019 5391 ζωὴν
3042 5323 3528 5377 αιώνωνὲδωκεν
3555 5325 3702 5391 ἡμῖν
3737 5330 3771 5379 ό
3813 5331 3989 5394 Θεός.

743 5416 843 5467 ,ἰαὶ
866 5416 1015 5481 αὕτη
1058 5414 1095 5481 ἡ
1135 5411 1245 5480 ζωὴ
1272 5414 1341 5467 ἐν
1369 5414 1449 5480 τῷ
1472 5415 1581 5481 Υὶῷ
1605 5418 1791 5471 αὑτοῦ
1819 5417 2009 5472 ἐστιν.
2060 5418 2122 5471 ³0
2148 5419 2306 5486 ἔχων
2344 5420 2450 5475 τὸν
2499 5422 2658 5484 Υιὸν,
2691 5420 2816 5489 ἔχει
2840 5421 2955 5487 τὴν
3011 5418 3183 5484 ζωήν.
3231 5417 3293 5471 ’0
3319 5418 3404 5487 μή
3450 5418 3607 5485 ἔχων
3666 5420 3773 5472 τὸν
3850 5424 3989 5477 Υἱὸν

740 5523 844 5557 του
872 5504 1039 5566 Θεοῦ,
1068 5503 1182 5571 τὴν
1213 5504 1366 5574 ζωὴν
1381 5510 1492 5561 οὐκ
1516 5506 1661 5577 ἔχει.

810 5594 1073 5658 Quoniam
1118 5604 1173 5649 et
1216 5598 1623 5667 propagationis
1672 5599 1906 5656 ﬁliorum
1954 5601 2298 5664 meminerat,

810 5768 829 5798 "
866 5767 1049 5822 Matth.
1088 5771 1263 5831 11,ὖΟ.

2492 5599 2709 5656 Ἐπειδῦ
2744 5601 3057 5666 τεκνώσεως
3078 5602 3324 5671 ἐμνήσθη
3357 5601 3492 5655 Θεοῦ
3529 5605 3623 5657 καὶ
3659 5604 3847 5667 τὸκου,
3904 5610 3985 5659 εἰ-
