4166 6448
752 410 859 473 679

1812 398 2208 461 ῑΕΟυΜΕΝΙῘ
2240 395 2532 457 ΤΗῙΕΟΕ
2568 396 2906 458 EPISCOI‘I

3891 402 3994 466 6-50

752 535 886 577 vatis
929 518 1242 588 adeptione,
1289 529 1353 570 ac
1393 531 1489 585 per
1534 514 1639 569 hoc
1685 521 1887 568 azterna
1934 528 2148 584 quoque
2197 511 2327 578 vita,

2450 513 2687 582 Ιἰρισειτὸς,
2720 513 2789 581 ἢν
2815 511 2909 564 καὶ
2936 511 3102 574 αὐτὸς
3135 513 3248 581 ἔχει
3285 513 3342 564 ἐν
3370 512 3572 582 ἑαυτῷ,
3602 513 3676 577 ὡς
3701 515 3761 568 ὲν
3791 515 3870 584 τῷ
3911 518 4009 569 Εὐ-

748 627 913 684 quam
953 609 1205 681 promisit
1249 607 1501 662 Christus
1541 606 1628 660 his
1663 605 1756 675 qui
1790 621 1819 659 a
1856 622 1914 660 se
1956 606 2194 673 adOptati
2241 621 2331 659 es-

749 711 876 769 sent
907 718 921 754 :
957 715 1114 768 quam
1145 706 1199 750 et
1229 697 1346 766 ipse
1378 697 1432 749 in
1475 711 1533 750 se
1580 695 1747 748 habet
1779 695 1921 749 sicut
1953 695 2006 748 in
2035 693 2331 763 Evangelio

749 794 1012 862 scriptum
1057 800 1186 846 est:
1225 809 1243 841 ι
1279 789 1335 842 In
1379 790 1495 856 ipso
1543 787 1654 842 vita
1701 788 1909 841 erat“.
1944 805 1962 836 ι
2008 786 2196 854 Itaque
2237 786 2329 854 qui

753 884 916 936 habet
948 881 1142 934 Fiiium
1181 895 1275 948 per
1297 893 1514 931 sacrum
1545 877 1836 947 baptisma,
1865 877 2028 930 habet
2057 886 2111 931 et
2143 876 2330 930 vitam.

752 976 1029 1043 Quotquot
1071 972 1214 1025 cnim
1257 971 1309 1022 in
1347 970 1627 1024 Christum
1675 968 1934 1038 baptizati
1984 983 2196 1032 sumus,
2231 968 2335 1022 hoc

753 1080 857 1130 est,
882 1067 1034 1134 juxta
1068 1063 1241 1131 ipsius
1265 1070 1617 1131 praeceptum,
1650 1060 1927 1114 Christum
1961 1060 2241 1113 induimus
2266 1060 2332 1109 ¹¹.

752 1157 915 1227 599
943 1155 1043 1221 Qui
1074 1162 1258 1207 antem
1301 1169 1410 1205 non
1462 1152 1624 1203 habet
1658 1150 1851 1204 Filium
1883 1150 1976 1204 Dei
2008 1166 2103 1220 per
2133 1151 2337 1220 baptis-

751 1264 922 1311 mum,
948 1260 1126 1314 neque
1157 1245 1321 1298 vitam
1350 1241 1533 1303 habet,
1553 1240 1647 1294 sed
1667 1249 1914 1295 mortuus
1929 1250 2032 1294 est.
2059 1240 2335 1310 Siquidem

752 1339 1036 1408 accipiens
1061 1351 1162 1390 nos
1193 1333 1429 1404 peccatis
1462 1341 1726 1396 mortuos,
1758 1333 1959 1386 excitat
1990 1348 2087 1402 per
2119 1348 2336 1387 sacrum

751 1434 1041 1502 baptisma.
1092 1426 1423 1494 Quomodo?
1473 1424 1624 1478 Sicut
1654 1425 1969 1492 frequenter
1993 1425 2197 1478 dictum
2231 1435 2334 1488 est,

754 1525 902 1595 quod
931 1521 1286 1590 consepultus
1319 1518 1535 1571 Christo
1568 1530 1663 1584 per
1695 1514 2097 1569 deinersionem
2133 1531 2254 1583 qua:
2281 1517 2340 1569 ﬁt

753 1617 811 1671 in
855 1615 1145 1684 baptismo,
1191 1618 1439 1666 mortuus
1488 1607 1560 1661 sit
1605 1606 1828 1670 mundo,
1876 1606 1990 1661 sive
2047 1607 2341 1661 mundanis

754 1704 1241 1775 concupiscentiis,
1282 1712 1338 1754 et
1382 1702 1494 1769 jam
1540 1715 1650 1753 non
1682 1701 1786 1754 sibi
1829 1700 1952 1769 ipsi,
1989 1702 2086 1755 sed
2121 1701 2341 1756 Christo

755 1800 928 1859 vivat,
970 1798 1125 1865 juxta
1168 1803 1442 1863 pracepta
1489 1791 1633 1844 illius
1680 1791 1733 1843 in
1785 1793 2029 1846 novitate
2063 1793 2186 1846 vita:
2227 1807 2342 1845 am-

755 1889 954 1942 bulans
983 1886 1050 1949 ¹³,
1098 1898 1278 1952 neque
1341 1880 1565 1950 posthac
1626 1889 1852 1948 peccato
1895 1881 2030 1935 dans
2068 1881 2344 1935 clancula-
2376 1867 2420 1922 Β

757 1977 900 2030 rium
934 1976 1260 2043 ingressum.

831 2066 898 2130 V,
929 2068 1108 2119 15-15.
1155 2064 1284 2117 Haec
1315 2067 1507 2134 scripsi
1535 2067 1674 2120 vobis
1706 2067 1797 2133 qui
1825 2065 2041 2117 creditis
2073 2064 2126 2115 in
2159 2075 2346 2115 nomen

759 2160 886 2215 Filii
920 2158 1018 2210 Dei
1053 2175 1071 2213 :
1110 2166 1164 2208 ut
1203 2159 1385 2210 sciatis
1410 2160 1547 2228 quod
1586 2160 1748 2210 vitam
1790 2156 2036 2208 habemus
2069 2162 2344 2216 (etei-nam,

758 2260 807 2303 et
838 2259 893 2302 ut
930 2249 1155 2300 credatis
1186 2249 1239 2299 in
1263 2264 1447 2301 nomen
1488 2248 1621 2301 Filii
1654 2248 1770 2301 Dei.
1807 2248 1877 2304 Et
1909 2248 2017 2299 haec
2047 2254 2118 2298 est
2151 2244 2345 2312 ﬁducia

764 2360 925 2414 quam
965 2343 1212 2394 habemus
1243 2345 1384 2410 apud
1417 2343 1606 2405 Deum,
1642 2343 1783 2412 quod
1816 2343 1859 2395 si
1887 2342 2014 2411 quid
2046 2341 2347 2408 petierimus

761 2435 1046 2486 secundum
1088 2435 1407 2486 voluntatem
1452 2434 1584 2502 ejus,
1622 2436 1771 2486 audit
1818 2449 1932 2486 nos.
1967 2431 2034 2484 Et
2068 2433 2112 2484 si
2155 2432 2348 2484 scimus

760 2524 897 2595 quod
927 2524 1080 2574 audit
1109 2541 1200 2575 nos
1232 2524 1282 2574 iu
1318 2527 1457 2576 omni
1507 2540 1566 2577 eo
1603 2524 1744 2592 quod
1773 2524 2102 2590 petierimus,
2150 2521 2346 2574 scimus

764 2623 898 2685 quod
931 2615 1180 2668 habemus
1214 2617 1490 2683 petitiones
1521 2631 1652 2685 quas
1684 2615 2069 2682 postulavimus
2099 2615 2164 2667 ab
2196 2629 2274 2667 eo.

832 2803 1107 2868 Tanquam
1145 2798 1198 2851 in
1239 2798 1451 2868 epilogo
1480 2799 1792 2854 summatim
1830 2800 2087 2869 praediola
2124 2800 2345 2868 repetit,

764 2901 818 2946 et
849 2891 922 2944 ait
951 2910 962 2944 :
1001 2891 1205 2960 Scripsi
1252 2893 1405 2945 vobis
1449 2893 1563 2945 haec
1598 2904 1854 2960 tanquam
1887 2892 2196 2945 haeredibus
2228 2892 2349 2944 \itu:

763 2994 978 3038 πίει-ηαξ
1004 2999 1016 3036 :
1048 2999 1387 3054 nequaquam
1415 2986 1560 3039 enim
1594 2986 1699 3040 ista
1747 2985 2120 3040 scriberentur
2151 2985 2234 3038 his
2260 2991 2351 3052 qui

763 3093 876 3130 non
924 3079 1115 3130 vivunt
1160 3078 1459 3131 secundum
1533 3094 1684 3147 spem
1735 3079 1860 3132 vitae
1911 3087 2171 3132 mternrc:
2226 3076 2350 3146 quia

2434 603 2675 672 αγγελὶῳ
2714 601 3073 670 γέγραπται·
3113 620 3132 652 ι
3193 603 3281 654 Ἐν
3339 604 3490 674 αὑτῷ
3527 604 3640 674 ζωὴ
3664 600 3754 675 ἦν.
3796 626 3815 657 ι
3854 604 4011 658 Ὥστε

2431 695 2460 745 ὁ
2481 693 2620 761 ἔχων
2642 693 2733 745 τὸν
2761 692 2886 743 Υἰὺν
2911 690 3001 743 διὰ
3031 690 3124 743 τοῦ
3162 692 3318 758 ἁγίου
3349 693 3746 763 βαπτίσματος,
3783 696 3897 766 ἔχει
3925 699 4013 748 καὶ

2436 783 2535 853 τὴν
2567 783 2734 854 ζωήν.
2773 783 2928 834 "Osos
2985 783 3095 851 γὰρ
3158 784 3237 846 είς
3287 786 3523 854 Χριστὸν
3574 786 4009 856 ἐϐαπτίσθημεν,

2434 878 2702 941 τουτέστι,
2731 876 2873 928 κατά
2905 877 3003 944 τὴν
3034 875 3253 946 ἐντολὴν
3287 878 3477 940 αὐτοῦ,
3508 879 3743 947 Χριστὸν
3767 881 4014 933 {vsa-acti-

2441 967 2600 1036 μεθα.
2643 967 2832 1027 Ὅστις
2853 966 2909 1018 δὲ
2945 965 3019 1035 μὴ
3051 965 3162 1035 ἔχει
3195 967 3286 1019 τὸν
3334 967 3462 1020 Υἱὺν
3490 967 3584 1020 τοῦ
3633 969 3771 1021 Θεοῦ
3808 970 3900 1022 διὰ
3930 970 4014 1022 τοῦ

2440 1059 2840 1130 βαπτίσματος,
2876 1058 2996 1110 οὐδὲ
3032 1059 3132 1127 τὴν
3159 1059 3302 1129 ζωὴν
3346 1059 3479 1129 ἔχει,
3510 1059 3603 1111 καὶ
3662 1062 4014 1130 νενέκρωται.

2440 1151 2689 1220 Νεκροὺς
2717 1149 2825 1218 γὰρ
2852 1149 3149 1218 λαμϐάνων
3194 1153 3339 1220 ἡμᾶς
3379 1155 3491 1215 τοῖς
3549 1153 4017 1221 παραπτώμασιν,

2439 1241 2641 1312 ἐγείρει
2669 1241 2757 1293 διὰ
2781 1239 2876 1292 τοῦ
2899 1240 3052 1307 ἁγίου
3076 1243 3481 1309 βαπτίσματος.
3539 1243 3696 1306 Πῶς;
3759 1245 3849 1305 Ὠς
3897 1245 4019 1296 πολ-

2440 1331 2597 1394 λάκις
2627 1332 2863 1402 εἴρηται,
2882 1332 2963 1383 ὅτι
2989 1332 3018 1383 ὁ
3051 1333 3340 1398 συνταφεὶς
3367 1332 3587 1402 Χριστῷ
3613 1333 3700 1384 διά
3728 1334 3829 1400 τῆς
3857 1333 3914 1383 ὲν
3932 1332 4020 1401 βα-

2444 1424 2730 1492 ⁸κτίσματι,
2761 1423 3129 1489 καταδύσεως,
3158 1418 3316 1488 οὗτος
3347 1424 3537 1494 νεκρός
3562 1426 3676 1476 ἐστι
3701 1423 3779 1493 τῷ
3807 1428 4015 1495 κόσμῳ.

2442 1515 2561 1585 ἤτοι
2602 1519 2720 1576 ταῖς
2751 1519 3044 1585 κοσμικαῖς
3087 1517 3430 1585 ἐπιθυμίαις,
3474 1518 3572 1570 καὶ
3602 1518 3786 1569 οὐκέτι
3816 1517 4019 1586 ἑαυτῷ,

2444 1603 2580 1655 ἀλλά
2596 1603 2817 1673 Χριστῷ
2845 1605 2933 1674 ζῇ,
2971 1606 3112 1659 κατά
3135 1607 3232 1668 τὰς
3250 1605 3470 1667 ἐντολὰς
3500 1605 3662 1658 αὐτοῦ
3717 1607 3775 1658 ὲν
3839 1607 4020 1658 καινό-

2445 1713 2568 1765 τητι
2600 1697 2745 1764 ζωῆς
2777 1697 3095 1767 περιπατῶν
3128 1699 3224 1751 καὶ
3253 1696 3607 1768 παρείσδυσιν
3662 1700 3727 1767 τῇ
3776 1697 4020 1767 ἁμαρτία

2450 1789 2652 1859 μηκέτι
2691 1788 2890 1851 διδούς.

2510 2067 2698 2119 Ταῦτα
2709 2066 2942 2134 ἔγραψα
2962 2066 3099 2134 ὑμῖν
3116 2067 3241 2132 τοῖς
3254 2068 3652 2122 πιστεύουσιν
3661 2071 3748 2134 εις
3763 2068 3828 2122 τὸ
3845 2069 3970 2138 ὄνοι
3991 2086 4026 2122 α

2449 2158 2554 2210 τοῦ
2592 2157 2728 2211 Υίοῦ
2767 2158 2875 2211 τοῦ
2904 2159 3073 2224 θεοῦ,
3107 2160 3206 2211 ἵνα
3227 2159 3447 2226 εἰδῆτε,
3479 2159 3568 2212 ὅτι
3608 2159 3761 2226 ζωὴν
3789 2161 4028 2214 αἰώνιίν

2448 2247 2638 2315 ἔχετε,
2670 2247 2768 2300 καὶ
2808 2249 2910 2299 ἵνα
2944 2248 3273 2313 πιστεύητε
3304 2249 3396 2312 είς.
3419 2248 3484 2300 τὸ
3513 2247 3701 2316 ὄνομα
3736 2249 3846 2302 τοῦ
3897 2252 4027 2302 Titii

2447 2341 2556 2393 τοῦ
2591 2339 2758 2393 Θεοῦ.
2787 2338 2893 2391 Καί
2924 2339 3074 2404 αὕτη
3093 2337 3266 2390 ἐστὶν
3293 2340 3330 2404 ἠ
3356 2340 3681 2405 παρῤησία,
3714 2338 4028 2406 iii-510p“

2451 2432 2600 2499 πρὸς
2635 2431 2841 2493 αὐτὸν,
2863 2431 2953 2482 ὅτι
2989 2429 3098 2482 ἐάν
3133 2446 3184 2481 τι
3215 2429 3504 2497 αἰτώμεθα
3534 2432 3683 2481 κατὰ
3711 2431 3776 2480 τὸ
3804 2431 4030 2498 θέλημα

2451 2524 2657 2586 αὑτοῦ,
2690 2523 2894 2577 ἀκούει
2955 2519 3142 2589 ἡμῶν.
3195 2521 3302 2574 Καὶ
3336 2522 3387 2573 εί
3414 2521 3660 2589 οἴδαμεν
3693 2522 3781 2572 ὅτι
3824 2523 4029 2573 ἀκούει

2451 2613 2641 2683 ἡμῶν,
2680 2614 2710 2666 ὃ
2750 2613 2825 2666 ἂν
2858 2611 3166 2681 αἰτώμεθα,
3199 2611 3449 2680 οἴδαμεν
3483 2613 3569 2665 ὅτι
3597 2615 3818 2681 ἔχομεν
3847 2617 3919 2665 τα
3950 2618 4034 2665 αὶ-

2452 2706 2682 2775 τήματα
2699 2705 2834 2772 παρ’
2866 2705 3073 2758 αὐτοῦ.

2538 2800 2625 2860 Ὠς
2682 2802 2735 2851 ὲν
2799 2801 3036 2867 ἐπιλόγῳ
3093 2797 3592 2866 ἀνακεφαλαιοῦται
3672 2801 3767 2851 καί
3829 2815 4030 2866 φησιν·

2458 2891 2712 2961 Ἔγραψα
2743 2893 2870 2961 ὑμῖν
2893 2893 3066 2944 ταῦτα
3103 2893 3179 2956 ὡς
3203 2893 3560 2962 κληρονόμοις
3593 2893 3815 2946 αἰωνίου
3852 2893 4029 2961 ζωῆς·-

2452 2987 2551 3037 οὺκ
2575 2985 2640 3038 ἂν
2671 2984 2779 3054 γὰρ
2804 2983 2977 3038 ταῦτα
2997 2985 3238 3052 γραφείη
3265 2988 3380 3048 τοῖς
3414 2984 3488 3054 μὴ
3516 2984 3635 3037 κατ’
3659 2983 3849 3035 ἐλπίδα
3887 2982 4036 3051 βιοῦο

2457 3076 2633 3145 σιτῆς
2663 3075 2885 3127 αἰωνίου
2939 3075 3104 3144 ζωῆς.
3181 3075 3305 3126 Ὅτι
3364 3075 3499 3144 μηδὲ
3549 3077 3615 3127 τὰ
3652 3076 3784 3141 am
3833 3075 4035 3124 διδόναι

766 3186 947 3237 neque
979 3180 1164 3223 sancta
1197 3171 1326 3224 dare
1369 3172 1596 3226 canibus
1628 3188 1806 3240 neque
1849 3171 2168 3240 margaritas
2198 3186 2346 3239 spar-

2454 3169 2566 3230 τοῖς
2615 3167 2763 3231 κυσὶ,
2824 3167 2958 3235 μηδὲ
3017 3167 3145 3228 τοὺς
3191 3167 3535 3236 μαργαρίτας
3585 3165 3898 3236 ἔμπροσθεν
3926 3165 4032 3216 τῶν

767 3279 893 3331 gere
932 3278 1113 3316 coram
1158 3264 1339 3332 porcis
1365 3264 1428 3327 “,
1475 3265 1689 3318 laudem
1732 3273 2159 3334 promereretur.
2205 3263 2350 3316 Tan-

767 3369 929 3422 quam
971 3355 1278 3407 limredibus
1327 3371 1457 3424 ergo
1499 3356 1620 3410 vita:
1662 3366 1879 3410 aeterna:
1923 3357 2040 3409 ιιωο
2083 3355 2347 3420 scribens,

768 3444 966 3511 repetit
995 3443 1253 3508 breviter,
1285 3456 1343 3499 ut
1370 3446 1625 3511 diximus,
1646 3462 1944 3517 suggerens
1963 3445 2068 3500 illis
2094 3460 2214 3514 qua:
2238 3445 2351 3514 jam

769 3534 916 3586 dicta
954 3543 1083 3585 sunt
1116 3553 1127 3586 :
1163 3535 1393 3601 primum
1423 3536 1568 3603 quod
1605 3536 1831 3588 ﬁrmiter
1856 3536 2075 3590 credere
2108 3543 2354 3603 oporteat

770 3624 824 3675 in
869 3639 1066 3676 nomen
1097 3623 1215 3676 Filii
1262 3625 1376 3687 Dei,
1418 3627 1522 3680 hoc
1554 3637 1656 3691 est,
1699 3626 1754 3678 in
1805 3626 2063 3678 traditum
2093 3625 2251 3677 nobis
2285 3624 2353 3677 ab

771 3714 864 3767 illo
892 3715 1136 3768 divinum
1167 3717 1372 3770 cultum
1416 3734 1431 3771 ι
1475 3733 1597 3770 nam
1631 3718 1734 3771 hoc
1765 3716 2069 3786 signiﬁcare
2112 3716 2227 3770 vult
2256 3731 2353 3768 no-

770 3821 896 3858 men
930 3804 1046 3858 Fdii
1097 3807 1217 3869 Dei,
1267 3808 1425 3860 sicuti
1474 3809 1743 3871 diximus,
1793 3809 1878 3860 cui
1925 3807 2180 3860 videlicet
2212 3807 2352 3859 viam

770 3905 925 3964 parat
975 3896 1088 3963 ipsa
1141 3896 1279 3948 sacri
1337 3897 1676 3965 baptismatis
1722 3897 1912 3965 gratia.
1963 3895 2167 3948 Deinde
2209 3895 2352 3963 quod

771 3989 935 4054 hujus
968 3988 1287 4040 indubitata:
1316 3989 1440 4041 ﬁdei
1467 3989 1676 4042 nullum
1710 3990 1780 4043 sit
1806 3990 1952 4043 aliud
1980 3990 2217 4059 signum,
2246 3989 2352 4043 nisi

773 4081 990 4142 ﬁducia,
1041 4097 1202 4148 quam
1253 4097 1350 4149 per
1402 4083 1938 4150 irreprehensibilem
1989 4081 2148 4134 ﬁdem
2199 4096 2353 4149 repe-

773 4173 947 4222 rimus
998 4171 1138 4238 apud
1190 4170 1389 4238 ipsum,
1443 4172 1586 4224 sicut
1639 4174 1803 4224 etiam
1863 4172 1916 4224 in
1975 4171 2353 4238 superioribus

768 4262 1025 4314 diximus.
1064 4261 1410 4329 Rursumque
1443 4263 1658 4331 signum
1701 4263 1866 4332 hujus
1905 4262 2115 4316 ﬁducia:
2145 4262 2347 4330 posuit,

767 4367 881 4405 non
915 4352 1168 4405 frustrari
1203 4353 1253 4403 in
1291 4354 1544 4405 omnibus
1575 4369 1696 4420 qua:
1735 4369 1765 4406 a
1804 4355 1962 4406 nobis
1986 4353 2349 4421 postulantur.

768 4442 879 4495 Sed
909 4443 1165 4508 quoniam
1194 4457 1300 4493 non
1330 4457 1520 4495 omnes
1545 4443 1724 4495 omnia
1757 4443 2025 4510 postulata
2052 4457 2354 4510 assequun-

2453 3261 2653 3329 χοίρων
2693 3257 3011 3321 ἀξιέπαινον
3038 3260 3272 3327 ῥιπτεῖν.
3310 3259 3396 3320 Ὠς
3423 3255 3518 3311 οὖν
3545 3258 3907 3325 κληρονόμοις
3931 3257 4026 3324 τῆς

2456 3353 2673 3403 αἰωνίου
2696 3350 2920 3417 γράφων
2937 3349 3107 3402 ταῦτα
3138 3349 3302 3416 ζωῆς,
3344 3349 3816 3418 ἐπαναλαμϐάνει,
3841 3349 3920 3411 ὡς
3957 3352 4038 3400 εἱ-

2457 3444 2705 3513 ρήκαμεν
2747 3442 2833 3494 διὰ
2880 3441 3133 3512 βραχέων
3189 3444 3625 3512 ὑπομιμνήσκων
3667 3443 3868 3504 αὐτοὺς
3933 3444 4040 3496 τῶν

2455 3535 2760 3606 εἰρημένων
2812 3535 2946 3605 ήδη·
3011 3534 3233 3603 πρῶτον
3264 3535 3346 3585 ὅτι
3397 3534 3477 3585 δεῖ
3501 3536 3778 3586 πιστεύειν
3818 3534 4040 3586 ἀδιστάο

2456 3644 2599 3688 κτως
2630 3627 2710 3688 εἰς
2740 3624 2802 3676 τὸ
2832 3625 3003 3692 ὄνομα
3043 3624 3138 3676 τοῦ
3186 3622 3318 3675 Υἱοῦ
3377 3621 3473 3675 τοῦ
3534 3625 3692 3689 Θεοξ,
3730 3625 4038 3687 τουτέστιν,

2455 3721 2534 3780 εἰς
2557 3718 2654 3786 τὴν
2699 3716 3020 3768 ὑπ’ὲκείνου
3066 3717 3470 3784 παραδοθεῖσαν
3506 3718 3642 3785 ἡμῖν
3699 3717 4040 3769 Θεοσέϐειαν.

2457 3808 2629 3861 Τοῦτο
2659 3810 2766 3879 γὰρ
2802 3809 3049 3874 βούλεται
3079 3807 3366 3875 σημαίνειν
3426 3808 3487 3857 τὸ
3532 3807 3704 3876 ὄνομα
3745 3808 3840 3859 τοῦ
3907 3809 4042 3861 Tia-3

2455 3902 2548 3953 τοῦ
2583 3901 2741 3963 Θεοῦ,
2776 3900 2851 3962 ὠς
2902 3899 3179 3969 φθάνομεν
3207 3899 3510 3967 εἰρηκότες.
3570 3901 3647 3961 Hc
3703 3899 3953 3962 ὁδοποιδς
4007 3902 4042 3969 ἡ

2454 3991 2548 4046 τοῦ
2577 3993 2735 4059 ἀγίου
2769 3992 2969 4061 δηλαδὴ
3006 3990 3382 4059 βαπτίσματος
3413 3991 3592 4060 χάρις.
3654 3986 3787 4042 Εἶτα
3820 3992 3906 4042 ὅτι
3950 4008 4042 4059 ση-

2458 4087 2608 4151 μεῖον
2636 4081 2840 4151 ταύτης
2874 4082 2975 4148 τῆς
3016 4081 3336 4132 ἀδιστάκτου
3372 4081 3611 4142 πίστεως
3669 4082 3824 4132 οὐδέν
3881 4086 4036 4134 ἐστιν

2453 4174 2638 4243 ἄλλοῆ
2671 4175 2704 4243 ἡ
2740 4172 3127 4244 παρῤησία,ἠν
3159 4171 3246 4224 διὰ
3277 4172 3375 4238 τῆς
3427 4169 3658 4240 ἀμώμου
3687 4173 3930 4233 πίστεως
3955 4175 4046 4225 εὖ·

2457 4265 2719 4334 ρίσκομεν
2750 4263 2885 4330 πρὸς
2918 4261 3102 4320 αὑτὸν,
3136 4260 3213 4321 ὡς
3246 4262 3340 4310 καὶ
3397 4261 3658 4328 ἀνωτέρω
3704 4263 4042 4330 εἰρήκαμεν.

2456 4353 2564 4407 Καὶ
2603 4352 2764 4405 πάλιν
2785 4354 3010 4420 σημεῖον
3032 4350 3131 4416 τῆς
3166 4348 3424 4417 τοιαύτης
3457 4349 3795 4418 παρρησίας,
3845 4351 3909 4402 τὸ
3969 4354 4043 4420 μὴ

2456 4447 2706 4514 ἀστοχεῖν
2738 4445 2953 4496 πάντων
2977 4443 3086 4494 τῶν
3129 4442 3260 4512 παρ’
3299 4441 3454 4510 ἡμῶν
3505 4443 3875 4509 αίτουμένων,
3950 4446 4044 4497 τὲο

767 4543 881 4594 tur,
911 4547 1091 4599 neque
1129 4547 1344 4599 semper
1377 4533 1742 4585 exaudiuntur
1775 4534 1827 4585 in
1869 4534 1951 4586 his
1985 4550 2107 4602 qua
2137 4543 2346 4602 petunt.

2465 4538 2663 4592 οεικεν.
2723 4537 2863 4588 Ἀλλ’
2925 4535 3114 4602 ἐπειδὴ
3171 4536 3230 4586 οὐ
3273 4536 3491 4586 πάντων
3540 4533 3650 4584 τῶν
3694 4535 4042 4601 αἰτουμένων

771 4624 918 4676 addit
957 4642 969 4676 '.
1011 4623 1323 4676 Secundum
1384 4625 1718 4676 voluntatem
1764 4625 1886 4692 ejus
1930 4642 1942 4678 :
1988 4626 2348 4682 manifestans

769 4715 1026 4768 videlicet
1056 4716 1202 4782 quod
1243 4725 1435 4782 petens
1477 4725 1676 4783 praeter
1706 4716 2040 4770 voluntatem
2081 4720 2346 4787 magistri,

766 4820 878 4859 non
910 4807 979 4859 sit
1004 4807 1392 4868 exaudiendus,
1431 4807 1790 4860 conformiter
1827 4809 1894 4862 ad
1933 4811 2148 4862 beatum
2182 4810 2346 4864 Jaco-

766 4896 897 4954 bum
947 4918 962 4953 :
1009 4900 1450 4967 quandoquidem
1500 4911 1553 4953 et
1598 4901 1708 4962 ille,
1757 4918 1774 4950 ι
1809 4900 2018 4965 Petitis,
2065 4902 2255 4971 inquit,
2295 4913 2348 4957 et

768 5007 879 5044 non
924 4992 1191 5059 accipitis,
1234 5008 1300 5044 eo
1344 4993 1488 5059 quod
1535 4993 1676 5046 male
1721 4994 1917 5062 petatis
1943 4996 2006 5058 ",
2040 5013 2057 5044 ι
2105 4995 2206 5048 hoc
2242 5007 2344 5058 est,

764 5091 930 5150 prout
969 5082 1122 5134 vobis
1165 5097 1274 5134 non
1313 5083 1551 5150 expedit.
1599 5084 1759 5153 600
1797 5085 2132 5140 Convertens
2165 5095 2345 5140 autem

769 5175 1082 5241 hujusmodi
1103 5175 1316 5242 signum
1338 5175 1390 5227 in
1413 5175 1752 5230 manifestius
1785 5177 2066 5239 indicium,
2087 5179 2163 5231 ait
2189 5197 2202 5234 :
2229 5198 2246 5228 ‹
2282 5179 2349 5232 Ει

769 5266 814 5318 si
845 5265 1049 5318 scimus
1075 5265 1218 5333 quod
1261 5266 1408 5319 audit
1451 5282 1551 5320 nos
1592 5267 1646 5319 in
1682 5268 1828 5321 omni
1861 5284 1924 5322 eo
1954 5270 2098 5337 quod
2138 5270 2347 5337 petieri-

765 5373 908 5420 mus,
942 5359 1146 5412 scimus
1181 5359 1326 5425 quod
1364 5359 1630 5412 habemus
1674 5361 1963 5428 petitiones
1996 5377 2129 5429 quas
2163 5373 2349 5430 postu-

767 5450 998 5503 lavimus
1023 5453 1092 5505 ab
1115 5466 1213 5504 eo:
1241 5469 1259 5501 ι
1287 5452 1388 5503 tale
1405 5452 1679 5520 quippiam
1697 5453 1884 5506 dicens
1915 5470 1928 5506 :
1960 5453 2015 5506 Si
2044 5454 2346 5507 secundum

767 5545 1100 5596 voluntatem
1132 5545 1249 5613 ejus
1273 5546 1534 5612 petimus,
1567 5545 1718 5597 audit
1740 5561 1840 5601 nos
1868 5560 1882 5596 :
1915 5556 1970 5598 et
1998 5547 2039 5598 si
2074 5547 2224 5599 audit
2247 5561 2348 5599 nos

769 5633 820 5684 in
853 5634 999 5686 omni
1035 5649 1101 5687 eo
1132 5637 1274 5703 quod
1309 5636 1570 5706 petimus,
1622 5639 1825 5692 scimus
1854 5639 1998 5706 quod
2041 5640 2344 5692 secundum

855 5812 892 5840 "
933 5810 1088 5864 Joan.
1118 5827 1156 5876 ι,
1184 5813 1236 5866 4.

1319 5818 1359 5846 ¹¹
1404 5817 1560 5869 Rom.
1589 5837 1658 5880 γι,
1699 5820 1751 5870 5.
1833 5821 1874 5848 ’³
1909 5820 2064 5871 Rom.
2099 5835 2170 5881 vn,
2200 5819 2249 5870 ι,

2332 5820 2372 5850 ’⁸
2411 5817 2578 5870 Matth
2651 5833 2748 5881 ιιι,
2803 5817 2856 5868 ii.

2461 4631 2662 4691 πάντες
2695 4629 3082 4696 τυγχάνουσιν,
3138 4625 3260 4676 οὐδὲ
3313 4623 3692 4675 είσακούονται
3749 4625 3830 4684 εἰς
3863 4623 3901 4676 ἃ.
3960 4628 4048 4677 αἱ·

2456 4721 2630 4785 τοῦσι,
2664 4718 3063 4788 προστίθησιτὸ
3095 4715 3250 4769 Κατά
3279 4717 3339 4766 το
3373 4714 3586 4783 θέλημα
3615 4713 3804 4774 αὑτοῦ,
3835 4714 3960 4777 ὡςὸ
3984 4735 4048 4784 γε

2459 4814 2610 4882 παρά
2637 4815 2698 4864 τὸ
2749 4811 2963 4880 θέλημα
3001 4809 3095 4862 τοῦ
3130 4808 3456 4862 διδασκάλου
3499 4806 3692 4870 αἰτῶν,
3752 4808 3877 4858 οὐδὲ
3930 4813 4045 4862 εἰσ-

2455 4905 2950 4973 ακουσθησόμενος,
2981 4901 3192 4969 συνῳδά
3220 4901 3300 4970 τῷ
3332 4900 3590 4968 μακαρίῳ
3627 4898 3874 4967 Ἰακώϐῳ
3908 4901 4046 4953 cito-

2455 4998 2778 5066 φαινόμενος
2799 5013 2811 5024 ·
2836 4996 2958 5046 ἐπεὶ
2986 4996 3079 5046 καὶ
3100 4987 3276 5053 οὗτος,
3305 5010 3323 5040 ι
3343 4992 3572 5053 Αἰτεῖτε,
3606 4992 3832 5058 φάσκει,
3857 4993 3958 5044 καὶ
3985 4996 4043 5044 οὗ

2454 5089 2782 5158 λαμϐάνετε,
2808 5085 3146 5146 διότικακῶς
3178 5085 3402 5145 αἰτεῖτε,
3435 5101 3454 5132 ι
3489 5083 3672 5143 οἱονεὶ,
3699 5083 4044 5152 ἀσυμφόρως

2456 5184 2606 5250 ὑμῖν.
2658 5179 3054 5247 Ἀντιστρέφων
3080 5176 3135 5228 δὲ
3167 5175 3227 5227 τὸ
3257 5173 3498 5226 τοιοῦτον
3553 5175 3782 5241 σημεῖον
3815 5176 3898 5236 είς
3949 5194 4045 5227 σα-

2457 5275 2717 5340 φέστερον
2735 5270 3022 5339 γνώρισμα
3046 5267 3206 5335 φησί·
3245 5285 3261 5315 ι
3293 5267 3400 5326 Καὶ
3430 5265 3523 5316 ἐὰν
3548 5264 3773 5332 οτδαμεν
3791 5265 3877 5317 ὃτι
3897 5269 4021 5317 είσα

2458 5367 2606 5419 κούει
2667 5365 2825 5434 ἡμῶν
2876 5367 2955 5425 εἰς
2997 5363 3104 5414 πᾶν
3157 5362 3184 5412 ὃ
3222 5362 3287 5411 ἂν
3319 5358 3622 5426 αἰτώμεθα,
3671 5358 3900 5426 οἴδαμεν
3963 5361 4042 5413 ὅτε

2460 5459 2655 5527 ἔχομεν
2685 5457 2750 5507 τὰ
2780 5455 3060 5523 αἰτήματα
3089 5451 3124 5505 ἃ.
3159 5452 3445 5520 ᾐτήκαμεν
3472 5448 3655 5512 αὑτὸν,
3685 5466 3705 5498 ι
3745 5449 3966 5502 τοιοῦτό
3994 5468 4045 5500 τι

2455 5550 2628 5610 λέγων
2656 5562 2669 5574 °
2709 5547 2768 5598 Ei
2795 5546 2935 5598 κατὰ
2972 5544 3032 5595 τὺ
3062 5543 3271 5610 Θέλημα
3302 5540 3466 5592 αὑτοῦ
3500 5540 3828 5608 αἰτούμεθα,
3854 5543 4046 5595 ἀκούει

2460 5640 2636 5708 ἡμῶν.
2670 5639 2779 5689 Καὶ
2805 5640 2851 5688 εἱ
2875 5637 3064 5689 ἀκούει
3094 5635 3253 5704 ἡμῶν
3288 5637 3367 5698 είς
3400 5634 3428 5687 ὃ
3460 5635 3522 5687 ἂν
3556 5633 3869 5701 αἰτώμεθα,
3901 5635 4047 5688 οῖδα-

2941 5816 2982 5844 ⁸⁵
3009 5814 3124 5868 Jac.
3160 5830 3231 5875 iv,
3268 5814 3323 5867 '5.
