4166 6448
200 377 312 435 745

1458 371 1501 432 G
1512 368 2152 432 RECO'ROMANUM.

3363 359 3472 425 N6

197 482 559 554 Xutho-32:1};
577 523 593 545 ,
619 483 719 553 τήν
747 501 806 537 τε
836 483 1074 551 γυναῖκά
1107 502 1208 555 μου
1238 484 1427 555 Καλὴν
1454 486 1547 538 καὶ
1575 486 1674 554 τὴν
1704 485 1795 538 θυ-

1904 484 2027 536 liam
2100 481 2349 543 Mitzam,
2399 481 2619 535 domum
2671 493 2827 534 suam
2891 475 3193 539 deducens,
3260 490 3472 535 sacram

198 578 414 647 γιτέρα
444 576 676 647 Μιτζὴν,
709 578 789 639 εξς
816 576 909 631 τὸν
938 571 1087 629 οἷκον
1115 577 1283 631 αὐτοῦ
1313 576 1557 645 ἀγαγὼν,
1588 577 1789 647 ῖερολό-

198 683 364 736 γησε,
391 666 482 719 καὶ
512 667 796 732 συνέζευξα
819 667 918 737 τὴν
942 666 1081 740 ἐμὴν
1107 668 1387 739 θυγατέρα
1410 668 1623 739 Μιτζὴν
1652 669 1793 740 μετὰ

195 758 413 819 δέοντος
436 758 554 810 υἱοῦ
583 757 838 829 Ἀνθεμου
858 759 977 792 ⁸⁸⁸⁸⁷
999 760 1171 816 ταῦτα
1191 761 1631 832 προτεινόμενος,
1671 762 1791 833 ᾔτει

196 847 522 917 διαλυθῆναι
544 847 604 901 τὺ
629 847 797 912 οὕτως
826 848 1169 919 ὲνομώτατον
1192 851 1546 906 συνοικέσιον.
1572 852 1636 904 Et
1661 850 1791 920 γοῦν

198 940 359 1008 παρὰ
401 939 628 1010 γνώμην
646 940 693 972 ⁸⁸
742 940 837 994 τοῦ
884 941 1333 1009 διεγκαλέσαντος
1376 943 1477 1013 τὴν
1517 942 1794 1012 θυγατέρα

198 1032 371 1083 αὑτοῦ
416 1031 553 1101 πρὸς
594 1031 773 1103 γάμον
806 1032 1046 1101 ὴγάγετό
1077 1051 1162 1097 τις
1184 1050 1198 1066 ⁸
1232 1038 1328 1089 καὶ
1361 1036 1486 1088 οὔτε
1525 1038 1791 1107 πρότερον

198 1121 318 1174 οὔθ’
337 1122 563 1192 ὕστερον
582 1123 895 1193 εὑρίσκεται
923 1125 1240 1187 συναινέσας
1259 1125 1339 1195 τῷ
1362 1126 1788 1195 συναλλάγματι,

199 1212 419 1265 mea
433 1212 588 1265 τοῦτο
606 1214 1057 1284 άπαρεσκόμενος
1078 1214 1352 1284 φαίνεται,
1383 1216 1679 1271 διάσπασαι
1695 1216 1792 1285 τὴν

198 1302 399 1356 τούτου
427 1303 750 1367 ὑπεξουσίαν
773 1306 882 1358 ἀπὸ
902 1306 998 1359 τοῦ
1026 1307 1212 1371 κακῶς
1241 1307 1603 1377 συναφθέντος
1629 1308 1789 1377 αὐτῇ.

200 1391 317 1453 Τάς
358 1391 467 1461 γάρ
500 1393 940 1464 τοιουτοτρόπους
975 1399 1320 1465 συνοικήσεις
1356 1395 1576 1465 μισοῦσι
1614 1396 1711 1464 μὲν
1743 1396 1793 1448 οἱ

200 1483 362 1552 νόμοι
392 1486 487 1537 καὶ
518 1485 952 1554 ἀποτρέπονται,
985 1487 1082 1540 καὶ
1110 1487 1233 1539 οὐδὲ
1259 1487 1469 1556 γάμους
1501 1485 1790 1555 ἡγοῦνται,

199 1573 280 1636 ὡς
312 1575 409 1628 καὶ
436 1577 469 1645 ἡ
499 1576 751 1645 ἀγχινοιά
780 1594 874 1629 σου
906 1577 1197 1630 ἐπίσταται
1220 1580 1462 1648 ’.πόρῤω
1490 1577 1545 1631 δὲ
1573 1578 1666 1630 τοῦ
1698 1594 1794 1630 πο⁹

200 1664 533 1734 λιτεύματος
566 1667 663 1721 καὶ
694 1668 745 1719 ol
781 1668 917 1738 ἱεροὶ
948 1671 1171 1732 κανόνες
1204 1670 1541 1724 ἐλαύνουσιν.
1574 1670 1631 1722 '0
1665 1669 1794 1737 γοῦν

199 1760 271 1809 τά
301 1756 424 1809 θεῖα
458 1757 627 1820 πολὺς
658 1758 925 1827 βασιλέων
940 1759 1006 1826 ⁸⁸,
1036 1761 1291 1831 πορνείας
1317 1762 1469 1814 οὐδὲν
1494 1760 1793 1829 διενηνοχέσ

1898 572 2266 643 precationem
2316 571 2431 627 ﬁeri
2491 572 2740 634 curavit,
2790 579 2843 625 et
2895 570 3063 624 ﬁliam
3125 583 3302 623 meam
3359 569 3478 625 Ilit—

1898 680 2015 720 zam
2067 678 2191 720 cum
2246 662 2429 719 Leone
2473 664 2582 719 ﬁlio
2631 663 2891 718 Anthimo
2925 669 2967 733 ’ὲ
3016 660 3305 732 conjunxit
3362 660 3477 715 haec

1896 772 2230 828 proponens,
2272 756 2447 829 petiit,
2496 764 2557 810 ut
2607 765 2718 811 tam
2770 756 3035 826 injustum
3082 753 3477 811 dissolveretur

1895 847 2212 916 conjugium
2230 857 2278 900 ιι.
2301 846 2359 902 Si
2386 846 2552 915 igitur
2585 854 2781 916 praeter
2806 845 3194 915 conquerentis
3217 846 3474 899 volunta«

1898 946 2027 1004 tem,
2054 937 2221 991 ﬁliam
2254 937 2375 1008 ejus
2406 938 2564 993 duxit
2593 936 2866 1007 quispiam
2900 950 3125 990 uxorem
3163 951 3178 989 :
3212 945 3269 991 et
3297 950 3476 1004 neque

1898 1031 2075 1096 initio,
2109 1046 2284 1101 neque
2318 1039 2507 1101 postea
2539 1029 2848 1085 contractui
2882 1026 3233 1084 consensisse
3261 1028 3476 1099 reperi-

1899 1132 2011 1187 tur,
2043 1124 2139 1177 sed
2184 1137 2307 1176 eum
2341 1136 2557 1192 semper
2592 1121 2931 1189 improbasse
2972 1118 3228 1189 apparuit
3260 1136 3275 1172 :
3313 1120 3475 1189 hujus

1896 1214 2062 1269 ﬁliam
2105 1213 2338 1267 familias
2367 1214 2436 1267 ab
2469 1228 2555 1279 eo,
2597 1213 2688 1282 qui
2734 1212 2874 1266 male
2911 1212 2959 1267 ei
3005 1211 3338 1280 conjunetus
3367 1222 3474 1272 est.

1898 1313 2173 1375 separato.
2216 1302 2393 1373 Hujus
2430 1304 2574 1357 modi
2603 1305 2746 1357 enim
2777 1303 3029 1372 coniugia
3068 1304 3215 1373 leges
3242 1304 3476 1357 oderunt

1896 1408 1953 1454 et
1983 1404 2330 1459 aversantur,
2357 1409 2535 1464 neque
2569 1409 2667 1464 pro
2696 1394 2901 1464 nuptiis
2940 1393 3138 1447 habent
3182 1410 3194 1445 :
3247 1401 3305 1446 ut
3350 1409 3477 1463 pru-

1897 1488 2081 1543 dentia
2122 1497 2212 1541 tua
2254 1489 2430 1541 novit.
2454 1487 2608 1541 Sacri
2640 1488 2804 1540 etiam
2845 1500 3087 1542 canones
3123 1486 3310 1555 procul
3340 1501 3371 1539 a
3404 1487 3476 1539 ci-

1896 1580 1989 1634 vili
2015 1580 2785 1650 administrationerepellunt
2809 1580 2879 1633 η’.
2921 1578 3156 1647 Ideoque
3188 1579 3243 1631 in
3274 1578 3476 1631 divinis

1896 1674 2173 1728 excellens
2202 1674 2500 1743 imperator
2525 1681 2550 1708 ο
2579 1688 2641 1727 ea
2676 1673 2811 1727 nihil
2840 1689 2869 1727 a
2894 1672 3231 1728 seortatione
3257 1670 3477 1724 diﬁerre

1899 1767 1993 1818 ait.
2043 1762 2176 1817 Nam
2215 1766 2414 1833 nuptias
2452 1780 2560 1818 non
2595 1766 2731 1818 ﬁunt
2774 1766 2995 1833 (inquit)
3044 1765 3196 1817 nisi?
3235 1776 3478 1817 consen-

201 1865 295 1900 ναι
344 1849 551 1911 ταύτας
603 1851 790 1919 φησιν.
836 1852 895 1904 '0
948 1852 1047 1921 μὲν
1095 1855 1203 1923 γὰρ
1249 1854 1425 1922 γάμος
1476 1854 1535 1905 οὑ
1583 1854 1794 1921 γίνεται

1903 1857 2060 1919 tiaut,
2090 1856 2181 1923 qui
2212 1856 2638 1925 conjunguntur,
2669 1857 2813 1927 iique
2848 1872 3080 1925 quorum
3115 1856 3168 1908 in
3208 1864 3478 1924 potestate

204 1940 423 2009 (φησὶν)
450 1941 516 1972 ⁵³⁵
551 1943 599 1994 εἰ
627 1943 703 2012 μὴ
732 1943 1071 1997 συναινοῦσιν
1093 1945 1142 1997 οἱ
1168 1945 1591 2012 συναπτόμενοι,
1610 1943 1705 1997 καλ⁸
1744 1944 1794 1996 οἱ

202 2034 425 2101 ἔχοντες
454 2033 651 2097 αὐτοὺς
678 2034 1054 2101 ὑπεξουσίους,
1077 2036 1172 2088 καὶ
1201 2037 1468 2105 πολλαχοῦ
1494 2035 1654 2105 δῆλός
1682 2036 1795 2088 ἐστι

200 2129 333 2189 τοὺς
381 2128 531 2198 παρά
574 2128 801 2199 γνώμην
836 2130 945 2182 τῶν
981 2132 1213 2201 ἑχόντων
1251 2132 1403 2194 τινάς
1447 2129 1796 2197 ὑπεξυυσὶους

203 2220 542 2288 γενομένους
581 2220 794 2290 γάμους
826 2222 949 2275 ἀντὶ
988 2223 1214 2292 μηδενὸς
1244 2221 1614 2291 λογιζόμενος.
1650 2222 1707 2276 Ὀ
1738 2222 1794 2274 δὲ

206 2309 388 2377 μέγας
418 2309 699 2370 Βασίλειος
731 2311 860 2363 ποτὲ
891 2311 1011 2377 μὲν,
1039 2312 1105 2362 Al
1135 2312 1292 2379 κόραι
1321 2312 1529 2382 (φησιν)
1560 2314 1613 2365 αἱ
1644 2310 1796 2379 παρὰ

201 2399 437 2467 γνώμην
488 2400 598 2452 τῶν
649 2400 902 2470 πατέρων
956 2404 1370 2471 γεγαμηκυῖαι,
1423 2400 1747 2471 πορνεύουσι
1778 2417 1793 2430 ·

201 2488 606 2557 διαλλαγέντων
638 2490 695 2543 δὲ
731 2491 838 2545 τῶν
874 2493 1106 2559 γονέων,
1144 2493 1291 2545 δοκεῖ
1331 2492 1627 2562 θεραπείαν
1661 2492 1797 2557 λαμ-

207 2581 398 2635 6άνειν
432 2582 496 2634 τὸ
530 2584 792 2651 γεγονός*
825 2587 923 2638 οὐκ
968 2584 1128 2647 εὐθὺς
1165 2585 1222 2639 δὲ
1261 2586 1341 2648 εἰς
1375 2585 1473 2655 τὴν
1512 2585 1797 2638 κοινωνίαν

206 2673 705 2738 ἀποκαθίστανται,
731 2676 844 2728 ἀλλ’
862 2678 1355 2747 ἐπι-τιμηθήσονται
1376 2677 1505 2747 τρία
1527 2677 1644 2747 ἔτη·
1666 2676 1795 2727 ποτὲ

204 2768 285 2832 δὲ,
308 2770 394 2822 ὅτι
418 2771 467 2821 οἱ
496 2769 623 2821 ἄνευ
652 2768 757 2821 τῶν
781 2769 1127 2839 κρατούντων
1149 2771 1341 2839 γάμοι,
1364 2770 1609 2841 πορνεῖαι
1635 2773 1793 2836 εἰσιν,

206 2860 281 2921 ὼς
321 2861 421 2912 ἐὰν
464 2862 826 2914 ὲπινεύσωσιν
860 2863 908 2915 οἱ
949 2862 1129 2932 κύριοι
1161 2863 1258 2933 τὴν
1296 2864 1638 2934 συνοίκησιν,
1674 2865 1795 2917 τότε

206 2951 485 3022 λαμϐάνει
513 2955 543 3006 ό
573 2956 749 3023 γάμος
775 2955 835 3007 τὸ
866 2955 1104 3024 βέϐαιον.
1146 2956 1353 3010 Ἐκεῖνο
1381 2956 1436 3009 δὲ
1470 2957 1799 3010 καλὺννὺπο-

212 3046 419 3115 μνῆσαί
447 3061 542 3097 σου
567 3044 666 3115 τὴν
687 3045 994 3115 λογιότητα,
1018 3048 1098 3099 ὅτι
1123 3048 1287 3116 νόμος
1313 3048 1461 3100 ἐστὶν
1483 3050 1510 3101 ὁ
1536 3048 1797 3115 κελεύων,

210 3138 303 3190 ἐάν
330 3138 426 3190 ἐπὶ
452 3139 697 3208 τριετίαν
722 3140 749 3191 ὁ
780 3139 965 3209 πατὴρ
983 3140 1247 3209 ἠγνόηται
1274 3140 1378 3191 ποῦ
1404 3140 1602 3208 διάγει,
1625 3142 1721 3194 καὶ
1745 3143 1792 3194 εἰ

210 3232 482 3299 στερείσῃ,
512 3230 771 3283 δύνασθαι
795 3232 918 3293 τοὺς
945 3231 1210 3303 ἑκατέρας
1236 3236 1451 3301 φύσεως
1479 3233 1640 3286 αὐτοῦ
1672 3237 1796 3286 παῖ-

209 3322 303 3385 δας
326 3323 581 3391 νομίμως
607 3326 827 3392 γαμεῖν.
852 3324 913 3375 ΕΞ
939 3325 995 3377 δὲ
1021 3324 1127 3394 πρὸ
1149 3328 1247 3395 τῆς
1271 3325 1513 3396 τριετὶας
1534 3328 1582 3379 οἱ
1609 3328 1793 3390 παῖδες

210 3413 303 3466 τοῦ
332 3415 688 3483 αἰχμαλώτου
716 3414 748 3485 ἢ
772 3415 865 3467 τοῦ
895 3417 1126 3479 ἀπόντος
1153 3420 1485 3488 γαμήσουσι,
1514 3420 1608 3472 καὶ
1633 3418 1795 3488 δῆλόν

210 3504 327 3557 ἔπι
367 3506 445 3572 μὴ
481 3504 820 3573 ἀπαρέσκειν
852 3503 931 3573 τῷ
965 3505 1132 3575 πατρὶ
1164 3506 1224 3558 τὸ
1259 3507 1549 3577 πρόσωπον
1570 3546 1585 3571 ,
1620 3506 1797 3576 ἐρρῶ-

214 3597 337 3649 σθαι
364 3597 458 3648 τὸν
480 3596 680 3666 γάμον.
737 3597 847 3649 Καὶ
880 3597 1090 3667 μήποτε
1122 3598 1215 3651 καὶ
1240 3599 1300 3651 τὸ
1326 3599 1421 3651 τοῦ
1454 3600 1661 3668 Πέτρου
1686 3616 1796 3651 τοι·

210 3689 366 3741 οὖτόν
398 3692 551 3741 ἐστι·
583 3688 679 3742 καὶ
709 3687 865 3741 ἀπὼν
892 3691 1138 3757 ἠγνοεῖτο
1169 3693 1297 3753 ἴσως
1326 3690 1429 3744 ποῦ
1460 3691 1668 3759 διάγει,
1702 3692 1797 3743 καὶ

212 3779 258 3830 εξ
289 3779 592 3848 περίεστιν.
618 3780 683 3831 Et
708 3780 817 3850 γάρ
846 3778 988 3832 οὕτω
1014 3780 1273 3844 πολλάκις
1302 3781 1414 3851 ἔχει
1440 3783 1506 3835 τὰ
1530 3780 1623 3833 τοῦ
1656 3782 1795 3851 πρά-

212 3888 457 3939 γματος,
490 3872 635 3923 κατὰ
661 3871 760 3941 τὴν
788 3872 1018 3941 δύναμιν
1045 3872 1141 3926 τοῦ
1172 3872 1340 3941 νόμον
1372 3874 1453 3927 δεῖ
1484 3874 1797 3943 περαιωθῆο

212 3982 302 4017 ναι
323 3966 424 4034 τὴν
449 3962 696 4032 ζήτησιν.
722 3965 796 4016 Οὐ
823 3964 1075 4017 λανθάνει
1101 3965 1157 4017 δέ
1189 3983 1279 4017 σου
1302 3967 1400 4036 τὴν
1428 3965 1798 4033 πολυμάθειαν

213 4056 332 4108 οὐδὲ
353 4057 534 4105 ἐκεῖνο
561 4055 622 4106 τὸ
649 4054 880 4124 νόμιμον
898 4096 913 4121 ,
943 4048 1008 4108 τὸ
1032 4055 1215 4122 λέγον,
1249 4057 1433 4110 Εῐτινι
1465 4056 1571 4108 τῶν
1596 4057 1798 4123 γονέων

214 4142 529 4212 βουλομένῳ
564 4146 631 4213 τῇ
676 4143 783 4212 ἰδίᾳ
818 4142 1051 4214 θυγατρὶ
1086 4144 1119 4214 ἢ
1160 4146 1360 4218 ἐκγόνῃ
1394 4145 1561 4215 ἄνδρα
1596 4144 1800 4211 δοῦναι,

212 4238 309 4289 καὶ
350 4239 553 4305 προῖκα
597 4237 738 4288 κατὰ
770 4235 871 4307 τὴν
905 4236 1135 4305 δύναμὶν
1171 4239 1269 4305 τῆς
1313 4237 1447 4297 ιδίας
1485 4234 1800 4305 περιουσὶας

212 4323 357 4393 ὑπὲρ
383 4325 556 4393 αὐτῆς
590 4327 911 4394 παρασχεῖν,
946 4325 1127 4394 ἐκείνη
1161 4325 1237 4396 μὴ
1264 4325 1552 4395 συναινέσῃ
1584 4324 1696 4377 ἀλλ’
1720 4327 1803 4377 αἰ-

214 4415 381 4482 σχρὸν
407 4414 521 4482 βὶον
547 4415 857 4478 ὲπιλέξεται
877 4432 891 4447 ο
918 4415 1117 4478 ἐξεῖναι
1141 4416 1218 4484 τῷ
1246 4418 1412 4486 πατρὶ
1438 4416 1798 4486 ἁποκληρονό-

1900 1954 2046 1997 sunt.
2084 1943 2151 1997 Et
2188 1945 2372 1998 multis
2412 1946 2465 1997 iu
2508 1946 2643 2000 locis
2685 1948 2905 2017 nuptias
2936 1953 3247 2000 contractas
3278 1953 3479 2015 praeter

1898 2051 2084 2089 eorum
2124 2037 2474 2097 sententiam,
2501 2037 2594 2105 qui
2626 2039 2676 2089 in
2712 2046 2979 2106 potestate
3019 2037 3224 2091 habent
3271 2051 3478 2090 coeun-

1900 2136 2004 2193 tas,
2053 2136 2239 2197 aperte
2286 2142 2385 2197 pro
2434 2129 2602 2182 nullis
2634 2129 2815 2184 habet.
2852 2128 3079 2200 Magnus
3114 2138 3292 2181 autem
3326 2128 3478 2181 Basi-

1899 2221 2009 2276 lius
2048 2221 2297 2275 alicubi:
2341 2221 2536 2278 Puellze
2586 2223 2806 2294 (inquit)
2847 2239 2966 2289 qua:
3016 2236 3210 2292 praeter
3259 2231 3474 2291 patrum

1900 2313 2232 2366 voluntatem
2290 2321 2628 2382 nupserunt,
2689 2324 3027 2369 scortantur.
3087 2313 3480 2367 Reconciliatis

1903 2412 2081 2457 autem
2126 2404 2444 2471 parentibus
2490 2404 2756 2458 medelam
2800 2405 3016 2459 videtur
3052 2406 3299 2474 accipere
3332 2407 3476 2475 queri

1901 2494 2102 2549 factum
2135 2503 2239 2550 est.
2281 2494 2397 2549 Non
2430 2498 2690 2551 continuo
2724 2509 2902 2552 tamen
2936 2497 3001 2551 ad
3036 2498 3475 2552 communionem

1901 2589 2288 2653 restituuntur,
2325 2588 2417 2643 sed
2461 2589 2634 2643 tribus
2685 2591 2843 2644 annis
2886 2607 3134 2645 censura:
3183 2590 3480 2659 subjicien~

1902 2685 2008 2732 tur.
2040 2679 2178 2732 Alibi
2221 2689 2428 2745 autem,
2475 2681 2695 2750 nuptias
2732 2682 2850 2736 sine
2894 2682 2981 2743 iis,
3022 2682 3115 2751 qui
3157 2690 3477 2751 potestatem

1902 2770 2107 2824 habent
2147 2774 2511 2826 srortatioues
2546 2788 2671 2827 esse
2705 2791 2717 2827 :
2752 2775 2896 2844 quod
2932 2775 2974 2828 si
3004 2775 3210 2829 domini
3241 2774 3473 2842 conjun-

1902 2860 2069 2914 ctioni
2089 2868 2349 2926 anzzuant,
2367 2869 2493 2915 tunc
2509 2870 2591 2911 φτ
2610 2863 2811 2930 nuptiae
2830 2862 2996 2915 robur
3022 2862 3318 2931 accipiunt.
3342 2859 3477 2915 Illud

1902 2952 2130 3025 pulchre
2163 2954 2470 3008 monebitur
2494 2963 2584 3008 tua
2618 2954 2871 3007 facundia
2896 2957 2940 3019 ',
2972 2954 3142 3024 legem
3176 2968 3320 3016 esse,
3356 2968 3479 3023 qua:

1900 3044 2075 3113 jubet,
2108 3046 2153 3099 si
2194 3061 2291 3115 per
2327 3045 2620 3101 triennium
2654 3054 2806 3115 pater
2840 3047 3122 3114 ignoretur
3156 3045 3249 3099 ubi
3290 3046 3474 3114 degat.

1904 3146 1957 3190 et
1996 3152 2064 3191 an
2108 3138 2364 3206 supersit,
2400 3153 2561 3207 posse
2603 3139 2889 3208 utriusque
2924 3153 3090 3193 sexus
3120 3137 3320 3193 liberos
3354 3137 3476 3205 ejus

1903 3230 2202 3298 legitimqu
2240 3230 2649 3284 matrimonium
2692 3231 3037 3285 contrahere.
3081 3230 3235 3295 Quod
3271 3231 3316 3285 si
3351 3245 3479 3285 ante

1900 3323 2196 3375 triennium
2236 3322 2388 3374 liberi
2422 3322 2621 3390 captivi
2669 3332 2761 3375 aut
2799 3323 3041 3375 absentis
3081 3323 3300 3391 nuptias
3338 3338 3480 3378 con-

1900 3415 2186 3477 traxerint,
2213 3423 2265 3468 et
2294 3423 2504 3467 constet
2535 3428 2818 3483 personam
2855 3429 2959 3468 nou
2988 3414 3281 3485 displicere
3312 3417 3476 3485 patri,

1904 3516 2048 3559 ratas
2090 3519 2211 3558 esse
2262 3503 2501 3573 nuptias,
2543 3503 2687 3556 Petri
2733 3519 2899 3559 causa
2931 3506 2949 3541 ί
3006 3520 3349 3575 nequaquam
3396 3517 3479 3563 est

1901 3594 2067 3665 hujus
2100 3594 2244 3648 modi
2283 3614 2295 3648 :
2333 3603 2386 3648 et
2425 3594 2471 3649 si
2512 3594 2648 3649 forte
2681 3597 3035 3665 ignorabatur
3069 3599 3156 3651 ubi
3191 3609 3393 3668 ageret,
3426 3611 3482 3653 ct

1903 3702 1971 3740 an
2000 3694 2335 3755 superesset.
2368 3685 2424 3739 Si
2457 3686 2601 3740 enim
2631 3701 2771 3755 saepe
2804 3687 2885 3741 sic
2909 3704 2967 3741 se
2996 3703 3083 3741 res
3116 3688 3297 3751 habet,
3324 3690 3481 3759 juxta

1903 3778 2009 3830 vim
2037 3777 2171 3847 legis
2194 3778 2425 3845 quaastio
2454 3777 2795 3831 terminauda
2826 3788 2928 3832 est.
2957 3776 3125 3832 Tuam
3160 3791 3338 3834 autem
3373 3795 3482 3836 neu

1903 3868 2033 3921 latet
2060 3866 2419 3921 eruditionem
2450 3866 2541 3936 jus
2579 3866 2711 3921 illud
2746 3867 2890 3936 quod
2929 3868 3007 3921 ait
3037 3890 3049 3923 :
3087 3866 3245 3922 Sicut
3280 3885 3482 3939 paren-

1903 3968 2018 4011 tum
2049 3956 2253 4012 volenti
2293 3958 2467 4012 virum
2510 3958 2640 4013 dare
2686 3976 2798 4014 suze
2832 3959 2953 4015 ﬁliae
2984 3960 3064 4014 vel
3102 3963 3270 4029 nepti,
3297 3971 3349 4015 et
3377 3962 3479 4015 do-

1902 4056 2011 4101 tem
2064 4047 2367 4102 secundum
2427 4048 2717 4103 facultates
2768 4051 2973 4120 proprii
3031 4052 3344 4121 patrimonii
3386 4068 3484 4121 pro

1902 4154 1964 4194 ea
1997 4150 2278 4209 pratstare,
2307 4139 2393 4193 illa
2421 4155 2528 4193 non
2559 4144 2922 4205 consenserit,
2954 4143 3048 4196 sed
3081 4152 3292 4211 turpem
3322 4158 3484 4213 agere

1904 4232 2013 4285 vita
2048 4232 2334 4296 maluerit;
2368 4232 2528 4285 licere
2565 4233 2702 4301 patri
2737 4234 3078 4288 exhaaredem
3107 4250 3225 4288 eam
3262 4234 3478 4294 facere:

1906 4322 2141 4392 quod-si
2189 4323 2298 4375 ﬁlia
2335 4323 2403 4377 ad
2434 4324 2755 4391 vigesimum
2786 4327 3038 4395 quintum
3074 4326 3251 4381 aatatis
3279 4343 3481 4380 annum

1908 4412 2245 4482 pervenerit,
2280 4423 2332 4465 et
2365 4425 2619 4481 parentes
2647 4430 2764 4468 eam
2795 4417 2912 4470 viro
2942 4418 3274 4486 conjungere
3312 4420 3485 4473 distu-

216 4522 317 4573 μον
353 4505 526 4567 αὐτὴν
570 4507 779 4557 ποιεῖν’
804 4508 853 4558 εἰ
891 4504 948 4557 δὲ
990 4505 1151 4575 μέχρι
1188 4506 1286 4573 τῆς
1322 4505 1429 4559 τῶν
1465 4506 1795 4558 εἰκοσιπέντε

1912 4503 2094 4567 leriut,
2138 4502 2388 4570 forthue
2426 4503 2549 4558 inde
2586 4505 2866 4570 acciderit,
2900 4516 2960 4560 ut
2997 4508 3049 4560 iu
3094 4524 3251 4562 suum
3283 4525 3484 4579 corpus

213 4595 483 4648 ἐνιαυτῶν
518 4594 735 4664 ἡλικίας
772 4596 807 4664 ἡ
870 4595 1118 4664 θυγάτηρ
1154 4596 1409 4665 γένηται,
1480 4597 1574 4649 καὶ
1625 4598 1802 4661 γονεῖς

216 4686 565 4756 ὗπέρθωνται
591 4686 797 4753 ταύτην
825 4686 981 4755 ἀνδρὶ
1012 4686 1279 4755 συνάψαι,
1308 4688 1405 4741 καὶ
1436 4686 1563 4749 ἴσως
1594 4688 1657 4739 ὲκ
1679 4686 1803 4739 τού-

215 4797 308 4833 του
342 4779 591 4848 συμῦαίη
620 4780 701 4841 εις
726 4779 784 4830 τὸ
813 4779 1015 4846 ἑαυτῆς
1048 4778 1207 4847 σῶμα
1231 4779 1436 4849 ταύτην
1463 4779 1803 4848 ἁμαρτῆσαι,

214 4870 375 4924 τοῦτο
408 4871 490 4933 εἰς
527 4868 832 4939 ἀχρηστίαν
850 4868 935 4901 ⁸³³⁸
957 4869 1091 4938 αὐτῇ
1131 4868 1205 4939 μὴ
1238 4868 1546 4936 λογίζεσθαι
1565 4869 1804 4939 σκέπειδὴ

216 4967 276 5018 οὐ
304 4968 375 5035 τῇ
407 4964 632 5032 ἑαυτῆς,
662 4962 799 5016 ἀλλὰ
824 4965 890 5033 τῇ
920 4962 1028 5015 τῶν
1054 4962 1257 5028 γονέων
1283 4963 1433 5032 αἰτίᾳ
1458 4962 1616 5014 τοῦτο
1645 4963 1805 5030 γινώ-

221 5074 410 5110 σκεται
446 5053 909 5124 πλημμελήσασα.
941 5054 1033 5106 Δεῖ
1057 5053 1237 5106 τοίνυν
1273 5056 1494 5106 σκοπεῖν
1532 5054 1606 5121 μὴ
1643 5053 1734 5106 καὶ
1768 5053 1799 5122 ἡ

1910 4605 2122 4664 peccet,
2160 4592 2424 4664 ﬂagitium
2457 4596 2564 4649 hoc
2601 4597 2650 4649 ei
2699 4612 2808 4651 non
2852 4598 3197 4666 imputari“:
3235 4600 3487 4669 quando-

1910 4687 2129 4757 quidem
2160 4703 2267 4743 non
2301 4702 2418 4749 sua,
2455 4688 2545 4741 sed
2580 4700 2865 4758 parentum
2897 4691 3055 4759 culpa
3091 4691 3195 4745 hoc
3226 4702 3487 4747 noscatur

1911 4778 2275 4833 commisisse.
2344 4776 2650 4833 Videndum
2718 4780 2885 4849 igitur
2936 4797 3067 4835 num
3138 4782 3279 4836 forte
3341 4781 3485 4837 Petri

1914 4869 2022 4923 ﬁlia
2065 4868 2385 4922 vicesimum
2430 4870 2683 4939 quintum
2724 4886 2927 4924 annum
2972 4875 3292 4927 excesserit.
3328 4873 3486 4927 Tunc

1912 4961 2058 5013 enim
2090 4961 2135 5014 si
2168 4961 2299 5030 quid
2330 4969 2530 5030 praeter
2565 4963 2733 5031 patris
2765 4964 3097 5017 voluntatem
3133 4964 3343 5028 fecerit,
3376 4983 3484 5019 non

1912 5050 2280 5104 damnabitur.
2318 5050 2373 5104 Si
2408 5066 2538 5105 vero
2574 5052 2706 5105 nihil
2743 5054 2848 5106 tale
2888 5055 3134 5123 contigit,
3174 5056 3266 5109 sed
3296 5065 3486 5110 c0nlra

1489 5166 1728 5222 νΑΙιΙᾹΞ
1768 5166 2189 5230 Ῑ.Ε(]ἸΊΟΝΕΞ,

283 5264 405 5296 ⁸⁵³⁷
449 5261 702 5328 Ἀνθίμου
741 5261 833 5313 τοῦ
870 5259 1378 5331 πρωτοσπαθαρξου.
1408 5330 1427 5331 η
1455 5259 1501 5292 ⁸⁸
1534 5260 1619 5312 διὰ
1640 5260 1794 5312 τοῦτο
1828 5260 2022 5329 γράφω
2063 5263 2127 5327 τῇ
2160 5258 2413 5331 εὐλαβείᾳ
2446 5276 2561 5321 σου,
2587 5259 2815 5329 ζητῆσαι
2848 5261 2914 5313 τά
2949 5262 3044 5331 τῆς
3100 5262 3405 5326 ὑποθέσεως
3437 5270 3492 5317 ἐ-

219 5335 487 5403 πιμελῶς,
518 5334 615 5386 καὶ
635 5347 683 5385 ει
711 5332 862 5402 παρὰ
886 5331 1128 5400 γνώμην.

219 5410 422 5461 στείαν.

284 5539 325 5565 ω
356 5526 474 5592 ﬁlio
499 5523 736 5579 Διιιήἰωὶ
768 5522 1184 5591 protospatharii
1225 5522 1517 5590 conjunxit.
1563 5521 1691 5577 [hec
1722 5536 2033 5591 proponens.

218 5600 484 5662 negotium
508 5598 604 5647 hoc
656 5594 937 5661 diligenter
969 5594 1267 5662 perquiras,
1321 5609 1381 5643 ac
1405 5594 1677 5661 siquidem
1720 5604 1909 5657 prrrter
1932 5593 2289 5658 conquerentis
2365 5594 2413 5626 η’
2445 5607 2471 5643 e
2520 5592 2785 5657 republica
2815 5593 3101 5656 expellunt.

280 5655 443 5719 vnihil
556 5655 860 5716 PNam'Iex
886 5655 1118 5732 quidem,
1146 5662 1362 5729 Nuptia:
1394 5655 1493 5715 non
1526 5664 1681 5730 ﬁunt,
1720 5655 1918 5730 inquit,
1957 5655 2076 5713 nisi.
2155 5671 2232 5708 (ιοπ
2270 5662 2479 5726 nuptias
2528 5655 2687 5713 robur
2731 5655 2983 5727 accipere.

228 5741 244 5771 ι
271 5736 350 5789 An
388 5734 536 5787 Petri
566 5750 725 5785 causa
750 5734 873 5787 tatis
891 5735 1047 5798 sit,et
1077 5733 1524 5796 aniquorabalur,
1557 5734 1643 5786 ubi
1672 5734 1874 5802 degeret
1916 5732 2120 5792 absens,
2162 5741 2207 5783 et
2255 5747 2377 5783 num
2413 5743 2673 5797 superstes
2695 5744 2846 5785 esset.

219 5684 275 5719 ea
308 5665 443 5719 nihil

226 5809 399 5859 tudine
428 5806 609 5858 haberi
640 5820 743 5857 non
769 5820 937 5870 posse.

512 5901 781 5958 l'nnOL.
815 5900 928 5956 Gn.
961 5898 1160 5957 CXIX.

1207 5332 1251 5361 "
1286 5330 1582 5395 Βασίλειος,
1627 5331 1671 5362 ⁸³
1695 5337 1710 5350 '
1743 5332 1771 5381 ὁ
1804 5328 1902 5398 μὲν
1933 5331 2039 5397 γὰρ
2070 5332 2229 5399 νόμος
2258 5329 2319 5381 οὐ
2342 5328 2549 5395 γίνεται
2582 5328 2759 5400 (φησι)
2792 5332 2985 5400 γάμος.

3060 5333 3105 5364 δ’
3124 5334 3159 5351 ⁹·
3197 5336 3273 5395 εἰς
3295 5336 3490 5407 ἀχαρι-

2113 5529 2139 5556 ιι
2165 5520 2487 5588 conjugium.
2520 5519 2804 5587 Propterea
2830 5521 3017 5588 pietati
3066 5530 3171 5575 ture
3200 5523 3394 5584 scribo,
3429 5533 3488 5575 ut

3181 5601 3205 5629 °
3231 5592 3492 5667 Βαεῐέαὶδ,

3066 5668 3088 5697 ³
3117 5673 3207 5716 tua
3238 5664 3487 5718 eruditio.

2961 5747 2984 5773 υ
3015 5735 3109 5786 hoc
3134 5751 3228 5803 pro
3269 5735 3492 5803 ingrati-

2941 5898 3015 5955 at
