4166 6448
173 378 273 440 749

1438 374 2143 440 ῦΙὶᾸΞΟΟ-ΚΟΜΑΝΗΜ.

3312 365 3415 433 750

176 488 342 558 ροῦσα
381 486 472 540 τίον
504 485 706 557 γάμον.
763 486 821 542 Ὀ
866 488 965 558 μὲν
1017 488 1126 560 γὰρ
1172 488 1331 553 ἕκτος
1389 488 1596 560 βαθμδς
1650 489 1743 543 καὶ

1850 487 2056 557 gradus
2096 496 2149 539 et
2183 486 2327 540 inter
2357 498 2475 548 eos,
2506 483 2600 553 qui
2634 490 2757 537 sunt
2793 498 2857 537 ex
2894 493 3230 545 transverso,
3258 490 3312 533 rt
3342 486 3424 534 in-

173 580 264 632 ἑπὶ
292 579 402 632 τῶν
436 579 501 631 ὲκ
524 578 758 646 πλαγίου
785 580 880 632 καὶ
906 580 1127 633 ἐπὶτῶν
1156 580 1217 646 ἐξ
1248 581 1563 651 ἀγχιστείας
1589 583 1740 650 πάμ-

172 688 277 723 παν
321 669 581 739 ἀπείργει
635 670 729 721 τὸν
757 670 959 741 γάμον,
1012 673 1233 726 καὶτὸν
1289 673 1563 725 συστάντα
1615 672 1743 735 ἴσως

170 759 377 813 διαλύει
404 771 418 787 ⁸
467 762 495 813 6
523 759 568 813 δ’
605 756 672 813 αὖ
722 760 908 827 ὄγδοος
940 763 1049 815 τῶν
1101 762 1326 833 βαθμῶν
1347 804 1361 826 ,
1395 780 1745 834 συγκεχωρη-

173 852 339 921 μένην
367 851 481 923 ἔχει
511 852 610 922 τὴν
634 852 965 919 συνέλευσιν,
990 855 1101 908 εἴτε
1128 857 1235 909 τῶν
1257 858 1321 909 ὲκ
1354 854 1605 923 πλαγίου,
1634 858 1744 909 είτε

168 944 275 996 τῶν
308 943 369 1007 ἑξ
400 945 717 1012 ἀγχιστείας
769 947 909 998 εἰσὶν
938 947 988 998 οἱ
1029 946 1353 1015 γαμοῦντες.
1397 949 1531 1018 Περὶ
1563 947 1747 1017 μέντοι

167 1038 259 1090 τὸν
287 1038 520 1107 ἕϐδομον
548 1036 757 1108 βαθμὸν
792 1038 854 1091 τὸ
872 1040 979 1090 πᾶν
1009 1037 1354 1106 περιΐσταται
1381 1037 1622 1108 ζήτημα,
1645 1038 1746 1091 ούκ

168 1129 340 1192 ἄλλως
375 1129 408 1199 ἧ
430 1132 496 1199 τῇ
520 1130 871 1199 νομικωτάτῃ
893 1128 1000 1181 τῶν
1022 1130 1344 1198 ἐπιστημῶν
1368 1130 1743 1199 διαλυόμενον,

170 1222 261 1274 καὶ
292 1220 641 1291 ἀνεπιφθόνῳ
673 1222 830 1291 φρενὶ
876 1220 1273 1292 διαιρούμενον.
1310 1220 1453 1275 Ὅσα
1498 1221 1596 1291 μὲν
1636 1220 1745 1291 γὰρ

169 1314 272 1365 τῶν
287 1314 642 1367 συνοικεσίων
664 1314 726 1377 ἑξ
753 1314 1107 1382 οἰκειότητος,
1134 1314 1302 1382 ἧγουν
1321 1313 1379 1380 ἑξ
1406 1314 1742 1386 ἀγχιστείας,

168 1403 421 1474 ἀλληλοις
467 1405 834 1474 συνημμένων
887 1405 995 1458 τῶν
1046 1406 1377 1473 προσώπων,
1416 1405 1493 1473 τῷ
1534 1404 1746 1474 ἑϐδόμῳ

168 1497 596 1567 περικλειόμενα
639 1496 856 1567 βαθμῷ,
890 1497 988 1567 τὴν
1052 1498 1312 1551 σύστασιν
1364 1497 1539 1566 λάϐῃ,
1574 1497 1746 1549 ταῦτα

167 1590 257 1642 καὶ
290 1587 556 1642 ἀδιάλυτα
589 1589 739 1658 μένει
766 1628 782 1650 ,
814 1587 890 1651 ὡς
944 1588 1002 1654 ἑξ
1048 1589 1359 1658 ἀμέμπτων
1408 1587 1745 1655 συναφθέντα

165 1678 267 1729 τῶν
297 1678 517 1746 γάμων.
554 1678 660 1732 Δύο
704 1679 813 1747 γὰρ
845 1678 1123 1747 ἑξάδελφοι
1169 1679 1378 1750 πρῶτοι
1428 1679 1563 1749 πρὸς
1595 1678 1745 1730 θείαν

170 1770 410 1837 μεγάλην
440 1769 535 1822 καὶ
557 1770 809 1839 ἀνεψιὰν,
847 1771 1046 1839 ἑτέρας
1073 1773 1262 1842 σειρᾶς
1292 1772 1386 1825 καὶ
1414 1771 1603 1837 γένους
1633 1769 1741 1838 ὠρ-

1849 588 1931 633 ter
1955 575 2162 643 aﬂines,
2195 577 2421 646 impedit
2453 576 2684 631 omnino
2714 576 2951 645 nuptias,
2978 583 3032 630 et
3058 574 3171 645 jam
3204 584 3425 629 contra-

1846 679 1966 727 ctas
2011 671 2241 725 dirimit.
2293 669 2507 726 Rursus
2560 668 2766 740 gradus
2814 676 3041 723 octavus
3095 666 3422 737 permissam

1849 763 2010 817 habet
2055 762 2542 830 conjunctionem,
2590 762 2705 817 sive
2752 761 2788 815 ii
2835 759 2928 830 qui
2969 768 3192 823 coeunt,
3235 759 3347 815 sint
3393 773 3422 806 a

1849 853 2019 907 latere
2044 852 2283 923 cognati,
2309 852 2422 906 sive
2445 851 2652 907 amnes.
2679 852 2838 907 Circa
2874 850 3167 920 septimum
3194 853 3423 918 gradum

1848 943 2029 997 omnis
2052 943 2308 997 consistit
2330 942 2582 1011 quaestio,
2604 957 2724 1011 quae
2746 957 2853 996 non
2883 943 3065 1004 aliter,
3089 956 3255 1011 quam
3282 941 3425 1010 juris

1849 1035 2026 1089 civilis
2056 1035 2286 1089 scicntia
2311 1035 2640 1090 dissolvitur
2685 1042 2740 1090 et
2770 1035 2985 1090 sincera
3021 1043 3203 1091 mente
3233 1036 3426 1089 termi-

1848 1135 2031 1181 natur.
2056 1125 2190 1179 Nam
2221 1143 2558 1197 quaecunque
2590 1127 3235 1199 conjugiapersonarum
3260 1129 3424 1185 simul

1847 1218 2161 1273 coeuntium
2192 1234 2257 1273 ex
2292 1220 2703 1288 propinquitate
2742 1220 2859 1275 sive
2897 1218 3159 1274 affinitate
3187 1222 3423 1290 septimo

1849 1311 2060 1365 inclusa
2096 1310 2267 1379 gradu
2305 1312 2675 1376 constiterint,
2711 1327 2772 1365 ea
2814 1312 3142 1366 indissoluta
3180 1322 3421 1377 inanem.

1848 1409 1907 1455 ut
1935 1417 2001 1456 ex
2035 1402 2328 1470 inculpatis
2352 1402 2607 1471 copulata
2638 1404 2865 1471 nuptiis.
2897 1403 3014 1457 Duo
3043 1405 3190 1459 enim
3222 1419 3422 1458 conso-

1846 1490 1989 1545 brini
2021 1491 2360 1559 patruelesre
2388 1491 2752 1547 instrumenta
2783 1493 2988 1547 dotalia
3026 1504 3424 1564 componentes

1849 1596 1974 1634 cum
2049 1589 2343 1636 matertera
2387 1581 2623 1637 amitave
2673 1597 2890 1653 magna,
2929 1591 2984 1638 et
3034 1582 3221 1638 fratris
3264 1599 3423 1639 sorov

1846 1675 1992 1729 risve
2022 1674 2153 1740 lilia,
2180 1677 2493 1745 progressis
2522 1691 2585 1730 ex
2613 1676 2716 1729 alia
2744 1679 2885 1732 serie
2915 1686 2969 1731 et
3001 1678 3280 1747 progenie,
3312 1694 3420 1732 non

1849 1761 2130 1830 imponent
2160 1764 2264 1817 sibi
2296 1765 2683 1819 accusationes
2715 1767 3034 1821 criminum.
3059 1768 3195 1822 Nam
3224 1783 3423 1824 consw

169 1859 461 1928 μημένας,
524 1860 593 1913 τά
652 1860 901 1929 γαμήλια
955 1860 1199 1930 θέμενοι,
1241 1860 1591 1931 κατηγοριῶν
1624 1857 1743 1912 κατ’

1849 1853 1992 1907 brini
2042 1862 2297 1923 quartum
2350 1870 2380 1909 a
2434 1870 2492 1911 se
2545 1856 2781 1912 invicem
2831 1859 3062 1929 gradum
3113 1861 3362 1915 obtinent
3403 1879 3417 1917 :

167 1951 341 2002 αὐτῶν
387 1952 489 2004 οὐκ
544 1951 867 2022 ἑπιθήσουσι
920 1954 1157 2022 γραφάς.
1208 1954 1268 2004 Οἱ
1318 1953 1419 2022 μὲν
1453 1954 1562 2022 γὰρ
1608 1952 1743 2022 πρδς

164 2042 427 2113 ἀλλήλους
481 2044 739 2113 τέταρτον
786 2045 1046 2113 ἐπέχουσι
1114 2044 1361 2115 βαθμὸν,
1412 2047 1460 2098 οί
1535 2046 1743 2116 πρῶτοι

166 2134 486 2203 ἑξάδελφοι·
527 2138 561 2205 ή
599 2136 655 2188 δὲ
712 2135 834 2188 θεία
879 2137 981 2206 τῆς
1025 2137 1254 2206 ἀνεψιᾶς
1297 2142 1443 2207 τρισὶ
1490 2137 1744 2208 διῄρηται

167 2222 416 2295 βαθμοῖς.
450 2228 558 2280 Καὶ
590 2226 762 2291 οὕτως
794 2230 823 2280 6
846 2228 1074 2299 ἕϐδομος
1117 2230 1208 2282 ἐπὶ
1238 2230 1449 2291 τούτοις
1492 2229 1737 2297 συναγό-

172 2334 324 2385 μενος
389 2317 599 2387 βαθμὸς
652 2321 751 2390 τὴν
812 2320 1020 2390 μέμψιν
1042 2322 1123 2384 είς
1175 2321 1329 2384 τέλος
1381 2323 1741 2388 ἐκπέφευγεν,

170 2408 373 2477 ίσχναῖς
400 2411 669 2474 ἐπινοίαις
698 2413 793 2464 καὶ
823 2412 1042 2474 λεπτοῖς
1076 2412 1469 2481 διαλογισμοῖς,
1510 2414 1597 2467 διὰ
1647 2413 1745 2483 τὴν

167 2500 382 2571 ἐντολήν
416 2518 431 2531 ·
460 2503 519 2553 ἑν
569 2503 668 2571 μὲν
701 2505 812 2566 τοῖς
850 2504 955 2574 πρὸ
998 2504 1095 2557 τοῦ
1126 2504 1355 2573 ἑϐδόμου
1394 2507 1602 2575 ἑτέροις
1644 2504 1743 2574 βα-

167 2590 337 2661 θμοῖς,
370 2593 620 2655 ἑνοῦντο,
652 2594 745 2647 τοῦ
796 2595 1072 2664 σώφρονος
1118 2598 1219 2665 τὴν
1261 2596 1370 2650 τῶν
1394 2597 1741 2667 διῃρημένων

178 2684 347 2751 γενῶν
383 2684 707 2752 συνάφειαν,
735 2686 827 2737 τὸν
876 2685 935 2738 δέ
985 2703 1046 2755 γε
1086 2688 1179 2739 ἐπὶ
1214 2687 1292 2758 τῷ
1323 2688 1535 2757 ἑϐδόμῳ
1567 2690 1746 2758 γάμον

167 2776 261 2827 οὒκ
294 2778 595 2845 εἴργοντος.
627 2778 747 2830 Τῶν
782 2779 839 2832 δὲ
888 2781 954 2832 ἑκ
1004 2780 1234 2849 πλαγίου
1289 2781 1569 2849 συγγενῶν
1608 2784 1636 2835 6
1666 2782 1745 2850 τῷ

168 2868 371 2938 ἑϐδόμῳ
407 2870 965 2941 καταλαμϐανόμενος
1001 2872 1180 2925 διόλου
1213 2874 1506 2944 ἀπείρηται
1531 2875 1733 2945 γάμος,

170 2960 257 3011 καὶ
302 2960 679 3028 ἀποτρόπαιος
719 2956 861 3015 εἶναι
900 2964 1202 3031 νομίζεται.
1240 2965 1378 3020 Οὐδὲ
1424 2966 1531 3036 γὰρ
1570 2969 1597 3019 6
1632 2967 1747 3020 δισ-

168 3050 455 3120 εξάδελφος
498 3054 565 3120 τῇ
610 3054 703 3105 τοῦ
739 3052 1124 3123 δισεξαδὲλφου
1180 3055 1414 3127 θυγατρὶ
1457 3074 1738 3127 συναρμο-

172 3143 429 3212 σθήσεται
485 3143 728 3209 πώποτε,
774 3147 807 3216 ἧ
854 3146 1014 3216 ήτοῡ
1053 3147 1437 3217 δισεξαδέλφου
1496 3148 1746 3219 θυγάτηρ

170 3234 254 3287 ἐπὶ
293 3235 384 3288 τὸν
418 3235 521 3287 τοῦ
562 3236 770 3308 πατρὸς
817 3239 987 3308 αὐτῆς
1028 3229 1407 3295 ἀναποδίσασα
1447 3241 1742 3306 δισεξάδελ-

171 3343 282 3391 σον,
328 3326 526 3380 τοῦτον
576 3330 719 3398 πρὸς
769 3330 861 3380 τὸν
913 3330 1114 3401 ἑαυτῆς
1176 3332 1355 3400 γάμον
1411 3333 1742 3386 καθελκύσει

171 3418 311 3471 ποτέ.
353 3421 651 3491 Μολυσμὸς
681 3422 792 3490 γὰρ
822 3421 984 3474 τοῦτο
1021 3423 1209 3489 γένους
1241 3425 1336 3477 καὶ
1374 3422 1548 3494 φθορὰ
1574 3463 1590 3488 ,
1650 3425 1745 3477 καὶ

172 3512 489 3577 συγγενείας
530 3512 765 3581 φυρμδς,
821 3513 916 3565 καὶ
958 3512 1105 3581 μίξις
1156 3514 1475 3579 ἀκόλαστος,
1529 3516 1621 3569 καὶ
1675 3519 1741 3586 τῇ

170 3604 355 3671 ιομικῇ
407 3602 695 3655 διαστάσει
747 3605 793 3637 ⁸³
822 3604 1119 3668 ἀντίθετος.
1170 3605 1323 3658 Ἐπεὶ
1365 3607 1476 3659 οὐδ’
1516 3609 1548 3677 ή
1602 3608 1741 3676 αὑτὴ

174 3690 377 3754 πάντως
425 3694 704 3762 οἰκειότης
746 3695 854 3747 τῶν
904 3694 965 3760 ἑξ
1006 3696 1333 3766 ἀγχιστείας
1376 3696 1742 3767 συνημμένων

172 3780 495 3847 προσώπων,
546 3784 640 3835 καὶ
668 3783 777 3836 τῶν
824 3786 889 3838 ὲκ
934 3788 1031 3857 τῆς
1074 3787 1246 3856 αὐτῆς
1277 3786 1602 3855 συγγενείας
1651 3786 1747 3839 καὶ

171 3873 254 3925 τοῦ
286 3875 521 3944 αἵματος
544 3877 1012 3946 ἀπογεννωμένων
1045 3892 1060 3905 °
1101 3879 1196 3933 ἵνα
1244 3881 1339 3933 καὶ
1391 3879 1619 3949 ἕϐδομος
1655 3879 1743 3930 ἐπ’

173 3964 493 4035 ἀμφοτέροις
531 3967 740 4037 βαθμὸς
763 3970 960 4039 ἐπίσης
990 3971 1022 4040 ἢ
1060 3971 1395 4042 συγχωρηθῇ
1434 3972 1466 4041 ἢ
1496 3970 1740 4042 κωλυθῇ.

173 4055 282 4107 Τῶν
320 4058 421 4127 μὲν
472 4056 585 4126 γὰρ
633 4058 700 4111 ἑκ
737 4059 971 4125 πλαγίου
1012 4062 1347 4128 συγγενειῶν
1375 4062 1472 4130 μία
1505 4062 1537 4129 ἡ
1593 4058 1740 4129 ῥίζα,

175 4149 261 4200 καὶ
290 4151 441 4218 πηγὴ
491 4149 595 4218 μία
628 4166 644 4181 θ
704 4150 809 4203 κᾶν
848 4149 1082 4221 διάφορα
1118 4153 1187 4204 τὰ
1220 4152 1599 4221 βλαστήματα,
1650 4153 1745 4205 καὶ

173 4236 236 4289 τά
258 4240 507 4309 ῥεύματα
543 4241 811 4310 μετρητά.
848 4243 1011 4294 Ὅσαι
1042 4242 1098 4295 δὲ
1144 4242 1253 4294 τῶν
1292 4244 1639 4312 οίκειοτήτων
1688 4242 1746 4306 ἐξ

176 4330 474 4399 ὲπιγαμιῶν
501 4332 601 4401 τὴν
635 4331 895 4384 σύστασιν
930 4333 1237 4401 εἰληφυῖαι,
1264 4334 1355 4385 δύο
1383 4334 1546 4397 ξένων
1573 4334 1744 4401 γενῶν

175 4422 456 4489 συνάφειαν
486 4422 864 4492 ὲπισύρονται,
891 4423 1083 4492 ὥσπερ
1114 4425 1676 4494 μετακεντριζόμεναι
1697 4423 1745 4456 ⁵⁵

175 4514 258 4564 καὶ
290 4514 676 4584 συμφυόμεναι
703 4516 759 4581 ἑξ
796 4516 985 4585 ἑτέρου
1006 4515 1199 4583 γένους
1223 4516 1364 4586 πρὸς
1402 4518 1611 4589 ἕτερον,
1651 4517 1744 4570 τὸν

172 4604 334 4671 γάμον
368 4606 560 4674 ἔχουσι
609 4605 1014 4677 κεκωλυμένονο
1055 4609 1116 4660 οὐ
1151 4607 1242 4660 διὰ
1292 4608 1495 4677 θεσμὸν
1544 4624 1745 4675 συγγε.

177 4697 333 4761 νείας,
363 4698 484 4749 ἀλλ’
518 4699 585 4749 ἑκ
607 4697 715 4750 τῶν
739 4699 978 4767 νομικῶν
1001 4699 1407 4767 διαταγμάτων,
1442 4700 1536 4753 καὶ
1560 4700 1744 4768 φωνῆς

176 4783 335 4849 θείας,
385 4789 466 4851 εἰς
519 4787 579 4839 ἓν
613 4787 671 4853 ἑξ
711 4788 885 4857 ἀρχῆς
944 4789 1005 4841 τὸ
1053 4789 1184 4859 θῆλυ
1240 4789 1621 4858 συναπτούσης
1664 4788 1743 4857 τῷ

176 4876 371 4944 ἀῤῥενι.
402 4879 483 4933 Οὐ
514 4878 627 4948 γὰρ
670 4880 794 4933 ἐπεὶ
832 4881 865 4949 ἡ
899 4880 992 4932 τοῦ
1045 4880 1279 4949 ἀδελφοῦ
1316 4899 1416 4951 μου
1448 4882 1604 4952 γυνὴ,
1646 4882 1742 4951 μία

175 4967 281 5021 ἐστὶ
294 4970 366 5038 τῷ
391 4970 552 5039 ἀνδρὶ
572 4970 775 5036 ταύτης
789 4974 882 5024 καὶ
903 4972 1115 5041 ἀδελφῷ
1141 4990 1242 5042 μου
1273 4974 1428 5044 σὰρξ,
1446 4974 1540 5027 καὶ
1561 4975 1742 5044 λεπτῷ

176 5059 240 5129 νῷ
271 5063 361 5113 καὶ
383 5064 621 5131 νοήματι
655 5063 834 5130 κάμοῦ
871 5063 1184 5132 λελόγισται
1221 5064 1425 5134 ἀδελφὴ
1469 5068 1501 5134 ὴ
1529 5064 1739 5135 νύμφη,

174 5152 257 5204 καὶ
286 5154 381 5223 τὴν
406 5152 622 5224 ταύτης
686 5154 815 5222 ὃλην
854 5156 1175 5222 συγγένειαν
1203 5158 1281 5217 είς
1315 5155 1373 5207 ἓν
1406 5155 1739 5222 συναλείφων

175 5242 483 5308 πρόσωπον,
563 5243 799 5311 ἀδελφὰς
849 5247 937 5297 καὶ
988 5245 1305 5311 συγγενίδας
1352 5245 1637 5315 λογίσομαι
1666 5246 1735 5321 5".

183 5330 384 5404 Ὀδηγεῖ
425 5338 540 5404 γάρ
581 5337 608 5388 6
643 5335 828 5404 νόμος,
853 5337 1001 5398 τίνας
1032 5337 1231 5398 ταί-ξας
1263 5336 1367 5388 τῶν
1408 5335 1736 5403 συγγενίδων

1848 1946 2015 1998 amita
2048 1953 2231 2000 autem
2275 1962 2371 2001 seu
2406 1957 2697 2003 matertera
2730 1952 2907 2005 tribus
2942 1951 3206 2006 dividitur
3234 1955 3419 2021 gradi-

1846 2036 1949 2091 bus
1975 2054 2003 2089 a
2038 2036 2225 2092 fratris
2256 2041 2533 2095 sororisve
2573 2041 2703 2095 filia.
2758 2044 2936 2112 Atque
2972 2044 3043 2097 ita
3072 2057 3420 2115 computatus

1847 2130 2113 2198 septimus
2141 2131 2196 2184 in
2228 2130 2314 2187 his
2344 2132 2547 2200 gradus
2578 2141 2739 2188 acuta
2771 2134 3215 2192 consideratione
3244 2138 3420 2193 subti-

1847 2221 1992 2291 lique
2052 2222 2292 2287 ratione,
2357 2224 2840 2293 reprehensionem
2905 2227 3136 2296 effugit,
3197 2239 3420 2301 propter

1849 2320 2180 2380 praeceptum
2219 2328 2235 2367 :
2281 2326 2406 2367 cum
2455 2314 2510 2368 in
2569 2315 2695 2369 aliis
2745 2316 2968 2385 quidem
3018 2321 3276 2388 gradibus
3325 2325 3418 2392 qui

1847 2403 2137 2469 septimum
2174 2406 2508 2472 prmcedunt,
2553 2405 2951 2474 disjuuctorum
2986 2425 3246 2479 generum
3281 2430 3419 2469 con-

1848 2493 2137 2546 nexionem
2167 2504 2495 2564 temperans,
2523 2498 2690 2563 uniat,
2719 2500 2952 2569 septimo
2985 2511 3166 2557 autem
3199 2508 3420 2575 nuptias

1848 2603 1958 2642 non
2000 2589 2280 2658 impediat.
2322 2591 2691 2661 Cognatorum
2733 2604 2913 2651 autem
2948 2612 2981 2651 a
3021 2599 3186 2656 latere
3216 2604 3422 2671 nuptias

1848 2682 2091 2750 septimo
2121 2684 2294 2752 gradu
2326 2686 2755 2754 comprehensae,
2788 2703 3013 2759 prorsus
3044 2695 3221 2747 vetita:
3256 2710 3419 2764 sunt;

1849 2773 2229 2843 fugiendaeque
2271 2785 2595 2831 censentur.
2632 2777 2819 2847 Neque
2852 2781 2996 2834 enim
3039 2784 3295 2839 sobrinus
3329 2803 3421 2842 so—

1849 2866 2006 2920 hrino
2036 2874 2175 2920 natae
2202 2868 2547 2935 copulabitur
2573 2886 2811 2937 unquam
2838 2887 2853 2937 ;
2888 2883 2982 2927 aut
3014 2876 3239 2932 sobrino
3269 2888 3419 2944 nale,

1848 2959 1917 3013 ad
1952 2959 2122 3029 patris
2154 2960 2237 3013 sui
2271 2960 2556 3016 sobrinum
2607 2966 2977 3031 rctroccdcns,
3021 2984 3144 3023 cum
3185 2970 3253 3025 ad
3291 2987 3422 3027 suas

1848 3049 2070 3116 nuptias
2104 3039 2313 3103 allieiet
2338 3044 2606 3120 unquam.
2641 3055 2767 3109 Haec
2797 3056 2941 3109 enim
2977 3070 3059 3112 est
3091 3074 3306 3128 generis
3341 3064 3427 3117 in-

1848 3140 2103 3208 quinatio
2139 3149 2193 3195 et
2222 3143 2555 3212 corruptela,
2586 3152 2642 3199 et
2672 3148 3017 3214 cognationis
3045 3152 3325 3218 probrum,
3358 3170 3423 3209 ac

1852 3228 2034 3283 mistio
2087 3230 2453 3294 incontinens,
2506 3239 2561 3285 et
2592 3240 2621 3280 γ
2683 3234 2840 3304 legali
2893 3240 3142 3307 apposita
3167 3243 3417 3303 dissidio.

1845 3318 2032 3388 Neque
2068 3320 2212 3374 enim
2252 3321 2440 3375 eadem
2473 3323 2698 3377 omnino
2741 3329 3120 3397 propinquitas
3161 3346 3425 3400 persona—

1847 3426 1966 3464 rum
2006 3426 2102 3480 per
2132 3410 2448 3467 aﬂittitaten‘.
2488 3414 2913 3482 conjunctarum
2950 3433 2963 3469 :
2997 3427 3050 3473 et
3080 3436 3268 3476 earum
3301 3440 3423 3495 qua:

1845 3518 1911 3557 ex
1946 3503 2134 3557 cadem
2165 3506 2488 3574 cognatione
2514 3515 2569 3562 et
2602 3508 2873 3577 sanguine
2904 3514 3195 3582 progenita:
3225 3530 3239 3568 :
3275 3525 3332 3570 ut
3368 3520 3419 3572 in

1849 3596 2100 3665 utrisque
2129 3598 2394 3665 septimus
2427 3597 2629 3667 gradus
2681 3602 2983 3669 permissus
3033 3605 3106 3659 sit
3154 3616 3249 3660 aut
3289 3625 3415 3677 pro-

1851 3687 2079 3741 hibitus.
2116 3686 2516 3756 Cognationutn
2567 3691 2711 3744 enim
2764 3706 2793 3744 a
2840 3692 3010 3748 latere
3064 3697 3214 3751 radix
3273 3715 3417 3765 una,

1850 3793 2103 3846 unusque
2152 3778 2297 3843 fons,
2346 3780 2474 3835 licet
2520 3781 2753 3838 diversae
2792 3787 3122 3855 prapagines
3158 3799 3212 3844 et
3257 3795 3418 3846 rivuli

1845 3870 2087 3926 distincti
2136 3871 2460 3926 intervallis.
2501 3872 2632 3938 Quae.
2674 3878 2818 3929 enim
2852 3879 3286 3947 propinquitates
3322 3899 3420 3952 per

1846 3965 2071 4036 nuptias
2113 3966 2449 4029 consritutze.
2496 3967 2727 4024 duowm
2770 3969 3112 4033 diversorum
3156 3989 3416 4045 generum

1847 4060 2291 4127 conjunctionem
2328 4061 2572 4124 trahunt,
2609 4062 2689 4116 ha:
2714 4064 2865 4116 velut
2890 4078 2953 4119 ex
2986 4067 3092 4120 alio
3131 4084 3326 4136 genere
3364 4075 3416 4127 in

1848 4150 1993 4205 aliud
2035 4150 2212 4205 insitae
2246 4161 2299 4205 et
2337 4154 2734 4220 coalescentes,
2767 4157 3101 4224 prohibitum
3133 4167 3420 4219 continent

1845 4242 2202 4306 connubium,
2247 4257 2357 4295 non
2405 4243 2529 4312 jure
2574 4249 2949 4316 cognationis,
3006 4252 3101 4307 sed
3154 4254 3419 4325 legalibus

1845 4334 2061 4396 edictis,
2101 4344 2154 4387 et
2184 4334 2366 4387 divina
2406 4350 2561 4399 voce,
2598 4337 2652 4391 in
2692 4355 2859 4393 unum
2897 4346 3189 4412 c0pulante
3218 4349 3286 4402 ab
3318 4350 3421 4403 ini-

1849 4426 1925 4480 tio
1975 4426 2113 4480 mari
2172 4426 2449 4484 feminam.
2527 4427 2645 4483 Non
2696 4433 2840 4485 enim
2891 4437 3034 4503 quod
3085 4435 3272 4494 fratris
3314 4444 3416 4497 mei

1779 4541 1820 4596 ι)
1854 4535 1990 4573 uxor
2027 4534 2132 4572 una
2174 4533 2304 4573 caro
2349 4526 2433 4573 est
2478 4535 2601 4575 eum
2647 4522 2766 4576 viro
2810 4539 2931 4587 suo,
2982 4525 3150 4583 fratre
3184 4546 3324 4594 meo,
3366 4543 3420 4588 et

1851 4608 2035 4665 subtili
2056 4604 2250 4663 'mente
2289 4622 2354 4662 ac
2393 4611 2834 4669 consideratione
2874 4630 3073 4685 sponsa
3101 4628 3121 4655 ι
3164 4631 3419 4677 censetur

1847 4714 2009 4755 soror
2054 4714 2195 4763 mea,
2248 4700 2411 4754 etiam
2460 4701 2622 4770 hujus
2666 4719 2882 4759 onmem
2934 4711 3312 4779 coguationern
3364 4717 3416 4770 in

1848 4806 2013 4845 unam
2076 4806 2365 4860 personam
2405 4792 2722 4860 obliterans,
2756 4812 2973 4854 sorores
3000 4809 3054 4855 et
3086 4809 3419 4875 consangui-

1844 4896 1977 4935 neas
2008 4884 2293 4950 repntaho.
2322 4880 2573 4937 Ostendit
2605 4886 2749 4938 enim
2790 4886 2897 4948 lex,
2925 4903 3062 4957 quas
3088 4905 3274 4945 carum
3309 4909 3415 4948 non

1845 4969 2041 5024 ducam
2060 4982 2106 5033 ι,
2148 4980 2201 5023 ct
2231 4985 2355 5024 cum
2383 4972 2579 5040 quibus
2607 4975 2724 5029 sine
2754 4978 3178 5045 reprehensione
3204 4997 3415 5041 coeam.

1844 5058 1963 5112 Non
2009 5060 2154 5113 enim
2205 5074 2328 5113 cum
2378 5063 2565 5117 uxoris
2609 5079 2741 5119 mea:
2785 5081 2998 5136 sorore,
3041 5072 3125 5125 vel
3174 5073 3415 5142 ejusdem

1844 5151 2192 5216 consobrina,
2243 5162 2334 5208 aut
2381 5156 2544 5210 amita
2597 5166 2958 5215 materterare
3009 5164 3217 5231 majore
3261 5179 3275 5218 :
3320 5170 3416 5224 sed

1847 5256 1948 5295 nec
1976 5257 2102 5296 cum
2130 5243 2318 5301 fratris
2375 5248 2652 5302 sororisve
2683 5248 2815 5314 ﬁlia,
2836 5251 3048 5309 dotales
3069 5258 3416 5314 conscribam

1848 5331 2084 5387 tabulas.
2128 5331 2398 5399 Quoniam
2444 5340 2579 5393 sexti
2626 5341 2827 5412 gradus
2872 5355 2924 5398 et
2970 5345 3291 5405 inferiorum
3340 5352 3418 5405 la-

1404 5447 1635 5502 VARDE
1692 5443 2090 5501 LECTIONES.

238 5541 280 5571 "
308 5540 572 5624 62.31459.
673 5539 719 5573 ”
757 5535 913 5595 αὗται
943 5541 1134 5611 ὥσπερ
1189 5542 1800 5612 μετεγκεντριςόμεναι.
1878 5541 1924 5572 ³⁵
1960 5540 2271 5609 λογίζομαι.
2326 5540 2545 5612 Ὀδηγεῐ
2574 5545 2681 5617 γάρ
2716 5563 2785 5617 με
2833 5548 2863 5600 6
2906 5549 3249 5620 νόμος,τίνας
3282 5556 3413 5609 ταις.

177 5621 263 5676 της
304 5613 430 5665 τῶν.

248 5711 274 5751 1
302 5704 466 5775 legum
497 5709 867 5762 constitutioni
898 5708 1138 5765 adversa.
1219 5718 1239 5745 ι
1270 5725 1431 5761 nurus
1507 5719 1531 5747 ι
1570 5707 1676 5759 Lex
1709 5707 1845 5760 enim
1874 5719 2032 5757 manu
2062 5718 2139 5757 me
2177 5703 2371 5760 ducens
2405 5710 2652 5775 ostendit,
2688 5727 2819 5780 quas
2844 5712 3001 5780 lmjus
3026 5723 3280 5782 cognatas
3314 5732 3414 5772 twn

184 5773 376 5833 ducam,
