4166 6448
740 355 842 417 751

2039 357 2072 416 Ι
2079 357 2174 416 US
2214 354 2654 416 CANONICUM

3892 348 4000 388 έζῖ

3905 381 4000 410 lii-'-

740 468 896 536 queis
952 465 1196 520 irretitus
1257 479 1397 520 sum.
1454 464 1522 516 At
1584 478 1705 517 cum
1756 461 2012 524 sobrina},
2071 474 2305 532 paternae

2413 463 2511 512 οὐκ
2540 459 2760 528 ἄξομαι,
2813 458 2906 510 καὶ
2963 456 3105 509 τίσιν
3153 453 3461 526 ἀμέμπτως
3492 453 3797 522 προσέλθω.
3857 459 3999 509 Οὗτε

739 563 1065 608 maternawe
1113 554 1276 621 hujus
1324 553 1466 617 tilia;
1521 553 1603 607 vel
1668 566 1788 604 cum
1838 554 2150 619 propatrui,
2189 566 2314 621 pro-

738 644 1012 705 avunruli,
1081 643 1382 710 proamitaa,
1447 652 1852 712 promaterterae
1922 650 2105 710 nepte,
2173 643 2310 694 irre-

740 735 1112 803 prehensibile
1140 743 1376 788 statuam
1412 735 1746 804 eonjngium.
1775 732 1910 786 Nam
1945 734 2036 788 illa
2062 733 2126 786 ad
2157 739 2308 786 octa-

737 842 863 879 vum
921 826 1149 894 gradum
1215 834 1422 880 remota
1470 833 1554 880 est
1607 842 1621 879 :
1677 824 1796 878 haec
1855 832 2036 878 autem
2095 823 2310 877 excedit

738 927 978 982 sextum,
1017 926 1070 972 et
1107 917 1172 971 ad
1209 917 1497 985 septimum
1531 917 1803 971 subsistit.
1837 915 1928 969 Sic
1966 927 2192 984 patruus
2225 915 2306 968 vel

735 1009 1041 1062 avunculus
1067 1015 1120 1060 et
1153 1007 1339 1061 fratris
1374 1009 1648 1061 sororisve
1681 1007 1824 1059 lilius
1851 1006 2082 1059 diversae
2107 1020 2308 1075 cogna-

737 1102 903 1154 tionis
939 1099 1288 1154 consobrinis
1323 1100 1571 1160 immisti,
1623 1099 1796 1165 iustas
1836 1098 2174 1152 constituent
2204 1113 2306 1150 nu-

735 1202 898 1260 ptias.
933 1189 1225 1244 Intervallo
1264 1203 1512 1259 namque'
1535 1190 1773 1259 legitimo
1807 1189 2015 1243 distant
2049 1189 2193 1242 inter
2224 1202 2304 1252 se,

735 1300 802 1336 ne
855 1298 922 1336 ex
967 1284 1053 1337 his
1103 1284 1480 1352 cognationem
1536 1281 1648 1335 ullo
1700 1280 1858 1334 modo
1906 1280 2302 1334 contaminent.

737 1374 905 1427 Nemo
939 1375 1102 1443 igitur
1136 1382 1280 1427 recte
1314 1371 1532 1435 dixerit,
1565 1372 1835 1426 al'linilate
1870 1371 2224 1438 conjunctum
2252 1378 2306 1422 et

734 1470 1179 1533 cognominatum
1243 1463 1471 1518 abusive
1522 1473 1854 1533 cognatum,
1914 1462 2303 1531 proximiorem

735 1567 826 1606 aut
853 1556 1112 1624 a-qnalem
1137 1569 1260 1610 esse
1287 1557 1334 1609 ei
1367 1556 1456 1624 qui
1483 1564 1564 1608 est
1593 1571 1656 1608 ex
1688 1568 1884 1622 genere
1911 1561 1965 1607 et
1998 1554 2262 1622 sanguine
2287 1568 2300 1605 :

737 1657 793 1700 ut
823 1664 940 1700 eam
978 1650 1047 1700 ob
1076 1662 1297 1700 causam
1340 1646 1530 1700 iisdem
1577 1646 1890 1713 nuptiarum
1928 1644 2211 1698 claudatur
2244 1642 2304 1695 ﬁ-

734 1740 920 1801 nibus,
940 1737 1393 1806 quemadmodum
1424 1735 1674 1804 superius
1695 1735 2022 1802 explicatum
2046 1741 2147 1788 est.
2167 1734 2301 1786 Cum

2419 549 2527 618 γάρ
2550 550 2686 619 πρὸς
2725 549 2824 614 τὴν
2857 549 2954 617 τῆς
3011 547 3229 617 νύμφης
3267 564 3367 616 μου
3399 545 3656 614 ἀδελφὴν,
3698 546 3825 600 οὕτε
3859 550 4000 618 πρὸς

2414 644 2513 707 τὴν
2568 641 2790 712 πρώτην
2842 641 3044 708 ταύτης
3100 640 3398 708 ἑξαδέλφην
3445 640 3478 709 ἢ
3536 640 3641 710 τὴν
3695 641 3849 692 θείαν
3897 639 4000 710 τὴν

2416 733 2624 802 μείζω,
2674 738 2766 786 καὶ
2806 734 2986 803 μέντοι
3025 733 3146 785 οὐδὲ
3199 732 3336 802 πρὸς
3363 732 3464 801 τὴν
3511 731 3742 799 ἀνεψιὰν
3781 735 3999 799 γαμικά

2414 824 2714 893 συγγράφω
2746 825 2791 855 ⁸⁸
2820 822 3128 892 συμϐόλαια
3151 838 3163 849 ·
3203 822 3392 891 ἐπειδὴ
3434 823 3557 882 ταῖς
3579 820 3673 873 τοῦ
3699 823 3864 875 ’ἐκτου
3893 824 3997 876 καὶ

2411 917 2518 970 τῶν
2549 918 2639 970 ὑπ’
2673 918 2834 971 αὐτὸν
2869 917 3096 986 βαθμῶν
3124 916 3324 982 ἄρκυσι
3363 915 3802 984 περιείλημμαι.
3854 915 4002 986 Πρὸς

2409 1010 2466 1063 δὲ
2517 1012 2614 1079 τὴν
2647 1009 3030 1078 δισεξαδὲλφην
3069 1010 3294 1079 ταύτης,
3340 1013 3434 1060 καὶ
3463 1008 3562 1079 τὴν
3613 1011 3823 1077 μικράν
3868 1011 3997 1062 ἀνε-

2407 1100 2562 1169 ψιὰν,
2592 1103 2982 1171 ἀνεπιτίμητον
3007 1102 3243 1170 θήσομαι
3269 1102 3331 1152 τὸ
3378 1101 3742 1153 συνοικέσιον.
3790 1101 3857 1152 Ἦ
3890 1102 3993 1167 μὲν

2409 1193 2519 1263 γάρ
2571 1194 2707 1264 προς
2765 1196 2855 1245 τὸν
2905 1194 3092 1260 ὃγδοον
3150 1192 3492 1261 ἀπελήλαται
3550 1192 3800 1259 βα¹’μόν·
3857 1193 3890 1258 ἡ
3941 1192 3998 1242 δὲ

2408 1285 2604 1355 ἀνεψιὰ
2634 1285 2950 1356 ὑπερϐαίνει
2985 1286 3076 1338 τὸν
3111 1284 3292 1348 ἕκτον,
3327 1285 3423 1336 καὶ
3474 1284 3568 1336 ἐπὶ
3625 1284 3718 1335 τὸν
3769 1283 4000 1350 ἕϐδομον

2411 1377 2648 1431 ἵσταται.
2680 1377 2843 1434 Οὕτω
2869 1379 2963 1430 καὶ
2991 1377 3133 1438 θεῖος
3156 1376 3248 1428 καὶ
3278 1375 3494 1444 ἀνεψιὸς
3519 1376 3814 1444 ἀλλοτρυέσι
3840 1376 3996 1444 πρώ-

2406 1485 2528 1531 ταις
2562 1468 2884 1536 ὲξαδὲλφαις
2934 1468 3381 1536 ἐπιμιγνύμενοι,
3420 1466 3644 1534 ἔννομον
3699 1467 3997 1519 συνιστῶστ

2407 1560 2496 1613 τὸν
2527 1561 2727 1630 γάμον.
2759 1560 3014 1628 Χάσματι
3046 1560 3156 1628 γὰρ
3183 1559 3260 1628 τῷ
3286 1557 3494 1628 νομικῷ
3526 1558 3998 1626 ἀποδιεστήκασιν

2406 1650 2672 1722 ἀλλήλων,
2711 1649 2811 1720 τὴν
2851 1650 3172 1718 συγγένειαν
3226 1653 3289 1702 ἐκ
3335 1649 3543 1702 τούτων
3603 1650 3999 1719 καταρρυπαίο

2407 1760 2585 1805 νοντες
2624 1743 2667 1774 ³⁷
2720 1742 3008 1812 μηδαμῶς.
3047 1741 3232 1804 Οὐδεὶς
3262 1741 3355 1793 οὖν
3407 1741 3583 1810 ὀρθῶς
3623 1741 3776 1811 εἴπῃ,
3804 1741 3896 1792 τὸν
3935 1740 3996 1804 ἐξ

734 1830 878 1882 enim
949 1828 1225 1897 legislator
1288 1829 1692 1882 consobrinoru
1721 1847 1747 1877 ιι
1823 1826 1963 1880 lilios
2034 1825 2305 1878 connubio

2416 1834 2736 1904 ἀγχιστείας
2758 1834 3124 1903 συνημμένον,
3155 1836 3250 1886 καὶ
3265 1834 3503 1902 συγγενῆ
3534 1832 3998 1902 καταχρηστικῶς

731 1921 883 1990 jungi
935 1921 1124 1983 vetuit,
1172 1930 1227 1974 et
1277 1920 1626 1973 sobrinorum
1685 1917 1810 1971 ﬁliis
1860 1917 2304 1986 congressionem

734 2011 1004 2080 permisit,
1058 2011 1299 2078 nihilque
1345 2010 1412 2063 de
1459 2011 1523 2063 iis
1560 2009 1650 2077 qui
1700 2017 1829 2063 sunt
1868 2009 1922 2062 in
1974 2009 2153 2062 medio
2196 2015 2306 2062 sta-

733 2105 860 2166 tuit,
891 2119 953 2156 ex
985 2103 1152 2157 vetito
1183 2112 1234 2157 et
1279 2117 1387 2156 non
1433 2103 1602 2155 vetito
1645 2110 1884 2155 mentem
1927 2117 2084 2156 suam
2128 2104 2305 2155 mani-

737 2196 930 2249 festam
976 2195 1123 2258 fecit,
1175 2203 1234 2248 ut
1284 2194 1484 2248 limites
1537 2194 1841 2263 transgredi
1890 2208 1994 2247 non
2035 2201 2304 2262 Oporteat.

734 2287 869 2339 Nam
907 2287 950 2340 si
987 2287 1243 2340 sobrinus
1277 2286 1438 2338 ﬁliam
1479 2284 1684 2340 sobrini
1715 2284 1978 2338 amatorie
2009 2285 2304 2352 aspiciens,

735 2379 964 2447 legalem
1012 2379 1302 2431 terminum
1351 2391 1459 2430 non
1511 2376 1668 2445 plane
1707 2375 2031 2436 observans,
2064 2374 2309 2430 lascivia

735 2473 906 2539 (velut
939 2484 1114 2538 equus
1147 2469 1214 2522 ad
1258 2469 1341 2523 sui
1388 2467 1603 2537 generis
1649 2466 1850 2520 animal
1896 2467 2092 2536 hinnit)
2139 2485 2154 2521 :
2199 2481 2304 2520 non

737 2565 986 2623 maritus,
1011 2561 1108 2615 sed
1142 2570 1420 2629 stuprator
1446 2576 1511 2614 ex
1543 2575 1607 2614 eo
1631 2559 1932 2628 )udicatur.
1960 2558 2177 2614 Sobriui
2207 2575 2306 2613 au-

738 2667 844 2708 tem
891 2655 1102 2724 paterni
1145 2654 1445 2707 maternive
1492 2652 1656 2717 ﬁlius,
1689 2653 1964 2707 exsistens
1997 2663 2150 2707 extra
2191 2669 2310 2724 gra-

735 2751 902 2799 duum
949 2761 1234 2800 numerum
1276 2759 1305 2797 a
1347 2743 1656 2812 legislatore
1694 2742 2067 2807 interdictum,
2104 2744 2150 2798 si
2183 2745 2308 2813 qui-

736 2841 857 2894 dem
889 2839 1235 2893 neti-ocedens
1265 2853 1450 2906 sepem
1481 2836 1812 2908 egrediatur,
1832 2844 1885 2890 et
1918 2837 2106 2890 relicta
2141 2837 2307 2891 trisex

738 2933 986 3000 :Itlelpllia
1031 2933 1170 2984 intra
1213 2930 1517 2998 proliibitas
1560 2929 1767 2982 insiliat
1810 2928 2055 2996 nuptias,
2085 2937 2138 2981 et
2181 2943 2306 2982 cum

739 3026 911 3095 patris
969 3025 1191 3078 sobrina
1251 3021 1522 3091 ﬂagitiose
1573 3030 1981 3090 corrumpatur,
2045 3020 2308 3076 insidiose

738 3119 895 3182 plane
926 3124 979 3168 et
1009 3114 1233 3167 latronis
1269 3127 1419 3167 more
1442 3112 1488 3178 δ,
1518 3127 1618 3166 nec
1657 3112 1898 3182 legitime
1928 3127 2046 3165 eam
2079 3126 2302 3166 uxorem

2414 1927 2894 1996 ἐπωνομασμένον,
2945 1926 3275 1994 οἰκειότερον
3309 1925 3340 1994 ἦ
3382 1925 3495 1977 ῐσον
3536 1921 3674 1976 εἶναι
3696 1924 3772 1989 τῷ
3801 1925 3866 1974 ὲκ
3899 1921 3995 1974 τοῦ

2414 2019 2604 2085 γένους
2637 2018 2732 2070 καὶ
2763 2018 2994 2087 αἵματος
3020 2034 3035 2049 ο
3071 2018 3157 2068 ἵνα
3196 2016 3284 2068 διὰ
3321 2015 3594 2069 τοῦτοκαὶ
3644 2019 3758 2077 τοῖς
3809 2016 3994 2076 αὐτοῖς

2414 2109 2522 2162 τῶν
2544 2109 2740 2178 γάμων
2783 2110 3043 2179 στοιχήσῃ
3079 2109 3191 2169 τοῖς
3213 2109 3381 2176 ὅροις,
3406 2107 3594 2177 ῶσπερ
3625 2109 3721 2159 καὶ
3753 2106 3994 2175 προδιεέ-

2413 2202 2636 2268 ληπται.
2673 2198 2732 2253 Ὀ
2761 2201 2868 2270 γὰρ
2899 2201 3194 2268 νομοθέτης
3224 2203 3351 2258 τοὺς
3374 2198 3480 2250 τῶν
3509 2198 3820 2265 ὲξαδέλςρων
3866 2201 3994 2250 παῖ-

2415 2294 2509 2354 δας
2555 2292 2690 2360 πρὸς
2720 2292 2920 2359 ,γάμου
2958 2291 3242 2342 κοινωνίαν
3275 2289 3545 2351 κωλύσας,
3584 2292 3696 2348 τοῖς
3735 2289 3792 2340 δὲ
3837 2305 3997 2357 τρισ-

2415 2383 2721 2451 εξαδέλφοις
2744 2383 2841 2451 τὴν
2872 2381 3185 2434 συνέλευσιν
3215 2379 3536 2449 ἐπιτρέψας,
3573 2379 3664 2432 καὶ
3686 2381 3760 2448 μή
3792 2398 3843 2430 τι
3867 2378 3998 2447 περὶ

2413 2476 2521 2528 τῶν
2553 2478 2611 2527 tv
2641 2476 2790 2544 μέσῳ
2827 2473 3240 2542 διαταξάμενος,
3265 2473 3328 2524 ὲκ
3355 2471 3450 2524 τοῦ
3478 2471 3863 2538 κεκωλυμένου
3898 2473 3995 2522 καὶ

2414 2568 2695 2620 ἀκωλύτου
2727 2570 2870 2636 σαφῆ
2891 2568 2980 2618 τὸν
3020 2566 3215 2618 ἑαυτοῦ
3243 2565 3545 2630 κατέστησε
3577 2565 3622 2597 ⁸⁸
3656 2565 3888 2626 σκοπὸν,
3921 2566 3996 2626 ὠς

2413 2659 2473 2710 οὐ
2517 2658 2596 2710 δεῖ
2625 2659 3018 2728 παρεκϐαίνειν
3043 2657 3104 2710 τὸ
3136 2656 3432 2726 ὀροθέσιον.
3476 2657 3538 2709 ὐ
3581 2657 3679 2724 μὲν
3731 2657 3842 2722 γάρ
3880 2657 3998 2709 δισο

2414 2749 2703 2819 εξάδελφος
2719 2750 2764 2782 ⁸⁸
2803 2751 2938 2821 πρὸς
2959 2749 3057 2819 τὴν
3082 2749 3176 2802 τοῦ
3206 2747 3588 2816 δισεξαδέλφου
3617 2745 3788 2798 αὐτοῦ
3817 2747 3989 2812 θυγαο

2413 2843 2549 2912 τέρα
2591 2843 2868 2912 ἐρωτικῶς
2901 2842 3110 2896 ἀπιδὼν
3130 2883 3145 2907 ,
3177 2841 3566 2910 ὲπιγαυριάσει
3588 2881 3603 2903 ,
3634 2841 3729 2892 τὸν
3766 2840 3997 2908 νομικὸν

2413 2936 2536 3004 ὅρον
2569 2935 2643 3004 μὴ
2682 2933 3214 3005 παραφυλαξάμενος
3248 2932 3509 3001 καθαρῶς
3535 2972 3550 2993 ,
3582 2932 3658 2993 ὡς
3691 2932 3861 2993 ῖπττος
3899 2931 3996 2982 ἐπὶ

2413 3028 2474 3081 τὸ
2508 3029 2765 3094 συγγενὲς
2797 3028 3165 3097 ἐχρεμέτισεν,
3198 3027 3258 3077 οὐ
3291 3026 3538 3094 γαμὲτης
3587 3023 3724 3076 ἀλλά
3755 3025 3996 3093 φθορεὺς

2415 3119 2664 3171 ἐντεῦθεν
2715 3121 3055 3188 κρινόμενος.
3098 3119 3157 3169 '0
3183 3117 3240 3169 δέ
3281 3133 3344 3182 γε
3389 3117 3838 3183 τρισεξὰδελφος,
3882 3117 3998 3168 τῶν

735 3178 921 3261 ducet.
954 3206 1015 3259 Et
1053 3206 1171 3259 ideo
1215 3203 1578 3274 ignominiose
1611 3203 1677 3256 ab
1707 3178 1809 3256 hac
1844 3202 2213 3271 separabitur,
2255 3210 2305 3255 et

2418 3178 2946 3278 καταριθμουμένων
2989 3178 3046 3258 ἐν
3088 3178 3325 3258 κωλύσει
3465 3178 3732 3277 νομοθέτη
3763 3205 3998 3274 βαθμῶν

735 3299 825 3368 qui
868 3298 1056 3350 osenla
1102 3296 1230 3349 huic
1268 3295 1535 3359 exhibuit,
1567 3293 1758 3348 velutc
1806 3294 2052 3361 quautam
2093 3291 2304 3346 delecta

734 3389 1060 3458 :‘ponsalitia
1088 3403 1313 3442 munera
1345 3387 1742 3456 prohibitarum
1780 3387 2092 3454 nuptiarum
2120 3385 2166 3438 ei
2196 3385 2302 3437 lar-

734 3483 931 3550 gietur.
974 3478 1235 3544 Quianam
1271 3493 1396 3532 vero
1439 3480 1550 3532 haec
1584 3475 2101 3545 sunt?Perpetuum
2135 3474 2302 3529 dede-

735 3586 856 3632 eus.
889 3580 940 3624 et
973 3569 1232 3623 illaudata
1271 3566 1433 3621 fama.
1477 3567 1662 3636 Itaque
1693 3573 1917 3636 propter
1953 3565 2051 3620 has
2087 3564 2300 3628 sordes,

737 3673 791 3716 et
826 3663 1260 3731 inquinationem
1293 3659 1785 3728 conlusionemque
1819 3659 2031 3728 generis
2064 3666 2118 3711 et
2152 3671 2304 3711 com-

738 3757 1050 3809 inislionem
1081 3752 1350 3822 eognatici
1382 3751 1687 3821 sanguinis,
1721 3749 1990 3817 piissime,
2023 3748 2077 3801 in
2115 3748 2184 3801 iis
2214 3747 2308 3816 qui

735 3846 952 3915 septimi
984 3853 1109 3899 sunt
1139 3843 1339 3912 gradus
1365 3857 1430 3896 ex
1463 3852 1778 3896 transverso
1801 3840 2006 3908 nuptiae
2035 3853 2144 3891 non
2172 3852 2309 3891 con-

738 3947 1119 4002 numerantur,
1157 3951 1333 4005 neque
1365 3950 1393 3988 a
1428 3935 1565 3990 bene
1600 3933 1964 3989 sentientibus
1998 3945 2309 4001 agnoscun-

739 4039 846 4092 tur,
879 4044 908 4082 e
941 4041 1170 4082 numero
1209 4026 1578 4095 legitimorum
1619 4023 2003 4094 conjugiorutn
2052 4022 2307 4092 religiose

736 4138 798 4176 ex
811 4122 996 4190 plusm.

2415 3301 2699 3369 τυγχάνων
2739 3299 2881 3363 ἔξω,
2936 3300 3092 3367 εῐπερ
3143 3297 3482 3358 ἀναποδίσας
3513 3297 3836 3366 ὑπεραναδῇ
3900 3299 3996 3349 τὸν

2412 3392 2686 3460 φραγμὸν,
2718 3391 2812 3443 καὶ
2841 3391 2938 3459 τὴν
2979 3389 3420 3458 τρισεξαδελφίαν
3467 3390 3656 3456 ἀφεὶς,
3711 3391 3844 3440 εἰσιν)
3883 3391 3996 3440 τ-ῖτν

2410 3483 2804 3550 κεκωλυμένων
2837 3482 3157 3552 είσπηδήσει
3178 3481 3394 3549 γάμων,
3428 3482 3520 3532 καὶ
3551 3485 3618 3551 τῇ
3662 3482 3759 3533 τοῦ
3783 3484 3995 3552 πατρὶ-ς

2406 3573 2758 3645 δισεξαδέλφῃ
2827 3573 3242 3642 παρεισφθαρῇ,
3329 3573 3632 3635 ἐπιδούλως
3711 3573 3822 3641 ἄρα
3894 3574 3993 3624 καὶ

2415 3665 2721 3736 λῃστρικῶς
2747 3667 2792 3698 ⁸ο
2831 3666 2924 3718 καὶ
2961 3667 3021 3718 οὐ
3051 3665 3295 3734 νομίμως
3333 3665 3540 3733 ταύτην
3573 3667 3842 3733 γαμήσει.
3880 3665 3998 3715 Καὶ

2411 3757 2500 3810 διά
2528 3757 2698 3810 ταῦτα
2728 3757 2939 3826 ἀτίμως
2961 3757 3166 3825 ταύτης
3193 3755 3618 3826 διαιρεθήσεται,
3641 3756 3734 3806 καὶ
3767 3755 3838 3806 τὰ
3857 3756 3996 3819 πρὸς

2411 3849 2617 3916 ταύτην
2646 3849 2887 3917 αισχρῶς
2921 3849 2964 3879 ⁸⁸
3011 3847 3307 3915 συντρίψας
3352 3846 3570 3913 φίλτρα,
3621 3846 3760 3914 μόνα
3811 3845 3998 3915 ταύτῃ

2411 3937 2519 3990 τῶν
2564 3937 3027 4006 ἀπηγορευμένων
3061 3937 3284 4004 γάμων,
3314 3934 3502 4004 ὥσπερ
3532 3935 3656 3986 τινά
3700 3933 3833 3987 ξδνα
3885 3951 3994 4002 χαο

2419 4029 2470 4098 ρί
2479 4045 2627 4080 σεται
2643 4029 2710 4080 τά
2729 4027 2999 4098 ἐξαίρετα.
3023 4028 3154 4079 Τίνα
3171 4028 3234 4096 δὴ
3255 4026 3426 4078 ταῦτα
3447 4042 3462 4089 ;
3493 4024 3733 4086 Ὀνειδος
3749 4023 3998 4087 αἰώνιον,

2422 4121 2512 4170 καὶ
2550 4125 2736 4188 φήμην
2762 4122 2860 4172 οὐκ
2893 4118 3158 4186 εὔφημον.
3189 4118 3288 4169 Διά
3325 4115 3500 4168 ταῦτα
3534 4114 3665 4180 γοῦν
3705 4116 3774 4165 τά
3822 4116 4003 4182 ῥυπᾶ-

737 4232 935 4281 σματα,
971 4215 1064 4267 καὶ
1092 4214 1179 4268 τὸν
1206 4211 1418 4283 φυρμὸν
1451 4213 1544 4264 καὶ
1566 4211 1664 4280 τὴν
1688 4209 1948 4278 σύγχυσιν
1965 4207 2060 4261 τοῦ
2085 4208 2296 4275 γένους,
2343 4215 2436 4263 καὶ
2484 4215 2580 4279 τὴν
2631 4213 2910 4278 ἐπιμιξίαν
2949 4210 3042 4260 τοῦ
3078 4207 3400 4276 συγγενικοῦ
3468 4205 3739 4276 αἰματος,
3813 4207 4002 4271 θεοφι-

737 4309 988 4370 λέστατε,
1023 4307 1117 4359 ὲπὶ
1149 4307 1254 4359 τῶν
1290 4309 1352 4358 ὲκ
1380 4305 1611 4372 πλαγίου
1642 4305 1669 4354 ὁ
1702 4304 1794 4355 τοῦ
1828 4303 2053 4369 ἑϐδόμου
2093 4301 2308 4370 βαθμοῦ
2354 4305 2417 4358 οὑ
2444 4304 2962 4373 συγκατηρίομηται
2994 4306 3192 4372 γάμος,
3239 4301 3362 4353 οὐδὲ
3435 4301 3547 4362 τοῖς
3588 4298 3647 4350 εὖ
3733 4298 4002 4370 φρονοῦσι

737 4400 1085 4469 γνωρίζεται,
1118 4398 1226 4449 τῶν
1274 4398 1512 4466 ἐννόμων
1567 4393 2105 4463 ὲκςρυλοιρορούμενος
2154 4395 2520 4448 εὐσεϐέστατα
2577 4396 2941 4448 συνοικεσίων.

813 4494 903 4546 Sic
936 4492 1454 4562 juriseonsultorum
1501 4491 1892 4557 prteeeptiones
1935 4489 2123 4556 volunt
2173 4505 2186 4540 :

737 4586 1104 4654 antiquissimi
1158 4583 1464 4652 sapientum
1509 4580 1753 4649 judienm
1801 4583 1866 4632 ah
1901 4581 2058 4632 initio
2093 4579 2157 4630 ad
2206 4579 2308 4632 hoc

741 4693 911 4747 usque
955 4688 1166 4745 tempus
1189 4677 1254 4728 de
1283 4675 1368 4729 his
1422 4675 1863 4742 pronuntiarunt,
1897 4681 1949 4724 et
1995 4671 2307 4739 liujusmcdi

740 4771 943 4839 nuptiis
981 4771 1271 4821 terminum
1302 4774 1618 4834 posuerunt.
1656 4765 1807 4816 Talia
1839 4764 2002 4817 etiam
2028 4765 2301 4816 clarorqu

741 4875 1170 4928 magnorumque
1201 4859 1439 4909 virorum
1475 4858 1770 4910 Constituta
1822 4862 1952 4907 sunt
2000 4864 2054 4907 et
2095 4854 2304 4906 consti-

741 4958 958 5003 tuentur
1014 4949 1287 5016 conjugia,
1339 4957 1390 4999 et
1446 4948 1622 4998 adhuc
1678 4946 2106 5006 constituuntur,
2173 4945 2306 4996 ὑπε-

742 5041 1158 5111 prehensibilem
1197 5041 1449 5092 habentia
1486 5040 1814 5099 inistionem,
1875 5045 1930 5090 et
1965 5035 2306 5104 cognationis

741 5136 1179 5187 eruorethorum
1237 5134 1642 5183 iinmai-ulatuin
1699 5131 1846 5182 nullo
1918 5129 2079 5181 modo
2126 5128 2308 5194 inqui-

744 5232 947 5280 nantia.
981 5226 1118 5279 Cum
1144 5235 1320 5278 autem
1369 5226 1555 5276 lwatus
1597 5226 1738 5275 inter
1768 5222 2107 5290 patriarchas
2135 5217 2308 5270 domi-

741 5332 845 5372 ttus
884 5317 1158 5370 Sisinnius
1182 5313 1447 5367 inveniret
1483 5313 1562 5379 (ut
1595 5312 1831 5377 videtur)
1871 5325 1969 5363 sua
2001 5317 2179 5371 atate,
2214 5311 2305 5375 qui

2232 4490 2310 4542 sic
2346 4494 2387 4547 D
2489 4488 2643 4540 Οὕτω
2667 4491 2775 4549 τοῖς
2798 4488 3038 4553 νομικοῖς
3059 4486 3126 4542 τά
3146 4485 3492 4552 διατάγματα
3513 4481 3817 4550 βούλονταιο
3850 4483 4002 4534 οὓτω

2419 4582 2512 4631 καὶ
2532 4583 2578 4630 οἱ
2612 4579 2929 4632 παλαίτατοι
2957 4577 3063 4630 τῶν
3090 4578 3416 4644 σοφωτάτων
3437 4573 3708 4626 δικαστῶν
3729 4573 3790 4635 ἐξ
3819 4575 4001 4642 ἀρχῆς

2417 4671 2508 4720 καὶ
2542 4670 2666 4736 ἄχρι
2693 4669 2798 4720 τῶν
2827 4667 2920 4719 νῦν
2947 4666 3154 4736 καιρῶν
3183 4666 3310 4733 περὶ
3338 4665 3542 4715 τούτων
3564 4661 3996 4725 διετυπώσαντο,

2416 4762 2511 4812 καὶ
2542 4760 2782 4812 τοιοῦτον
2812 4761 2922 4820 τοῖς
2957 4757 3156 4825 γάμοις
3196 4755 3506 4812 τεθείκασιν
3535 4753 3702 4822 δριον.
3740 4755 3848 4806 Καὶ
3883 4771 4002 4805 τοι-

2415 4852 2553 4904 αῦτα
2597 4849 2911 4919 περιφανῶν
2957 4851 3050 4900 καὶ
3092 4847 3344 4916 μεγάλων
3377 4845 3588 4916 ἀνδρῶν
3625 4846 3860 4913 συνέστη
3897 4849 3999 4897 καὶ

2417 4942 2774 5009 συστήσονται
2808 4939 3135 5000 συνοικέσια,
3167 4939 3262 4990 καὶ
3291 4937 3370 4988 ἑτι
3415 4936 3761 4986 συνίστανται
3781 4973 3798 4998 ,
3842 4935 4000 5000 ἀμώ-

2420 5048 2586 5100 μητον
2621 5032 2718 5098 τὴν
2758 5031 2902 5098 μίξιν
2933 5029 3164 5080 λαϐόντα
3185 5068 3200 5089 ,
3235 5028 3326 5078 καὶ
3356 5026 3434 5096 τῷ
3465 5025 3773 5092 συγγενικῴ
3807 5024 4001 5092 λύθρῳ

2415 5126 2512 5192 τὴν
2565 5123 2826 5190 ἀμίαντον
2883 5122 3069 5188 κοίτην
3127 5119 3372 5190 μηδόλως
3432 5119 3750 5186 μολύνοντα.
3821 5118 3884 5168 '0
3938 5118 3994 5167 δὲ

2419 5217 2754 5286 μακαριστὸς
2784 5219 2840 5267 ἐν
2868 5216 3230 5284 πατριάρχαις
3262 5212 3446 5280 κύριος
3478 5211 3759 5271 Σισίννιος,
3787 5208 3996 5276 εὑρὼν,

2419 5310 2493 5369 ὡς
2525 5308 2721 5370 ἔοικεν,
2759 5308 2814 5357 ὲν
2844 5308 2952 5368 τοῖς
2985 5304 3103 5356 κατ’
3133 5301 3538 5370 αὑτὸνχρόνοις
3566 5299 3792 5367 ἁναίδην
3819 5298 3869 5327 ⁸⁸
3903 5300 3996 5349 ἐπὶ

2019 5468 2248 5522 VARUS
2291 5468 2691 5522 ωεοτιολιςδ.

813 5595 866 5665 τ’,
901 5591 1159 5665 amici/ws
1216 5591 1257 5665 f’
1292 5592 1382 5665 ὲκ⁸
1412 5603 1600 5665 τούτου
1628 5584 1869 5665 μ’ςιδὸλως
1896 5588 2208 5656 καταρῤυπ.
2286 5586 2331 5618 ⁸⁸
2368 5587 2764 5654 κατεστήσατο.
2842 5586 2886 5617 ⁸³
2916 5585 2961 5636 ει
2991 5584 3088 5654 μὲν
3116 5583 3223 5653 γάρ
3254 5583 3282 5636 ὁ
3316 5578 3714 5646 δισεξάδελςος.
3797 5577 3845 5608 ⁸⁸
3897 5577 3992 5629 καὶ

745 5664 1046 5732 egi/:95);
1125 5660 1412 5728 ⁶¹αίσχρά,
1493 5660 1533 5687 δ’
1569 5659 1780 5725 ἀνέδην.

818 5787 830 5822 1
877 5795 920 5830 «ιε
958 5777 1262 5842 periculose.

1345 5787 1364 5814 ε
1406 5785 1452 5829 et
1487 5784 1686 5842 turpem
1714 5789 1836 5842 erga
1869 5771 2016 5824 fliam
2050 5784 2280 5822 amorem
2326 5767 2563 5834 abbleus,
2602 5766 2761 5819 velut.
