4166 6448
183 389 288 458 757

1457 387 2166 448 ῦΒτΕΩΟ-ΗΟΜΑΝΠΜ.

3338 393 3444 453 753

184 517 270 554 τον
299 501 721 570 παρεισάγεται,
753 501 1121 557 συναπτεσθαί
1149 519 1206 555 τε
1233 501 1372 555 κατὰ
1401 502 1491 553 τὸν
1518 503 1749 572 νόμιμον

1862 497 2087 565 quodam
2124 498 2284 551 modo
2329 497 2577 552 incestus
2625 494 2952 558 admittitur,
3009 500 3252 568 copulari
3295 501 3443 570 jule

181 592 360 660 γάμον
404 591 500 644 καὶ
533 593 722 662 νόμοις
763 594 1142 662 ἐγνωσμένον,
1189 593 1221 664 ἦ
1262 594 1424 654 θείοις
1463 595 1650 646 κανόσι
1694 595 1754 648 τδ

177 682 602 753 συναὶλαγμαῆ
634 685 732 755 τὴν
756 686 1068 756 συνοίκησιν
1094 686 1393 755 κεκλῆσθαί
1418 703 1476 738 τε
1502 686 1595 739 καὶ
1619 689 1755 751 ὅλως

173 774 582 829 καθίστασθαι·
638 778 739 845 τῆς
795 778 1032 848 νομίμου
1089 780 1381 849 μνηστείας
1434 779 1529 832 τοῦ
1575 781 1757 848 γάμου

178 867 335 930 τάξιν
365 884 422 918 τε
447 868 542 921 καὶ
571 870 908 922 κατάστασιν
935 869 1184 940 ἐχούσης.
1218 872 1316 924 Διά
1342 872 1498 924 τοῦτο
1526 870 1634 942 γὰρ
1664 873 1758 924 καὶ

173 961 504 1029 προστίμων
553 962 682 1015 ἄνευ
723 961 945 1016 λύεσθαι
982 963 1188 1032 ταύτην
1231 964 1331 1016 οὐκ
1368 963 1609 1030 ἔξεστιν,
1643 963 1760 1018 ἀλλ’

171 1053 271 1102 ἐπὶ
309 1054 411 1121 μὲν
439 1053 551 1106 τῶν
584 1045 869 1124 ἀθεμίτων
895 1055 1119 1124 νομικὸς
1141 1055 1434 1126 διορίζεται
1461 1057 1661 1122 κανὼν,
1683 1056 1758 1120 ὡς

175 1140 314 1194 ἔνθα
367 1141 430 1194 τδ
479 1136 836 1213 ἆυνάλ).αγμα
882 1146 1067 1214 νόμοις
1123 1147 1519 1216 ἀπρόσδεκτον,
1569 1146 1758 1217 ποινὴν

170 1231 532 1284 ἀπαιτεῖσθαι
587 1234 688 1286 οὐκ
723 1234 954 1298 ἔξεστιν.
1017 1235 1138 1288 Ἐπὶ
1184 1235 1239 1288 δέ
1277 1235 1386 1289 τῶν
1429 1237 1759 1308 ἐρρωμένων

171 1328 271 1376 καὶ
307 1325 579 1393 νομίμων,
613 1325 802 1395 ὥσπερ
834 1327 891 1378 ἐν
921 1329 1031 1388 τοῖς
1060 1328 1279 1395 γάμοις,
1313 1328 1366 1378 αί
1400 1329 1580 1379 ποινα¹ι
1610 1327 1760 1379 ἀντι-

171 1413 447 1466 δίδονται·
477 1415 526 1466 εἰ
559 1413 660 1483 μὲν
692 1413 751 1480 ἐξ
791 1414 970 1476 αἰτίας
1009 1413 1252 1483 δηλονότι
1285 1415 1385 1483 τῆς
1418 1413 1672 1480 γυναικὸς
1700 1412 1760 1465 τὸ

170 1505 459 1575 διαζὺγιον
486 1507 767 1578 πέμπεται
789 1549 804 1572 ,
835 1509 929 1563 τοῦ
961 1508 1152 1579 ἀνδρὸς
1181 1507 1574 1578 κερδαίνοντος.
1614 1506 1676 1558 Ei
1705 1506 1760 1560 δέ

172 1599 311 1668 παρ’
340 1599 521 1651 αἰτίαν
549 1599 645 1652 10-3
678 1599 892 1669 ἀνδρὸς,
920 1599 1020 1668 τῆς
1055 1598 1314 1667 γυναικὸς
1340 1598 1760 1667 ἁποφερομένης

170 1689 234 1740 τὸ
259 1690 476 1758 κέρδος.
504 1688 662 1743 Οὕτω
694 1693 789 1743 καὶ
815 1692 873 1744 ἐν
902 1693 1022 1753 ταῖς
1056 1690 1392 1761 μνηστείαις,
1425 1689 1523 1757 τῆς
1553 1689 1762 1751 λύσεως

177 1781 320 1849 μετὰ
357 1783 664 1850 προστίμου
701 1783 1122 1850 συνισταμένης,
1161 1781 1424 1851 πρόδηλον
1453 1779 1528 1843 ὡς
1561 1782 1589 1833 ὁ
1620 1798 1759 1850 μνη-

1862 588 2184 656 legibusque
2215 588 2572 656 comprobato
2623 587 2996 646 matrimonio.
3040 606 3105 644 ne
3134 607 3198 646 ve
3224 607 3320 662 per
3349 610 3442 647 sa-

1862 698 1986 736 eros
2009 697 2254 737 canones
2281 692 2596 736 contractus
2634 681 2724 735 hic
2750 681 2830 735 vel
2879 682 3196 752 coniugium
3231 702 3441 740 numn-

1863 783 2044 844 petur,
2085 783 2179 828 aut
2233 774 2345 828 ullo
2403 773 2566 826 modo
2626 773 2889 828 subsistat
2947 792 2962 828 :
3016 787 3141 828 cum
3205 777 3440 845 legitima

1865 867 2142 934 sponsalia
2181 864 2514 920 matrimonii
2565 864 2742 918 locum
2774 872 2828 919 et
2882 867 3253 922 conditionem
3293 871 3438 922 obti-

1869 966 2054 1010 neant.
2116 956 2249 1009 Nam
2312 964 2595 1026 propterea
2659 972 2762 1011 nec
2829 957 3034 1028 absque
3091 960 3270 1028 poenis
3331 960 3443 1014 haec

1863 1047 2164 1101 dissolvere
2224 1046 2377 1121 licet,
2428 1062 2550 1100 cum
2593 1047 2660 1101 de
2720 1046 2946 1102 incestis
2997 1049 3183 1116 regula
3245 1048 3388 1118 juris
3418 1049 3440 1084 ¹ι

1861 1138 2102 1201 definiat,
2130 1138 2219 1192 ubi
2259 1146 2574 1193 contractus
2606 1138 2819 1208 legibus
2843 1138 3170 1193 interdictus
3201 1141 3294 1202 sit,
3334 1155 3441 1192 non

1862 1230 2027 1284 licere
2057 1244 2272 1299 poenam
2309 1229 2547 1297 exigere.
2581 1226 2639 1280 ln
2674 1230 2738 1282 iis
2767 1239 2970 1293 autem,
2995 1245 3115 1298 qua:
3141 1229 3266 1297 jure
3310 1229 3444 1298 legi-

1863 1321 2074 1392 busque
2133 1322 2334 1386 valent,
2367 1319 2823 1390 quemadmodum
2883 1321 2937 1374 in
2986 1322 3215 1390 nuptiis,
3269 1336 3445 1390 poma:

1863 1413 2258 1484 persolvuntur
2315 1431 2326 1466 :
2390 1421 2448 1466 ut
2531 1412 2742 1467 lucrum
2811 1413 2894 1465 vir
2947 1421 3338 1482 consequatur,
3398 1413 3441 1467 si

1863 1503 2081 1573 quidem
2136 1519 2229 1572 per
2271 1520 2492 1560 causam
2545 1503 2790 1558 mulieris
2849 1503 3134 1572 repudium
3172 1504 3441 1567 mittatur,

1865 1595 1947 1650 sin
2010 1596 2168 1664 culpa
2219 1598 2344 1660 viri,
2392 1597 2602 1650 lucrum
2659 1595 2856 1651 mulier
2887 1595 3118 1651 attferat.
3155 1595 3246 1652 Sic
3279 1605 3333 1652 et
3388 1599 3442 1652 in

1864 1689 2232 1757 sponsalibus,
2268 1689 2539 1757 siquidem
2592 1703 2714 1742 cum
2748 1704 2908 1759 poena
2959 1690 3223 1744 consistat
3251 1704 3441 1744 eorum

1865 1780 2175 1844 dissolutio,
2209 1779 2720 1836 manilestissimum
2750 1789 2855 1843 est,
2905 1794 3053 1841 cum,
3089 1780 3182 1849 qui
3213 1794 3444 1849 sponsa-

175 1873 365 1925 στείαν
389 1873 802 1944 συστησάμενος
835 1875 931 1926 καὶ
956 1874 1097 1928 κατὰ
1123 1874 1320 1943 νόμους
1344 1871 1757 1942 διαλυσάμενος,

1867 1872 1937 1926 lia
1972 1873 2266 1939 contraxit,
2326 1881 2378 1927 et
2439 1872 2739 1928 secundum
2796 1872 2941 1944 leges
2997 1872 3273 1936 dissolvit,
3337 1873 3442 1926 alia

174 1959 297 2018 εἶτα
333 1965 526 2034 ἑτέραν
559 1967 921 2035 ἀγαγόμενος,
952 1967 1179 2036 δίγαμὸς
1216 1967 1278 2020 τέ
1315 1967 1453 2028 ἐστι,
1491 1966 1583 2019 καὶ
1618 1964 1762 2018 οὕτω

174 2052 270 2104 νῦν
312 2055 408 2105 καὶ
443 2054 526 2117 εἰς
555 2054 616 2108 τὺ
647 2055 772 2123 ἑξῆς
802 2055 1232 2125 ὀνομασθήσεταί
1271 2072 1328 2108 τε
1359 2055 1452 2108 καὶ
1481 2055 1651 2107 ἔσται.
1690 2053 1762 2107 Τὸ

177 2143 219 2195 5'
259 2145 398 2197 αὐτὸ
429 2147 646 2208 πάντως
671 2146 764 2199 καὶ
790 2148 882 2199 ἐπὶ
910 2147 1020 2199 τῶν
1050 2146 1302 2217 θηλειῶν.
1350 2145 1500 2199 Ἐπεὶ
1529 2148 1595 2199 τὰ
1622 2144 1762 2200 αὖτᾶ

174 2237 260 2304 ἐφ’
296 2237 572 2307 ἐκατὲρας
601 2237 816 2306 φύσεως
859 2239 908 2292 οἱ
941 2239 1094 2306 νόμοι
1131 2241 1350 2309 κρατεῖν
1382 2242 1483 2292 κάν
1510 2239 1623 2299 τοῖς
1657 2238 1758 2306 γά-

178 2346 302 2396 μ’,ις
360 2329 464 2380 κᾶν
522 2331 636 2390 τοῖς
685 2330 893 2396 ἐτέροις
955 2329 1364 2399 συναλλάγμασι
1418 2327 1757 2393 θεσπίζουσι.

176 2419 489 2489 Διαρῤᾒδην
533 2420 712 2473 τοίνυν
751 2421 1187 2490 ἀποφαινόμεθα,
1224 2421 1325 2474 ὅσα
1367 2422 1463 2473 καὶ
1500 2417 1586 2474 οἷα
1621 2421 1759 2490 πρό-

178 2528 343 2564 σωπα
377 2511 487 2563 ἀπὸ
521 2512 627 2564 τῶν
663 2512 954 2565 πολιτικῶν
1009 2513 1222 2582 νόμων,
1269 2512 1301 2582 ἢ
1329 2511 1436 2564 ἀπὸ
1471 2512 1578 2564 τῶν
1601 2513 1759 2566 θείων

177 2604 444 2665 κανῦνων,
476 2604 508 2674 ἦ
538 2603 646 2657 ἀπὸ
680 2604 774 2657 τοῦ
806 2604 1134 2674 δηλωθέντος
1173 2603 1451 2656 συνοδικοῦ
1483 2603 1644 2670 τόμον
1667 2645 1680 2670 ,
1723 2603 1756 2675 ἦ

177 2695 288 2748 ἀπο
332 2697 521 2764 ἐτέρου
563 2697 655 2749 τοῦ
697 2698 823 2766 περὶ
867 2697 1164 2767 τριγαμίας
1221 2694 1498 2748 συνοδικοῦ
1537 2713 1593 2748 τε
1642 2696 1758 2765 ἅμα

176 2788 274 2839 καὶ
331 2787 612 2856 βασιλικοῦ
669 2787 1075 2858 θεσπίσματος,
1130 2788 1212 2850 εἰς
1253 2787 1436 2857 γάμου
1474 2789 1758 2840 κοινωνίαν

179 2878 517 2943 κεκώλυται,
566 2879 634 2932 τὰ
671 2879 813 2932 αὑτὰ
863 2879 957 2932 καὶ
1005 2878 1097 2931 ἐπὶ
1137 2878 1244 2930 τῶν
1303 2877 1610 2948 μνηστειῶν
1657 2879 1757 2948 τὴν

176 2971 417 3022 κώλυσιν
447 2972 848 3039 ἐναργεστάτην
878 2972 923 3002 ⁷⁵
958 2970 1125 3040 ἔχειν,
1166 2969 1261 3023 καὶ
1291 2971 1456 3039 μηδὲν
1485 2965 1626 3022 εἶναι
1657 2970 1758 3036 γά-

180 3079 284 3130 μου
317 3077 376 3112 τε
425 3063 520 3113 καὶ
570 3062 866 3131 μνηστείας
895 3061 1190 3130 διάφορον,
1243 3062 1321 3123 εἰς
1363 3061 1622 3114 σύστασιν
1659 3059 1752 3114 τοῦ

179 3153 234 3205 ὃς
247 3153 406 3221 μιτοῦ
445 3154 541 3205 καὶ
573 3153 910 3224 ἐρρωμένου.

547 3288 744 3356 Ἑτέρα
766 3288 1064 3357 συνοδικὴ
1096 3289 1422 3358 ἀπόφασις.

717 3399 851 3468 Περὶ
877 3400 1234 3467 μνηστείας.

247 3510 400 3578 Μηνὶ
448 3509 676 3579 Μαρτίῳ
716 3509 806 3574 ιθ’,
847 3512 1226 3578 ἐπινεμήσεως
1276 3511 1339 3575 δ’,
1373 3510 1526 3574 Ξτους
1564 3519 1756 3581 ,ς’ςξοε’,

178 3599 610 3669 προκαθημένου
652 3601 900 3654 Ἰωάννου
926 3600 1018 3653 τοῦ
1050 3601 1357 3668 ἁγιωτάτου
1387 3603 1542 3671 ἡμῠῖν
1568 3602 1762 3656 δεσπό-

179 3705 271 3742 του
309 3691 408 3742 καὶ
442 3687 825 3758 οἱκουμενικοῦ
857 3688 1219 3759 πατριάρχου,
1251 3690 1308 3740 ἐν
1337 3686 1414 3756 τῷ
1459 3686 1640 3757 μικρῷ
1673 3705 1761 3740 σε-

181 3782 398 3849 ιιρέτῳ,
447 3778 901 3852 συνεδριαζὸντων
937 3779 1086 3849 αὐτῷ
1134 3781 1229 3833 καί
1270 3795 1434 3832 τινων
1481 3779 1760 3849 ἀρχόντων

179 3865 600 3934 συγκλητικῶν,
666 3867 804 3937 πρὸς
858 3868 1072 3930 τούτοις
1146 3867 1203 3920 δὲ
1269 3867 1690 3936 πανιερωτάτων
1713 3869 1760 3901 ⁷⁸

181 3957 626 4027 μητροπολιτῶν,
654 3959 747 4011 τοῦ
774 3959 1134 4029 Καισαρείας,
1160 3958 1254 4012 τοῦ
1311 3959 1639 4029 Ἡρακλείας,
1663 3957 1757 4012 τοῦ

175 4050 439 4114 Νικαίας,
474 4049 568 4102 τοῦ
595 4050 1077 4124 Χαλκηδόνος,τοῦ
1110 4052 1351 4104 Τιτάνων
1375 4051 1440 4113 ⁷⁷,
1495 4052 1588 4104 τοῦ
1623 4053 1760 4104 Νεο-

176 4141 523 4210 κιισαρείας,
540 4141 636 4194 10-3
680 4142 998 4214 Ἀμωρείου,
1025 4141 1118 4195 τοῦ
1142 4142 1432 4208 Κοτυσίου,
1460 4142 1552 4194 τοῦ
1591 4144 1759 4211 Ἀμα-

180 4233 420 4302 στριδος,
465 4233 560 4288 τοῦ
607 4233 940 4304 Κελεσηνῆς,
973 4234 1066 4288 τοῦ
1095 4233 1405 4296 ,Κολωνίας,
1466 4235 1558 4287 καὶ⁴
1607 4237 1760 4304 ἀρχι-

178 4323 525 4386 επισκόπων,
563 4323 658 4376 τοῦ
691 4325 994 4395 Σηλυϐρίας
1020 4364 1034 4388 ,
1078 4324 1173 4378 τοῦ
1216 4325 1456 4379 Ῥουσίου
1481 4363 1496 4391 ,
1541 4325 1637 4378 καὶ
1663 4325 1756 4378 τοῦ

179 4416 436 4475 Γοτθίας.

1864 1963 2122 2032 deinceps
2185 1978 2355 2017 uxore
2397 1963 2584 2026 ducta,
2640 1961 2916 2030 digamum
2969 1978 3114 2024 esse,
3165 1971 3326 2032 atque
3368 1963 3442 2016 ita

1862 2069 2032 2117 nunc,
2065 2062 2118 2107 et
2152 2055 2204 2107 in
2240 2064 2515 2123 posterum
2556 2053 2896 2106 nominatum
2934 2053 3022 2117 ini,
3052 2061 3106 2108 et
3159 2054 3431 2109 futurum.

1865 2144 2005 2198 Idem
2040 2161 2168 2201 vero
2217 2156 2270 2199 et
2322 2147 2376 2200 in
2412 2146 2630 2202 feminis
2682 2145 2904 2200 omnino
2964 2145 3142 2199 locum
3200 2145 3438 2210 habebit,

1862 2252 1984 2293 cuzn
2019 2238 2205 2292 eadem
2241 2239 2292 2291 in
2326 2247 2555 2308 utroque
2605 2252 2740 2294 sexu
2775 2245 2883 2290 tam
2919 2238 2974 2291 in
3017 2239 3242 2308 nuptiis,
3277 2253 3440 2307 quam

1861 2327 2077 2382 caeteris
2135 2328 2512 2383 contractibus
2591 2328 2878 2391 obtinere,
2937 2327 3086 2398 leges
3167 2329 3437 2382 sanciant.

1863 2416 2048 2487 Itaque
2082 2419 2284 2471 diserte
2316 2419 2757 2488 pronuntiamus,
2790 2433 2912 2488 quae
2944 2429 2998 2474 et
3029 2419 3440 2489 qualescunque

1861 2522 2108 2577 persona:
2154 2523 2249 2578 per
2289 2511 2411 2576 jura
2446 2509 2648 2572 civilia,
2682 2509 2766 2562 vel
2799 2524 2985 2564 sacros
3038 2525 3296 2576 canones,
3358 2512 3438 2565 vel

1860 2599 2160 2653 indicatum
2220 2600 2536 2670 synodalem
2589 2607 2817 2665 tomum,
2853 2601 2933 2654 vel
2984 2601 3145 2654 aliam
3172 2602 3238 2658 de
3265 2602 3439 2658 tertiis

1862 2687 2047 2755 nuptis
2122 2687 2435 2757 synodalem
2489 2687 2697 2757 pariter
2751 2695 2801 2742 et
2857 2688 3259 2756 imperatoriam
3311 2704 3432 2742 san-

1860 2776 2118 2838 ctionem,
2175 2790 2205 2828 a
2263 2776 2546 2831 consortio
2627 2776 3012 2831 matrimoniali
3092 2787 3433 2833 arceantur:

1859 2865 2078 2922 easdem
2138 2873 2192 2921 et
2250 2867 2301 2920 in
2373 2867 2725 2936 sponsalibus
2772 2868 3196 2937 prohibitionem
3259 2871 3437 2923 mani-

1861 2955 2210 3011 festissimam
2244 2956 2464 3022 habere,
2521 2971 2620 3010 uec
2653 2955 2821 3009 ullum
2874 2971 2996 3011 esse
3027 2957 3340 3026 nuptiarum
3387 2967 3440 3010 et

1861 3051 2198 3118 sponsalium
2249 3049 2547 3104 discrimen
2608 3048 2659 3102 in
2715 3049 2839 3115 hoc,
2897 3058 2955 3104 ut
3014 3050 3437 3120 Iicitejustequc

1860 3141 2275 3197 contrahantur.

2267 3280 2450 3331 Altera
2479 3277 2748 3347 synodalis
2775 3278 3053 3333 sententia.

2426 3392 2501 3447 De
2527 3392 2883 3456 sponsalibus.

1929 3504 2128 3559 Mensis
2187 3501 2367 3556 Martii
2438 3501 2526 3556 die
2602 3517 2718 3562 ιιι,
2779 3498 3077 3553 indictione
3160 3514 3234 3562 tv,
3294 3515 3436 3553 auito

1859 3611 1999 3651 vacua
2030 3610 2078 3650 ιο
2107 3611 2267 3657 Lxxv,
2315 3593 2639 3664 pitesidente
2690 3589 2922 3656 Joanne,
2963 3591 3312 3645 sanctissimo
3341 3591 3438 3645 do-

1859 3689 2007 3742 mino
2042 3697 2251 3749 nostro,
2285 3694 2339 3740 et
2400 3684 2697 3739 universali
2752 3684 3085 3754 patriarcha,
3119 3684 3173 3737 in
3225 3682 3437 3739 minore

1860 3788 2088 3841 secreto,
2127 3778 2495 3832 assidentibus
2522 3776 3069 3846 ipsi-magistratibus
3101 3773 3430 3843 quihusdam

1859 3872 2070 3927 ordinis
2101 3871 2386 3934 senatorii,
2433 3877 2742 3940 praeterque
2790 3870 2890 3922 hos
2924 3867 3292 3923 sanctissimis
3323 3882 3436 3920 me-

1859 3963 2228 4032 tropolitaais,
2303 3961 2652 4027 Caesariensi,
2732 3958 3093 4021 lleracliensi,
3195 3958 3432 4020 Niczeno,

1859 4054 2315 4120 Chalcedonensi,
2387 4053 2686 4124 Tyanensi,
2745 4051 3198 4116 Neocmsariensi,
3275 4052 3436 4104 Amo-

1862 4146 2053 4205 rieusi.
2084 4147 2309 4217 Cotyaei,
2357 4145 2706 4208 Amastridis,
2739 4143 3037 4208 Celesente,
3073 4142 3385 4197 Coloniensi
3419 4160 3433 4196 :

1859 4245 1914 4289 et
1943 4235 2392 4304 archiepiscopis,
2428 4233 2677 4290 videlicet
2710 4232 3122 4303 archiepiscopo
3152 4231 3432 4302 Selybriae,

1861 4324 2067 4392 Russii,
2098 4339 2153 4381 et
2181 4325 2438 4381 Gotthiae.

247 4507 326 4575 Τῇ
365 4507 502 4575 αὐτῇ
540 4507 723 4576 ἡμέρα
752 4507 860 4560 τῶν
895 4507 1276 4576 συγκλητικῶν
1315 4507 1569 4561 ἁπάντων
1624 4509 1754 4560 0:0-

1932 4506 2134 4560 Eodem
2164 4505 2272 4570 die,
2304 4519 2427 4559 cum
2461 4519 2652 4559 omnes
2683 4502 2895 4558 ordinis
2933 4500 3198 4556 senatorii
3241 4516 3434 4568 proce-

175 4597 578 4667 χωρησάντων,
632 4598 880 4662 ἐλθόντος
938 4599 994 4652 δὲ
1050 4600 1143 4652 καὶ
1200 4600 1293 4652 τοῦ
1351 4599 1754 4670 μητροπολίτου

177 4683 449 4754 Πατρῶν,
487 4687 582 4739 καὶ
614 4687 906 4753 συγκέλλου
947 4688 1162 4758 Νικήτα
1186 4730 1202 4756 ,
1235 4689 1502 4759 προετέθη
1547 4691 1607 4744 τὸ
1657 4689 1754 4759 τῆς

177 4775 480 4844 μνηστείας
503 4776 998 4848 ἁμφιϐαλλόμενον,
1047 4782 1100 4834 εἴ
1127 4797 1188 4848 γε
1220 4780 1326 4850 χρὴ
1362 4782 1420 4833 ἐν
1452 4783 1564 4843 τοῖς
1590 4797 1756 4850 γαμι-

177 4869 295 4928 mi;
332 4866 798 4938 συναλλάγμασιν,
849 4870 977 4923 ἔνθα
1031 4873 1355 4939 συγγενείας
1406 4874 1523 4925 ἐστὶ
1568 4871 1752 4942 νόμος,

175 4958 414 5011 κώλυσιν
438 4957 660 5025 ἐπάγων
702 4960 820 5012 ἀντὶ
851 4961 1030 5030 γάμου
1065 4960 1268 5029 ταύτην
1296 4960 1637 5028 λογίζεσθαι·
1664 4961 1755 5013 κα)⁵

174 5048 206 5114 ἢ
244 5048 638 5116 ἐπιτρέπεσθαι
665 5049 726 5102 τὸ
761 5050 900 5120 μετὰ
921 5051 1082 5104 τοῦτο
1113 5051 1304 5120 μέλλον
1333 5051 1602 5123 προϐῆναι
1629 5067 1755 5103 συν-

174 5140 436 5204 οικέσιον,
485 5139 516 5207 ἦ
567 5140 993 5209 ἀποτρέπεσθαι,
1025 5142 1100 5204 ὡς
1138 5142 1373 5212 ἄθεσμον
1441 5159 1497 5195 τε
1539 5144 1633 5196 καὶ
1671 5141 1757 5195 νό-

179 5247 304 5298 μοις
337 5231 784 5300 ἐναντιούμενον,
831 5234 925 5287 καὶ
972 5233 1136 5296 θείοις
1166 5237 1352 5288 κανόσι
1385 5237 1754 5305 προσκόπτον.

178 5323 289 5374 Καὶ
313 5321 681 5391 ἠρωτήθησαν
735 5325 784 5376 0i.
831 5325 1292 5395 παρουσιάζοντες
1347 5326 1586 5387 ἅπαντες
1617 5340 1754 5376 παν-

177 5412 463 5482 ιερὼτατοι
500 5414 810 5484 ἀρχιερεῖς,
846 5418 939 5468 καὶ
977 5411 1128 5469 εἷπον
1169 5420 1320 5486 κοινῇ
1371 5418 1564 5487 γνμῖιμῃ
1616 5417 1759 5470 κατᾶ

1862 4613 1950 4653 res
1980 4598 2371 4661 abcessissent,
2405 4605 2459 4650 et
2493 4596 2804 4650 advenisset
2843 4595 3298 4662 metropolitanus
3331 4592 3434 4646 Pa-

1866 4687 2089 4750 trensis,
2132 4694 2186 4741 et
2231 4685 2446 4742 Nieetas
2495 4686 2796 4756 syneellus,
2843 4685 2911 4740 de
2961 4686 3306 4755 sponsalibus
3352 4694 3436 4738 est

1861 4779 2137 4848 proposita
2181 4778 2412 4846 qumstio
2455 4794 2469 4831 :
2517 4793 2647 4830 num
2699 4777 2906 4831 scilicet
2960 4777 3010 4831 iu
3057 4777 3434 4830 contractibus

1861 4872 2242 4939 nuptialibus,
2297 4871 2389 4924 ubi
2443 4871 2788 4940 cognationis
2845 4871 2929 4923 lex
2982 4867 3431 4938 impedimentum

1862 4962 2034 5025 aliert,
2077 4961 2348 5032 sponsalia
2387 4977 2484 5032 pro
2523 4961 2727 5030 nuptiis
2763 4960 3012 5015 habenda
3055 4960 3200 5024 siut;
3252 4967 3311 5012 ut
3349 4959 3428 5010 vel

1864 5055 2232 5124 permittatur,
2272 5054 2414 5122 quod
2458 5054 2876 5108 snbsecuturum
2921 5061 3024 5114 est,
3071 5050 3432 5119 conjugium;

1865 5144 1946 5198 vel
2007 5145 2384 5214 prohibeatur.
2447 5153 2704 5212 tauquam
2761 5143 3053 5209 illicitum,
3113 5151 3167 5196 et
3223 5141 3433 5211 legibus

1865 5239 2224 5300 contrarium,
2268 5244 2319 5290 et
2369 5236 2420 5289 in
2461 5249 2647 5290 sacros
2689 5249 2931 5288 canones
2975 5233 3302 5302 impingens.
3343 5230 3432 5284 ln-

1865 5330 2124 5398 tcrrogati
2156 5343 2282 5382 vero
2321 5327 2530 5387 cuncti,
2565 5325 2656 5395 qui
2693 5341 2878 5380 coram
2915 5325 3158 5387 aderant,
3197 5325 3432 5376 sam-tis-

1867 5421 1992 5473 simi
2020 5419 2326 5488 pontiﬁces,
2376 5418 2653 5472 communi
2706 5417 2971 5471 sententia
3019 5416 3086 5471 de
3126 5415 3431 5485 quatstioue

1469 5551 1702 5607 VAliUE
1744 5551 2147 5609 LECTIONES.

263 5639 309 5667 "
334 5641 736 5710 ἐνεργεστάτῃν
812 5641 854 5671 ’⁸
888 5641 1332 5710 θεοσιλεστάτων.
1434 5647 1477 5677 ⁷⁷
1518 5646 1747 5700 τυανων.

288 5780 311 5817 ii
348 5780 420 5832 i.\'
455 5779 517 5834 C.
549 5781 611 5834 de
649 5781 878 5848 spottsul.
