4166 6448
738 395 843 457 75")

2031 404 2168 465 HIS
2205 404 2647 465 CANONICUM

3879 395 3984 457 760

737 520 1095 562 controversa
1143 507 1588 578 responderunt;
1640 511 1908 579 ejusmodi
1963 521 2302 567 contractum

2414 518 2468 569 τὸ
2505 514 2875 585 ἀναμφίϐολον
2917 514 2986 579 ’⁸,
3017 510 3289 566 κωλυτὲον
3319 503 3459 562 εἷναι
3513 505 3573 560 τὸ
3608 503 3992 572 συνάλλαγμα,

738 600 1135 668 prohibendum
1175 614 1316 667 esse,
1345 601 1560 670 quoties
1598 603 1890 657 celebratis
1938 605 2306 673 Sponsalihus.

739 706 839 744 nec
880 688 1083 743 secutis
1118 690 1345 759 nuptiis,
1382 706 1504 743 cum
1553 706 1787 760 persona
1823 695 2076 762 quapiam
2118 694 2199 748 vel
2237 694 2308 748 ob

736 781 1138 846 cognationem,
1170 782 1251 835 vel
1291 781 1361 833 ob
1403 780 1714 838 afﬁnitatem
1746 784 2085 838 manifestam
2118 785 2305 849 vetita,

736 878 1051 923 contractus
1084 870 1222 922 alius
1253 869 1559 925 instituitur
1589 889 1602 924 :
1632 875 1853 941 partim,
1893 873 2039 944 quod
2074 889 2308 944 nonage-

734 961 907 1014 simus
964 970 1197 1016 octavus
1258 975 1435 1015 canon
1493 974 1695 1019 sancta:
1755 966 2080 1021 universalis
2141 974 2309 1022 sextae

736 1054 926 1120 synodi
963 1054 1042 1106 sic
1072 1053 1139 1106 ad
1174 1053 1403 1108 verbum
1441 1063 1683 1109 statuat:
1728 1057 1834 1121 Qui
1881 1059 1977 1111 alii
2016 1058 2309 1128 desponsa-

737 1154 865 1208 tam,
903 1144 1014 1197 viro
1038 1144 1216 1198 adhuc
1238 1148 1554 1215 superstite,
1579 1148 1795 1203 duxerit
1822 1166 2067 1214 uxorem,
2094 1152 2306 1205 adulte-

735 1235 800 1286 rii
844 1236 1076 1289 crimine
1117 1244 1330 1291 lenetor
1372 1238 1594 1307 (quippe
1637 1240 1744 1293 nisi
1793 1250 1977 1309 patres
2017 1241 2092 1296 illi
2134 1241 2303 1296 divini

734 1327 1013 1395 sponSalia
1059 1326 1178 1380 loco
1222 1326 1536 1397 nuptiarum
1587 1329 1928 1396 habuissent,
1970 1332 2063 1386 sed
2114 1346 2212 1402 pro
2252 1347 2309 1387 re

732 1417 969 1478 quadam
1019 1418 1270 1483 diversa;
1316 1434 1555 1489 quonam
1598 1423 1759 1476 modo
1803 1423 2053 1477 adulterii
2100 1424 2308 1479 crimen

736 1508 1092 1575 tmpegissent
1139 1508 1209 1576 ei,
1259 1511 1353 1580 qui
1404 1525 1527 1565 cum
1580 1512 1909 1583 desponsata
1963 1529 2087 1569 cum
2134 1516 2307 1570 altero

734 1600 1141 1655 matrimonium
1198 1604 1517 1657 contrahit?
1566 1605 1702 1659 Nam
1762 1606 1911 1661 haud
1967 1607 2130 1662 dubie
2182 1624 2306 1662 cum

734 1701 902 1759 nupta
928 1695 1287 1749 committitur
1318 1697 1671 1764 adulterium,
1712 1713 1813 1753 nec
1841 1700 1978 1753 citra
2012 1700 2306 1754 discrimen

732 1787 979 1840 eamdem
1036 1803 1323 1858 pinnarum
1378 1790 1644 1844 rationem
1699 1805 1761 1844 ac
1819 1792 2045 1845 modum
2098 1801 2206 1845 tam
2253 1793 2305 1844 in

2417 606 2545 659 ἔνθα
2580 606 2875 677 μνηστείας
2898 602 3320 672 προϐάσης,καὶ
3354 601 3532 670 γάμου
3567 598 3642 668 μὴ
3691 594 3997 649 ἐπακολου-

2416 700 2703 768 θήσαντος,
2736 699 2871 766 πρός
2910 715 2963 750 τι
3001 698 3291 767 πρόσωπον
3351 694 3385 762 ἢ
3433 692 3541 746 ἀπὸ
3573 689 3925 758 συγγενείας,
3963 687 3997 757 ἢ

2414 792 2525 847 ἀπὸ
2556 790 2867 862 ἀγχιστείας
2884 788 3193 860 προφανοῦς
3223 787 3563 856 εἰργόμενον,
3600 783 3788 853 μέλλει
3808 782 4001 849 ἕτερον

2413 886 2734 953 τελεσθῆναι
2767 882 3117 951 συνάλλαγμα
3141 898 3155 911 ⁸
3182 879 3340 934 τοῦτο
3367 878 3486 948 μὲν,
3518 875 3611 929 τοῦ
3633 870 4003 943 ἐνενηκοστοῦ

2418 977 2604 1044 ὀγδόου
2639 976 2864 1037 κανόνος
2917 975 3017 1043 τῆς
3052 972 3214 1040 ἁγίας
3243 967 3632 1037 οἱκουμενικῆς
3664 968 3836 1032 ἕκτης
3870 981 4001 1016 συν-

2413 1068 2578 1134 όδου,
2627 1066 2771 1120 οὕτω
2824 1066 2964 1118 κατὰ
3011 1064 3162 1135 ῥῆμα
3202 1060 3699 1128 διαλαμϐάνοντος·
3771 1057 3827 1108 Ὀ
3886 1055 4003 1119 τὴν

2413 1162 2592 1230 ἑτέρῳ
2605 1158 3099 1231 μνηστευθᾶσαν
3119 1156 3200 1208 ἔτι
3218 1156 3310 1208 τοῦ
3337 1153 3528 1222 ἀνδρὸς
3554 1151 3758 1216 ζῶντος
3786 1150 3871 1211 είς
3901 1148 4003 1214 γά·

2417 1272 2516 1325 μον
2535 1255 2801 1323 ἀγόμενος
2830 1254 2900 1319 ",
2930 1250 3008 1321 τῷ
3037 1250 3136 1319 τῆς
3166 1248 3412 1318 μοιχείας
3447 1243 3758 1298 ὑποκείσθω
3795 1240 4000 1309 ἐγκλή-

2417 1362 2581 1418 ματι·
2626 1346 2694 1417 (εί
2729 1345 2838 1414 γὰρ
2893 1342 2968 1413 μὴ
3002 1340 3307 1408 ἐλογίζοντο
3343 1339 3392 1390 οἱ
3444 1337 3577 1389 Θείοι
3623 1334 3867 1404 πατέρες
3900 1331 4000 1399 τὴν

2417 1439 2710 1509 μνηστείαν
2770 1437 2850 1499 είς
2902 1437 3081 1505 γάμου
3111 1433 3284 1497 τάξιν,
3334 1428 3449 1485 ἀλλ’
3481 1427 3611 1482 ἄλλο
3661 1443 3736 1489 τι,
3782 1424 3906 1485 πῶς
3934 1422 3999 1475 ἂν

2416 1528 2659 1600 μοιχείας
2711 1525 3021 1594 ἐγκλήματι
3077 1523 3167 1576 τὸν
3223 1520 3631 1586 συναπτόμενον
3680 1517 3748 1583 τῇ
3804 1514 3999 1580 ἕτερον

2418 1619 2871 1693 μνηστευσαμένῃ
2897 1615 3199 1679 ὑπέϐα).ον;
3232 1612 3378 1679 Πρὸς
3414 1608 3687 1677 ὖπανδρον
3709 1605 3824 1677 γὰρ
3854 1619 3998 1672 προ-

2414 1716 2589 1786 δήλως
2620 1716 2653 1784 ἡ
2691 1710 2907 1783 μοιχεία
2959 1706 3365 1779 πλημμελεῖται
3388 1744 3403 1766 ,
3463 1701 3562 1756 καὶ
3599 1700 3901 1767 ἀδιάφορον
3948 1694 3997 1748 οἱ

2415 1808 2638 1869 κανόνες
2665 1806 2756 1858 τδν
2780 1803 2886 1857 τῶν
2916 1800 3209 1869 ἐπιτιμίων
3251 1799 3411 1865 λόγον
3459 1796 3554 1847 καὶ
3575 1794 3780 1862 τρόπον
3812 1789 3909 1842 ἐπί
3938 1804 3997 1841 τε

733 1878 1023 1946 adulterio,
1051 1896 1212 1950 quam
1245 1883 1301 1935 in
1334 1883 1690 1947 scortatione,
1723 1897 1965 1939 canones
1992 1882 2259 1953 statuunt)
2291 1902 2305 1938 :

2527 1855 2913 1970 vtiot'xeiacrxai.
2932 1893 3032 1963 τῆς
3056 1855 3402 1963 ⁴πορνείας-σι’)
3432 1855 3693 1956 τίθενται)
3722 1882 3887 1973 τοῦτο
3915 1880 3993 1973 ot,

734 1971 957 2037 partim,
987 1970 1133 2037 quod
1168 1980 1222 2024 et
1253 1970 1345 2040 jus
1381 1972 1542 2028 civile
1576 1973 1737 2027 titulo
1762 1990 1816 2036 v.
1855 1974 1978 2029 libri
2015 1991 2180 2029 ιιι-ιιι
2206 1974 2308 2027 Ba-

733 2058 1036 2122 silicorum,
1068 2059 1121 2112 in
1158 2061 1301 2114 hanc
1342 2062 1671 2117 sententiam
1709 2064 1984 2133 loquatur.
2022 2064 2198 2119 Patris
2229 2064 2307 2137 (4)

734 2148 987 2205 l'ratrisve
1031 2152 1135 2205 mei
1182 2167 1473 2222 sponsam,
1522 2168 1747 2207 uxorem
1788 2155 1989 2209 ducere
2031 2170 2137 2208 non
2182 2170 2309 2225 pos-

733 2257 877 2304 sum,
908 2242 1033 2297 licet
1061 2258 1251 2297 eorum
1286 2260 1483 2300 uxores
1517 2260 1624 2299 non
1660 2245 1880 2300 fuerint.
1914 2246 2050 2300 Nam
2089 2247 2178 2300 illa
2210 2262 2311 2301 no-

736 2348 930 2393 vercae.
965 2334 1077 2388 haec
1121 2350 1294 2388 nurus
1333 2336 1511 2388 locum
1554 2336 1739 2389 habet.
1786 2338 1937 2403 Item,
1979 2346 2101 2406 post
2129 2337 2310 2408 capita

735 2426 981 2492 quaedam
1014 2425 1127 2491 (5):
1160 2425 1420 2492 Quamvis
1467 2427 1667 2481 multas
1709 2436 1864 2497 pater
1906 2444 2061 2483 meus
2104 2428 2310 2494 habuit,

737 2518 938 2571 nullam
965 2532 1152 2572 earum
1195 2517 1340 2571 duco
1374 2518 1473 2586 (6).
1504 2518 1609 2574 Nec
1637 2529 1862 2574 matrem
1891 2535 2106 2589 sponsa:
2127 2535 2306 2590 quon-

733 2609 857 2662 dam
892 2621 1043 2662 meae.
1073 2607 1284 2677 Quippe
1309 2624 1426 2663 mea
1459 2626 1653 2665 socrus
1684 2610 1805 2665 fuit.
1837 2612 2007 2679 Igitur
2037 2623 2090 2665 et
2122 2612 2175 2665 in
2209 2614 2311 2667 hoc

735 2701 1080 2768 perspicuum
1106 2709 1209 2766 est,
1252 2702 1426 2771 legum
1458 2704 1771 2759 conditores
1799 2704 2055 2759 habuisse
2081 2720 2313 2773 sponsa-

738 2792 804 2842 lia
838 2808 936 2861 pro
967 2794 1173 2862 nuptiis
1196 2800 1249 2846 et
1277 2793 1523 2847 illicitum
1554 2794 1902 2850 existimasse
1929 2796 1973 2859 ἱ,
2002 2796 2147 2863 quod
2179 2811 2314 2850 con-

737 2882 1004 2952 sequitur,
1047 2884 1426 2953 sanxisscque,
1472 2901 1578 2939 non
1621 2900 1783 2953 posse
1820 2888 2095 2958 conjungi.
2138 2890 2314 2959 Atque

736 2975 850 3028 lucc
875 2976 939 3029 de
971 2975 1397 3031 alIinitate.Nam
1422 2985 1542 3046 post
1564 2986 1879 3033 enumerata
1908 2980 2191 3049 sanguinis
2212 2981 2313 3032 im-

736 3069 1069 3136 pedimenta,
1092 3068 1388 3137 subjiciunt
1416 3086 1427 3121 :
1452 3068 1591 3124 Sunt
1609 3072 1797 3125 etaliaa
1823 3072 2043 3140 nuptiae,
2064 3088 2180 3141 qua:
2204 3089 2311 3127 non

736 3159 807 3212 ob
830 3160 922 3224 jus
951 3161 1312 3229 cognationis,
1333 3162 1424 3215 sed
1459 3173 1677 3231 propter
1701 3163 2015 3219 afﬁnitatem
2050 3181 2157 3220 non
2188 3180 2313 3234 pro-

736 3252 957 3306 cedunt.
976 3253 1039 3304 Et
1064 3254 1116 3305 in
1146 3253 1463 3322 bujusmodi
1489 3256 2003 3325 impedimentorum
2029 3274 2310 3313 enumcra-

739 3345 905 3405 tione,
933 3342 1188 3411 prmlicta
1224 3360 1443 3413 quoque
1468 3346 1643 3414 capita
1676 3348 2035 3404 collocantur.
2064 3350 2141 3401 Ac
2170 3364 2308 3417 prae-

738 3442 920 3485 sentes
950 3450 1054 3485 una
1084 3435 1421 3488 sanctissimi
1445 3438 1728 3504 pontifices
1753 3439 1803 3491 in
1831 3439 1970 3492 banc
1991 3441 2312 3495 canonicam

740 3527 1075 3594 legalcznque
1106 3528 1433 3581 sententiam
1466 3542 1886 3597 consenserunt,
1914 3531 1983 3585 ita
2018 3548 2076 3585 se
2108 3534 2314 3586 sentire

738 3633 801 3668 ac
831 3616 1012 3668 dicere
1045 3616 1297 3685 professi,
1318 3633 1415 3672 nec
1439 3618 1715 3673 diversum
1749 3622 1879 3690 quid
1911 3636 1968 3676 se
1994 3623 2077 3675 vel
2107 3624 2316 3691 cogita-

738 3712 907 3773 tione,
943 3712 1024 3763 vel
1060 3709 1203 3762 facto
1233 3711 1484 3778 probare,
1510 3711 1655 3765 velut
1690 3728 1795 3767 una
1824 3729 1957 3768 voce
1989 3717 2314 3784 pronuntia-

740 3812 860 3853 runt
882 3818 893 3851 :
916 3802 1356 3869 quandoquidem
1380 3814 1432 3856 et
1458 3803 1511 3856 in
1536 3805 2034 3861 renuutiationibus
2052 3807 2118 3861 ad
2140 3823 2316 3861 sacer-

738 3894 970 3956 dotium,
1018 3893 1087 3945 ita
1135 3909 1191 3945 se
1235 3904 1347 3945 tum
1388 3892 1585 3959 facere,
1631 3904 1744 3948 tum
1794 3910 1989 3951 manus
2036 3897 2316 3966 imponere

738 3982 1002 4048 dicerent,
1019 3992 1077 4035 ut
1102 3997 1225 4037 cum
1244 3983 1365 4050 quis
1388 3985 1567 4053 aliqua
1585 3986 1686 4040 sibi
1710 3988 2057 4056 desponsata,
2078 4002 2178 4042 nec
2199 4004 2315 4042 ma-

738 4074 997 4126 trimonio
1026 4074 1301 4142 copulata,
1336 4090 1662 4144 quocunque
1689 4076 1851 4130 modo
1878 4093 1997 4131 eam
2026 4078 2309 4146 deserens,

735 4170 883 4221 aliud
916 4170 1111 4223 deinde
1148 4170 1448 4238 legitimum
1492 4173 1904 4225 matrimonium
1941 4178 2310 4243 contraxerit;

737 4278 835 4315 nec
871 4264 1128 4317 sacerdos
1160 4262 1465 4326 ordinetur,
1503 4280 1604 4319 nec
1645 4264 1785 4319 forte
1815 4282 1909 4335 per
1940 4268 2309 4337 ignorantiam

734 4355 1043 4419 ordinatus,
1076 4356 1373 4424 quidquam
1414 4355 1623 4410 fructus
1661 4358 1786 4412 inde
1820 4359 2053 4427 referat;
2092 4362 2187 4416 sed
2224 4379 2313 4417 sa-

733 4445 998 4507 cerdotio,
1038 4447 1203 4499 veluti
1238 4446 1508 4515 digamus,
1543 4449 1780 4503 excidat.
1818 4449 1953 4505 Nam
1993 4462 2046 4506 et
2082 4455 2173 4523 qui
2213 4456 2309 4510 de-

2411 1972 2505 2048 καὶ
2534 1989 2629 2044 τοῦ
2668 1987 2945 2043 πολιτικοῦ
2988 1986 3155 2056 νόμου
3201 1986 3259 2036 ἐν
3297 1982 3377 2051 τῷ
3417 1987 3458 2032 ε’
3486 1978 3652 2047 τίτλῳ
3679 1974 3776 2028 τοῦ
3801 1972 3889 2044 κη’
3919 1972 3998 2042 βιο

2412 2084 2558 2138 ϐλίου
2592 2082 2699 2135 τῶν
2725 2077 3031 2134 Βασιλικῶν
3056 2076 3200 2130 οὕτω
3227 2074 3497 2142 λέγοντοςο
3531 2070 3642 2139 Τὴν
3664 2068 3761 2120 τοῦ
3786 2064 3998 2134 πατρός

2415 2192 2551 2245 μου,
2608 2173 2641 2244 ἢ
2703 2171 2796 2225 τοῦ
2849 2167 3080 2238 ἀδελφοῦ
3134 2168 3181 2199 ⁸⁰
3230 2183 3332 2235 μου
3372 2163 3618 2234 μνηστὴν
3650 2160 3713 2213 οὐ
3753 2157 3996 2228 δύναμαι

2412 2266 2749 2337 λαμϐάνειν,
2783 2264 2885 2317 κᾶν
2912 2262 3154 2332 γαμεταὶ
3202 2258 3386 2312 αὐτῶν
3441 2257 3501 2309 οὔ
3544 2254 3860 2323 γεγόνασιν.
3930 2252 3997 2303 Ἦ

2416 2359 2513 2430 μὲν
2539 2356 2649 2428 γὰρ
2677 2354 2969 2426 μητρυιᾶς,
3005 2355 3038 2421 ἡ
3067 2354 3125 2406 δέ
3159 2351 3378 2421 νύμφης
3423 2346 3578 2411 τάξιν
3621 2344 3835 2413 ἐπέχει.
3882 2341 4000 2393 Καὶ

2416 2449 2558 2517 μετά
2604 2466 2724 2502 τινα
2777 2446 3072 2515 κεφάλαια·
3115 2443 3237 2497 Κᾶν
3289 2440 3489 2501 πολλὰς
3542 2437 3702 2506 ἔσχεν
3740 2436 3769 2487 ό
3809 2433 3997 2501 πατήρ

2417 2560 2543 2613 μου,
2595 2541 2849 2611 οὐδεμίαν
2878 2538 3056 2592 αὐτῶν
3107 2535 3391 2605 λαμϐάνω.
3453 2530 3587 2585 Οὐδὲ
3630 2528 3849 2598 μητέρα
3895 2524 3997 2592 τῆς

2417 2633 2545 2685 ποτε
2583 2648 2682 2701 μου
2710 2629 2954 2700 μνηστῆς
2977 2644 2991 2657 ·
3025 2627 3218 2694 γέγονε
3249 2625 3359 2694 γάρ
3392 2640 3492 2691 μου
3524 2617 3789 2687 πενθερά.
3820 2615 3995 2684 Δῆλον

2415 2724 2507 2778 οὖν
2537 2722 2629 2774 καὶ
2656 2720 2749 2773 ἐπὶ
2770 2719 2983 2780 τούτου,
3019 2715 3093 2779 ὡς
3125 2714 3247 2768 ἀντὶ
3276 2713 3457 2781 γάμου
3485 2710 3581 2779 τὴν
3622 2706 3926 2778 μνηστείαν
3947 2706 3995 2757 οἱ

2415 2812 2699 2884 νομοθέται
2729 2811 2932 2873 ἔθεντο,
2970 2809 3065 2862 καὶ
3117 2808 3355 2876 ἄθεσμον
3402 2807 3463 2857 τὸ
3503 2802 3810 2870 συμϐαῖνον
3850 2800 3995 2869 ἡγή-

2418 2924 2599 2971 σαντο,
2634 2905 2729 2958 καὶ
2757 2904 2830 2973 μὴ
2858 2899 2973 2955 οἷόν
3006 2919 3067 2954 τε
3106 2898 3473 2953 συνάπτεσθαι
3500 2896 3823 2950 ἐθέσπισαν.
3883 2891 3997 2945 Καὶ

2415 2996 2589 3050 ταῦτα
2623 2997 2714 3049 ἐπὶ
2744 2993 3082 3062 ἀγχιστείας.
3132 2990 3287 3045 Μετὰ
3316 2989 3425 3059 γὰρ
3456 2988 3519 3040 τὸ
3574 2983 3996 3057 ἀριθμήσασθαι

2415 3090 2514 3149 τὰς
2571 3086 2630 3150 ἐξ
2670 3085 2901 3154 αἵματος
2940 3083 3205 3143 κωλύσεις
3268 3080 3568 3147 ἐπάγουσιν
3595 3093 3610 3107 ο
3646 3076 3767 3128 Εἰσὶ
3812 3074 3871 3126 δὲ
3904 3074 3996 3125 καὶ

2340 3187 2383 3243 C
2417 3182 2613 3250 ἕτεροι,
2640 3178 2701 3229 οὐ
2734 3176 2821 3228 διὰ
2846 3175 3045 3244 θεσμὸν
3076 3172 3394 3240 συγγενείας
3416 3213 3431 3237 ,
3465 3170 3553 3222 δια
3583 3169 3640 3221 δὲ
3679 3168 3996 3236 ἀγχιστείαν

2418 3269 2493 3339 μὴ
2521 3266 2926 3338 προϐαίνοντες.
2956 3264 3067 3317 Καὶ
3100 3265 3159 3316 ἐν
3183 3264 3261 3333 τῷ
3288 3261 3574 3330 καταλόγῳ
3588 3259 3695 3312 τῶν
3726 3258 3993 3310 τοιούτων

2416 3360 2775 3430 κωλυμάτων,
2810 3358 3197 3410 συντάττονται
3231 3356 3326 3407 καὶ
3378 3352 3448 3404 τὰ
3501 3351 3773 3421 εἰρημένα
3822 3349 3995 3416 κεφά-

2416 3452 2562 3506 λαια.
2617 3450 2728 3505 Καὶ
2760 3451 2808 3501 οἱ
2856 3448 3239 3518 συμπαρόντες
3291 3443 3693 3514 πανιερώτατοι
3722 3442 3767 3473 ⁸⁸
3800 3443 3994 3511 ἀρχιε-

2420 3547 2531 3616 ρεῖς
2553 3546 2617 3613 τῇ
2644 3541 2871 3614 τοιαύτῃ
2897 3542 3155 3610 κανονικῇ
3182 3556 3242 3590 τε
3265 3540 3358 3590 καὶ
3389 3538 3589 3606 νομικῇ
3618 3534 3816 3604 γνώμῃ
3846 3535 3993 3602 ὠμο-

2416 3635 2797 3704 γνωμὸνησαν,
2836 3633 2931 3685 καὶ
2976 3632 3118 3683 οὓτω
3162 3633 3380 3700 φρονεῖν
3420 3646 3479 3681 τε
3516 3629 3607 3681 καὶ
3656 3627 3843 3694 λέγειν
3900 3629 3992 3679 άνο

2417 3726 2795 3796 ωμολόγησαν,
2832 3724 2927 3778 καὶ
2951 3724 3117 3793 μηδέν
3141 3740 3191 3775 τι
3225 3720 3468 3773 ἐναντίον
3502 3720 3719 3788 φρονεῖν
3752 3718 3785 3785 ἦ
3820 3718 3989 3785 πράτ-

2416 3834 2551 3882 τειν,
2582 3814 2880 3884 ὁμοφώνως
2914 3816 2959 3845 δ’
3002 3814 3234 3876 ἐξεῖπον.
3290 3810 3443 3863 Ἐπεὶ
3501 3810 3596 3861 καὶ
3644 3810 3703 3859 ἐν
3753 3811 3873 3869 ταῖς
3922 3812 3998 3869 εἰς

2422 3908 2721 3976 ἱερωσύνην
2745 3905 3145 3975 παραγγελίαις
3171 3902 3311 3955 οὓτω
3341 3904 3511 3954 ποιεῖν
3538 3902 3631 3954 καὶ
3660 3902 4000 3969 χειροθετεῖν

2417 3999 2648 4067 ἔφασαν,
2702 3996 2778 4059 ώς
2827 3997 2915 4048 ὅτε
2972 4014 3052 4057 τις
3082 3992 3558 4063 μνηστευσάμενός
3588 4008 3730 4053 τινα,
3773 3992 3871 4042 καὶ
3922 3990 3997 4059 μὴ

2418 4090 2560 4143 κατὰ
2589 4089 2767 4159 γάμον
2797 4086 3086 4154 συναφθεὶς
3112 4125 3126 4147 ,
3159 4084 3433 4151 ἀποσταίη
3472 4082 3999 4151 ταύτηςοίῳδήττοτε

2416 4184 2623 4255 τρόπῳ,
2684 4178 2800 4233 εἶτα
2860 4179 3031 4247 ἑτέρῳ
3075 4176 3292 4246 νομίμῳ
3321 4176 3484 4243 γάμῳ
3527 4173 3774 4242 συναφθῇ
3809 4214 3823 4229 .
3874 4172 4001 4224 οὔτε

2418 4276 2606 4345 ἱερέως
2642 4272 2979 4342 χειροτονίαν
3026 4269 3282 4336 δέχεται,
3339 4266 3463 4317 οὔτε
3512 4264 4001 4334 χειροτονούμενος

2419 4368 2547 4430 ἴσως
2577 4365 2635 4429 ἐξ
2665 4363 2885 4431 ἀγνοίας
2907 4361 3176 4428 ὠφέλειαν
3206 4359 3327 4410 τινα
3354 4357 3491 4425 ἔχει,
3525 4356 3665 4407 ἀλλά
3699 4355 3801 4423 τῆς
3834 4358 4001 4423 ἱερω-

2421 4460 2604 4523 σύνης,
2640 4457 2716 4519 ώς
2764 4456 3031 4524 δίγαμος,
3075 4450 3473 4518 ἀλλοτριοῦται.
3542 4449 3694 4500 Ἐπεὶ
3742 4449 3841 4499 καὶ
3896 4450 4000 4516 τὴν

734 4547 1049 4607 sponsatam
1074 4539 1164 4592 alii
1188 4539 1427 4604 duxerit,
1462 4541 1527 4593 ad
1553 4543 1840 4596 sacerdotii
1865 4546 2090 4613 gradum
2118 4562 2308 4601 ascen-

2422 4550 2593 4619 ἑτέρῳ
2625 4544 3053 4616 μνηστευθεῦαν
3074 4544 3127 4595 εί
3152 4560 3234 4605 τις
3266 4543 3565 4610 ἀγάγηται,
3589 4542 3666 4602 εἰς
3687 4538 3998 4607 ἱερωσύνης

733 4630 861 4682 dere
893 4630 1231 4697 prohibetur.
1268 4630 1359 4685 Sic
1399 4648 1459 4687 se
1497 4642 1608 4685 tum
1641 4634 1909 4701 judicare,
1948 4646 2061 4691 tum
2099 4638 2304 4702 dicere,

736 4722 937 4788 pariter
972 4738 1163 4777 omnes
1206 4723 1619 4791 deposuerunti
1650 4742 1664 4790 ;
1726 4737 1781 4781 et
1818 4728 1897 4783 sic
1934 4730 2004 4783 ab
2047 4732 2305 4786 omnibus

734 4812 1069 4878 faciendum,
1106 4816 1561 4883 pronuntiarunt.

996 4905 1078 4958 lll.
1126 4905 1199 4959 De
1233 4906 1435 4961 clericis
1470 4925 1660 4964 causas
1702 4912 1975 4981 agentibus
1998 4914 2044 4965 ll.

804 4997 1135 5055 Subuotatio
1178 5000 1521 5069 patriarcbre,
1558 5004 1763 5058 domini
1794 5004 2043 5071 Joannis,
2079 5008 2158 5063 sic
2200 5009 2299 5063 ba-

733 5097 842 5148 btrl.

804 5184 990 5243 Mense
1036 5185 1354 5252 Februario,
1390 5205 1479 5243 xu
1514 5190 1621 5254 die,
1664 5207 1723 5245 ιιι
1771 5193 2131 5249 ἰηιίἰηιίοηει.
2169 5195 2305 5251 Cum

2420 4640 2625 4710 βαθμὸν
2658 4637 3007 4708 ἐμποδίζεται
3031 4633 3365 4687 ἀναϐαίνειν.
3400 4633 3558 4683 Οὖτω
3589 4633 3680 4683 καὶ
3697 4629 3999 4696 γινώσκειν

2417 4733 2508 4785 καὶ
2555 4730 2738 4797 λέγειν
2768 4725 2905 4798 ὁμοῦ
2934 4728 3130 4788 πάντες
3162 4724 3450 4777 κατέθεντο
3470 4764 3486 4786 ,
3518 4722 3611 4773 καὶ
3646 4720 3792 4773 οὕτω
3823 4722 4003 4789 πρᾶτα

2412 4822 2599 4876 τεσθαι
2626 4823 2689 4874 ἐκ
2719 4818 2916 4880 παντὸς
2938 4818 3133 4890 χρεὼν,
3158 4816 3528 4884 ἐξεφώνησαν.

2628 4912 2700 4967 Γ.
2737 4913 2876 4980 Περὶ
2918 4908 3218 4978 umer
3250 4905 3774 4974 συνηγίγούντων.

2484 5009 2558 5061 Τὸ
2608 5009 2902 5075 σημείωμα
2950 5003 3045 5056 τοῦ
3099 5001 3436 5071 πατριάρχου
3496 4996 3687 5065 κυρίου
3741 4995 3997 5047 Ἰωάννου

2413 5103 2523 5172 ἔχει
2552 5101 2715 5154 οὕτω·

2485 5196 2633 5266 Μηνὶ
2664 5190 3013 5265 Φεϐρουαρίῳ
3049 5188 3120 5253 ς’,
3168 5186 3357 5258 ἡμέρα
3382 5192 3451 5252 γ’,
3497 5182 3886 5251 ὲπινιμήσεως
3921 5186 3990 5249 η’.

1941 5330 2175 5387 ῩΑΒΙᾹΣ
2216 5333 2617 5390 LECTIONES.

805 5413 851 5446 ’⁸
875 5416 1201 5485 ἀμφίϐολον.
1276 5423 1321 5454 ⁷⁹
1352 5424 1704 5485 ἀναγόμενος.
1783 5425 1944 5478 "too
1996 5428 2133 5481 υῑοῦ.

1689 5529 1701 5563 ι
1756 5519 1932 5570 (astuti
1988 5530 2129 5573 sunt.

1276 5423 1321 5454 ⁷⁹
1352 5424 1704 5492 ἀναγόμενος.

813 5510 828 5547 i
866 5510 1201 5567 existimasse
1230 5516 1368 5569 hunc
1403 5533 1605 5569 casum.

740 5580 1023 5633 indictione
1055 5582 1109 5634 ‘2.

2211 5429 2253 5460 "
2288 5429 2713 5497 020';0.és:1:0v..

2210 5521 2229 5557 ¹ί
2259 5538 2544 5577 causarum
2594 5522 2830 5588 patronis
2913 5515 2929 5554 ι
2975 5517 3167 5569 ,ιΙςιιςίδ
3214 5514 3469 5568 Februari
3523 5510 3605 5561 die
3646 5512 3703 5559 li.
3759 5511 3897 5568 {um
3933 5510 3985 5571 Β,

2828 5426 2871 5455 ⁸⁸³
2898 5424 3239 5491 ὁμοςρρὸνως.

2254 5677 2479 5733 NO'I'J'I.

808 5768 882 5821 (ii
918 5764 1044 5816 Filii
1083 5768 1158 5816 rei
1227 5767 1302 5816 l2.
1347 5766 1371 5829 ξ
1416 5767 1458 5816 Ι.
1508 5765 1565 5815 1).
1597 5765 1659 5816 de
1692 5766 1780 5816 rit.
1824 5775 1968 5830 tmp.‘.

810 5837 880 5905 {33)
915 5838 944 5889 l.
990 5838 1064 5890 li.
1108 5840 1129 5901 ζ
1168 5836 1315 5889 .thc
1356 5837 1637 5891 rideamus.
1689 5834 1749 5890 Ι).
1787 5839 1906 5891 00d.

2483 5771 3015 5841 ιθ»·1.Ι.Ιί.ςιιιι.
