4176 6446
717 355 818 422 767

2006 372 2142 432 JUS
2175 375 2616 438 CANONICUM

3870 389 3978 448 768

719 481 950 542 poterat,
993 483 1048 525 nt
1076 475 1186 530 duo
1223 477 1379 546 primi
1415 480 1692 548 patrueles
1725 482 1944 539 duabus
2007 490 2295 544 sororibus

2409 494 2602 563 πρώτῳ
2661 496 2935 566 ἐξαδέλφῳ
2979 498 3074 550 τοῦ
3130 497 3371 568 μεγάλου
3419 497 3787 570 δρουγγαριου
3820 518 3835 532 ·
3882 490 3981 554 καίὶ

721 561 1224 632 coniungerentur:
1288 569 1551 638 synodice
1609 575 1870 642 agitatum
1921 587 2004 630 est
2050 588 2293 648 tempore

721 657 1058 711 sanctissimi
1116 661 1439 727 patriarcha:
1474 664 1681 720 domini
1722 665 1926 723 Nieolai
1971 670 2290 740 analonis,

720 761 787 798 an
811 763 875 800 ex
895 765 958 800 eo
984 751 1308 817 impediatur
1326 756 1503 824 magni
1523 756 1804 826 drungarii
1829 771 2163 826 contractus;
2181 774 2293 816 sta-

721 847 896 892 tutum
931 849 1013 894 est
1045 853 1248 905 autem,
1277 859 1385 897 non
1415 846 1686 914 impediri,
1713 863 1778 902 eo
1825 851 1970 919 quod
2017 855 2294 922 sponsalia

725 930 948 999 perfecti
971 934 1305 987 matrimonii
1336 935 1512 990 locum
1541 952 1646 990 non
1687 947 1929 996 teneant.

1319 1200 1696 1257 THEODOTI.

1067 1293 1146 1348 De
1177 1294 1403 1346 divortio
1435 1295 1499 1346 ab
1539 1295 1744 1360 inﬁdeli
1771 1297 2010 1365 conjuge.

795 1384 1062 1455 Tempore
1095 1386 1430 1439 sanctissimi
1458 1388 1804 1454 patriarchas,
1861 1389 2066 1442 domini
2120 1388 2294 1443 Theo-

725 1478 860 1540 doti,
911 1488 1198 1546 separatus
1234 1486 1378 1532 esta
1437 1493 1536 1532 sua
1590 1479 1793 1533 infideli
1845 1497 2015 1534 uxore
2057 1479 2294 1536 Basilius

724 1569 1045 1622 buecinalor
1073 1570 1476 1637 imperatorius,
1508 1579 1796 1639 pOStquam
1845 1573 2152 1641 baptizatus
2183 1572 2298 1627 fue-

725 1671 829 1725 rat,
852 1663 1067 1715 decreto
1101 1663 1451 1730 patriarehali
1477 1681 1490 1718 :
1521 1673 1705 1732 utpote
1727 1682 1844 1734 qum.
1869 1682 1898 1719 a
1919 1666 2015 1719 viri
2041 1667 2300 1721 suasione

725 1751 910 1806 induci
940 1768 1045 1807 non
1075 1761 1276 1821 posset,
1316 1763 1373 1806 ut
1402 1755 1789 1822 baptizaretur.

1056 1844 1514 1899 CONSTANTINI
1547 1845 1942 1900 CHLIARENI.

1146 1937 1224 1991 De
1267 1938 1542 1992 homicidis
1584 1939 1873 1992 latronum.

797 2030 1062 2100 Tempore
1117 2031 1454 2086 sanctissimi
1512 2031 1656 2085 illius
1703 2033 2047 2101 patriarchre,
2090 2033 2298 2087 domini

725 2120 1069 2175 Constantini
1102 2120 1405 2184 Chliareni,
1431 2137 1554 2175 cum
1585 2124 1805 2192 quidam
1840 2123 2202 2177 accessissent
2232 2122 2300 2176 ad

728 2213 1129 2267 sanctissimam
1171 2212 1263 2266 Dei
1290 2228 1535 2284 magnam
1561 2215 1875 2277 ecclesiam,
1894 2225 1947 2269 et
1975 2231 2032 2269 se
2063 2223 2302 2270 armatos

727 2305 781 2359 in
808 2306 1048 2361 latrones
1101 2306 1359 2361 incidisse
1412 2306 1658 2360 dicerent
1707 2308 1759 2358 in
1813 2308 2066 2361 clausura
2125 2307 2302 2361 sancti

728 2394 978 2462 Basilile,
1014 2406 1066 2452 et
1095 2413 1189 2452 eos
1231 2396 1597 2460 interfecisse,
1626 2407 1679 2452 et
1716 2398 1914 2452 vellent
1961 2398 2122 2462 scire,
2173 2399 2301 2466 quid

728 2487 995 2555 agendum
1049 2505 1061 2539 :
1099 2487 1436 2558 synodaliter
1467 2487 1804 2556 disputatum
1853 2495 1956 2550 est,
2005 2502 2074 2542 an
2114 2502 2305 2544 omnes

729 2578 820 2645 qui
839 2579 1080 2632 latrones
1099 2578 1454 2642 interﬁciunt,
1479 2579 1712 2633 debeant
1739 2578 2054 2632 indistincte
2078 2579 2258 2647 puniri
2286 2596 2302 2634 :

728 2678 782 2722 et
810 2669 1064 2722 dixerunt
1108 2671 1376 2736 nonnulli,
1412 2671 1559 2723 illum
1598 2672 1689 2740 qui
1739 2671 1912 2738 potuit
1951 2671 2178 2727 latronis
2227 2672 2309 2726 in-

730 2759 899 2815 sidias
941 2759 961 2798 ί
995 2760 1250 2830 effugere,
1283 2770 1336 2816 et
1375 2764 1476 2817 hoc
1516 2780 1623 2817 non
1658 2763 1804 2829 fecit,
1841 2765 1936 2820 sed
1964 2779 2087 2819 cum
2128 2765 2309 2820 dedita

731 2869 894 2922 opera
946 2853 1242 2915 interfecit,
1294 2870 1402 2909 non
1456 2859 1630 2923 puniri
1686 2859 1987 2912 secundum
2018 2872 2306 2922 canonem,

731 2945 824 2998 sed
852 2951 1109 3013 tanquam
1141 2943 1194 2997 in
1223 2945 1546 2998 homicidam
1576 2949 1796 3015 gravius
1825 2948 1877 3002 in
1918 2965 2041 3002 eum
2063 2948 2312 3002 animad-

731 3034 889 3088 verti.
946 3035 1081 3100 Quis
1126 3036 1272 3090 enim
1305 3039 1408 3092 scit
1437 3039 1657 3108 (inquit)
1684 3056 1751 3094 an
1780 3042 1874 3107 qui
1902 3042 1956 3096 in
1981 3057 2104 3096 eum
2137 3042 2311 3112 impe-

732 3136 846 3180 tum
883 3127 1114 3181 faciebat
1159 3130 1315 3195 latro,
1371 3131 1414 3185 si
1467 3131 1714 3195 vixisset,
1747 3133 1841 3187 Dei
1895 3133 2234 3202 providentia
2279 3148 2308 3187 a

734 3218 1020 3272 latrocinio
1059 3229 1327 3275 cessasset
1376 3229 1430 3276 et
1481 3221 1587 3276 Deo
1619 3224 1979 3279 adhaesisset?
2008 3224 2310 3282 Utebantur

734 3318 916 3364 autem
954 3313 979 3350 ε
1033 3319 1086 3366 et
1133 3314 1354 3381 antiqua
1387 3317 1638 3383 superius
1685 3318 1787 3370 sita
1821 3317 1955 3387 lege,
1983 3333 2104 3386 qua:
2134 3319 2265 3373 dicit
2296 3338 2311 3372 :

735 3400 793 3455 Si
857 3418 962 3455 non
1004 3412 1187 3470 posset
1233 3412 1350 3458 tuto
1401 3406 1658 3476 effugere,
1703 3409 1918 3461 crimini
1972 3424 2079 3462 non
2130 3410 2309 3465 datur.

737 3493 832 3547 Sin
870 3502 1048 3547 autem
1084 3496 1221 3548 latro
1267 3498 1562 3552 Violentatn
1605 3515 1822 3552 manum
1874 3500 2135 3556 adversus
2185 3517 2309 3556 eum

735 3583 826 3649 qui
880 3583 1056 3650 ipsum
1089 3583 1377 3650 interfecit,
1414 3587 1718 3654 intentavit,
1779 3589 1890 3654 fiet,
1942 3592 2087 3659 quod
2134 3607 2310 3647 canon

737 3671 982 3722 decernit
1010 3682 1054 3724 ι.
1113 3673 1273 3740 Atqui
1315 3675 1397 3728 lex
1451 3692 1670 3746 quoque
1725 3679 1980 3748 superius
2018 3679 2185 3747 dicta,
2232 3683 2315 3735 sic

739 3763 900 3816 habet
948 3780 961 3816 :
1011 3763 1067 3816 Si
1107 3775 1284 3818 autem
1332 3766 1423 3834 qui
1465 3770 1687 3831 occidit,
1741 3783 1840 3824 nec
1885 3771 2148 3826 latronem
2188 3788 2314 3841 pro-

738 3864 960 3908 secutus
1002 3863 1104 3920 est,
1145 3871 1262 3918 nec,
1329 3856 1456 3911 dtnn
1515 3859 1654 3912 latro
1693 3875 1816 3914 eum
1871 3874 2310 3931 persequeretur,

739 3956 799 3996 se
855 3940 1120 4006 defendit,
1151 3952 1204 3997 et
1255 3945 1432 4012 ipsum
1465 3948 1696 4013 occidit;
1749 3949 1844 4004 sed
1887 3959 2106 4020 propter
2158 3967 2314 4006 com-

737 4049 954 4087 munem
999 4037 1289 4090 utilitatem
1338 4039 1621 4103 incitatus,
1676 4041 1780 4095 hoc
1849 4043 2070 4098 molitus
2123 4053 2226 4107 est,
2261 4053 2312 4098 et

737 4126 915 4194 ipsum
963 4127 1284 4184 interfecit:
1335 4144 1434 4182 nec
1473 4130 1735 4197 legitime,
1792 4148 1892 4186 nec
1945 4135 2315 4190 ecclesiastice

735 4216 1013 4284 punietur.
1049 4217 1096 4270 Is
1137 4218 1304 4281 enim,
1358 4219 1634 4287 inquiunt,
1675 4222 1914 4288 praemiis
1965 4239 2182 4293 quoque
2233 4226 2316 4280 di-

740 4323 880 4375 gnus
910 4316 1013 4370 est,
1047 4317 1106 4361 ut
1138 4309 1232 4377 qui
1265 4309 1554 4362 multorum
1582 4313 1792 4367 animas
1824 4329 1854 4367 a
1896 4326 2070 4369 morte
2114 4316 2314 4370 libera—

740 4397 897 4458 \‘Ct‘il,
943 4407 994 4450 et
1059 4398 1258 4462 locum,
1326 4400 1417 4469 qui
1473 4400 1701 4456 latronis
1773 4403 2006 4468 insidiis,
2057 4416 2312 4475 tanquam

2328 1832 2375 1890 Β

2395 584 2655 639 ἀδύνατον
2695 583 2836 639 εἶναι
2864 587 2957 640 δύο
2992 589 3243 656 πρώτους
3276 589 3603 658 ἐξαδέλφους
3626 592 3781 644 δυσὶν
3812 593 3977 644 ἀδελ-

2397 681 2524 744 φαῖς
2572 679 2969 731 συνάπτεσθαι·
3025 680 3264 749 ἐλαλήθη
3357 681 3651 743 συνοδικῶς
3700 682 3798 733 ἐπὶ
3867 681 3981 733 τῶν

2396 765 2618 834 ἡμερῶν
2639 766 2731 817 τοῦ
2759 768 3060 834 ἁγιωτάτου
3093 769 3438 839 πατριάρχου
3469 770 3664 838 κυρίου
3700 771 3983 823 Νικολάου

2395 855 2488 908 τοῦ
2539 857 2919 921 Μουζάλωνος,
2955 860 3090 911 εἰέκ
3121 859 3315 911 τούτου
3364 859 3722 928 ἐμποδίζεται
3749 861 3813 912 τὸ
3883 861 3982 912 τοῦ

2399 949 2639 1015 μεγάλου
2681 951 3042 1021 δρουγγορίου
3091 951 3468 1018 συνάλλαγμα.
3517 951 3628 1002 Καὶ
3667 950 3982 1020 διεγνὼσθη

2398 1039 2473 1107 μὴ
2500 1039 2905 1108 ἐμποδίζεσθαι,
2927 1041 3016 1094 διὰ
3033 1042 3094 1094 τὸ
3113 1042 3211 1112 τὴν
3247 1042 3546 1111 μνηστείαν
3569 1041 3736 1095 τόπον
3765 1041 3982 1094 τελείου

2395 1131 2577 1200 γάμου
2613 1133 2687 1202 μὴ
2712 1133 2951 1202 ἐπέχειν.

2989 1201 3370 1259 ΘΕΟΔΟΤΟΥ.

2504 1293 2641 1360 Περὶ
2669 1293 2965 1362 διαζυγίου
2993 1296 3113 1349 ἀπὸ
3142 1295 3254 1363 τῆς
3273 1295 3537 1349 ἀπίστου
3560 1294 3873 1364 γυναικός.

2482 1383 2607 1437 Ἐπὶ
2635 1385 2745 1438 τῶν
2775 1385 2868 1438 τοῦ
2897 1387 3202 1454 ἁγιωτάτου
3228 1385 3574 1457 πατριάρχου
3609 1386 3807 1456 κυρίου
3857 1385 3984 1437 Θεο-

2397 1473 2570 1534 δότου.
2604 1475 2827 1544 διεζὺγη
2874 1477 3153 1546 βασιλικὸς
3189 1478 3526 1548 βυκινάτωρ,
3601 1477 3738 1547 μετά
3774 1475 3836 1528 τὺ
3889 1475 3986 1546 βα·-

2401 1568 2712 1635 πτισθῆναι,
2747 1569 2856 1620 ἀπὸ
2887 1569 2989 1639 τῆς
3039 1569 3272 1622 ἀπίστου
3317 1570 3578 1637 γυναικὸς
3613 1567 3802 1631 αὑτοῦ,
3834 1567 3982 1636 μετά

2403 1659 2803 1727 πατριαρχικοῦ
2859 1660 3112 1730 ὁρισμοῦ,
3167 1661 3244 1725 ὡς
3277 1662 3354 1731 μὴ
3413 1660 3751 1730 πειθομένης
3781 1657 3984 1730 βαπτι-

2405 1751 2598 1818 σθῆναι
2636 1751 2777 1803 κατά
2800 1752 2900 1821 τὴν
2943 1752 3038 1804 τοῦ
3063 1752 3256 1822 ἀνδρὸς
3291 1752 3660 1823 παράκλησιν.

2573 1842 3117 1896 ΚΩΝΣΤΑΝΤΙΝΟΥ
3172 1843 3314 1897 ΤΟΥ
3363 1842 3806 1896 ΧΛΙΑΡΗΝΟΥ.

2753 1935 2890 2000 Περὶ
2921 1936 3160 2000 φονέων
3195 1934 3318 1987 τῶν
3346 1933 3619 2002 λῃστῶν.

2486 2025 2606 2075 Ἐπὶ
2637 2024 2982 2093 τῶνήμερῶν
3011 2025 3105 2077 τοῦ
3127 2027 3436 2092 ἁγιωτάτου
3464 2025 3810 2094 πατριάρχου
3839 2025 3986 2076 ἐκείο

2403 2130 2494 2166 νου
2543 2113 2736 2184 κυρίου
2773 2113 3184 2167 Κωνσταντίνου
3214 2113 3308 2165 ’τοῦ
3358 2112 3692 2182 Χλιαρηνοῦ,
3747 2111 3986 2182 προσελ-

2405 2203 2606 2258 θόντων
2628 2203 2788 2257 τινῶν
2809 2204 3156 2273 στρατιωτῶν
3179 2206 3244 2274 τῇ
3285 2204 3564 2274 ἁγιωτάτῃ
3585 2203 3680 2256 τοῦ
3712 2203 3850 2255 Θεοῦ
3890 2220 3987 2272 με·

2405 2295 2546 2366 γάλῃ
2594 2294 2880 2365 ἐκκλησίᾳ,
2945 2295 3041 2348 καὶ
3093 2294 3516 2365 διηγησαμένων
3568 2295 3818 2362 ἐντυχεῖν
3871 2293 3988 2344 ἐνό-

2405 2388 2559 2448 πλοις
2628 2386 2848 2457 λῃσταῖς
2878 2387 2958 2448 εἰς
2984 2386 3082 2454 τὴν
3130 2383 3457 2455 κλεισούραν
3490 2384 3585 2437 τοῦ
3635 2384 3798 2451 ἁγίου
3834 2383 3990 2452 βασι-

2405 2477 2619 2539 λέως⁹³,
2656 2477 2750 2528 καὶ
2809 2474 3070 2542 φονεῦσαι
3117 2473 3316 2534 αὐτούς
3339 2489 3354 2503 ’
3411 2473 3508 2524 καὶ
3540 2471 3906 2540 ζητησάντων
3931 2470 3991 2521 τὸ

2409 2568 2661 2639 ποιητέον
2723 2567 2916 2637 μαθεῖν
2938 2583 2950 2596 ·
2989 2566 3182 2635 γέγονε
3228 2565 3386 2633 λόγος
3420 2563 3714 2625 συνοδικῶς
3750 2564 3801 2614 εί
3837 2563 3991 2631 ὀφεί-

2407 2662 2609 2727 λουσιν,
2640 2662 3000 2725 ἀδιαστίκτως
3034 2662 3238 2724 πάντες
3275 2662 3325 2714 ot
3360 2659 3681 2728 φονεύοντες
3719 2659 3991 2726 ἐπιτιμᾶ-

2413 2756 2557 2810 σθαι.
2576 2756 2685 2809 Καὶ
2719 2750 2873 2807 εἶπόν
2904 2772 3076 2819 τινες,
3109 2754 3184 2817 ὡς
3210 2754 3261 2806 εί
3287 2753 3387 2823 μὲν
3413 2751 3710 2820 δυνάμενός
3757 2767 3845 2812 τις
3893 2751 3991 2817 τὴν

2411 2847 2669 2918 ἐπιϐολὴν
2684 2846 2732 2878 ⁸⁸
2749 2846 2844 2899 τοῦ
2866 2845 3067 2917 λῃστοῦ
3102 2844 3522 2915 διαφυγεῖν,οὐκ
3547 2841 3774 2924 ἐποίησε
3807 2841 3991 2903 τοῦτο,

2410 2937 2609 2993 ἀλλ’ἐκ
2637 2939 2867 3008 μελέτης
2890 2939 3054 2992 αὑτὸν
3080 2940 3392 3008 ἐφόνευσεν·
3422 2938 3544 3009 οὐχὶ
3574 2933 3724 2990 κατά
3753 2935 3851 2987 τὶν
3892 2954 3998 2988 κα-

2413 3033 2541 3087 νόνα
2584 3035 3068 3105 ἐπιτιμηθήσεται,
3119 3032 3234 3088 ἀλλ’
3265 3034 3340 3097 ὠς
3365 3035 3559 3102 φονεὺς
3591 3034 3684 3086 ἐπὶ
3723 3034 3890 3086 πλέον
3911 3050 3995 3084 τιο

2413 3123 2834 3196 μωρηιθὴσεται.
2887 3125 2984 3190 Τίς
3011 3125 3122 3196 γὰρ
3147 3125 3358 3197 (φησιν)
3388 3122 3552 3187 οἶδεν,
3580 3124 3678 3177 ἐὰν
3707 3125 3736 3176 ὁ
3769 3123 3849 3194 μὴ
3875 3126 3998 3176 κατ’

2413 3219 2578 3272 αὐτοῦ
2610 3219 2779 3272 ἐπιὼν
2795 3218 3020 3290 λῃστὴς,
3044 3217 3271 3289 προνοίᾳ
3300 3217 3435 3270 Θεοῦ
3464 3217 3755 3286 ἐπιζήσας,
3781 3216 4001 3284 ἀπέστη

2415 3311 2513 3378 τῆς
2565 3309 2864 3379 λῃστείας,
2921 3311 3017 3362 καὶ
3093 3309 3172 3379 τῷ
3248 3309 3440 3378 Κυρίῳ
3513 3309 3931 3378 προσεκολλήθη
3982 3324 3998 3368 ;

2428 3399 2698 3469 Ἐχρῶντο
2741 3400 2798 3451 δὲ
2846 3401 2940 3454 καὶ
2962 3398 3040 3469 τῷ
3082 3397 3295 3468 παλαιῷ
3353 3397 3450 3450 τοῦ
3509 3398 4000 3467 καταστρωθέντος

2415 3487 2621 3542 ἀνωθεν
2684 3489 2873 3558 νόμου,
2925 3487 3158 3556 λέγοντιο
3215 3487 3519 3554 τουτέστιν,
3559 3488 3623 3542 ΕΞ
3657 3487 3735 3556 μὴ
3758 3488 4000 3555 ἠδύνατο

2416 3582 2610 3648 φυγεῖν
2656 3580 2938 3648 ἀσφαλῶς,
2998 3581 3099 3631 οὐκ
3167 3579 3524 3645 ἐγκαλεῖται·
3574 3577 3702 3629 είδὲ
3734 3580 3763 3630 ὁ
3791 3578 4002 3651 λῃστὴς

2420 3673 2621 3742 μᾶλλον
2650 3672 2930 3741 προέτεινε
2963 3675 3120 3742 χεῖρα
3150 3671 3475 3740 φονεύτριαν
3507 3670 3651 3723 κατὰ
3677 3669 3773 3722 τοῦ
3798 3670 3998 3736 φονεύ-

2418 3781 2610 3826 σαντος
2665 3765 2847 3828 αὑτὸν,
2895 3767 3183 3835 γενήσεται
3211 3766 3264 3818 εί
3295 3781 3350 3816 τι
3378 3764 3406 3814 ὁ
3453 3761 3636 3815 κανὼν
3674 3764 3999 3832 διορίζεται,

2417 3857 2554 3910 ἀλλὰ
2613 3857 2718 3927 μὴν
2746 3857 2838 3908 καὶ
2866 3859 2893 3908 ὁ
2916 3855 3230 3926 διαληφθεὶς
3271 3855 3458 3922 νόμος.
3486 3855 3548 3906 Εἰ
3581 3853 3639 3906 δέ
3662 3854 3692 3904 δ
3721 3853 4003 3921 φονεύσας

2415 3943 2537 3996 οὔτε
2572 3945 2755 4008 ἐδίωξε
2785 3946 2876 3997 τὸν
2904 3945 3130 4016 λῃστὴν,
3160 3944 3283 3996 οὔτε
3304 3944 3636 4013 διωκόμενος
3659 3945 3756 3997 ὑπ’
3781 3945 4002 3997 ἐκείνου

2416 4038 2796 4105 ἀντημύνατο,
2866 4040 2959 4090 καὶ
3011 4039 3268 4104 ἐφόνευσε
3315 4037 3552 4089 τοῦτονθ
3607 4038 3748 4090 ἀλλά
3805 4039 3896 4091 διὰ
3938 4038 4002 4090 τὸ

2417 4132 2569 4198 κοινῇ
2632 4131 2916 4199 συμφέρον
2956 4131 3020 4182 ἐκ
3048 4128 3454 4200 παρακλήσεως
3510 4129 3837 4199 ἐμελέτησε,
3906 4133 4005 4182 καὶ

2417 4222 2704 4289 ἐφόνευσεν
2734 4221 2921 4286 αὐτδν,
2947 4221 3071 4273 οῦτε
3089 4222 3340 4291 νομίμως
3359 4220 3481 4274 οὔτε
3522 4221 4006 4287 ἐκκλησιαστικῶς

2417 4314 2884 4384 τιμωρηθήσεται.
2933 4313 2990 4365 ’0
3016 4312 3257 4375 τοιοῦτος
3282 4313 3391 4382 γὰρ
3420 4313 3596 4381 (φησὶ)
3622 4312 3728 4364 καὶ
3747 4313 4008 4365 ἐπάθλων

2420 4407 2569 4472 ἄξιός
2611 4409 2781 4468 ἐστιν,
2810 4407 2884 4468 ὡς
2925 4405 3134 4458 πολλῶν
3173 4405 3351 4474 ψυχὰς
3377 4406 3441 4456 ἐκ
3473 4405 3710 4456 θανάτου
3754 4408 4008 4474 ῥυσάμε-

744 4485 1072 4550 qnibUsdam
1135 4487 1309 4555 spinis
1357 4495 1411 4542 et
1450 4490 1687 4554 tribulis,
1723 4492 2118 4558 suﬂ'ocabatur,
2162 4511 2306 4547 man-

2429 4515 2544 4561 νος,
2591 4497 2686 4549 καὶ
2734 4497 3092 4568 ἐξημερώσας
3136 4497 3229 4549 τὸν
3255 4497 3440 4560 τόπον,
3471 4495 3560 4547 τὸν
3580 4495 3713 4548 ὡσεὶ
3736 4497 4011 4560 ἀκάνθαις

743 4576 1056 4632 snefecerit.
1105 4576 1219 4632 Hoc
1252 4595 1466 4649 quoque
1495 4581 1889 4636 confirmabant
1921 4599 1983 4638 ex
2032 4585 2169 4652 lege,
2199 4603 2306 4651 qua

2422 4591 2518 4643 καὶ
2570 4591 2860 4660 τριϐόλοις,
2905 4594 3025 4654 ταῖς
3057 4590 3150 4643 τοῦ
3180 4590 3378 4660 λῃστοῦ
3417 4590 3662 4659 ἐνέδραις
3698 4592 4012 4658 συμπνιγό-

745 4667 848 4720 sita
888 4678 972 4722 est
1015 4669 1112 4722 int
1167 4672 1250 4723 tit.
1308 4687 1366 4725 ιιι
1424 4673 1622 4736 librili,
1656 4681 1709 4728 et
1741 4674 1991 4728 decernit
2041 4693 2165 4731 eum
2215 4694 2306 4732 nor

2425 4699 2604 4750 μενον.
2661 4683 3076 4746 Κατεσκεύαζον
3120 4682 3176 4734 δέ
3213 4681 3374 4735 τοῦτο
3418 4684 3512 4734 καὶ
3546 4683 3652 4734 ἀπὺ
3697 4683 3793 4735 τοῦ
3837 4686 4010 4752 νόμου

743 4774 868 4813 esse
932 4761 1208 4827 infamem,
1262 4764 1353 4831 qui
1409 4781 1505 4833 pro
1553 4769 1878 4822 ostentanda
1937 4769 2134 4823 virtute
2199 4786 2306 4823 cun

2419 4772 2513 4824 τοῦ
2567 4773 2819 4839 κειμένου
2880 4775 2960 4834 είς
2992 4772 3083 4824 τὸν
3113 4777 3161 4823 α’
3182 4771 3362 4822 τίτλον
3428 4769 3524 4822 τοῦ
3554 4769 3604 4837 η’
3637 4770 3879 4838 βιϐλίου,
3911 4774 4010 4823 καὶ

746 4849 934 4903 bestiis
968 4855 1307 4920 pugnaverit,
1335 4864 1382 4908 et
1405 4871 1502 4925 pro
1532 4860 1894 4928 Oppugnanda
1919 4861 2094 4915 bellua
2122 4865 2306 4932 absqut

2423 4863 2817 4934 διοριζομὲνου,
2855 4864 2929 4934 μὴ
2961 4862 3292 4932 ἀτιμοῦσθαι
3339 4862 3458 4926 τὸν,
3485 4861 3646 4930 χάριν
3681 4861 4013 4924 ἐπιδείξεως

747 4953 941 4991 unum
980 4945 1264 4996 venatione
1319 4948 1622 5002 mercedem
1669 4952 1682 4989 ί
1726 4953 2017 5020 acceperit,
2077 4969 2202 5006 cum
2252 4973 2306 5009 ea

2426 4957 2695 5026 ἀνδρείας,
2726 4957 3229 5026 θηριομσχήσαντα,
3267 4955 3363 5008 καὶ
3390 4954 3482 5006 τὸν
3517 4953 3751 5005 λαϐόντα
3803 4953 4010 5021 μισθὸν

751 5029 930 5085 bellua
993 5036 1327 5102 provinciam
1393 5056 1721 5110 magnopere
1801 5043 2038 5098 ltederet.
2099 5046 2306 5115 Synodc

2426 5046 2517 5096 ἐπὶ
2544 5045 2621 5114 τῷ
2675 5045 3124 5115 καταπολεμῆσαι
3178 5045 3368 5115 θηρίον
3425 5045 3626 5111 ἔξωθεν
3680 5044 3953 5111 κυνηγίου
3989 5085 4005 5106 ,

752 5123 970 5174 ιιυιριιιι
1051 5126 1224 5179 Visum
1283 5139 1386 5189 est.
1453 5141 1507 5182 ut
1567 5133 1710 5199 quod
1766 5133 1832 5187 ad
1891 5134 2033 5201 leges
2064 5135 2306 5192 Ecclesia

2428 5135 2663 5203 βλάπτον
2710 5136 2808 5206 τὴν
2864 5137 3151 5208 ἐπαρχίαν.
3189 5137 3393 5206 Ἦρεσε
3414 5135 3470 5187 δὲ
3511 5136 3578 5203 τῇ
3609 5133 3816 5200 συνόδῳ
3844 5133 4012 5195 τέως,

751 5215 966 5278 attinet,
999 5223 1052 5270 et
1094 5220 1184 5285 qui
1230 5235 1288 5273 se
1319 5221 1692 5287 defendentes,
1743 5233 1798 5278 et
1850 5227 1939 5295 qui
1971 5238 2188 5296 propter
2222 5246 2306 5299 pu-

2426 5229 2548 5281 ὅσον
2577 5231 2715 5282 κατὰ
2745 5233 2870 5293 τοὺς
2899 5233 3097 5301 νόμους
3119 5232 3217 5301 τῆς
3256 5229 3605 5298 Ἐκκλησίας,
3640 5226 3768 5288 τοὺς
3798 5227 4015 5295 ἀμυνο-

2041 5406 2082 5460 ν
2092 5412 2124 5461 ,ι
2137 5407 2272 5464 ille
2307 5409 2597 5467 LECTION
2605 5413 2705 5470 ES.

826 5489 871 5518 ⁸³
907 5488 998 5540 τοῦ
1025 5491 1179 5557 ἁγίου
1212 5492 1510 5547 Βασιλείου.
1586 5496 1633 5526 ³⁵
1667 5495 1764 5566 τὴν
1801 5497 2122 5569 ἐπιϐουλήν.

833 5642 856 5668 ε
899 5633 950 5681 in
980 5632 1218 5694 [auribus
1253 5634 1307 5685 S.
1348 5634 1556 5686 Basilii.
1641 5636 1659 5673 τ
1701 5640 1950 5703 impetum

831 5718 934 5752 mn
964 5712 1164 5769 poterat
1197 5713 1306 5756 tuto
1337 5706 1534 5773 fugere,
1572 5724 1671 5757 non
1713 5721 2014 5764 accusatur.

811 5787 960 5826 eum
988 5789 1200 5825 arenam
1239 5776 1537 5829 mercedem.
1617 5775 1628 5824 i
1663 5787 1852 5829 tamen.

2057 5641 2080 5678 ε
2122 5650 2171 5710 et
2204 5641 2434 5705 antiqutv
2461 5642 2700 5706 superius
2734 5642 2943 5694 inserta
2976 5642 3101 5710 legis
3134 5643 3437 5704 interprete.
3489 5640 3694 5695 dicente
3727 5658 3744 5694 :
3791 5641 3858 5695 Id
3906 5655 4012 5703 est.

2119 5709 2143 5744 ιι
2172 5710 2307 5777 quod
2341 5726 2507 5762 canon
2540 5711 2788 5764 decernit,
2823 5723 2868 5764 et
2912 5712 2996 5765 (ex
3031 5709 3294 5766 indicata.
3332 5714 3390 5766 Si
3416 5723 3588 5766 autem
3639 5715 3729 5781 qui
3784 5718 4011 5769 Ot'rttiil.
