4176 6446
756 383 859 447 771
2060 376 2197 436 JUS
2236 373 2681 436 CANONICUM

3904 368 4011 430 ’ἴτε

753 502 815 546 ιιι
830 505 936 545 non
959 496 1133 545 solum
1152 486 1207 540 in
1229 483 1352 540 vitae
1365 482 1715 541 commercio.
1736 490 1898 552 prout
1921 497 2014 552 per
2038 484 2330 538 humanam

2436 483 2538 550 κῆς
2567 482 2659 535 καὶ
2683 483 3051 551 τρεφομένους
3072 482 3094 512 ⁸
3137 481 3423 552 Ἀθήναζε,
3447 481 3643 550 ἁγνοὺς
3660 486 4010 553 παραστῆσαι

754 584 1103 653 fragilitatem
1137 579 1285 641 licet,
1330 576 1594 645 inculpati
1626 577 1759 640 sint,
1802 576 1896 629 sed
1924 584 1979 630 et
2020 575 2073 629 in
2108 577 2327 642 nuptia-

754 676 899 730 libus
966 670 1347 726 contractibus
1376 669 1427 721 id
1479 678 1911 736 consequantur,
1967 683 2035 721 ne
2087 668 2327 720 divinam

751 765 923 833 legem
977 770 1032 817 et
1092 761 1260 815 Deum
1321 758 1622 821 offendant,
1698 760 1986 826 requirens
2052 756 2328 826 prohiberi

752 857 971 926 nuptias
1003 853 1221 924 septimi
1255 850 1458 920 gradus
1490 850 1833 920 cognationis
1866 848 2145 918 illegitime
2193 864 2328 902 con-

753 960 957 1003 tractas
978 964 993 1000 :
1015 944 1353 1016 synodaliter
1374 943 1555 997 retulit
1581 950 1781 995 nostra:
1796 941 2075 996 modestia:
2094 950 2142 1004 ι’,
2164 956 2330 1010 quos-

754 1040 879 1094 dam
908 1052 995 1102 ea,
1026 1052 1147 1105 qua!
1180 1051 1210 1088 a
1242 1036 1413 1090 beata:
1447 1033 1725 1086 memoria:
1751 1033 2103 1087 sanctissimo
2154 1033 2326 1101 patri-

754 1128 919 1183 archa
954 1127 1049 1181 illo
1069 1126 1295 1181 domino
1328 1124 1539 1188 Alexio,
1567 1122 1831 1193 synodice
1863 1125 2165 1177 constituta
2198 1131 2331 1177 sunt

752 1219 821 1273 de
846 1217 1309 1273 eontrahentibus
1344 1214 1756 1267 matrimonium
1786 1214 1838 1267 in
1874 1213 2104 1278 septimo
2132 1229 2332 1283 cogna-

754 1313 921 1364 tionis
963 1310 1153 1380 gradu,
1189 1308 1315 1361 data
1380 1320 1545 1376 opera
1581 1306 1905 1374 depravare,
1938 1304 2067 1359 dum
2100 1320 2208 1359 non
2261 1305 2328 1359 ad

754 1416 944 1455 eorum
976 1398 1306 1452 sententiam
1332 1396 1659 1465 respiciunt,
1694 1396 1788 1451 sed
1813 1395 1998 1450 verbis
2030 1395 2331 1451 oscitanter

753 1494 1038 1547 inhaerent.
1100 1487 1234 1543 Nam
1302 1488 1397 1543 illo
1474 1488 1696 1557 quidem
1780 1487 2044 1557 synodice
2107 1488 2331 1557 nuptias

751 1584 967 1653 septimi
1009 1582 1215 1652 gradus
1244 1580 1594 1651 prohibente,
1626 1579 1671 1633 si
1721 1592 1908 1634 earum
1946 1578 2114 1648 petita
2167 1577 2331 1631 fuerit

750 1682 948 1734 venia:
981 1678 1065 1731 sin
1108 1678 1315 1738 minus,
1343 1688 1439 1727 eas
1466 1672 1775 1727 indivulsas
1824 1687 2047 1726 manere
2102 1671 2329 1740 permit-

751 1770 1019 1832 tente,sed
1037 1783 1132 1822 eos
1150 1769 1240 1836 qui
1259 1774 1672 1827 contraxerunt,
1694 1763 2234 1834 pcenissuhjiciente;
2258 1763 2332 1816 id-

751 1879 857 1934 que
876 1864 1100 1916 omnino
1118 1861 1196 1915 sic
1211 1861 1324 1914 fieri
1339 1859 1647 1924 definiente,
1660 1866 1713 1911 et
1727 1859 1773 1912 si
1793 1859 1886 1926 qui
1904 1867 2104 1912 coeunt
2119 1868 2165 1921 ι,
2187 1860 2332 1929 igno-

761 1963 950 2009 rantes
991 1964 1158 2022 quoto
1219 1951 1388 2019 gradu
1448 1965 1477 2003 a
1533 1965 1591 2004 se
1639 1949 1874 2003 invicem
1920 1950 2149 2014 distent,
2199 1952 2331 2006 tales

751 2046 970 2112 nuptias
1015 2041 1428 2096 contraxerint:
1459 2039 1719 2109 (quonam
1746 2041 1891 2094 enim
1934 2041 2115 2104 modo,
2141 2040 2188 2095 si
2224 2056 2330 2095 non

753 2135 826 2188 ita
848 2134 950 2186 hoc
972 2131 1046 2184 illi
1074 2129 1423 2185 sanctissimo
1447 2128 1770 2199 patriarcha:
1793 2129 2160 2197 excogitatum
2190 2129 2261 2184 sit
2284 2130 2328 2195 ε,

754 2226 820 2281 de
848 2240 958 2279 una
990 2225 1291 2294 eademque
1354 2238 1415 2277 re
1468 2223 1615 2276 velut
1652 2221 1927 2276 contraria
1963 2221 2212 2291 quadam
2239 2221 2333 2277 de-

755 2318 908 2370 finita
950 2316 1101 2375 sint?
1137 2318 1600 2385 quouam‘autem
1632 2314 1794 2367 modo
1826 2313 1971 2382 quod
2024 2328 2148 2367 cum
2204 2312 2332 2368 dolo

754 2407 893 2463 clam
921 2407 1122 2462 factum
1138 2414 1238 2467 est,
1270 2404 1607 2459 indivulsum
1642 2417 1861 2458 manere
1890 2404 2202 2467 constituit,
2236 2405 2329 2474 qui

755 2517 865 2556 non
913 2501 1183 2571 permittit
1218 2500 1356 2561 fieri,
1393 2498 1438 2551 si
1491 2502 1610 2565 ejus
1658 2498 1816 2552 venia
1852 2497 2133 2566 petatur?)
2166 2512 2332 2567 quos-

756 2593 880 2647 dam
916 2593 1081 2662 igitur
1114 2591 1247 2645 illud
1287 2590 1556 2654 videntes,
1612 2589 2079 2658 quemadmodum
2128 2597 2332 2643 nostra:

756 2686 1126 2743 mediocritati
1184 2686 1416 2739 relatum
1476 2690 1583 2747 est,
1637 2697 1807 2751 seque
1858 2683 2075 2748 septimi
2130 2681 2331 2751 gradus

759 2794 882 2833 esse
908 2778 1162 2841 scientes,
1188 2786 1263 2840 et,
1292 2777 1336 2830 si
1372 2775 1537 2844 hujus
1562 2774 1705 2827 modi
1734 2781 2050 2829 contractus
2088 2775 2192 2829 sub
2249 2776 2332 2827 in-

757 2869 1182 2937 terrogationem
1241 2869 1420 2933 cadat,
1456 2868 1607 2921 nullo
1640 2867 1803 2921 modo
1846 2868 2176 2937 permissum
2222 2866 2328 2921 iri:

758 2961 827 3015 de
852 2961 1152 3025 industria,
1186 2961 1421 3030 maligne
1453 2961 1824 3030 agere,timori
1852 2959 1946 3014 Dei
1974 2969 2027 3014 et
2055 2961 2333 3014 canonica:

760 3054 1147 3107 constitutioni
1204 3054 1552 3122 propriarum
1626 3052 1917 3106 libidinum
1966 3052 2329 3121 expletionem

2431 573 2715 643 Θεῷ,ἀλλὰ
2742 574 2973 637 καὶτοὺς
2994 574 3289 643 μέλλοντας
3308 575 3385 636 είς
3398 574 3458 627 τὸ
3473 572 3612 627 εἶναι
3630 574 3717 628 διά
3740 576 4011 643 γενέσεως

2431 666 2711 736 ἔρχεσθαι,
2737 667 2995 736 ἐννόμους
3012 666 3155 735 ἔχειν
3166 667 3264 729 τὰς
3282 668 3537 737 ἀπαρχάς
3552 669 3652 737 τῆς
3672 670 4011 737 γεννήσεως,

2431 760 2526 812 καὶ
2556 758 2851 827 ἑνθὲσμους
2874 758 2974 821 τὰς
3002 758 3225 828 πρώτας
3255 759 3392 829 πρὸς
3408 761 3585 829 γάμον
3616 760 3951 828 συναγωγάς
3969 760 4013 825 ³,

2429 849 2506 913 ὡς
2549 850 2623 920 μή
2661 850 2819 920 μόνον
2852 851 2910 901 ἐν
2936 853 3054 913 ταῖς
3106 849 3387 918 βιωτικαῖς
3448 851 3816 919 συναλλαγαῖς
3867 852 4016 921 ἔχειν

2431 941 2507 1003 ὡς
2540 941 2668 1012 ἐξῆν
2708 940 3017 1011 ἀνθρώποις
3074 941 3136 994 τὸ
3181 941 3495 1011 ἄμεμπτον,
3552 943 3691 995 ἀλλά
3754 945 3862 995 κάν
3902 948 4017 1003 τοῖς

2431 1033 2695 1099 γαμικοῖς
2727 1031 3141 1101 συναλλάγμασι
3160 1032 3462 1101 κεκτῆσθαι
3490 1033 3628 1103 πρός
3650 1050 3711 1085 τε
3740 1033 3835 1085 τὸν
3870 1033 4015 1085 θεῖον

2430 1122 2598 1190 νόμον
2658 1122 2752 1175 καὶ
2814 1123 2950 1192 πρὸς
2998 1124 3133 1175 Θεὸν
3158 1123 3219 1175 τὸ
3247 1124 3620 1193 ἀπρόσκοπον,
3671 1124 3765 1175 τὸν
3821 1125 3893 1175 ἐκ
3920 1123 4014 1175 τοῦ

2432 1214 2660 1282 ἑϐδόμου
2691 1213 2752 1278 ἐξ
2784 1215 3015 1285 αἵματος
3039 1216 3055 1246 ⁸
3082 1214 3292 1284 βαθμοῦ
3317 1217 3708 1285 συνιστάμενον
3734 1216 3922 1285 γάμον
3954 1215 4015 1267 ά-

2434 1305 2670 1374 θέσμως,
2697 1306 2877 1373 ζητῶν
2906 1307 3215 1376 κωλυθῆναι
3266 1307 3583 1370 συνοδικῶς,
3614 1310 3681 1378 τῇ
3711 1308 3875 1377 ἡμῶν
3919 1310 4014 1360 ἀν-

2433 1395 2629 1464 ήνεγκε
2660 1396 2987 1466 μετριότητι,
3013 1396 3086 1460 ὣς
3124 1414 3273 1460 τινες
3295 1399 3364 1451 τὰ
3376 1399 3526 1468 παρά
3556 1399 3647 1451 τοῦ
3674 1401 3731 1451 ἑν
3758 1417 3913 1469 μακα
3925 1401 4015 1469 pi;

2431 1491 2498 1558 τῇ
2528 1489 2679 1556 λήξει
2707 1489 2800 1542 τοῦ
2824 1490 3127 1556 ἀγιωτάτου
3161 1490 3369 1559 πατριά
3395 1508 3526 1560 ρχου
3563 1490 3774 1544 ἑκείνου
3813 1492 4013 1560 κυρίου

2444 1579 2682 1645 Ἀλεξίου
2708 1582 3002 1645 συνοδικῶς
3035 1583 3460 1652 οἱκονομηθὲντα
3491 1584 3582 1636 ἐπὶ
3619 1587 3730 1647 τοῖς
3752 1583 3813 1648 ἑξ
3834 1584 4012 1652 αἷμα-

2431 1691 2521 1738 τος
2540 1675 2766 1745 ἑϐδόμου
2792 1676 3001 1745 βαθμοῦ
3032 1677 3269 1745 γαμικὸν
3302 1676 3596 1729 συνεστῶσι
3624 1676 4013 1746 συνάλλαγμα,

2435 1769 2951 1839 παραχαράττουσιν
2998 1770 3196 1829 ἑκοντὶ,
3236 1769 3312 1839 μὴ
3344 1769 3480 1836 πρὸς
3543 1769 3635 1821 τὸν
3687 1768 4015 1838 ἐγκείμενον

2434 1860 2646 1922 τούτοις
2698 1858 2820 1913 νοῦν
2855 1858 3277 1922 ἀποϐλέποντες,
3298 1862 3419 1923 ταῖς
3450 1860 3508 1912 δὲ
3532 1860 3708 1925 λέξεσι
3742 1877 4015 1928 κακοσχο-

2432 1952 2599 2012 λαίως
2641 1952 3091 2019 ἑναπομὲνοντες.
3128 1951 3366 2004 Ἐκείνου
3424 1952 3533 2019 γάρ
3583 1950 3881 2013 συνοδικῶς
3924 1952 4015 2003 τὸν

2434 2042 2493 2108 ἐξ
2518 2043 2744 2111 ἑϐδόμου
2758 2044 2934 2112 γάμον
2956 2042 3166 2112 βαθμοῦ
3196 2045 3245 2095 εί
3278 2043 3377 2112 μὲν
3406 2042 3735 2112 ἐρωτηθείη,
3768 2042 4014 2095 κωλῦον.

2433 2154 2523 2199 τος
2553 2136 2799 2205 γίνεσθαι
2822 2151 2837 2166 °
2872 2138 2919 2188 εί
2944 2136 2998 2189 δὲ
3025 2135 3132 2205 πρὸ
3176 2137 3497 2205 ἐρωτήσεως
3521 2136 3771 2204 γένηται,
3826 2136 4013 2205 μένειν

2438 2230 2536 2299 μὲν
2583 2230 2954 2282 ἀδιάσπαστον
3001 2230 3408 2296 ἐπιτρέποντος,
3460 2229 3761 2296 ἐπιτιμίοις
3790 2229 3849 2281 δὲ
3882 2230 4012 2291 τοῦς

2437 2321 2870 2387 συναλλάξαντας
2916 2322 3311 2384 ὑποϐάλλοντος
3340 2361 3356 2385 ,
3421 2323 3515 2374 καὶ
3571 2322 3733 2375 τοῦτο
3783 2322 4014 2383 πάντως

2434 2412 2575 2466 οὕτω
2595 2413 2964 2484 διοριζομένου
3005 2413 3277 2481 γίνεσθαι,
3312 2414 3422 2466 εἴτε
3447 2414 3468 2445 ⁸
3500 2414 3551 2466 οἱ
3586 2415 4014 2482 συναπτόμενοι,

2434 2505 2753 2573 ἀγνοοῦντες
2808 2506 2992 2559 ὁποίου
3052 2506 3179 2576 πρὸς
3213 2507 3479 2574 ἀλλήλους
3509 2503 3619 2560 εἷεν
3650 2506 3891 2574 βαθμοῦ,
3922 2508 4015 2558 τὶν

2433 2597 2672 2650 τοιοῦτον
2716 2599 2893 2665 γάμον
2951 2599 3350 2667 συστήσονται⁶
3374 2615 3389 2629 ·
3418 2599 3533 2662 πῶς
3574 2599 3685 2668 γάρ
3716 2599 3805 2663 ἂν,
3855 2601 3908 2650 εί
3941 2600 4019 2668 μὴ

2431 2687 2574 2740 οὕτω
2625 2688 2782 2741 τοῦτο
2812 2688 3005 2757 ἐκείνῳ
3031 2689 3107 2758 τῷ
3143 2690 3433 2760 ἁγιωτάτῳ
3475 2691 3795 2760 πατριάρχῃ
3822 2692 4019 2765 νενόη-

2432 2779 2564 2833 ταιτ
2613 2781 2743 2849 περὶ
2786 2781 2903 2843 ἑνιὸς
2933 2782 3024 2834 καὶ
3045 2782 3140 2834 τοῦ
3175 2782 3341 2834 αὑτοῦ
3373 2783 3699 2852 πράγματος
3728 2776 3845 2834 οἷον
3911 2783 4020 2834 ὐπ-

2434 2872 2653 2925 εναντία
2710 2872 2833 2925 τινὰ
2891 2873 3292 2939 κεκανόνιστο;
3343 2872 3469 2936 Πῶς
3514 2873 3570 2925 δέ
3597 2873 3658 2925 τὸ
3710 2872 4021 2936 ἐπιϐούλως

2434 2964 2619 3033 κρύφα
2650 2966 3046 3034 πραττόμενον,
3081 2966 3266 3035 μένειν
3297 2966 3665 3020 ἀδιάσπαστον
3698 2965 4014 3030 διετάξατο,

2432 3058 2460 3109 ὁ
2493 3057 2626 3126 μηδὲ
2672 3057 2919 3125 γίνεσθαι
2968 3059 3276 3128 συγχωρῶν
3303 3046 3463 3111 τοῦτο
3486 3059 3650 3110 πεσόν
3676 3056 3766 3108 ὑπ’
3799 3057 4022 3125 εΜ-

757 3144 1139 3214 prtefe‘rcutes.
1173 3146 1316 3214 quod
1340 3145 1423 3198 vel
1465 3145 1693 3199 florente
1732 3146 2141 3213 pulchritudine
2173 3144 2327 3207 victi,

2437 3148 2597 3212 cw;)
2638 3146 2796 3199 τοῦτο
2854 3146 2986 3214 γοῦν
3037 3148 3183 3209 τινὲς
3233 3148 3453 3212 εἰδότες,
3491 3148 3567 3210 ὡς
3620 3148 3923 3217 ἀνήνεκται
3950 3148 4022 3215 τῇ

757 3245 851 3290 aut
887 3235 1185 3292 fluentibus
1211 3236 1419 3291 divitiis
1440 3236 1683 3302 adducti,
1712 3246 1806 3291 aut
1837 3238 2051 3308 generis
2078 3237 2326 3292 sublimi-

759 3335 871 3379 tate
893 3329 1150 3396 pertrarti
1186 3326 1407 3382 fuerint.

756 3417 1011 3489 ἀλλαγμα
1040 3419 1131 3472 ὑπ’
1153 3420 1445 3492 ἐρώτησιν,
1489 3421 1707 3485 πάντως
1729 3421 1839 3476 οὐδ’
1866 3422 2004 3486 ὅλως
2073 3421 2347 3493 προϐῆναι
2390 3422 2876 3493 συγχωρηοήσεται
2909 3439 2922 3453 ·
2980 3421 3380 3492 κακουργοῦσιν
3464 3422 3718 3491 ἐπίτηδες
3744 3461 3761 3484 ,

2439 3239 2470 3305 ἡ
2481 3237 2598 3306 μῶν
2630 3238 2962 3307 μετριότητι,
2986 3241 3078 3291 καὶ
3107 3240 3179 3301 ὡς
3203 3237 3429 3306 ἑϐδόμου
3456 3238 3665 3308 βαθμοῦ
3710 3239 4026 3306 τυγχάνον·

2443 3345 2528 3380 σιν
2586 3329 2962 3398 ἐπιστάμενοι,
3004 3331 3097 3383 καὶ
3143 3330 3219 3390 ὡς
3242 3330 3459 3401 είπὲσῃ
3489 3333 3548 3381 τ’)
3589 3328 3838 3381 τοιοῦτον
3889 3346 4023 3381 συν-

3851 3422 4024 3488 φόϐου

758 3514 905 3570 θείου
940 3518 1033 3570 καὶ
1065 3519 1355 3588 κανονικῆς
1379 3519 1709 3590 ἐπίπροσθεν
1741 3521 2037 3583 διατάξεως
2081 3521 2180 3588 τὴν
2242 3520 2350 3572 τῶν
2426 3519 2645 3572 οἰκείων
2700 3520 3047 3589 ἐκπλήρωσιν
3126 3519 3448 3589 θελημάτων
3501 3518 3816 3587 τιθέμενοι·
3862 3518 3944 3581 ὡς
3991 3518 4027 3588 ἢ

758 3611 849 3663 τοῦ
900 3612 1215 3681 ἀμαράντου
1274 3611 1502 3673 κάλλους
1547 3611 1930 3681 ήττώμενοι,ἢ
1973 3612 2192 3683 πλούτῳ
2242 3610 2321 3681 τῷ
2364 3612 2540 3682 ρέοντι
2636 3611 3000 3681 ὑπαγόμενοι,
3051 3611 3084 3675 ἢ
3156 3614 3251 3665 καὶ
3302 3612 3496 3681 γένους
3550 3612 3794 3681 ὑπεροχῇ
3858 3612 4029 3681 ὑφελο

758 3707 998 3774 κόμενοι.

830 3795 1024 3850 Nostra
1075 3797 1290 3865 igitur“
1342 3796 1667 3860 moderatio,
1720 3797 1915 3866 partim
1990 3812 2088 3866 pro
2152 3796 2336 3851 divina

759 3889 878 3958 lege
912 3902 1285 3957 propugnans,
1322 3889 1517 3955 partim
1550 3888 1864 3957 hujusmodi
1899 3888 2205 3942 facinorum
2241 3902 2338 3957 pa-

761 3990 972 4034 ternam
1003 3994 1191 4033 curam
1256 3979 1473 4033 habes:
1538 3979 1605 4033 iis
1661 3979 1805 4033 enim
1850 3979 2113 4034 divinitus
2161 3980 2340 4032 immi-

760 4081 871 4134 εει,
911 4081 970 4124 ιιι
998 4070 1382 4125 inobedientize
1418 4071 1569 4137 filiis,
1603 4072 1967 4126 intolerabilis
2015 4072 2117 4137 ira,
2148 4080 2208 4123 ut
2235 4086 2335 4123 au-

762 4172 868 4216 tem
904 4163 1090 4215 horam
1146 4161 1441 4229 aliquando
1484 4173 1538 4217 et
1563 4163 1722 4217 ambo
1766 4163 1892 4216 talia
1932 4164 2338 4217 committentes

764 4255 958 4307 mortis
987 4253 1166 4321 gladio
1194 4254 1607 4315 exscindantur,
1645 4263 1739 4308 aut
1773 4272 1869 4324 per
1894 4262 2123 4309 mortem
2156 4256 2335 4308 omni-

762 4358 835 4397 no
867 4344 1002 4395 alter
1031 4343 1097 4395 ab
1125 4344 1295 4396 altero
1335 4352 1639 4412 separetur,
1708 4345 1854 4414 quod
1915 4346 2052 4400 tales
2110 4345 2330 4416 nuptiae,

763 4450 867 4489 non
893 4437 1003 4488 sint
1050 4435 1271 4503 nuptiae,
1316 4437 1407 4489 sed
1463 4436 1771 4505 nuptiarum
1802 4436 2191 4491 dissolutiones
2227 4458 2239 4490 :
2282 4445 2335 4489 ct

764 4528 887 4581 talis
932 4527 1273 4595 conjunctio,
1326 4530 1598 4596 separatio
1642 4530 1823 4596 potius
1852 4537 1905 4581 et
1968 4530 2229 4593 exitium;
2280 4537 2335 4579 ct

2527 3796 2592 3847 'll
2619 3795 2799 3848 τοίνυν
2826 3798 3117 3865 μετριότης
3149 3794 3326 3863 ήμῶν,
3373 3792 3534 3846 τοῦτο
3562 3794 3682 3863 μὲν,
3739 3794 3837 3847 τοῦ
3875 3795 4027 3847 θείου

2446 3890 2613 3956 νόμου
2644 3886 3063 3956 ὑπερμαχοῦσα,
3098 3886 3255 3938 τοῦτο
3286 3886 3363 3949 δὲ,
3393 3885 3489 3937 καὶ
3520 3885 3625 3937 τῶν
3668 3884 3798 3937 οῦτο
3821 3886 3984 3939 τοῦτο
4003 3890 4028 3921 ⁸

2445 3978 2916 4048 κατατολμώντων
2958 3975 3239 4046 πατρικῶς
3288 3963 3560 4045 κηδομένη
3620 3974 3868 4047 (ἔρχεται
3916 3980 4029 4043 γὲρ

2442 4071 2531 4123 ἐπ’
2566 4069 2767 4132 αὐτοὺς
2795 4070 2839 4129 ⁸,
2882 4068 2958 4130 ὼς
2989 4069 3135 4127 Licia;
3166 4067 3471 4129 ἀπειθείας,
3515 4066 3700 4118 θεόθεν
3751 4067 3896 4137 όργὴ
3930 4070 4029 4120 ἀν-

2443 4164 2767 4223 υπόστατος,
2797 4160 2874 4223 ὡς
2913 4162 3021 4230 πρὸ
3068 4159 3215 4229 ὧρας
3243 4159 3390 4211 ἔστιν
3434 4155 3496 4212 οῦ
3548 4161 3641 4211 καὶ
3688 4160 3864 4228 ἄμφω
3900 4164 4030 4223 τοὺς

2441 4252 2768 4323 δεδρακότας
2797 4251 3021 4304 τοιαῦτα
3060 4251 3136 4319 τῷ
3156 4250 3249 4304 τοῦ
3306 4251 3540 4303 θανάτου
3567 4250 3711 4318 ξίφει
3760 4252 4028 4319 entan-

2444 4340 2591 4402 σθαι,
2625 4339 2658 4407 ἦ
2686 4339 2904 4399 πάντως
2949 4337 3177 4408 θάτερον
3208 4339 3302 4392 τοῦ
3360 4341 3550 4409 ἑτέρου
3597 4340 4028 4393 άποδιίστασθαι

2441 4431 2528 4484 διὰ
2562 4432 2794 4483 θανάτου
2826 4431 2892 4484 ¹⁶.
2934 4432 3055 4482 Ὀτι
3097 4429 3228 4499 μηδὲ
3274 4430 3451 4499 γάμος
3475 4432 3502 4483 ὀ
3530 4429 3771 4491 τοιοῦτος
3820 4433 4027 4499 γάμος,

2438 4522 2576 4574 ἀλλὰ
2609 4523 2786 4590 γάμου
2822 4522 3116 4583 κατάλυσις
3149 4538 3165 4553 ο
3198 4523 3293 4574 καὶ
3359 4524 3393 4590 ἠ
3446 4521 3671 4590 τοιαύτη
3725 4525 4025 4592 συνάφεια,

764 4620 888 4673 talis
918 4618 1284 4680 converSatio,
1322 4622 1535 4672 eversio
1566 4621 1746 4687 porius
1802 4628 1854 4673 et
1886 4619 2159 4673 interitus.
2213 4619 2332 4672 Pul-

2443 4613 2727 4674 διάστασις
2761 4614 2963 4681 μᾶλλον
2996 4613 3092 4665 καὶ
3135 4612 3355 4682 ὄλεθρος
3381 4630 3396 4644 ο
3440 4614 3535 4665 καὶ
3576 4615 3609 4678 ή
3664 4617 3896 4684 τοιαύτη
3934 4616 4027 4667 διά

763 4708 1095 4761 chritudirris
1128 4708 1290 4759 etiam
1322 4708 1530 4772 frnitio,
1559 4708 1720 4777 hujus
1748 4709 1871 4763 vitae
1906 4707 2337 4763 dissolutiones:

765 4800 978 4867 generis
1005 4799 1283 4862 exaltatio,
1319 4800 1618 4854 destructio
1644 4801 1852 4869 potius,
1886 4810 1941 4855 et
1973 4801 2027 4855 in
2064 4801 2335 4854 infernum

763 4886 971 4942 ducens
1008 4888 1145 4940 viam
1185 4904 1200 4953 ;
1234 4894 1289 4941 et
1315 4886 1629 4941 divitiarum
1664 4891 1910 4950 satietas,
1939 4903 2125 4943 eorum
2161 4888 2341 4957 potius

764 4990 882 5041 quia:
930 4986 1251 5039 cernuntur,
1320 4978 1551 5044 privatio
1602 4978 1848 5030 constitit
1878 4985 1925 5030 '.
1960 4989 2177 5047 propter
2228 4978 2342 5030 haec

766 5065 935 5127 igitur
967 5066 1271 5120 moderatio
1306 5076 1517 5128 nostra,
1562 5082 1685 5121 cum
1719 5076 2075 5121 sacrosancta
2139 5068 2336 5122 frater-

768 5155 959 5219 nitate,
995 5154 1192 5208 factam
1230 5170 1258 5209 ιι
1291 5157 1636 5211 sanctissimo
1674 5159 1980 5225 patriarcha
2008 5160 2230 5213 donnno
2259 5160 2331 5211 A-

774 5244 917 5300 lexio
971 5246 1289 5317 synotlalem
1323 5246 1786 5317 dispensationem
1821 5248 1873 5300 in
1907 5249 2114 5317 nuptiis
2167 5251 2334 5317 septi-

2444 4705 2623 4774 γάμου
2658 4705 3094 4773 συναναστροφὴ,
3130 4704 3485 4775 καταστροφὴ
3522 4704 3725 4773 μᾶλλόν
3755 4708 3881 4759 ἑστι
3931 4710 4026 4759 καὶ

2442 4794 2687 4846 ἀπώλεια
2720 4808 2735 4822 ο
2759 4794 2792 4862 ἦ
2831 4810 2889 4845 τε
2922 4792 3017 4845 τοῦ
3040 4791 3272 4855 κάλλους
3314 4794 3639 4853 ἀπόλαυσις,
3674 4794 3774 4846 τοῦ
3834 4798 4025 4849 ἐνθάδε

2446 4883 2562 4952 βίου
2596 4884 2858 4945 ἀπόλυσις
2884 4899 2898 4912 ·
2924 4884 2959 4951 ἢ
2983 4900 3042 4935 τε
3071 4884 3166 4939 τοῦ
3195 4871 3389 4953 γένους
3422 4884 3721 4953 άνύψωσις,
3756 4887 4025 4953 καθαίρε-

2446 4992 2532 5037 σις
2566 4975 2765 5042 μᾶλλον
2816 4977 2912 5025 καὶ
2959 4975 3077 5035 όδὸς
3118 4977 3195 5036 είς
3228 4974 3363 5045 ᾅδην
3414 4976 3701 5042 ἀπάγουσα
3727 4975 3771 5005 ³⁸
3804 4993 3820 5005 ·
3863 4979 3959 5029 καὶ
3994 4980 4028 5045 ἡ

2442 5066 2534 5118 τοῦ
2561 5066 2791 5118 πλούτου
2824 5068 3123 5137 πλήρωσις,
3175 5066 3285 5117 τῶν
3313 5068 3606 5137 ὁρωμένων
3645 5066 3855 5134 μᾶλλον
3886 5069 3992 5120 καθ

2441 5159 2635 5225 ἔστηκε
2665 5160 2961 5227 στέρησις.)
2986 5160 3085 5210 Διά
3115 5159 3244 5226 γοῦν
3270 5160 3443 5212 ταῦτα
3466 5162 3497 5229 ή
3521 5161 3813 5229 μετριότης
3840 5161 4026 5229 ήμῶν,

2448 5251 2583 5319 μετὰ
2615 5249 2710 5319 τῆς
2768 5251 2919 5320 ἱερᾶς
2956 5251 3340 5319 ἀδελφότητος,
3369 5251 3471 5321 τὴν
3516 5256 3809 5320 γεγονυῖαν
3856 5258 4023 5321 παρά

2053 5453 2283 5508 VARIAI
2342 5454 2742 5510 LECTIONES.

844 5570 1297 5638 ’στρεφομένους.
1376 5570 1394 5602 ³
1428 5569 1781 5635 συναλλαγὰς.

815 5640 959 5692 οὕτω
995 5641 1204 5691 τούτου.
1283 5641 1303 5671 ⁹
1334 5640 1426 5692 ἐπὶ
1464 5642 1585 5702 τοὺς
1620 5638 1789 5700 υἱούς.

844 5780 865 5806 ι’
900 5773 1034 5823 nterii
1058 5774 1269 5824 ‘critali.
1352 5778 1371 5805 '
1415 5772 1670 5840 siquidem
1703 5773 1760 5835 ii,
1799 5772 1886 5840 qui
1914 5782 2119 5825 coeunt.

1867 5568 1887 5598 ⁸
1918 5569 2006 5621 τὸν
2021 5568 2113 5620 τοῦ
2131 5569 2287 5620 ἕκτου
2323 5568 2530 5638 βαθμοῦ
2564 5569 2621 5633 ἐξ
2654 5570 2899 5638 αἵματος.

1870 5638 1911 5669 ¹⁰
1939 5639 2153 5708 θανάτῳ
2175 5638 2497 5692 διίστασθαι.

2205 5772 2222 5808 ί
2262 5772 2581 5826 intellectum
2612 5772 2696 5825 sit.

2978 5573 2999 5603 ⁸
3023 5572 3074 5625 εί
3098 5590 3182 5640 γε.
3261 5575 3282 5605 ⁸
3304 5575 3649 5644 συστήσαιεν.
3727 5578 3749 5608 '
3778 5578 4026 5649 νενόηται

2577 5641 2615 5669 ¹¹
2642 5642 2974 5707 κατάγουσα.

2779 5785 2804 5811 ιι
2834 5775 3194 5830 mediocritas.
3276 5784 3297 5810 τ
3322 5777 3529 5830 exsistit
3557 5787 3577 5826 :
