4176 6446
162 376 268 446 τ’ἷ3

1421 375 1689 436 GR/ECO
1715 375 2117 436 ROMANUM.
3324 380 3393 441 77

163 486 256 540 τοῦ
309 485 619 552 άγιωτάτου
660 483 1002 554 πατριάρχου
1050 482 1245 554 κυρίου
1310 481 1552 545 Ἀλεξίου
1624 499 1750 534 συν-

1858 483 1927 535 mi
1956 482 2160 551 gradus
2192 481 2543 552 cognationis
2589 482 2915 538 nominatim
2977 498 3086 540 non
3140 484 3432 555 prohibitis

162 578 350 647 οὗικὴν
374 578 416 609 ⁸⁸
438 577 765 646 οίκονομίαν,
786 577 879 628 ἐπὶ
893 574 969 645 τῷ
987 575 1030 607 ⁵³
1049 576 1226 646 ῥητῶς
1244 574 1335 627 ἐπὶ
1354 572 1447 625 τοῦ
1467 572 1745 625 πολιτικοῦ

162 667 333 736 νόμου
368 666 444 739 μὴ
474 666 772 720 κωλυθέντι
810 665 905 719 ἐπὶ
934 666 1029 718 τοῦ
1068 667 1127 731 ἐξ
1152 666 1196 696 ⁸⁵
1245 664 1478 735 αἵματος
1516 664 1746 733 ἑϐδόμου

154 758 382 842 βαθμοῦ
409 759 575 829 γάμῳ
610 759 678 821 ⁸⁸,
708 760 845 827 μήτε
882 757 1137 827 καθαρῶς
1184 756 1560 825 ἐπι-τραπέντι,
1612 771 1748 824 κρα-

162 853 407 906 τύνουσα
441 853 537 904 καὶ
574 850 934 919 στηρίζουσα,
986 849 1081 903 καὶ
1129 842 1243 901 οἷον
1297 843 1751 916 ὲφερμηνεύουσά

164 963 222 997 τε
241 946 340 997 καὶ
372 944 747 1013 σαφηνίζουσα
771 957 785 971 ·
816 942 934 1012 ἅμα
956 940 1012 993 δὲ
1043 938 1139 993 καὶ
1168 938 1227 991 τὸ
1258 938 1367 991 τῶν
1409 936 1620 990 πολλῶν
1652 955 1750 991 κα-

165 1035 405 1106 κοῦργόν
435 1052 495 1086 τε
525 1034 621 1086 καλ⁵
673 1034 970 1103 περίεργον
1004 1030 1436 1100 περικόπτουσα,
1493 1029 1588 1082 καὶ
1638 1024 1749 1083 οἷον

165 1129 229 1179 ἐκ
268 1127 427 1197 ῥίζης
450 1126 617 1195 αὑτῆς
652 1125 973 1187 ἀνασπῶσα,
1009 1123 1094 1176 ἵνα
1128 1123 1202 1192 μὴ
1237 1121 1333 1175 καλ⁵
1348 1119 1427 1173 ἔτι
1450 1120 1491 1151 ¹⁶
1509 1137 1749 1191 παρανοο

167 1216 304 1285 μίας
359 1215 680 1285 ἑξανατείλῃ
738 1213 1119 1284 βλαστήματα,
1168 1210 1265 1264 καὶ
1308 1210 1476 1264 τέκνα
1512 1208 1751 1280 μωμητά

164 1308 477 1378 πληθυνθῇ,
501 1307 597 1360 καὶ
630 1305 736 1357 υίοὶ
758 1304 868 1358 τῶν
899 1303 1060 1356 θείων
1086 1304 1265 1371 νόμων
1316 1300 1625 1373 αὑξηθῶσιν
1656 1300 1751 1353 άλ-

162 1398 375 1467 λότριοι
397 1413 411 1428 ·
444 1398 532 1451 τὸν
561 1400 623 1450 ἐκ
648 1395 742 1451 τοῦ
776 1394 1021 1449 τοιούτου
1043 1393 1221 1464 γάμον
1257 1391 1469 1463 βαθμοῦ
1499 1392 1561 1444 οὑ
1590 1390 1752 1462 μόνον

164 1488 529 1559 ἐρωτώμενον
562 1487 877 1560 προϐαίνειν
898 1484 1121 1549 κωλύει,
1154 1484 1291 1537 ἀλλὰ
1317 1485 1413 1537 καὶ
1458 1483 1564 1553 πρὸ
1614 1484 1753 1553 ἐρω-

162 1583 384 1651 τησεως
408 1581 778 1650 γεγενημένον
816 1576 1150 1631 διασπᾶσθαι
1189 1574 1586 1628 διακελεύεται·
1616 1592 1753 1628 παν-

165 1672 300 1738 τελῆ
356 1669 451 1723 τοῦ
512 1670 759 1724 τοιούτου
815 1668 993 1738 γάμου
1034 1666 1233 1736 ἀργίαν
1266 1665 1752 1736 καταῲηφιζομένη

166 1762 280 1815 ἀπὸ
311 1760 414 1830 τῆς
455 1762 702 1830 σήμερον
733 1774 747 1788 ·
790 1760 897 1811 τῶν
934 1758 1260 1828 φθασάντων
1292 1757 1546 1825 γενέσθαι
1577 1757 1754 1811 τοιού-

164 1872 278 1907 των
329 1854 549 1922 γάμων,
601 1854 783 1924 μένειν
823 1854 1041 1913 πάντως
1092 1851 1419 1919 ὀφειλόντων
1486 1848 1755 1903 άδιασπά-

167 1962 333 1999 στων.
372 1944 446 1998 Τὸ
501 1945 632 2013 γοῦν
695 1944 804 1998 ἀπὸ
856 1944 1011 1997 τοῦδε
1044 1945 1091 1996 ei
1138 1941 1379 1996 τοιοῦτον
1427 1942 1605 2011 γάμον
1653 1958 1751 1995 συ-

168 2038 373 2105 στῆσαι
417 2037 803 2105 τολμήσοντες,
836 2033 897 2087 οὑ
961 2034 1122 2102 μόνον
1152 2031 1247 2084 τοῦ
1282 2031 1483 2084 οἰκείου
1547 2030 1751 2083 σκοποῦ

166 2127 428 2197 οὐδαμῶς
446 2125 873 2188 ἀπολαύσουσιν,
896 2124 1033 2178 ἀλλά
1059 2125 1153 2176 καὶ
1184 2122 1323 2194 μετὰ
1345 2125 1442 2192 τῆς
1467 2122 1559 2175 τοῦ
1578 2121 1753 2174 τοιού-

167 2235 259 2271 του
302 2218 753 2286 συναλλάγματος
787 2217 1158 2280 διασπάσεως,
1184 2215 1279 2268 καὶ⁷
1308 2214 1603 2284 άφορισμῷ
1657 2230 1754 2266 κα-

169 2309 708 2378 θυποῦληθησονται,
744 2308 819 2371 ὡς
852 2307 1153 2376 συγγενικά
1180 2306 1501 2375 συγχέοντες
1520 2306 1753 2375 αἵματα,

169 2404 264 2455 καὶ
296 2402 376 2463 ὡς
403 2401 498 2455 τοῦ
554 2399 820 2470 παρόντος
872 2396 1150 2450 συνοδικοῦ
1200 2394 1429 2467 ὁρισμοῦ
1480 2411 1756 2466 καταφρο-

168 2492 355 2561 νηταί·
389 2491 526 2543 οἵτε
556 2495 670 2553 τοῖς
706 2489 849 2543 οῦτω
888 2489 1283 2542 συναλάττουσι
1325 2485 1753 2552 συναινέσοντες,

168 2582 479 2651 αὑστηρίας
511 2582 799 2650 κανονικῆς
852 2581 1300 2650 πειραθήσονται,
1336 2577 1433 2631 καὶ
1466 2579 1517 2630 οί
1554 2578 1758 2649 ἱερολο-

169 2677 343 2743 γῆσαι
364 2672 732 2742 τολμήσοντες
758 2670 1079 2742 καθαιρέσει
1113 2668 1607 2738 ὑποῦληθήσονται.

242 2765 437 2817 Ταῦτα
469 2765 577 2817 ἀπὸ
602 2765 711 2816 τῶν
742 2762 1039 2816 συνοδικῶν
1080 2761 1385 2830 σχεδαρίων
1443 2761 1758 2831 παρεκελη-

174 2857 445 2927 θέντα,τῇ
465 2855 725 2926 σφραγῖδί
755 2872 813 2908 τε
850 2857 945 2908 καὶ
970 2855 1261 2924 ὑπογραφῇ
1296 2851 1388 2905 τοῦ
1423 2854 1756 2922 τιμιωτάτου

170 2949 560 3019 ἀρχιδιακόνου
592 2950 685 3002 καὶ
716 2947 1130 3017 χαρτοςύλακος
1159 2949 1261 3016 τῆς
1300 2949 1614 3017 ἁγιωτάτης
1664 2948 1757 3002 τοῦ

170 3040 315 3093 Θεοῦ
353 3039 601 3109 μεγάλης
671 3040 995 3109 Ἐκκλησίας
1062 3040 1309 3108 συνήθως
1370 3038 1756 3109 βεϐαιωθέντα,

1851 572 1968 642 lege
1996 574 2167 640 εἰνὶιί,
2202 588 2381 643 neque
2411 573 2701 631 manifeste
2727 578 3031 647 permissis,
3062 578 3432 640 corroborans

1849 674 1901 717 et
1931 664 2178 728 ﬁrmans,
2212 678 2274 718 ac
2306 665 2468 718 veluti
2502 666 2869 735 interpretans
2918 682 2971 726 et
3016 673 3327 741 declarans,
3356 680 3435 734 si-

1850 756 1961 808 mul
2008 755 2171 809 etiam
2236 754 2530 808 multorum
2597 755 2839 814 fraudem
2866 772 2920 815 et
2948 766 3245 821 versutiam
3280 783 3462 825 rese»

1850 858 2008 905 cans,
2040 844 2263 913 ctqnasi
2298 846 2366 899 ab
2389 847 2577 901 radice
2596 852 2929 920 exstirpans,
2955 869 3023 907 ne
3050 858 3171 909 ulla:
3198 861 3433 926 amplius

1852 935 2159 1005 iniquitatis
2193 938 2520 992 exoriuntur
2552 943 2889 1011 propagines
2948 951 3002 997 et
3045 949 3434 1014 reprehensio-

1851 1042 1975 1080 nem
2065 1028 2404 1083 merentibus
2482 1026 2670 1086 liberis
2737 1034 3045 1102 respublica
3118 1038 3432 1110 impleatur,

1852 1117 2201 1187 ﬁliorumque
2232 1136 2261 1173 a
2292 1122 2493 1178 divinis
2522 1123 2734 1192 legibus
2761 1127 3062 1182 alienorum
3095 1143 3307 1187 crescat
3334 1152 3436 1191 nur

1854 1227 2078 1266 merus:
2123 1218 2346 1283 nuptias
2385 1219 2603 1286 septimi
2639 1220 2841 1288 gradus
2878 1236 2986 1275 non
3021 1225 3198 1278 solum
3241 1240 3432 1297 postu-

1853 1303 1991 1359 latas
2029 1307 2323 1373 procedere
2374 1317 2537 1374 vetat,
2570 1311 2667 1363 sed
2725 1321 2779 1364 et
2834 1325 2959 1367 ante
3011 1318 3431 1385 postulationem

1854 1407 2169 1454 contractas
2194 1401 2421 1454 distrahi
2443 1403 2600 1469 jubet
2633 1416 2647 1460 :
2675 1404 2743 1457 ab
2771 1404 3036 1461 hodierno
3077 1411 3166 1464 die
3224 1413 3434 1466 discer-

1854 1506 2011 1555 nens,
2039 1493 2282 1561 uthnjus
2309 1494 2452 1547 modi
2482 1497 2684 1565 nuptize
2725 1498 2954 1552 omnino
2989 1498 3103 1554 ﬁeri
3135 1502 3432 1560 desinant:

1852 1598 1976 1653 qua:
2005 1584 2325 1656 autemjam
2361 1586 2515 1641 factae
2563 1597 2713 1654 sunt,
2778 1605 3002 1644 manere
3056 1593 3289 1647 debeant
3349 1596 3436 1648 in-

1853 1675 2102 1732 divulsaa.
2136 1675 2239 1743 Qui
2266 1678 2433 1747 igitur
2484 1680 2623 1734 tales
2672 1682 2892 1750 nuptias
2942 1684 3009 1738 ab
3038 1684 3140 1739 hoc
3190 1694 3436 1755 tempore

1856 1770 2181 1824 cootrahcre
2213 1774 2329 1824 ausi
2370 1772 2598 1832 fuerint.
2629 1787 2739 1827 non
2793 1783 3000 1829 tantum
3052 1793 3148 1833 sua
3194 1777 3434 1834 frustra-

1789 1836 1824 1888 Β
1855 1860 2061 1914 buntur
2105 1862 2232 1930 ipsi.
2276 1861 2370 1915 sed
2399 1870 2453 1916 et
2520 1876 2646 1918 cum
2704 1863 2866 1935 hujus
2918 1869 3064 1921 modi
3118 1881 3435 1927 contractus

1856 1953 2216 2007 dissolutione
2242 1956 2805 2009 excommunicationi
2833 1974 2895 2012 su
2908 1958 3227 2027 hjicientnr,
3289 1964 3436 2018 velut

1855 2044 2201 2113 cognationis
2226 2046 2548 2112 sanguinem
2572 2052 2599 2081 ι
2626 2044 3051 2109 confundentes.
3072 2058 3121 2103 et
3150 2052 3437 2119 praesentis

1857 2136 2131 2205 synodicae
2159 2136 2499 2190 deﬁnitionis
2533 2144 2966 2207 contemptores,
3002 2140 3047 2193 si
3100 2142 3286 2207 etiam,
3341 2145 3434 2213 qui

1855 2234 1978 2275 eum
2012 2228 2356 2275 contractum
2419 2224 2737 2278 ineuntibus
2797 2240 3127 2281 consensum
3164 2233 3437 2299 prazstitc-

1856 2310 1989 2376 rint,
2051 2314 2396 2366 severitatem
2458 2315 2779 2368 canonicam
2815 2318 3191 2386 experientur,
3241 2328 3294 2373 et
3342 2323 3433 2391 qui

1858 2417 2071 2457 sacram
2102 2404 2531 2460 benedictionem
2561 2404 2737 2462 iacere
2781 2409 2899 2463 ausi
2925 2409 3149 2476 fuerint,
3209 2412 3433 2483 deposi-

1863 2496 1995 2549 tioui
2032 2497 2417 2567 subjiciuntur.

1933 2770 2056 2826 llaec
2094 2787 2157 2826 ex
2211 2771 2492 2842 synodicis
2552 2772 2821 2827 chartulis
2888 2784 3118 2843 proata,
3178 2776 3360 2847 sigillo
3385 2785 3439 2832 ct

1860 2865 2263 2933 subscriptione
2297 2865 2565 2934 inprimis
2611 2865 2906 2919 venerandi
2954 2867 3329 2923 archidiaconi
3383 2878 3439 2923 et

1862 2955 2302 3026 chartophylacis
2356 2956 2718 3011 sanctiSs-imze
2779 2972 2987 3025 magna:
3043 2959 3133 3012 Dei
3195 2962 3440 3015 ecclesia:

1861 3060 1956 3113 pro
1987 3061 2134 3099 more
2156 3048 2495 3105 centiunato,
2530 3047 2655 3099 data
2688 3055 2814 3099 sunt
2845 3063 3027 3102 mense
3047 3059 3100 3103 et
3141 3051 3441 3106 indictione

172 3128 409 3196 ἐπεδόθη
439 3130 568 3196 μηνὶ
614 3128 707 3180 καὶ
736 3128 1056 3198 ὲπινεμήσει
1082 3130 1191 3189 τοῖς
1221 3129 1754 3197 προγεγραμμένοις,

1863 3153 2026 3204 Supra
2054 3139 2299 3203 scriptis,
2331 3140 2459 3190 anni
2488 3138 2649 3191 0674.
2676 3136 3042 3209 Cartophylax
3077 3143 3438 3195 sanctissima:

172 3218 333 3280 ἔτους
364 3217 575 3286 τςχοδκ
615 3216 675 3268 '0
700 3216 1045 3286 χαρτοςρύ).αξ
1066 3216 1164 3283 τῆς
1180 3215 1490 3285 ἁγιωτάτης
1515 3216 1756 3285 μεγάλης

174 3309 479 3377 ἐκκλησίας
516 3307 608 3359 καὶ
662 3308 1039 3377 ἀρχιδιάκονος
1090 3306 1345 3377 Ἰωάννης
1375 3308 1404 3359 ὁ
1460 3306 1754 3375 Ἀγιοφλω-

178 3400 361 3467 ρίτης,
396 3396 713 3466 ὑπέγραψε.

174 3488 250 3542 B’.
282 3488 428 3555 Περὶ
458 3484 763 3555 κληρικῶν
808 3485 1125 3554 κοσμικαῖς
1178 3485 1434 3553 ἑαυτοὺς
1484 3488 1758 3556 συμπλε-

698 3557 929 3609 κόντων
948 3558 1248 3623 φροντίσι.

246 3650 324 3701 Τὸ
374 3648 669 3717 σημείωμα
692 3648 788 3700 τοῦ
825 3648 1134 3714 άγιωτάτου
1185 3646 1527 3717 πατριάρχου
1571 3647 1758 3717 κυρίου

174 3741 369 3794 Λουκᾶ
398 3740 511 3810 ἔχει
551 3739 758 3801 οὕτως·
808 3740 954 3807 Μηνὶ
994 3737 1312 3807 Δεκεμϐρίῳ
1350 3743 1423 3808 η’,
1456 3740 1640 3809 ἡμέρᾳ
1687 3736 1758 3806 α’,

176 3834 562 3901 ἑπινεμήσεως
587 3835 661 3895 ς’.

248 3924 313 3975 Εἰ
347 3924 443 3975 καὶ
488 3922 648 3985 ὐζᾶν
714 3923 942 3986 ἐκεῖνος,
981 3921 1080 3989 τῆς
1119 3920 1266 3983 ὑείας
1319 3918 1553 3973 κιϐωτοῦ
1590 3934 1763 3989 παρα-

177 4012 489 4081 τραπείσης
518 4011 819 4079 ἁψάμενος,
851 4011 910 4061 οὑ
945 4010 1138 4079 μικρὸν
1172 4008 1473 4078 κατεκρίθη
1530 4008 1592 4061 τὸ
1632 4011 1757 4061 ἐπι-

182 4104 364 4172 τίμιον
402 4120 417 4133 ·
459 4102 636 4154 καίτοι
694 4101 893 4162 σκοπὸς
945 4096 1014 4171 ἦν
1078 4100 1225 4168 αὑτῷ
1275 4100 1413 4169 πρὸς
1460 4098 1761 4169 άνὸρθωσιν

182 4198 413 4265 ταύτης,
442 4195 504 4247 οὑ
554 4194 692 4265 πρὸς
732 4192 1090 4262 καθαίρεσιν
1144 4193 1227 4254 τίς
1277 4192 1420 4244 οὑτω
1469 4191 1759 4260 τολμηρὸς,

184 4288 277 4339 καὶ
308 4290 390 4345 εἰς
436 4286 672 4354 ἐσχάτην
712 4283 990 4338 ἀναίδειαν
1023 4284 1116 4336 καὶ
1163 4282 1542 4351 ὑπερηφανίαν
1597 4283 1767 4345 ἐξενε-

182 4376 357 4446 χθεὶς,
389 4374 667 4443 πνεύματι
701 4376 918 4436 πάντως
961 4374 1228 4443 ἀγόμενος
1264 4371 1487 4442 πλνηρῷ
1512 4388 1526 4402 ο
1594 4372 1651 4435 ὃς
1687 4374 1761 4441 μὴ

1864 3243 2057 3296 magna
2087 3229 2331 3282 ecclesiae
2377 3238 2431 3283 ct
2492 3230 2915 3284 archidiaconus
2958 3230 3200 3289 Joannes
3249 3233 3438 3305 Hegio-

1861 3317 1894 3370 ﬂ
1935 3320 2059 3382 rita,
2087 3320 2429 3386 subselipsit.

1864 3492 1926 3547 ll.
1964 3491 2038 3546 De
2086 3492 2292 3548 clericis
2338 3511 2392 3547 se
2446 3494 2868 3574 immiseeutibus'
2894 3496 3239 3551 saecularibus
3283 3515 3438 3567 uego-

2607 3574 2716 3618 ms.

1933 3652 2284 3723 δυὺδίεησιῑο
2318 3654 2646 3708 sanctissimi
2674 3654 2999 3724 patriarclue
3015 3656 3225 3711 domini
3283 3658 3440 3712 Luca:

1862 3744 1939 3797 sic
1973 3745 2165 3800 habet:
2193 3743 2373 3798 Mense
2393 3742 2700 3811 Decembri,
2720 3745 2752 3799 8
2787 3745 2894 3809 die,
2932 3746 2955 3797 l
3006 3747 3304 3801 indictione
3334 3747 3435 3803 63'.

1934 3921 1986 3975 Si
2019 3933 2065 3975 ct
2092 3920 2238 3974 Ozan
2270 3920 2495 3989 ille,qui
2530 3920 2769 3973 divinam
2804 3935 3011 3985 arcam,
3078 3935 3198 3989 quae
3224 3928 3439 3975 everte-

1863 4015 2046 4074 batur,
2091 4013 2292 4082 attigit,
2340 4028 2446 4065 non
2510 4013 2664 4081 pario
2711 4011 2982 4081 supplicio
3036 4010 3261 4067 affectus
3316 4021 3439 4070 est:

1865 4104 2012 4175 atqui
2036 4106 2154 4173 ejus
2181 4113 2297 4157 erat
2333 4112 2355 4138 ι
2391 4104 2696 4155 institutam
2723 4103 2869 4155 illaut
2898 4104 3129 4169 erigere,
3168 4118 3275 4156 non
3316 4118 3440 4172 per-

1865 4196 1994 4250 dere
2023 4208 2038 4253 :
2069 4195 2193 4263 quis
2215 4204 2299 4248 est
2324 4194 2459 4247 adeo
2490 4194 2688 4255 audax,
2721 4201 2773 4246 et
2807 4193 2871 4245 ad
2926 4200 3223 4246 extremam
3267 4209 3441 4262 usque

1866 4287 2255 4357 impudentiam
2283 4288 2764 4355 arrogantiamque
2800 4286 3001 4349 elatus,
3043 4284 3187 4337 malo
3217 4287 3440 4337 omnino

1868 4381 2064 4446 spiritu
2095 4377 2311 4436 ductus,
2342 4377 2433 4443 qui
2472 4390 2580 4428 non
2618 4376 2794 4428 solum
2834 4389 2941 4428 non
2977 4375 3090 4426 vult
3146 4373 3330 4427 divina
3389 4385 3443 4429 et

187 4470 351 4539 μόνον
396 4469 498 4518 οὐκ
533 4464 868 4534 ἐπανορθοῦν
922 4467 1158 4534 αἱρεῖται
1198 4465 1265 4517 τά
1298 4465 1417 4517 θεῖα
1456 4466 1549 4517 καὶ
1600 4482 1755 4516 πνευ-

1868 4466 2135 4537 spiritalia
2165 4467 2419 4517 mandata
2448 4464 2678 4532 erigere,
2702 4463 2797 4517 Sed
2830 4464 2990 4515 etiam
3013 4462 3066 4515 in
3099 4464 3438 4515 contrarium

187 4557 403 4627 ματικα
426 4555 799 4622 διατάγματα,
841 4552 976 4607 άλλά
1010 4556 1102 4606 καὶ
1140 4556 1238 4624 τὴν
1266 4554 1515 4606 ἐναντίαν
1562 4555 1761 4620 τρεπό-

185 4665 373 4718 μενος,
414 4646 822 4715 παρασαλεύειν
844 4646 1018 4699 ταῦτα
1051 4648 1145 4699 καὶ
1168 4645 1454 4714 καθαιρεῖν
1484 4646 1762 4698 ἀναιδεύε-

183 4759 296 4805 ται,
324 4741 424 4794 καὶ
463 4736 767 4809 παραλύειν
796 4739 865 4791 τά
905 4739 1118 4806 παγίως
1146 4738 1479 4809 ἡδρασμένα.
1527 4738 1621 4790 καὶ
1658 4754 1762 4791 πα-

188 4834 437 4902 ρακινεῖν
463 4832 531 4884 τά
565 4830 861 4892 ἁσάλευτα,
897 4829 1294 4899 ᾠκοδομημένα
1331 4828 1535 4900 (καθώς
1571 4828 1756 4898 φησιν)

184 4923 278 4976 ἐπὶ
300 4921 378 4990 τῷ
416 4921 653 4991 θεμελίῳ
678 4920 789 4972 τῶν
824 4920 1143 4973 ἀποστόλων
1173 4923 1265 4972 καὶ
1323 4920 1637 4989 προφητῶν.
1663 4920 1762 4971 Διά

183 5012 350 5066 τοῦτο
381 5013 538 5081 καὶὴ
586 5011 877 5081 μετριότης
908 5010 1086 5080 ἡμῶν,
1128 5010 1230 5063 οὑκ
1284 5012 1583 5081 ἀνασχετὸν
1624 5012 1763 5079 ἡγη-

186 5108 405 5178 σαμένη
424 5108 667 5177 πονηράν
686 5106 981 5175 συνήθειαν
1004 5107 1099 5159 καὶ
1116 5106 1192 5158 ἔτι
1221 5110 1465 5173 κρατεῖν,
1497 5105 1764 5175 μιγνῦσαν

184 5200 309 5252 θεῖά
335 5214 398 5251 τι
423 5201 518 5251 καὶ
542 5196 858 5268 ἀνθρώπινα
884 5197 981 5252 καὶ
1010 5200 1074 5267 τῇ
1101 5197 1199 5265 τῆς
1227 5196 1556 5260 Ἐκκλησίας
1598 5212 1768 5249 κατα-

185 5292 405 5357 στάσει,
433 5290 533 5360 τῆς
565 5291 871 5361 ἀμωμήτου
902 5288 1120 5359 νύμφης
1166 5288 1422 5359 Χριστοῦ,
1456 5288 1678 5350 σπίλους
1704 5287 1765 5340 οὑ

1864 4561 2217 4626 detorquens,
2252 4570 2314 4608 ea
2348 4552 2674 4607 labefactare
2690 4568 2753 4606 ac
2792 4552 3072 4606 destruere
3096 4550 3442 4621 impudenter

1868 4650 2111 4711 molitur,
2140 4662 2313 4715 eaque
2338 4645 2654 4707 dissolvere,
2714 4659 2837 4713 qua:
2890 4642 3043 4697 ﬁrme
3076 4658 3139 4696 ac
3170 4644 3443 4697 stabiliter

1863 4740 2039 4795 locata
2071 4747 2199 4793 sunt
2233 4745 2317 4791 εει
2343 4752 2405 4790 ea
2430 4751 2791 4800 commovere,
2815 4750 2934 4806 quin
2950 4734 3309 4803 conquassari
3335 4748 3439 4788 nou

1867 4839 2095 4900 possunt
2130 4837 2226 4883 :ut
2271 4842 2392 4897 qua:
2422 4827 2531 4880 sint
2559 4825 2825 4878 aediﬁcata
2866 4832 2948 4893 (ut
2981 4824 3135 4876 aiunt
3163 4835 3186 4863 ι
3217 4825 3235 4892 3
3275 4838 3440 4892 supra

1866 4924 2276 4975 fundamentum
2310 4918 2677 4987 apostolorqu
2730 4927 2784 4970 et
2839 4918 3248 4986 prophetarum.
3307 4916 3440 4969 Pro-

1864 5023 2049 5082 pterea
2100 5019 2287 5065 nostra
2346 5022 2566 5078 quoque
2626 5007 2927 5060 moderatio
2957 5009 3000 5037 ⁸⁸
3033 5021 3140 5060 non
3174 5006 3439 5059 terendnu

1862 5119 1983 5157 esse
2016 5110 2157 5162 rata,
2225 5099 2420 5151 malam
2487 5097 2938 5150 consuetudinem
2977 5096 3156 5149 adhuc
3207 5094 3441 5149 servari.

1864 5210 1983 5265 qua:
2012 5194 2193 5247 divina
2228 5199 2281 5244 et
2310 5190 2548 5242 humana
2584 5187 2890 5250 contundit,
2926 5193 2980 5241 et
3011 5186 3265 5241 Ecclesiae
3299 5185 3443 5255 (qua:

1864 5298 1947 5341 est
2008 5286 2074 5338 ab
2132 5283 2277 5338 Omni
2344 5279 2771 5350 reprehensione
2832 5280 3010 5331 aliena
3062 5275 3153 5331 Dei
3213 5287 3440 5345 sponsa)

1453 5442 1687 5500 VARIE
1719 5440 2124 5498 LECTiONES.

259 5569 304 5599 “
348 5562 662 5624 συνοδικῶς.
743 5561 786 5593 ³³
811 5559 915 5612 ὑπὸ
961 5556 1075 5612 τοῦ.
1158 5558 1201 5588 ³⁸
1231 5557 1324 5609 ἐπὶ
1355 5557 1463 5609 τῶν
1497 5557 1577 5621 ἐξ.

259 5713 284 5740 ι
323 5712 607 5769 cogitatum
642 5698 951 5769 sanguinem
1022 5703 1052 5769 ἶ
1085 5693 1279 5769 Mensis
1340 5694 1637 5748 Decembris
1670 5696 1752 5748 die
1801 5709 1916 5756 rm,
1950 5692 2084 5759 feria
2124 5692 2318 5759 prima,
2354 5691 2643 5743 iurh'rtionc
2698 5694 2871 5740 sexta.

190 5786 215 5814 ⁸
246 5764 516 5831 sicut—ille
562 5764 760 5836 inquit,
830 5772 876 5806 ι·
917 5764 1252 5818 mediocritas

1659 5558 1701 5589 "
1733 5556 1943 5626 γάμων.

2020 5554 2064 5585 ’⁸
2099 5554 2182 5605 ἶνα
2226 5553 2424 5622 μηκέτι
2465 5565 2666 5620 παραν.

2953 5692 2975 5719 ⁸
3002 5682 3121 5738 [ει-ει
3169 5681 3284 5748 ejus
3314 5685 3449 5733 esset
