4176 6446
733 435 840 498 775

735 641 1014 712 superbia,
1046 645 1098 690 ct
1124 649 1262 688 vana
1294 631 1665 702 negotiatione
1695 639 1748 694 ε,
1788 637 1841 681 et
1874 626 1928 677 in
1966 625 2030 678 iis
2055 637 2174 692 qua:
2194 627 2324 674 sunt

734 708 966 803 abiecta,
1008 737 1063 783 et
1087 743 1151 782 ea
1180 724 1398 792 indigna
1432 738 1445 774 ε
1481 719 1665 774 studio
1707 726 1761 772 et
1811 716 2020 777 labore,
2048 722 2102 766 et
2147 708 2324 776 turpi-

737 829 839 880 bus
869 832 1127 892 prmterea
1157 817 1325 870 lucris
1349 812 1467 880 ejus
1506 812 1846 865 honestatem
1873 805 2326 876 splendoremque

734 915 947 985 potuit:
989 913 1164 966 visum
1196 914 1281 961 est
1331 919 1449 958 eam
1479 916 1603 956 esse
1646 900 1913 954 radicitus
1962 893 2323 957 evellendam,

739 1015 799 1058 nt
841 1019 950 1060 non
999 1000 1236 1070 amplius
1285 1003 1576 1051 enascatur
1629 992 1778 1045 radix
1832 986 2328 1045 amaritudinis,se-

737 1099 976 1156 cunduin
1027 1096 1271 1150 divinum
1330 1089 1656 1159 apostolum,
1683 1094 1998 1153 prasentem
2033 1078 2060 1116 ά
2087 1088 2328 1132 nostram

737 1191 1041 1260 spiritalem
1110 1197 1163 1240 et
1213 1194 1494 1255 paternam
1531 1179 1862 1241 doetrinam,
1901 1186 1923 1213 θ
1951 1189 2070 1242 qua:
2103 1183 2327 1240 scopum

736 1256 955 1349 quidem
994 1282 1176 1344 aperte
1212 1273 1458 1326 declarat
1510 1281 1690 1321 causae
1754 1262 2051 1333 proposita:
2110 1258 2177 1312 de
2234 1256 2326 1307 iis.

737 1373 831 1444 qui
868 1385 1080 1424 sacram
1104 1367 1484 1420 auctoritatem
1521 1360 1697 1414 sortiti
1726 1365 1872 1418 sunt,
1898 1362 1952 1408 et
1975 1348 2328 1407 saecularibus

740 1442 952 1529 seipsos
1005 1454 1415 1525 magistratibus
1465 1461 1518 1502 et
1565 1445 1924 1515 dignitatibus
1958 1442 2217 1509 curisque
2263 1453 2328 1491 ac

740 1528 975 1621 negotiis
1003 1548 1306 1615 implicant.
1344 1541 1421 1594 Ad
1457 1538 1681 1592 verbum
1716 1544 1894 1588 autem
1933 1533 2014 1586 sic
2043 1531 2203 1584 habet
2238 1548 2249 1582 :
2287 1528 2325 1580 li

747 1644 839 1710 qui
871 1638 1264 1695 sacerdotalem
1291 1632 1568 1703 (inquiunt
1591 1627 1756 1682 divini
1779 1624 1988 1693 Patres)
2009 1624 2325 1690 dignitatem

749 1733 930 1790 sortiti
1002 1739 1151 1791 sunt,
1205 1723 1518 1779 testimonia
1579 1729 1632 1773 et
1688 1718 1952 1786 pra‘clara
2009 1714 2149 1767 facta
2200 1719 2328 1765 sunt

744 1823 1135 1877 canonicarum
1179 1812 1638 1868 constitutionum
1693 1803 2116 1860 informationes
2147 1817 2161 1853 :
2191 1814 2327 1868 quas

745 1914 909 1969 etiam
989 1909 1242 1962 lubenter
1276 1905 1653 1965 admittentes,
1703 1897 1770 1952 ad
1833 1896 2118 1950 Dominum
2163 1894 2328 1946 Demn

747 2020 870 2059 cum
909 1999 1074 2052 David
1099 1997 1191 2050 Dei
1230 2008 1472 2062 praecone
1516 1993 1795 2051 canimus,
1856 1987 1914 2040 ln
1956 1988 2041 2040 via
2093 1985 2333 2039 testimo-

751 2095 968 2148 niorum
1004 2098 1220 2142 tuorum
1257 2084 1563 2138 delectatus
1595 2096 1737 2143 sum,
1793 2087 2052 2147 tanquam
2109 2077 2162 2129 in
2220 2089 2335 2126 om-

751 2185 915 2240 nibus
945 2181 1169 2234 divitiis.
1199 2177 1261 2229 El
1292 2189 1507 2238 rursus,
1552 2171 1814 2224 Mandasti
1858 2170 2120 2237 justitiam
2150 2183 2164 2220 :
2192 2165 2340 2218 testi-

754 2274 935 2328 monia
959 2280 1049 2324 tua
1081 2269 1132 2322 in
1161 2282 1329 2322 arvum
1371 2281 1386 2318 :
1416 2265 1552 2317 doce
1601 2277 1708 2324 me,
1737 2271 1790 2314 et
1826 2262 2024 2312 vivam.
2079 2257 2231 2323 Quod
2291 2256 2333 2310 si

755 2384 860 2422 vox
897 2364 1217 2436 pr0phetica
1248 2373 1347 2411 nos
1372 2357 1528 2425 jubet
1560 2354 1614 2407 in
1647 2368 1817 2406 aevum
1877 2353 1967 2405 Dei
2029 2350 2336 2403 testimonia

756 2459 1059 2518 eustodire,
1092 2465 1145 2509 et
1186 2455 1240 2506 in
1276 2451 1408 2521 ipsis
1433 2451 1636 2510 vivere,
1673 2462 1735 2501 ea
1759 2447 1970 2502 scilicet
2001 2446 2334 2497 inconcussa

757 2561 812 2606 ct
876 2549 1023 2603 nulla
1073 2547 1282 2600 ratione
1365 2539 1748 2594 labefactanda
1811 2543 2148 2606 permanent.
2205 2532 2336 2585 Nam

759 2640 979 2694 divinus
1034 2650 1255 2706 quoque
1313 2632 1490 2685 Moses
1525 2629 1605 2686 sic
1661 2629 1855 2698 inquit,
1920 2627 2036 2680 Non
2089 2627 2211 2680 licet
2259 2623 2340 2680 eis

764 2730 987 2794 addere,
1037 2743 1135 2781 nec
1165 2724 1470 2780 detrahere.

841 2818 976 2874 Cum
1005 2818 1118 2870 haec
1150 2817 1336 2884 itaque
1383 2814 1456 2865 ita
1504 2811 1633 2875 sint,
1663 2817 1717 2865 et
1764 2808 1920 2864 nobis
1970 2807 2340 2862 testimonium

764 2913 964 2974 ferant,
1004 2913 1056 2962 in
1100 2909 1181 2962 eis
1227 2906 1593 2966 exsultantes,
1640 2911 1897 2970 tanquam
1943 2899 1990 2954 si
2021 2900 2145 2968 quis
2176 2899 2343 2952 multa

776 3007 956 3076 spolia
1004 3002 1295 3064 invenerit,
1337 2997 1554 3051 divinos
1589 2995 1838 3049 lubenter
1867 3007 2104 3047 canones
2138 2989 2342 3060 ample-

776 3098 996 3157 ctimur,
1027 3101 1079 3148 et
1121 3106 1308 3146 comm
1349 3087 1800 3142 constitutionem
1845 3085 2111 3153 integram
2159 3089 2212 3136 et
2261 3081 2344 3133 in-

2057 416 2192 480 JUS
2221 410 2664 475 CANONICUM

735 543 1150 607 constitutionib
1169 557 1276 598 non
1296 541 1546 612 vulgares
1570 536 1810 592 maculas
1831 536 2072 598 inurere,
2094 544 2321 600 quaeque

2448 526 2551 587 τοὺς
2598 522 2858 593 τυχόντας
2911 521 3447 592 προσεπιτρίϐουσαν

3905 408 4012 468 776

3492 539 3508 554 ⁸
3549 521 3644 576 καί
3691 522 3850 592 τύφῃ
3908 531 4006 578 καὶ

2427 614 2654 686 ἀσχολίᾳ
2689 613 2915 684 ματαίᾳ,
2947 614 3041 666 καὶ
3066 616 3131 684 τῇ
3180 613 3309 682 περὶ
3332 613 3401 665 τὰ
3433 616 3638 668 εἰκαῖα.
3677 616 3788 666 Καὶ
3838 618 4012 687 ταὲτη

2428 707 2708 775 ἀπᾴδοντα
2739 705 3060 774 διαπονήσει
3082 723 3141 758 τε
3179 707 3273 758 καὶ
3298 705 3527 774 σπουδῇ,
3569 707 3649 758 ἔτι
3675 723 3738 774 γε
3779 709 3890 776 μὴν
3920 714 4014 761 καὶ

2427 797 2681 866 ἀκερδέσι
2734 796 2793 848 τὸ
2851 796 3047 863 σεμνὸν
3113 797 3323 866 ταύτης
3386 799 3960 867 καταρρυπαίνουσαν
3997 819 4011 835 ο

2429 889 2696 960 ηὐδόκησε
2723 889 2932 959 ῥιζόθεν
2963 888 3166 959 ταύτην
3202 891 3504 959 ἀποτεμεῖν
3534 906 3547 921 ’
3591 892 3679 944 ἵνα
3741 892 3818 960 μὴ
3889 892 4013 962 ῥίζα

2431 980 2655 1051 πικρίας
2697 985 2790 1034 καὶ
2819 981 2898 1033 ἔτι
2928 984 3036 1051 φυῇ
3080 981 3222 1033 κατά
3253 982 3349 1033 τὸν
3383 983 3527 1034 Θεῖον
3553 982 3882 1044 ἀπόστολον,
3930 985 4014 1035 δια

2431 1073 2528 1141 τῆς
2564 1072 2846 1140 παρούσης
2869 1074 3146 1143 ἡμετέρας
3173 1074 3551 1142 πνευματικῆς
3581 1076 3674 1127 καὶ
3732 1076 4014 1144 πατρικῆς

2432 1163 2733 1227 διαλαλιᾶς,
2764 1165 2861 1232 τῆς
2903 1165 3170 1233 δηλούσης
3213 1165 3312 1234 μὲν
3360 1165 3451 1216 τὸν
3507 1165 3707 1216 σκοπὸν
3760 1165 4016 1232 φανερῶς

2431 1257 2532 1325 τῆς
2559 1257 2917 1326 προτεθείσης
2955 1257 3287 1322 ὑποθέσεως,
3330 1257 3458 1325 περὶ
3508 1257 3616 1307 τῶν
3654 1257 3808 1326 ίερὰν
3858 1257 4016 1321 ἀξίαν

2433 1349 2730 1418 λαχόντων,
2782 1348 2876 1399 καὶ
2936 1351 3234 1416 κοσμικαῖς
3282 1350 3508 1411 ἑαυτοὺς
3583 1350 4015 1416 συμπλεκόντων

2434 1441 2654 1511 ἀρχαῖς,
2685 1441 2779 1492 καὶ
2803 1439 3004 1505 ἀξίαις,
3039 1440 3134 1492 καὶ
3191 1441 3463 1508 φροντίσι,
3494 1441 3590 1492 καὶ
3633 1442 3968 1508 πράγμασιν
3999 1456 4010 1468 ·

2431 1531 2570 1584 οὕτω
2603 1532 2658 1584 δὲ
2711 1531 2852 1584 κατά
2902 1532 3053 1601 ῥῆμα
3105 1531 3374 1600 ἐχούσης
3412 1532 3539 1592 Τοῖς
3588 1532 3688 1601 τὴν
3725 1531 4015 1600 ἱερατικὴν

2434 1623 2620 1694 (φασὶν
2650 1625 2698 1676 οί
2731 1624 2862 1675 θεῖοι
2894 1624 3158 1693 Πατέρες)
3194 1621 3448 1692 λαχοῦσιν
3498 1621 3675 1686 ἀξίαν,
3733 1624 4015 1693 μαρτύριά

2430 1733 2489 1768 τε
2519 1717 2613 1769 καὶ
2643 1715 3043 1786 κατορθώματα
3100 1717 3153 1769 αἰ
3207 1716 3319 1769 τῶν
3364 1716 3668 1768 κανονικῶν
3710 1717 4014 1780 διατάξεων

2435 1809 2814 1870 ὑποτυπώσεις
2858 1809 3016 1862 εἰσίν.
3075 1809 3175 1870 Ἀς
3237 1809 3333 1861 καὶ⁸
3394 1808 3645 1876 ἀσμένως
3707 1808 4010 1878 δεχόμενοι,

2434 1903 2571 1973 πρὸς
2598 1902 2687 1954 τὸν
2734 1901 3002 1970 δεσπότην
3050 1900 3182 1952 Θεὸν
3241 1900 3381 1970 μετὰ
3416 1899 3581 1954 Δαϐὶδ
3624 1901 3719 1952 τοῦ
3783 1901 4012 1968 Barac-«iv-

2434 2011 2587 2064 τορος
2623 1994 2844 2064 ᾄδομεν,
2885 1993 2975 2046 Ἐν
3009 1996 3074 2063 τῇ
3101 1993 3204 2062 όδῷ
3237 1994 3346 2045 τῶν
3378 1993 3694 2064 μαρτυρίων
3727 2009 3822 2044 σου
3856 1993 4012 2060 ἐτέρ-

2437 2088 2600 2156 φθην,
2632 2087 2706 2148 ὼς
2741 2086 2835 2140 ἐπὶ
2863 2086 3026 2139 παντὶ
3066 2085 3302 2156 πλούτῳ.
3355 2087 3466 2139 Καὶ
3502 2083 3679 2148 αὖθις,
3722 2086 4013 2137 ἘνετείΑω

2436 2178 2804 2248 δικαιοσύνην.
2831 2178 2911 2230 Τά
2945 2177 3223 2247 μαρτύριά
3249 2195 3340 2229 σου
3382 2179 3462 2240 είς
3509 2178 3601 2230 τὸν
3652 2177 3849 2230 αἰῶνα.
3888 2177 4016 2228 Συν-

2439 2271 2616 2323 έτισόν
2667 2288 2752 2340 με,
2789 2271 2883 2323 καὶ
2921 2269 3179 2340 ζήσομαι.
3235 2270 3348 2321 Καὶ
3369 2270 3528 2338 εἴπερ
3561 2269 3639 2331 εἰς
3680 2269 3771 2320 τὸν
3815 2268 4015 2330 αἰῶνα,

2440 2361 2734 2428 φυλάττειν
2774 2363 2904 2430 ἡμῖν
2938 2359 3242 2412 ἐντέλλεται
3279 2361 3312 2428 ἡ
3369 2359 3688 2428 προφητικὴ
3737 2359 3895 2426 φωνὴ
3950 2361 4017 2409 τά

2443 2452 2722 2521 μαρτύρια
2773 2454 2866 2504 τοῦ
2895 2451 3053 2514 Θεοῦ,
3090 2451 3181 2503 καὶ
3226 2451 3326 2520 ζῇν
3374 2451 3430 2502 έν
3484 2449 3691 2512 αὐτοῖς,
3726 2450 3888 2518 δῆλον
3947 2449 4020 2510 ὡς

2441 2544 2779 2614 ἀκράδαντα.
2830 2543 2940 2595 Καὶ
2996 2542 3273 2595 ἀσάλευτα
3308 2541 3658 2610 διαμένουσιν
3690 2559 3702 2571 ·
3741 2543 3824 2593 ὅτι
3876 2540 4022 2592 οὕτω

2443 2635 2576 2703 φησὶ
2596 2638 2687 2686 καὶ
2705 2636 2731 2687 ὁ
2754 2633 2981 2702 Θεόπτης
3009 2635 3267 2705 Μωῡσῆς,
3284 2633 3374 2687 Ἐν
3391 2635 3570 2697 αὐτοῖς
3589 2634 3687 2686 οὐκ
3704 2634 3822 2685 ἔστι
3849 2650 4024 2702 προσ-

2445 2726 2637 2789 θεῖναι,
2669 2727 2763 2778 καὶ
2784 2725 2877 2777 ἀπ’
2911 2725 3088 2778 αὐτῶν
3115 2725 3213 2776 οὐκ
3237 2723 3381 2776 ἔστιν
3407 2725 3649 2792 ἀφελεῖν.

2516 2818 2733 2872 Τούτων
2771 2819 2949 2870 τοίνυν
3001 2816 3168 2880 οὕτως
3201 2818 3370 2869 όντων
3405 2817 3498 2869 καὶ
3529 2817 4023 2887 διαμαρτυρουμέ-

2445 2928 2550 2965 νων
2590 2914 2739 2980 ἡμῖν,
2782 2909 3178 2978 ἀγαλλιώμενοι
3231 2911 3317 2961 ἐπ’
3349 2911 3553 2974 αὐτοῖς,
3585 2910 3660 2971 ὡς
3688 2910 3742 2961 εἴ
3769 2928 3854 2972 τις
3885 2911 4026 2980 εὕρῃ

2449 3002 2619 3056 σκῦλα
2647 3001 2837 3066 πολλὰ,
2859 3001 2983 3064 τοὺς
3013 3001 3191 3062 θείους
3221 3001 3509 3061 ἀσπασίως
3540 3001 3774 3062 κανόνας
3799 3003 4029 3069 ἐνστερο

2447 3095 2726 3164 νιζόμεθα,
2760 3093 2852 3145 καὶ
2905 3094 3003 3161 τὴν
3055 3091 3234 3146 αὐτῶν
3281 3092 3543 3162 διαταγὴν
3595 3092 3896 3162 ὁλόκληρον
3932 3100 4028 3147 καὶ

767 3200 1094 3244 concussam
1124 3196 1342 3236 manere
1371 3187 1486 3233 toto
1513 3179 1696 3232 animo
1722 3178 1973 3247 eligimus
1996 3174 2040 3230 τ.
2073 3174 2338 3240 Quoniam

2451 3188 2744 3240 ἀσάλευτον
2798 3178 2980 3254 μένείν
3010 3182 3290 3252 ὁλοψύχως
3333 3183 3654 3251 αἱρούμεθα.
3689 3186 3800 3237 Καὶ
3832 3187 4030 3252 ἐπειδὴ

771 3289 950 3332 autem
999 3274 1296 3330 nonnullos
1338 3286 1550 3334 eorum,
1581 3269 1674 3340 qui
1703 3277 1834 3323 sunt
1867 3269 1920 3322 in
1952 3268 2099 3322 clero
2135 3265 2342 3320 consti-

773 3371 892 3433 tuti,
921 3370 1177 3428 novimus
1207 3363 1564 3418 saecularibus
1605 3361 1840 3429 negotiis
1871 3371 2064 3414 contra
2105 3373 2344 3412 canones

773 3475 834 3515 se
888 3459 1199 3528 implicare;
1251 3457 1351 3508 hos
1401 3453 1642 3521 quidem,
1691 3455 2003 3515 domorum,
2054 3451 2346 3519 magis:ra-

777 3561 951 3612 tuum,
992 3551 1073 3603 vel
1113 3547 1530 3616 possessionum
1565 3545 1882 3599 curationes
1917 3543 2347 3598 administratio-

775 3652 982 3708 nesque
1030 3638 1432 3706 suscipientes;
1471 3636 1594 3690 illos
1629 3649 1780 3697 vero,
1809 3635 1973 3686 etiam
2009 3633 2346 3702 publicorum

774 3731 1122 3799 vectigalium
1167 3728 1504 3792 exactiones,
1553 3726 1634 3779 vel
1681 3727 1912 3778 aliorum
1963 3723 2228 3792 capitum,
2265 3721 2351 3775 vel

776 3837 988 3883 earum,
1027 3835 1148 3890 quae
1191 3820 1418 3872 navibus
1466 3825 1756 3887 portantur
1815 3816 2122 3883 specierum
2174 3813 2352 3881 inqui-

777 3917 1007 3968 sitiones
1030 3915 1076 3977 ε,
1137 3912 1218 3965 vel
1280 3909 1711 3978 colligendarum
1775 3907 2126 3976 pecuniarum
2189 3907 2355 3958 ratio-

779 4020 1021 4074 numquc
1054 4001 1461 4057 reddendarum
1512 4014 1762 4064 munera,
1788 3999 1873 4052 vel
1911 3997 2131 4065 aliquod
2163 3996 2356 4064 hujus-

779 4098 928 4152 modi
958 4095 1217 4156 olIieinm,
1259 4109 1366 4146 non
1399 4092 1452 4145 in
1485 4090 1902 4152 ecclesiasticis,
1934 4089 2028 4142 sed
2082 4088 2358 4143 sazculari-

781 4192 884 4245 bus
927 4189 1181 4258 negotiis,
1220 4185 1609 4252 nonnullisque
1647 4183 1674 4222 δ
1721 4197 1910 4236 eorum
1959 4182 2149 4236 civiles
2195 4182 2355 4234 etiam

786 4282 1140 4349 magistratus
1214 4277 1621 4346 dignitatesque
1683 4289 1805 4329 esse
1868 4273 2158 4327 attributas
2213 4292 2226 4327 :
2278 4273 2358 4327 eis

785 4373 1136 4442 praecipimus
1186 4379 1240 4422 ut
1289 4369 1547 4436 deinceps
1592 4375 1811 4421 cessent
1849 4382 1880 4420 a
1920 4367 2193 4435 praedictis
2238 4381 2357 4420 om-

786 4465 986 4528 nibus;
1024 4462 1076 4514 in
1128 4460 1518 4514 ecclesiasticis
1557 4467 1739 4512 autem
1784 4460 2016 4529 negotiis
2061 4459 2360 4528 oﬂiciisquc

787 4563 1117 4615 versentur,
1163 4550 1270 4602 nisi
1327 4549 1496 4602 velint
1536 4550 1622 4610 ei,
1671 4563 1790 4616 quae
1836 4550 2010 4603 sacris
2052 4549 2362 4616 divinisque

788 4643 1100 4697 canonibus
1143 4642 1371 4711 placuit,
1417 4643 1622 4709 gradus
1665 4656 1826 4704 quem
1870 4641 2067 4692 habent
2108 4641 2362 4693 ecclesia-

790 4735 938 4799 stici,
971 4733 1304 4802 depositioni
1354 4731 1570 4798 subjici.
1602 4731 1716 4784 Etsi
1753 4731 1896 4783 enim
1929 4731 2088 4798 longa
2132 4745 2361 4784 consue-

791 4825 983 4878 tudine
1047 4824 1271 4892 quidam
1328 4839 1385 4877 se
1428 4823 1736 4876 conﬁrmari
1791 4821 2129 4889 stabilirique
2173 4821 2362 4874 existi-

796 4929 968 4982 litant,
1012 4917 1156 4986 quod
1205 4931 1314 4968 non
1359 4916 1515 4982 pauci
1550 4923 1680 4966 ante
1710 4928 1805 4967 eos
1839 4915 1928 4965 illa
1970 4915 2313 4981 susceperint
2345 4931 2357 4967 :

801 5021 1060 5079 prmterca
1123 5017 1303 5060 autem
1353 5006 1542 5058 dicunt
1588 5004 1892 5071 imperiales
1937 5004 2368 5057 administratio-

799 5118 919 5164 nes,
949 5100 1347 5167 saecularesqne
1387 5098 1704 5166 dignitates,
1748 5107 1802 5149 et
1834 5095 2030 5160 olIicia,
2059 5098 2369 5166 similiaque

799 5209 1027 5248 munera
1079 5201 1132 5246 et
1185 5193 1558 5261 magistratus,
1595 5188 1827 5242 sacratis
1873 5189 2187 5243 hominibus
2233 5205 2401 5258 com-_

803 5284 1040 5345 missos,
1098 5281 1439 5350 processisse
1492 5295 1505 5330 :
1563 5293 1668 5330 non
1707 5269 1906 5330 tamen
1963 5279 2247 5332 trahentur
2306 5280 2372 5332 ad

799 5374 1130 5442 exemplum.
1179 5372 1317 5437 Quia
1358 5371 1538 5422 enimi
1596 5379 1679 5422 est
1729 5370 1864 5421 citra
1913 5371 2370 5435 controversiam,

803 5478 901 5518 nec
947 5479 1139 5519 sacros
1177 5477 1242 5516 ac
1268 5460 1484 5515 divinos
1511 5460 1577 5514 de
1605 5461 1672 5515 iis
1703 5475 1942 5515 canones
1974 5461 2317 5516 intercidisse
2352 5481 2366 5516 :

2445 3280 2550 3332 τῶν
2581 3279 2640 3331 ὲν
2665 3278 2851 3348 κλήρῳ
2887 3277 3236 3346 τεταγμένων
3265 3276 3416 3337 τινὰς
3447 3276 3691 3347 ἔγνωμεν
3725 3280 4030 3347 πράγμασι

2446 3372 2731 3438 κοσμικοῖς
2779 3369 3156 3437 ὲμπλέκοντας
3213 3369 3580 3432 ἀκανονίστως
3624 3371 3878 3427 ἑαυτούς·
3935 3369 4031 3430 οὓς

2451 3463 2574 3533 μὲν,
2624 3462 3037 3532 κουρατωρείας
3083 3463 3175 3514 καὶ
3225 3463 3552 3532 προνοήσεις
3577 3462 3741 3514 οἴκων
3770 3463 4032 3531 ἀρχοντι-

2449 3555 2561 3609 κῶν
2596 3555 2627 3625 ἢ
2664 3554 2956 3623 κτημάτων
3011 3553 3514 3624 ἀναλαμϐάνοντας*
3548 3553 3641 3616 οὓς
3681 3555 3762 3616 δὲ,
3804 3555 3904 3604 καὶ
3937 3554 4033 3618 δη-

2455 3651 2661 3719 μοσίων
2705 3645 2875 3699 τελῶν
2925 3645 3332 3716 είσπράξεις,ἢ
3378 3646 3696 3713 κεφαλαίων
3729 3646 3964 3714 ἑτέρων,
3995 3645 4027 3711 ἦ

2454 3741 2727 3805 ἐξελάσεις
2780 3739 3042 3808 πλωῖμων
3067 3779 3082 3802 ,
3145 3739 3178 3807 ἦ
3213 3738 3278 3808 δὴ
3301 3739 3394 3790 καὶ
3429 3739 3774 3806 ἀναγραφὰς,
3818 3738 3851 3805 ἧ
3884 3739 4040 3804 λογο-

2457 3832 2720 3899 ποιίας,ἢ
2772 3831 2864 3881 καὶ
2919 3831 3109 3900 ἑτέραν
3142 3830 3334 3898 ὁμοίαν
3390 3830 3708 3899 ἐνέργειαν·
3772 3832 3878 3882 οὐκ
3942 3833 4038 3881 ἐπὶ

2456 3926 2776 3994 πράγμασιν
2806 3923 3299 3990 ὲκκλησιαστικοῐς,
3344 3921 3481 3974 ἀλλά
3516 3926 3826 3989 κοσμικοίς·
3857 3924 4038 3983 ἐνίους

2457 4014 2513 4066 δὲ
2545 4013 2639 4064 καὶ
2663 4011 2819 4074 ἀξίας
2853 4027 2911 4061 τε
2944 4010 3038 4062 καὶ
3082 4010 3274 4078 ἀρχὰς,
3309 4013 3421 4071 τοῖς
3455 4010 3558 4077 τῆς
3589 4010 3869 4072 πολιτείας
3900 4013 4040 4062 ἀπο-

2460 4104 2852 4174 νενεμημένας·
2897 4102 3010 4162 τοῖς
3038 4103 3301 4164 τοιούτοις
3340 4101 3787 4171 παρεγγυώμεθα
3815 4141 3831 4162 ,

2462 4196 2655 4247 σασθαι
2712 4193 2804 4247 τοῦ
2859 4192 3050 4245 λοιποῦ
3106 4192 3215 4244 τῶν
3267 4194 3574 4262 εἰρημένων
3606 4195 3885 4255 ἁπάντων,
3917 4198 4043 4248 ταῖς

2461 4288 2940 4358 ἐκκλησιαστικαῖς
2991 4285 3047 4338 δὲ
3096 4285 3310 4355 χρείαις
3361 4289 3803 4355 προσευκαιρεῖν.
3851 4289 3915 4338 Εἰ
3967 4291 4043 4355 μὴ

2466 4381 2742 4448 βούλοιντο
2791 4381 2857 4448 τῇ
2914 4377 3211 4449 δεδογμένῃ
3244 4379 3357 4439 τοῖς
3400 4377 3565 4438 θείοις
3597 4379 3690 4429 καὶ
3735 4381 3904 4447 ἱεροῖς
3947 4397 4047 4430 κα-

2464 4471 2579 4521 νόσι
2615 4469 2929 4538 καθαιρέσει
2958 4468 3051 4521 τοῦ
3099 4469 3396 4536 προσόντος
3424 4469 3606 4530 αὐτοῖς
3642 4469 4046 4536 ἐκκλησιαστι-

2468 4561 2565 4614 χοῦ
2600 4560 2810 4630 βαθμοῦ
2858 4561 3164 4626 ὑπαγαγεῖν
3200 4558 3448 4620 ἑαυτούς.
3493 4559 3556 4610 Εἰ
3587 4559 3693 4626 γὰρ
3722 4559 3819 4610 καὶ
3855 4562 4047 4627 μακρᾷ

2469 4653 2726 4722 συνηθείᾳ
2752 4650 3075 4720 ὲδράζεσθαί
3105 4667 3250 4710 τινες
3281 4651 3506 4715 οἴονται,
3532 4649 3756 4702 τοιαῦτα
3793 4653 4048 4719 μετιέναι

2467 4746 2562 4797 καὶ
2594 4745 2700 4813 πρὸ
2747 4744 2926 4796 αὐτῶν
2957 4744 3057 4794 οὐκ
3088 4741 3327 4808 ὀλίγους,
3361 4741 3496 4810 πρὸς
3529 4741 3586 4792 δὲ
3621 4741 3716 4792 καὶ
3754 4741 4048 4808 βασιλικάς

2467 4853 2600 4905 φασι
2643 4835 2912 4905 προϐῆναι
2941 4833 3275 4902 οἰκονομίας,
3318 4833 3671 4893 ἀνατεθείσας
3697 4819 4046 4901 ἱερωμένοις,

2467 4932 2619 4995 ἀξίας
2647 4946 2706 4981 τε
2750 4929 3020 4995 κοσμικὰς
3053 4925 3147 4977 καὶ
3171 4924 3423 4992 όφφίκια,
3454 4923 3487 4992 ἢ
3516 4924 3798 4992 ἐνεργείας
3830 4926 4047 4992 ὁμοίας,

2470 5025 2576 5074 εἴτε
2616 5018 2808 5087 ἀρχάς·
2833 5015 2949 5069 ἀλλ’
2977 5017 3075 5084 οὐχ
3104 5014 3528 5082 έλκυσθήσονται
3553 5015 3689 5082 πρὸς
3712 5015 4048 5084 ὑπόδειγμα.

2482 5110 2700 5177 Ἐπειδὴ
2733 5107 2838 5174 γὰρ
2864 5105 2975 5158 οὗθ’
3029 5105 3120 5156 ὑπ’
3177 5104 3506 5173 ἀμφιϐολίαν
3543 5107 3591 5156 οἰ
3656 5106 3790 5173 περὶ
3839 5106 4052 5157 τούτων

2473 5201 2612 5271 ἱεροὶ
2669 5199 2763 5250 καὶ
2811 5198 2945 5249 θεῖοι
2991 5196 3216 5256 κανόνες
3242 5195 3456 5258 ἔπεσον,
3484 5194 3605 5247 οὕτε
3641 5197 3947 5264 δοκιμασία
3973 5215 4053 5258 τις

2470 5293 2567 5344 καὶ
2591 5291 2879 5357 διάγνωσις
2924 5289 3198 5358 ἔγγραφος
3249 5289 3587 5358 προϐεϐήκει
3631 5291 3786 5358 παρά
3841 5307 3903 5343 τε
3961 5294 4053 5343 τοῦ

2475 5383 2614 5435 κατά
2640 5380 2828 5449 καιρὸν
2845 5382 2911 5431 τὰ
2929 5383 3027 5449 τῆς
3053 5379 3332 5448 βασιλείας
3364 5381 3615 5450 σκῆπτρα
3633 5382 3943 5445 διέποντος,
3978 5386 4056 5435 ἐτι

2476 5472 2641 5523 δὲκαὶ
2674 5471 2990 5537 ἁγιωτάτων
3028 5471 3379 5540 πατριαριῶν
3413 5472 3507 5522 καὶ
3532 5472 3791 5537 συνόδων,
3823 5475 4056 5535 τούτους

2134 5603 2366 5659 νΑιιιΛε
2407 5607 2814 5662 LEtLTliiNECS.

875 5695 901 5732 δ
934 5698 1098 5749 statui
1176 5709 1195 5734 ε
1231 5699 1586 5765 occupatione,
1692 5697 1719 5736 ἀ
1754 5713 1843 5764 per
1902 5710 2208 5765 pra'sentem

2305 5713 2327 5739 ε
2367 5705 2814 5757 interior-titionem

1048 5747 1090 5749 ρ
1236 5747 1586 5765 ---_,_-_-.--,
1754 5747 1828 5764 Γ--
1941 5747 2206 5754 Ἵππῳ.-
2367 5747 2812 5757 ....-..ν,.-..ν,.ν...
3001 5747 3243 5760 -,........-
3331 5747 3590 5761 7......“

808 5765 980 5846 nullos
1039 5769 1286 5847 denique,
1358 5779 1493 5847 tant_
1533 5769 1856 5847 dignitates,_
1890 5747 2046 5847 quam
2104 5773 2468 5839 magistratus,
2534 5780 2600 5826 ad
2654 5747 2884 5827 Ιιοηιὲηἰκς
2944 5747 3187 5843 ροίίιίτοσ
3227 5747 3590 5846 pertinentes":

807 5850 896 5885 ηε(-
928 5839 976 5887 in
1016 5839 1229 5890 dubium
1272 5843 1438 5891 :anctt'
1463 5840 1523 5892 de
1563 5843 1624 5891 ita
1656 5857 1715 5890 ar
1750 5841 1914 5892 divini
1946 5857 2167 5894 canones
2220 5847 2387 5895 τοι-(ιιὸ
2441 5857 2585 5907 sunt,
2627 5862 2714 5898 rec
2753 5847 2882 5898 ulla.

2956 5706 2972 5743 ί
3001 5719 3244 5775 optamus
3321 5711 3347 5748 ε
3379 5709 3788 5775 descriptionum
3866 5713 3892 5751 ι-
3924 5731 4060 5763 ηομ-

3674 5784 3686 5819 ί
3737 5785 3818 5844 LM!
3849 5800 3881 5832 α
3924 5800 4056 5834 εἰ..ίῆ
