4176 6446
180 349 281 412 789

1482 345 1526 404 G
1540 343 1752 403 RECO
1770 341 2199 406 ROMANUM.

3316 345 3427 408 790

170 461 466 534 ίερωτάτων
513 458 834 530 ἀρχιερέων,
871 458 921 510 οἳ
961 457 1054 510 καὶ
1109 457 1345 528 μάλιστα
1379 458 1604 524 ἓγγτστα
1632 459 1730 526 τῆς

1848 460 2030 514 urbem
2083 459 2418 529 imperialem
2453 460 2612 516 sedes
2637 459 2981 528 cpTSCOpales
3051 459 3232 513 sortiti
3267 472 3417 524 sunt.

170 549 430 620 βασιλίδος
495 549 700 617 ταύτης
753 547 862 600 τῶν
915 547 1124 601 πόλεων
1158 546 1284 608 τοὺς
1311 547 1737 617 ἀρχιερατικοὺς

163 629 381 711 θρόνους
415 642 628 711 ἔλαχον,
656 641 1048 712 ἀσυντηρήτως
1076 639 1360 704 ποιοῦντες
1400 640 1739 709 χειροτονίας

167 735 419 788 διακόνων
469 734 561 786 καὶ
613 733 826 802 ἱερέων,
899 733 974 802 μὴ
1042 732 1419 802 ὑποκειμένων
1470 735 1590 796 ταῖς
1648 732 1739 784 ὑπ’

167 828 350 890 αὐτοὺς
421 826 678 897 ὲνορίαις.
729 825 991 888 πολλάκις
1043 825 1314 880 ἑάλωσαν.
1354 825 1416 876 Οἱ
1463 825 1573 894 γὰρ
1613 826 1742 896 περὶ

168 918 346 970 τούτου
405 915 915 986 προσαγγελθέντες
943 913 1022 986 τῷ
1081 917 1185 985 πρὸ
1242 914 1398 985 ήμῶν
1451 915 1740 988 ἁγιωτάτῳ

168 1010 471 1082 πατριάρχῃ
503 1011 681 1082 κυρίῳ
719 1012 924 1080 Δουκᾷ,
961 1012 1054 1065 καὶ
1084 1012 1569 1084 παρεγγυηθέντες
1603 1013 1739 1067 παύ-

171 1102 353 1155 σασθαι
399 1102 492 1156 τοῦ
548 1103 774 1156 τοιαῦτα
809 1087 1000 1156 ’ποιεῖν
1053 1103 1385 1157 ἀκανόνιστα
1415 1121 1427 1134 ·
1463 1105 1646 1174 φαμὲν
1676 1104 1741 1176 δὴ

167 1194 253 1248 τοῦ
299 1199 632 1266 χειροτονεῖν
688 1196 978 1267 ὑπερόρια,
1037 1198 1133 1250 καὶ
1155 1198 1281 1260 τους
1305 1195 1365 1262 ἐξ
1395 1198 1589 1266 ἑτέρας
1657 1199 1743 1250 ἐν-

169 1287 308 1356 cpia;
340 1290 422 1352 εἰς
482 1289 682 1351 αὐτοὺς
727 1289 1070 1359 ἀφιγμένους
1099 1330 1112 1348 .
1167 1291 1550 1354 ἀνυποστόλως
1598 1290 1742 1344 οὕτω

169 1381 526 1452 χειροθετεῖν·
590 1382 908 1453 ἀμνηστίαν
939 1383 1048 1437 τῶν
1109 1383 1293 1447 αὐτοῖς
1351 1386 1482 1455 περὶ
1546 1385 1740 1439 τούτου

172 1474 636 1544 παρηγγελμένων
687 1476 787 1527 οὐκ
843 1476 1155 1531 ἐπαύσαντο
1210 1477 1508 1540 τίθεσθαι,
1573 1479 1740 1548 μέχρι

173 1565 297 1634 δῆτα
351 1568 446 1618 καὶ
492 1567 759 1638 τήμερον.
804 1567 1024 1639 Ἐπειδὴ
1083 1568 1266 1621 τοίνυν
1295 1569 1612 1642 ἀνηγγέλθη
1648 1571 1743 1624 καὶ

170 1661 229 1728 τῇ
261 1659 415 1728 ἡμῶν
450 1661 766 1731 μετριότητι
814 1659 967 1731 παρὰ
1012 1661 1108 1714 toﬁ
1164 1663 1442 1734 ἡμετέρου
1491 1664 1742 1733 θεοφιλεο

172 1753 353 1806 στάτου
397 1752 840 1824 χαρτοιρύλακος,
899 1754 1131 1818 πολλούς
1173 1773 1328 1819 τινας
1386 1755 1494 1810 τῶν
1549 1758 1612 1809 ὲκ
1646 1758 1743 1824 τῆς

171 1844 431 1914 ἡμετέρας
498 1846 710 1916 ὲνορίας
754 1847 903 1918 παρὰ
933 1846 1162 1918 γνώμην
1224 1847 1390 1901 αὐτοῦ
1435 1848 1571 1919 πρὸς
1615 1850 1740 1912 τοὺς

172 1936 320 2006 πέριξ
390 1940 626 2008 ταυτησὶ
679 1939 779 2008 τῆς
857 1939 1276 2009 μεγαλοπόλεως
1328 1940 1740 2010 ἀπερχομένους

172 2031 492 2092 ἐπισκόπους
521 2048 580 2083 τε
627 2035 717 2083 καὶ
748 2032 1232 2102 ἀρχιεπισκὸπους,
1287 2032 1560 2102 ἱερατικοῦ
1608 2033 1740 2103 παρ’

172 2121 336 2175 αὐτῶν
385 2120 672 2185 ἀξιοῦσθαι
718 2123 1077 2193 χαρίσματος,
1100 2117 1199 2176 εἶτ’
1221 2122 1375 2186 αὖθις
1408 2125 1743 2195 ἐπαναστρέ-

174 2233 280 2284 φειν
309 2218 384 2278 είς
417 2215 578 2283 τήνδε
611 2214 708 2286 τήν
736 2215 858 2268 καθ’
893 2216 1042 2284 ἡμᾶς
1071 2216 1308 2287 ὲνορίαν,
1345 2218 1482 2286 μετὰ
1511 2218 1572 2287 δὴ
1600 2219 1741 2288 τάχα

173 2310 256 2359 καὶ
282 2308 628 2377 γραμμάτων
690 2307 1061 2360 συστατικῶν·
1091 2308 1152 2360 τὸ
1179 2309 1428 2377 ποιητέον
1459 2309 1612 2378 αὖτῷ
1643 2311 1740 2364 ἐπὶ

173 2397 364 2460 τούτοις
395 2399 583 2467 ἐζήτει
627 2399 816 2467 μαθεῖν
852 2399 1004 2469 παρᾶ
1033 2399 1129 2468 τῆς
1164 2400 1318 2468 ἡμῶν
1363 2400 1740 2470 μετριότητος.

185 2487 560 2555 Ἀμφιΰάλλειν
611 2486 718 2557 γὰρ
801 2488 863 2540 οὐ
919 2486 1133 2557 μικρῶς

173 2579 464 2648 κρίμασιν,
515 2579 819 2649 ἀλλοτρίοις
899 2579 1321 2646 ὲπικοινωνοίη,
1394 2582 1744 2652 παραχωρῶν

175 2670 430 2741 ἱερᾶσθαι,
470 2671 565 2734 οὓς
617 2672 778 2733 αὐτὸς
827 2667 1090 2740 ἐξήτασεο
1117 2673 1246 2740 περὶ
1264 2664 1339 2724 ὧν
1369 2670 1493 2725 οὔτε
1531 2672 1744 2744 μαρτύ-

176 2780 294 2834 ρων,
327 2765 400 2827 ὡς
442 2764 564 2827 ἔθος
597 2765 765 2834 αὐτῷ,
827 2764 1223 2835 παραστάντων
1253 2765 1508 2830 ἐπύθετο,
1551 2766 1647 2818 καὶ
1689 2767 1738 2819 εί

176 2857 364 2925 χρόνων
421 2853 537 2910 εἷεν
564 2857 671 2910 τῶν
694 2858 1037 2927 ὡρισμένων,
1079 2858 1585 2929 πεπληροςόρηται·
1618 2857 1744 2912 οὔτε

175 2949 494 3020 ὣκιμασίαν
553 2950 681 3017 περὶ
721 2949 814 3002 τοῦ
869 2949 985 3020 βίου
1045 2951 1248 3004 τούτων
1297 2951 1616 3018 πεποίηται.
1652 2953 1746 3005 καὶ

176 3040 427 3094 τὸπιστδν
453 3041 553 3094 τοῦ
582 3041 764 3106 ἀξίους
798 3039 932 3095 εἶναι
969 3042 1061 3096 τοῦ
1093 3043 1514 3113 ἐπαγγέλματος
1544 3046 1607 3097 ἐκ
1649 3045 1747 3115 τῆς

1209 2487 1414 2556 ἔφασκε
1449 2528 1464 2550 ,
1524 2490 1598 2560 μή
1611 2508 1740 2543 ποτε

1842 551 2203 607 diuronorum
2255 561 2308 607 ct
2343 556 2690 609 sacerdotum
2746 555 2864 610 Suis
2921 553 3255 609 dimcesihus
3316 571 3423 610 non

1844 644 2218 712 subjectos-um
2244 646 2619 702 ordinationes
2637 648 2774 700 citra
2797 647 2957 700 nil'un
2980 646 3424 702 observationem

1845 735 2025 790 facere
2055 737 2379 806 deprehensi
2444 749 2588 793 sunt.
2642 739 2742 803 Qui
2782 740 2946 790 etiam
2977 740 3044 792 de
3073 756 3162 806 eo,
3204 741 3352 810 quod
3394 758 3422 794 ιι

1844 829 2198 882 sanctissimo
2263 830 2578 900 patriarcha
2659 840 2871 895 nostro,
2942 832 3166 883 domino
3249 832 3423 898 Luca,

1843 918 2369 980 amumtiatuzuest,
2403 927 2456 971 et
2507 918 2770 972 admoniti
2828 928 2878 983 ιι,
2935 928 2993 973 nt
3053 919 3167 974 haec
3233 937 3426 976 contra

1844 1019 2082 1060 canones
2128 1006 2307 1062 facere
2358 1006 2680 1062 desinerent
2728 1025 2740 1060 :
2781 1018 2958 1072 extra,
3012 1009 3257 1079 inquam.
3315 1028 3426 1066 sua!

1845 1096 2086 1164 regionis
2115 1096 2316 1152 limites
2341 1100 2622 1164 ordinare,
2655 1107 2710 1153 et
2745 1100 2836 1160 iis,
2870 1102 2962 1169 qui
2991 1117 3057 1155 ex
3109 1104 3286 1156 aliena
3341 1119 3421 1156 rec

1845 1191 2008 1262 gione
2045 1190 2111 1245 ad
2143 1207 2203 1246 se
2233 1193 2480 1256 veniunt,
2513 1201 2622 1246 tam
2656 1195 2828 1270 libere
2859 1209 3053 1249 manus
3100 1195 3384 1266 imponere
3411 1214 3427 1252 :

1843 1285 2176 1339 oblivionem
2202 1301 2420 1349 eorum,
2453 1301 2577 1355 qua:
2606 1295 2732 1341 ante
2779 1287 2936 1342 facta:
2967 1299 3149 1348 erant,
3175 1289 3426 1342 declara-

1848 1379 2138 1444 tionumo,
2203 1394 2312 1433 non
2369 1388 2732 1434 cessaverunt
2795 1383 3076 1450 imponere
3141 1397 3315 1450 usque
3375 1383 3428 1435 in

1843 1469 2172 1524 hodiernum
2205 1469 2374 1525 diem.
2409 1471 2548 1535 Quia
2585 1483 2766 1525 autem
2799 1483 3001 1524 nostrae
3061 1472 3428 1528 mediocritati

1847 1575 1876 1615 a
1908 1568 2099 1616 nostro
2139 1563 2228 1631 pio
2252 1562 2681 1632 chartOphylat-e
2712 1566 3087 1618 renuntiatum
3137 1574 3241 1630 est,
3291 1568 3432 1618 nml-

1847 1664 1934 1710 tos
1961 1671 2026 1710 ex
2057 1663 2242 1710 nostra
2279 1656 2505 1726 regione
2556 1670 2754 1727 prmter
2811 1660 2931 1729 ejus
2981 1661 3314 1716 voluntatem
3361 1661 3428 1717 ad

1846 1747 2136 1816 episcopos
2167 1753 2222 1802 et
2252 1748 2722 1818 archiepiscopos,
2757 1752 2849 1820 qui
2876 1761 3001 1805 sunt
3034 1752 3242 1806 circum
3285 1753 3430 1808 circa

1847 1856 2099 1908 magnam
2156 1841 2299 1897 hanc
2347 1843 2643 1909 civitatem,
2699 1844 3048 1910 accedentes,
3102 1845 3430 1900 sacerdotali

1846 1947 2077 1988 munere
2103 1932 2170 1985 ah
2199 1933 2282 1986 eis
2310 1932 2506 2003 dignos
2539 1932 2750 1999 haberi,
2772 1934 2972 1989 deinde
3007 1951 3199 1990 rursus
3234 1935 3432 1990 reverti

1845 2022 1912 2078 ad
1948 2025 2085 2078 hanc
2123 2035 2364 2078 nostram
2398 2026 2672 2094 regionem
2701 2041 2824 2080 cum
2857 2027 3054 2082 li:teris
3105 2028 3243 2082 forte
3279 2043 3432 2080 com-

1848 2115 2220 2171 mendatitiis:
2265 2117 2395 2186 quid
2427 2118 2531 2171 sibi
2559 2119 2830 2187 agendum
2877 2118 2949 2173 sit
2986 2119 3040 2172 in
3071 2119 3160 2184 iis,
3190 2135 3219 2172 a
3247 2130 3430 2174 nostra

1847 2206 2154 2278 intelligere
2239 2209 2618 2265 mediocritate
2705 2212 3028 2280 postulavit.
3087 2211 3228 2265 Dixit
3283 2213 3429 2266 enim

1847 2313 1908 2354 se
1938 2315 2044 2354 non
2079 2317 2269 2371 parum
2303 2301 2580 2369 dubitare,
2619 2319 2684 2359 ne
2726 2304 2841 2374 ipse
2869 2305 3066 2359 alienis
3102 2303 3245 2358 forte
3285 2304 3433 2372 judi-

1847 2392 1949 2447 ciis
1976 2396 2364 2456 communicet,
2397 2397 2720 2464 permittens
2749 2413 2845 2452 eos
2870 2399 2937 2451 ad
2994 2413 3152 2452 sacra
3191 2398 3429 2462 admitti,

1847 2500 1988 2555 quos
2023 2485 2140 2555 ipse
2179 2488 2672 2542 nonexaminavit:
2706 2490 2773 2544 de
2803 2491 3008 2560 quibus
3033 2505 3131 2544 nec
3164 2498 3352 2554 testes,
3373 2498 3432 2544 ut

1848 2577 1954 2649 ipsi
1988 2595 2107 2634 mos
2137 2588 2242 2644 est,
2301 2589 2544 2636 astantes
2590 2582 2994 2649 interrogavit;
3029 2597 3129 2636 nec
3181 2597 3249 2634 an
3297 2597 3435 2651 pra--

1851 2671 2034 2725 [initus
2065 2686 2240 2726 annos
2273 2674 2534 2738 oatisint,
2558 2675 2760 2727 certior
2783 2675 3078 2740 l'aetusest,
3117 2690 3217 2730 nec
3241 2690 3430 2729 eorum

1851 2762 2016 2814 vitam
2043 2763 2379 2816 examinavit
2410 2779 2421 2816 :
2446 2779 2548 2817 nec
2579 2762 2714 2818 lides
2741 2765 2846 2818 sibi
2873 2763 3012 2818 facta
3039 2774 3203 2820 estex
3225 2766 3434 2834 scripto

1849 2867 2040 2907 eorum
2091 2855 2410 2910 testimonio
2450 2873 2463 2907 :
2500 2856 2595 2925 qui
2654 2857 2775 2910 iilos
2822 2856 3124 2910 secundum
3179 2858 3432 2929 spiritum

1851 2958 2204 3015 pepererunt,
2239 2962 2332 3001 eos
2359 2962 2479 3002 esse
2502 2963 2601 3001 sua
2619 2947 2973 3018 professione
2996 2949 3213 3019 dignos,
3248 2951 3431 3019 idque,

1851 3053 1974 3092 cum
2041 3054 2186 3108 saepe
2258 3040 2313 3093 in
2380 3043 2663 3095 noonullis
2748 3041 3042 3096 manifeste
3109 3042 3434 3097 adversetur

177 3134 546 3205 ὲνυπογράῖρου
598 3135 906 3206 μαρτυρίας
945 3134 1053 3189 τῶν
1081 3135 1221 3188 κατά
1273 3135 1494 3206 πνεῦμα
1521 3136 1743 3200 τούτους

1853 3140 2129 3200 aspectus,
2163 3130 2308 3200 quod
2333 3132 2398 3186 ad
2428 3147 2697 3186 annorum
2727 3136 3190 3204 complementum
3213 3136 3432 3203 attinet,

177 3223 549 3295 ὠδινησάντων
610 3227 920 3297 παρείληφε
967 3242 983 3258 ο
1032 3229 1124 3280 καὶ
1211 3228 1386 3281 ταῦτα
1416 3270 1430 3292 ,
1483 3228 1745 3292 πολλάκις

179 3316 258 3368 ὲπί
295 3335 454 3371 τινων
485 3320 780 3386 προφανῶς
814 3319 1238 3390 ἐναντιουμένης
1269 3321 1367 3391 τῆς
1397 3320 1572 3387 ὅψεως
1618 3321 1746 3393 περὶ

179 3409 263 3476 τὴν
320 3410 427 3462 τῶν
497 3410 707 3480 χρόνων
735 3412 871 3474 τέως
901 3412 1196 3465 ἐντέλειαν·
1231 3414 1324 3466 κα.)⁸
1367 3413 1464 3467 τὸν
1495 3430 1746 3482 τριακον-

179 3501 357 3572 τούτην
408 3499 558 3556 εἶναι
608 3504 915 3572 ὀφείλοντα,
981 3505 1162 3575 πολλῷ
1207 3505 1307 3574 τῆς
1359 3505 1615 3575 τοιαύτης
1641 3505 1749 3559 λεί-

181 3595 359 3648 πεσθαι
421 3595 774 3666 προθεσμίας
810 3612 825 3626 ο
877 3596 1419 3667 προσμαρτυρούσης
1467 3599 1748 3669 προδήλως

181 3686 236 3739 εκ
256 3705 309 3739 τε
336 3689 435 3758 τῆς
471 3689 616 3742 κατά
642 3687 740 3756 τὴν
768 3688 984 3757 ἠλικίαν
1015 3687 1108 3742 τοῦ
1136 3689 1390 3758 σώματος
1413 3691 1749 3758 φαινομένης

180 3778 386 3843 ἀτελοῦς
440 3781 862 3845 καταστάσεως,
909 3781 1004 3834 καὶ
1039 3780 1098 3845 ἐξ
1131 3782 1301 3853 αὐτῆς
1353 3781 1446 3834 τοῦ
1480 3781 1748 3851 πώγωνος

180 3871 265 3940 τῆς
295 3871 699 3940 ἒπιιιιιλὼσεως,
768 3874 857 3943 ἐφ’
904 3866 980 3928 ὧν
1023 3874 1080 3928 δὲ
1137 3874 1402 3945 βραχείας
1459 3877 1601 3932 πάνυ
1653 3878 1749 3931 καὶ

183 3964 518 4036 ἱνδεεστέρας
573 3965 758 4036 πολλῷ
813 3967 908 4020 τοῦ
934 3969 1307 4036 προσήκοντος
1355 3970 1750 4041 τριακοντούτῃ

184 4059 500 4127 πωγωνιήτῃ
551 4055 928 4127 τριχώματος.
983 4056 1172 4110 Ταῦτα
1228 4059 1427 4126 λέγων,
1494 4060 1590 4113 καὶ
1649 4062 1750 4131 τήν

186 4145 520 4218 ὒςέρπουσαν
580 4148 772 4201 τοῦτον
817 4148 1150 4218 ἀμφιϐολίαν
1220 4149 1312 4203 καὶ
1361 4152 1630 4222 ἀπορίαν,
1675 4152 1750 4216 ὡς

185 4238 270 4290 οὐκ
292 4239 606 4308 ἀνεύλογον,
637 4241 696 4308 ἐξ
718 4241 896 4312 ἔργων
929 4243 1106 4296 αὐτῶν
1140 4244 1496 4315 παρεδήλωσε
1520 4261 1533 4274 ·
1568 4263 1750 4318 παρα-

187 4334 514 4398 στησάμενος
561 4335 630 4404 τῇ
682 4334 839 4403 ήμῶν
895 4335 1211 4404 μετριότητι
1268 4337 1562 4400 συνοδικῶς
1626 4356 1752 4409 προ-

187 4419 475 4494 καθημένῃ,
511 4423 615 4492 τήν
647 4423 886 4492 σήμερον
921 4422 1015 4476 δύο
1038 4425 1132 4478 καὶ
1165 4429 1313 4495 τρεῖς
1335 4426 1506 4490 οὕτως
1529 4428 1751 4498 ἔχοντας

1850 3230 1902 3275 et
1929 3222 2022 3291 qui
2049 3237 2154 3274 xxx
2186 3237 2361 3276 annos
2393 3232 2556 3279 natus
2583 3240 2706 3278 esse
2734 3225 2978 3288 deberet,
3007 3226 3075 3280 ab
3097 3241 3161 3280 eo
3189 3234 3434 3297 tempore

1853 3311 2011 3382 IOnge
2041 3315 2204 3382 absit,
2264 3316 2513 3385 corporis
2549 3319 2973 3381 constitutione,
3004 3333 3111 3387 qna
3164 3322 3431 3383 cernitur,

1850 3417 2064 3461 aetatem
2128 3417 2317 3478 aperte
2359 3418 2620 3474 testante,
2675 3411 2906 3481 ipsaque
2939 3411 3124 3466 barbae
3168 3413 3431 3469 raritate:

1851 3512 1973 3552 cum
2014 3499 2067 3552 in
2098 3499 2220 3554 aliis
2251 3500 2470 3570 quidem
2502 3503 2595 3570 pili
2634 3504 2786 3557 nullo
2821 3503 2985 3558 modo
3015 3517 3340 3574 appareant,
3378 3507 3431 3560 in

1853 3590 1975 3645 aliis
2010 3606 2140 3645 1rero
2169 3591 2375 3657 brevis,
2413 3602 2468 3648 et
2521 3594 2697 3649 multo
2755 3596 2937 3649 minor
3001 3613 3164 3666 quam
3213 3598 3432 3668 triginta

1853 3695 2122 3736 annorum
2155 3683 2294 3753 pilos
2320 3701 2444 3740 esse
2479 3695 2749 3754 oporteat.
2786 3686 2908 3742 lla2c
2939 3686 3152 3753 dicens,
3187 3691 3351 3743 etiam
3381 3691 3432 3745 ei

1852 3785 2238 3830 occurrentem
2271 3777 2674 3854 dubitationem
2714 3796 2824 3834 non
2864 3797 2988 3836 esse
3028 3781 3292 3851 injustam
3355 3782 3470 3837 [ιι--

1853 3865 1956 3919 etis
2014 3866 2148 3933 ipsis
2201 3870 2464 3940 ostendit,
2499 3884 2706 3925 nostra:
2753 3872 3119 3927 mediocritati
3172 3874 3434 3944 synodico

1853 3958 2013 4012 hodie
2050 3959 2382 4028 prmsideuti,
2411 3963 2551 4017 duos
2584 3965 2665 4018 vel
2711 3973 2844 4030 tres,
2872 3965 2962 4034 qui
2999 3965 3102 4020 hoc
3141 3975 3300 4020 erant
3348 3982 3434 4020 as-

1853 4057 2012 4119 pectu
2039 4060 2091 4104 et
2122 4054 2542 4115 cuusdtutioue.
2576 4066 2628 4110 et
2652 4056 2721 4110 ad
2747 4073 2937 4112 saeros
2962 4058 3184 4114 ordines
3210 4075 3433 4129 promo-

1855 4141 1893 4194 ti
1927 4151 2107 4208 erant,
2138 4143 2403 4200 exhibens
2429 4164 2443 4200 :
2474 4146 2573 4201 hos
2599 4147 2843 4217 quidem,
2869 4164 2898 4201 a
2936 4149 3026 4204 Dei
3055 4151 3433 4205 amantissimo

1854 4231 2014 4288 Derci
2070 4237 2366 4305 episcopo:
2401 4237 2526 4292 illos
2560 4254 2712 4302 vero,
2749 4255 2777 4292 a
2815 4239 2909 4294 Dei
2959 4243 3274 4298 amantibus
3319 4245 3436 4312 epi-

1855 4327 2034 4392 scopis
2063 4325 2291 4381 Prauieti
2316 4337 2369 4382 et
2393 4327 2672 4383 Chalcidis
2692 4347 2705 4394 ;
2725 4338 2779 4385 et
2804 4331 3011 4393 dicens,
3033 4333 3168 4386 alios
3192 4349 3221 4387 a
3248 4334 3433 4390 diver-

1856 4417 1932 4471 sis
1972 4417 2051 4471 sic
2087 4419 2367 4473 ordinatos
2391 4420 2479 4472 hic
2511 4435 2632 4474 esse
2681 4431 2734 4476 et
2789 4423 3017 4487 versari,
3049 4435 3105 4479 et
3154 4427 3291 4481 velle
3353 4429 3432 4482 uti

186 4507 339 4577 ἃᾷεως
394 4514 493 4566 καὶ
553 4514 968 4581 καταστάσεως,
1003 4517 1100 4569 καὶ
1136 4518 1216 4580 εἰς
1243 4519 1520 4590 ἱερατικὸν
1549 4520 1741 4590 προϐι-

1852 4508 2166 4564 sacerdotes
2231 4526 2387 4565 sacra
2417 4512 2718 4568 celebrare.
2755 4513 2905 4569 lianc
2939 4532 3071 4587 ergo
3136 4519 3435 4590 religiosis-

186 4601 466 4670 ϐασθέντας
538 4605 782 4676 βαθμόν·
811 4607 871 4659 ὃν
909 4606 1029 4677 μὲν,
1077 4610 1229 4677 παρὰ
1257 4609 1350 4662 τοῦ
1393 4611 1746 4680 θεοφιλεστά-

184 4709 266 4746 του
311 4697 618 4750 ἐπισκόπου
674 4698 884 4768 Δέρκου
913 4714 927 4728 ·
979 4699 1075 4764 οὓς
1123 4699 1200 4766 δὲ,
1244 4701 1397 4771 παρά
1453 4702 1563 4754 τῶν
1623 4703 1740 4757 θεο-

187 4783 337 4846 ’ςιλῶν
370 4787 714 4850 ἐπισκόπων,
745 4787 838 4842 τοῦ
860 4806 919 4842 τε
955 4790 1258 4859 Πραινέτου
1289 4791 1384 4844 καὶ
1421 4792 1514 4845 τοῦ
1544 4793 1751 4847 Χαλκί-

186 4871 290 4936 δος²
319 4880 412 4930 καὶ
432 4878 636 4941 ἀλλους
660 4879 718 4932 δὲ
753 4879 904 4950 παρά
951 4879 1226 4951 διαφόρων
1258 4881 1401 4935 οὕτω
1436 4901 1748 4955 κεχειροτο-

187 4967 430 5033 νημένους
493 4969 744 5038 φ’ἀμενος
797 4964 960 5035 εἶναι,
1018 4971 1114 5024 καὶ
1150 4971 1447 5044 διατρίϐειν
1493 4975 1748 5041 ἐνταῦθα,

187 5056 268 5106 καὶ
295 5057 604 5130 ἱερουργεῖν
646 5060 852 5114 ἐθέλειν
881 5062 958 5126 ὼς
980 5063 1170 5133 ἱερεῖς.
1223 5066 1296 5119 Τὸ
1327 5066 1458 5136 γοῦν
1507 5067 1749 5123 τοιοῦτον

186 5144 268 5199 τοῦ
286 5148 704 5219 θεοφιλεστάτου
735 5153 895 5224 ήμῶν
925 5156 1352 5226 χαρτοερύλακος
1384 5158 1749 5232 ἀξιοζήτητον

189 5237 479 5310 πρόϐλημα,
553 5243 680 5297 οὐδὲ
734 5245 769 5315 ή
833 5248 1126 5318 μετριότης
1195 5248 1356 5319 ήμῶν
1415 5252 1746 5307 καταλιπεῖν

188 5324 423 5383 ἐθέλουσα
479 5333 704 5398 ἄλυτον,
741 5335 834 5388 ἐπὶ
883 5335 1064 5390 κοινοῦ
1134 5339 1645 5412 συνδιασκεψαμένη
1672 5346 1740 5414 τῇ

188 5415 465 5494 ὲνδημούσῃ
516 5423 644 5494 θεία
695 5426 788 5479 καὶ
877 5429 999 5500 ἱερᾷ
1059 5429 1358 5501 ἐπέτρεψεν
1391 5432 1737 5504 ἀδελφότητι.

188 5504 355 5562 Τοίνυν
415 5515 510 5567 καὶ
561 5516 691 5586 περὶ
740 5517 833 5571 τοῦ
882 5521 1246 5592 προκειμένου
1285 5522 1733 5595 διαγνωμονῆσαι

1853 4604 1976 4658 simi
2015 4603 2189 4659 nostri
2217 4604 2662 4676 chartophylacis
2691 4609 2924 4676 quaas'rtu
2954 4608 3174 4678 dignam
3229 4627 3433 4682 propo-

1851 4697 2104 4750 sitionem
2132 4712 2230 4751 nec.
2261 4706 2456 4752 nostra
2490 4699 2841 4755 mediocritas
2889 4702 3080 4757 volens
3135 4705 3432 4760 insolutam

1808 4841 1819 4850 ,
1851 4789 2187 4858 relinquere,
2221 4791 2586 4844 communiter
2613 4791 3074 4847 considerandam
3127 4796 3326 4852 divina:
3378 4811 3432 4853 ct

1851 4896 2043 4945 sacrm,
2074 4897 2196 4950 qum
2231 4882 2320 4936 hic
2350 4883 2462 4952 agit
2512 4881 2844 4938 fraternitati
2899 4887 3168 4956 permisit.
3206 4891 3349 4957 Ergo
3380 4903 3433 4945 et

1851 4973 1918 5028 de
1944 4975 2229 5044 proposito
2261 4975 2575 5046 disceptare
2611 4977 2879 5040 volentes,
2909 4980 3062 5049 prius
3121 4989 3180 5035 ut
3219 4981 3432 5037 discer-

1851 5077 2014 5120 natur
2034 5066 2350 5134 petivimus,
2383 5084 2634 5138 quamam
2656 5079 2784 5124 sunt
2818 5073 3151 5139 antistitum,
3189 5075 3431 5144 quisunt

1852 5157 2075 5227 ubique,
2109 5161 2423 5214 communia
2459 5169 2514 5216 et
2571 5176 2693 5229 qua:
2747 5165 2858 5215 sint
2909 5167 3192 5232 spcctalia,
3243 5167 3292 5221 id
3324 5176 3425 5232 est,

1850 5265 2100 5321 quamam
2127 5252 2374 5320 ejusdem
2417 5253 2654 5322 regionis
2701 5255 2944 5326 episcopi
2997 5272 3262 5327 peragero
3318 5276 3428 5314 non

1851 5343 2208 5412 prohibentur
2238 5345 2290 5397 in
2321 5344 2408 5408 iis,
2458 5346 2552 5415 qui
2580 5347 2648 5401 ad
2681 5347 2802 5402 illos
2857 5349 3241 5422 undecomque
3271 5367 3432 5408 accc-

1850 5435 2005 5499 dunt,
2060 5442 2115 5489 et
2174 5451 2422 5506 quaenam
2471 5446 2624 5493 extra
2686 5455 2798 5496 sua:
2853 5441 3108 5497 dimcesis
3167 5445 3430 5498 terminos

1850 5525 2028 5580 facere
2058 5526 2440 5594 prohibentur.

1471 5641 1702 5696 VARUE
1744 5640 2151 5698 LECTIONES.
3204 5722 3206 5724 _

242 5727 561 5814 fqur‘etram
594 5731 690 5786 hoc
718 5737 924 5790 nomine
977 5738 1301 5804 interpslluti
1334 5755 1363 5791 α
1396 5739 1668 5794 decessore
1707 5749 1908 5801 nostra,
1950 5741 2197 5794 sancti”.
2250 5745 2477 5809 patriar.
2543 5749 2757 5805 domino
2809 5750 2973 5814 Luca,
3028 5759 3077 5802 et
3143 5753 3420 5808 admoniti.

193 5797 212 5823 ο
239 5797 650 5855 intsrdiclsrmu.
