4176 6446
781 363 884 429 791

781 486 1046 552 θέλοντες,
1092 487 1442 555 διακριθῆναι
1496 491 1756 562 πρότερον
1797 491 2166 564 ἱζητήσαμεν,

779 581 1148 651 ἐνεργήματα,
1203 583 1326 636 τίνα
1373 583 1428 637 δὲ
1492 583 1778 655 ίδικὼτερα
1806 604 1820 619 ο
1877 589 2150 650 τουτέστι,
2217 588 2344 639 ποῖα
2388 585 2488 654 μὲν
2517 587 2567 639 οἱ
2599 587 2854 659 ἐγχώριοι
2898 588 3007 642 τῶν
3056 589 3355 661 ἀρχιερέων
3384 589 3446 641 οὗ
3482 586 3816 641 ’κωλύονται

2081 376 2217 438 JUS
2243 376 2706 450 CLVONICUM.

3921 386 4030 448 793

2253 494 2377 545 τίνα·
2419 493 2518 562 μὲν
2552 495 2618 548 τὰ
2697 495 2806 549 τῶν
2860 495 3176 568 ἁπανταχοῦ
3208 495 3514 566 ἀρχιερέων
3551 496 3661 547 εἰσὶ
3736 498 4024 566 κοινότερα

3911 590 4027 641 5t:-

778 675 1135 747 πράττεσθαι,
1200 677 1293 730 ἐπὶ
1348 681 1462 742 τοῖς
1521 679 1846 752 ὁθενδήποτέ
1903 700 2060 752 σφισι
2106 679 2599 753 προσερχομένοις·
2639 684 2760 736 τίνα
2793 684 2850 737 δὲ
2881 683 3234 754 ἀπείργονται
3269 684 3440 736 ποιεῖν
3474 682 3760 754 ὑπερόρια.

849 771 1052 827 Deinde
1073 782 1101 822 ιι
1119 773 1186 828 ale
1211 788 1274 826 ea
1295 776 1689 830 resententiam
1709 777 1851 832 ferre
1873 778 2178 847 cupientes,
2194 778 2326 830 iure

2519 777 2627 829 Καὶ
2659 778 2845 846 ἐπειδὴ
2878 776 2946 830 τά
2974 779 3102 849 περὶ
3137 777 3341 830 τούτων
3372 775 3811 846 φιλοκρινοῧντες
3859 775 4025 843 {gas-J-

775 865 956 920 nitnus
987 881 1083 921 eos
1111 866 1351 936 quidem,
1385 866 1477 936 qui
1497 869 1770 939 mysteriis
1802 885 1909 923 non
1942 878 2075 924 sunt
2116 867 2339 932 initiati,

775 956 901 1011 ﬁdei
955 958 1220 1011 rationem
1277 956 1496 1024 docere,
1529 969 1583 1014 et
1612 960 1950 1015 catecltizare
1982 978 1996 1014 :
2025 961 2222 1016 deinde
2271 961 2343 1015 sit

771 1052 936 1104 etiam
963 1050 1363 1107 illuminati'one
1390 1051 1631 1123 dignari,
1662 1067 1726 1107 ac
1755 1052 1936 1108 divina
1979 1054 2142 1109 etiam
2176 1063 2230 1110 et
2261 1054 2343 1108 vi-

773 1142 929 1194 vilica
961 1143 1224 1212 mysteria
1261 1144 1666 1199 communicare
1697 1145 1973 1210 ﬁdelibus,
1993 1147 2084 1216 qui
2111 1157 2243 1202 sunt
2272 1163 2337 1203 ex

767 1248 1096 1303 quacunque
1137 1235 1389 1304 regione;
1441 1234 1544 1289 hoc
1577 1251 1701 1292 esse
1745 1254 2036 1294 commune
2097 1239 2336 1293 olIicium

766 1324 1155 1392 indicavimus,
1191 1334 1247 1379 et
1289 1325 1383 1388 iis,
1412 1326 1505 1396 qui
1537 1343 1602 1382 ex
1654 1330 1868 1399 propria
1920 1331 2142 1402 regione
2182 1345 2340 1384 acce-

768 1419 926 1481 dunt,
963 1426 1017 1472 et
1051 1420 1119 1473 iis
1152 1418 1316 1472 etiam
1345 1419 1436 1488 qui
1484 1435 1550 1473 ex
1598 1421 1773 1475 aliena
1816 1424 2037 1492 regione
2088 1425 2336 1478 veniunt.

765 1507 958 1564 Manus
989 1517 1170 1565 autem
1200 1509 1500 1578 imponere,
1529 1521 1581 1566 et
1604 1527 1792 1567 sacros
1819 1514 2038 1569 ordines
2057 1513 2332 1582 conferre,

761 1618 874 1656 non
908 1602 995 1665 iis,
1030 1604 1122 1671 qui
1155 1607 1518 1675 undequaque
1544 1607 1791 1670 veniunt,
1823 1608 1917 1662 sed
1950 1608 2018 1663 iis
2047 1608 2204 1673 solis,
2238 1609 2332 1679 qui

763 1703 891 1748 sunt
907 1694 1023 1762 ejus
1039 1695 1314 1761 dioecesis,
1333 1697 1630 1768 unicuique
1644 1699 1872 1754 antistiti
1889 1714 2096 1755 canone
2110 1708 2329 1754 cautum

761 1795 846 1842 est
880 1806 893 1842 :
940 1803 1005 1843 ne
1035 1788 1191 1843 'intcr
1223 1805 1318 1845 eos
1355 1789 1602 1845 conlusio
1640 1791 1943 1861 seditioque
1983 1804 2255 1858 versetur,
2301 1807 2330 1846 a

759 1879 959 1943 quibus
999 1888 1052 1933 et
1079 1879 1213 1934 ordo
1241 1880 1480 1948 et'pacis
1515 1879 1715 1934 bonum
1764 1879 1886 1935 aliis
1918 1897 2138 1952 quoque
2177 1891 2329 1940 certa

758 1968 919 2022 debet
949 1969 1134 2040 reguia
1163 1969 1322 2024 tradi.
1360 1969 1627 2036 Quoniam
1658 1987 1786 2041 ergo
1816 1973 1931 2027 haec
1957 1973 2219 2043 inquisita
2246 1976 2328 2030 sic

759 2060 958 2115 habere
1006 2076 1067 2116 se
1110 2061 1446 2126 invenimus,
1499 2078 1594 2118 eos
1644 2064 1889 2134 quidem,
1932 2066 2176 2135 quiante
2205 2068 2326 2123 l'ue-

755 2158 906 2214 runt,
942 2153 1336 2223 propemodum
1400 2154 1769 2208 condemnare
1796 2199 1810 2220 ,
1870 2163 1924 2209 et
1965 2157 2325 2212 sacerdotalia
2361 2138 2405 2195 Β

755 2258 1006 2306 munera,
1041 2260 1162 2315 quae
1186 2246 1297 2313 jam
1337 2247 1613 2310 obierunt,
1650 2247 1932 2303 infirmare
1975 2259 2030 2304 et
2077 2251 2161 2304 vel
2207 2267 2322 2318 eos,

756 2335 849 2406 qui
912 2335 1260 2403 ordinarunt,
1305 2339 1668 2408 segregationi
1718 2339 2026 2407 subjicere,
2068 2343 2150 2397 vel
2205 2357 2322 2406 eos,

755 2427 849 2497 qui
907 2429 1148 2483 ordinati
1210 2440 1361 2496 sunt,
1400 2432 1728 2486 sacerdotali
1771 2435 1983 2488 nudare
2017 2434 2279 2504 dignitate
2305 2475 2321 2500 ,

755 2517 953 2572 durum
979 2519 1201 2573 omnino
1236 2529 1290 2574 et
1331 2520 1685 2576 inhumanum
1715 2524 2151 2579 existimavimus
2187 2544 2198 2578 :
2227 2527 2321 2579 sed

753 2625 850 2666 eos
889 2626 997 2664 non
1044 2611 1280 2680 amplius
1312 2611 1475 2678 ferre,
1509 2614 1600 2682 qui
1633 2614 1685 2668 in
1730 2624 1978 2669 nostrum
2010 2628 2038 2669 (ι
2064 2615 2322 2687 prejudi-

753 2702 898 2757 ciutu
935 2709 1048 2756 tam
1078 2717 1106 2755 a
1140 2704 1356 2758 ratione
1390 2705 1568 2759 aliena
1599 2705 1850 2761 fecerunt
1883 2748 1900 2774 ,
1932 2717 1985 2762 et
2010 2725 2132 2778 qua:
2162 2709 2316 2779 prius

753 2795 970 2862 quidem
999 2795 1138 2849 facta
1171 2807 1320 2860 sunt,
1342 2795 1580 2853 humane
1598 2801 2002 2867 transmittere;
2035 2802 2086 2856 id
2117 2810 2319 2865 autem,

752 2886 896 2957 quod
932 2885 1176 2943 futurum
1231 2900 1336 2955 est,
1369 2889 1700 2961 corrigendo
1760 2901 1938 2946 tutum
1985 2893 2218 2949 reddere
2261 2901 2321 2948 ut

751 2977 896 3046 quod
927 2977 1082 3033 nobis
1108 2978 1353 3049 ipsisque
1382 2980 1658 3048 conferat,
1683 2984 2002 3040 censuimus
2038 3003 2050 3038 :
2085 2993 2138 3039 et
2161 2984 2320 3039 dein-

751 3083 882 3138 ceps
941 3070 1227 3125 unanimes
1264 3080 1285 3108 τ
1317 3086 1511 3128 omnes
1561 3075 2006 3142 pronuntiamus,
2068 3092 2135 3132 ne
2191 3077 2316 3146 quis

752 3158 1013 3228 deinceps
1048 3175 1110 3213 ex
1152 3157 1402 3216 finitimis
1449 3163 1648 3216 amicat
1681 3163 2048 3229 antistitibus,
2103 3180 2204 3219 nec
2251 3181 2317 3219 ex

753 3250 1130 3314 ulterioribus,
1187 3251 1302 3306 sive
1361 3268 1427 3307 ex
1477 3264 1667 3308 nostra
1721 3257 1853 3320 sint,
1895 3256 2011 3310 sive
2038 3271 2102 3309 ex
2137 3257 2316 3311 aliena

752 3339 986 3406 synodo,
1012 3353 1231 3393 manum
1272 3356 1462 3396 sacros
1484 3344 1708 3399 ordines
1738 3344 2113 3400 conferentem
2143 3348 2318 3418 impo-

754 3444 881 3485 nere
907 3429 1071 3483 alicui
1103 3445 1314 3496 eorum,
1349 3433 1442 3502 qui
1508 3443 1640 3489 sunt
1693 3436 1860 3506 hujus
1916 3437 2218 3507 imperialis
2263 3447 2316 3495 et

753 3537 962 3592 magnae
985 3522 1228 3578 civitatis
1250 3524 1527 3592 dimcesis,
1560 3544 1661 3584 nec.
1691 3531 1802 3585 ullo
1826 3539 2169 3586 sacratorum
2197 3533 2318 3586 loco

749 3624 811 3668 ιιι·
835 3615 1013 3682 gradu
1038 3630 1132 3670 eos
1164 3615 1360 3687 dignos
1383 3618 1630 3687 judicare
1664 3659 1679 3686 ,
1715 3621 1810 3676 sed
1845 3621 1985 3676 sciat
2025 3623 2319 3693 unusquis-

748 3723 854 3775 que
882 3722 980 3761 sua
1010 3708 1157 3776 jura,
1189 3716 1243 3762 et
1279 3709 1346 3764 iis
1370 3709 1452 3764 vel
1477 3711 1610 3765 solis
1649 3712 1720 3766 sit
1744 3722 2058 3770 contentus.
2092 3712 2319 3781 Episco-

749 3798 893 3868 palia
928 3807 1110 3853 autem
1134 3800 1281 3868 jura,
1326 3817 1447 3871 qua:
1481 3803 1548 3858 ad
1595 3803 1734 3858 alios
1769 3807 2068 3875 pertinent,
2110 3822 2178 3862 ne
2213 3809 2315 3860 im-

749 3893 1020 3962 pudenter
1081 3901 1136 3947 ct
1185 3894 1411 3948 omnino
1465 3897 1820 3964 contemptim
1877 3897 2157 3951 invadant.
2195 3896 2312 3952 Mo-

747 3984 1022 4052 nendique
1053 3992 1179 4038 sunt
1207 3985 1298 4052 qui
1333 3999 1362 4038 a
1393 3986 1553 4042 nobis
1588 3988 1668 4042 sic
1700 3990 1965 4043 canonice
1992 3992 2311 4055 constituta,

749 4077 1026 4130 inﬁrmare
1048 4084 1100 4131 et
1133 4077 1406 4147 negligere
1434 4079 1552 4132 ausi
1585 4077 1806 4143 iuerint,
1854 4087 1909 4133 et
1951 4081 2041 4149 qui
2107 4082 2172 4135 ad
2220 4099 2315 4138 eos

747 4168 1037 4230 accedunt,
1091 4176 1147 4222 et
1193 4169 1504 4225 sacerdotio
1565 4170 1715 4241 digni
1774 4172 1945 4225 habiti
2001 4183 2174 4240 sunt;
2218 4190 2314 4230 eos

747 4259 971 4325 quidem
995 4259 1095 4329 qui
1119 4270 1314 4330 prater
1331 4275 1569 4316 canones
1587 4262 1820 4317 ordinati
1851 4263 2075 4326 fuerint,
2106 4265 2311 4318 nullam

746 4351 838 4404 hic
895 4366 1096 4405 munus
1142 4352 1483 4407 sacerdotale
1523 4356 1869 4409 exerciturus
1905 4373 1917 4408 :
1950 4355 2047 4410 sed
2092 4355 2146 4409 in
2207 4357 2312 4409 illis

745 4440 1068 4509 regionibus
1114 4455 1305 4496 secure
1352 4457 1512 4497 sacra
1553 4443 1950 4508 celebraturos,
2003 4445 2057 4498 in
2111 4445 2314 4515 quibus

743 4535 908 4586 etiam
935 4534 1228 4587 sacerdotii
1254 4534 1566 4587 unctionem
1590 4545 1919 4604 acceperunt
1956 4555 1968 4589 :
2003 4537 2096 4604 qui
2128 4545 2309 4590 autem

742 4623 1160 4686 ordinaverunt,
1223 4641 1288 4679 ex
1351 4641 1696 4696 quacumque
1752 4628 1862 4680 sint
1916 4625 2145 4698 synodo,
2201 4643 2310 4682 non

743 4715 1195 4785 celebrandarum
1228 4732 1509 4770 sacrorum
1540 4717 1840 4787 pmnael'ore
1862 4719 2117 4788 deinceps
2137 4721 2309 4774 obno-

744 4806 886 4866 xios,
920 4815 979 4858 ut
1009 4807 1103 4875 qui
1134 4822 1231 4860 nec
1257 4816 1378 4876 post
1412 4811 1638 4878 primam
1674 4812 1757 4864 vel
1788 4811 2082 4865 secundam
2115 4813 2306 4865 admo-
2340 4845 2384 4900 Β

743 4898 1005 4951 nitionem
1062 4898 1314 4968 (primam
1361 4912 1540 4954 autem
1580 4901 1834 4965 dicimus,
1866 4917 2038 4971 quaea
2080 4905 2314 4958 sanctis-

744 4984 888 5038 simo
909 4996 1106 5041 nostro
1123 4989 1524 5057 praedecessore
1550 4990 1772 5044 domino
1790 4991 1950 5046 Luca:
1977 4994 2312 5064 synodaliter

740 5074 883 5130 [acta
914 5083 1021 5142 est,
1052 5077 1546 5150 denuntiationem)
1571 5082 1639 5135 ah
1671 5097 1731 5135 ea
1767 5085 1983 5138 actione
2006 5086 2309 5141 canonibus

743 5175 1080 5236 repugnante
1155 5169 1363 5237 sejungi
1437 5172 1733 5226 voluerint.
1799 5172 2067 5239 Quocirca
2141 5178 2304 5229 etiam

739 5266 959 5312 cautum
1008 5265 1115 5321 est,
1169 5259 1307 5314 hanc
1349 5261 1545 5325 emitti,
1593 5272 1645 5316 et
1693 5262 1809 5315 dari
1852 5263 2301 5321 declarationem.

2451 884 2637 937 ρομεν,
2667 868 2728 921 τὸ
2763 869 2860 938 μὲν
2891 870 3173 940 ἀμυήτους
3201 868 3291 922 τὸν
3322 867 3451 936 περὶ
3481 869 3717 929 πίστεως
3749 869 3915 936 λόγον
3951 871 4026 920 δι-

2444 957 2685 1022 δάσκειν,
2723 957 2816 1009 καί⁵
2863 960 3142 1028 κατηχεὶν,
3194 951 3294 1009 εἷθ’
3344 954 3489 1008 οὕτω
3518 956 3612 1008 καὶ
3663 957 4019 1025 φωτίσματος

2444 1044 2649 1111 ἀξιοῦν,
2687 1045 2822 1098 ἀλλά
2868 1047 2964 1098 καὶ
3012 1045 3115 1114 τῆς
3142 1045 3251 1098 τῶν
3285 1043 3445 1096 θείων
3475 1044 3570 1097 καὶ
3602 1044 3892 1108 ζωοποιῶν
3925 1062 4018 1113 μυ-

2445 1139 2684 1208 στηρίων
2733 1136 3089 1208 μεταλήψεως
3137 1135 3479 1206 μεταδιδόναι
3521 1137 3633 1198 τοῖς
3689 1134 3750 1200 ἐξ
3796 1136 4018 1189 οἱασοῦν

2443 1227 2660 1298 ἑνορίας
2697 1229 2944 1292 πιστοῖς,
2982 1228 3266 1298 ἐνέργημα
3301 1223 3441 1280 εῖναι
3494 1225 3652 1280 τοῦτο
3707 1227 4019 1295 κοινότερον

2441 1321 2850 1391 διεγνώκειμεν.
2902 1321 2995 1373 έπί
3039 1338 3097 1373 τε
3147 1320 3254 1372 τῶν
3303 1323 3366 1373 ὲκ
3408 1320 3508 1388 τῆς
3552 1318 3758 1379 οἰκείας
3802 1319 4019 1388 ἰνορίας

2439 1411 2809 1484 ὡρμημένων,
2842 1413 2978 1465 ἀλλά
3009 1413 3105 1467 καὶ
3148 1412 3241 1466 ἐπὶ
3270 1411 3376 1465 τῶν
3415 1412 3473 1478 ἐξ
3507 1411 3814 1482 ἀλλοδαπῆς
3867 1411 4020 1480 ἐρχο-

2442 1507 2638 1575 μένων.
2690 1506 3041 1577 Χειροθεσίας
3089 1505 3147 1559 δὲ
3199 1504 3483 1575 ἱερατικῆς
3536 1503 3746 1570 ἀξιοῦν,
3793 1503 3858 1555 οὐ
3894 1503 4017 1564 τοὺς

2439 1598 2811 1668 ἁπανταχόθεν
2851 1600 3199 1669 ἐρχομένους,
3241 1599 3357 1652 ἀλλ’
3382 1599 3424 1668 ἢ
3447 1598 3640 1668 μόνους
3668 1599 3794 1661 τοὺς
3818 1599 3889 1652 ἐκ
3923 1599 4014 1666 τῆς

2435 1691 2645 1754 οἱκείας
2687 1690 2899 1761 ένορίας
2944 1692 3025 1744 Evt
3048 1691 3263 1759 ἑκάστῳ
3298 1691 3548 1760 ἀρχιερεῖ
3588 1690 3975 1743 κεκανόνισται
3999 1705 4012 1721 ο

2437 1782 2523 1836 ἵνα
2571 1784 2645 1855 μὴ
2682 1784 2741 1836 τὺ
2782 1786 3020 1838 ἄτακτον
3058 1783 3270 1846 τούτοις
3315 1785 3410 1836 καὶ
3454 1784 3751 1844 στασιῶδες
3778 1784 4013 1853 ἐμπολι-

2432 1875 2664 1940 τεὺοιτο,
2695 1876 2755 1944 ἐξ
2791 1867 2865 1930 ὧν
2893 1874 2953 1928 τὸ
2981 1874 3244 1929 εὔτακτον
3274 1876 3367 1928 καὶ
3413 1874 3474 1928 τὺ
3516 1876 3613 1944 τῆς
3643 1877 3873 1946 εἰρήνης
3917 1893 4009 1927 κα-

2432 1967 2522 2021 λὸν
2566 1970 2659 2020 καὶ
2703 1970 2815 2030 τοὶς
2859 1967 3040 2030 ἄλλοις
3078 1966 3355 2036 ὀφείλεται
3401 1965 3801 2029 κει-λογίζεσθαι.
3857 1965 4011 2019 Ἐπεὶ

2432 2060 2524 2113 οὖν
2551 2060 2694 2113 οὓτω
2721 2058 2894 2113 ταῦτα
2917 2058 3276 2129 ζητήσαντες,
3300 2059 3555 2130 εὕρομεν,
3581 2061 3643 2114 τὸ
3676 2060 3778 2130 μὲν
3812 2059 4012 2129 σχολήν

2430 2152 2539 2206 τῶν
2583 2151 2992 2220 προγεγονότων
3033 2152 3540 2222 καταψηφίσασθαι,
3581 2155 3673 2206 καὶ
3715 2152 4009 2222 ἀκυρῶσαι

2432 2245 2529 2308 τάς
2567 2244 2670 2315 ἤδη
2701 2243 2848 2311 σφίσι
2875 2246 3371 2314 προτετελεσμένας
3400 2245 3679 2314 ἱερατικὰς
3702 2245 4006 2314 ἐνεργείας.

2432 2337 2528 2389 καὶ
2561 2338 2670 2389 εἴτε
2700 2336 2988 2406 ἀφορισμῷ
3017 2337 3143 2398 τοὺς
3171 2337 3663 2407 χειροθετήσαντας
3687 2336 4009 2388 καθυποδαο

2431 2427 2563 2491 λεῖν,
2591 2429 2699 2481 εἴτε
2728 2428 2855 2490 τοὺς
2885 2427 3364 2498 χειροτονηθέντας
3393 2430 3492 2496 τῆς
3532 2428 3818 2496 ἱερατικῆς
3849 2427 4009 2490 ἀξίας

2430 2519 2845 2590 ἀπογυμνῶσαι,
2885 2518 3120 2590 σκληρόν
3142 2536 3195 2572 τι
3221 2519 3315 2573 καὶ
3342 2520 3552 2588 ἀπηνὲς
3586 2520 3723 2581 ὅλως
3749 2517 4006 2585 ἐλογισά-

2433 2613 2571 2683 μεθα
2595 2629 2606 2641 ·
2645 2612 2707 2665 τδ
2735 2612 2790 2663 δὲ
2820 2611 2911 2664 καὶ
2945 2611 3025 2664 έτι
3056 2612 3105 2643 η
3136 2612 3476 2680 ἀνασχέσθαι
3501 2611 3609 2664 τῶν
3641 2612 3734 2664 ἐπὶ
3771 2611 4009 2680 κρίματι

2432 2705 2679 2773 σφετέρῳ
2708 2703 2774 2755 τὰ
2804 2701 3027 2757 τοιαῦτα
3056 2702 3514 2773 διαπραξαμένων
3554 2703 3870 2775 παράλογα,
3917 2705 4010 2756 καὶ

2427 2797 2496 2849 τὰ
2522 2795 2619 2865 μὲν
2648 2795 3062 2865 προτετυγμένα
3087 2795 3480 2867 φιλανθρώπως
3512 2796 3920 2867 παραδραμεῖν,
3949 2794 4010 2847 τδ

2426 2889 2480 2945 δὲ
2509 2888 2700 2961 μέλλον
2731 2886 3212 2957 ἐπιδιορθωτικῶς,
3246 2887 3671 2952 ἀσφαλίσασθαι,
3712 2887 3813 2940 ὅτε
3847 2890 4006 2956 κοινῇ

2429 2982 2707 3052 συμφέρον
2742 2981 2838 3034 καὶ
2862 2981 2995 3051 ἡμῖν
3028 2979 3215 3041 αὐτοῖς
3245 2978 3616 3050 έπεκρίναμεν
3637 2995 3650 3010 ·
3681 2977 3874 3030 λοιπδν
3911 2979 4006 3031 καὶ

2424 3073 2857 3144 ὁμοφρονοῦντες
2909 3070 3323 3142 ἀποφαινόμεθα
3381 3072 3641 3134 ἅπαντες,
3694 3070 3900 3139 μηκέτι
3946 3070 4006 3122 τὸ

2423 3168 2531 3221 ἀπὸ
2553 3166 2704 3220 τοῦδε
2727 3164 3003 3235 τολμῆσαί
3029 3182 3149 3218 τινα
3184 3163 3293 3216 τῶν
3331 3161 3722 3233 πλησιοχώρων
3765 3165 3878 3215 εἴτε
3912 3163 4005 3215 καὶ

2425 3258 2791 3330 πορῤωτέρων
2847 3257 3170 3326 ἀρχιερέων,
3224 3255 3332 3307 τῶν
3378 3271 3437 3306 τε
3472 3255 3537 3306 ὲκ
3583 3252 3680 3323 τῆς
3718 3253 4002 3322 ἡμετέρας

2427 3349 2664 3412 συνόδου,
2699 3347 2807 3400 τῶν
2847 3365 2906 3400 τε
2949 3348 3006 3413 ἐξ
3053 3347 3266 3414 ἑτέρας,
3316 3347 3478 3414 χεῖρα
3520 3344 3850 3411 τελεστικὴν
3883 3346 4005 3396 im-

2427 3443 2600 3495 θεῖναι
2630 3441 2721 3493 ἐπί
2743 3457 2848 3493 τινι
2891 3438 2998 3492 τῶν
3031 3440 3127 3507 τῆς
3155 3438 3257 3490 ὑπὸ
3283 3436 3380 3507 τὴν
3405 3435 3645 3506 βασιλίδα
3668 3435 3876 3504 ταύτην
3911 3435 4006 3487 καὶ

2424 3533 2786 3605 μεγαλόπολιν
2838 3533 3008 3584 ὅντων
3057 3531 3272 3600 ὲνσρίας
3298 3569 3312 3593 ,
3349 3530 3443 3581 καὶ
3471 3526 3802 3597 οῐουδήτινος
3837 3527 4005 3579 actim

2420 3626 2650 3691 ἀξιῶσαι
2694 3626 2804 3679 τῶν
2844 3623 3156 3693 ἱερωμένων
3194 3622 3358 3674 τόπου
3385 3637 3442 3674 τε
3474 3621 3565 3673 καὶ
3593 3618 3806 3688 βαθμοῦ
3833 3635 3848 3649 ο
3885 3620 4003 3673 ἀλλ’

2423 3719 2654 3772 ’ἑκαστον
2698 3717 2897 3770 εἰδέναι
2942 3715 3009 3768 τά
3043 3715 3237 3769 ἑαυτοῦ
3280 3713 3484 3777 δίκαια,
3526 3713 3622 3764 καὶ
3657 3712 3873 3773 τούτοις
3905 3714 4005 3780 ἀρ-

2420 3809 2630 3862 κεῖσθαι
2661 3809 2756 3861 καὶ
2794 3809 2976 3877 μόνοις
3001 3825 3014 3836 ·
3046 3806 3153 3859 τῶν
3177 3806 3220 3858 δ’
3249 3806 3430 3864 ἄλλοις
3463 3802 3778 3873 ἀνηκόντων
3808 3805 3838 3853 ἀ
3848 3819 4003 3871 ρχιεε

2423 3902 2658 3973 ρατικῶν
2701 3900 2926 3952 δικαὲων
2971 3898 3047 3968 μὴ
3089 3895 3549 3964 κατεπεμῆαίνειν
3588 3893 3843 3955 ἀναιδῶς,
3906 3895 4004 3946 καὶ

2417 3995 2477 4048 τὸ
2507 3993 2627 4046 ὅλον
2683 3989 3192 4062 καταφρονητικῶς.
3252 3988 3462 4040 Εἱδέναι
3509 3985 3838 4055 ὀφειλόντων
3883 3985 3997 4037 τῶν

2418 4086 2682 4154 ἀθετῆσαι
2735 4082 3117 4152 τολμησόντων
3175 4081 3248 4134 τὰ
3300 4079 3443 4132 οὕτω
3497 4074 3800 4137 κανονικῶς
3861 4078 4000 4142 παρ’

2416 4179 2577 4247 ἡμῶν
2601 4175 3024 4244 διατεταγμένα,
3076 4173 3212 4225 ἀλλά
3242 4173 3336 4224 καὶ
3387 4171 3498 4224 τῶν
3535 4172 4000 4242 προσερχομένων

2418 4269 2600 4328 αὐτοῖς
2623 4265 2719 4317 καὶ
2745 4262 3045 4333 ἱερωσύνης
3074 4260 3429 4330 ἀξιουμένων,
3465 4261 3540 4321 ὡς
3578 4257 3724 4314 οὗτοι
3768 4261 3892 4329 μὲν,
3920 4262 4000 4322 ὡς

2418 4360 2569 4429 παρά
2610 4359 2840 4418 κανόνας
2866 4354 3354 4425 χειροτονηθέντες,
3380 4353 3531 4406 οὐδὲν
3566 4353 3843 4422 ἱερατικὸν
3881 4353 3997 4405 λει-

2415 4452 2703 4520 τούργημα
2741 4446 2972 4501 ἐνταῦθα
3005 4446 3468 4514 διενεργὴσουσιν,
3513 4443 3627 4496 ἀλλ’
3664 4444 3721 4495 ὲν
3753 4445 4000 4507 ἐκείναις

2417 4545 2534 4604 ταῖς
2563 4541 2797 4609 ὲνορίαις
2828 4538 2996 4600 ἀδεῶς
3025 4536 3352 4605 ἱεράσονται,
3383 4536 3441 4586 ὲν
3463 4528 3550 4596 αἷς
3579 4533 3674 4586 καὶ
3697 4533 3757 4586 τὺ
3782 4535 3996 4603 χρίσμα

2415 4632 2510 4700 τῆς
2545 4628 2840 4698 ἱερωσύνης
2872 4627 3120 4690 ἐδέξαντο
3151 4643 3165 4655 ·
3199 4626 3246 4677 οἱ
3285 4625 3341 4677 δὲ
3372 4624 3877 4694 χειροτονήπ“²τεῖ’
3934 4624 3996 4688 ἐξ

2415 4722 2531 4783 οἵας
2560 4720 2624 4772 ἂν
2647 4714 2756 4771 εἷεν
2790 4717 3029 4779 συνόδου,
3061 4713 3511 4784 ἀλειτουργησίας
3535 4713 3798 4780 ἐπιτιμίῳ
3829 4713 3998 4765 ἀπεν-

2415 4813 2604 4866 τεῦθεν
2639 4811 2852 4864 ἔσονται
2891 4809 3238 4877 ὐποκείμενοι
3262 4824 3275 4838 ·
3315 4807 3391 4868 ὡς
3422 4807 3554 4876 μηδὲ
3587 4805 3727 4874 μετά
3763 4805 3997 4874 πρώτην

2420 4901 2729 4971 ἣδευτέραν
2756 4900 3076 4967 παραίνεσιν
3119 4895 3366 4968 (πρώτην
3415 4895 3471 4948 δέ
3522 4911 3706 4962 φαμεν
3751 4896 3856 4965 τὴν
3898 4896 3997 4947 καὶ

2422 4994 2571 5062 παρὰ
2600 4991 2692 5043 τοῦ
2746 4991 2852 5060 πρὸ
2875 4989 3035 5058 ἡμῶν
3073 4989 3375 5054 ἀγιωτάτσυ
3400 4988 3588 5057 κυρίου
3617 4988 3804 5038 Λουκᾶ
3864 5003 3996 5038 συν·

2417 5083 2611 5146 οδικῶς
2642 5081 2766 5151 περὶ
2785 5080 2974 5133 τούτου
3001 5080 3299 5147 γενομένην
3325 5077 3601 5148 ἔγγραφον
3621 5075 3992 5147 ἐπιφώνησιν)

2415 5171 2746 5243 ἀποσχέσθαι
2807 5172 2905 5240 τῆς
2964 5169 3218 5239 τοιαύτης
3267 5169 3620 5222 ἀκανονίστου
3648 5167 3990 5238 θελήσαντες

2413 5267 2682 5339 πράξεως.
2739 5266 2831 5318 Διὸ
2874 5264 2970 5319 καὶ
3010 5263 3322 5317 τετύπωται
3380 5261 3834 5334 παραϐληθῆναι
3891 5265 3998 5316 καὶ

2032 5399 2168 5455 VA“
2180 5403 2266 5458 UE
2301 5402 2703 5460 LECTIONES.

846 5513 889 5545 “
921 5515 1016 5566 καὶ
1043 5515 1254 5568 ἔπειτα.
1331 5517 1375 5549 ³³
1405 5515 1463 5569 δὲ
1497 5517 1714 5587 μηκέτι.

842 5662 872 5704 Ρ
903 5652 1101 5707 Deinde
1127 5657 1412 5709 studiosius
1453 5658 1562 5712 hac
1599 5660 1938 5728 inquinatas,
1985 5665 2315 5720 invenimus:
2379 5666 2581 5719 tradere
2623 5681 2723 5717 non
2776 5666 3001 5719 initiatis

735 5739 996 5783 exercere,
1032 5736 1189 5803 atq-ue
1215 5727 1288 5778 ita
1317 5729 1636 5803 baptismum
1668 5727 1947 5796 impertiri.
1986 5752 2045 5787 ac
2069 5737 2268 5790 divina.
2349 5747 2375 5786 tt
2404 5737 2695 5803 proprium.

738 5805 915 5847 turum
951 5796 1245 5848 censuimus
1279 5812 1294 5849 :
1335 5814 1394 5848 ac
1421 5799 1638 5864 proinde
1670 5803 1962 5856 unanimes.

3052 5664 3175 5732 ﬁdei
3207 5664 3528 5717 doctrinam.
3575 5673 3622 5715 et
3681 5663 3981 5716 catechesin

2783 5746 2802 5773 τ
2843 5737 2894 5787 id
2926 5752 3040 5790 vero
3088 5734 3293 5801 publica
3327 5751 3387 5785 ac
3431 5735 3580 5786 nobis
3610 5735 3738 5798 ipsis
3784 5734 3977 5796 profu-
