4176 6446
181 358 286 426 793

1443 385 2151 455 GRAECO-ROMANUM.

3320 410 3422 474 79$

181 478 391 546 δοθῆναι
441 481 542 594 131:1
589 487 854 562 τοιαύτην·
897 496 1215 562 σημείωσιν.
1284 501 1622 575 Ἀφορισμοῦ
1683 509 1738 562 δὲ
1771 511 1815 566 Α

1848 505 2256 578 Segregationis
2310 521 2492 571 autem
2543 529 2758 586 pennam
2819 524 2880 577 et‘
2933 522 3287 592 imponimus,
3329 529 3421 594 qui

183 573 674 665 προσεπιτιθέαμεν
736 582 1032 651 ἐπιτίμιον,
1068 588 1162 642 καὶ
1190 590 1249 653 δς
1290 594 1354 646 ἂν
1383 573 1599 665 πρῶτος
1636 600 1745 654 τῶν

183 658 274 721 τὰς
320 663 576 728 τοιαύτας
610 669 1033 740 διενεργούντων
1084 681 1466 751 ἀκανονίστους
1507 707 1746 759 χειροτο-

181 752 292 814 νίας
319 754 386 804 τά
418 757 548 825 παρ’
581 760 740 827 ἡμῶν
773 763 1106 835 διωρισμένα
1155 771 1305 824 ταῦτ’
1352 775 1740 844 ἐπιγνώσεται,

180 844 231 939 εί.
264 843 336 939 μὴ
370 849 463 939 καί
490 849 602 910 τοῖς
634 851 860 921 πλησίον
885 858 1048 911 αὐτοῦ
1085 861 1396 929 ἱερωτάτοις
1428 867 1743 939 ἀρχιερεῦσι

180 931 243 983 τὰ
280 934 566 1002 ὁρισθέντα
607 944 954 1012 γνωρίσειεν··
986 949 1020 1000 ἃ
1049 950 1111 1018 δὴ
1154 955 1246 1006 καὶ
1291 957 1382 1006 ἐπὶ
1414 931 1601 1010 πασῶν
1635 961 1742 1012 τῶν

181 1022 394 1120 ἐνοριῶν
425 1027 530 1079 τῶν
557 1029 661 1082 ὑπὸ
694 1033 1123 1108 τάςάπανταχοῦ
1163 1044 1472 1112 ἁγιωτάτας
1517 1048 1744 1120 Ἐκκλη-

183 1115 313 1178 σίας,
351 1119 521 1186 ἤγουν
555 1127 937 1194 μητροπόλεις,
976 1132 1433 1202 ἁρχιεπισκοπάς,
1486 1139 1546 1191 τὸ
1595 1115 1744 1208 ἐνερ-

181 1208 270 1272 τόν
329 1227 387 1262 τε
449 1214 547 1265 καὶ
613 1217 974 1274 ἀναλλοίωτον
1037 1223 1240 1287 ἕξουσι.
1295 1229 1403 1281 Καὶ
1429 1229 1605 1294 οὐδεὶς
1634 1233 1744 1285 τῶν

181 1299 423 1366 ἱερᾶσθαι
465 1303 524 1353 τὸ
559 1306 664 1356 ἀπὸ
697 1307 851 1360 τοῦδε
903 1312 1201 1378 μελλόντων
1237 1317 1316 1378 εἰς
1339 1317 1524 1386 ἓτερον
1559 1322 1743 1388 ἀρχιε-

182 1389 274 1456 ρέα
308 1395 439 1479 παρ’
467 1395 683 1464 ὲνορίαν
713 1400 984 1466 ἀφίξεται,
1015 1406 1106 1456 καὶ
1132 1409 1261 1476 παρ’
1283 1409 1492 1462 ἐκείνου
1522 1412 1614 1464 τοῦ
1643 1417 1740 1484 τῆς

183 1479 476 1553 ἱερωσύνης
528 1487 889 1560 ἀξιωθήσεται
944 1497 1308 1567 χαρίσματος.
1386 1479 1742 1561 Ἀπεντεῦοεν

183 1573 559 1668 γὰρλύπόέικοι
609 1581 821 1635 ἔσονται
865 1588 958 1638 καὶ
995 1588 1314 1660 ἀμφότεροι,
1345 1595 1370 1647 ὅ
1395 1613 1451 1648 τε
1499 1616 1742 1668 χειροτο-

182 1663 588 1757 νηθεὶς-ἱερεὺς,
622 1671 715 1724 καὶ
742 1675 768 1726 ὁ
800 1681 1185 1748 χειροτονήσας
1208 1683 1392 1739 τοῦτον
1426 1663 1736 1757 ἀρχιερεὺς,

181 1758 285 1818 τοῖς
324 1753 404 1818 οἷς
441 1762 570 1830 περὶ
618 1761 823 1818 τούτων
871 1768 969 1839 ἤδη
1024 1773 1315 1837 συνοδικῶς
1365 1773 1738 1848 διωρισάμεθα

180 1846 499 1912 φθάσαντες.

179 1938 328 2006 δῆθεν
383 1941 730 2013 εύάφορμος,
790 1952 900 2011 τοῖς
960 1953 1033 2020 μὴ
1102 1953 1448 2023 βουλομένοις
1507 1958 1740 2014 ἐνταῦθα

179 2035 634 2126 χειροτονεῖσθαι,
684 2044 1142 2111 προσερχομένας
1196 2049 1273 2118 τῷ
1340 2049 1741 2126 θεοφιλεστάτῳ

183 2125 328 2193 ἡμῶν
350 2131 754 2198 χαρτοφύλακι,
793 2133 850 2186 τὸ
881 2140 1229 2207 καινοτομίαν
1259 2143 1386 2203 ίσως
1415 2125 1740 2212 ὑφίστασθαι

182 2217 389 2272 πλείονα
430 2222 528 2290 τῆς
580 2224 840 2290 εἰωθυίας
867 2231 1155 2300 συνηθείας
1192 2233 1425 2288 ἔκπαλαι
1460 2237 1696 2292 δίδοσθαι
1723 2255 1737 2270 ⁶

184 2311 458 2364 καὶτοῦτο
499 2316 650 2385 παρὰ
702 2318 796 2388 τῆς
846 2320 999 2389 ἡμῶν
1045 2325 1394 2394 μετριότητος
1448 2330 1740 2394 συνοδικῶς

180 2585 348 2639 ἐκεῖνα
379 2588 623 2643 δίδοσθαι
659 2593 794 2661 μόνα
831 2598 943 2658 τοῖς
968 2614 1027 2650 τε
1062 2600 1499 2668 ὲπισκοπειανοῖς
1540 2606 1634 2660 καὶ
1659 2608 1735 2677 τῷ

1852 599 2065 668 primus
2087 612 2280 658 contra
2328 604 2426 660 has
2448 608 2745 666 canoniCas
2804 612 3180 669 ordinationes
3217 613 3422 669 facien-

1848 691 2008 757 tium,
2048 692 2210 748 ba-ca
2239 698 2398 752 nobis
2426 700 2649 754 deﬁnita
2697 708 3034 771 cognoverit,
3099 711 3203 762 nisi
3255 709 3419 762 ctiam

1847 782 2094 839 ﬁnitimis
2135 785 2253 841 suis
2291 789 2652 855 antistitibus,
2694 807 2816 863 quae
2846 795 3062 849 decreta
3113 809 3258 860 sunt,
3289 808 3424 852 nuta

1847 873 2061 928 fecerit.
2112 876 2246 942 Qum
2297 879 2518 946 quidem
2556 883 2608 934 in
2653 885 2910 938 omnibus
2945 889 3253 954 regionibus
3299 899 3421 952 utne

1846 970 1981 1020 sunt
2009 967 2116 1021 sub
2146 969 2521 1025 sanctissimis
2581 975 2781 1043 ubique
2823 975 3105 1040 Ecclesiis,
3159 983 3417 1034 nimirum

1846 1059 2255 1126 metropolibus,
2301 1060 2861 1133 archiepiscopatibus
2888 1077 2941 1122 et
2987 1072 3416 1138 episeopatihus,

1844 1148 2290 1215 exercebuntur,
2348 1164 2401 1206 et
2464 1155 2828 1211 immutabilia
2882 1163 3298 1228 permanebunt.
3354 1161 3418 1214 Et

1850 1251 2013 1289 nemo
2062 1253 2279 1304 eorum,
2315 1243 2410 1310 qui
2461 1245 2720 1315 deinceps
2776 1259 2905 1302 sunt
2972 1254 3220 1304 sam-audi
3259 1264 3303 1315 ³,
3351 1252 3417 1303 ad

1845 1328 2012 1381 alium
2043 1331 2341 1386 antistitem
2368 1336 2507 1388 ultra
2532 1339 2805 1405 regionem
2840 1343 3084 1410 accedet,
3118 1357 3169 1398 et
3207 1347 3274 1399 ab
3324 1348 3416 1398 illo

1845 1419 2169 1473 sacerdotali
2205 1423 2463 1478 unctione
2497 1425 2697 1494 dignus
2728 1429 3091 1512 judicabitur.
3152 1433 3416 1503 Deinceps

1844 1509 1987 1563 enim
2025 1510 2225 1565 abhinc
2265 1523 2428 1567 erunt
2475 1515 2700 1570 obnoxii
2738 1509 2960 1591 utrique
3005 1533 3116 1577 tam
3149 1527 3241 1594 qui
3270 1527 3414 1579 οι·όὶ-

1845 1601 1998 1655 navit
2030 1603 2286 1668 antistes,
2339 1621 2501 1673 quam
2533 1610 2623 1678 qui
2675 1612 2964 1670 ordinatus
2995 1628 3078 1671 est
3133 1619 3413 1676 sacerdoti.

1843 1693 1912 1747 iis
1936 1708 2056 1762 quae
2089 1694 2155 1749 de
2183 1693 2270 1750 his
2295 1696 2408 1766 jam
2434 1700 2584 1767 prius
2616 1705 2949 1772 synodaliter
2983 1709 3299 1765 statuimus.
3338 1709 3414 1762 Ne

1843 1793 2024 1840 autem
2061 1787 2133 1841 sit
2172 1797 2492 1858 praetentus,
2539 1792 2695 1862 isque
2720 1796 2854 1851 satis
2899 1797 3136 1868 elegans,
3186 1801 3273 1864 iis,
3321 1804 3413 1868 qui

550 1851 666 1921 'lya.
717 1854 771 1907 δὲ
833 1855 908 1926 μὴ
953 1859 1222 1927 πρόφασις
1261 1863 1380 1930 εἴη,
1434 1866 1528 1915 καὶ
1583 1847 1736 1919 τοῦτο
1770 1847 1816 1906 Β

2172 1847 2187 1858 .
2480 1847 2490 1853 .
2606 1847 2619 1862 .
2676 1847 2687 1848 κ
2905 1847 3136 1868 νην-η,
3186 1847 3273 1864 ---,
3323 1847 3411 1868 .,.-.

1843 1877 2035 1931 nolunt
2075 1879 2162 1934 hic
2193 1881 2456 1946 ordinari,
2491 1883 2558 1936 ad
2594 1885 2903 1953 religiosum
2946 1900 3196 1944 nostrum
3251 1893 3411 1944 char-

1843 1970 2183 2041 tophylacem
2219 1976 2631 2040 accedentibus,
2675 1980 2820 2047 quod
2857 1982 3116 2050 majorem
3153 1982 3294 2036 forte
3327 2000 3414 2037 sn-

1839 2063 2006 2118 beant
2054 2064 2494 2132 innovationem,
2547 2085 2710 2138 quam
2747 2073 2876 2127 olim
2912 2073 3030 2128 dari
3071 2074 3237 2130 fuerit
3283 2091 3409 2128 con-

1841 2155 2075 2210 suetudo
2137 2175 2151 2211 :
2198 2159 2246 2212 ei
2298 2175 2517 2229 quoque
2579 2164 2653 2216 rei
2717 2178 2746 2216 a
2800 2176 2991 2220 nostra
3037 2168 3414 2222 mediocritate

1842 2250 2002 2305 hodie
2032 2253 2306 2320 provisum
2337 2264 2444 2311 est.
2477 2255 2708 2311 Cautum
2737 2267 2820 2314 est
2855 2261 3025 2323 enim,
3071 2275 3140 2315 ne
3184 2261 3424 2327 antiqua-

1848 2342 1900 2395 in
1933 2341 2002 2397 iis
2028 2345 2366 2398 consuetudo
2396 2347 2739 2401 transiliatur
2771 2365 2785 2401 :
2820 2349 2914 2403 sed
2948 2350 3035 2402 illa
3067 2349 3184 2403 sola
3212 2349 3413 2402 dentur

1712 2453 1739 2465 -
1845 2431 2088 2502 episcopi
2116 2434 2405 2500 ministris,
2429 2446 2483 2491 et
2514 2438 2934 2507 religiosissime
2963 2440 3123 2506 hujus
3153 2441 3428 2509 temporis

1723 2516 1736 2535 '
1845 2520 2281 2594 chartOpbylaci,
2311 2541 2433 2594 qua:
2493 2527 2562 2582 ab
2603 2529 2692 2592 iis,
2741 2530 2835 2599 qui
2898 2531 3246 2597 ordinantur,
3291 2531 3405 2596 jam

1842 2612 1972 2667 olim
1995 2614 2111 2668 dari
2147 2631 2500 2674 consuevere.

180 2679 306 2784 κατά
335 2684 566 2753 καιροὺς
598 2684 993 2762 θεοφιλεστάτη)
1033 2696 1444 2764 χαρτοφύλακι,
1490 2699 1561 2754 τὰ
1607 2701 1835 2759 εἰωθότα
1871 2708 2021 2778 παρὰ
2085 2707 2194 2763 τῶν
2266 2713 2757 2784 χειροτονουμένων
2821 2714 3084 2769 ἀνέκαθεν
3141 2715 3416 2769 καταεάλ·

181 2769 374 2826 mea.

183 2865 248 2922 Γ.
286 2872 423 2940 Περὶ
473 2879 805 2958 συνηθείας
851 2881 937 2958 ιίὴ
975 2883 1407 2958 ,βεόαιωθείσης
1439 2890 1736 2950 διὸ-δικα-

624 2951 840 3017 στικῆς
871 2951 1273 3024 διαγνώσεως.-

245 3059 540 3130 Συνηθείας
585 3063 752 3135 οὔσης
771 3104 788 3128 ,
828 3069 954 3132 τοὺς
979 3072 1087 3124 ἀπὸ
1115 3073 1302 3142 ἱερέων
1332 3074 1535 3128 λαῖκῶν
1571 3077 1738 3146 μονάς

1847 2897 1935 2954 ιιι.
1965 2897 2037 2953 οε
2071 2896 2450 2953 consuetudine
2495 2917 2598 2982 non
2629 2901 2942 2982 conﬁrmata
2988 2899 3243 2968 judiciali
3295 2914 3426 2951 seu--

2539 2980 2725 3025 tentia.

1913 3081 2051 3136 Cum
2075 3084 2246 3138 moris
2276 3083 2492 3148 fuisset,
2528 3090 2593 3136 ut
2617 3082 2709 3150 qui
2744 3096 2810 3136 ex
2840 3081 2998 3135 laieis
3029 3079 3414 3134 sacerdotibus

187 3165 390 3219 σαντας,
418 3155 520 3207 καὶ
562 3157 721 3221 δντας
749 3161 1013 3231 πρότερον
1039 3170 1604 3238 καταγεγραμμένους
1660 3172 1739 3235 είς
1767 3178 1810 3236 ε

1844 3173 2097 3227 monachi
2151 3172 2281 3227 facti
2317 3181 2522 3238 essent,
2572 3174 2834 3242 quoniam
2896 3172 3051 3241 prius
3108 3172 3417 3226 ministerio

185 3243 443 3300 διακονίαν
480 3249 686 3316 ίερέων,
722 3254 813 3306 καὶ
848 3256 984 3321 μετὰ
1015 3258 1107 3310 τὸν
1136 3261 1340 3327 μονάδα
1392 3261 1504 3328 βίον
1525 3263 1602 3330 τῷ
1631 3264 1739 3316 τῶν

185 3334 431 3393 διακόνων
460 3343 960 3413 συγκαταλέγεσθαι
996 3349 1229 3418 σώματι,
1259 3353 1352 3405 καὶ
1379 3354 1516 3422 μετὰ
1534 3354 1738 3409 λαῖκῶν

188 3430 402 3499 ἱερέων·
451 3436 829 3503 πειρωμένους
907 3443 1480 3512 συναναστρέφεσθαι·
1532 3445 1560 3496 6
1603 3461 1739 3500 παν-

193 3522 488 3588 αγιὼτατος
523 3525 682 3594 ἡμῶν
715 3527 1003 3601 δεσπότης,
1043 3533 1228 3603 κύριος
1251 3537 1490 3606 Μιχαὴλ,
1509 3539 1608 3608 τὴν
1635 3557 1739 3609 μα-

187 3612 312 3678 κράν
342 3613 604 3683 τοιαύτην
655 3619 943 3687 συνήθειαν
989 3622 1064 3685 ὡς
1109 3625 1260 3679 οὐδὲν
1285 3628 1564 3695 ἐλογίσατο
1596 3646 1610 3660 ’
1644 3631 1738 3683 καὶ

184 3701 482 3772 διωρίσατο,
537 3707 646 3760 ἀπὸ
679 3710 857 3779 μόνων
870 3712 1097 3790 ,λαῖκῶν
1129 3715 1315 3785 ἱερέων
1346 3719 1440 3780 τὰς
1465 3719 1740 3783 διακονίας

188 3797 547 3863 συνίστασθαι,
589 3801 686 3853 καὶ
717 3802 842 3865 τοὺς
867 3799 1135 3874 ᾂοναχοὺς
1167 3807 1317 3879 παρὰ
1354 3810 1474 3872 ταῖς
1511 3809 1740 3872 οἰκείαις

187 3887 557 3956 προσεδρεύειν
591 3892 800 3958 μοναῑς.

189 3993 254 4052 Δ’.
299 3999 434 4053 Πεοι
479 4001 674 4069 τὰμου
729 4020 879 4072 μετα
928 4009 1265 4080 συγγενοῦς
1320 4009 1430 4077 τῆς
1477 4024 1740 4080 προμνη-

761 4077 1139 4142 στευθείσης.

250 4162 438 4228 Κακῶς
474 4162 794 4236 δξεχωρήθη
840 4169 868 4220 ὁ
893 4169 1136 4238 Πλευρῆς
1168 4170 1358 4239 κύριος
1394 4171 1616 4242 Μιχαὴλ
1644 4191 1739 4226 συ-

189 4251 401 4322 ζυγῆναι
428 4260 498 4327 τῇ
522 4259 916 4330 Σπανοπωλίνῃ
945 4265 1114 4333 κυρίᾳ
1152 4265 1336 4335 Ἀννῃ.
1385 4264 1576 4337 πρώτῃ
1603 4265 1741 4337 οὔσῃ

188 4345 438 4419 meum
462 4347 563 4416 τῆς
612 4351 1153 4419 προμνηστευθείσης
1198 4355 1346 4423 αὺτῷ
1378 4355 1597 4423 Μαρίας
1642 4358 1741 4426 τῆς

186 4434 269 4486 τοῦ
297 4437 596 4508 ξερδιλίου.
639 4438 758 4492 Κᾶν
785 4439 895 4511 γάρ
926 4440 1078 4512 νόμῳ
1105 4443 1336 4495 θανάτου
1373 4445 1479 4514 πρὸ
1507 4443 1603 4496 τοῦ
1637 4445 1740 4512 γά-

192 4542 282 4593 μου
320 4529 542 4600 διεζύγη
590 4533 693 4601 τῆς
741 4533 995 4604 τοιαύτης
1027 4535 1293 4603 μνηστῆς,
1320 4537 1413 4591 καὶ
1440 4538 1560 4590 οὐδὲ
1584 4555 1739 4590 συνε-
1763 4516 1816 4574 D

192 4619 310 4688 μίγη
338 4623 494 4692 αὐτῇ·
535 4624 650 4676 ἀλλ’
678 4625 776 4676 οὐκ
806 4624 1039 4694 ὤφειλεν
1071 4627 1372 4698 ὲξαδέλφην
1400 4630 1570 4699 αὐτῆς
1595 4628 1746 4700 πρώ-

189 4722 276 4776 την
303 4709 506 4766 λαὸεῖν.
561 4713 695 4787 Οὐδὲ
729 4715 838 4784 γὰρ
867 4717 898 4783 ἡ
927 4717 1211 4784 συνάφεια,
1243 4717 1358 4769 ἀλλ’
1385 4719 1419 4785 ἠ
1451 4717 1550 4786 τῆς
1579 4718 1745 4787 εὐχῆς

191 4799 358 4869 τελετὴ
386 4806 508 4855 ποεῖ
532 4805 633 4875 τὴν
653 4785 957 4874 μνηστείαν
987 4807 1063 4868 ὡς
1101 4809 1277 4876 γάμον
1300 4785 1748 4876 λογίζεσθαιίΕί

190 4888 304 4953 γοῦν
327 4892 508 4954 λαῖκὸς
523 4893 764 4946 τοιοῦτόν
778 4914 829 4949 τι
857 4900 1028 4950 ποιεῖν
1058 4898 1379 4963 κεκώλυται,
1411 4900 1587 4969 πολλῷ
1614 4901 1750 4969 μᾶλ-

190 4978 267 5034 λον
291 4984 601 5054 ίερωμένος.
631 4987 690 5039 '0
713 4989 954 5053 τοιοῦτος
975 4991 1080 5060 γὰρ
1104 4991 1350 5060 ἐκωλύθη
1384 4992 1472 5044 διὰ
1504 5010 1738 5061 σημειωο

196 5088 345 5138 ματος
375 5077 654 5130 συνοδικοῦ
699 5081 792 5131 tati.
838 5080 937 5149 τῆς
980 5083 1281 5152 ἐφημερίας
1308 5085 1400 5136 τοῦ
1434 5087 1736 5151 ἁγιωτάτου

193 5163 382 5219 ἐκείνου
428 5170 777 5240 πατριάρχου
821 5172 1009 5241 κυρίου
1033 5173 1248 5242 Μιχαὴλ
1280 5174 1372 5227 τοῦ
1428 5174 1736 5244 Ἀγχιάλου,

196 5256 539 5311 συνάπτεσθαι
569 5261 816 5328 νομίμως
845 5263 1064 5328 γυναικὶ
1095 5265 1343 5330 συγγενεῖ
1375 5261 1529 5334 οὔσῃ.
1560 5265 1627 5332 τῇ
1656 5262 1745 5315 διὰ

193 5341 525 5415 δεσμωτικῶν
557 5351 734 5420 μόνων
756 5352 1048 5421 ἐγγράφων
1083 5354 1520 5424 κατεγγυηθείση
1543 5355 1739 5423 τούτῳ,

196 5438 278 5490 καὶ
314 5441 385 5512 μὴ
416 5442 672 5516 φθασὰσῃ
721 5442 905 5497 λαϐεῖν
940 5446 1236 5515 μνηστείας
1285 5448 1450 5516 εὐχήν
1495 5447 1611 5517 μετ’
1643 5449 1741 5500 αύ-

196 5527 296 5593 τοῦ,
329 5531 361 5603 ἢ
405 5532 482 5595 ὡς
528 5534 786 5608 θανούσῃ,
818 5535 850 5605 ἦ
891 5536 964 5600 ὡς
996 5537 1167 5608 ἑτέρῳ
1204 5537 1356 5608 ἀνδρὶ
1384 5538 1739 5606 συναφθείσῃ,

1841 3260 2188 3316 sacerdotum
2247 3263 2474 3332 ascripti
2515 3262 2770 3327 fuissent,
2809 3270 2931 3331 post
2984 3270 3292 3328 susceptam
3332 3261 3416 3313 vi-

1840 3359 1950 3406 tam
1985 3354 2359 3409 monachicam
2394 3355 2448 3408 in
2480 3369 2710 3423 corpore
2733 3364 2786 3408 et
2812 3353 3047 3420 collegio
3070 3352 3410 3406 ministerio-

1841 3460 1960 3500 rum
1989 3456 2438 3511 recenserentur,
2453 3456 2508 3500 et
2539 3460 2664 3499 cum
2696 3446 3075 3500 sacerdotibus
3097 3444 3250 3498 laicis
3278 3458 3415 3497 con-

1839 3546 2192 3593 versarentur
2245 3556 2258 3592 :
2325 3537 2868 3593 sacrosanctissimus
2919 3536 3176 3591 dominus
3225 3543 3413 3588 noster

1840 3627 2073 3685 Ilicbael
2132 3629 2272 3683 hanc
2324 3629 2544 3697 longam
2600 3627 3055 3683 consuetudinem
3107 3640 3204 3696 pro
3242 3625 3421 3678 nihilo

1841 3721 2156 3790 reputavit,
2223 3735 2288 3774 ac
2331 3718 2573 3775 decrevit
2616 3729 2675 3773 ut
2716 3734 2782 3775 ex
2825 3720 2982 3774 laicis
3033 3715 3419 3774 sacerdotibus

1841 3814 2018 3869 solum
2049 3812 2356 3867 ministeria
2397 3813 2893 3877 constituerentur,
2944 3811 3196 3865 monachi
3231 3817 3420 3863 autem

1841 3905 1897 3961 in
1925 3906 2237 3961 recessibus
2276 3905 2396 3960 suis
2417 3904 2625 3959 assidui
2667 3910 2878 3957 essent.

1947 4017 2036 4072 IV.
2072 4018 2148 4072 De
2177 4019 2370 4086 nuptiis
2402 4033 2519 4070 cum
2539 4026 2764 4086 cognata
2791 4018 2940 4085 prius
2964 4017 3306 4084 desponsata.

1910 4174 2048 4230 Male
2084 4178 2413 4245 permissum
2445 4174 2548 4228 fuit
2582 4173 2806 4228 domino
2865 4172 3116 4230 Michaeli
3175 4173 3408 4240 Pleni-te,

1839 4268 2194 4323 matrimonio
2224 4267 2487 4337 conjungi
2513 4283 2638 4322 eum
2665 4267 2889 4320 domina
2919 4265 3074 4320 Anna
3119 4265 3411 4336 Spanopo-

1842 4358 1978 4422 lina,
2018 4374 2139 4428 qua:
2171 4358 2436 4429 patruelis
2466 4360 2481 4393 ί
2521 4365 2638 4411 erat
2687 4357 2869 4411 Mariae
2896 4355 3115 4410 Serbilii
3148 4358 3289 4422 lilia,
3315 4374 3415 4411 an-

1841 4460 1928 4506 tea
1953 4451 2029 4504 illi
2058 4451 2366 4520 desponsae.
2428 4448 2566 4503 Nam
2623 4451 2837 4504 tametsi
2873 4450 2988 4517 lege
3052 4451 3244 4504 mortis
3290 4461 3416 4504 ante

1843 4545 2061 4610 nuptias
2085 4541 2154 4594 ab
2177 4557 2239 4596 ea
2273 4556 2477 4609 sponsa
2503 4549 2790 4610 separatus
2823 4551 2930 4603 est,
2962 4556 3142 4608 neque
3173 4558 3296 4594 cum
3323 4543 3414 4595 illa

1843 4648 1902 4687 se
1935 4632 2287 4687 commiscuit
2321 4650 2335 4686 :
2369 4641 2610 4686 attamen
2644 4633 2819 4700 ipsius
2867 4633 3169 4701 patruelem
3208 4645 3235 4672 ιι
3267 4649 3412 4686 uxo-

1845 4739 1959 4777 rem
1988 4723 2189 4776 ducere
2240 4737 2349 4774 non
2403 4722 2612 4776 debuit.
2665 4721 2851 4791 Neque
2895 4724 3040 4776 enim
3077 4723 3414 4791 conjunctio,

1847 4815 1940 4869 sed
1987 4813 2364 4883 preeationum
2421 4814 2784 4877 caeremoniae,
2842 4821 2900 4866 ut
2950 4815 3223 4882 sponsalia
3291 4823 3415 4865 tan-

1849 4921 2013 4974 quam
2047 4905 2246 4970 nuptia:
2294 4912 2640 4971 reputentur,
2678 4902 2906 4956 faciunt.
2942 4904 2996 4956 Si
3050 4904 3212 4974 igitur
3244 4905 3414 4957 laicus

1847 4996 1954 5049 tale
1988 4994 2269 5063 quidpiam
2314 4994 2495 5047 facere
2530 4993 2869 5060 prohibet-ur,
2930 4995 3177 5062 profecto
3223 5010 3416 5047 conse-

1847 5095 2034 5139 cratus
2064 5095 2089 5121 ν
2127 5085 2327 5138 multos
2400 5086 2591 5152 magis.
2624 5083 2740 5136 Tali
2782 5100 3016 5152 namque
3079 5086 3416 5152 temporibus

1849 5175 2182 5230 sanctissimi
2213 5174 2361 5228 illius
2382 5174 2732 5242 patriarchae,
2755 5175 2958 5228 domini
2998 5175 3275 5228 Michaelis
3306 5176 3417 5228 An-

1850 5267 2037 5329 chiali,
2071 5281 2164 5334 per
2207 5267 2525 5335 synodalem
2575 5265 3028 5319 commentarium
3083 5267 3308 5318 vetitum
3333 5276 3416 5318 est

1851 5358 2091 5427 legitime
2124 5356 2384 5426 conjungi
2435 5372 2559 5409 cum
2601 5371 2662 5410 ea
2721 5357 2970 5417 muliere,
3032 5371 3153 5425 qua:
3188 5364 3413 5425 cognata

1849 5449 1970 5518 ejus
2001 5447 2202 5512 fuerat,
2242 5462 2364 5517 quae
2402 5447 2752 5518 obligatoriis
2780 5448 3002 5517 scriptis
3035 5448 3302 5501 duntaxat
3336 5445 3417 5499 illi

1850 5539 2112 5593 obstricta
2147 5538 2366 5605 luisset,
2405 5552 2582 5608 neque
2613 5538 3018 5607 sponsaliorum
3060 5552 3250 5608 preces
3287 5551 3421 5593 cum

1440 5712 1526 5766 VA
1539 5712 1675 5766 ΒΙΑΞ
1707 5711 1995 5766 LECTION
2007 5712 2107 5767 ES.

261 5808 469 5864 'tacn's
518 5809 767 5862 inﬁtiandi
817 5819 957 5863 sunt.
1042 5811 1062 5846 τ
1112 5809 1444 5864 consobrina.

1525 5820 1548 5847 υ
1611 5809 2002 5863 consobrinam.
2082 5818 2107 5846 ν
2158 5809 2424 5865 sacerdos.
