4176 6446
765 385 872 449 799

2069 391 2205 452 JUS
2227 389 2670 454 CANONICUM

3906 406 4015 463 8:10

769 497 1005 566 nopolis,
1053 499 1306 555 Demetrii
1371 501 1640 556 Buthroti.
1714 502 1956 568 Quorum
2021 505 2219 574 singuli
2287 510 2332 558 el

2445 502 2512 555 δι’
2541 505 2967 576 ὑποσημανσιῶν
2993 509 3038 542 ³⁸
3059 509 3168 562 τῶν
3200 509 3292 562 ὑπ’
3335 509 3498 562 αὐτὸν
3545 510 3883 573 ἰπισκόττων,
3925 516 4015 566 ῖς)

768 603 891 642 cum
924 588 1203 649 additione
1228 592 1693 662 subscripserunt,
1719 597 1861 648 hanc
1879 595 2198 665 synodalem
2251 596 2340 666 ju-

768 678 1144 734 risdietionem
1197 684 1453 751 optimatn
1520 682 1709 749 videri,
1767 694 1955 755 utpote
1985 687 2332 742 canonicam.

769 769 846 823 De
883 774 1305 842 metrOpolitano
1339 781 1521 828 autem
1560 775 1654 844 qui
1692 792 1838 832 nunc
1887 786 1971 831 est
2000 776 2337 848 Naupactio-

767 875 890 914 rum
924 866 1142 930 gravius
1172 876 1506 934 conquestus
1553 876 1658 922 est.
1701 870 1988 938 Ingressus
2043 882 2127 926 est
2190 875 2335 927 enim

768 951 991 1021 (inquit)
1028 960 1080 1006 et
1111 954 1160 1007 vi
1197 954 1340 1008 facta
1384 958 1709 1011 sacrilicavit
1743 961 1769 1000 8
1793 961 1844 1014 in
1900 963 2032 1017 mihi
2089 965 2337 1034 subjecto

769 1043 1102 1094 monasterio
1132 1042 1399 1108 Catzurte,
1433 1053 1486 1099 et
1525 1047 1744 1114 quidem
1781 1059 1901 1117 post
1966 1055 2334 1122 cognitionem

777 1132 1134 1197 provincialis
1167 1136 1429 1190 sessionis
1476 1140 1772 1206 synodicae,
1830 1159 1952 1208 qua:
2008 1147 2141 1200 mihi
2203 1164 2336 1203 mea:

766 1221 1070 1278 dimceseos
1118 1227 1449 1282 monasteria
1487 1229 1640 1298 juxta
1700 1248 1938 1290 canones
1982 1240 2237 1302 restituit,
2282 1249 2334 1296 et

761 1314 1132 1382 episcopalem
1192 1319 1508 1374 relationem
1557 1323 1705 1377 illinc
1765 1329 2038 1383 sustulit:
2093 1331 2334 1397 praefecit

765 1406 930 1459 etiam
961 1408 1198 1477 priorem
1226 1411 1275 1476 ιι,
1302 1413 1489 1470 dicens
1521 1418 1832 1488 synodalem
1877 1421 2020 1476 illam
2060 1426 2331 1480 actionem

765 1495 962 1550 factam
1051 1514 1195 1566 esse,
1277 1517 1400 1557 cum
1483 1511 1937 1578 metropolitanus
2005 1527 2330 1584 moreretur,

763 1588 1083 1662 nulliusque
1119 1595 1378 1647 momenti
1419 1610 1560 1652 esse.
1614 1598 1913 1671 Occupavit
1941 1606 2104 1660 etiam
2138 1624 2331 1663 mona-

761 1679 994 1733 sterium
1026 1686 1323 1741 venerandi
1347 1688 1731 1754 Praecursoris,
1769 1703 1820 1747 et
1855 1700 2032 1750 sancti
2073 1699 2330 1756 Demetrii

764 1774 1183 1841 monasterium,
1252 1777 1305 1831 in
1346 1796 1454 1848 quo
1505 1783 1810 1850 adjndicata
1858 1797 1943 1842 est
1986 1798 2039 1843 et
2081 1795 2330 1849 restituta

763 1864 898 1918 mihi
925 1866 1166 1934 subjecta
1191 1871 1418 1925 ecclesia
1448 1888 1544 1940 per
1562 1877 1914 1943 provincialis
1938 1884 2128 1952 synodi
2155 1889 2331 1941 actio-

763 1970 934 2011 nem:
974 1957 1293 2016 defensione
1332 1963 1589 2020 videlicet
1623 1967 1712 2021 illa
1746 1981 1926 2038 utens,
1966 1976 2110 2044 quod
2166 1978 2330 2048 hujus

763 2049 1016 2112 repetitio
1051 2059 1293 2120 tempore
1329 2054 1462 2110 mihi
1498 2060 1719 2115 exclusa
1752 2064 1844 2126 sit,
1869 2074 1920 2119 et
1953 2070 2003 2120 in
2029 2084 2093 2123 eo
2126 2071 2327 2140 prafe-

759 2145 912 2190 ctum
944 2140 1202 2206 sigillavit
1228 2146 1269 2199 ί.
1305 2145 1687 2216 Dejecitetiam
1708 2155 2109 2214 ecclesiasticas
2132 2177 2326 2220 cruces

763 2241 791 2280 a
831 2229 965 2284 meis
998 2237 1368 2299 monasteriis,
1428 2239 1652 2296 inclusa:
1689 2250 1742 2296 et
1799 2259 2002 2303 sanctae
2054 2250 2330 2311 Resurre-

759 2319 983 2372 ctionis.
1027 2320 1250 2393 Propria
1275 2343 1419 2383 nunc
1452 2327 1578 2385 fecit
1605 2338 1949 2406 stauropegia
1988 2359 2000 2394 :
2028 2341 2080 2395 in
2112 2343 2330 2402 duobus

760 2410 1088 2476 quibusdam
1126 2420 1380 2473 oratoriis
1407 2422 1617 2490 erigere
1646 2427 1955 2485 volentibus
1979 2447 2073 2500 per
2096 2436 2325 2492 chartu-

763 2500 848 2555 las
890 2499 904 2552 i
968 2507 1239 2573 permisit.
1274 2508 1338 2562 Et
1371 2511 1606 2568 ordinati
1656 2528 1784 2571 sunt
1823 2499 2135 2582 sacerdotes
2176 2534 2332 2587 terri-

763 2594 1028 2648 toriornm
1053 2595 1075 2633 ι
1105 2614 1236 2653 meae
1265 2601 1586 2667 dimceseos,
1614 2605 1831 2667 Nisistae
1856 2614 2123 2682 videlicet,
2158 2620 2213 2674 Pi
2232 2623 2332 2676 ini-

761 2695 862 2739 δια)
898 2685 1218 2746 Dobrolista:
1262 2703 1314 2748 et
1365 2695 1767 2762 Planicobism.
1841 2722 2068 2764 numero
2115 2713 2332 2770 circiter

759 2778 873 2832 duo
910 2779 952 2841 ι,
985 2791 1179 2850 praeter
1198 2802 1314 2849 eos,
1353 2805 1584 2858 quorum
1617 2797 1862 2850 notitiam
1896 2811 1935 2838 ω
1978 2818 2085 2857 non
2147 2806 2331 2866 habet.

763 2865 1104 2928 Ordinarunt
1135 2885 1316 2932 autem
1367 2895 1430 2934 ex
1475 2883 1700 2940 dioecesi
1735 2905 1850 2945 mea
1876 2896 2167 2962 etquidani
2225 2865 2330 2957 mci

765 2962 1098 3033 coepiscopi.
1155 2967 1261 3022 Sed
1327 2978 1380 3025 et
1454 2978 1862 3037 sacratissimus
1921 2984 2188 3044 Leucadis
2239 3007 2329 3045 ar-

765 3051 1153 3124 chiepiscopus
1185 3073 1330 3127 saepe
1374 3060 1654 3130 ingressus
1711 3077 1817 3131 est,
1877 3078 1931 3124 et
1985 3072 2123 3127 intra
2180 3094 2330 3134 meos

2445 597 2732 670 Βονδίτζης
2771 601 3042 666 Ἰωάννου,
3061 601 3156 655 τοῦ
3194 602 3380 656 ’Λετοῦ
3401 602 3736 673 Νικοδήμου,
3773 604 3866 655 τοῦ
3890 606 4015 656 Βλ-

2441 690 2540 754 λᾶς
2568 692 2846 764 Μανουὴλ,
2880 693 2974 748 τοῦ
2999 695 3438 765 Δρυῖνουπὸλεὼς
3461 714 3520 749 τε
3560 697 3754 765 empta.
3790 701 3888 750 καὶ
3924 699 4012 748 to:

2441 781 2726 854 Βοθρωτοῦ
2789 788 3102 857 Δημητρίου
3127 803 3142 816 ⁸
3177 779 3251 840 ὧν
3282 789 3310 841 ὁ
3345 787 3685 851 καθέκαστος
3736 789 3880 857 μετὰ
3926 793 4014 841 καὶ

2440 871 2760 943 προσθήκης
2800 874 3108 944 ὑπέγραψε,
3145 876 3237 929 τοῦ
3285 875 3526 945 ἀρεστὴν
3570 878 3890 947 ἡγήσασθαι
3920 878 4014 948 τὴν

2437 963 2694 1033 τοιαύτην
2728 966 3012 1036 συνοδικὴν
3055 968 3440 1034 δικαιοδοσίαν,
3483 967 3556 1029 ὡς
3614 967 3757 1039 [ἅτε]
3796 988 4015 1022 κανονι-

2437 1053 2560 1123 κήν.
2592 1054 2682 1123 Τῷ
2715 1054 2771 1106 δὲ
2807 1056 2901 1109 νῦν
2932 1057 3307 1129 μητροπολίτῃ
3343 1058 3439 1127 τῆς
3491 1059 3872 1111 Ναυπακτίων
3915 1062 4014 1129 μά-

2437 1146 2592 1199 λιστα
2621 1149 2973 1218 ἐπεμέμφετο
3003 1148 3355 1219 ἐξοχώτερον.
3405 1148 3636 1218 Εἰσῆλθε
3665 1152 3776 1219 γὰρ
3833 1152 4015 1219 (φησὶ)

2438 1241 2532 1292 καὶ
2555 1239 2913 1310 ἱερούργησεν
2944 1241 3283 1304 ἐπιϐατικῶς
3305 1243 3365 1293 ὲν
3405 1243 3470 1310 τῇ
3503 1241 3594 1294 ὑπ’
3619 1243 3718 1309 ἐμὲ
3754 1247 3896 1312 μονῇ
3925 1244 4014 1294 το]

2436 1330 2751 1401 Κατζούρη,
2783 1333 2922 1402 μετὰ
2953 1333 3052 1402 τὴν
3088 1334 3388 1398 ἐπίγνωσιν
3417 1332 3705 1386 καὶταῦτα
3751 1335 3857 1399 τῆς
3897 1353 4018 1386 συι-

2435 1421 2620 1490 οδικῆς
2658 1423 3050 1492 ἐπαρχιώτιδος
3090 1424 3366 1492 πράξεως,
3401 1427 3501 1492 τῆς
3553 1424 4017 1494 ἁποκαθιστώςτες

2439 1530 2529 1582 μοι
2585 1514 2727 1567 κατὰ
2755 1515 2987 1578 κανόνας
3018 1515 3086 1568 τὰ
3119 1518 3217 1586 τῆς
3260 1515 3474 1586 ὲνορίας
3506 1533 3610 1585 μου
3645 1522 3893 1586 pavus-.13
3906 1536 4014 1586 ρια.

2433 1605 2543 1658 Καὶ
2567 1606 2666 1675 τὴν
2689 1606 2788 1676 μὲν
2807 1607 3170 1678 ὲπισκοπικὴν
3202 1608 3480 1675 ἀναφορᾶν
3539 1607 3750 1660 ἐκεῖθεν
3774 1610 4014 1676 ἐσχόλα-

2436 1713 2493 1748 σε
2518 1713 2531 1728 ο
2570 1698 2983 1767 προεχειρίσατο
3048 1699 3104 1751 δὲ
3140 1701 3231 1752 καὶ
3274 1701 3595 1770 ἡγούμενον,
3653 1702 3830 1767 λέγων
3881 1702 4014 1769 ὠςή

2369 1831 2410 1885 Β
2437 1788 2636 1858 πρᾶξις
2657 1788 2796 1858 αὕτη
2820 1791 2878 1843 ὲν
2895 1789 2974 1859 τῷ
2992 1789 3248 1861 τελευτᾷν
3271 1791 3359 1843 τὸν
3385 1791 3783 1862 μητροπολίτην
3804 1796 4013 1844 ἐκεῖνον

2433 1878 2647 1944 γέγονε,
2683 1879 2775 1931 καὶ
2801 1880 2901 1932 οὐκ
2930 1879 3194 1949 ἔρρωται.
3239 1881 3585 1947 Ἐξιδιὼσατο
3614 1881 3668 1934 δὲ
3697 1882 3796 1951 τὴν
3843 1885 4014 1952 μονὴν

2433 1968 2526 2022 τοῦ
2552 1969 2732 2038 τιμίου
2773 1970 3116 2041 Προδρόμου,
3155 1971 3249 2023 καὶ
3284 1971 3383 2042 τὴν
3417 1973 3474 2024 ἐν
3511 1966 3864 2044 ᾖὲδικαιώθη
3919 1976 4014 2025 καὶ

2431 2063 2778 2130 ἀποκατέστη
2830 2064 2862 2130 ἡ
2912 2062 3033 2115 κατ’
3063 2063 3162 2131 ἐμὲ
3193 2065 3477 2133 ἐκκλησία,
3502 2066 3721 2135 ,πράξει
3757 2067 4011 2134 caveae/1";-

2433 2151 2781 2223 ἐπαρχιὼτιδι
2805 2151 2898 2204 τοῦ
2939 2152 3099 2220 ἁγίου
3139 2156 3454 2225 Δημητρίου
3501 2158 3668 2225 μονήν
3693 2173 3704 2186 ·
3737 2156 4012 2208 δικαιολο-

2432 2243 2697 2312 γούμενος
2725 2244 2884 2315 δῆθεν
2927 2244 3351 2301 ἀποκεκλεῖσθαί
3390 2265 3480 2315 μοι
3505 2247 3604 2317 τὴν
3638 2248 3846 2317 ταύτης
3876 2251 4009 2301 ἀπᾶ-

2432 2337 2624 2405 κλησιν
2649 2339 2712 2390 ὲκ
2743 2337 2838 2390 τοῦ
2867 2338 3059 2407 χρόνου
3087 2357 3101 2370 ο
3129 2339 3222 2391 καὶ
3261 2339 3560 2406 ὲσφρὰγισε
3613 2341 3704 2391 καὶ
3745 2342 3800 2390 ἐν
3835 2341 4010 2408 ταύτῃ

2432 2425 2772 2496 ἡγούμενον·
2799 2428 3022 2494 ἐξέϐαλε
3063 2430 3159 2481 καὶ
3211 2429 3640 2497 ἐκκλησιαστικὰ
3692 2435 4010 2501 σταυροπή-

2432 2534 2527 2585 για
2555 2518 2664 2572 ἀπὸ
2683 2521 2792 2571 τῶν
2829 2520 3213 2591 μοναστηρίων
3256 2540 3381 2591 μου,
3412 2521 3504 2574 τοῦ
3542 2523 3637 2592 τῆς
3685 2524 4010 2591 ἑγκλειστῆ,

2434 2610 2528 2662 καὶ
2569 2613 2668 2682 τῆς
2717 2612 2880 2679 ἁγίας
2938 2614 3306 2677 ἀναστάσεως.
3355 2614 3608 2684 Ἐποίησε
3671 2617 3767 2670 νῖν
3832 2621 4013 2671 οἰκεῖα

2435 2703 2835 2772 σταυροπήγια.
2869 2704 2972 2757 Δύο
3018 2706 3127 2758 τισὶ
3160 2705 3268 2758 τῶν
3316 2707 3623 2776 εὐκτηρίων
3658 2709 3828 2761 οἴκων
3885 2714 4013 2779 μέ).-

2434 2793 2615 2847 λουσιν
2637 2797 2916 2866 ἀνεγεῖραι
2942 2797 3243 2868 προέτρεψε
3265 2798 3351 2851 διὰ
3375 2799 3673 2854 πιττακίων
3700 2819 3714 2833 ·
3749 2804 3843 2854 καὶ
3867 2804 4006 2872 Elei.-

2438 2887 2803 2956 ροτονήθησαν
2839 2890 3006 2957 ἱερεῖς
3055 2890 3165 2941 τῶν
3193 2891 3410 2961 χωρίων
3467 2892 3565 2962 τῆς
3604 2895 3824 2964 ἐωρίας
3877 2914 4008 2964 μου,

2433 2977 2601 3046 ἧγουν
2622 2976 2721 3046 τῆς
2741 2977 3024 3045 Νισίστης,
3042 2977 3142 3045 τῆς
3167 2978 3485 3049 Πρινίστης,
3509 2981 3608 3050 τῆς
3627 2983 4016 3053 Δοσρολίστης,

2435 3069 2528 3120 καὶ
2555 3069 2650 3137 τῆς
2687 3068 3118 3136 Πλανικοσίστης
3146 3085 3159 3097 ·
3193 3068 3296 3120 ἀνὰ
3320 3069 3413 3122 δύο
3446 3072 3537 3123 τὸν
3567 3074 3802 3143 ἀριθμόν
3826 3092 3840 3106 ·
3874 3094 4012 3144 παρ-

763 3139 903 3196 lines
941 3147 1158 3214 propria
1191 3151 1522 3207 auctoritate
1577 3170 1732 3210 sacra
1766 3160 2082 3218 celebravit.
2151 3167 2322 3223 Velim

2434 3157 2590 3221 εκτδς
2611 3153 2685 3213 ὧν
2716 3160 2815 3212 οὐκ
2860 3160 3063 3229 ἔφθασε
3115 3159 3302 3213 λαϐεῖν
3359 3139 4010 3235 εἴδησινδἝγειροτόνηο

766 3231 934 3301 igitur
971 3250 1000 3287 a
1060 3246 1240 3294 vestra
1289 3245 1580 3300 sanctitate
1637 3250 1932 3319 percipere,
1987 3271 2107 3324 qua:
2159 3259 2229 3313 sit
2276 3262 2328 3315 in

765 3328 1106 3382 enumeratis
1146 3330 1420 3399 capitibus
1448 3335 1680 3404 singulis
1734 3353 2018 3397 sacrorum
2055 3362 2326 3403 canonum

764 3419 820 3467 et
851 3413 1227 3474 institutorum
1265 3420 1520 3479 Ecclesiae
1551 3432 1844 3485 sententia.
1865 3433 1909 3485 A
1937 3445 2126 3490 sancta
2147 3450 2330 3494 nostra

765 3507 978 3573 synodo
997 3510 1308 3578 huiusmodi
1342 3519 1727 3586 responsiones
1741 3525 1924 3580 statim
1941 3529 2162 3586 tulitzUt
2187 3533 2332 3587 vide-

765 3594 914 3662 licet,
939 3601 1060 3655 etsi
1092 3601 1230 3658 forte
1270 3605 1411 3660 facta
1443 3608 1515 3663 sit
1543 3611 1611 3665 ab
1640 3612 1761 3682 ejus
1811 3621 2070 3686 temporis
2124 3633 2331 3678 metro-

768 3687 1013 3755 politano
1045 3695 1310 3750 moriente
1330 3698 1624 3756 redhibitio
1662 3708 2052 3775 episcopalium
2084 3712 2332 3772 Artensis

765 3781 1036 3847 crucium,
1071 3801 1207 3854 quas
1237 3789 1342 3844 sibi
1378 3794 1727 3862 attribuerat,
1760 3810 1813 3853 et
1847 3801 2023 3869 ipsius
2057 3819 2330 3863 monastev

767 3871 833 3924 rii
865 3874 1040 3928 sancti
1074 3874 1334 3935 Demetrii
1366 3891 1394 3918 ο
1433 3901 1446 3938 :
1488 3887 1581 3940 sed
1601 3902 1746 3952 cum,
1787 3899 1843 3944 ut
1878 3892 1993 3960 ipse
2044 3899 2332 3956 confessus

766 3964 951 4029 est,in
996 3981 1185 4024 sacros
1218 3985 1458 4029 canones
1511 3977 1791 4036 incurrere
1840 3998 1900 4038 se
1953 3986 2223 4044 intellexit
2279 4001 2332 4044 et

766 4053 960 4108 vitium
987 4061 1258 4122 correxit,
1286 4062 1596 4120 firmitatem
1622 4070 1785 4124 habet
1817 4074 1964 4141 quod
1993 4075 2193 4132 factum
2225 4081 2332 4150 est)

769 4151 825 4198 et
891 4147 1224 4218 episcopalis
1262 4160 1287 4188 °
1345 4159 1676 4211 monasteria
1735 4161 1848 4214 haec
1896 4163 1949 4218 in
2007 4147 2329 4236 perpetuum

766 4244 1045 4303 maneant,
1092 4251 1348 4297 cessante
1378 4248 1793 4316 praescriptione
1829 4257 2114 4322 temporis,
2153 4259 2206 4312 in
2241 4276 2326 4325 eo,

769 4326 912 4392 quod
933 4328 1076 4382 circa
1101 4332 1275 4385 sancti
1312 4332 1565 4391 Demetrii
1586 4343 1973 4397 monasterium
2011 4347 2330 4406 innovatum

767 4422 855 4468 est
895 4433 909 4468 :
949 4418 1074 4487 quia
1127 4423 1560 4488 crttciiixionum,
1594 4445 1714 4497 quae
1739 4443 1865 4485 sunt
1903 4451 1998 4503 per
2027 4436 2330 4506 dimcesim,

2433 3267 2533 3304 σαν
2564 3251 2621 3303 δὲ
2649 3251 2760 3303 ἀπὸ
2791 3250 2889 3320 τῆς
2923 3252 3139 3320 ὲνορίας
3186 3269 3289 3320 μου
3333 3254 3425 3306 καί
3455 3270 3602 3318 τινες
3640 3257 3749 3308 τῶν
3785 3275 4012 3310 συνεπι-

2440 3344 2658 3396 σκόπων
2709 3360 2831 3412 μου.
2871 3344 3030 3397 Ἀλλὰ
3052 3345 3199 3398 καὶὺ
3242 3345 3534 3415 ἱερώτατος
3585 3347 3681 3416 τῆς
3733 3351 4012 3414 Λευκάδις

2431 3432 2863 3502 ἀρχιεπίσκοπος
2921 3433 3140 3502 είσῆλθε
3192 3434 3476 3498 πολλάκις,
3514 3436 3610 3490 καὶ
3649 3439 4011 3509 ἱερούργησε-ι

2434 3525 2491 3576 ὲν
2513 3525 2579 3594 τῇ
2609 3524 2794 3593 ἐνορίᾳ
2833 3541 2934 3593 μου
2975 3525 3342 3591 αὑτοὸοΰλως.
3377 3527 3581 3597 Δέομαι
3606 3530 3712 3595 ξουν
3750 3531 4010 3600 παραλα-

2434 3614 2550 3668 ὕεῖν
2573 3615 2636 3667 ὲκ
2659 3615 2758 3684 τῆς
2783 3614 2938 3681 ὑμῶν
2969 3617 3260 3685 ἁγιότητος
3294 3619 3355 3671 τὸ
3397 3619 3482 3687 ἐφ’
3513 3619 3728 3689 ἑκάστῳ
3760 3622 3873 3673 τῶν
3904 3623 4010 3674 ἀπο

2433 3707 2856 3776 αριθμουμένων
2883 3707 3193 3776 κεφαλαίων
3223 3709 3418 3764 δοκοῦν
3453 3715 3567 3774 τοῖς
3603 3713 4009 3781 ἰεροῖς.κανόσι,

2436 3801 2531 3854 καὶ
2553 3802 2619 3870 τῇ
2640 3799 2965 3870 θεσμοθεσία
2980 3801 3081 3870 τῆς
3114 3802 3463 3873 Ἐκκλησίας.
3489 3805 3598 3856 Καὶ
3629 3806 3695 3874 δὴ
3733 3807 4012 3875 ἀποφέρε-

2435 3907 2524 3944 ται
2548 3890 2760 3943 τοιάσδε
2812 3889 2909 3951 τὰς
2933 3892 3257 3960 ἀποκρίσεις
3275 3893 3384 3946 ἀπὸ
3409 3895 3507 3960 τῆς
3531 3896 3656 3948 καθ’
3673 3898 3822 3965 ἡμᾶς
3850 3901 4012 3965 ἁγίας

2436 3982 2654 4032 συνόδου
2677 3998 2690 4011 ο
2727 3982 2812 4033 ἵνα
2841 3981 3042 4051 δηλαδὴ
3083 3982 3188 4035 κᾶν
3236 3983 3368 4046 ἴσως
3402 3985 3772 4046 ἑπιτελεὺτιος
3819 3991 4012 4056 γέγονε

2434 4070 2512 4139 τῷ
2537 4072 2657 4123 τότε
2695 4073 3063 4143 μητροπολίτῃ
3083 4075 3116 4143 ἡ
3153 4074 3263 4127 τῶν
3295 4077 3672 4129 ἐπισκοπικῶν
3701 4096 4019 4150 σταυροπτι-

2435 4163 2570 4230 γίων
2617 4165 2710 4216 τοῦ
2746 4166 2951 4234 Ἀρτης
2987 4164 3097 4217 τῶν
3145 4167 3340 4238 ἐκείνῳ
3401 4170 3863 4238 σφετερισθέντων
3918 4177 4016 4225 ἁν-

2435 4255 2722 4324 τιστροφὴ,
2750 4256 2843 4308 καὶ
2879 4257 3050 4326 αὐτῆς
3091 4257 3189 4324 τῆς
3243 4258 3338 4310 τοῦ
3380 4260 3536 4327 ἁγίου
3571 4263 3885 4331 Δημητρίου
3915 4286 4014 4334 μνι-

2435 4347 2572 4414 νῆςο
2611 4347 2725 4399 ἀλλ’
2755 4347 2968 4415 ἐπειδὴ.
3015 4348 3092 4408 ὡς
3147 4350 3243 4400 καὶ
3296 4349 3458 4412 αὐτὸς
3512 4350 3889 4421 ὡμολόγησεν,
3939 4358 4016 4417 εἰς

2436 4442 2561 4501 τοὺς
2586 4440 2765 4505 ἱεροὺς
2789 4441 3017 4501 κανόνας
3041 4439 3219 4492 παίων
3245 4441 3468 4509 συνῆκε,
3494 4443 3586 4492 καὶ
3602 4441 3672 4494 τὰ
3699 4444 3793 4496 τοῦ
3858 4449 4017 4498 πταέ-

768 4505 870 4558 soli
906 4510 1259 4576 patriarchali
1294 4516 1638 4584 amplitudini
1687 4525 1937 4578 relictum
1987 4537 2070 4582 est
2107 4533 2332 4598 privile-

2443 4498 2650 4598 σματος
2712 4498 3090 4597 διωρθώσατο,
3129 4530 3191 4582 τὸ
3232 4498 3401 4600 κῦρος
3431 4498 3540 4600 ἕξει
3571 4531 3630 4584 τὺ
3648 4536 3894 4599 γεγονὸς,
3921 4540 4018 4590 καὶ

767 4594 939 4664 gium,
977 4603 1514 4669 metropolitanorum
1551 4617 1728 4664 autem
1764 4617 1986 4672 nemini.
2038 4619 2192 4685 Quod
2233 4640 2329 4678 au-

769 4694 876 4739 tem
913 4688 968 4741 in
998 4689 1243 4748 Catzura:
1275 4701 1612 4754 monasterio
1646 4717 1800 4756 sacra
1829 4708 2147 4773 celebravit,
2205 4725 2326 4782 post

767 4777 1002 4833 actionis
1027 4784 1304 4852 synodalis
1332 4789 1606 4856 notitiam,
1628 4793 1896 4863 siquidem
1934 4814 2066 4854 cum
2095 4811 2150 4856 tu
2184 4777 2330 4860 Arta:

768 4868 1061 4939 episcopus
1093 4875 1204 4928 otio
1238 4876 1550 4948 indulgeres
1577 4892 1625 4947 Ρ,
1661 4900 1755 4952 per
1811 4889 2250 4949 subnotationem
2299 4914 2327 4950 a

769 4958 1202 5024 provincialibus
1229 4965 1500 5035 episcopis
1540 4973 1605 5025 ad
1651 4974 1703 5029 id
1745 4977 2000 5036 inductus
2026 4992 2129 5048 est,
2177 4998 2328 5041 extra

769 5047 984 5116 culpam
1017 5054 1142 5117 erit,
1176 5070 1272 5124 per
1322 5059 1388 5113 M
1417 5065 1780 5130 apostolicum
1824 5047 2125 5140 canonem,
2147 5077 2331 5132 dicen-

771 5150 876 5195 tem
922 5146 1178 5217 episcopo
1218 5152 1310 5221 qui
1345 5168 1502 5208 suam
1537 5161 1830 5227 paraeciam
1868 5165 2174 5235 reliquerit,
2223 5185 2328 5225 non

768 5230 934 5286 licere
966 5234 1020 5288 in
1077 5238 1306 5294 alienam
1341 5243 1574 5312 insilire,
1613 5253 1865 5318 quamvis
1894 5269 1924 5307 a
1950 5257 2134 5311 multis
2182 5276 2332 5314 com-

770 5323 1044 5392 pellatur:
1079 5330 1182 5384 nisi
1215 5330 1364 5401 justa
1393 5336 1574 5408 aliqua
1636 5355 1806 5399 causa
1845 5359 1971 5400 eum
2023 5359 2185 5419 cogat
2222 5370 2234 5404 :
2276 5362 2333 5406 ut

2438 4621 2774 4674 ὲπισκοπικᾶ
2801 4621 2868 4672 τὰ
2893 4620 3137 4682 τοιαῦτα,
3175 4624 3533 4691 μοναστήριαν
3559 4625 3637 4685 εἰς
3678 4626 3767 4676 ἀεὶ
3798 4627 4017 4690 διαμείο

2439 4730 2627 4773 νωσιν,
2668 4712 2942 4781 ἀργούσης
2996 4711 3221 4780 καὶτῆς
3269 4713 3378 4765 ἀπὸ
3424 4715 3615 4783 χρόνου
3660 4722 4017 4789 περιγραφῆς

2437 4807 2530 4857 ἐπὶ
2565 4808 2628 4874 τῇ
2682 4805 2822 4857 κατὰ
2872 4805 2972 4869 τὴν
3005 4803 3173 4872 μονὴν
3212 4803 3306 4856 τοῦ
3352 4805 3506 4872 ἁγίου
3542 4809 3860 4878 Δημητρίου
3897 4831 4018 4865 και-

2438 4897 2663 4965 νοτομίᾳ.
2689 4913 2702 4926 ·
2737 4896 2824 4948 διὰ
2857 4895 2916 4946 τὸ
2954 4893 3250 4963 προνόμιον
3284 4895 3392 4946 τῶν
3438 4899 3570 4966 παρ’
3601 4900 3814 4967 ἑνορέαν
3848 4917 4015 4955 σταυ-

2441 4986 2722 5058 ροπηγίων
2762 4985 2897 5054 μόνῃ
2929 4987 2991 5053 τῇ
3041 4987 3412 5053 πατριαρχικῇ
3438 4985 3685 5052 ἐφεῖσθαι
3720 4991 4013 5055 μεγαλειό-

2438 5064 2580 5148 τητι,
2621 5078 2730 5129 τῶν
2768 5076 2824 5129 δὲ
2862 5075 3275 5145 μητροπολιτῶν
3319 5076 3517 5132 οὐδενί.
3551 5078 3674 5129 Ὀτι
3703 5081 3759 5130 δὲ
3797 5084 3894 5132 καὶ
3936 5084 4010 5133 ἰε-

2440 5171 2742 5240 ροὺργησεν
2777 5169 2852 5231 εἰς
2885 5168 2983 5235 τὴν
3032 5166 3126 5219 τοῦ
3169 5166 3456 5237 Κατζούρη
3513 5167 3678 5237 μονὴν
3729 5173 3870 5237 μετὰ
3919 5174 4012 5238 τῆς

2439 5261 2692 5330 πράξεως
2719 5259 2818 5328 τὴν
2855 5258 3170 5324 ἐπίγνωσιν,
3205 5257 3253 5308 εί
3291 5256 3391 5324 μὲν
3431 5258 3488 5305 ἐν
3514 5255 3592 5324 τῷ
3629 5258 3916 5325 σχο>.ἀξειν
3956 5278 4011 5311 σ;

2435 5355 2527 5406 τὸν
2557 5353 2858 5406 ἐπίσκοπον
2901 5352 3125 5420 Ἀρτης,
3156 5349 3261 5400 ὑπὸ
3300 5349 3409 5401 τῶν
3442 5349 3617 5403 ἄλλων
3649 5353 4011 5420 ἐπαρχιωτιῦν

1996 5457 2232 5517 VARUE
2268 5463 2677 5524 LECTIONES.

862 5533 908 5566 ³⁸
937 5537 1107 5607 ὐποτη
1117 5539 1344 5606 μασιῶν.

848 5633 875 5705 β
905 5642 996 5694 per
1028 5633 1423 5709 usurpationem
1458 5653 1614 5709 sacra
1670 5639 1886 5709 peregit.

777 5693 1082 5773 ilotarum.
1160 5693 1202 5739 ἰ
1251 5703 1304 5753 in
1347 5706 1568 5773 singuli:
1621 5693 1746 5761 duo.

777 5779 800 5803 ο
827 5767 965 5835 quod
1002 5768 1198 5835 factum
1231 5784 1325 5838 est,
1353 5785 1399 5827 et
1432 5767 1772 5843 Episcopalia.

1966 5641 1990 5681 δ
2029 5641 2293 5699 abbatem.

1851 5789 1878 5829 Ρ
1905 5798 2136 5836 t'acarcs.

2378 5647 2390 5686 ί
2441 5646 2494 5698 in
2538 5662 2596 5716 c_o
2645 5660 2845 5712 quoque
2898 5649 3229 5716 conﬁrmavit
3274 5651 3536 5704 abbamu.

1850 5718 1888 5747 ³³
1933 5714 2148 5765 necdum
2203 5717 2374 5769 habet.

3620 5650 3632 5700 i
3690 5671 3780 5711 per
3835 5657 4008 5711 bri-tn

2485 5671 2494 5696 ι
2538 5671 2596 5696 (υ
2645 5671 2845 5712 quoque
2898 5671 3229 5716 cauprmat‘u
3274 5671 3536 5704 danaum.
3620 5671 3632 5700 Ι
3690 5671 3780 5717 per
3835 5671 4005 5711 nrt-tet

2485 5726 2511 5753 ιι
2549 5714 2836 5780 Demetrii;
2877 5720 3000 5787 quia
3037 5730 3234 5783 tantm,
3274 5733 3332 5774 ut
3387 5725 3495 5790 ipse
3553 5731 3850 5789 confessus.
3900 5737 4005 5782 etc.
