4176 6446
144 339 254 402 8G9

1442 341 1711 403 GﬂzECO
1727 371 1732 374 -
1749 342 2156 405 ΒΟΜΑΝΗΜ.

3315 357 3424 421 810

215 451 376 512 Τινὲς
407 452 518 503 τῶν
553 452 772 505 οἰκείων
811 454 1088 521 γυναικῶν
1137 455 1597 525 ὑποχωρήσαντες
1646 453 1722 506 διά

1912 453 2143 519 Quidam
2181 470 2304 510 cum
2339 472 2434 526 per
2471 458 2658 512 odium
2692 469 2785 513 aut
2827 459 2989 514 aliam
3028 464 3330 531 qttamlibet
3353 473 3423 521 ob

143 546 326 612 μῖσος,
361 546 393 617 ἢ
425 545 592 615 ἄλλην
625 544 815 599 ὁποίαν
847 547 911 616 δή
944 564 1066 600 τινα
1097 548 1296 613 αἰτίαν,
1335 547 1429 600 καὶ
1474 549 1530 600 ἐν
1582 546 1735 600 ἀλλο-

137 638 267 708 τρία
325 638 634 706 διάγοντες,
682 639 937 708 μένουσιν
1001 639 1174 704 οὕτως
1222 643 1277 693 αἱ
1339 643 1595 710 γυναῖκες
1627 643 1734 692 τῶν

132 728 404 782 τοιούτων
430 729 524 781 ἐπὶ
550 730 713 782 πέντε
798 731 891 784 καὶ
920 731 1160 785 πλείοσιν
1187 731 1353 798 ἔτεσι,
1383 733 1493 786 τῶν
1525 731 1734 801 ἀνδρῶν

138 820 324 872 αὐτῶν
360 823 778 894 ἀνεπιστρόφων
838 823 1031 890 ὄντων,
1090 826 1184 878 καὶ
1243 827 1456 896 ἀδήλων
1489 828 1591 881 ποῦ
1626 834 1734 902 ἄρα

135 907 385 976 διάγοιεν
415 928 431 942 ·
480 914 529 964 εί
588 913 673 966 δεῖ
720 913 903 967 τοίνυν
955 915 1216 985 ἀνδράσιν
1273 917 1482 990 ἑτέροις
1531 922 1734 988 ταύτας

137 999 553 1068 συζεύγνυσθαι
574 1022 592 1071 ;

207 1091 375 1156 τινες
402 1095 516 1150 τῶν
567 1098 887 1168 ἱερωμένων
919 1100 978 1152 ὲν
1008 1103 1074 1172 τῇ
1131 1105 1346 1178 μεγάλῃ
1379 1105 1735 1180 Τεσσαρακο-

139 1185 260 1252 στῇ,
311 1189 800 1256 προηγιασμένους
852 1191 1030 1254 θείους
1058 1193 1256 1264 ἄρτους
1311 1197 1624 1268 κρύψαντες
1677 1203 1734 1252 ὲν

138 1275 518 1344 ἀρτοφορίοις.
558 1273 677 1331 εἶτα
720 1283 984 1353 συνεργία
1022 1283 1276 1356 δαίμονος
1311 1289 1376 1341 ὲκ
1428 1289 1521 1343 τοῦ
1565 1291 1733 1361 σηκοῦ

137 1370 228 1422 τοῦ
259 1372 411 1425 θείου
447 1374 790 1445 συληθέντων
843 1380 946 1431 ὑπὸ
1001 1383 1174 1450 μυῶν,
1215 1385 1307 1436 καὶ
1340 1387 1500 1451 κυνὸς
1529 1405 1736 1459 παραν-

139 1463 386 1526 οίξαντος
439 1465 539 1536 τὴν
598 1466 791 1536 θύραν,
863 1470 894 1540 ἢ
949 1474 1041 1523 καὶ
1072 1474 1128 1525 ὲν
1159 1474 1237 1544 τῷ
1295 1477 1595 1548 ἱερουργεῖν
1644 1483 1735 1535 τὸν

141 1555 289 1625 ἱερέα
343 1558 441 1609 καὶ
493 1561 549 1611 ἐν
608 1563 672 1630 τῇ
724 1560 973 1633 τραπέζῃ
1025 1565 1126 1624 τὰς
1171 1567 1333 1637 εὐχὰς
1394 1571 1737 1640 ὑπαναγινὼο·

142 1665 312 1713 σχειν,
346 1649 529 1702 λαθὼν
571 1653 676 1722 μῦς
712 1671 794 1716 τις
828 1658 966 1725 μετά
1016 1657 1113 1727 τὴν
1159 1665 1532 1733 προσκομιδὴν
1560 1667 1737 1736 ἀφήρ-

141 1759 278 1794 πασε
312 1745 377 1796 το
414 1747 880 1816 ίερουργούμενον
919 1750 1062 1804 θεῖον
1106 1751 1265 1822 σῶμα
1295 1772 1307 1787 ·
1350 1755 1466 1819 πῶς
1509 1759 1614 1829 χρὴ
1653 1762 1736 1822 εἰς

139 1834 204 1885 τὰ
237 1835 470 1890 τοιαῦτα
501 1840 890 1911 ἐπιτιμηθῆναι
915 1843 1040 1908 τοὺς
1077 1844 1268 1914 ἱερεῖς.

216 1925 412 1996 Ἱερεῖς
441 1919 584 1994 τινες
610 1933 997 2004 ἀφοριζόμενοι
1035 1939 1183 2004 παρά
1213 1939 1322 1992 τῶν
1352 1941 1569 1997 οἰκείων
1596 1946 1729 2016 ἀρχ-

143 2015 334 2083 ιερέων
371 2018 469 2070 τοῦ
527 2022 839 2091 ἀφορισμού
882 2029 1331 2098 καταφρονοῦσι·
1390 2035 1482 2088 καὶ
1549 2038 1731 2090 ὲπιτευ

140 2105 434 2176 τιμημένοι
461 2108 635 2172 ὄντες.
678 2112 1021 2183 εἰσέρχονται
1062 2118 1154 2171 καὶ
1203 2119 1568 2193 ίερουργοῦσι.
1605 2127 1730 2190 Πῶς

138 2196 213 2249 δεῖ
239 2199 472 2264 τούτους
510 2201 864 2273 κολασθῆναις

203 2291 407 2342 Λαῖκοὶ
440 2293 849 2363 διγαμήσαντες
889 2299 984 2351 καὶ
1025 2302 1538 2374 παιδοποιήσαντες,
1563 2309 1730 2382 ὑπερ-

141 2379 332 2445 ϐάντες
375 2383 441 2434 τὰ
474 2388 884 2457 τεσσαράκοντα
915 2389 1010 2460 ἔτη
1034 2433 1047 2454 ,
1087 2397 1476 2467 παρενοχλοῦσι
1511 2403 1602 2453 καὶ
1649 2391 1729 2467 εῑξ

139 2474 316 2540 τρίτον
349 2476 526 2530 ἐλθεῖν
563 2482 922 2550 συνοικέσιον,
963 2485 1128 2538 ἕνεκα
1153 2489 1253 2559 τῆς
1282 2491 1592 2563 ἀνατροφῆς
1622 2497 1730 2547 τῶν

141 2570 609 2638 προϋπαρχόντων
662 2574 873 2628 παίδων
933 2578 1137 2645 αὐτοῖς,
1199 2585 1294 2634 καὶ
1335 2585 1428 2636 τοῦ
1457 2586 1531 2656 μὴ
1562 2587 1728 2659 χύδην

142 2659 501 2729 ἁμαρτάνειν,
535 2666 582 2716 εί
610 2666 943 2737 ἀνέγκλητον
967 2673 1151 2735 αὐτοῖς
1178 2679 1518 2747 τριγαμῆσαι
1541 2697 1556 2746 ;

218 2750 566 2817 Ἀντιμίνσια
612 2755 771 2823 ἴσμεν
807 2757 1089 2827 γινόμενα,
1121 2763 1259 2816 ἐπὰν
1281 2766 1308 2816 ὀ
1334 2767 1624 2837 ἀρχιερεὺς
1660 2770 1726 2822 δι’

141 2843 332 2895 ἑαυτοῦ
392 2845 667 2917 ὲνερτήσῃ
722 2847 813 2903 τὸν
849 2853 1226 2924 ὲγκαινισμον,
1271 2859 1365 2912 καὶ
1405 2862 1467 2912 ἐκ
1501 2862 1593 2914 τοῦ
1625 2881 1729 2917 πα-

135 2936 244 2988 νέοο
273 2937 366 2988 τοῦ
401 2938 841 3008 ύποστρωθέντος
867 2945 960 2997 καὶ
985 2946 1428 3016 περιειλήσαντος
1463 2954 1561 3023 τὴν
1592 2957 1726 3025 τρά-

140 3029 332 3090 πεζαν,
373 3030 453 3090 είς
482 3028 690 3099 βραχέα
730 3035 1063 3102 τεμνομένου
1098 3038 1191 3090 καὶ
1213 3043 1584 3113 γραφομένου,
1615 3051 1727 3111 τοῖς

142 3118 347 3187 ἱερεῦσι
400 3120 682 3174 δίδοσθαι·
734 3127 826 3177 καὶ
888 3126 1017 3179 ἄνευ
1080 3133 1284 3183 τούτων
1342 3136 1415 3206 μὴ
1467 3137 1724 3192 δύνασθαι

141 3212 644 3282 ἱερουργεῖν.Ἐίοα
672 3214 764 3268 οὖν
792 3219 908 3270 ἐστι
927 3220 1134 3275 τούτων
1171 3224 1368 3292 ἔνδεια,
1390 3230 1440 3281 τί
1481 3230 1562 3284 δεῖ
1587 3250 1724 3304 πρα-

139 3304 367 3371 χθῆναι”
409 3306 593 3375 ἵναμὴ
637 3308 874 3375 μένωσιν
909 3314 957 3364 oi
1012 3315 1175 3385 ίερεῖς
1202 3318 1328 3371 ἄνευ
1375 3323 1725 3394 ἱερουργιῶνς

204 3393 364 3455 Τινὲς
427 3394 592 3464 ἱερεῖς
648 3396 1024 3465 λανθανόντως
1077 3404 1340 3472 ἐποίησαν
1391 3415 1455 3480 τῇ
1516 3416 1728 3487 μεγάἓῃ

136 3483 568 3560 Τεσσαρακοστῇ
624 3491 975 3564 εύλογήσειςο
1053 3502 1292 3562 ποταπὶς
1341 3504 1443 3570 ἄρα
1475 3507 1502 3556 ὁ
1551 3518 1727 3576 γάμος

137 3573 308 3645 οὗτος,
369 3582 464 3634 καὶ
525 3584 702 3647 ποίοις
759 3588 1059 3658 ἐπιτιμίοις
1109 3591 1420 3650 ἁλίσκονται
1474 3600 1724 3666 οίοῦτως

136 3672 586 3742 ἱερολογὴσαντες
622 3680 789 3748 ἱερεῖς
808 3698 822 3745 ;

201 3767 349 3832 Πρὸς
407 3767 542 3833 γοῦν
571 3770 798 3835 ταύταις
828 3776 946 3836 ταῖς
1000 3777 1303 3849 ἐρωτήσεσι
1362 3783 1393 3854 ἡ
1431 3789 1722 3860 μετριότης

134 3855 288 3921 ἡμῶν
319 3857 577 3922 τοιαύτας
614 3861 712 3922 τὰς
745 3861 927 3926 λύσεις
956 3867 1282 3936 ἐπήνεγκεν.

198 3948 260 3998 Οἱ
289 3948 400 4000 ἀπὸ
432 3949 540 4001 τῶν
573 3954 788 4007 οίκείων
825 3956 1281 4029 ὑποχωρήσαντες
1313 3971 1590 4032 γυναικῶν
1623 3975 1718 4028 ἀν-

130 4037 248 4101 δρες
299 4037 369 4088 δι’
421 4041 810 4109 ὀποιανδήτινα
858 4048 1060 4110 αἰτίαν,
1097 4051 1192 4103 καὶ
1229 4054 1288 4104 ἐν
1322 4056 1578 4131 ἀλλοτρίᾳ
1610 4063 1718 4116 διὰ-

131 4143 341 4192 γοντες,
401 4131 716 4202 ἀφορισμοῦ
775 4139 915 4190 εἰσιν
983 4140 1158 4208 ἄξιοι,
1212 4147 1260 4198 εί
1301 4148 1716 4224 ἀνεπιστρόφως

131 4220 334 4286 Ξχονσι,
383 4224 480 4273 καὶ
523 4225 661 4294 πρὸς
717 4227 815 4289 τὰς
862 4231 1073 4294 οἰκείας
1121 4240 1382 4303 γυναῖκας
1419 4241 1479 4294 οὐ
1524 4261 1717 4313 προαι-

133 4310 349 4375 ροῦνται
377 4312 539 4365 πάλιν
572 4317 828 4386 νοστῆσαι
855 4335 868 4348 ⁸
907 4320 956 4372 εἰ
987 4322 1044 4374 δὲ
1075 4324 1264 4394 ἄδηλοι
1290 4326 1419 4393 εἷεν,
1456 4333 1547 4385 καὶ
1581 4351 1715 4406 προ-

129 4401 220 4469 ἑδη
265 4403 363 4454 καὶ
395 4402 594 4469 ἔρευνα
624 4405 828 4460 τούτων
857 4409 913 4473 ἐξ
944 4412 1245 4487 ἀποστολῆς
1280 4420 1389 4473 τῶν
1433 4429 1712 4490 γυναικῶν

128 4493 324 4557 αὐτῶν,
364 4495 459 4546 καὶ
496 4500 788 4551 πενταετία
835 4503 1115 4572 παρῆλθεν
1163 4508 1250 4574 ὲξό

127 4583 314 4652 ἄνδρες
349 4587 558 4639 τούτων
591 4590 860 4658 ἐγένοντο,
913 4597 1249 4665 αἰχμάλωτοι
1290 4605 1448 4673 τυχὸν
1480 4609 1706 4675 γεγονό-

125 4690 228 4739 τες,
268 4679 299 4745 ἦ
331 4677 476 4744 ἄλλῳ
502 4683 609 4732 τινι
642 4685 835 4754 τρόπῳ
866 4685 1286 4756 ἀφανισθέντες·
1316 4697 1425 4748 τῶν
1447 4701 1706 4756 τοιούτων

127 4765 175 4815 αἱ
213 4771 474 4834 γυναῖκες
529 4772 827 4836 ἀκωλύτως
853 4779 994 4830 κατὰ
1037 4780 1127 4833 τὸν
1158 4785 1509 4854 ἐκχωροῦντα
1542 4793 1706 4863 νόμον

123 4971 189 5006 τω
195 4974 287 5008 σαν
295 4995 310 5007 ο

186 5050 249 5100 Οί
292 5050 622 5115 πταίσαντες
678 5055 880 5125 ίερεῖς,
931 5064 978 5114 oi
1036 5065 1162 5128 τοὺς
1222 5077 1702 5145 προηγιασμένους

121 5140 313 5208 ἄρτους
350 5148 716 5212 πεποιηκότες
753 5154 879 5214 τοὺς
923 5155 1028 5208 ὑπὸ
1068 5160 1245 5213 κυνῶν
1292 5165 1400 5218 τῶν
1430 5187 1695 5238 παρανοι-

121 5229 316 5292 ξαντων
379 5235 476 5303 τὴν
511 5237 602 5288 τοῦ
630 5239 756 5291 ναοῦ
801 5244 978 5312 πύλην
1025 5249 1443 5322 ἀφανισθέντας,
1491 5261 1590 5329 τῆς
1625 5264 1697 5316 ἱε-

123 5326 376 5395 ρουργίας
399 5328 534 5395 πρὶς
565 5332 756 5400 καιρὸν
783 5334 872 5386 τὸν
912 5341 1058 5402 παρά
1085 5343 1182 5412 τὴν
1209 5346 1478 5416 διάκρισιν
1515 5356 1702 5423 κείμε-

120 5432 197 5470 νον
226 5420 322 5472 τοῦ
359 5421 540 5473 αὐτῶν
579 5424 880 5492 ἀρχιερέως
915 5436 1339 5500 παυσάσθωσαν,
1387 5442 1463 5506 ὡς
1501 5447 1574 5516 μὴ
1598 5451 1696 5519 τὴν

121 5507 300 5581 ἱκανὴν
337 5514 700 5584 πεποιηκότες
750 5518 1070 5589 ἀσφάλειαν.
1128 5530 1190 5580 Oi
1236 5531 1283 5584 δ’
1313 5533 1462 5588 ἄλλοι
1492 5539 1541 5590 οί
1569 5543 1694 5607 τοὺς

1837 561 2063 601 causam
2116 563 2145 601 a
2205 551 2321 606 suis
2377 553 2645 608 uxoribus
2726 554 3156 622 discessissent,
3203 573 3426 628 peregre

1835 637 2119 709 degentes,
2160 657 2268 695 non
2311 652 2700 700 revertuntur:
2773 657 2982 704 etcum
3016 651 3287 706 incertum
3329 654 3423 716 sit,

1836 731 1927 784 ubi
1963 742 2148 802 agant,
2176 734 2257 789 sic
2307 750 2498 790 eorum
2558 754 2757 795 uxores
2790 741 2994 798 durant
3025 760 3122 814 per
3177 747 3426 816 quinque

1836 835 2015 877 annos
2053 826 2136 879 vel
2167 826 2377 896 plures.
2436 828 2519 882 An
2552 844 2648 884 eas
2700 843 2954 902 oporteat
2989 837 3114 893 aliis
3165 839 3425 909 conjungi

1835 913 2012 969 viris?

1902 1097 2141 1166 Quidam
2215 1107 2511 1164 sacriﬁculi
2562 1109 2574 1160 ί
2638 1114 2692 1168 in
2745 1131 2940 1187 magna
2991 1119 3422 1194 Quadragesima

1836 1196 2330 1261 prmsanctiﬁeatos
2393 1201 2606 1259 divinos
2632 1221 2803 1274 panes
2843 1211 2902 1264 in
2938 1215 3188 1282 panariis
3225 1232 3423 1272 recon-

1836 1283 2052 1354 dentes,
2096 1289 2166 1345 iis
2201 1291 2401 1348 deinde
2435 1309 2598 1365 opera
2632 1299 2897 1357 daemonis
2937 1320 3002 1358 ex
3036 1319 3195 1376 septo
3232 1310 3424 1365 divino

1838 1380 2115 1451 subreptis
2154 1398 2184 1436 a
2217 1385 2488 1452 muribus,
2522 1397 2577 1443 et
2601 1405 2737 1446 cane
2765 1395 2966 1448 ostium
3011 1401 3313 1466 aperiente,
3338 1403 3421 1457 ιιι-Ι

1836 1471 2003 1524 etiam
2059 1490 2184 1529 eum
2240 1479 2504 1534 sacerdos
2553 1483 2914 1552 sacriﬁcaret,
2974 1497 3027 1542 et
3079 1491 3145 1544 ad
3202 1507 3423 1546 mensas

1838 1563 2187 1629 precationes
2243 1568 2469 1638 legeret,
2515 1572 2843 1633 delitescens
2885 1595 3026 1643 inus,
3088 1591 3208 1651 post
3266 1584 3418 1638 obla-

1840 1652 2077 1722 tionem,
2119 1672 2504 1716 consecratum
2558 1665 2803 1722 divinum
2856 1687 3055 1742 corpus
3113 1677 3421 1747 subripuit;

1839 1741 2015 1808 Quam
2057 1763 2350 1808 censuram
2385 1767 2666 1814 merentur
2693 1763 3051 1822 sacerdotes?

1911 1927 2239 1992 Sacerdotes
2293 1939 2516 2008 quidam
2564 1958 2592 1996 a
2625 1960 2741 2001 suis
2801 1950 3147 2012 antistitibus
3201 1974 3418 2015 excom-

1838 2023 2103 2078 municati
2149 2033 2771 2094 excommunicationem
2807 2052 3204 2115 contemnunt;
3237 2062 3291 2107 et
3319 2057 3423 2110 sub

1838 2115 2017 2182 pomis
2053 2133 2178 2173 cum
2209 2123 2342 2186 sint,
2379 2125 2767 2196 ingrediuntur
2797 2143 2852 2188 et
2889 2138 3226 2195 sacriﬁcant.
3269 2144 3418 2210 Quo-

1835 2219 1961 2260 nam
1995 2210 2157 2266 modo
2190 2213 2300 2268 sint
2326 2215 2379 2270 hi
2411 2219 2726 2286 plectendi?

1904 2299 2054 2356 Laici
2101 2322 2224 2359 eum
2263 2314 2534 2369 secundus
2576 2327 3239 2398 contraxeruntnuptias,
3286 2333 3420 2388 libe-

1836 2391 1912 2446 ris
1945 2399 2251 2464 procreatis
2283 2413 2404 2472 post
2438 2409 2917 2480 quadragesimum
2961 2435 3192 2489 annum,
3227 2436 3417 2494 postu-

1834 2482 1947 2538 lant
1982 2487 2047 2540 ad
2106 2493 2297 2548 tertias
2331 2500 2644 2567 convolare,
2673 2505 2742 2560 ob
2775 2514 3250 2577 prazexsistentem
3285 2522 3421 2576 libe-

1836 2590 2023 2631 rorum
2069 2581 2474 2655 educationem,
2528 2602 2582 2648 et
2613 2612 2680 2651 ne
2713 2601 2920 2668 passim
2951 2613 2977 2644 κ
3026 2620 3276 2677 peccent.
3335 2617 3418 2670 An

1832 2671 1951 2726 sine
1983 2678 2413 2744 reprehensione
2443 2685 2496 2739 id
2529 2685 2778 2745 faciant?

1902 2766 2302 2828 Autimensia1
2339 2777 2545 2833 scimus
2610 2781 2776 2850 facta,
2836 2799 3134 2862 postquam
3183 2800 3420 2857 antistes

1833 2872 1929 2925 per
1959 2874 2018 2915 se
2046 2874 2305 2932 operatus
2334 2866 2503 2923 fuerit
2540 2874 2967 2949 dedicationem,
3015 2894 3070 2939 et
3115 2902 3182 2942 ex
3230 2907 3417 2960 panno

1834 2953 2115 3008 substrato
2160 2958 2736 3036 circumrolventemte
2801 2987 3069 3044 mensam,
3131 2979 3187 3034 in
3241 2983 3415 3039 frusta

1832 3042 2070 3100 disseeto
2103 3059 2154 3102 et
2181 3052 2393 3121 scripto
2419 3065 2479 3118 ιη,
2515 3059 2897 3117 sacerdotibus
2930 3066 3048 3121 dari
3081 3084 3096 3123 :
3131 3086 3233 3126 nec
3253 3089 3415 3141 posse

1753 3166 1798 3229 Β
1834 3136 1952 3191 sine
1977 3139 2063 3193 his
2098 3143 2437 3200 sacriﬁcare.
2474 3146 2574 3203 Ubi
2608 3151 2772 3221 igitur
2795 3156 2992 3210 horum
3023 3172 3109 3215 est
3145 3136 3414 3233 defectus,

1831 3229 1961 3293 quid
1988 3228 2325 3301 faciendum,
2358 3254 2427 3291 ne
2460 3241 2579 3296 sine
2610 3259 2896 3303 sacrorum
2922 3254 3292 3314 celebratione
3324 3276 3414 3315 sa-

1836 3321 2091 3376 cerdotes
2122 3330 2421 3384 maneant?

1901 3412 2134 3478 Quidam
2167 3422 2485 3478 sacerdotes
2508 3427 2558 3479 in
2582 3443 2776 3500 magna
2802 3432 3228 3510 Quadragesima
3248 3445 3414 3504 bene-

1831 3503 2102 3562 dictiones
2147 3511 2286 3565 clam
2326 3512 2581 3573 fecerunt
2616 3538 2629 3574 :
2659 3525 2852 3591 quales
2884 3530 3103 3586 tandem
3144 3548 3274 3592 sunt
3309 3557 3412 3595 nu-

1829 3595 1978 3662 ptiae,
2014 3606 2067 3652 et
2094 3602 2295 3669 quibus
2321 3613 2580 3664 tenentur
2601 3617 2781 3682 pomis
2829 3626 3164 3695 sacerdotes,
3202 3633 3296 3700 qui
3327 3636 3407 3690 sic

1826 3701 2015 3744 sacras
2054 3708 2247 3760 preces
2279 3708 2693 3772 conceperunt?

1897 3782 1976 3834 Ad
2005 3784 2106 3840 has
2137 3787 2304 3855 igitur
2339 3792 2802 3868 interrogationes
2829 3808 3184 3870 mediocritas
3218 3827 3412 3875 nostra

1826 3876 1964 3931 tales
1991 3880 2292 3939 solutiones
2321 3890 2565 3956 protulit.

1893 3969 1998 4034 Qui
2028 3972 2098 4026 ob
2128 3979 2428 4045 quamlibet
2458 3998 2676 4040 causam
2707 3990 2776 4046 ab
2797 3995 3060 4052 uxoribus
3083 4003 3198 4055 suis
3229 4019 3409 4062 reces-

1823 4071 2039 4130 serunt,
2075 4075 2129 4120 et
2156 4070 2286 4124 alibi
2338 4074 2566 4144 degunt,
2617 4090 3244 4149 excom'municationem
3295 4115 3411 4155 tne-

1821 4165 2038 4220 rentur,
2074 4159 2118 4213 si
2151 4177 2529 4234 perseverent,
2556 4186 2658 4227 nec
2687 4178 2941 4235 velintad
2967 4201 3166 4242 uxores
3185 4195 3405 4247 reverti.

1821 4247 1878 4300 Si
1913 4263 2044 4306 vero
2100 4254 2369 4312 incertum
2404 4261 2494 4316 ubi
2529 4265 2658 4332 sint,
2691 4278 2750 4324 et
2782 4277 3042 4331 mandato
3087 4294 3279 4337 earum
3321 4286 3408 4338 in-

1817 4342 2048 4409 quisitio
2089 4355 2445 4420 processerit,
2484 4362 2918 4434 praeterieritque
2939 4371 3402 4442 quinquennium,

1816 4447 1884 4486 ex
1921 4450 2030 4504 quo
2062 4439 2162 4493 viri
2194 4443 2610 4517 disparuerunt,
2643 4453 2696 4507 in
2729 4454 2872 4512 bello
2902 4460 3047 4518 forte
3092 4439 3259 4537 capti,
3307 4482 3406 4527 aut

1254 4527 1346 4562 του
1382 4514 1612 4581 ἀφανεῖς
1661 4520 1710 4571 oi

2286 4511 2300 4514 _
2596 4511 2607 4517 ν
2852 4511 2862 4512 ,
2903 4511 3046 4518 η---
3094 4511 3259 4537 ην...
3307 4511 3402 4527 -..ι

1825 4540 1927 4596 quo
1960 4528 2069 4583 alio
2111 4534 2274 4588 modo
2330 4537 2398 4591 de
2453 4541 2634 4596 medio
2668 4546 2869 4600 sublati
2909 4569 2922 4604 :
2958 4567 3158 4610 uxores
3208 4573 3402 4614 eorum

1816 4633 1915 4686 per
1946 4619 2118 4691 legem
2152 4639 2264 4680 nan
2321 4630 2688 4697 prohibentur
2752 4639 2875 4696 aliis
2933 4645 3194 4719 conjungi
3246 4651 3402 4707 viris.

1815 4708 1948 4762 Alia:
1974 4724 2181 4780 autem,
2210 4731 2448 4785 quarum
2485 4725 2672 4780 adhuc
2734 4731 2834 4784 viri
2881 4748 3201 4806 supersunt,
3269 4757 3402 4799 suos

1813 4799 1961 4854 viros
1989 4815 2258 4872 quaerant.

126 4858 325 4931 ἑτέροις
383 4863 708 4930 συναφθεῖεν
764 4866 1025 4937 ἀνδράσιν
1056 4886 1069 4898 ⁸
1135 4875 1192 4925 αἱ
1232 4876 1278 4928 δ’
1336 4879 1491 4934 ἄλλαι
1537 4858 1617 4938 ὧν
1661 4887 1711 4939 oi
1750 4887 1943 4960 ἄνδρες
2003 4858 2085 4948 ἔτι
2142 4901 2401 4970 περίεισι,
2453 4907 2579 4972 τοὺς

2630 4912 2864 4979 οἰκείους
2945 4918 3144 4992 ἄνδρας
3217 4926 3400 4995 ζητεί-

1887 5082 1989 5148 Qui
2009 5084 2092 5138 sic
2121 5084 2474 5158 deliquerunt
2498 5099 2840 5164 sacerdotes,
2879 5113 2935 5158 ut
2964 5113 3396 5174 prtesanctiiiea-

1809 5181 1897 5228 tos
1927 5191 2117 5244 panes,
2151 5196 2178 5233 a
2201 5197 2261 5236 se
2294 5186 2487 5251 factos,
2513 5205 2681 5246 canes
2704 5197 2887 5264 templi
2915 5203 3113 5253 ostium
3135 5209 3392 5270 aperien-

1809 5275 1892 5322 tt-s
1927 5270 1994 5323 de
2022 5276 2205 5327 medio
2233 5282 2595 5346 sustulerint,
2631 5285 2698 5339 ad
2732 5296 2949 5357 tempus
2988 5295 3039 5346 in
3073 5302 3391 5364 cognitione

1807 5363 2075 5417 antistitis
2113 5369 2374 5434 positum,
2411 5388 2438 5424 a
2470 5388 2757 5432 sacrorum
2796 5388 3116 5451 operatione
3150 5407 3383 5455 cessent.

1811 5458 1957 5523 quod
1987 5458 2284 5529 diligenter
2313 5483 2418 5520 non
2456 5472 2726 5528 eaveiint.
2758 5477 2864 5528 Alii
2919 5489 3125 5543 autem,
3153 5490 3245 5550 qui
3290 5504 3386 5553 pu-

1804 5563 1901 5602 nes
1945 5549 2000 5604 in
2032 5555 2316 5614 oblatione
2361 5577 2457 5633 per
2505 5581 2692 5624 mures
2741 5572 3082 5642 amiserunt,
3122 5580 3383 5648 inculpati

1420 5692 1656 5751 VARI/13
1692 5699 2104 5766 LECTIONES.

181 5778 526 5839 itaret-cotes
603 5785 627 5824 ι
672 5792 983 5854 promiscue.
1068 5795 1611 5878 ιδιιῑιί.ἀν’τιμίσιον

389 5877 664 5939 Parnm.
694 5881 806 5946 Gn.
858 5885 1080 5952 CXIX.

1705 5826 1744 5855 ω
1769 5820 1932 5891 picto.
