4176 6446
151 402 258 464 813

1420 380 2133 447 GRIECO-ROMANUM.

3315 383 3422 448 8M

154 513 496 584 ἀφικόμενος
535 509 673 579 πρὸς
705 507 798 562 τδν
824 503 1091 575 κοσμικδν
1134 502 1445 573 φωσφόρον,
1484 500 1575 552 τὸν
1606 496 1742 569 κρά-

1846 506 2097 551 sanctum
2149 509 2331 549 meum
2368 494 2775 561 imperatorem,
2814 494 3072 548 mandato
3113 493 3416 550 felicissimi

151 622 343 659 τιστον
374 604 471 658 καὶ
495 600 650 669 ἅγιόν
676 616 777 673 μου
808 594 1210 668 αὐτοκράτορα.
1237 592 1298 657 ἐξ
1315 589 1617 659 ἀποστολῆς
1646 586 1740 639 τοῦ

153 695 668 765 πανευτυχεστάτου
720 690 983 744 δεσπότου
1039 688 1134 740 καὶ
1183 683 1568 739 ποθεινοτάταν
1622 676 1739 732 υἱοῦ

150 787 258 857 τῆς
313 784 479 857 ἡμῶν
517 780 894 854 μετριότητος,
937 777 1034 832 καὶ
1074 774 1299 846 ἀμέσως
1346 772 1523 843 τούτῳ
1576 787 1743 841 προσ-

149 877 451 947 ομιλήσας,
504 874 600 928 καὶ
659 870 797 942 πρὸς
828 870 890 923 τὺ
935 867 1061 922 καθ’
1108 866 1256 937 ἡμᾶς
1290 860 1741 933 ἐκκλησιαστικὸν

151 966 501 1038 ἐπεχωρίασε
550 963 868 1035 στερέωμα·
926 960 1020 1013 καὶ
1076 959 1203 1019 τοὺς
1238 955 1459 1026 φαιδρὸν
1522 952 1609 1004 ἴσα
1646 951 1742 1005 καὶ

153 1061 398 1130 ἀστράσι
429 1057 746 1127 λάμποντας
780 1053 1064 1124 ιεράρχας,
1111 1047 1372 1117 ἀδελφοὺς
1412 1046 1505 1099 καὶ
1534 1044 1742 1096 συλλει-

152 1152 430 1223 τουργοὺς
479 1150 577 1219 τῆς
613 1147 771 1218 ἡμῶν
810 1144 1189 1216 μετριότητος,
1242 1142 1310 1210 τῇ
1363 1137 1525 1209 ἡμῶν
1565 1136 1742 1206 εὑρὼν

154 1242 613 1314 σννεδριάζοντας
666 1237 1005 1310 μετριότητι,
1042 1234 1253 1304 χάρτην
1292 1232 1385 1282 ἐπὶ
1428 1227 1522 1281 τοῦ
1574 1228 1740 1296 μέσου

154 1340 466 1411 προέτεινε,
500 1335 596 1387 καὶ
622 1330 922 1399 ἀπολογίαν
953 1328 1137 1399 ἐζήτει
1168 1323 1477 1393 ἐγκάνονον.
1526 1315 1651 1390 Εἶχε
1683 1321 1740 1372 δέ

157 1428 304 1483 οὕτω
333 1428 402 1480 τὰ
427 1425 523 1478 τοῦ
557 1422 764 1493 προδλή
774 1436 970 1490 ματος·

222 1518 349 1580 Φῶς
403 1515 658 1584 γνώσεως
710 1511 895 1565 δοῦναί
950 1524 1042 1578 μοι
1096 1504 1419 1574 ἐξαιτοῦμαι
1459 1500 1607 1573 παρὰ
1646 1500 1740 1553 τοῦ

156 1609 578 1677 παναγιωτάτου
613 1604 879 1659 δεσπότου
914 1618 1018 1671 μου
1052 1602 1145 1651 καὶ
1175 1596 1387 1668 κυρίου,
1428 1594 1524 1647 τοῦ
1564 1596 1742 1646 οἰκου-

161 1699 388 1770 μενικοῦ
427 1697 738 1766 φωστῆρος,
771 1692 867 1746 καὶ
896 1690 996 1759 τῆς
1023 1688 1146 1741 κατ’
1171 1688 1334 1740 αὐτὸν
1354 1684 1503 1748 θείας
1535 1687 1629 1737 καὶ
1664 1686 1741 1735 ἱε-

159 1792 260 1862 ρᾶς
279 1790 394 1841 τῶν
425 1785 697 1858 ἱεραρχῶν
751 1781 1101 1854 όμηγύρεως,
1130 1781 1314 1849 ἐπἰτῇ
1359 1776 1631 1848 ἀναφορᾷ,
1675 1776 1742 1844 ἣν

156 1881 291 1951 πρὸς
310 1879 374 1931 τὸ
402 1877 603 1947 ὕψωμα
632 1876 835 1929 τούτων
864 1870 1198 1943 ποιήσασθαι
1229 1868 1632 1939 κατετόλμησα,
1663 1866 1743 1937 τῷ

155 1973 287 2044 θείῳ
319 1970 565 2033 πεισθεὶς
584 1970 811 2039 ῥήματι.
853 1964 1230 2034 Ἐπερὼτησον
1262 1962 1414 2033 (γὰρ,
1449 1960 1626 2030 φησὶ),
1649 1961 1741 2012 τὸν

157 2064 375 2134 πατέρα
409 2078 525 2124 σου,
566 2060 662 2114 καὶ⁵
687 2057 979 2128 ἀναγγελεῖ
1003 2075 1086 2111 σοι
1117 2072 1133 2087 ·
1184 2058 1311 2118 τοὺς
1335 2053 1742 2124 πρεσϐυτέρους

158 2173 276 2217 σου,
305 2156 404 2207 καὶ
432 2152 619 2225 ἐροῦσὶ
656 2170 759 2207 σοι.

228 2245 457 2311 Ἔξεστι
476 2245 589 2305 τοῖς
634 2241 1081 2313 μητροπολίταις,
1127 2236 1321 2309 γνώμῃ
1357 2237 1467 2292 τῶν
1501 2236 1592 2289 ὑπ’
1632 2237 1729 2289 αύο

156 2335 284 2396 τοὺς
309 2334 652 2394 ἐπισκόπων,
676 2332 747 2384 δι’
785 2332 965 2385 αἰτίαν
992 2329 1374 2401 εὐπρόσωπον,
1399 2328 1469 2399 ἦν
1493 2328 1520 2380 ό
1550 2326 1742 2396 καιρὸς

156 2426 386 2481 ἀπαιτεῖ
428 2423 526 2477 καὶ
573 2422 643 2476 τὰ
691 2423 1021 2494 πράγματα,
1073 2420 1392 2492 μεταθεῖναι
1440 2419 1743 2472 ἐπίσκοπον

158 2519 267 2573 ἀπὸ
296 2515 609 2585 ἐπισκοπῆς
638 2519 718 2580 εἰς
765 2514 1096 2586 ἐπισκοπὴν,
1137 2514 1244 2568 ὑπὸ
1281 2512 1379 2583 τὴν
1429 2511 1601 2582 αὐτὴν
1639 2527 1743 2579 μη-

157 2608 416 2679 τρόπολιν
441 2604 702 2670 τελούσας
720 2604 887 2675 ἄμφω
908 2605 1008 2666 τὰς
1039 2604 1367 2666 ἐπισκοπᾶς,
1392 2601 1504 2674 ἢοῦ
1530 2619 1545 2667 ;
1588 2602 1741 2655 Ἐπι-

156 2697 467 2767 τετράφθαι
522 2697 631 2765 γὰρ
682 2696 783 2766 τὴν
834 2696 1151 2762 μετάθεσιν,
1206 2693 1303 2748 καὶ
1358 2693 1587 2757 πολλοὺς
1631 2692 1742 2745 τῶν

160 2790 490 2860 ἀρχιερέων,
520 2787 664 2841 κατά
698 2787 994 2859 διαφόρους
1018 2787 1269 2857 καιροὺς,
1302 2785 1403 2839 οὐκ
1456 2787 1535 2847 εἰς
1558 2782 1745 2855 ὁμοτί-

165 2901 320 2953 μους,
356 2883 475 2936 ἀλλ’
505 2882 605 2952 ἤδη
636 2883 730 2936 καὶ
758 2885 839 2946 εἰς
878 2882 1332 2954 ύπερϐεϐηκότας
1378 2881 1603 2952 θρόνους
1640 2898 1742 2951 με-

160 2973 479 3043 τατεθῆναι,
507 2974 557 3025 οἱ
589 2973 695 3028 τῶν
722 2975 885 3045 ἱερῶν
922 2974 1201 3028 πυκτίδων
1229 2973 1484 3041 λέγουσιν
1513 2974 1743 3044 ἐπιστή-

168 3085 347 3137 μονες.
404 3066 545 3121 Ἀλλ’
590 3068 755 3135 ἡμεῖς
783 3068 844 3119 ἐκ
882 3067 983 3136 τῆς
1022 3067 1177 3136 ὑμῶν
1227 3065 1647 3136 μεγαλειότητος
1680 3066 1742 3119 τὸ

162 3162 290 3230 περὶ
320 3158 514 3213 τούτου
536 3158 753 3228 βέϐαιον
774 3159 1039 3228 γνωρίσαι
1064 3158 1319 3227 δεόμεθα.
1350 3158 1545 3221 Ἔλεγε
1563 3157 1735 3211 ταῦτα
1767 3190 1811 3248 c

163 3252 221 3303 τὸ
248 3250 549 3319 πρόϐλημα
571 3265 587 3278 ·
622 3250 718 3303 καὶ
746 3251 773 3301 ό
807 3247 1030 3317 Ἐζεροῦ
1082 3248 1262 3317 ἐζήτει
1300 3248 1386 3300 ἐπ’
1417 3245 1567 3315 αύτῷ
1606 3248 1740 3301 ἀπο-

164 3342 355 3408 λογίαν
382 3340 684 3409 ἔγγραφον.
716 3338 781 3393 Ἥ
799 3339 930 3408 γοῦν
953 3338 1245 3408 μετριότης
1271 3337 1448 3408 ἡμῶν,
1481 3336 1617 3405 μετά
1644 3336 1745 3405 τῆς

166 3434 319 3501 ἱερᾶς
354 3433 526 3503 αὐτῆς
560 3429 919 3499 ἀδελφότητος
950 3430 1017 3483 τὰ
1045 3431 1173 3499 περὶ
1197 3429 1391 3482 τούτου
1425 3428 1743 3497 κοινολογηο

168 3524 405 3594 ωμὲνη,
442 3521 669 3576 τοιαῦτά
702 3538 828 3575 τινα
858 3520 1155 3583 συνοδικῶς
1208 3520 1611 3588 ἀποφαίνεταιε
1646 3518 1743 3583 ὡς,

164 3613 373 3683 εἷπερό
407 3610 511 3680 τῆς
542 3611 764 3665 συνόδου
825 3609 1252 3681 μητροπολίτης,
1300 3609 1605 3662 συναινέσει
1635 3606 1745 3660 τῶν

165 3704 257 3757 ὑπ’
292 3703 458 3757 αὐτὸν
482 3703 817 3768 ἐπισκόπων,
846 3701 1030 3756 δοῦναι
1066 3718 1173 3754 τινι
1204 3701 1445 3771 θελήσει,
1488 3700 1626 3754 κατὰ
1654 3700 1745 3751 τὸν

165 3799 262 3864 τῆς
316 3794 615 3855 ἐπιδόσεως
645 3793 826 3861 λόγον,
881 3794 976 3846 καὶ
1036 3793 1231 3863 ἑτέραν
1275 3791 1603 3862 ἐπισκοπὴν,
1641 3789 1745 3843 ὑπὸ

162 3886 259 3953 τὴν
279 3885 575 3955 ἐπαρχίαν,
588 3883 754 3937 αὐτοῦ
786 3886 881 3936 καὶ
910 3885 1114 3953 ταύτην
1138 3883 1422 3947 τελοῦσαν,
1471 3884 1743 3953 ἁπροκρι-

170 3978 448 4044 ματίστως
469 3975 629 4029 τοῦτο
652 3979 868 4047 ποιήσει
936 3978 1058 4030 ἐπεὶ
1087 3978 1181 4031 καὶ
1211 3978 1342 4047 παρ’
1366 3981 1497 4048 ἡμῖν
1521 3977 1745 4030 τοιαῦτα

163 4068 248 4120 διὰ
282 4068 380 4118 τὸν
414 4067 516 4136 τῆς
537 4067 890 4135 φιλαδελφίας
921 4067 1198 4137 ὁσημέραι
1246 4071 1458 4138 τρόπον
1510 4070 1750 4137 ἐνεργεῖ·

165 4172 284 4210 ται·
325 4158 423 4209 καὶ
460 4158 749 4227 ποιήσεται
781 4160 809 4210 ό
841 4157 1140 4221 ἐπίσκοπος
1188 4160 1283 4212 καὶ
1327 4160 1385 4210 ἐν
1410 4161 1475 4228 τῇ
1518 4158 1743 4228 τοιαύτῃ

166 4249 445 4316 ἐπισκοπῇ
479 4248 573 4299 καὶ
608 4249 755 4319 πάσῃ
790 4251 856 4318 τῇ
891 4248 1095 4319 ταύτης
1127 4249 1311 4321 ἐνορία
1341 4250 1443 4320 τὴν
1482 4250 1745 4317 διεξαγω-

167 4341 268 4409 γὴν
299 4338 415 4389 τῶν
444 4338 777 4407 ἱεραρχικῶν
798 4340 1058 4393 ἁπάντων
1078 4340 1328 4405 δικαίων,
1361 4342 1462 4394 ὅσα
1488 4343 1582 4394 καὶ
1613 4342 1745 4410 γνή-

168 4446 281 4491 σιος
312 4432 607 4499 ἀρχιερεὺς
653 4430 855 4500 αὐτῆς·
890 4431 1070 4500 παρέξ
1115 4432 1207 4484 τιεῖ
1258 4433 1315 4484 ἐν
1353 4433 1431 4503 τῷ
1455 4432 1583 4503 ἱερῷ
1616 4450 1744 4485 συν·

1844 584 2049 639 domini
2076 592 2131 640 et
2167 584 2518 639 dilectissimi
2544 595 2573 635 tt
2607 593 2810 640 nostra:
2846 585 3247 641 mediocritatis
3302 587 3419 650 lilii,

1843 685 1897 732 et
1929 692 2027 747 per
2058 679 2303 748 seipsum
2344 691 2468 731 cum
2501 692 2566 730 eo
2600 679 2932 743 collocutus,
2971 678 3037 731 ad
3069 680 3417 733 ecclesiasti-

1844 783 1968 823 cum
2002 777 2250 823 nostrum
2276 770 2486 838 appulit
2511 769 2937 831 ﬁrmamentum,
2963 779 3019 823 et
3048 785 3153 824 nou
3178 771 3336 825 aliter
3358 786 3423 825 ac

1844 870 2019 925 astra,
2080 864 2229 918 clare
2285 866 2560 931 fulgentes
2592 864 2898 934 pontiﬁces,
2950 864 3147 920 fratres
3174 876 3221 920 et
3264 883 3417 921 com-

1844 956 2131 1011 tninistros
2162 968 2364 1013 nostra:
2392 958 2794 1014 mediocritatis
2824 978 2837 1014 :
2868 958 2953 1013 cui
2987 961 3296 1013 assidentes
3328 975 3421 1014 eos

1845 1049 2158 1114 inveniens,
2196 1051 2445 1105 chartam
2497 1053 2552 1107 in
2600 1052 2841 1107 medium
2893 1053 3144 1118 protulit,
3191 1053 3422 1106 canoni-

1844 1155 1964 1195 cam
1991 1150 2015 1179 π
2047 1141 2426 1200 defensionem
2458 1145 2774 1216 requirens.
2825 1144 3070 1212 Quaestio
3103 1156 3283 1201 autem
3337 1147 3419 1202 sic

1842 1234 2115 1290 habebat:

1913 1498 2115 1555 Lucem
2154 1502 2369 1557 notitia:
2403 1513 2425 1540 θ
2462 1500 2582 1556 dari
2616 1502 2747 1557 mihi
2780 1502 3421 1574 postuluasanctissimo

1844 1592 1982 1647 hero
2040 1608 2160 1647 meo
2223 1603 2272 1647 et
2324 1594 2570 1657 domino,
2625 1595 2969 1649 mcumenico
3026 1594 3307 1659 luutiuari,
3367 1605 3422 1650 et

1845 1698 1873 1735 a
1906 1682 2089 1737 divina
2108 1698 2379 1753 sacraque
2420 1685 2759 1754 pontiﬁcum,
2788 1701 2907 1753 qme
2927 1684 3031 1738 sub
3058 1700 3123 1738 eo
3166 1684 3245 1748 fit,
3288 1700 3419 1739 con-

1844 1777 2161 1847 gregatione
2192 1794 2204 1829 :
2237 1779 2304 1831 ad
2331 1777 2673 1836 relationem,
2693 1792 2855 1847 quam
2879 1778 3062 1833 divino
3087 1780 3368 1834 conlidens
3398 1784 3414 1815 ι

1776 1848 1814 1902 Β
1846 1868 2033 1933 verbo,
2066 1883 2258 1923 eorum
2294 1869 2613 1923 celsitudini
2651 1869 2833 1923 facere
2864 1884 3031 1923 ausus
3073 1886 3217 1924 sum.
3246 1870 3420 1925 Inter-

1842 1974 1971 2030 roga
2008 1958 2258 2029 (inquit)
2292 1970 2499 2028 patrem
2530 1970 2707 2026 tuum,
2742 1969 2796 2015 ct
2825 1963 3163 2018 renuntiabit
3213 1965 3334 2033 tibi,
3366 1975 3419 2019 ct

1841 2052 2089 2107 seniores
2119 2064 2264 2119 tuos,
2298 2059 2353 2107 et
2385 2053 2571 2108 dicent
2599 2054 2719 2107 tibi.

1913 2229 2141 2287 Licetne
2200 2233 2661 2303 metropolitanis,
2693 2235 3098 2306 episcoporum,
3140 2254 3278 2309 quos
3320 2240 3423 2295 sub

1842 2337 1901 2379 se
1930 2323 2154 2387 habent,
2178 2326 2475 2389 sententia,
2496 2324 2697 2394 justam
2722 2326 2793 2380 ob
2816 2341 3062 2391 causam,
3100 2344 3261 2398 quam
3288 2338 3421 2384 tem-

1843 2430 1948 2485 pus
1977 2422 2031 2469 et
2067 2429 2156 2470 res
2197 2415 2498 2484 postulant,
2535 2416 2604 2471 ab
2651 2418 2907 2485 episcope
2941 2421 2992 2469 in
3042 2421 3374 2488 episcOpenu
3400 2458 3416 2485 ,

1844 2522 1966 2563 cum
2010 2508 2185 2562 ambae
2240 2509 2351 2563 sint
2413 2509 2517 2563 sub
2571 2508 2692 2579 ejus
2747 2511 3057 2579 metropoli,
3102 2512 3418 2582 episcopum

1846 2600 2170 2668 transferre,
2198 2617 2371 2657 necne
2392 2603 2416 2657 ?
2437 2602 2766 2658 Concessam
2810 2605 2955 2658 enim
2982 2605 3155 2661 fuisse
3181 2610 3419 2663 transla-

1847 2694 2075 2757 tionem,
2111 2700 2164 2748 et
2193 2693 2400 2748 multos
2429 2694 2727 2755 antistites.
2758 2695 2927 2748 variis
2952 2698 3291 2765 temporibus
3311 2713 3418 2753 non

1845 2784 2086 2855 impares
2116 2787 2455 2849 conditione,
2489 2787 2653 2841 sedet
2682 2787 3033 2843 sublimiores
3058 2790 3216 2845 sedes
3235 2800 3420 2847 trans-

1846 2878 1988 2934 latos
2014 2878 2185 2935 fuisse
2208 2881 2399 2935 dicunt
2430 2896 2712 2934 sacrarum
2746 2880 3057 2935 tabularqu
3088 2884 3269 2951 periti.
3308 2881 3417 2938 Sed

1848 2985 1949 3023 nos
1992 2970 2155 3038 hujus
2195 2972 2274 3025 rei
2312 2973 2697 3026 certitudinem
2751 2986 2779 3024 a
2812 2981 2994 3026 vestra
3056 2976 3422 3043 amplitudine

1847 3063 1988 3117 scire
2039 3076 2286 3117 avemus.
2356 3062 2480 3117 Hatc
2514 3063 2820 3132 quaestione
2866 3064 3291 3119 continebantur
3324 3082 3336 3119 :
3371 3077 3423 3120 et

1849 3152 2137 3209 Ezerensis
2171 3156 2431 3224 scriptam
2457 3155 2525 3208 de
2554 3168 2620 3208 eo
2643 3156 3050 3224 responsionem
3090 3157 3418 3225 postulabat.

1848 3243 2049 3300 Nostra
2113 3246 2283 3316 igitur
2336 3247 2714 3314 mediocritas,
2751 3263 2873 3302 cum
2909 3263 3067 3303 sacra
3104 3249 3276 3317 ipsius
3310 3248 3421 3303 fra—

1848 3337 2298 3392 ternitate'haec
2358 3339 2639 3391 communi
2695 3338 2930 3393 consilio
2965 3348 3231 3402 tractans,
3289 3340 3418 3394 talia

1855 3428 2103 3498 quaedam
2148 3428 2410 3497 synodice
2440 3428 2836 3498 pronuntiavit.
2880 3429 2938 3483 Si
2967 3431 3185 3499 quidem
3228 3431 3420 3501 synodi

1848 3519 2335 3587 metropolitanus,
2404 3534 2630 3574 suorum
2685 3520 3064 3590 episcoporum
3122 3535 3419 3586 consensu,

1850 3611 1982 3664 dare
2022 3611 2261 3679 cuipiam
2292 3612 2545 3676 voluerit,
2601 3611 2922 3666 incrementi
2977 3613 3206 3679 ratione,
3262 3614 3420 3668 aliam

1849 3702 2167 3770 cpiscopen,
2214 3701 2270 3755 in
2317 3716 2412 3757 sua
2446 3702 2728 3771 provincia
2757 3703 2917 3757 sitam
2953 3720 2967 3755 :
3002 3704 3121 3758 sine
3170 3706 3394 3774 prmjudi

1848 3792 1937 3845 cio
1974 3799 2002 3828 ι
2035 3794 2085 3846 id
2120 3793 2303 3847 faciet.
2342 3793 2476 3846 Nam
2507 3804 2561 3847 et
2598 3808 2626 3846 a
2656 3794 2814 3849 nobis
2843 3802 2870 3841 1
2900 3796 3025 3849 talia
3061 3811 3157 3865 per
3202 3802 3420 3852 modum

1851 3883 2106 3939 fraterna:
2137 3885 2449 3941 dilectionis
2475 3888 2718 3955 quotidie
2738 3888 2892 3942 fiunt.
2925 3886 2989 3941 Et
3020 3888 3185 3943 faciet
3209 3891 3424 3958 episco-

1851 3994 1953 4047 pus
1979 3979 2143 4032 etiam
2181 3978 2324 4032 inea
2356 3979 2614 4047 episeope
2641 3986 2867 4047 totaque
2901 3979 3021 4047 ejus
3062 3979 3286 4034 tlimcesi
3326 3979 3428 4033 ad-

1853 4067 2310 4122 ministrationem
2331 4068 2577 4121 omnium
2599 4068 2993 4136 pontilit-alium
3022 4068 3253 4137 jurium,
3276 4085 3427 4138 qna:-

1851 4175 2069 4227 cunque
2095 4168 2151 4213 et
2197 4160 2467 4228 genuinus
2510 4159 2741 4213 antistes
2771 4159 2890 4228 ejus
2927 4176 2941 4213 :
2983 4170 3214 4229 excepto
3236 4175 3323 4224 eo,
3359 4177 3426 4215 ne

1854 4251 1906 4304 in
1930 4263 2090 4305 sacro
2129 4250 2438 4303 conthrono
2469 4251 2792 4305 collocetur.
2818 4250 2974 4317 Quod
3007 4253 3054 4307 si
3081 4267 3275 4307 rursus
3298 4268 3423 4309 cum

1850 4358 1951 4399 sua
1992 4343 2204 4414 synodo
2239 4345 2699 4413 metropolitanus
2720 4346 2789 4400 ob
2808 4361 3031 4400 causam
3071 4348 3425 4415 laudabilem,

1856 4446 1909 4490 et
1938 4436 2274 4504 probabilem
2307 4445 2627 4505 praetextum
2666 4438 2897 4507 (utilitas
2942 4447 3124 4495 autem
3159 4441 3271 4494 haec
3302 4442 3426 4495 ani-

167 4521 341 4591 θρόνῳ
370 4520 849 4590 ἐγκαθιδρύεσθαι.
887 4522 947 4576 Εἰ
978 4522 1024 4574 δ’
1059 4517 1124 4576 αὖ
1151 4539 1213 4589 γε
1242 4524 1381 4592 μετὰ
1411 4524 1509 4593 τῆς
1536 4524 1743 4586 οἰκείας

1851 4542 2059 4580 marum
2105 4536 2158 4580 et
2187 4527 2548 4581 ecclesiastici
2598 4534 2775 4582 status
2828 4529 3254 4600 administratio)
3277 4545 3430 4585 com-

168 4611 446 4664 συνόδουό
499 4612 923 4680 μητροπολίτης,
982 4612 1050 4665 δι’
1096 4613 1277 4665 αἰτίαν
1320 4614 1739 4683 ἐπαινουμένην,

169 4703 263 4755 καὶ
285 4701 592 4768 ἀπολογίαν
611 4704 975 4772 εὐπρόσωπον
1003 4704 1267 4772 (ὠφέλεια
1284 4704 1329 4757 δ’
1356 4704 1497 4772 αὕτη
1529 4704 1741 4774 ψυχῶν,

172 4797 263 4847 καὶ
300 4794 639 4864 κυϐέρνησις
673 4795 1142 4865 ἐκύησιαστικῆς
1190 4796 1604 4869 καταπόσεως)
1654 4799 1745 4851 εὐ-

172 4883 396 4950 δοκήσει
422 4883 725 4936 ἀποθέσθαι
767 4886 866 4953 μὲν
896 4884 989 4939 τὸν
1031 4885 1224 4956 θρόνον
1255 4891 1351 4941 καὶ
1383 4888 1445 4941 τὸ
1488 4888 1588 4955 τῆς
1622 4890 1745 4941 ἐπι-

174 4977 384 5044 σκοπῆς
398 4975 571 5043 δνομά
589 4992 711 5029 τινα
739 4975 850 5029 τῶν
878 4976 968 5029 ὑπ’
998 4978 1162 5031 αὑτὸν
1188 4979 1503 5032 ἐπισκόπων
1523 4996 1536 5010 ·
1576 4996 1743 5049 μετα-

171 5064 349 5118 θεῖναι
393 5066 453 5118 et
489 5067 677 5119 τοῦτον
730 5068 789 5119 ἐν
828 5067 991 5138 ἑτέρα
1037 5070 1310 5141 ἐπισκοπῇ
1355 5071 1449 5124 ὑπ’
1486 5072 1650 5125 αὐτὸν
1679 5070 1743 5139 δὴ

170 5158 261 5209 τὸν
288 5157 701 5228 μητροπολιτην
738 5156 972 5230 τελούσῃ
994 5175 1006 5190 ·
1034 5156 1437 5225 ἀνενδοιάστως
1466 5162 1623 5215 τοῦτο
1651 5164 1745 5216 καὶ

169 5250 468 5313 ἀκωλύτως
495 5248 873 5321 διαπράξεται,
894 5248 969 5312 ὡς
991 5252 1089 5319 τῆς
1111 5251 1219 5304 τῶν
1243 5252 1545 5323 ἀνθρώπων
1571 5270 1745 5323 σωτη-

175 5341 293 5411 ρίας
344 5342 440 5394 καὶ
469 5341 570 5411 τῆς
626 5341 1096 5412 ἐκκλησιαστικῆς
1153 5342 1450 5413 εὐκοσμίας
1503 5344 1744 5415 ποθητῆς

1854 4620 2193 4688 probaverit,
2222 4626 2280 4672 ut
2302 4618 2429 4688 quis
2463 4619 2847 4689 episcoporum
2881 4620 2984 4676 sub
3011 4637 3069 4677 se
3116 4624 3424 4693 positorum

1852 4710 2089 4779 deponat
2110 4710 2329 4778 quidem
2357 4710 2543 4765 sedem
2562 4719 2617 4765 et
2636 4713 2880 4782 episcopi
2911 4729 3133 4779 nomen,
3165 4716 3231 4769 ad
3262 4718 3425 4772 aliam

1852 4812 2036 4855 autem
2067 4803 2171 4855 sub
2195 4802 2315 4871 ipso
2344 4803 2764 4872 metropolitano
2795 4805 3150 4860 exsistentem
3186 4810 3425 4863 transfe-

1857 4900 2016 4946 ratur
2044 4895 2384 4962 episcopen:
2436 4894 2489 4948 id
2546 4895 2667 4950 sine
2720 4897 2891 4952 dubio
2934 4906 2989 4953 et
3036 4899 3429 4969 impedimento

1855 4982 2042 5045 faciet,
2071 4983 2225 5052 quod
2258 4984 2541 5039 hominum
2594 4986 2825 5040 salutem
2880 4999 2934 5043 et
2986 4991 3427 5046 ecclesiasticum

1856 5075 2026 5131 decus
2051 5084 2241 5130 nostra
2273 5076 2647 5141 mediocritas,
2685 5094 2953 5149 sacraque
2999 5080 3177 5150 ipsius
3227 5081 3427 5137 frater-

1856 5166 2023 5230 nitas,
2058 5181 2184 5221 cum
2216 5166 2508 5224 affectione
2538 5171 2802 5237 requirat.
2847 5172 3213 5238 Quamobrem
3241 5182 3291 5229 et
3328 5176 3426 5227 ad-

1852 5256 2114 5311 mittenda
2150 5259 2462 5313 censebitur
2491 5260 2798 5325 translatio,
2846 5262 2916 5316 ob
2966 5263 3279 5331 pmdictam
3296 5279 3428 5320 cau-

1852 5359 2011 5411 sam;
2074 5354 2130 5401 et
2221 5356 2338 5400 rata
2406 5345 2673 5419 ﬁrmaque
2726 5350 2986 5417 manebit,
3034 5358 3092 5406 ut
3145 5354 3232 5406 cui
3293 5353 3429 5408 nihil

1453 5543 1691 5601 ΥΑΒΙᾹΞ
1733 5544 2025 5629 ιειῑτιοΝ
2037 5546 2118 5602 ES

244 5741 275 5782 ει
310 5730 773 5787 desideratissimi.

857 5741 879 5770 ι’
913 5731 1238 5796 Responsum
1267 5729 1559 5786 eanonibus
1589 5742 2017 5786 consentaneum.

171 5810 295 5867 patri
327 5801 395 5855 ad
419 5811 796 5871 episcopatum.
872 5809 902 5841 ν
934 5819 1050 5855 cum
1075 5817 1227 5855 sacro
1253 5818 1348 5855 suo
1386 5802 1615 5871 fratrum
1642 5812 1796 5858 coetu.

2098 5739 2121 5767 ⁸
2150 5731 2479 5810 Intellectus.
2565 5737 2581 5810 ξ
2614 5738 2990 5810 obtemperant.
3064 5746 3094 5778 ι
3124 5740 3193 5793 ab
3227 5741 3424 5810 episeo-

1907 5811 1930 5838 ι
1970 5805 2083 5857 sine
2110 5805 2418 5873 cujusquam
2444 5806 2778 5874 prtzjndicio.
2854 5818 2951 5865 ret
2987 5813 3126 5879 apud
3159 5805 3276 5867 nos.
