4176 6446
755 376 861 442 823

2061 391 2200 452 JUS
2233 391 2683 456 CANONICUM

3918 408 4031 472 8Ξὲ

751 495 920 592 lci-ins
967 498 1279 567 Tarsensis,
1340 500 1546 561 Lucius
1572 502 2041 576 Hierapolitanus,
2077 505 2326 576 Elpidius

2435 509 2735 579 ’Ἄμμωνος
2802 514 3337 585 ’Δδριανουπόλεως,
3407 521 3674 591 Φαλερίου
3751 522 4020 592 Θαρσοῦ.

749 587 1122 652 Laodicensis,
1164 590 1370 651 Paulus
1409 594 1666 663 Xeensis,
1701 596 1998 653 Dioscorus
2035 597 2331 668 llermopo-

749 680 977 743 litanns,
1029 681 1320 741 Probatins
1374 687 1777 756 Beronicensis,
1835 688 2159 746 Theodorus
2218 690 2329 744 Mo-

749 786 1099 843 psuestenus,
1126 778 1289 834 Bizus
1311 779 1703 847 Seleuciensis,
1728 783 2045 854 Epagatbus
2097 784 2326 838 Marcia-

749 870 1128 939 nopolitanus,
1185 871 1482 928 Gerontius
1535 873 2074 944 Claudiopolitanus,
2126 876 2330 946 aliique

749 964 953 1019 diversi
995 964 1259 1033 episcopi,
1287 973 1340 1020 et
1385 966 1735 1022 sacerdotum
1765 974 1943 1021 cretus
1985 968 2277 1023 universus
2313 988 2324 1022 :

749 1061 1018 1128 ingressis
1054 1059 1300 1114 Gabadio
1346 1069 1400 1114 et
1447 1061 1678 1130 Agapio,
1708 1058 1997 1117 Nectarins
2034 1063 2328 1132 episcopus

749 1154 1404 1224 Constantinopolitanus
1431 1153 1572 1209 dixit
1605 1172 1619 1209 :

815 1339 957 1394 Cum
1007 1340 1120 1394 haec
1165 1355 1323 1394 sacra
1367 1339 1612 1409 synodus
1651 1355 1747 1410 per
1809 1339 1902 1397 Dei
1936 1340 2172 1412 gratiam
2201 1356 2326 1394 rur-

750 1449 846 1487 sus
895 1433 949 1486 in
996 1433 1097 1487 hoc
1137 1440 1331 1487 sancto
1382 1433 1503 1488 loco
1529 1433 1756 1489 collecta
1797 1435 1889 1496 sit,
1949 1433 2197 1502 plaeetne
2251 1433 2330 1488 ei-

748 1528 871 1580 dem
905 1536 1219 1580 sanctorum
1255 1525 1485 1581 fratrum
1516 1537 1569 1581 et
1602 1526 2110 1581 cemministrornm
2141 1526 2328 1581 conci-

749 1617 844 1680 lio,
865 1617 1310 1687 quandoquidem
1334 1627 1544 1672 stantes
1573 1618 1662 1672 hic
1703 1618 1860 1672 video
1884 1617 2082 1674 fratres
2110 1629 2328 1673 nostros

748 1711 1050 1766 Gubadium
1101 1719 1155 1765 et
1200 1711 1465 1781 Agapium
1519 1711 1612 1780 qui
1669 1711 1734 1767 de
1776 1710 2169 1766 Bostrenorum
2213 1711 2330 1782 epi-

747 1813 946 1870 cnpatu
981 1803 1123 1857 inter
1152 1819 1210 1858 se
1236 1801 1527 1866 dissident,
1560 1811 1619 1856 ut
1655 1801 1721 1858 de
1761 1801 1980 1872 juribus
2019 1801 2135 1858 suis
2168 1817 2328 1874 agere

747 1892 1054 1963 incipiant?

816 1990 897 2043 Ac
946 1997 1230 2058 postquam
1277 1995 1398 2042 acta
1453 1985 1698 2058 quaedam
1753 1985 1820 2041 ab
1876 1985 1957 2041 eis
1995 1995 2201 2054 essent,
2261 1987 2330 2042 ad

745 2082 991 2136 camdem
1025 2094 1247 2134 causam
1286 2079 1641 2150 pertinentia,
1705 2088 1765 2134 et.
1804 2079 2083 2134 insinuata
2116 2080 2336 2148 deposi-

749 2179 827 2233 tio
863 2177 998 2232 dicti
1045 2175 1301 2238 Gabadii,
1332 2173 1475 2229 facta
1517 2190 1616 2245 per
1647 2174 1784 2228 duos
1815 2174 2085 2228 duntaxat
2118 2175 2332 2244 episco-

749 2283 869 2338 pos,
907 2282 1144 2336 eosque,
1190 2266 1300 2332 jam
1355 2265 1464 2319 vita
1522 2265 1769 2327 functos,
1819 2264 2065 2333 ejusdem
2112 2263 2332 2319 concilii

746 2371 993 2430 tempore
1024 2376 1038 2414 :
1067 2357 1377 2412 Arabianus
1417 2356 1709 2428 episcopus
1729 2357 2056 2428 Ancyranus
2082 2355 2255 2410 dixit:

816 2541 939 2599 Non
984 2541 1052 2597 de
1094 2542 1357 2612 praesenti
1405 2540 1678 2594 duntaxat
1730 2539 1858 2604 lite,
1911 2538 2008 2595 sed
2055 2539 2219 2593 etiam
2263 2535 2331 2591 de

747 2638 898 2691 omni
943 2635 1267 2706 posteritate
1300 2633 1590 2697 sollicitus,
1630 2631 1708 2685 uti
1739 2631 1806 2686 de
1838 2633 1940 2686 boc
1970 2640 2161 2686 sancta
2200 2646 2328 2701 syn-

746 2731 888 2784 odus
927 2729 1224 2790 decernat,
1261 2733 1406 2796 peto.
1449 2724 1709 2780 Liceatne
1765 2724 1882 2779 fieri
1923 2724 2326 2793 depositionem

748 2838 777 2875 a
819 2821 1036 2875 duobus
1077 2820 1370 2890 episcopis,
1403 2818 1606 2872 necne?
1632 2831 1761 2872 num
1817 2816 2080 2872 adversus
2126 2817 2327 2870 absen-

747 2921 857 2966 tem
910 2911 965 2966 id
1017 2911 1130 2965 fieri
1181 2909 1363 2975 liceat,
1402 2908 1618 2962 necne?
1675 2906 1894 2962 Nullum
1941 2907 2043 2960 hoc
2078 2908 2334 2977 prmjudi-

745 3006 892 3059 cium
961 3002 1028 3057 ad
1090 3015 1311 3057 causam
1372 3008 1695 3070 praesentem
1774 2999 2038 3054 attulerit.
2125 2998 2332 3054 Vereor

748 3105 970 3160 autem,
1028 3111 1096 3150 ne
1149 3095 1236 3150 his
1288 3109 1355 3148 ex
1405 3093 1778 3148 monumentis
1835 3092 2006 3161 aliqui
2061 3101 2330 3161 potestate

749 3197 1034 3260 usurpata,
1069 3188 1344 3260 ejusmodi
1408 3197 1641 3244 tentent.
1681 3187 1832 3259 Rogo
1869 3203 1975 3244 vos
2001 3197 2058 3242 ut
2099 3203 2327 3258 respon-

745 3281 940 3340 deatis.

815 3372 1409 3443 Nectariusepiscopus
1439 3372 1947 3442 Constantinopolis
1980 3372 2152 3426 dixit:
2184 3371 2294 3424 Lau

748 3465 996 3522 dabiliter
1046 3463 1257 3518 monuit
1306 3463 1799 3519 reverendissimus
1852 3464 2144 3534 episcopus
2190 3465 2326 3516 Ara—

755 3559 980 3612 bianus.
1065 3555 1174 3612 Sed
1240 3571 1365 3611 cum
1439 3557 1507 3612 lis
1569 3572 1666 3627 per
1730 3556 2134 3612 confessionem
2210 3557 2323 3610 tolli

747 3656 1018 3720 nequeat,
1070 3648 1406 3720 praeteritum
1470 3665 1580 3705 non
1634 3651 2097 3714 condemnantes,
2141 3647 2325 3704 futuro

745 3758 1062 3799 caveamus.

815 3835 1130 3890 Arabianus
1197 3837 1488 3906 episcopus
1545 3837 1869 3908 Ancyranns
1935 3838 2068 3892 dixit
2115 3857 2127 3891 :
2171 3837 2326 3903 Quod

747 3928 1044 3998 preteriit,
1107 3937 1423 3984 sanctorum
1481 3929 1679 3985 Nicaeae
1729 3941 2049 3986 coactorum
2103 3930 2325 3985 Patrum

747 4021 990 4092 synodus
1033 4021 1384 4086 condemnat,
1429 4038 1550 4094 qua:
1587 4027 1850 4096 praeripit,
1922 4041 1990 4080 ne
2039 4027 2327 4095 pauciores

746 4119 857 4171 sint
905 4116 1120 4180 tribus,
1165 4118 1254 4185 qui
1300 4117 1558 4171 ordinant
1603 4133 1701 4172 nec
1751 4118 1803 4172 id
1854 4117 2062 4172 faciant
2102 4121 2327 4176 absente

749 4209 1193 4280 metropolitano.
1223 4209 1333 4282 Ego
1368 4225 1498 4264 vero
1536 4210 1604 4266 de
1641 4210 1827 4266 futuro
1859 4211 2151 4274 sollicitus,
2184 4213 2327 4268 banc

749 4301 1229 4371 interrogationem
1294 4302 1577 4373 proposui.
1642 4302 1986 4371 Quapropter
2044 4319 2212 4374 rogo,
2270 4311 2329 4358 ut

747 4393 1039 4463 perspicue
1085 4403 1410 4457 statuamus,
1443 4410 1552 4448 non
1583 4409 1849 4464 suspense
1889 4409 1990 4449 nec
2037 4395 2323 4466 ambigue,

746 4484 893 4554 quod
943 4501 1054 4540 non
1104 4485 1266 4541 liceat
1312 4501 1342 4540 a
1391 4486 1609 4542 duobus
1655 4487 1969 4542 hominibus
2005 4487 2323 4557 episcopum

2437 601 2672 655 Λουκίου
2707 605 3080 674 Ἱεραπόλεως,
3122 613 3394 666 Ἐλπιδίου
3425 615 3772 679 Λαοδικείας,
3801 615 4024 668 Παύλου

2436 694 2602 762 Ξέως,
2640 700 2932 766 Διοσκόρου
2975 702 3423 774 Ἐρμουπόλεως,
3459 707 3765 777 Προόατίου
3803 709 4025 779 Βερονί-

2438 809 2563 861 κης,
2633 793 2908 865 Θεοδώρου
2977 798 3359 867 Μοψουεστίας
3394 842 3408 865 ,
3463 802 3622 865 Βίζου
3676 803 4026 868 Σελευκείας,

2448 885 2758 953 Ἐπαγάοου
2789 890 3351 960 Μαρκιανουπόλεως,
3398 895 3687 964 Γεροντίου
3744 895 4027 948 Κλαυδία-

2438 981 2765 1046 νουπόλεως,
2819 985 2913 1037 καὶ
2965 986 3174 1057 ἐτέρων
3223 987 3498 1057 διαφόρων
3544 990 3883 1045 ἐπισκόπων.
3926 993 4023 1042 καὶ

2437 1075 2642 1139 παντὸς
2664 1076 2758 1129 τοῦ
2787 1078 3058 1149 ίερατείου
3082 1097 3095 1109 ·
3125 1081 3220 1133 καὶ
3243 1080 3594 1134 εἰσελθόντων
3623 1083 3896 1136 Γαεαδὶου
3927 1086 4023 1135 καὶ

2449 1166 2739 1235 Ἀγαπίου,
2786 1171 3096 1243 Νεκτάριος
3143 1173 3448 1234 ἐπίσκοπος
3495 1174 4022 1228 Κωνσταντινουπόο

2436 1258 2574 1322 λεως
2605 1256 2748 1312 εἷπε·

2506 1351 2618 1420 Τῆς
2644 1351 2804 1417 ἁγίας
2835 1354 3039 1425 ταύτης
3075 1356 3294 1409 συνόδου
3330 1356 3472 1410 κατά
3501 1355 3637 1409 Θεοῦ
3669 1357 3832 1427 χάριν
3857 1359 4024 1412 πᾶλιν

2436 1440 2494 1492 ἐν
2532 1441 2608 1511 τῷ
2637 1443 2776 1513 ἁγίῳ
2800 1444 2950 1515 τόπῳ
2979 1449 3156 1517 τούτῳ
3194 1449 3644 1520 συνειλεγμένης,
3714 1451 3762 1502 εξ
3794 1451 4026 1520 δοκιμά-

2437 1531 2518 1596 ζει
2561 1534 2594 1603 ἡ
2640 1535 2778 1606 αὐτὴ
2821 1535 2929 1591 τῶν
2957 1539 3128 1607 ἁγίων
3161 1541 3408 1609 ἀδελφῶν
3454 1541 3543 1594 καὶ
3584 1541 4023 1612 συλλειτουργῶν

2437 1623 2675 1688 σύνοδος,
2724 1627 2912 1697 ἐπειδὴ
2965 1630 3059 1682 καὶ
3095 1631 3338 1694 ἑστῶτας
3386 1631 3496 1702 ὁρῶ
3532 1633 3659 1693 τοὺς
3690 1632 4026 1703 διαφερομέ-

2435 1733 2561 1779 νους
2597 1718 2731 1788 πρὸς
2767 1719 2996 1783 ἑαυτοὺς
3039 1722 3169 1790 περὶ
3202 1722 3301 1789 τῆς
3350 1723 3673 1792 Βοστρηνῶν
3710 1725 4024 1792 ἐπισκοπῆς

2435 1811 2562 1875 τοὺς
2616 1812 2883 1882 ἀδελφοὺς
2926 1815 3084 1883 ἡμῶν
3126 1815 3390 1869 Γαόοὶδιον
3447 1817 3540 1869 καὶ
3585 1817 3871 1884 Ἀγάπιον,
3911 1817 4025 1869 τῶν

2434 1902 2570 1973 πρὸς
2605 1904 2871 1974 ἀλλήλους
2904 1907 3237 1976 ἐνάρξασθαι
3266 1908 3532 1974 δικαίων;

2503 1997 2615 2050 Καὶ
2649 1999 2788 2068 μετά
2820 2000 2880 2052 τὸ
2924 2000 3239 2070 πραχθῆναί
3289 2018 3414 2054 τινα
3449 2001 3579 2072 παρ’
3611 2002 3814 2064 αὐτῶν,
3856 2003 4024 2074 χάριν

2431 2091 2534 2160 τῆς
2569 2092 2740 2163 αὐτῆς
2767 2093 3100 2159 ὑποθέσεως,
3137 2097 3226 2148 καὶ
3262 2095 3665 2164 ἐμφανισθῆναι
3699 2096 4025 2166 καθαίρεσιν

2433 2185 2528 2238 τοῦ
2577 2185 2836 2258 ῥηθέντος
2881 2186 3171 2248 Γαόαδίου,
3200 2187 3505 2256 γενομένην
3535 2188 3636 2240 ὑπὸ
3662 2188 3754 2241 δύο
3788 2190 3887 2240 καὶ⁵
3928 2188 4029 2257 μό-

2433 2293 2542 2330 νων
2570 2277 2910 2342 ὲπισκόπων,
2942 2277 3049 2329 τῶν
3097 2276 3192 2329 καὶ
3215 2276 3686 2345 τετελευτηκότων
3717 2277 3843 2347 ἤδη,
3879 2276 4026 2328 κατὰ

2433 2368 2523 2422 τὸν
2548 2369 2742 2440 καιρὸν
2765 2370 2862 2440 τῆς
2896 2370 3068 2439 αὐτῆς
3092 2369 3334 2426 συνόδου.
3355 2369 3675 2441 Ἀραόιανὸς
3714 2369 4027 2431 ἐπίσκοπος

2445 2461 2719 2532 Ἀγκύρας
2753 2458 2910 2514 εἶπεν
2936 2479 2948 2492 ο

2502 2551 2578 2604 οὐ
2607 2553 2702 2620 τῆς
2744 2552 3032 2622 παρούσης
3081 2553 3245 2607 ἕνεκα
3298 2553 3477 2621 δίκης,
3511 2553 3647 2606 ἀλλὰ
3679 2552 3775 2605 τοῦ
3818 2551 4027 2618 ἐφεξῆς

2437 2641 2552 2714 βίου
2585 2644 2788 2705 παντὸς
2817 2643 3091 2709 δεδοικὼς,
3117 2645 3275 2698 τοῦτο
3305 2646 3443 2709 ἀξιῶ
3481 2646 3578 2713 τὴν
3605 2643 3770 2708 ἁγίαν
3801 2643 4028 2696 σύνοδον

2434 2731 2757 2801 διαλαλῆσαι
2781 2749 2794 2762 ο
2823 2733 3042 2797 Ἔξεστι
3071 2733 3326 2800 γενέσθαι
3362 2734 3689 2804 καθαίρεσιν
3733 2735 3886 2803 παρά
3933 2736 4028 2788 δύο

2432 2824 2774 2888 ἐπισκόπων,
2808 2825 2840 2895 ἦ
2878 2824 2974 2888 οὓς
3010 2827 3103 2878 καὶ
3142 2826 3283 2879 κατά
3324 2827 3557 2889 ἀπόντος
3585 2827 3816 2892 ἔξεστιν,
3850 2829 3880 2897 ἦ
3922 2828 4027 2892 05;

2434 2915 2603 2970 Οὐδὲν
2637 2917 2922 2986 πρόκριμα
2964 2917 3100 2986 πρὸς
3133 2918 3233 2986 τὴν
3282 2917 3570 2987 παροῦσαν
3600 2918 3882 2970 ὑπόθεσιν.
3929 2920 4032 2971 Δέ-

2433 3006 2589 3061 δοικα
2614 3007 2692 3072 δὲ,
2726 3007 2802 3079 μὴ
2828 3009 2890 3060 ὲκ
2918 3008 3026 3060 τῶν
3069 3011 3486 3078 ὑπομνημάτων
3507 3011 3715 3065 τούτων
3747 3015 3895 3076 τινὲς
3933 3015 4031 3066 λα-

2433 3100 2654 3169 ϐόμενοι
2690 3100 2964 3168 ἐξουσίας,
3006 3101 3232 3156 τοιαῦτα
3261 3102 3629 3172 τολμήσωσιν.
3668 3103 3831 3169 ’Δξιῶ
3876 3105 4028 3178 ὑμᾶς

2433 3193 2855 3266 ἀποκρίνασθαι.

2508 3380 2818 3450 Νεκτάριος
2847 3379 3150 3444 ἐπίσκοπος
3175 3381 3814 3445 Κωνσταντινουπόλεως
3843 3378 4024 3436 εἶπεν.

2448 3473 2782 3535 Ἐπαινετῶς
2824 3475 3160 3544 εἰσηγήσατο
3216 3475 3243 3526 ὁ
3287 3473 3684 3535 εὑλαΰέστατος
3723 3476 4031 3536 ἐπίσκοπος

2449 3565 2788 3636 ’Δραόιανός.
2816 3565 2890 3617 Οὐ
2913 3565 3019 3635 μὴν
3041 3566 3344 3635 δυναμένης
3372 3566 3527 3634 δίκης
3551 3565 4026 3634 ἐξωμολογῆσθαι,

2435 3659 2495 3710 τὸ
2537 3657 2807 3726 παρελθὸν
2853 3656 2928 3728 μὴ
2954 3658 3403 3728 κατακρίνοντες,
3442 3661 3502 3711 τὸ
3532 3659 3658 3727 ἑξῆς
3703 3657 4027 3726 ἀσφαλισώ-

2441 3748 2599 3818 μεθα.

2520 3841 2842 3912 Ἀραὸιανὸς
2893 3840 3191 3901 ἐπίσκοπος
3235 3839 3508 3912 Ἀγκύρας
3547 3835 3694 3893 εἶπε·
3749 3842 3824 3893 T‘o

2438 3933 2592 3986 ελθὸν
2620 3936 2649 4000 ή
2680 3933 2789 3986 τῶν
2827 3934 3113 4002 μακαρίων
3139 3932 3400 4002 Πατέρων
3430 3932 3537 3984 τῶν
3567 3934 3624 3983 ἐν
3651 3933 3864 4003 Νικαξα
3899 3935 4022 3986 35v-

2436 4020 2553 4088 οδος
2597 4025 2938 4095 κατακρίνει,
3005 4027 3033 4094 ἠ
3094 4023 3395 4076 κελεύουσα
3443 4024 3516 4092 μὴ
3572 4025 3832 4086 ἐλάττους
3878 4022 4022 4078 εἶναι

2435 4119 2602 4190 τριῶν
2637 4121 2767 4180 τοὺς
2815 4117 3282 4187 χειροτονοῦντας,
3334 4117 3473 4185 μηδὲ
3524 4117 3761 4179 ἀπόντος
3821 4136 4028 4189 μητρο-

2438 4211 2678 4263 πολίτου.
2705 4209 2812 4262 Τοῦ
2845 4209 2901 4261 δὲ
2935 4209 3223 4278 μέλλοντος
3257 4210 3445 4261 ἕνεκεν
3479 4208 3737 4270 δεδοικὼς
3766 4209 3905 4274 ἐγὼ.
3927 4212 4026 4278 τὴν

2438 4301 2706 4372 ἐρώτησιν
2753 4302 3124 4370 ἐποιησάμην.
3172 4298 3334 4364 Ἀξιῶ
3378 4295 3471 4352 οὖν
3507 4301 3654 4368 ὑμᾶς
3684 4302 3878 4367 σαρῶς
3919 4303 4029 4354 δια-

2436 4394 2691 4463 λαλῆσαι,
2741 4394 2834 4447 καὶ
2880 4395 3018 4464 μήτε
3068 4392 3426 4464 ἡρτημένως,
3478 4392 3616 4461 μήτε
3672 4391 4023 4461 ἀμφιϐόλως,

2435 4489 2576 4541 ὥστε
2608 4487 2683 4557 μὴ
2719 4485 2919 4550 ἐξεῖναι
2965 4486 3068 4539 ὑπὸ
3115 4485 3210 4538 δύο
3253 4483 3558 4554 ἀνθρώπων
3593 4486 3734 4554 μήτε
3770 4503 4024 4556 χειροτο-

3878 3861 4026 3912 παρα

746 4576 1028 4642 ordinari,
1082 4592 1183 4632 nec
1238 4577 1472 4647 deponi,
1522 4577 1756 4632 Nicaeus:
1804 4578 2035 4649 synhodi
2085 4581 2327 4634 auctori.

2435 4579 2642 4633 νεῖσθαι
2673 4580 2811 4649 μήτε
2836 4578 3219 4648 καθαιρεῖσθαι
3254 4577 3574 4640 ἐπίσκοπον,
3613 4577 3934 4642 ἀκολούθως
3961 4583 4025 4649 τῇ

753 4679 922 4725 tatem
953 4672 1005 4725 in
1044 4670 1148 4726 hoc
1171 4671 1474 4741 sequendo.

817 4761 951 4818 Post
999 4764 1151 4830 alia,
1197 4763 1538 4834 The0philus
1581 4765 1875 4836 episcopus
1927 4765 2326 4823 Alexandrinus

745 4858 880 4912 dixtt
905 4875 919 4911 :

815 4950 895 5006 De
943 4951 1177 5006 mortuis
1229 4949 1346 5006 fieri
1407 4951 1596 5021 nequit
1644 4959 1703 5007 ut
1748 4950 2144 5022 indignationis
2195 4966 2324 5007 sen-

744 5043 916 5098 tentia
957 5041 1183 5108 feratur,
1209 5042 1654 5112 quandoquidem
1699 5058 1808 5099 non
1854 5053 2152 5113 prmsentes
2196 5050 2326 5098 sunt

743 5134 1120 5191 condemnati.
1172 5133 1376 5190 Verum
1429 5135 1473 5189 si
1535 5134 1718 5189 futura
1779 5135 1906 5206 quis
1972 5135 2323 5198 considerat,

745 5227 1007 5282 nimirum
1076 5228 1170 5298 qui
1227 5228 1498 5298 deponere
1554 5227 1834 5292 debeant,
1904 5227 2038 5281 mihi
2105 5228 2324 5299 quidem

745 5319 964 5374 videtur
991 5358 1007 5382 ,
1063 5334 1171 5373 non
1223 5319 1402 5374 solum
1445 5326 1557 5374 tres
1601 5320 1797 5373 adesse
1845 5318 2043 5374 debere
2072 5361 2087 5385 ,
2132 5334 2324 5373 verum

744 5411 910 5466 etiam
944 5411 1013 5482 (si
1045 5411 1162 5466 ﬁeri
1198 5411 1394 5482 possit)
1434 5412 1726 5468 universos
1764 5412 2058 5481 episcopos
2097 5411 2325 5482 provin-

744 5506 945 5568 ciales,
987 5513 1048 5560 ut
1093 5505 1330 5576 plurium
1384 5504 1597 5560 calculo
1657 5504 2042 5559 condemnatio
2091 5504 2328 5559 hominis

744 5597 1090 5666 depositione
1149 5597 1300 5667 digni
1349 5597 1541 5666 majori
1599 5612 1724 5652 cum
1781 5597 2134 5652 accuratione
2192 5598 2324 5659 tiat,

744 5690 908 5741 etiam
942 5702 1037 5742 reo
1067 5697 1356 5757 prasente.

812 5781 1098 5837 Nectarius
1188 5783 1478 5854 episcopus
1561 5781 2070 5851 Constantinomilis
2129 5783 2320 5837 dixit:

740 5875 920 5943 Quum
963 5874 1216 5946 legitimae
1269 5875 1407 5931 fiunt
1453 5874 1830 5945 expositiones
1874 5885 2036 5945 atque
2084 5874 2320 5940 dccrctn,

2428 4672 2486 4724 ιν
2513 4671 2561 4722 Ν
2568 4669 2718 4738 ικαίᾳ
2751 4669 2972 4737 συνόδῳ.

2499 4761 2613 4816 Καὶ
2645 4760 2764 4833 μεθ’
2793 4761 2981 4833 ἕτερα,
3002 4761 3261 4831 Θεόφιλος
3288 4762 3586 4828 ἐπίσκοπος
3601 4763 4024 4835 ’Δλεξανδρείας

2431 4851 2608 4908 εἶπενο

2512 4947 2636 5002 Ἐπὶ
2662 4948 2772 5001 τῶν
2793 4948 3138 5002 ἀπελθόντων
3165 4966 3226 5002 ου
3267 4949 3495 5002 δυνατὸν
3523 4949 3705 5018 ψῆφον
3752 4951 4017 5018 ὲκῳέρειν

2429 5040 3136 5111 ἀγανακτήσεως,ὲπείπερ
3171 5041 3245 5109 μὴ
3281 5042 3549 5110 παρόντες
3571 5041 4012 5109 κατεκρίθησαν.

2431 5131 2494 5185 El
2533 5132 2781 5200 μέντοιγε
2811 5131 3066 5199 περὶτῶν
3099 5131 3404 5200 μελλόντων
3435 5131 3765 5200 διασκοποίη
3798 5148 3884 5192 τις
3912 5133 4020 5185 τῶν

2428 5221 2754 5290 ὀφειλόντων
2782 5221 3054 5285 καθελεῖν,
3094 5220 3351 5289 φαίνεταί
3387 5239 3516 5287 μοι,
3557 5219 3634 5289 μὴ
3667 5220 3829 5288 μόνον
3871 5224 4021 5290 τρεῖς

2429 5317 2685 5386 παρεῖναι
2740 5315 3066 5384 προσήκειν,
3126 5313 3263 5367 ἀλλά
3301 5315 3394 5366 καὶ
3453 5313 3524 5380 (εί
3573 5313 3823 5374 δυνατὸν)
3895 5315 4020 5374 τοὺς

2430 5407 2637 5468 πάντας
2665 5403 3046 5474 ὲπαρχεὼτας,
3074 5404 3162 5457 ἵνα
3189 5406 3254 5472 τῇ
3283 5403 3394 5455 τῶν
3428 5401 3639 5454 πολλῶν
3661 5402 3831 5470 ψήφω
3866 5405 4018 5470 ἀκρι-

2429 5500 2661 5569 6εστέρα
2701 5499 2732 5567 ἡ
2768 5498 3094 5565 κατάκρισις
3141 5495 3236 5548 τοῦ
3281 5496 3433 5560 ἀξίου
3481 5497 3579 5564 τῆς
3629 5493 4014 5565 καθαιρέσεως

2429 5593 2766 5663 δεικνύηται,
2799 5593 3068 5664 παρόντος
3096 5592 3190 5644 καὶ
3231 5590 3583 5660 κρινομένου.

2499 5778 2802 5850 Νεκτάριος
2839 5777 3138 5840 ἐπίσκοπος
3168 5774 3807 5838 Κωνσταντινουπόλεως
3835 5773 4008 5828 εἶπεν·

2435 5874 2785 5942 Εἱστ,γήτεων
2820 5869 3069 5940 νομίμων
3123 5871 3211 5922 καὶ
3262 5867 3548 5937 δογματων
3589 5869 4007 5934 πρυτανευομί-
