4176 6446
151 367 258 432 8ἳὸ

1435 375 2152 441 GRIECO'RUMANUM.

3325 390 3432 454 8‘26

144 498 275 542 νων,
314 479 613 534 ἀκόλουθον
653 480 716 535 οὐ
759 482 846 536 διὰ
900 484 1209 556 προσώπων
1254 484 1407 549 τινὰς
1454 485 1637 547 αἰτίας
1669 482 1731 538 τά

1841 498 2274 545 consentaneum
2326 496 2411 547 est
2460 491 2587 547 talia
2632 508 2739 549 non
2782 496 2950 551 statui
2990 505 3211 566 propter
3240 501 3430 568 culpas

146 569 379 624 τοιαῦτα
407 570 863 641 δογματίζεσθαι.
893 576 1201 648 Τοιγαροῦν
1224 578 1485 650 καθάπερ
1512 579 1541 632 ό
1570 576 1742 647 ἁγιώ·

145 680 313 725 τατος
358 663 1027 737 ἰπίσκοπος-Ἀραόιανὺς
1074 671 1436 742 εἰσηγήσατο,
1489 674 1557 725 τὰ
1610 671 1738 742 μὲλ-

146 751 311 805 λοντα
338 753 752 822 ἀσφαλίσασθαι
792 757 1138 828 βουλόμενος,
1170 762 1462 826 ἀκόλουθος
1494 762 1590 816 καὶ
1615 765 1739 829 φιλ-

144 843 441 915 άνθρωπος
476 847 511 917 ἡ
542 846 637 899 τοῦ
668 848 977 915 άηγιωτάτου
1001 852 1307 906 ἐπισκόπου
1333 853 1595 921 Θεοφίλου
1629 853 1740 923 ψῆ-

146 954 267 1003 ςος,
323 938 684 1010 διορισαμένη
740 942 816 1009 μὴ
858 943 1062 1011 χρῆναι
1120 944 1259 1014 πρὸς
1299 946 1359 999 τὸ
1406 945 1556 1016 ἑξῆς,
1605 946 1742 1016 μηδὲ

145 1029 306 1096 παρὰ
332 1030 528 1100 τριῶν,
562 1033 761 1101 μήτιγε
811 1035 961 1103 παρὰ
997 1034 1111 1100 δύο,
1143 1036 1234 1089 τὸν
1260 1036 1561 1091 ὑπεύθυνον
1592 1036 1741 1091 δοκι-

150 1120 472 1189 μαζόμενον
511 1123 931 1194 καθαιρεῖσθαι·
978 1127 1116 1180 ἀλλὰ
1158 1128 1269 1200 γὰρ
1318 1130 1567 1193 πλείονος
1611 1148 1740 1184 συν-

143 1210 273 1263 όδου
315 1211 511 1281 ψήφῳ,
551 1213 646 1266 καὶ
691 1214 803 1267 τῶν
846 1216 947 1287 τῆς
996 1220 1302 1290 ὲπαρχίας’
1335 1220 1521 1284 καθὼς
1560 1225 1653 1277 καὶ
1690 1222 1740 1275 οἱ

142 1304 512 1358 ἀποστολικοὶ
540 1306 766 1369 κανόνες
791 1309 1142 1380 διωρίσαντο.

214 1396 528 1460 nasum
587 1400 887 1466 ἐπίσκοπος
946 1404 1281 1475 Ἀντιοχείας
1326 1402 1482 1461 εἶπεν
1508 1424 1522 1440 ο
1560 1409 1740 1481 Ἀπερ

144 1485 452 1540 κατέθεντο
508 1489 559 1541 oi
621 1491 753 1560 περὶ
798 1493 892 1545 τὸν
936 1493 1242 1562 ἁγιώτατον
1300 1498 1397 1550 καὶ
1448 1498 1741 1553 ὁσιώτατον

142 1577 461 1632 ἐπίσκοπον
505 1581 791 1651 Θεόφιλον,
826 1583 985 1655 δῆλα.
1028 1587 1141 1641 Καὶ
1190 1589 1494 1661 στέργομεν
1537 1590 1741 1653 πάντες

144 1672 196 1723 οἱ
230 1671 711 1743 ἔκκλησιαστικοί.

490 1809 857 1868 ΝΙΚΟΛᾹΟΥ
889 1813 1029 1870 ΤΟΥ
1064 1817 1375 1872 ΠΑΛΑΙΟΥ

141 1900 317 1980 Περ)Δ
341 1900 472 1980 τοᾷ,
526 1903 632 1980 τὰς
682 1910 1113 1980 πατριᾳρκικὰς
1161 1909 1496 1975 ἐπιστοιιὰς
1526 1911 1736 1980 ἀμισθὶ

215 1969 500 2025 δίδοσθαι
516 1972 667 2051 Δτοῖς
725 1969 1037 2030 αἰτοῦσιν·
1065 1969 1147 2046 ὥς
1198 1969 1525 2051 τέτραπται
1553 1969 1624 2037 ἓν
1656 1982 1738 2049 τῷ

214 2045 707 2109 χυρτοςςυλακίῳ.

213 2134 474 2188 Χαλεπὸν
509 2136 631 2205 μὲν,
660 2137 833 2202 πάθος
874 2142 1098 2213 σαρκὸς,
1132 2143 1347 2215 χρόνιον
1375 2145 1475 2216 ήδη
1507 2146 1738 2215 γενόμε-

139 2243 261 2290 νον,
292 2228 685 2297 ἔκμοχλεῦσαι.
720 2231 1117 2305 Χαλεπώτερον
1146 2236 1205 2289 δὲ
1232 2241 1457 2309 χρονικῇ
1516 2240 1736 2311 παρόδῳ

142 2314 452 2384 βεδαιωθὲν
483 2317 603 2381 ἔθος
654 2322 1159 2379 ἀποσκευάσασθαι.
1204 2327 1407 2397 Ἀμφω
1445 2329 1556 2399 γὰρ
1597 2330 1736 2400 πρὸς

141 2410 261 2471 ἕξιν
288 2410 417 2463 τινὰ
450 2413 1005 2483 μεταστοιχειοῦνταδ,
1038 2419 1271 2488 πρᾶγμα
1294 2420 1554 2490 γινόμενα
1583 2440 1737 2491 μονι-

146 2500 422 2570 μώτερον,
471 2502 563 2554 καὶ
600 2503 799 2573 ῥᾳδίως
846 2505 1049 2574 ἣκιστα
1097 2506 1396 2577 δυνάμενον
1455 2509 1735 2583 μεθαρμό-

143 2592 368 2654 ζεσθαι.
430 2592 570 2646 Ἀλλ’
602 2595 650 2646 εί
680 2596 774 2648 καὶ
824 2597 978 2650 ταῦθ’
1009 2597 1151 2652 οὕτω
1183 2599 1261 2668 τῷ
1286 2599 1400 2653 δντι
1421 2600 1587 2665 δοκεῖ,
1619 2602 1735 2656 ἀλλ’

141 2686 311 2755 ἡμεῖς
378 2702 445 2750 γε
478 2688 607 2756 ῥᾷον
640 2688 880 2742 παλαιὰν
916 2691 1227 2759 συνήθειαν,
1267 2692 1328 2745 τὸ
1361 2694 1565 2761 φαῦλον
1595 2694 1732 2765 πρό-

140 2778 306 2846 δηλον
330 2779 586 2848 ἔχουσαν,
620 2782 715 2834 τοῦ
748 2783 984 2851 εὐαγοῦς
1017 2784 1172 2839 τοῦδε
1195 2787 1361 2841 τόπου
1392 2788 1730 2859 ἐξεφορήσα-

144 2887 268 2935 μεν,
302 2870 366 2922 τὸ
385 2872 768 2939 ἀκαπήλευτον
788 2874 936 2944 αὐτῷ
970 2879 1461 2947 μνηστευσάμενοι.
1489 2882 1599 2933 Καὶ
1625 2881 1733 2952 γάρ

136 2962 166 3012 ό
198 2961 363 3014 τοῦδε
402 2964 502 3031 τὴν
534 2962 783 3033 φυλακὴν
815 2968 1421 3037 ὲμπεπιστευμένος,ὂν
1457 2971 1733 3042 ὀστιάριον

134 3054 169 3121 ἡ
231 3052 534 3121 Ῥωμαίων
603 3054 823 3121 γλῶσσα
896 3059 1089 3123 καλεῖ,
1144 3061 1273 3123 τοὺς
1327 3066 1733 3135 πατριάρχικάς

132 3143 508 3246 αἰτουμένους
556 3146 864 3246 ἐπιστολάς,
910 3149 1155 3246 μισθοὺς.
1197 3151 1293 3222 (ὡς
1346 3154 1444 3206 οὐκ
1497 3154 1728 3225 ὤφελεν)
1757 3186 1801 3246 c

133 3235 351 3305 ἀπῄτει
381 3234 484 3303 τῆς
543 3237 935 3309 παραλήψεως.
968 3242 1075 3294 Καὶ
1125 3238 1192 3314 ἦν
1225 3244 1288 3297 τὸ
1318 3248 1551 3316 πρᾶγμα
1607 3248 1730 3303 λίαν

131 3328 480 3395 ὲιρύὸριστόν
525 3347 585 3383 τε
641 3333 733 3384 καὶ
756 3334 1199 3402 καταγέλαστον,
1255 3339 1316 3390 ού
1379 3341 1541 3408 μόνον
1597 3342 1731 3395 Θεὸν

131 3416 504 3485 παροργίζον,
548 3417 683 3471 ἀλλὰ
730 3419 825 3472 καὶ
856 3422 949 3473 τὸν
985 3424 1181 3493 σεμνὴν
1210 3426 1373 3479 τόπον
1404 3426 1727 3499 ὲξατιμοῦν,

134 3508 234 3560 καὶ
283 3509 423 3560 αὐτὸ
443 3508 504 3560 τὸ
553 3510 653 3581 τῆς
711 3511 1009 3582 ἱερωσύνης
1052 3517 1383 3585 ὲκιραυλίζον
1423 3519 1726 3589 αἰδέσιμον.

144 3599 294 3653 Ἀλλ’
330 3600 495 3670 ἡμεῖς
531 3618 593 3668 γε
629 3602 729 3673 τὴν
750 3603 1028 3673 ὁστιαρίου
1063 3606 1264 3676 σκῆψιν
1294 3608 1728 3681 ἑκφυλοφοροῦνο

132 3709 248 3755 τες,
278 3692 461 3761 τούτῳ
508 3691 608 3761 μὲν
658 3694 827 3764 ρόγαν
872 3696 1091 3765 ἐτήσιον
1147 3697 1383 3753 δίδοσθαι
1415 3702 1686 3772 ἐτάξαμεν
1712 3719 1726 3734 ο

132 3787 235 3857 τὴν
270 3786 524 3856 πονηράν
553 3785 610 3839 δὲ
642 3786 949 3856 συνήθειαν,
974 3786 1112 3859 λήθῃ
1163 3788 1377 3861 βαθείᾳ,
1428 3792 1523 3846 καὶ
1572 3794 1730 3864 ἀϊδίῳ

136 3879 417 3949 ὑπερορίᾳ
478 3878 961 3949 παρεπεμψάμεθα
1003 3895 1018 3910 ο
1064 3882 1130 3951 ἢν
1210 3882 1479 3953 μηδαμῶς
1544 3883 1728 3956 χώραν

135 3972 282 4041 ἔχειν
327 3972 431 4035 ἔτι,
461 3973 521 4024 ὲν
568 3972 707 4042 ἁγίῳ
737 3971 1087 4041 διοριζόμεθα
1139 3974 1420 4045 Πνεύματι
1443 3994 1457 4008 °
1487 3980 1728 4033 ἐντελλό-

138 4081 289 4132 μενοι
319 4066 435 4126 τοῖς
486 4080 545 4115 τε
586 4065 727 4118 κατὰ
766 4068 991 4145 καιροὺς
1050 4068 1439 4138 χαρτοφύλαξι,
1470 4072 1564 4124 καὶ
1615 4076 1728 4136 τοῖς

132 4160 274 4226 ἀμφ’
304 4159 509 4220 αὐτοὺς
554 4160 845 4229 νοταρίοις,
878 4160 1186 4230 ἄθραυστον
1222 4147 1314 4216 τὸν
1345 4166 1589 4235 παρόντα
1634 4167 1728 4221 τύ-

134 4267 236 4303 πον
272 4251 578 4319 διατηρεῖν,
622 4254 717 4304 καὶ¹
756 4252 946 4306 τούτου
982 4256 1365 4324 ἐπιμελεῖσθαι
1388 4259 1508 4312 ἀεί·
1537 4260 1613 4323 ὡς
1650 4262 1727 4333 μὴ

136 4340 398 4413 ῥᾳστώνῃ
426 4340 537 4393 τινὶ
568 4342 659 4394 καὶ
688 4342 953 4415 ὀλιγωρίᾳ
988 4344 1037 4416 (ὃ
1067 4346 1129 4416 δὴ
1163 4348 1258 4400 καὶ
1288 4349 1723 4419 ὑπολαμϐάνειν,

138 4437 341 4502 μήτιγε
409 4434 694 4502 πράττειν,
753 4436 1092 4507 ἑφάμαρτον)
1140 4440 1245 4493 κᾶν
1289 4442 1351 4493 τὸ
1381 4442 1723 4513 βραχύτατον

1842 579 2108 648 quasdam
2152 597 2542 653 personarum.
2587 585 2774 656 Itaque
2819 588 2967 643 sicut
3008 587 3261 658 exposuit
3305 605 3435 645 san-

1842 672 2128 730 ctissimus
2188 676 2486 747 episcopus
2555 677 2917 743 Arabianus,
2983 681 3185 737 futuris
3238 698 3435 737 cavere

1841 764 2083 831 volens,
2143 778 2509 825 consentanea
2588 770 2936 841 benignaque
3001 776 3273 829 sententia
3351 787 3435 831 est

1841 859 2179 915 sanctissimi
2228 861 2470 933 episcopi
2517 863 2842 934 TheOphili,
2893 879 3016 932 quae
3055 868 3279 929 statuit,
3323 884 3430 921 non

1842 952 2043 1008 debere
2078 953 2133 1007 in
2182 964 2463 1023 posterum
2532 959 2829 1027 nequidem
2864 973 2894 1012 a
2932 959 3127 1019 tribus,
3162 960 3362 1013 nedum
3401 976 3433 1015 a

1841 1043 2079 1111 duobus,
2120 1060 2273 1101 reum
2320 1047 2624 1102 examinari
2672 1064 2737 1104 ac
2772 1050 3003 1119 deponi;
3035 1051 3129 1105 sed
3174 1050 3433 1121 frequen-

1843 1135 2001 1191 tioris
2043 1140 2287 1205 concilii,
2312 1147 2367 1195 et
2403 1141 2822 1210 provincialium
2860 1139 3247 1214 episcOporum
3279 1159 3434 1199 com-

1844 1228 1998 1283 muni
2044 1231 2316 1287 sententia
2355 1249 2371 1291 :
2408 1232 2873 1304 quemadmodum
2912 1241 2967 1289 et
3009 1236 3295 1304 apostolici
3339 1252 3433 1291 ca-

1842 1336 2018 1375 nones
2050 1322 2437 1379 deliniverunt.

1914 1411 2208 1469 Flavianus
2265 1418 2557 1485 episcopus
2622 1413 3001 1471 Antiochenus
3062 1417 3246 1471 dixit:
3290 1416 3425 1484 Quae

1842 1504 2219 1575 deposuerunt
2263 1509 2531 1579 episcopi,
2570 1510 2664 1580 qui
2708 1512 3125 1567 sanctissimum
3169 1518 3223 1566 et
3255 1511 3439 1579 piissi-

1844 1615 1991 1654 mum
2021 1600 2340 1670 episcopum
2383 1601 2743 1671 TheOphilum
2777 1612 3107 1673 sequuntur,
3140 1603 3434 1658 manifesta

1843 1701 1993 1748 sunt.
2026 1692 2099 1746 Ea
2138 1694 2435 1764 probamus
2465 1708 2658 1750 omnes
2697 1695 3083 1751 ecclesiastici.

2147 1828 2424 1885 NICOLAI
2468 1827 2695 1885 lLLIUS
2728 1828 2954 1886 musa
2989 1830 3130 1899 (t9).

1840 1920 1996 1989 Quod
2039 1921 2232 1974 littera
2286 1922 2683 1987 patriam/mles
2732 1923 2904 1991 gratis
2956 1921 3318 1975 conredantur
3349 1936 3436 1991 ρο-

1941 1992 2173 2046 tentibus
2200 2008 2313 2059 eas,
2349 1993 2427 2046 ιιιὶ
2459 1991 2778 2061 descriptum
2805 2001 2976 2047 exstat
3009 1994 3064 2046 in
3097 1994 3319 2047 scrinio.

1909 2152 2137 2207 Difficile
2181 2153 2399 2223 quidem
2447 2161 2533 2209 est
2585 2153 2777 2207 vitium
2828 2153 3088 2217 carnale,
3138 2154 3283 2221 quod
3338 2154 3431 2209 diu

1839 2243 2081 2309 duravit,
2109 2245 2433 2300 exscindere
2464 2263 2477 2297 :
2519 2245 2614 2299 sed
2648 2243 2949 2310 difficilius,
2975 2246 3431 2300 consuetudinem

1839 2334 1988 2404 longi
2018 2336 2279 2405 temporis
2310 2336 2609 2406 irreptione
2635 2336 2904 2391 firmatam
2941 2336 3175 2391 amoliri.
3220 2337 3433 2392 Etenim

1840 2427 2004 2481 ambo
2039 2427 2093 2481 in
2125 2427 2369 2481 habitum
2405 2426 2695 2498 quemdam
2737 2436 3066 2492 transeunt,
3102 2436 3157 2482 et
3181 2428 3434 2482 durabilc

1838 2521 2099 2593 quiddam
2135 2521 2294 2587 fiunt,
2319 2521 2466 2591 quod
2499 2520 2927 2589 haudquaquam
2958 2520 3246 2574 reformari
3276 2520 3435 2575 facile

1839 2614 2039 2683 possit.
2068 2613 2201 2679 Quae
2229 2613 2356 2667 licet
2393 2613 2469 2665 ita
2514 2627 2573 2667 se
2638 2612 2839 2666 habere
2906 2628 3095 2681 reapse
3124 2613 3383 2666 videntur
3410 2649 3428 2677 ,

1838 2723 1941 2763 nos
1969 2716 2152 2762 tamen
2180 2705 2325 2761 facili
2371 2716 2649 2760 momento
2676 2704 3131 2759 consuetudinem
3167 2716 3430 2771 veterem,

1839 2815 1960 2871 quae
1984 2799 2342 2853 vitiositatem
2366 2796 2713 2851 manifestam
2731 2796 2967 2850 habebat
2987 2811 3053 2849 ex
3079 2796 3183 2849 hoc
3207 2796 3431 2864 religio-

1839 2906 1900 2947 so
1926 2893 2045 2944 loco
2063 2887 2768 2957 removimus,cauponandi
2792 2887 3066 2941 licentiam
3090 2894 3427 2939 coercentes.

1840 2985 2121 3037 Hactenus
2170 2983 2316 3037 enim
2369 2983 2436 3046 is,
2485 2982 2571 3037 cui
2626 2982 2832 3035 credita
2881 2988 2965 3034 est
3007 2979 3127 3048 ejus
3177 2978 3429 3032 custodia

1840 3074 2094 3147 (Romani
2113 3075 2399 3130 ostiarium
2434 3073 2616 3143 lingua
2654 3088 2752 3127 sua
2792 3069 3034 3137 vocant),
3064 3069 3134 3123 ah
3168 3071 3296 3131 illis,
3334 3069 3427 3138 qui

1836 3171 2048 3228 litteras
2068 3167 2465 3238 patriarchales
2491 3166 2768 3236 petebant,
2789 3180 2855 3218 eo
2875 3165 3097 3218 nomine
3118 3162 3425 3216 mercedem

1837 3261 2004 3331 (quod
2035 3259 2258 3314 minime
2292 3259 2502 3313 factum
2535 3258 2803 3326 oportuit)
2834 3257 3116 3326 poscebat.
3145 3253 3277 3321 Qua:
3306 3253 3429 3323 qui-

1835 3351 1957 3405 dem
1990 3366 2078 3405 res
2106 3356 2224 3404 erat
2258 3350 2474 3419 injuria:
2514 3347 2847 3416 ludibriique
2878 3347 3032 3416 plena
3062 3385 3077 3410 ,
3120 3361 3300 3413 neque
3333 3342 3426 3397 Dei

1834 3444 2106 3498 duntaxat
2134 3442 2397 3499 offensam
2446 3441 2863 3507 commovebat;
2897 3455 3083 3493 verum
3111 3438 3274 3493 etiam
3298 3436 3425 3489 huic

1835 3546 2070 3607 augusto
2121 3536 2243 3589 loco
2293 3535 2542 3604 pariebat
2594 3534 2899 3597 infamiam,
2947 3540 3000 3586 et
3056 3529 3424 3585 venerandam

1835 3631 2010 3700 ipsius
2039 3627 2335 3682 sacerdOtii
2357 3627 2676 3696 dignitatem
2705 3623 3087 3678 imminuebat.
3108 3622 3217 3677 Nos
3237 3631 3420 3676 autem

1834 3721 1939 3775 hoc
1970 3720 2281 3772 institutum
2307 3717 2521 3773 ostiarii
2545 3718 2612 3771 de
2631 3716 2810 3769 medio
2841 3716 3117 3777 tollentes,
3156 3713 3261 3781 ipsi
3296 3713 3422 3781 qui~

1834 3813 1957 3867 dem
1988 3826 2235 3865 annuum
2277 3810 2540 3865 salarium
2572 3808 2959 3863 constituimus
2994 3823 3006 3856 :
3061 3807 3256 3858 malam
3290 3820 3423 3858 vero

1831 3905 2283 3960 consuetudinem
2343 3902 2606 3956 oblivioni
2674 3900 2985 3971 profundas,
3039 3911 3103 3953 ac
3156 3906 3423 3966 perpetuo

1832 3996 2157 4051 tradidimus
2201 3994 2399 4049 exsilio
2439 4010 2453 4048 :
2498 4009 2601 4049 nec
2635 4008 2753 4048 eam
2788 3992 2968 4048 locum
3010 3990 3268 4057 deinceps
3312 3987 3424 4041 ullo

1832 4088 2145 4143 habituram
2189 4085 2373 4149 modo,
2420 4085 2473 4138 in
2527 4084 2733 4153 Spiritu
2783 4090 2977 4137 sancto
3024 4080 3419 4135 decernimus:

1832 4181 2153 4238 ntandantcs
2170 4188 2278 4233 tam
2302 4179 2671 4248 quorumlibet
2712 4187 3020 4244 temporum
3045 4172 3417 4236 chartulariis,

1830 4288 1994 4343 quam
2022 4287 2213 4326 eorum
2246 4269 2501 4334 notariis,
2532 4276 2594 4321 ut
2628 4270 2971 4323 sanctionem
3016 4266 3159 4320 hanc
3188 4264 3420 4318 inviola-

1830 4373 1939 4419 tam
1981 4369 2219 4426 servent,
2252 4360 2480 4429 ejusque
2517 4374 2705 4414 curam
2753 4366 3018 4428 perpetuo
3057 4365 3248 4427 gerant
3293 4372 3304 4406 :
3351 4368 3419 4406 ne

1829 4453 2081 4511 socordia
2128 4452 2364 4522 quadam
2434 4459 2488 4506 et
2546 4450 2872 4521 negligentia
2931 4447 3099 4519 (quod
3139 4459 3272 4501 sane
3331 4446 3416 4500 vel

136 4521 595 4590 περιτρέπεσθαι.
630 4523 694 4575 Εἰ
727 4523 782 4577 δὲ
818 4525 1099 4595 παρόπται
1148 4530 1291 4593 τινὲς
1325 4531 1417 4584 τοῦ
1459 4533 1719 4588 τοσούτου

1835 4546 2096 4618 cogitare,
2120 4521 2321 4600 nedum
2351 4541 2754 4613 agere,delicto
2782 4556 2890 4593 non
2924 4540 3126 4609 vacat),
3154 4538 3237 4591 vel
3256 4536 3419 4588 inini-

134 4616 345 4683 ἀγαθοῦ
376 4617 443 4668 ἐκ
473 4616 723 4688 μεγάλης
752 4618 883 4689 περὶ
916 4620 983 4674 τὰ
1014 4622 1134 4675 θεῖα
1187 4624 1495 4693 φωραθεῖεν
1544 4645 1718 4683 κατα-

135 4708 492 4776 φρονήσεως,
521 4708 843 4781 τοῦτονμὲν
896 4713 1091 4784 γνώμη
1150 4716 1398 4783 φιλόθεος
1436 4720 1575 4789 πρὸς
1617 4722 1716 4793 τὴν

131 4801 452 4863 ἀξιέπαινον
483 4802 741 4869 ὲπανάξει
765 4804 1063 4873 εὐγένειαν,
1089 4809 1247 4862 αὐτοὶ
1272 4811 1319 4863 δ’
1348 4806 1408 4865 εὖ
1446 4813 1714 4882 ίστωσαν,

131 4891 205 4951 ὡς
238 4892 399 4955 δίκας
428 4893 825 4962 Θεῷδὼσουσι,
865 4897 961 4951 νῦν
1009 4916 1069 4952 τε
1126 4902 1220 4954 καὶ
1254 4903 1492 4974 ὁπηνίκα
1545 4908 1607 4959 ού
1646 4910 1715 4963 τὰ

138 4982 311 5051 μείζω
369 4983 532 5053 μόνον
582 4984 690 5038 τῶν
716 4987 1156 5059 ἁμαρτημάτων,
1190 4992 1327 5046 ἀλλὰ
1351 4998 1446 5048 καὶ
1476 4997 1618 5051 αὑτά
1649 5015 1716 5067 γε

134 5075 199 5127 τά
234 5074 438 5143 μέτρια
472 5077 606 5145 πυρί
658 5078 1051 5135 ταλαντεύεται
1090 5084 1183 5136 καὶ
1226 5084 1588 5156 διακρίνεται.
1630 5091 1720 5155 Ὠς

135 5166 245 5236 γὰρ
271 5166 343 5218 τά
372 5165 492 5220 θεῖα
521 5167 621 5236 τῆς
643 5170 928 5240 ἀξιολόγου
958 5173 1367 5246 καθεστήκασιν
1396 5178 1720 5246 ἀντιδόσεως

136 5259 285 5322 ἄξια,
320 5259 465 5312 οὕτω
516 5262 612 5314 καὶ
661 5263 730 5316 τὰ
776 5264 876 5334 τῆς
925 5266 1174 5330 ἐναντίας
1224 5269 1442 5341 μοίρας,
1478 5272 1578 5343 τὴν
1612 5274 1719 5326 ἰσο-

138 5352 285 5422 παλῆ
314 5355 428 5416 τοῖς
449 5352 637 5424 ἔργοις
667 5357 967 5428 παρέχεται
998 5360 1255 5431 άμοιὸήν.

1834 4655 1923 4696 ma
1958 4654 2023 4693 ex
2045 4645 2199 4708 parte
2217 4637 2589 4692 subvertatnr.
2620 4633 2774 4698 Quod
2809 4633 2855 4686 si
2878 4632 2970 4701 qui
2998 4638 3207 4685 tantum
3242 4628 3417 4698 negli-

1833 4747 1960 4804 gere
1998 4733 2197 4787 bonum
2238 4728 2494 4799 deprensi
2538 4726 2776 4790 fuerint,
2820 4739 2886 4779 ex
2924 4737 3122 4792 magno
3153 4737 3281 4792 erga
3326 4736 3415 4778 res

1833 4827 2049 4882 divinas
2108 4832 2425 4893 contemptu
2460 4860 2477 4886 ,
2543 4820 2884 4875 sanctionem
2944 4816 3163 4885 quidem
3231 4815 3408 4883 ipsam

1833 4917 2089 4985 religiosa
2144 4928 2301 4968 mens
2365 4911 2530 4966 nitori
2591 4925 2692 4964 suo
2740 4906 3086 4962 laudabiliter
3133 4906 3409 4967 restituet,

1830 5022 2020 5062 verum
2064 5004 2166 5075 ipsi
2209 5004 2374 5073 plane
2414 5002 2616 5067 norint,
2654 5016 2712 5056 se
2750 5013 2940 5069 poenas
2997 4996 3105 5049 Deo
3156 4996 3407 5058 daturos,

1825 5107 1935 5155 tam
1966 5112 2137 5163 nunc,
2170 5112 2335 5167 quam
2374 5095 2429 5149 id
2457 5093 2742 5163 temporis,
2774 5104 2883 5160 quo
2907 5104 3012 5142 non
3044 5087 3252 5156 majora
3288 5095 3409 5138 tan-

1826 5193 2110 5249 tummodo
2141 5199 2386 5261 peccata,
2415 5202 2605 5243 verum
2646 5186 2809 5239 etiam
2844 5183 3047 5237 leviora
3092 5195 3189 5250 per
3225 5179 3403 5247 ignem

1824 5284 2293 5340 examinabuntur
2346 5290 2400 5334 et
2431 5277 2902 5346 dijudicabuntur.
2941 5270 3010 5327 Ut
3034 5271 3177 5326 enim
3218 5268 3407 5321 divina

1822 5374 2069 5432 faetnora
2110 5390 2171 5431 se
2200 5374 2416 5442 dignam
2454 5368 2949 5426 remunerationem
2989 5374 3286 5422 merentur.
3324 5360 3407 5414 sic

1824 5469 1988 5525 etiam
2026 5467 2094 5521 iis
2123 5465 2404 5521 contraria
2433 5464 2858 5533 respondentem
2892 5458 3052 5514 factis
3087 5457 3222 5528 ipsis
3256 5467 3407 5509 com-

1828 5560 2200 5629 pensationem
2236 5557 2481 5613 tribuere
2508 5556 2705 5611 solent.

211 5727 327 5795 (19)
357 5726 560 5813 FPO?“
592 5729 678 5786 hic
710 5741 869 5788 antea
906 5742 1170 5803 mysticus
1198 5736 1248 5792 in
1276 5736 1419 5793 aula.
1460 5733 1608 5792 Vixit
1634 5650 1959 5801 afﬁne
1986 5740 2340 5813 PhilosOpho,
2369 5737 2702 5802 Alexandro,
2734 5733 3102 5795 Constantino
3165 5739 3221 5789 et
3289 5729 3415 5789 Lar

142 5811 349 5859 ελιιειιο
379 5801 553 5871 Augg.
