4176 6446
745 401 852 466 827

1334 516 1565 573 ALEXII
1596 517 1730 588 (20).

748 606 792 663 1.
835 605 1234 661 Monumentum
1274 610 1600 663 sanctissimi
1648 610 1970 677 patriarcha
2018 611 2224 669 Alexii.
2258 610 2322 662 de

818 677 1037 734 diversis
1065 681 1242 732 causis
1271 680 1662 735 ecclesiasticis.
1695 683 2074 744 pertinentibus
2108 679 2178 733 ad
2208 681 2328 732 uni-

818 767 997 806 versas
1039 751 1349 819 metropoles
1382 761 1430 803 et
1468 749 1974 818 archiepiscopatus.

820 888 1044 945 Alexius
1080 889 1438 943 miseratione
1469 888 1560 944 Dei
1589 891 2036 960 archiepiscopus
2061 889 2332 945 Constan-

751 980 1030 1051 tinopolis,
1064 996 1218 1034 nova:
1257 979 1464 1046 Romae,
1488 988 1542 1036 et
1574 982 1895 1038 universalis
1927 983 2257 1053 patriarcha.

827 1164 960 1218 Cum
1008 1164 1174 1219 divini
1221 1166 1472 1234 sacrique
1505 1180 1743 1221 canones
1773 1168 2073 1238 unicuique
2115 1169 2334 1239 religio-

755 1256 1100 1311 sissimorum
1146 1259 1528 1327 episcoporum
1568 1267 1890 1327 potestatem
1929 1277 2108 1315 rerum
2155 1260 2334 1315 eccle-

753 1348 1103 1403 siasticarum
1154 1351 1491 1418 permittant,
1526 1366 1588 1406 ea
1633 1360 1814 1405 tamen
1852 1352 1989 1421 lege,
2026 1360 2082 1404 ut
2114 1351 2334 1406 etindi-

753 1444 1010 1510 gentibus
1047 1444 1288 1497 adhibita
1346 1447 1602 1498 cautione
1653 1445 1719 1498 de
1755 1445 1822 1499 iis
1867 1445 2240 1513 suppeditent,
2278 1454 2332 1498 et

755 1534 986 1601 ipsemet
1015 1550 1099 1586 res
1114 1537 1458 1590 necessarias
1479 1538 1778 1608 percipiant
1805 1556 1819 1592 :
1854 1538 2334 1608 episcopiquidam

753 1623 1144 1689 indilTerenter,
1183 1635 1241 1680 ut
1279 1628 1351 1680 ita
1383 1629 1635 1692 dixerim,
1678 1639 1731 1683 et
1768 1645 1958 1698 magna
1989 1630 2208 1684 licentia
2249 1644 2334 1683 res

755 1730 849 1768 eas
882 1717 1221 1783 invadentes,
1259 1730 1311 1774 et
1349 1722 1470 1775 usui
1520 1737 1619 1776 suo
1650 1723 2012 1786 vindicantes,
2048 1738 2156 1774 non
2189 1722 2337 1790 ipsos

755 1805 1023 1863 duntaxat
1062 1813 1412 1880 episcopatus
1462 1831 1557 1883 per
1598 1816 1947 1869 occasionem
2002 1815 2337 1868 dillicultatis

757 1906 1068 1967 temporum
1107 1902 1159 1953 in
1194 1912 1492 1956 extremam
1535 1905 1832 1972 perniciem
1875 1906 2285 1974 prmcipitarunt
2321 1921 2334 1968 ;

756 2003 949 2047 Verum
1015 1993 1178 2045 etiam
1230 1995 1556 2063 metmpoles
1609 1996 1768 2060 illas,
1827 1997 2027 2065 quibus
2077 1997 2333 2062 subsunt,

759 2085 1118 2140 intolerandis
1147 2086 1488 2141 detrimentis
1517 2102 1577 2140 ac
1599 2088 1932 2141 novitatibus
1963 2087 2336 2155 subjecerunt,

760 2178 889 2232 dum
917 2194 1082 2232 onera
1116 2178 1180 2231 ad
1219 2181 1564 2248 episcopatus
1610 2179 1954 2249 pertinentia,
2009 2179 2339 2247 metropoles

751 2272 1060 2331 Sitstinertt,
1111 2285 1175 2324 ac
1235 2273 1494 2340 paulatim
1548 2270 1612 2323 ad
1659 2272 1943 2325 interitum
1996 2269 2338 2325 consimilem

760 2360 1074 2430 adiguntur.
1105 2360 1470 2425 Quamobrem
1492 2371 1677 2416 nostra
1711 2361 2054 2416 mediocritas
2072 2377 2179 2415 una
2214 2376 2338 2416 cum

757 2452 1062 2507 venerabili
1123 2453 1225 2506 hac
1279 2453 1344 2506 ad
1396 2454 1586 2507 urbem
1642 2453 1851 2524 synodo
1901 2469 1960 2507 re
2018 2453 2338 2518 deliberata,

760 2550 985 2602 omnino
1033 2558 1147 2601 rata
1181 2563 1367 2618 grave,
1417 2547 1694 2617 dubioque
1742 2547 1929 2616 procul
1965 2546 2252 2613 injustum,
2281 2553 2340 2600 ut

759 2640 889 2692 talia
923 2647 1183 2708 tantaque
1215 2641 1408 2692 damna
1438 2639 1768 2707 metropoles
1797 2639 2212 2708 episeopatuum
2243 2652 2341 2692 no-

757 2728 912 2781 mine
944 2730 1276 2793 sustineant,
1308 2745 1336 2782 a
1369 2730 1567 2798 quibus
1602 2729 1806 2782 nullum
1845 2730 1908 2781 ad
1941 2728 2085 2796 ipsas
2127 2728 2341 2781 lucrum

761 2820 904 2874 redit
941 2838 953 2873 :
996 2818 1214 2872 modum
1264 2819 1648 2873 inveniendum
1682 2819 1896 2873 censuit
1937 2833 1965 2871 a
1999 2819 2172 2873 sacris
2211 2833 2343 2872 con-

763 2913 1141 2968 stitutionibus
1165 2911 1307 2965 haud
1327 2912 1715 2979 alienumnimo
1739 2926 2066 2981 magnopere
2088 2910 2153 2964 ad
2180 2910 2340 2966 linem

762 3016 817 3062 et
839 3014 1289 3067 consentaneum,
1312 3019 1420 3073 quo
1441 3019 1624 3058 earum
1649 3004 2011 3066 indemnitati,
2041 3013 2094 3058 et
2115 3017 2343 3057 onerum

765 3099 1111 3164 relaxationi,
1144 3105 1405 3168 quantum
1437 3097 1558 3166 ejus
1588 3097 1704 3151 ﬁeri
1741 3097 1963 3167 poterit,
2001 3097 2341 3151 consulatur.

765 3189 925 3247 Unde
955 3207 1020 3246 ex
1050 3192 1378 3245 auctoritate
1409 3203 1690 3244 sacrorum
1735 3203 2005 3243 canonum
2049 3190 2258 3253 statuit,
2285 3196 2345 3243 ut

767 3300 798 3339 a
821 3282 1251 3352 religiosissimis
1273 3280 1709 3350 metropolitanis
1731 3280 1999 3334 (economi
2021 3281 2135 3333 sive
2161 3293 2340 3332 rerum

768 3376 1243 3430 administratores
1269 3389 1367 3443 pro
1389 3373 1794 3442 episcopalibus
1825 3372 1890 3427 iis
1917 3371 2344 3434 constituantur,

767 3481 799 3521 a
831 3466 1029 3534 quibus
1055 3463 1270 3517 illorum
1296 3463 1453 3528 culpa
1478 3503 1493 3525 ,
1528 3461 1619 3530 qui
1654 3475 1748 3516 eos
1783 3460 1960 3529 adepti
1994 3466 2143 3523 sunt,
2178 3458 2349 3512 detrio

768 3566 1014 3610 mentum
1047 3556 1381 3624 metropoles
1411 3554 1634 3621 capiunt
1663 3570 1676 3619 ;
1706 3551 1882 3606 donec
1917 3559 2197 3620 acceptum
2228 3550 2346 3604 sin-

769 3647 1023 3718 gulorum
1059 3647 1280 3700 nomine
1318 3644 1575 3700 damnum
1629 3645 2020 3712 metropolibus
2078 3651 2346 3698 t‘esartum

771 3741 964 3803 fuerit,
997 3745 1051 3792 et
1082 3737 1380 3807 judiciaria
1411 3737 1680 3791 sententia
1715 3735 2025 3800 deﬁnitum,
2076 3734 2347 3788 undeuam

773 3831 840 3886 ad
864 3846 983 3886 eam
1003 3839 1293 3899 egestatem
1314 3841 1368 3883 et
1389 3829 1621 3897 inopiam
1643 3828 1982 3897 redigantur.
2007 3825 2069 3879 Et
2091 3826 2349 3897 quoniam

773 3937 843 3980 ne
879 3922 1113 3976 aliorum
1147 3923 1517 3990 episcopatus,
1563 3921 1634 3974 ob
1666 3919 2068 3988 improbitatem
2105 3928 2156 3971 et
2194 3917 2350 3970 mali-

776 4015 905 4070 tiam
945 4015 1186 4083 ipsorum
1215 4011 1530 4080 praesidum,
1568 4011 1872 4065 consimilia
1911 4010 2211 4080 patiantur,
2255 4025 2348 4062 vc-

773 4106 881 4161 reri
907 4119 966 4160 se
998 4102 1284 4174 perhibent
1313 4102 1709 4171 metropolitani
1739 4116 1753 4165 ;
1782 4116 2082 4166 eorumque
2116 4101 2352 4152 nonnul—

773 4197 858 4255 lcs
913 4197 1007 4267 qui
1056 4209 1338 4251 sacrorum
1392 4209 1660 4249 canonum
1712 4203 2028 4264 contemptu
2087 4195 2140 4246 in
2193 4194 2352 4247 laude

774 4298 1008 4361 ponunt,
1058 4286 1416 4342 nihilominus
1463 4286 1836 4341 imminentem
1870 4303 1933 4341 ex
1971 4287 2049 4340 eis
2086 4287 2351 4340 condem-

775 4385 1056 4440 nationem
1101 4389 1427 4448 metuentes,
1484 4388 1592 4434 tam
1645 4381 1873 4444 fructus,
1925 4393 2088 4448 quam
2147 4380 2353 4433 reditus

775 4475 1138 4531 ecclesiarum
1181 4479 1406 4527 catteros
1450 4473 1601 4524 aiunt
1641 4470 1878 4536 auferre,
1922 4484 2142 4538 quoque
2189 4469 2355 4524 velint

776 4567 880 4637 ipsi
935 4573 1348 4634 transportare,
1384 4563 1683 4632 deiixisque
1725 4562 1778 4616 in
1807 4562 2100 4616 adventum
2137 4571 2355 4616 exacto-

2065 403 2101 466 Ι
2108 402 2202 465 US
2240 399 2684 463 CANONICUM

2349 517 2403 578 Α

2366 1963 2412 2021 Β

3918 395 4028 462 8‘28

3049 505 3370 566 ΔΛΕΞΙΟΥ.

2421 603 2493 662 Ἀ.
2516 608 2855 675 Ύπόμνημα
2902 604 3012 659 τοῦ
3051 602 3378 675 ἁγιωτάτου
3428 597 3828 675 πατριάρχου-
3861 599 4026 675 Ἀξε-

2507 667 2665 740 είουξ
2710 667 2842 741 πέρι
2890 667 3190 742 διαφόρων
3239 668 3769 742 ἐκκλησιαστικῶν
3799 667 4026 742 ὐποθέο

2507 739 2695 810 σεωκ,
2747 739 3107 812 ἀκηκουσῶὶ·
3151 742 3376 809 πάσαις
3425 740 3555 805 ταῖς
3600 739 4024 810 μητροπόλεσι

2510 819 2609 871 καὶ
2639 815 3163 885 ἀρχιεπισκοπαῖς.

2523 910 2760 975 Ἀλέξιος
2801 910 2936 978 ἐλέῳ
2994 906 3129 962 Θεοῦ
3183 903 3620 976 ἀρχιεπίσκοπος
3658 904 4023 955 Κωνσταντι-

2440 1002 2780 1066 νουπόλεως,
2844 1001 2973 1063 νέας
3027 999 3276 1069 Ῥώμης,
3347 997 3443 1049 καὶ
3490 993 3876 1064 οἰκουμενικδς
3917 1008 4024 1043 πα-

2439 1096 2729 1166 τριάρχης.

2513 1186 2634 1239 Τῶν
2671 1185 2831 1238 θείων
2855 1184 2950 1238 καὶ
2987 1183 3148 1254 ἱερῶν
3182 1181 3426 1236 κανόνων
3447 1182 3663 1254 ἑκάστῳ
3693 1183 3806 1236 τῶν
3830 1185 4020 1251 θεοιρι-

2438 1279 2715 1332 λεστάτων
2741 1277 3054 1330 ἐπισκόπων
3082 1276 3182 1344 τὴν
3209 1275 3456 1340 ἐξουσίαν
3492 1277 3601 1328 τῶν
3631 1278 4021 1346 ἐκκλησιαστι-

2441 1368 2553 1421 κῶν
2601 1367 3004 1434 ἐπιτρεπόντων
3044 1365 3408 1434 πραγμάτων,
3435 1364 3578 1419 οὕτω
3636 1366 3842 1434 μέντοι,
3877 1365 4022 1418 ῶστε

2442 1461 2678 1523 καὶτοῖς
2725 1460 3000 1528 δεομένοις
3052 1459 3149 1511 σὺν
3202 1457 3460 1526 εὐλαϐείᾳ
3512 1458 3890 1528 ἐπιχορηγεῖν,
3922 1460 4022 1510 καὶ

2443 1551 2642 1613 αὐτοὺς
2699 1548 2807 1602 τῶν
2859 1548 3091 1601 δεόντων
3155 1546 3618 1618 μεταλαμϐάνειν,
3674 1549 3822 1611 τινες
3905 1549 4022 1602 τῶν

2443 1643 2757 1696 ἐπισκόπων
2792 1643 3121 1710 ἀδιαφόρως,
3160 1641 3234 1704 ὡς
3260 1642 3326 1696 ἄν
3359 1659 3442 1703 τις
3469 1642 3644 1707 εἴποι,
3702 1643 3798 1694 καὶ
3845 1643 4021 1703 ἀδεῶς

2443 1737 2555 1797 τοῖς
2582 1734 2867 1803 πράγμασι
2897 1733 3352 1803 προσφερόμενοι,
3385 1734 3479 1786 καὶ
3511 1737 3609 1801 τῆς
3643 1733 3854 1785 ἑαυτῶν
3883 1734 4024 1803 χρὴ·

2446 1845 2582 1889 σεως
2611 1825 2784 1877 ταῦτα
2809 1824 3150 1894 ποιούμενοι,
3190 1825 3247 1876 ού
3278 1824 3436 1892 μόνον
3463 1825 3632 1888 αὐτάς
3668 1827 3768 1887 τάς
3792 1826 4021 1878 ἐπισκο-

2446 1918 2554 1980 πάς
2587 1917 2858 1988 προφάσει
2906 1916 3065 1985 δῆθεν
3098 1918 3199 1979 τὶς
3232 1916 3339 1968 τῶν
3371 1916 3582 1984 καιρῶν
3615 1918 3904 1978 δυσκολίας
3941 1919 4022 1979 εἰς

2442 2009 2667 2078 ἔσχατον
2721 2008 3066 2077 κατήνεγκαν
3111 2006 3355 2077 ὀλεθρον,
3384 2008 3522 2061 ἀλλὰ
3557 2008 3650 2060 καὶ
3680 2008 3781 2071 τάς
3819 2025 4026 2077 μητρο-

2443 2103 2649 2165 πόλεις,
2681 2101 2769 2169 ὑφ’
2800 2101 2865 2165 ἃς
2911 2100 3178 2165 τελοῦσιν,
3216 2100 3516 2169 ἀφορήτοις
3547 2102 3660 2162 τοῖς
3693 2100 4020 2170 ζημιώμασι

2442 2195 2539 2247 καὶ
2559 2197 2678 2256 ταῖς
2713 2193 3092 2263 καινοτομίαις
3113 2192 3407 2258 ὑπέϐαλον,
3441 2193 3505 2245 ἔκ
3528 2193 3623 2246 τοῦ
3645 2194 3712 2246 τά
3741 2194 4022 2263 ἀνήκοντα

2441 2286 2681 2348 ἐκείναις
2715 2286 2853 2355 βάρη
2888 2284 3093 2347 ταύτας
3138 2284 3584 2354 εἰσπράττεσθαι,
3616 2287 3713 2337 καὶ⁵
3757 2284 4025 2336 συνωθεῖ-

2443 2377 2568 2430 σθαι
2597 2377 2739 2429 κατὰ
2773 2376 2971 2446 μικρὸν
3005 2379 3086 2440 είς
3130 2377 3228 2445 τὴν
3252 2376 3445 2446 ὁμοίαν
3471 2377 3881 2445 καταστροφήν.
3904 2377 4026 2428 Διό·

2443 2486 2548 2539 περ
2578 2471 2610 2540 ἡ
2643 2469 2932 2540 μετριότης
2963 2469 3122 2540 ἡμῶν
3157 2469 3272 2539 ἃμα
3304 2471 3369 2539 τῇ
3405 2467 3716 2540 ἐνδημούσῃ
3748 2469 4029 2539 σεϐασμία

2443 2560 2647 2630 συνόδῳ
2678 2559 2744 2613 τά
2771 2560 2866 2613 τοῦ
2917 2560 3242 2630 πράγματος
3287 2559 3727 2630 διασκεψαμένη.
3785 2561 4028 2629 χαλεπὸν

2443 2649 2613 2711 ὖντως
2662 2648 2895 2718 κρίνασα
2941 2649 3036 2702 καὶ
3085 2646 3332 2717 ἀτεχνῶς
3371 2646 3661 2712 άδικον,τὸ
3687 2648 4031 2717 τηλικαύτας

2445 2741 2649 2811 ζημίας
2681 2741 3011 2810 ὑφίστασθαι
3054 2742 3153 2804 τὰς
3203 2739 3563 2811 μητροπόλεις
3598 2739 3740 2809 ὑπὲρ
3767 2740 3878 2793 τῶν
3907 2743 4031 2793 ἐπι-

2447 2835 2689 2898 σκοπῶν,
2723 2834 2782 2899 ἐξ
2823 2828 2900 2888 ὧν
2949 2833 3101 2887 οὐδὲν
3149 2834 3338 2903 κέρδος
3361 2834 3588 2896 ταύταις
3641 2834 4027 2902 προσγίνεται,

2445 2927 2555 2980 δεῖν
2613 2925 2754 2994 ἔγνω
2793 2927 2994 2999 τρόπον
3046 2925 3308 2995 ἐξευρεῖν,
3382 2926 3444 2978 οὐ
3496 2923 3649 2990 ξένον
3693 2924 3803 2978 τῶν
3856 2926 4026 2996 ἱερῶν

2446 3016 2765 3083 διατάξεων,
2818 3017 2958 3072 ἀλλά
3011 3017 3105 3070 καὶ
3147 3016 3269 3070 λίαν
3308 3017 3508 3068 οίκεῖον
3559 3015 3657 3068 καὶ⁸
3712 3015 4029 3083 σύμφωνον,

2446 3103 2492 3178 ᾧ
2549 3110 2610 3163 τὸ
2667 3109 2900 3180 ἀζήμιον
2950 3108 3180 3171 ταύταις
3229 3108 3325 3161 καὶ
3385 3107 3588 3176 ἀϐαρὲς
3651 3106 3798 3159 κατά
3848 3107 3910 3159 τὸ
3945 3110 4031 3158 ὲν-

2447 3201 2734 3271 δεχόμενον
2784 3198 3298 3271 περιποιηθήσεται.
3362 3195 3557 3250 Ἔνθεν
3582 3213 3664 3248 τοι
3699 3197 3794 3248 καὶ
3845 3196 4034 3266 διωρί-

2452 3310 2583 3346 σατο
2601 3294 2710 3345 ἀπὸ
2749 3293 2846 3362 τῆς
2879 3293 2987 3344 τῶν
3014 3290 3175 3361 ἱερῶν
3205 3290 3446 3344 κανόνων
3481 3289 3789 3352 αὑθσντίας,
3813 3289 4029 3342 οἰκονό-

2452 3402 2587 3455 μους
2629 3383 2993 3438 καθίστασθαι
3039 3384 3192 3452 παρά
3222 3381 3333 3434 τῶν
3357 3380 3792 3448 θεοφιλεστάτων
3820 3397 4030 3449 μητρο-

2450 3473 2712 3536 πολιτῶν,
2747 3471 2832 3540 ἐφ’
2877 3472 3032 3534 ὅσαις
3081 3469 3192 3524 τῶν
3252 3468 3593 3532 ἐπισκοπῶν,
3646 3466 3877 3535 ἀςρελεία
3918 3465 4029 3519 τῶν

2448 3563 2722 3618 λαϐόντων
2755 3563 2945 3627 αὐτάς,
2979 3564 3034 3615 αἱ
3072 3561 3437 3633 μητροπόλεις
3464 3558 3806 3629 ἐξημίωνται
3827 3600 3841 3620 ,
3871 3558 4034 3626 ἄχρις

2449 3646 2510 3706 οὗ
2540 3651 2599 3705 τὸ
2639 3652 2778 3721 ὑπὲρ
2806 3651 3038 3705 ἑκάστου
3063 3650 3243 3702 αὐτῶν
3269 3647 3535 3718 ζημίωμα
3582 3649 3701 3709 ταῖς
3750 3648 4034 3715 μητροπὸ-

2450 3739 2566 3792 λεσι
2599 3738 2856 3810 πορισθῇ,
2909 3738 3006 3791 καὶ
3052 3737 3342 3804 διάγνωσις
3401 3735 3652 3804 γένηται,
3702 3734 3902 3786 ὁπόθεν
3957 3735 4036 3794 εἰς

2452 3832 2685 3904 ἀπορίαν
2735 3833 2831 3885 καὶ
2873 3832 3133 3884 στένωσιν
3167 3827 3589 3896 καταφέρονται.
3637 3827 3796 3879 Ἐπεὶ
3825 3825 3885 3878 δὲ
3914 3827 4034 3878 ἑτέ-

2456 3943 2562 3996 ρων
2595 3922 2898 3984 έπισκοπάς
2957 3921 3046 3976 διὰ
3079 3920 3384 3991 μοχθηρίαν
3413 3918 3508 3970 καὶ
3539 3916 3878 3983 κακοήθειαν
3931 3918 4039 3968 τῶν

2452 4017 2731 4086 προέδρων
2762 4015 2964 4077 αὐτῶν,
2994 4013 3155 4083 ὃμοια
3187 4011 3475 4064 πείσεσθαι
3505 4009 3840 4062 ὑποπτεύειν
3870 4011 4038 4074 φασὶν

2452 4106 2500 4159 οί
2559 4104 2984 4176 μητροπολίται,
3039 4101 3136 4155 καί
3192 4117 3348 4162 τινας
3408 4097 3591 4152 αὐτῶν
3643 4099 4039 4166 σπουδάσματα

2451 4196 2791 4264 ποιουμένων
2827 4194 2922 4265 τὴν
2953 4193 3063 4246 τῶν
3092 4192 3252 4246 θείων
3277 4190 3520 4244 κανόνων
3549 4189 3886 4258 παρόρασιν,
3917 4184 4040 4242 εἶτα

2454 4287 2550 4358 τὴν
2581 4287 2640 4351 ἐξ
2667 4285 2847 4340 αὐτῶν
2881 4284 3180 4353 καταδίκην
3209 4282 3616 4353 ὑφορωμένους,
3649 4280 3780 4342 τούς
3803 4297 3864 4333 τε
3899 4299 4038 4350 καρο

2455 4380 2590 4442 ποὺς
2624 4377 2844 4439 καὶτὰς
2880 4378 3045 4440 ἄλλας
3066 4377 3360 4446 προσόδους
3379 4375 3486 4428 τῶν
3520 4374 3829 4444 ἐκκλησιῶν
3870 4375 4037 4442 ὑφαι-

2457 4471 2669 4542 ρεῖσθαι
2705 4471 2800 4525 καὶ
2852 4469 3242 4539 μετακομίζειν
3278 4468 3409 4520 ἔνθα
3456 4467 3550 4519 καὶ
3593 4465 3859 4536 βούλητόν
3893 4468 4040 4520 ἔστιν

2455 4555 2659 4626 αύτοῖς,
2700 4562 2798 4613 καὶ
2854 4560 3060 4613 σκοπὸν
3114 4561 3334 4626 ἔχοντας
3367 4554 3777 4624 ἐπιδημούντων
3799 4556 4041 4624 ἀπαιτη-

777 4677 899 4717 rum
958 4660 1156 4725 oculis,
1207 4658 1323 4714 suis
1368 4656 1614 4712 ecclesiis
1676 4655 1959 4718 excedere,
2025 4664 2188 4723 atque
2247 4655 2344 4707 alio

2460 4652 2590 4713 τῶν,
2627 4651 2926 4719 ἀποδημεῖν
2975 4649 3087 4701 τῶν
3146 4647 3455 4717 λαχουσῶν,
3502 4647 3596 4699 καὶ
3653 4647 3895 4716 ἀλλαχοῦ
3941 4665 4040 4699 που

776 4753 1157 4822 commigrare,
1216 4759 1270 4805 et
1333 4750 1399 4802 ad
1461 4749 1787 4816 metr0poles
1839 4747 2149 4800 debitorum
2200 4744 2264 4798 ad
2298 4761 2356 4799 se

777 4843 1168 4916 pertinentium
1212 4841 1551 4895 exactionem
1588 4839 1925 4892 defensionis
1973 4839 2129 4891 titulo
2172 4845 2350 4891 trans-

777 4937 992 4990 mittere
1027 4947 1041 4993 :
1080 4935 1445 4988 necessarium
1495 4939 1577 4986 est
1633 4940 1689 4984 ut
1734 4931 1788 4984 in
1841 4931 1922 4985 bis
1960 4929 2122 4983 etiam
2179 4928 2352 4995 prius,

781 5043 942 5098 quam
983 5027 1124 5094 quod
1161 5025 1480 5088 moliuntur,
1519 5023 1586 5075 ad
1622 5023 1827 5075 exitum
1860 5021 2210 5090 perducatur.
2235 5035 2357 5074 cer-

784 5118 1036 5172 titudinis
1069 5117 1264 5187 gratia,
1290 5115 1554 5184 quasique
1583 5113 1942 5166 correctionis
1977 5120 2031 5165 et
2058 5111 2352 5174 cautionis,

779 5211 969 5264 eadem
1007 5208 1145 5260 ratio
1190 5214 1436 5259 servetur
1479 5204 1723 5273 adeoque
1764 5211 2050 5256 curatores
2104 5202 2356 5256 similiter

786 5315 814 5353 a
847 5298 1282 5368 metropolitanis
1315 5298 1511 5350 dentur
1539 5337 1555 5360 ,
1585 5296 1676 5365 qui
1718 5295 1966 5348 ecclesiis
2020 5294 2165 5345 omni
2201 5293 2356 5346 adbi-

788 5392 896 5445 bita
929 5389 1300 5444 sollicitudine
1322 5404 1445 5444 cum
1476 5388 1747 5457 episcopis
1775 5401 1964 5439 earum
1998 5383 2354 5452 prospiciant,

789 5489 842 5533 ct
873 5481 1363 5536 administrationis
1393 5494 1587 5534 annua:
1613 5481 1848 5531 rationes
1881 5476 2097 5544 exigant
2140 5492 2152 5527 :
2187 5475 2360 5542 quod-

792 5588 898 5643 que
937 5573 1270 5643 superﬂuum
1306 5583 1388 5628 est
1420 5587 1481 5627 ex
1511 5570 1798 5633 reditibus,
1833 5567 2101 5638 siquidem
2151 5566 2358 5637 aliquid

2463 4742 2845 4812 μεθίστασθαι,
2881 4739 3173 4794 κάντεῦθεν
3207 4739 3345 4810 πρὸς
3375 4739 3472 4800 τὰς
3505 4738 3876 4808 μητροπόλεις
3909 4740 4043 4808 ἀμύ-

2458 4853 2554 4905 νης
2585 4833 2785 4904 τρόπον
2814 4833 2921 4882 τῶν
2949 4832 3132 4892 αὐτοῖς
3164 4829 3550 4900 προσηκόντων
3575 4828 3918 4897 ὀφλημάτων
3947 4832 4042 4898 τὴν

2457 4925 2745 4993 εἴσπραξιν
2776 4923 3191 4992 παραπέμπειν,
3217 4922 3517 4986 ἀναγκαῖον
3547 4922 3648 4972 κάν
3675 4920 3909 4983 ταύταις
3937 4923 4040 4990 πρὸ

2457 5016 2550 5070 τοῦ
2581 5018 2658 5077 εἰς
2682 5014 2832 5075 τέλος
2867 5012 3099 5081 ἀχθῆναι
3137 5012 3197 5064 τὸ
3229 5010 3690 5077 σπουδαζόμενον,
3731 5013 4041 5078 ἀσφαλείας

2461 5108 2640 5179 χάριν,
2673 5105 2766 5158 καὶ
2807 5099 2920 5157 οἷον
2956 5104 3287 5174 θεραπείας,
3318 5103 3416 5155 καὶ
3449 5103 3717 5172 φυλακῆς,
3751 5104 3845 5156 τὸν
3879 5107 4040 5156 astas

2462 5197 2766 5269 τηρηθῆναι
2803 5196 2996 5249 τύπονο
3031 5196 3127 5248 καὶ
3152 5194 3475 5264 φροντιστας
3505 5194 3706 5263 ὁμοίως
3749 5197 3906 5263 παρὰ
3936 5197 4041 5247 τῶν

2467 5287 2876 5358 μητροπολιτῶν
2931 5287 3172 5355 δοθῆναι,
3205 5287 3332 5349 τοὺς
3364 5288 3680 5355 ὀφείλοντας
3728 5287 3957 5343 ἅπασάν
3988 5306 4039 5340 τε

2463 5382 2561 5452 τὴν
2605 5383 2861 5451 πρόνοιαν
2914 5379 3024 5432 τῶν
3083 5378 3387 5448 ἐκκλησιῶν
3437 5378 3729 5442 τεθεῖσθαι,
3763 5377 3884 5446 ἃμα
3933 5385 4041 5442 τοῖς

2466 5475 2643 5529 αὐτῶν
2695 5475 3045 5537 ἐπισκόποις,
3092 5473 3186 5524 καὶ
3231 5471 3424 5539 λόγους
3473 5471 3572 5538 τῆς
3619 5471 3738 5523 κατ’
3793 5472 4042 5524 ἐνιαυτὸν

2467 5566 2891 5639 εἰσπράττεσθαι
2933 5565 3284 5635 διοικήσεως·
3335 5562 3428 5618 καὶ
3473 5564 3536 5616 τὸ
3580 5559 3906 5633 περιττεῦον
3935 5564 4039 5615 τῶν

2295 5713 2527 5768 ΝΟΤᾸΞ.

867 5834 980 5900 (20)
1019 5833 1089 5889 De
1115 5834 1276 5903 hujus
1301 5841 1458 5888 actate
1498 5832 1702 5886 dictum
1731 5833 1821 5887 lib.
1856 5831 2192 5901 praecedente
2232 5829 2413 5896 (supra
2446 5829 2545 5883 col.
2582 5828 2729 5895 HS).
