4176 6446
102 366 229 430 829

1405 370 2112 441 GRASCO-ROMANUM.

3298 400 3404 463 830

110 479 435 549 προσόδων,
490 480 542 532 εί
571 496 632 548 γε
666 498 760 534 και
821 480 1159 551 περισσεύοι,
1195 480 1255 534 τὸ
1316 480 1451 552 μὲν,
1492 482 1557 534 ὲκ
1601 480 1710 533 τῶν

1822 495 2041 554 superat
2074 488 2271 559 partim
2295 489 2362 546 iis
2393 493 2736 567 ademptum,
2763 499 2857 569 qui
2892 503 3181 574 metropoli
3211 520 3404 564 aucto-

107 574 335 639 ζημίας
396 573 586 626 αἰτίων
654 573 957 644 γινομένων
1007 577 1072 645 τῇ
1136 574 1491 644 μητροπόλει,
1540 571 1715 647 ταύτῃ

107 666 373 736 δηλονότι
393 667 737 721 ἀναδίδοσθαι
758 684 771 697 ·
795 667 855 720 τὸ
877 667 922 720 δ’
952 669 1015 721 ὲκ
1047 667 1158 720 τῶν
1180 666 1387 720 λοιπῶν
1423 669 1713 737 συντηρεῖν

107 761 227 826 τὴν
259 760 565 828 ἐκκλησίαν
599 760 1055 831 ἀκαινοτόμητον.

206 853 335 904 Ὀτι
362 853 423 905 δὲ
461 854 749 923 κανονικῆς
778 852 991 923 ἔχονται
1010 855 1299 926 ἀκριϐείας
1319 856 1384 910 τὰ
1407 852 1719 926 ὁρισθέντα,

112 943 183 1007 ἐξ
216 944 407 997 αὐτῶν
432 946 540 997 τῶν
564 946 724 998 θείων
751 946 990 1000 κανόνων
1020 948 1318 1004 δείκνυται.
1348 948 1458 1002 Καὶ
1488 947 1597 1017 γὰρ
1620 948 1648 999 ὁ
1675 942 1719 998 ε’

110 1034 220 1084 καὶ
255 1039 307 1087 κ’
350 1036 451 1103 τῆς
490 1038 548 1088 ἐν
590 1037 895 1110 Ἀντιοχείᾳ
934 1040 1156 1094 συνόδου
1201 1041 1405 1107 κανὼν,
1433 1041 1547 1104 τοῖς
1600 1039 1723 1093 ἐπι-

116 1128 368 1190 σκόποις
398 1131 499 1199 τὴν
539 1130 792 1197 ἐξουσίαν
819 1132 928 1186 τῶν
966 1134 1443 1205 ἔκκλησιαστικῶν
1493 1132 1721 1203 ἐπιτρέ-

114 1234 248 1270 πων
280 1223 653 1291 πραγμάτων,
686 1224 884 1279 κωλύει
911 1227 1271 1297 μεταὸἀλλειν
1302 1228 1444 1281 αὐτὰ
1467 1226 1547 1290 είς
1583 1224 1720 1288 ιδίας

115 1313 349 1385 χρείας,
384 1316 480 1368 καὶ
511 1315 733 1378 οἰκείοις
765 1316 943 1369 αὐτῶν
982 1319 1274 1386 συγγενέσι
1322 1318 1610 1388 παρέχειν,
1640 1318 1721 1385 είς

113 1405 184 1455 τὸ
204 1404 295 1455 διὰ
319 1404 515 1455 τούτου
548 1403 849 1474 λεληθότως
873 1405 1211 1473 βλάπτεσθαι
1238 1408 1364 1471 τοὺς
1395 1408 1587 1477 λόγους
1613 1410 1722 1465 τῶν

115 1498 471 1563 ἐκκλησιῶν.
498 1498 591 1550 Διὸ
617 1500 710 1551 καὶ
745 1498 1077 1561 ὑπευθύνους
1114 1503 1234 1562 ταῖς
1285 1502 1407 1576 κατ’
1450 1504 1721 1573 ἐπαρχίαν

121 1589 383 1651 συνόδοις
414 1589 606 1652 τιθεὶς,
646 1590 707 1642 τὸ
742 1591 949 1663 πρέπον
988 1591 1187 1655 αὐτοὺς
1234 1589 1553 1662 δοκιμάζειν
1601 1596 1722 1646 ἐπι-

118 1681 354 1749 τρέπει.
393 1682 505 1734 Καὶ
534 1683 715 1735 τοίνυν
746 1682 1048 1746 κάνταῦθα,
1076 1683 1201 1736 ἐπεὶ
1236 1684 1379 1737 κατὰ
1413 1685 1475 1736 τὸ
1497 1683 1722 1750 λεληθὸς

120 1773 272 1842 πρὸς
322 1774 424 1835 τὰς
483 1774 848 1844 μητροπόλεις
881 1774 1102 1844 ἔρχεται
1133 1777 1202 1828 τὰ
1255 1776 1356 1845 τῆς
1406 1775 1631 1845 βλάὸης,
1662 1775 1721 1828 τὸ

1824 594 1912 635 res
1951 582 2155 651 accepti
2188 582 2504 642 detrimenti
2540 598 2691 656 sunt,
2723 592 2899 648 eidem
2937 595 3237 659 reddatur:
3279 602 3407 656 reli-

1822 690 1993 743 quum
2066 678 2324 748 ecclesia,
2388 682 2541 737 nulla
2619 686 2976 746 innovatione
3041 691 3209 758 facta,
3297 694 3404 751 sibi

1823 774 2028 822 servet.

1894 860 2050 927 Quod
2070 871 2251 919 autem
2282 865 2397 924 haec
2432 883 2460 923 a
2484 870 2644 928 nobis
2667 871 2741 926 ita
2764 872 3009 939 deﬁnita,
3032 886 3402 934 consentanea

1823 951 1933 1006 sint
1961 964 2231 1010 accuratae
2272 973 2545 1013 canonum
2578 962 2783 1027 menti,
2829 978 2895 1019 ex
2923 964 3060 1033 ipsis
3083 967 3393 1019 canonibus

1824 1043 2001 1098 sacris
2048 1054 2287 1103 constat.
2319 1047 2453 1102 Nam
2499 1052 2729 1121 quintus
2776 1062 2831 1108 et
2863 1055 3166 1110 vicesimus
3209 1056 3405 1109 Antio-

1823 1131 2013 1188 chenae
2043 1138 2238 1207 synodi
2263 1154 2465 1201 canon,
2497 1150 2824 1209 potestatem
2861 1143 2916 1198 in
2948 1159 3035 1199 res
3058 1145 3406 1199 ecclesiasti-

1823 1238 1918 1279 cas
1946 1227 2217 1295 episcopis
2252 1230 2595 1293 concedens,
2653 1233 2951 1302 quominus
3000 1249 3095 1288 eas
3155 1235 3210 1288 in
3268 1249 3404 1288 usus

1822 1332 1954 1372 suos
1974 1328 2317 1383 convertant,
2344 1325 2705 1392 cognatisque
2735 1325 2851 1379 suis
2874 1326 3173 1393 praebeant,
3208 1333 3265 1379 ut
3299 1325 3402 1379 hoc

1823 1407 1988 1460 modo
2032 1410 2273 1463 rationes
2300 1414 2660 1467 ecclesiarum
2692 1417 2859 1469 tacite
2892 1416 3281 1469 detrimentum
3307 1432 3403 1470 ca-

1823 1497 1999 1567 piant,
2053 1501 2326 1568 prohibet.
2390 1504 2628 1572 ldeoque
2685 1507 3000 1561 rationibus
3044 1508 3109 1561 ad
3164 1508 3403 1578 synodos

1822 1590 2193 1658 provinciales
2256 1594 2553 1650 reddendis
2601 1597 2877 1653 obnoxios
2927 1597 3159 1665 faciens,
3217 1599 3403 1654 decori

1824 1680 2141 1747 explorandi
2163 1696 2347 1735 curam
2363 1684 2440 1738 eis
2462 1685 2715 1755 injuugit.
2742 1688 3088 1760 Quapropter
3106 1689 3193 1743 liic
3214 1691 3402 1756 etiam,

1826 1786 1948 1824 cum
1995 1773 2159 1827 tacite
2188 1772 2450 1828 damnum
2498 1778 2564 1831 ad
2625 1779 2774 1847 ipsas
2808 1782 3139 1848 inctrnpoles
3188 1782 3401 1843 redeat,

119 1867 351 1934 πρέπον
382 1866 414 1934 ἡ
438 1865 559 1917 καθ’
584 1867 730 1935 ἡμᾶς
748 1867 880 1933 ἁγία
913 1868 1130 1930 σύνοδος
1152 1868 1522 1936 δοκιμάσασα,
1550 1869 1719 1936 ἀναγ-

1828 1861 1941 1916 litec
1969 1873 2157 1916 saneta
2192 1867 2435 1935 synodus
2468 1880 2676 1936 nostra,
2705 1870 2889 1924 decori
2924 1874 3138 1925 ratione
3188 1873 3403 1936 habita,

121 1959 307 2020 καὲως
369 1960 469 2028 τὴν
510 1960 618 2011 τῶν
655 1960 958 2029 οἰκονόμων
1022 1960 1363 2029 προχείρισιν
1410 1960 1717 2025 διετάξατο,

119 2050 277 2103 κατᾶ
312 2050 407 2103 τὸν
444 2051 511 2103 ια’
548 2052 791 2121 δηλονότι
817 2053 917 2122 τῆς
959 2054 1197 2123 ἐῦδίμης
1231 2055 1453 2107 συνόδου
1495 2055 1718 2109 κανόνα.

122 2146 362 2197 Ἀδειαν
407 2144 519 2215 γὰρ
557 2147 763 2209 ἐκεῖνος
801 2146 986 2198 δίδωσι
1037 2146 1131 2198 καὶ
1175 2146 1251 2216 τῷ
1284 2147 1574 2217 ἁγιωτάτῳ
1617 2164 1723 2200 πα·-

116 2238 395 2307 τριάρχῃ,
437 2239 531 2290 καὶ
582 2240 693 2300 τοῖς
736 2238 1054 2308 ἱερωτάτοις
1099 2239 1547 2310 μητροπολίταις,
1580 2241 1723 2293 οἰκο-

119 2329 334 2396 νόμους
374 2326 641 2398 καθιστᾷν
693 2330 752 2381 ἑν
784 2332 901 2393 ταῖς
945 2331 1286 2403 ἐκκλησίαις,
1312 2325 1388 2385 ὧν
1431 2331 1479 2383 οἱ
1516 2348 1722 2401 μητρο-

121 2420 356 2472 πολῖται
379 2422 475 2472 καί
498 2422 547 2471 οἱ
565 2421 854 2473 ἐπίσκοποι
873 2420 1031 2473 τοῦτο
1054 2424 1226 2474 ποιεῖν
1250 2421 1347 2474 ούκ
1366 2421 1719 2490 ἀνέχονται·

123 2515 223 2565 καὶ
247 2514 443 2575 κακῶς
465 2513 534 2564 τὰ
566 2513 674 2564 τῶν
726 2512 1065 2582 Ἐκκλησιὼν
1110 2514 1404 2567 διέπουσιν.
1445 2514 1564 2565 ’Ότι
1606 2512 1662 2564 δὲ
1694 2512 1724 2565 ὁ

121 2608 383 2668 τοιοῦτος
415 2605 594 2659 κανῶν
624 2606 701 2675 τῷ
732 2605 827 2659 τοῦ
852 2605 1121 2678 προτέρου
1149 2608 1364 2679 συνᾴδει
1402 2605 1613 2676 σκοπῷ,
1637 2606 1726 2657 ού-

120 2700 252 2752 δένα
278 2694 442 2768 οἶμαι
475 2698 895 2767 διαμεριϐάλλειν
928 2700 1037 2753 τῶν
1079 2700 1155 2770 μὴ
1201 2702 1497 2770 παρέργως
1537 2700 1722 2761 αὐτοῖς

120 2789 219 2840 τὸν
264 2786 397 2840 νοῦν
422 2786 787 2855 ἐφιστὼντων.
843 2790 997 2842 Ἐπεὶ
1021 2789 1112 2843 οὖν
1144 2790 1398 2853 ἐνταῦθα,
1433 2790 1508 2851 ὼς
1536 2789 1724 2859 σαφῶς

121 2881 542 2944 ἀποδέδεικται,
562 2883 672 2941 τοῖς
690 2881 852 2944 θείοις
869 2884 1089 2935 κανόσιν
1108 2883 1365 2952 ἑπόμενοι
1386 2883 1452 2935 τὰ
1468 2881 1723 2953 ἀνωτέρω

124 2973 409 3041 εἰρημένα
466 2971 899 3042 διετυπὼσαμεν,
964 2973 1046 3025 δεῖ
1109 2973 1283 3026 ταῦτα
1328 2972 1723 3042 διενεργείσθαι

121 3060 583 3129 ἀναμφιλέκτως,
615 3060 706 3112 ἐπί
750 3077 808 3112 τε
834 3059 942 3112 τῶν
975 3060 1075 3131 ἤδη
1109 3060 1388 3129 προξένων
1418 3062 1723 3129 γεγονότων

123 3153 337 3224 ζημίας
370 3157 492 3213 ταῖς
524 3152 923 3223 μητροπόλεσιν
971 3155 1307 3218 ἐπισκόπων,
1357 3157 1449 3207 καὶ
1483 3155 1573 3206 ἐπὶ
1614 3153 1723 3206 τῶν

1826 1957 2142 2009 necessario
2173 1959 2596 2013 constituendos
2622 1960 3105 2017 administratores
3134 1965 3399 2027 decrevit,

1825 2048 2129 2101 secundum
2168 2064 2221 2103 x1
2265 2051 2478 2106 Scilicet
2505 2054 2726 2107 concilii
2760 2054 2981 2123 septimi
3017 2068 3309 2108 canonem.
3356 2053 3405 2108 is

1823 2140 1968 2193 enim
2002 2140 2278 2194 licentiam
2319 2142 2411 2196 dat
2451 2152 2563 2198 tum
2621 2146 2981 2200 sanetissimo
3044 2147 3401 2215 patriarcha',

1824 2236 1938 2283 tuin
1974 2233 2370 2286 sacratissimis
2412 2237 2854 2304 metroliolitanis
2887 2250 3204 2291 mcenomns
3247 2238 3299 2291 in
3340 2236 3406 2292 iis

1824 2322 2079 2376 ecclesiis
2133 2326 2545 2391 constituendi,
2607 2342 2843 2397 quarum
2898 2329 3303 2397 metropolitani
3353 2338 3405 2383 et

1824 2413 2067 2485 episcopi
2128 2415 2231 2470 hoc
2290 2416 2472 2473 facere
2527 2433 2636 2473 non
2670 2421 2967 2483 Sustineat,
3006 2432 3097 2474 aut
3138 2422 3279 2475 male
3316 2438 3405 2476 res

1823 2508 2181 2562 ecclesiarum
2211 2510 2623 2565 administrant.
2662 2512 2815 2578 Quod
2858 2520 3039 2567 autem
3078 2529 3254 2566 canon
3301 2512 3395 2567 ille

1825 2616 1947 2655 cum
1982 2616 2151 2669 scopo
2181 2604 2384 2671 prioris
2422 2606 2755 2671 consentiat,
2790 2608 3065 2661 neminem
3097 2623 3162 2661 ex
3192 2607 3260 2660 iis
3287 2622 3404 2659 {liti-

1824 2696 2009 2766 bigei-e
2027 2698 2285 2761 arbitror,
2322 2698 2413 2768 qui
2438 2714 2545 2753 non
2576 2701 2753 2757 otiose
2788 2711 3028 2758 mentem
3053 2703 3106 2758 in
3128 2706 3238 2759 eos
3268 2702 3402 2758 deﬂ-

1823 2798 1980 2858 gunt.
2016 2788 2151 2842 Cum
2192 2790 2358 2859 igitur
2411 2792 2519 2857 hic,
2574 2795 2650 2848 uti
2704 2796 2911 2864 liquido
2964 2797 3406 2853 deu'ionstratnm

1824 2890 1929 2945 est,
1966 2896 2252 2935 sacrorum
2283 2898 2558 2937 canonum
2588 2886 2836 2955 vestigiis
2862 2889 3212 2957 insistentes,
3251 2906 3411 2961 supe-

1825 2973 1941 3028 rius
1984 2973 2225 3027 indicata
2255 2976 2681 3043 sanciverimus,
2738 2988 2957 3050 oportet
2993 2998 3054 3035 ea
3086 2983 3221 3035 citra
3276 2999 3406 3038 cou-

1824 3064 2205 3119 tradittionem
2239 3068 2487 3137 exsequi,
2564 3077 2674 3122 tam
2736 3070 2786 3123 in
2839 3072 2905 3126 iis
2954 3074 3251 3141 episcopis,
3309 3076 3403 3145 qui

1825 3155 2090 3211 hactenus
2118 3167 2369 3210 auctores
2415 3158 2729 3212 esstiterint
2763 3163 2974 3231 accepti
3002 3164 3402 3232 metropolibus

122 3244 225 3313 ἥδη
255 3244 756 3313 προσδοκωμένων.
794 3246 889 3297 καὶ
934 3244 1119 3307 κακῶς
1154 3246 1221 3296 τὰ
1260 3244 1368 3297 τῶν
1411 3245 1720 3314 ἐκκλησιῶν

1826 3248 2037 3309 damni,
2071 3264 2231 3316 quam
2264 3248 2357 3317 qui
2417 3250 2674 3320 deinceps
2710 3262 3125 3323 exspectantur,
3177 3266 3230 3309 et
3265 3257 3405 3310 male

123 3337 605 3404 καταχρωμένων,
642 3340 734 3391 καὶ
785 3339 1215 3408 ἔκποιουμὲνων,
1260 3337 1355 3389 καὶ
1398 3338 1719 3407 σκορπιζόν-

124 3446 234 3482 των
272 3426 673 3499 ἀνελευθέρως,
698 3427 733 3481 ἃ
776 3429 875 3482 ούκ
906 3430 1314 3500 ὲπισυνήγαγον
1368 3430 1581 3493 αύταῖς,
1626 3430 1720 3483 καὶ

129 3521 378 3589 μάλιστα
408 3521 518 3573 τῶν
547 3520 613 3573 τὰ
636 3521 892 3591 ἀλλότρια
914 3522 1172 3592 κτήματα
1201 3520 1718 3590 ἐκλαμϐανομένων,

125 3616 157 3685 ἦ
191 3615 292 3669 καὶ
327 3614 610 3677 κοσμικὰς
646 3615 880 3680 ἀναξίως
919 3613 1455 3685 μεταχειριζομένων
1502 3613 1720 3685 φροντί-

123 3708 245 3771 δας,
290 3708 487 3760 τῶνδὲ
532 3708 630 3779 τῆς
660 3707 932 3777 λαχούσης
980 3709 1176 3771 αὐτοὺς
1209 3706 1719 3778 καταφρονούντων.

140 3803 311 3856 Ἀλλὰ
358 3804 459 3854 καὶ
494 3801 604 3855 τῶν
633 3801 912 3864 τοιούτων,
950 3804 997 3855 εἰ
1041 3802 1119 3871 μὴ
1152 3801 1591 3873 μεταϐάλλοιντο,
1627 3799 1722 3851 καὶ

131 3896 465 3965 καθαίρεσιν
514 3893 727 3946 τελείαν
773 3894 821 3945 οξ
866 3891 960 3945 τοῦ
996 3892 1155 3961 λόγου
1185 3892 1386 3960 μύσται
1417 3892 1511 3943 καὶ
1548 3905 1720 3959 μυστ-

128 3988 346 4051 αγωγοί
379 3984 489 4036 τῶν
519 3983 781 4053 Πατέρων
810 3985 905 4036 σὺν
935 3983 1118 4046 αὐτοῖς
1147 3982 1375 4044 ἐκείνοις
1407 3980 1721 4051 καταψηφί-

132 4076 340 4139 ζονται,
388 4072 616 4141 μηδενὸς
650 4071 906 4141 ἐμποδίου
938 4072 1086 4140 παρὰ
1119 4072 1227 4123 τῶν
1270 4072 1586 4125 ἐπισκόπων
1621 4073 1721 4123 ἑπ-

134 4168 415 4235 αγομένου
444 4167 555 4227 τοῖς
583 4163 1103 4235 πράγμασιν,ἅ.χρις
1130 4157 1189 4216 οὗ
1215 4164 1280 4215 τά
1306 4181 1362 4216 τε
1384 4162 1719 4234 ζημιώματα

132 4262 253 4321 ταῖς
298 4257 707 4328 μητροπόλεσιν
762 4256 1028 4327 ίκανωθῇ,
1061 4258 1119 4323 ἐξ
1157 4250 1232 4309 ὧν
1269 4260 1363 4310 καὶ
1419 4257 1717 4327 ὲπηνέχθη,

133 4356 229 4407 καὶ
246 4354 542 4418 διάγνωσις
570 4350 793 4418 γένηται
822 4348 913 4401 τοῦ
941 4348 1153 4413 λοιποῦ,
1189 4348 1299 4402 εἴτε
1327 4349 1462 4418 πρὸς
1493 4350 1559 4401 τὰ
1595 4351 1719 4401 ἑπι-

133 4446 371 4511 κείμενα
402 4441 631 4504 ταύταις
672 4440 963 4507 ὲξαρκούσι
1016 4440 1180 4509 βάρη,
1218 4441 1326 4493 εἴτε
1378 4442 1469 4492 καὶ
1508 4441 1603 4510 μή.
1654 4440 1717 4493 Εἰ

132 4540 188 4590 δέ
218 4555 284 4605 γε
332 4536 441 4604 πρὸ
476 4533 569 4587 τοῦ
604 4531 776 4586 ταῦτα
813 4532 1085 4599 γενέσθαι,
1148 4533 1437 4601 τολμήσειε
1488 4550 1572 4595 τις
1610 4533 1718 4584 τῶν

134 4629 459 4682 ἐπισκόπων
527 4625 803 4695 πρόφασιν
862 4624 1199 4695 ἐμποδισμοῦ
1253 4628 1361 4688 τοῖς
1416 4624 1722 4695 οἰκονόμοις

132 4716 553 4787 ἐπενεγκεῖν,ῆ
611 4715 1013 4786 παρενοχλῆσαι
1066 4718 1179 4777 τοῖς
1229 4717 1542 4786 πράγμασι,
1580 4717 1720 4787 πλὴν

132 4813 227 4866 τοῦ
258 4811 644 4865 ἀναδιδάσκειν
684 4809 737 4859 εί
778 4826 828 4862 τι
858 4809 965 4861 τῶν
992 4810 1126 4878 πρὸς
1173 4810 1442 4877 ὠφέλειαν
1481 4812 1590 4863 τῶν
1625 4812 1720 4864 ὲκο

135 4903 383 4973 κλησιῶν
422 4902 744 4955 ἐπίστανται
798 4901 1109 4963 συντελεῖν,
1173 4903 1333 4965 αὐτὸς
1395 4903 1571 4973 ἑαυτῷ
1620 4904 1720 4974 τῆς

137 4996 386 5065 μείζονος
417 4993 717 5060 καταδίκης
746 4994 1033 5061 γενήσεται
1063 4994 1340 5062 πρόξενος,
1362 4995 1435 5058 ὡς
1456 5000 1564 5058 τοῖς
1595 5013 1720 5049 συν-

134 5087 337 5149 οδικῶς
404 5086 498 5138 καὶ
565 5086 865 5149 κανονικὼς
930 5088 1228 5158 ὁρισθεῖσιν
1283 5088 1716 5159 ἐναντιούμενος.

148 5178 314 5232 Ἀλλὰ
346 5177 480 5247 μηδὲ
506 5177 603 5247 τῆς
635 5177 777 5228 κατὰ
797 5178 896 5248 τὴν
928 5178 1195 5248 ἐπαρχίαν
1228 5180 1448 5232 συνόδου
1479 5179 1716 5249 ἀπολιμ-

137 5273 410 5326 πάνεσθαι
452 5275 581 5335 τοὺς
609 5271 962 5335 ἐπισκόπους,
1006 5272 1175 5341 χωρὶς
1208 5273 1516 5341 ἀναγκαίας
1574 5277 1721 5339 τινὸς

137 5367 229 5417 καὶ
254 5364 640 5434 ἀπαραιτήτου
671 5364 872 5427 αἰτίας,
902 5365 1155 5435 συνοδικῂ
1197 5364 1364 5436 {nisi}.
1415 5368 1506 5419 καὶ
1538 5368 1719 5436 κρίσει

138 5455 513 5527 διοριζόμεθα.
561 5456 649 5519 Ὠς
704 5456 812 5527 γὰρ
855 5459 947 5509 ἐπὶ
1004 5456 1312 5528 λυσιτελεὶᾳ
1385 5460 1591 5513 πολλῶν
1627 5461 1720 5515 καὶ

143 5550 429 5618 οἰκοδομῇ,
468 5551 612 5617 τάχα
653 5549 707 5601 δὲ
765 5551 858 5602 καὶ
897 5550 1181 5618 διορθώσει
1232 5553 1489 5605 ὲναντῖων
1556 5556 1720 5608 τινῶν

146 5641 567 5710 συμπιπτόντων
603 5640 902 5710 ἑκασταχῆ,
952 5642 1030 5694 δεῖ
1078 5645 1138 5695 ἐκ
1192 5645 1388 5706 παντὸς
1418 5647 1582 5697 τόπου
1624 5647 1720 5717 τὴν

146 5732 462 5785 συνέλευσιν
492 5732 773 5799 γίνεσθαι·
819 5734 911 5786 καὶ
939 5736 964 5785 ό
1000 5735 1307 5801 ἀνευλόγιιμς
1361 5736 1563 5804 ταύτης
1614 5740 1719 5806 ἀερ-

147 5824 407 5895 υστερὼν,
430 5824 458 5893 ἦ
485 5825 817 5897 κχλούμενος
843 5829 1102 5891 ἀπειθεῖν,
1126 5831 1167 5880 εξ
1190 5830 1261 5899 μὴ
1292 5830 1718 5900 ῖπὶπροςοὶῖιστνη

1824 3342 1989 3395 rebus
2033 3340 2397 3393 ecclesiarum
2449 3341 2777 3405 abutuntur,
2822 3359 3028 3413 easque
3059 3345 3320 3410 alienant,
3351 3354 3404 3402 et

1824 3432 2164 3487 illiberaliter
2199 3432 2630 3505 diSsipaiit,qme
2660 3451 2756 3505 pro
2795 3437 2874 3490 eis
2901 3436 3000 3507 ipsi
3031 3454 3137 3490 non
3170 3439 3402 3506 colleg-e-

1826 3534 1952 3579 runt
1974 3541 2063 3592 ;ac
2089 3530 2411 3596 prmsertim,
2431 3529 2523 3597 qui
2545 3532 2723 3583 aliena
2751 3529 2952 3598 prardia
2974 3528 3282 3583 conducunt
3311 3538 3403 3584 aut

1824 3617 2105 3689 indignum
2145 3620 2199 3672 in
2240 3619 2465 3673 modum
2506 3620 2819 3675 mundanas
2845 3623 3162 3675 curationes
3198 3623 3249 3673 in
3281 3636 3403 3675 sese

1824 3710 2155 3777 suscipuint,
2182 3724 2305 3762 cum
2338 3724 2421 3763 res
2446 3709 2696 3764 ecclesia:
2729 3710 2833 3764 sibi
2868 3712 3264 3766 commendata:
3307 3726 3404 3763 nc-

1824 3804 2045 3873 gligant.
2081 3801 2222 3867 Quin
2248 3801 2413 3854 etiam
2444 3804 2603 3866 tales,
2634 3803 2741 3858 nisi
2773 3811 3077 3866 mutentur,
3103 3802 3403 3871 depositio-

1824 3895 1910 3950 nis
1945 3895 2116 3965 pleua:
2142 3894 2411 3948 sententia
2438 3905 2627 3965 mysta:
2654 3896 2804 3949 verbi
2855 3894 3069 3957 l'atres,
3103 3902 3156 3950 et
3197 3905 3400 3964 myste-

1824 3989 2030 4041 riorum
2072 3987 2350 4048 doctores,
2397 4004 2501 4040 una
2545 4003 2671 4042 cum
2727 3988 2862 4057 ipsis
2903 3987 3167 4042 damnant
3206 4007 3219 4041 :
3252 3989 3401 4040 uul!o

1823 4082 2213 4150 impedimento
2250 4084 2412 4135 rebus
2437 4098 2534 4150 per
2557 4083 2844 4151 episcopos
2894 4082 3195 4146 aﬂ'erendo,
3228 4082 3402 4135 donec

1823 4180 1876 4227 et
1914 4173 1981 4227 de
2011 4172 2229 4226 damnis
2262 4171 2606 4226 satisfactum
2663 4174 3064 4244 inetrnpolibus
3127 4172 3291 4227 fuerit
3335 4177 3402 4227 ab

1824 4268 1912 4333 iis,
1942 4283 1969 4321 a
1997 4268 2198 4337 tltllbUS
2224 4268 2375 4320 illata
2418 4275 2586 4332 sunt,
2622 4275 2675 4321 Ct
2719 4268 3042 4337 cognitione
3074 4268 3140 4320 fat
3162 4276 3236 4333 ta,
3271 4284 3403 4321 Can-

1824 4362 2027 4416 stiterit
2058 4361 2110 4412 in
2147 4368 2451 4429 posterum,
2505 4374 2571 4413 an
2621 4359 3072 4413 incumbentibus
3114 4360 3218 4413 sibi
3256 4358 3405 4411 selli-

1823 4453 1972 4505 ciaut
2002 4453 2266 4505 oneribus
2302 4451 2657 4521 metropnles,
2716 4467 2909 4505 necne.
2955 4451 3113 4517 Quod
3153 4452 3194 4505 si
3224 4452 3399 4519 prius,

1753 4586 1800 4642 υ
1826 4558 1988 4611 quam
2026 4544 2137 4594 haec
2173 4541 2323 4607 ﬁant,
2366 4544 2745 4611 episcoporum
2796 4542 3067 4611 quispiam
3107 4541 3269 4596 fuerit
3302 4557 3403 4593 au-

1818 4650 1921 4705 sus
1972 4634 2347 4701 impedimenti
2409 4648 2629 4687 causam
2664 4636 2967 4687 ωοοιιοιιιίε
2997 4633 3260 4702 objicere,
3313 4632 3399 4685 vel

1824 4726 2133 4779 molestiam
2196 4724 2434 4794 negotiis
2474 4724 2700 4779 atl‘erre:
2752 4736 2906 4778 extra
2928 4738 3090 4792 quam
3123 4723 3167 4776 si
3201 4722 3403 4777 docere

1825 4818 1954 4871 velit
1996 4816 2203 4887 aliquid
2264 4832 2481 4881 eorum,
2530 4831 2652 4884 quae
2698 4817 2988 4870 commodo
3038 4815 3398 4867 ecclesiarum

1823 4910 2097 4965 servitura
2132 4909 2318 4962 norint
2360 4926 2373 4962 :
2420 4909 2466 4962 is
2492 4909 2645 4977 ipsus
2680 4908 2788 4963 sibi
2824 4907 3099 4977 gravioris
3129 4906 3399 4961 condem-

1824 5001 2065 5056 natiouis
2117 5001 2442 5055 conciliator
2498 5001 2623 5062 crit,
2676 5008 2733 5053 ut
2787 5002 2878 5070 qui
2923 4999 3165 5053 deﬁnitis
3197 5015 3261 5053 cx
3300 5013 3401 5051 au-

1823 5093 2081 5147 ctoritate
2110 5092 2448 5162 synodorum
2476 5101 2529 5146 et
2559 5107 2835 5147 canonum
2876 5092 3217 5147 adversetur.
3257 5089 3398 5156 Quin

1821 5191 1982 5243 etiam
2018 5202 2085 5242 ne
2120 5188 2553 5257 provincialibus
2584 5189 2829 5258 episcopi
2861 5186 3089 5259 synodis
3127 5187 3399 5241 interesse

1822 5280 2124 5351 negligant,
2158 5280 2365 5349 absque
2407 5282 2720 5335 necessaria
2773 5282 3008 5351 quadam
3065 5288 3119 5334 et
3168 5279 3396 5334 minime

1822 5373 2045 5439 rejicula
2071 5387 2234 5427 causa
2267 5371 2515 5442 synodali
2540 5372 2765 5428 decreto
2784 5374 3166 5444 sententiaque
3192 5374 3392 5429 statui-

1824 5480 1968 5518 mus.
2002 5464 2214 5535 Quippe
2253 5473 2513 5535 tanquam
2540 5465 2607 5519 ad
2669 5467 2955 5521 utilitatem
3011 5468 3302 5520 multormu
3346 5476 3399 5520 et

1821 5557 2258 5623 aedificationem,
2291 5573 2353 5612 ac
2379 5558 2628 5612 fortassis
2647 5559 2809 5611 etiam
2843 5557 3235 5613 eorreCtionem
3266 5572 3400 5610 cuii-

1822 5652 2115 5703 trariorum
2148 5650 2536 5720 qum'umdaiu,
2577 5650 2809 5720 singulis
2867 5650 3205 5719 temporibus
3257 5650 3393 5702 inci-

1823 5744 2086 5807 dentium,
2113 5757 2142 5796 c
2174 5744 2368 5811 quovis
2403 5742 2842 5798 conveniemluiu
2887 5751 2970 5796 est
3022 5742 3143 5796 loco
3171 5759 3185 5795 :
3220 5749 3271 5795 et
3303 5740 3394 5809 qui

1824 5836 2028 5907 absque
2060 5834 2207 5903 justa
2239 5850 2402 5891 causa
2443 5850 2469 5889 a
2504 5833 2979 5897 conveutwabcxt,
3012 5842 3102 5889 aut
3164 5841 3388 5888 vocatus
