4176 6446
710 419 809 486 831

2038 412 2073 473 J
2078 411 2176 474 US
2213 407 2651 471 CANONICUM

3872 395 3986 458 832

714 551 821 588 non
855 538 1028 601 paret,
1061 543 1167 589 utSt
1198 529 1536 604 probabilem
1568 528 1837 584 rationem
1888 525 2153 582 absentiae
2181 537 2294 579 sure

2420 521 2555 590 ,όγον
2596 517 2868 573 ἀποδώσει
2909 517 3008 586 τῆς
3058 513 3254 569 ἑαυτοῦ
3303 509 3666 581 ἀπολείψεως,
3726 506 3824 561 καὶ
3881 506 3982 559 τοῦ

715 624 1033 690 reddiderit,
1090 632 1145 680 et
1192 623 1565 695 impedimenti
1612 622 1861 677 futurum
1916 621 2073 687 sciat,
2123 627 2185 676 ut
2235 620 2291 674 in

715 732 838 771 eum
876 717 1147 771 sententia
1190 717 1418 780 feratur,
1468 716 1613 771 sicut
1644 718 1789 770 inter
1831 722 2062 771 exteros
2093 714 2293 769 multos

716 809 880 861 etiam
913 823 1096 862 Lxxvtt
1155 807 1348 878 synodi
1383 806 1839 877 Carthaginiensis
1884 822 2063 861 canon
2102 806 2289 862 decer-

716 902 817 955 nit.
852 899 1039 970 Neque
1063 915 1194 954 vrro
1226 899 1361 954 fines
1388 900 1597 955 alienos
1614 900 1665 954 hi
1690 899 1982 955 ambitiose
2010 899 2291 965 invadant,

716 999 771 1043 et
793 1002 944 1045 extra
987 991 1189 1045 limites
1239 1007 1370 1046 suos
1398 991 1671 1056 ordinent,
1718 1002 1883 1061 atque
1940 990 2039 1045 hac
2081 992 2296 1047 ratione

720 1085 1068 1139 confusionis
1102 1094 1360 1141 auctores
1400 1087 1534 1151 sint,
1569 1084 1663 1155 qui
1700 1085 1827 1138 boni
1853 1084 2066 1139 ordinis
2098 1099 2297 1139 exem-

720 1176 870 1246 plum
905 1177 995 1231 alii
1032 1178 1146 1232 fieri
1177 1178 1395 1244 debent,
1420 1187 1471 1233 et
1491 1178 1725 1249 primum
1753 1178 1972 1233 virtutis
2002 1176 2300 1247 exemplari

720 1284 902 1338 neque
928 1270 1162 1326 clericos
1186 1272 1413 1325 alterius
1459 1270 1757 1341 provincia:
1786 1284 2113 1340 quocunque
2140 1267 2302 1323 modo

722 1359 1037 1423 admittant,
1072 1362 1282 1431 absque
1309 1364 1584 1417 sententia
1615 1372 1669 1418 et
1697 1364 1905 1431 scripto
1930 1361 2177 1431 episcopi
2214 1361 2303 1416 sui

720 1452 1189 1517 commendatitio,
1219 1455 1682 1524 quemadmodum
1725 1454 1869 1510 sacri
1895 1454 2179 1523 divinique
2209 1466 2303 1506 ca-

726 1559 902 1598 nones
939 1546 1252 1615 requirunt.
1299 1547 1454 1612 Quod
1493 1548 1665 1617 magis
1696 1549 1861 1602 etiam
1891 1548 1944 1601 in
1971 1546 2077 1599 hac
2112 1553 2306 1601 custo-

726 1636 839 1691 dita
866 1637 1129 1693 divinitus
1163 1640 1298 1695 urbe
1323 1641 1425 1695 rite
1455 1641 1788 1704 servabitur,
1818 1648 2008 1710 utpote
2038 1639 2106 1692 ad
2138 1652 2305 1708 quam

724 1727 1016 1781 constituti
1060 1729 1265 1800 ubique
1307 1740 1577 1785 terrarum
1631 1730 1839 1796 clerici,
1888 1717 1964 1785 rei
2008 1731 2212 1800 pariter
2252 1736 2307 1782 et

728 1830 841 1870 non
876 1818 977 1881 rei,
1008 1820 1247 1874 ordinati
1276 1830 1463 1874 etnon
1491 1820 1752 1881 ordinati,
1790 1818 2098 1882 conﬂuunt,
2126 1818 2305 1873 nemi-

730 1922 909 1967 neque
938 1909 1261 1975 prohibente
1294 1918 1456 1965 sacra
1481 1918 1769 1980 peragunt.
1799 1910 1908 1965 Nec
1950 1911 2075 1965 item
2106 1926 2308 1967 secun-

730 1996 819 2052 dis
865 1998 1059 2069 illigati
1096 2001 1323 2069 nuptiis,
1353 2000 1499 2070 quod
1535 2001 1740 2069 passim
1782 2000 1894 2069 jam
1939 2000 2057 2054 ﬁeri
2096 2004 2312 2072 accepi—

733 2102 879 2153 mus,
936 2088 1020 2143 vel
1068 2090 1397 2145 criminibus
1461 2092 1646 2145 vetitis
1703 2092 1950 2156 obnoxii,
2001 2093 2085 2147 vel
2133 2094 2312 2149 adhuc

732 2178 1069 2248 impuberes,
1099 2181 1186 2237 vel
1236 2182 1661 2238 accuratissime
1693 2184 2009 2239 testimonio
2038 2184 2309 2253 destituti,

734 2270 819 2327 vel
852 2271 942 2341 qui
972 2272 1124 2342 prius
1149 2273 1282 2329 alias
1316 2274 1419 2329 sibi
1446 2275 1947 2345 desponderunt,ct
1970 2277 2095 2331 aliis
2126 2284 2312 2348 postea

730 2361 908 2433 juncti
938 2373 1070 2420 sunt
1091 2366 1444 2421 matrimonio
1475 2382 1702 2437 prorsus
1723 2366 1788 2421 ad
1814 2368 2186 2423 sacerdotium
2217 2369 2314 2425 ad-

734 2455 1049 2511 mittantur.
1108 2456 1240 2511 Nam
1304 2459 1397 2527 qui
1445 2460 1562 2513 haec
1592 2474 1701 2513 non
1731 2462 2025 2515 observant
2070 2461 2313 2531 episcopi

734 2546 866 2602 dum
898 2562 1142 2604 canones
1184 2550 1415 2615 violant,
1458 2552 1820 2607 acanonibus
1882 2553 2315 2621 abdicabuntur,

735 2645 792 2711 et
822 2637 1189 2694 interminatis
1220 2654 1315 2708 per
1340 2655 1437 2695 eos
1490 2641 1669 2710 pinnis
1726 2642 2124 2698 inevitabiliter
2144 2644 2319 2713 ειη)ῇί-

740 2726 977 2782 cientur.
1015 2729 1264 2785 Clericos
1301 2740 1483 2786 autem
1521 2747 1643 2787 cum
1674 2732 1888 2789 clericis
1919 2735 2317 2806 disceptantes,

742 2828 836 2873 aut
860 2821 1158 2876 monachos
1179 2837 1303 2876 cum
1328 2823 1631 2889 monachis,
1656 2826 1797 2894 apud
1816 2824 2129 2896 episcopum
2158 2843 2320 2883 suum

740 2909 942 2964 debere
966 2912 1057 2981 jus
1099 2922 1305 2981 petere,
1338 2928 1527 2969 sacros
1579 2930 1820 2972 canones
1856 2918 2159 2987 sequendo,
2191 2935 2320 2988 pro-

741 3002 1084 3057 nuntiamus.
1110 3004 1311 3059 Clerici
1339 3021 1468 3061 vero
1493 3021 1616 3059 cum
1648 3008 1942 3077 episc0pis,
1975 3010 2056 3063 vel
2078 3009 2321 3080 episcopi

744 3108 869 3148 cum
901 3095 1205 3165 episc0pis,
1259 3095 1404 3166 apud
1465 3100 1950 3169 metropolitanum
2001 3103 2318 3170 provinciae,

744 3185 958 3256 synodo
984 3187 1409 3252 interveniente,
1444 3198 1630 3260 agant.
1671 3191 1768 3245 Sin
1816 3192 2042 3262 aliquod
2075 3195 2322 3251 incidens

745 3278 1162 3345 olleudicnlum,
1181 3282 1548 3352 suspicionem
1568 3285 1817 3338 alterutri
1839 3286 2071 3355 partium
2098 3288 2284 3357 gignat
2305 3305 2319 3343 :

746 3370 812 3423 ad
843 3371 1253 3426 sanctissimum
1305 3373 1575 3443 cujusque
1605 3376 1869 3444 temporis
1925 3376 2323 3445 patriarchatn,

746 3470 799 3515 et
823 3462 890 3515 ad
921 3478 1141 3517 sacrum
1174 3480 1545 3535 magnumque
1595 3467 1891 3521 concilium
1926 3479 2204 3522 reservata
2234 3471 2324 3534 lis,

748 3552 1036 3608 decidatur
1066 3571 1080 3608 :
1114 3570 1223 3608 non
1248 3563 1429 3610 tamen
1457 3558 1660 3626 absque
1677 3560 1944 3613 sententia
1973 3569 2023 3612 et
2045 3574 2327 3614 commen-

748 3644 941 3698 datitio
975 3645 1382 3713 metropolitani
1419 3648 1647 3718 scripto,
1671 3648 1862 3703 urbem
1919 3650 2327 3717 imperatricem

750 3737 1044 3805 cpiscopus
1110 3736 1472 3807 ingrediatur,
1534 3739 1620 3792 vel
1684 3740 1794 3794 alio
1838 3740 2329 3809 peregrinationem

752 3827 1029 3891 instituat,
1075 3829 1120 3882 si
1154 3845 1261 3897 qua
1289 3830 1604 3884 necessaria
1634 3846 1722 3885 res
1757 3831 1828 3884 ita
1864 3830 2087 3900 ﬂagitet.
2119 3832 2331 3902 Quippe

759 3919 1061 3975 canonibus
1101 3918 1396 3974 obnoxium
1423 3936 1684 3991 reumque
1718 3937 1838 3978 sese
1865 3923 2076 3979 reddet.
2105 3923 2331 3994 Episco-

757 4030 887 4085 pum
929 4021 1134 4077 autem,
1164 4012 1258 4083 qui
1285 4025 1487 4068 temere
1518 4016 1922 4083 metrOpolitani
1953 4031 2169 4084 poenam
2203 4031 2332 4070 con-

759 4107 954 4160 temnit
983 4147 997 4169 ,
1031 4105 1275 4160 inaudita
1307 4119 1470 4160 causa
1503 4108 1769 4161 removeri
1802 4106 2084 4176 jubemus.

826 4197 893 4253 Et
928 4212 1221 4269 personam
1257 4198 1653 4253 sacerdotalem
1676 4241 1690 4265 ,
1711 4201 1795 4253 vel
1828 4215 2117 4269 personam
2142 4215 2335 4256 mona-

758 4290 968 4345 chicam
1000 4290 1310 4346 mundanos
1337 4290 1489 4346 adire
1516 4291 1755 4360 judices,
1794 4302 1847 4348 et
1871 4301 2078 4363 petere,
2109 4297 2175 4348 de
2197 4312 2334 4365 qua-

757 4398 976 4452 cunque
1002 4393 1059 4435 ut
1090 4383 1186 4438 lite
1219 4400 1316 4453 per
1346 4384 1496 4453 ipsos
1530 4397 1933 4456 cognoscatur,
1965 4388 2192 4441 omnino
2220 4404 2333 4442 non

762 4475 1139 4544 permittimus
1171 4492 1186 4529 :
1222 4475 1318 4530 sed
1371 4477 1427 4530 in
1466 4479 1781 4547 episcopos,
1833 4479 2235 4549 episc0patus;
2282 4482 2334 4535 in

2396 610 2759 683 ἐμποδισμοῦ,
2814 609 2956 660 ἔστω
3006 604 3184 670 εἰδὼς,
3224 604 3407 675 ψῆφον
3465 596 3987 671 νομοθετησομένην

2396 710 2514 762 κατ’
2545 706 2732 766 αὑτοῦ,
2764 706 2839 769 ὠς
2864 703 2981 774 μεθ’
3011 702 3218 772 ἐτέρων
3268 698 3480 754 πολλῶν
3527 695 3621 750 καὶ
3659 698 3687 749 ὁ
3730 696 3791 746 ἐν
3827 694 3987 760 Eap-

2398 799 2602 869 θαγένῃ
2636 797 2710 860 οζ’
2743 797 2913 867 ὁρίζει
2938 791 3139 848 κανών.
3173 795 3327 861 Μήτε
3352 791 3407 843 δὲ
3429 788 3739 857 ἀλλοτρίαις
3755 783 3987 843 τούτους

2398 891 2636 961 ἐνορίαις
2669 885 3068 948 πλεονεκτικῶς
3109 882 3486 952 ἐπεμϐαίνειν,
3519 879 3613 931 καί
3644 875 3987 947 χειροτονεῖν

2400 982 2687 1053 ὑπερόρια,
2724 982 2817 1033 καὶ
2857 977 3169 1046 νομοθετεῖν
3220 973 3393 1037 ούτως
3426 973 3527 1043 τὴν
3565 970 3821 1036 ἀταξίαν,
3856 968 3988 1026 rei);

2401 1076 2715 1146 ὀφείλοντας
2766 1070 3021 1139 εὐταξίας
3071 1070 3165 1124 καὶ
3219 1068 3428 1138 ἑτέροις
3481 1063 3791 1130 ὑπόδειγμα
3832 1058 3988 1125 γίνε-

2405 1167 2529 1221 σθαι
2577 1167 2672 1220 καὶ
2709 1165 3020 1235 ἀρχέτυπον
3049 1159 3284 1231 ἀρετῆς’
3330 1158 3467 1227 μήτε
3526 1150 3829 1223 κληρικοὺς
3864 1148 3990 1200 ἐτέ-

2406 1276 2506 1329 ρας
2550 1256 2820 1327 ἐπαρχίας
2879 1253 3202 1326 προσίεσθαι
3254 1249 3373 1303 καθ’
3416 1246 3720 1313 οἱονδήτινα
3753 1242 3986 1311 τρόπον,

2405 1349 2583 1420 παρὲξ
2636 1347 2862 1418 γνώμης
2922 1346 3019 1400 καὶ
3059 1342 3340 1415 ἐγγράφου
3374 1335 3698 1392 συστατικοῦ
3727 1333 3821 1386 τοῦ
3854 1332 3991 1384 ἰδίου

2404 1442 2583 1494 αὐτῶν
2603 1440 2927 1504 ἐπισκόπου,
2952 1437 3026 1500 ὡς
3050 1437 3098 1489 οἱ
3126 1436 3263 1504 ἱεροὶ⁵
3285 1433 3383 1486 καὶ
3406 1432 3540 1484 θεῖοι
3563 1428 3789 1489 κανόνες
3817 1440 3993 1494 πρισ-

2407 1530 2754 1585 απαιτοῦσιν.
2784 1529 2850 1581 Ὀ
2890 1527 2984 1580 καὶ
3016 1526 3213 1597 μᾶλλον
3238 1525 3297 1577 ἐν
3338 1521 3508 1593 ταύτῃ
3535 1522 3601 1589 τῇ
3633 1515 3997 1584 θεοςρυλακτῳ

2408 1624 2563 1680 πόλει
2593 1622 2774 1685 καλῶς
2800 1620 3235 1691 φυλαχθησεται,
3264 1616 3361 1669 ac:
3389 1614 3499 1667 τῶν
3530 1608 3849 1679 ἅπανταχοῦ
3887 1611 3997 1677 γῆς

2408 1716 2715 1788 κληρικῶν,
2743 1713 3065 1768 ὑπευθύνων
3118 1728 3177 1763 τε
3232 1711 3351 1779 ἅμα
3390 1707 3485 1761 καὶ
3523 1702 3861 1765 ἀνευθύνων,
3897 1700 3999 1752 καὶ

2406 1808 2937 1881 κεχειροτονημένων
2959 1805 3054 1859 κα)⁵
3078 1800 3532 1875 ἀχειροτονὴτων,
3558 1798 3638 1859 είς
3659 1795 3831 1863 αὐτὴν
3866 1809 3998 1844 συν-

2333 1884 2382 1943 Β
2410 1900 2733 1978 τρεχόντων,
2762 1899 2858 1952 καὶ
2882 1896 3181 1957 ἀκωλύτως
3211 1895 3358 1964 ἱερου
3370 1888 3851 1978 ργούντωνίΜήτε
3880 1885 3998 1978 μὴν

2411 1973 2698 2059 διγάμους,
2750 1987 2777 2041 ὃ
2812 1984 3083 2055 πολλαχοῦ
3130 1981 3457 2052 ἀκηκόαμεν
3504 1977 3752 2047 γίνεσθαι
3790 1973 3910 2036 νύν,
3959 1974 3997 2043 ἢ

2413 2081 2471 2133 ἐν
2510 2080 2710 2143 αἰτίαις
2766 2076 2909 2132 τισὶν
2943 2073 3431 2145 ἀπηγορευμέναις
3494 2067 3925 2137 γεγενημένους,
3962 2063 3999 2132 ἢ

2414 2172 2493 2225 ἔτι
2532 2171 2829 2241 ἀφήλικας,
2858 2170 2891 2239 ἢ
2922 2168 3094 2239 χωρὶς
3138 2164 3450 2237 μαρτυρίας
3491 2162 3926 2233 ἀκριϐεστάτης,
3962 2157 4001 2226 ἢ

2414 2262 3041 2335 προμνηστευσαμένους
3066 2261 3280 2330 ἐτέρας,
3319 2257 3415 2311 καὶ¹
3444 2256 3661 2326 ἑτέραις
3687 2252 4004 2319 συναςθέν-

2415 2376 2534 2424 τας,
2600 2360 2679 2421 είς
2719 2354 3023 2426 ἱερωσύνην
3076 2350 3482 2421 παραδέχεσθαι
3536 2349 3693 2409 ὅλως.
3766 2346 3923 2399 Ἐπεὶ
3952 2345 4005 2397 οἱ

2416 2451 2591 2507 ταῦτα
2623 2451 2698 2523 μὴ
2724 2446 3173 2519 παρατηροῦντες
3194 2445 3506 2508 ἐπίσκοποι,
3526 2440 3852 2501 ἀθετοῦντες
3873 2438 4005 2499 τοὺς

2417 2546 2670 2609 κανόνας,
2695 2541 3124 2611 ἀθετηθήσονται
3152 2535 3284 2607 παρ’
3320 2534 3523 2598 αὐτῶν,
3553 2534 3648 2586 καὶ
3684 2534 3809 2593 ταῖς
3840 2532 4009 2601 ὴπει-

2418 2637 2682 2708 λημέναις
2709 2634 2801 2687 ὑπ’
2833 2632 3061 2687 ἐκείνων
3084 2629 3338 2691 εὐθύναις
3366 2626 3657 2696 ἀφεύκτως
3680 2622 4007 2692 ὑποϐληθή-

2423 2746 2630 2784 σονται.
2676 2726 2992 2796 Κληρικοὺς
3036 2724 3093 2777 δὲ
3123 2723 3408 2793 κληρικοῖς
3435 2714 4009 2788 διαμφισϐητοῦντας,

2420 2821 2453 2892 ἢ
2485 2821 2581 2875 καὶ
2611 2818 2878 2891 μοναχοὺς
2906 2818 3183 2890 μοναχοῖς,
3214 2814 3364 2885 παρὰ
3386 2812 3463 2881 τῷ
3503 2811 3690 2881 οἰκείῳ
3717 2807 4014 2879 κρίνεσθαι

2420 2912 2724 2981 ἐπισκόπῳ,
2758 2909 3069 2972 ἀκολούθως
3103 2909 3216 2970 τοῖς
3245 2906 3415 2968 θείοις
3439 2902 3665 2956 κανόσιν
3697 2899 4015 2967 ἀποφαίνοι

2426 3007 2585 3077 μεθα.
2620 3004 2933 3075 Κληρικοὺς
2973 3002 3030 3055 δὲ
3062 3000 3406 3062 ἐπισκόποις,
3441 2998 3474 3067 ἢ
3508 2995 3849 3056 ἐπισκόπους
3883 2996 4012 3045 ἐπι-

2426 3098 2671 3162 σκόποις,
2699 3097 2851 3165 παρὰ
2878 3095 2957 3166 τῷ
2991 3095 3089 3165 τῆς
3120 3092 3393 3163 ἐπαρχίας
3452 3086 3826 3158 μητροπολίτῃ
3879 3102 4013 3137 συν-

2349 3220 2395 3283 C
2428 3191 2643 3254 οδικῶς.
2678 3191 2739 3243 Ei
2780 3190 2836 3243 δέ
2863 3189 3157 3243 σκάνδαλον
3184 3183 3509 3255 ὐποτρέχον,
3532 3181 3771 3250 ύποιξίαν
3796 3180 4018 3246 θατέρῳ

2429 3288 2646 3357 ἐμποιεῖ
2669 3284 2775 3337 τῶν
2803 3282 3008 3353 μερῶν,
3042 3279 3193 3350 παρὰ
3216 3278 3294 3346 τῷ
3319 3279 3457 3329 κατά
3485 3274 3582 3343 τὴν
3606 3275 3821 3343 ἡμέραν
3843 3271 4018 3336 ἁγιω-

2427 3376 2574 3444 τάτῳ
2604 3372 2938 3443 πατριάρχῃ,
2976 3370 3070 3422 καὶ
3124 3370 3189 3438 τῇ
3236 3367 3357 3437 ἱερᾷ
3402 3364 3497 3417 καὶ
3557 3361 3772 3431 μεγάλῃ
3808 3358 4020 3425 συνόδρ

2428 3465 2710 3536 τηρεῖσθαι
2746 3466 2840 3517 καὶ
2873 3460 3171 3533 τέμνεσθαι
3200 3460 3259 3511 τὸ
3282 3457 3712 3529 ἀμ’ξισὸήτημα.
3741 3454 3893 3519 Πλὴν
3939 3452 4018 3521 μὴ

2430 3559 2559 3613 ἄνευ
2585 3556 2808 3625 γνώμης
2835 3556 2926 3607 καὶ
2959 3551 3292 3619 συστατικῆς
3320 3550 3413 3603 τοῦ
3443 3546 3846 3618 μητροπολίτου
3876 3561 4022 3610 γρα-

2434 3650 2562 3719 φῆς,
2591 3647 2892 3700 ἐπιϐαίνειν
2935 3644 3036 3713 τῆς
3075 3642 3473 3714 βασιλευούσης
3500 3641 3829 3699 ἐπίσκοπον,
3864 3636 3899 3703 ἦ
3922 3636 4022 3685 ἁλ-

2430 3740 2595 3812 λαχού
2618 3726 2721 3793 που
2750 3737 3076 3791 στέλλεσθαι
3107 3734 3443 3805 ἀποδημίαν,
3479 3733 3531 3784 εἰ
3553 3749 3604 3783 τι
3628 3729 3674 3783 δ’
3699 3729 3767 3782 iv
3807 3731 3905 3780 καὶ
3931 3728 4023 3795 εἴη

2432 3836 2494 3887 τὸ
2523 3831 2726 3886 καλοῦν
2762 3831 3084 3903 ἀναγκαῖον.
3133 3826 3289 3879 Ἐπεὶ
3318 3826 3504 3893 ἔνοχον
3527 3821 3722 3874 ἐαυτὸν
3762 3821 4025 3888 ἀπεργα-

2436 3942 2587 3978 σεται
2616 3925 2725 3986 τοῖς
2766 3923 3008 3975 κανόσιν.
3059 3920 3390 3971 Ἐπίσκοπον
3417 3917 3474 3969 δὲ
3504 3912 3794 3984 προπετῶς
3835 3914 4025 3962 ἐπιτι-

2438 4016 2562 4087 μίου
2609 4013 2983 4083 ὀλιγωροῦντα
3040 4009 3461 4081 μητροπολίτου,
3503 4003 3893 4074 καθαιρεῖσθαι
3930 4004 4028 4056 ἁν-

2436 4109 2800 4177 απολογήτως
2828 4103 3271 4174 προστάσσομεν.

2508 4198 2805 4268 Κοσμικοῖς
2854 4196 2909 4247 δὲ
2956 4194 3236 4252 δικασταῖς
3301 4187 3575 4258 ἱερατικὸν
3626 4184 3953 4253 πρόσωπον,
3990 4183 4025 4250 ἢ

2436 4292 2531 4345 καὶ
2580 4288 2867 4359 μοναχικὸν
2896 4286 3190 4355 πρόσωπον
3240 4283 3546 4351 προσιέναι,
3579 4279 3672 4331 καὶ
3706 4275 3898 4345 ζητεῖν
3930 4275 4027 4327 ὑπ’

2437 4378 2661 4432 ἐκείνων
2684 4374 2999 4439 δικάζεσθαι
3049 4372 3208 4443 δίκην
3258 4371 3453 4441 ἥντινα
3499 4367 3658 4438 τύχῃ,
3726 4366 3871 4428 ὅλως
3925 4365 4031 4418 οὐκ

2438 4468 2684 4537 ἐφίεμεν·
2719 4467 2854 4520 ἀλλὰ
2878 4466 2987 4517 τῶν
3020 4465 3119 4534 μὲν
3155 4464 3497 4525 ἐπισκόπων,
3531 4462 3629 4530 τῆς
3669 4458 3985 4527 ἐπισκοπῆς
4012 4473 4029 4487 ·

760 4568 1009 4631 clericos,
1039 4568 1369 4634 clericatus;
1404 4568 1458 4621 in
1490 4570 1813 4635 monachos,
1840 4570 2028 4625 amissi
2062 4571 2164 4627 hoc
2190 4571 2319 4627 factt

2444 4560 2547 4613 τῶν
2573 4559 2630 4613 δὲ
2662 4557 2960 4627 κληρικῶν,
2998 4557 3093 4609 τοῦ
3146 4556 3351 4625 κλήρου
3376 4570 3390 4583 ·
3441 4554 3539 4606 καὶ
3575 4551 3685 4603 τῶν
3744 4549 4029 4619 μοναχῶν,

764 4659 1085 4713 monasterii
1107 4658 1312 4727 justam
1347 4662 1672 4715 sententiam
1692 4660 1923 4731 ferimus
1952 4681 1965 4717 :
1989 4672 2042 4717 et
2071 4663 2337 4720 adversus

763 4749 996 4819 iudices,
1031 4752 1123 4820 qui
1152 4752 1253 4807 hos
1276 4752 1604 4822 suscipiunt,
1647 4756 1731 4808 vel
1760 4754 1924 4809 etiam
1957 4755 2023 4809 ad
2045 4771 2103 4811 se
2132 4756 2180 4809 vi
2208 4772 2338 4826 per-

764 4843 1012 4903 trahunt,
1055 4852 1256 4914 praeter
1277 4845 1485 4913 justam
1513 4846 1760 4903 numinis
1818 4848 1977 4911 iram,
2045 4849 2341 4918 imperato-

772 4932 866 4986 riae
921 4948 1141 5003 quoque
1192 4934 1499 5003 majestatis
1550 4936 2005 5007 indignationem,
2056 4938 2342 5009 legumque

768 5039 961 5094 pmnas
1022 5024 1461 5094 implorabimus.
1520 5025 1585 5079 Et
1620 5028 1926 5091 vinculum,
1975 5042 2082 5096 quo
2116 5044 2211 5098 per
2241 5043 2345 5083 nos

768 5119 1149 5187 illigabuntur,
1202 5118 1503 5173 iusolutum
1542 5120 1624 5175 eis
1678 5121 1743 5175 ad
1794 5122 1953 5176 finem
1987 5136 2160 5190 usque
2217 5123 2343 5177 vitae

773 5210 1116 5279 porrigetur;
1158 5209 1202 5263 si
1245 5210 1499 5266 videlicet
1550 5210 1794 5283 animum
1838 5227 1947 5266 non
1985 5214 2341 5279 mutaverint,

772 5310 828 5356 et
858 5302 927 5356 ab
963 5301 1067 5356 hoc
1095 5301 1264 5371 impio
1291 5303 1570 5373 proposito
1600 5319 1707 5358 non
1750 5305 2087 5359 abstiterim.
2122 5303 2255 5358 Nam
2285 5313 2343 5360 et

773 5394 1047 5463 religiosa:
1069 5394 1235 5463 leges,
1272 5403 1327 5448 et
1350 5404 1659 5463 praepotens
1682 5406 1847 5463 atque
1894 5402 2122 5449 sanctus
2171 5396 2343 5464 impe-

773 5497 927 5540 rator
948 5496 1152 5547 noster,
1172 5486 1226 5540 in
1242 5485 1519 5557 Porphyra
1541 5493 1701 5541 natus
1718 5485 1876 5557 (20‘),
1896 5500 2003 5539 una
2022 5498 2147 5540 cum
2174 5485 2347 5539 beata:

780 5578 1059 5632 memoriae
1088 5577 1253 5633 fratre
1279 5592 1380 5633 suo
1425 5592 1709 5648 germano,
1754 5581 1807 5632 in
1832 5578 2127 5648 publicatis
2155 5575 2349 5632 edictis

2437 4650 2531 4705 τοῦ
2573 4648 2933 4719 μοναστηρίου
2988 4647 3203 4701 δικαίαν
3256 4644 3479 4697 αὐτόθεν
3530 4641 4035 4711 καταψηφιζόμεθα

2441 4743 2749 4797 ἔκπτωσιν·
2791 4743 2886 4794 καὶ
2936 4741 3080 4793 κατά
3125 4738 3236 4791 τῶν
3295 4735 3751 4807 παραδεχομένων
3798 4734 4036 4795 τούτους

2441 4836 2737 4901 δικαστῶν,
2776 4818 2809 4904 ἦ
2838 4836 2932 4886 καὶ
2961 4832 3150 4902 βιαίως
3178 4829 3466 4893 ἑλκόντων,
3493 4826 3634 4895 μετᾶ
3658 4826 3761 4894 τῆς
3796 4826 3863 4876 ἐκ
3889 4824 4033 4875 Θεοῦ

2441 4929 2658 4992 δικαίας
2693 4927 2884 4997 ὀργῆς,
2916 4925 2995 4977 ἔτι
3027 4923 3124 4977 καὶ
3174 4922 3270 4993 τὴν
3295 4921 3394 4990 τῆς
3418 4918 3703 4990 βασιλικῆς
3734 4917 4035 4986 μεγαλειὸο

2444 5037 2606 5091 τητος
2653 5018 3024 5088 ἀγανάκτησιν
3070 5012 3529 5082 ἐπικαλεσάμεθα,
3558 5010 3656 5064 καὶ
3687 5008 3791 5070 τὰς
3820 5010 3886 5060 ἐκ
3920 5008 4037 5060 τῶν

2447 5114 2627 5185 νόμων
2650 5112 2898 5173 εὐθύνας.
2949 5110 3009 5163 '0
3031 5109 3088 5162 δὲ
3134 5108 3227 5176 ἀφ’
3255 5106 3411 5177 ἡμῶν
3458 5104 3675 5173 δεσμὸς,
3708 5101 3911 5163 ἄλυτος
3940 5101 4039 5154 αύ-

2444 5208 2556 5269 τοῖς
2590 5204 2780 5276 μέχρις
2801 5204 2980 5268 ἐξόδου
3020 5200 3525 5269 παρεκταθήσεται,
3560 5196 3722 5263 εἴπερ
3757 5193 3922 5262 δῆλον
3954 5193 4034 5264 μὴ

2450 5297 2987 5370 μεταδουλεύσαιντο,
3010 5296 3105 5349 καὶ
3128 5293 3228 5363 τῆς
3255 5290 3470 5345 ἀνοσίου
3496 5287 3698 5357 ταύτης
3732 5286 4036 5354 ἀπόσχοιν-

2444 5408 2506 5446 το
2527 5390 2916 5462 προαιρέσεως.
2960 5390 3087 5441 Ὀτι
3120 5386 3215 5440 καὶ
3243 5386 3293 5438 οξ
3350 5383 3595 5443 εὐσεϐεῖς
3649 5379 3830 5447 νόμοι,
3877 5379 4037 5430 καὶὸ

2454 5482 2713 5553 κραταιὸς
2763 5482 2855 5533 καὶ
2901 5481 3058 5547 ἅγιος
3107 5476 3268 5547 ήμῶν
3309 5475 3561 5545 βασιλεὺς
3590 5473 3619 5524 ό
3652 5468 4037 5540 πορφυρογὺο

2456 5590 2638 5646 νητος,
2671 5573 2808 5644 μετά
2834 5571 2928 5627 τοῦ
2974 5572 3031 5625 ἐν
3082 5567 3331 5641 μακαρίᾳ
3377 5568 3443 5635 τῇ
3502 5562 3653 5636 λήξει
3695 5560 4035 5627 αύταδέλςοου

2277 5713 2508 5773 ΝΟΤΛΕ.

886 5829 1024 5901 (20‘)
1054 5828 1439 5886 Constantinus
1464 5828 1581 5886 scil.
1616 5827 1795 5883 Basilii
1825 5827 2059 5899 junioris
2098 5830 2283 5884 frater.
