4176 6446
131 409 249 477 833

1416 404 2126 472 GRKECO-ROMANUM.

3315 416 3421 481 834

134 524 332 589 αὐτοὺ,
369 525 431 576 ἐν
463 525 573 587 τοῖς
609 523 907 595 ἐγγράφοις
942 524 1124 578 αὐτῶν
1161 526 1434 587 τοπικοῖς,
1470 523 1729 577 ἀναστέλ-

1839 524 1948 578 suis
1997 524 2214 591 judiecs
2264 533 2551 593 coercent,
2590 527 2890 597 quominus
2922 528 2974 583 in
3022 542 3289 599 personas
3321 544 3422 585 ec-

133 626 289 667 Αουσι
320 616 449 679 τοὺς
497 615 758 679 δικαστὰς
816 615 1042 670 τοιαῦτα
1073 616 1151 679 είς
1176 614 1245 667 τὰ
1301 614 1730 683 ἐκκλησιαστικὰ

134 707 523 761 νεανιεύεσθαι
552 708 841 777 πρόσωπα.
882 706 1333 778 Ὑφαρπάξεσθαι
1376 704 1485 775 γὰρ
1524 703 1591 756 τὰ
1633 705 1727 755 ἐκ-

134 798 535 869 κλησιαστικα,
581 803 677 854 καὶ
738 800 878 873 ἱερὰ,
931 801 1023 853 καὶ
1061 800 1182 853 θεῖα
1239 799 1531 868 προνόμια,
1575 794 1730 864 παρὰ

132 890 249 943 τῶν
296 890 618 960 θεματικῶν
658 892 690 962 ἢ
744 891 1039 945 πολιτικῶν
1094 889 1387 955 δικαστῶν,
1446 888 1581 951 ὂλως
1631 887 1731 939 οὐκ

135 984 477 1053 ἀνεχόμεθα.
501 984 661 1037 Ἀλλὰ
696 986 788 1039 καὶ
823 985 930 1055 πρὸ
964 983 1121 1055 ἡμῶν
1143 985 1169 1036 ὀ
1197 983 1301 1037 ὑπὸ
1338 982 1544 1037 τούτων
1572 998 1733 1035 κατα-

134 1078 517 1146 νςιρονούμενος
591 1078 687 1131 καὶ
777 1076 1246 1149 μυκτηριζόμενος
1313 1076 1467 1142 Θεὸς,
1520 1074 1732 1129 ἔκδικον

143 1171 330 1231 ιύτοῖς
364 1171 573 1223 ἐποίσει
600 1172 697 1241 τὴν
733 1170 1129 1239 ἀγανάκτησιν,
1167 1171 1262 1223 καὶ
1294 1170 1393 1241 τὴν
1456 1168 1732 1239 ῥομφαίαν

134 1262 364 1313 δικαίαν
427 1262 713 1314 στιλϐὡσει
759 1262 860 1330 τῆς
917 1263 1273 1332 ἐκδικήσεως.
1322 1259 1567 1330 Δίσχύνη
1622 1259 1733 1331 γὰρ

136 1352 234 1401 καὶ
278 1351 464 1421 ὕϐρις,
519 1354 643 1413 τοὺς
673 1352 772 1421 τῆς
819 1352 1097 1421 θειοτέρας
1127 1353 1222 1405 καὶ
1262 1352 1571 1420 κρείττονος
1616 1352 1733 1420 μοί-

139 1462 264 1513 ρας.
300 1443 396 1494 ἐπὶ
424 1442 705 1511 κοσμικῶν
726 1441 1233 1512 διαπληκτίζεσθαι,
1283 1446 1375 1496 καὶ
1418 1444 1519 1507 τὰς
1568 1443 1735 1497 λοιδό-

141 1552 271 1603 pm;
338 1533 662 1604 διερεθίζειν
719 1534 970 1601 γλώσσας
1027 1536 1168 1589 κατὰ
1237 1536 1439 1599 παντὸς
1496 1535 1590 1589 τοῦ
1637 1537 1734 1605 τῆς

148 1628 493 1696 Ἐκκλησξας
542 1627 932 1698 πληρώματος.
983 1630 1048 1680 Ὃ
1102 1630 1197 1682 καὶ
1248 1630 1483 1698 μάλιστα
1532 1630 1581 1681 οἱ
1626 1631 1735 1683 τῶν

142 1718 449 1786 βασιλικῶν
495 1720 805 1788 λεγομένων
840 1720 1015 1788 μονῶν
1059 1724 1155 1775 καὶ
1208 1722 1427 1790 κλήρων
1483 1722 1737 1791 κληρικοὶ

142 1814 238 1863 καῖ
276 1810 605 1878 μονάζοντες
641 1812 953 1875 ἁνευ).α6ῶς
1010 1817 1183 1866 ποιεῖν
1215 1816 1309 1867 καὶ
1346 1815 1579 1876 ἀνοσίως
1605 1814 1737 1884 ορα-

1838 615 2179 671 clesiasticas
2231 619 2360 673 talia
2410 619 2737 689 juveniliter
2762 621 3000 697 audeant
3052 622 3423 678 committere.

1842 705 2056 776 Quippe
2087 709 2295 779 subripi
2350 712 2508 765 nobis
2540 711 2940 775 ecclesiastica,
2967 720 3020 767 et
3053 728 3234 778 sacra,
3264 714 3425 768 diva-

1839 814 1946 867 que
1983 800 2290 869 privilcgia,
2318 802 2433 857 sive
2462 819 2491 857 a
2532 803 2990 872 provincialibus,
3021 806 3137 858 sive
3191 806 3422 861 urbanis

1835 891 2146 961 judicibus.
2181 895 2408 948 omnino
2440 911 2548 949 non
2599 896 2862 965 patimur.
2902 896 3015 949 lmo
3072 897 3235 950 etiam
3296 906 3426 952 ante

1849 1000 1953 1041 nos
1977 988 2095 1055 ipse
2128 985 2293 1049 Deus,
2329 986 2419 1055 qui
2446 988 2513 1041 ab
2545 988 2624 1042 eis
2649 989 3026 1042 contemnitur
3081 997 3136 1043 et
3188 988 3426 1043 subsan-

1841 1087 2025 1143 natur,
2053 1079 2307 1133 ultricem
2338 1078 2390 1132 in
2429 1093 2528 1134 eos
2584 1080 3015 1149 indignationem
3075 1082 3339 1149 stringet,
3372 1087 3430 1135 et

1836 1169 2047 1239 justum
2111 1171 2370 1225 vindicta
2438 1171 2679 1242 gladium
2728 1187 3025 1226 coruscare
3091 1173 3276 1228 faciet.
3332 1172 3430 1227 Est

1841 1262 1985 1317 enim
2020 1271 2075 1316 et
2107 1263 2347 1316 dedecus
2369 1270 2422 1317 et
2459 1263 2741 1332 probrum,
2772 1262 3059 1318 divinior-is
3088 1279 3149 1317 ac
3186 1265 3428 1320 tlicliOl‘iS

1841 1354 2009 1409 sortis
2037 1353 2285 1409 homines
2306 1368 2488 1408 coram
2518 1355 2811 1410 mundanis
2844 1355 3080 1422 litigare,
3103 1356 3428 1423 linguasque

1843 1445 2274 1500 contumeliosos
2334 1446 2615 1498 hominum
2678 1447 2734 1498 in
2789 1446 3106 1500 universum
3166 1446 3428 1501 Ecclesiae

1844 1547 2049 1603 corpus
2077 1548 2303 1589 acuere.-
2330 1535 2487 1599 Quod
2521 1549 2652 1590 sane
2709 1537 2791 1589 vel
2824 1535 3094 1603 imprimis
3126 1538 3427 1605 imperato-

1845 1627 2049 1680 riaruni
2099 1627 2241 1696 (qua:
2276 1626 2563 1695 dicuntur)
2622 1628 2965 1682 mansionum
3025 1639 3080 1683 et
3130 1630 3426 1695 clerorum,

1847 1729 1955 1773 tam
1999 1720 2210 1783 clerici,
2254 1735 2418 1788 quam
2475 1721 2729 1773 monachi
2772 1720 3001 1789 profane
3050 1732 3214 1791 atque
3265 1724 3431 1793 impie

1847 1810 2029 1865 facere
2062 1826 2161 1879 per
2192 1826 2463 1865 summam
2525 1811 2811 1863 audaciam
2869 1814 3130 1881 gestiunt,
3186 1816 3313 1867 dum
3358 1816 3428 1870 ad

144 1906 427 1965 σύνονται,
603 1906 886 1973 κοσμικῶν
918 1906 1235 1977 αἱρούμενοι
1265 1908 1357 1960 ἐπὶ
1389 1908 1731 1976 καταγνώσει

1841 1904 2042 1957 soimet
2074 1902 2586 1956 condemnationem
2612 1902 2849 1970 judicari
2921 1905 3282 1974 damnarique
3316 1924 3430 1961 ma-

142 1997 367 2047 ἐαντῶν
402 1996 683 2065 κρίνεσθαι
728 2000 823 2051 καὶ
858 1999 1305 2069 κατακρίνεσθαι,
1363 2000 1456 2063 οὓς
1492 1999 1735 2069 βελτιοῦν

142 2088 305 2139 αὐτοὶ
326 2089 424 2139 καὶ
450 2087 734 2157 ῥυθμίζειν
761 2090 1060 2158 ὲταγησαν,
1094 2092 1125 2161 ἦ
1148 2093 1465 2164 ἀρχιερεῦσι
1494 2090 1631 2144 Θεοῦ
1656 2094 1735 2155 εἰς

141 2176 359 2243 γνῶσιν
376 2176 444 2228 τὰ
462 2177 692 2243 διάςρορα
712 2182 1046 2248 προτιθέναι,
1066 2184 1159 2234 καὶ
1180 2184 1277 2244 τὰς
1296 2183 1500 2235 τούτων
1531 2182 1733 2248 αίτίας,

142 2269 240 2318 καὶ
300 2266 405 2327 τὴν
435 2269 781 2337 ἁρμόζουσαν
830 2272 1039 2324 ἐκεῖθεν
1093 2272 1391 2344 θεραπείαν
1429 2274 1503 2337 ὼς
1531 2273 1737 2353 ἐξεπι-

142 2361 440 2427 στημόνων
470 2362 793 2430 κομίζεσθαι
829 2366 1051 2434 ἰατρῶν,
1084 2368 1179 2417 καί
1213 2368 1347 2435 πρὸς
1381 2367 1481 2435 τὴν
1502 2368 1596 2421 τοῦ
1621 2385 1736 2420 κα-

140 2452 236 2502 λοῦ
272 2454 512 2522 μελέτην
536 2456 1001 2525 ἐπιθαρῥύνεσθαι
1031 2459 1130 2527 τὴν
1160 2459 1382 2529 ἀρετήν.
1421 2460 1581 2513 Ἀλλὰ
1610 2461 1735 2523 τοὺς

142 2544 256 2596 τῶν
312 2546 574 2597 τοιούτων
609 2552 995 2620 μοναστηρῖων
1031 2553 1296 2621 μοναχοὺς
1338 2552 1566 2606 τοιαῦτα
1605 2553 1728 2606 τολ-

147 2637 373 2704 μῶντας
425 2638 717 2703 σννοδικῶς
761 2643 1211 2711 ἀποφαινόμεθα,
1263 2644 1396 2714 μήτε
1448 2645 1575 2705 τοὺς
1636 2645 1736 2714 τῆς

145 2731 423 2797 ἐπαρχίας
454 2731 669 2800 ἐκείνης
702 2734 1058 2796 ἐπισκόπους,
1106 2736 1241 2803 μήτε
1287 2737 1414 2798 τοὺς
1462 2737 1594 2807 παρ’
1644 2740 1737 2791 ὲν-

143 2822 326 2888 ορίαν,
368 2820 401 2888 ἦ
452 2822 791 2893 χειροθεσίας
828 2825 1139 2891 καταξιοῦν,
1177 2828 1208 2896 ἢ
1257 2828 1507 2896 εὐλογίας
1545 2830 1737 2899 ἑτέρας

146 2916 240 2965 καὶ
276 2914 571 2976 κοινωνίας
605 2916 969 2981 μεταδιδόναι.
1002 2921 1074 2971 Οὐ
1102 2921 1209 2987 γὰρ
1246 2920 1477 2990 πάροδον
1524 2923 1737 2986 ἑαυτοῖς

146 3008 235 3057 ἐιιί
259 3008 437 3059 ταῦτα
456 3011 994 3079 πραγματευόμενοι,
1010 3013 1144 3065 ἀλλὰ
1162 3014 1220 3066 τὸ
1241 3013 1436 3082 σεμνὸν
1458 3016 1522 3067 ἐκ
1539 3018 1738 3082 παντὸς

142 3100 357 3165 τρόπον
421 3100 515 3151 καὶ
561 3099 619 3151 τὺ
690 3102 870 3167 τίμιον
932 3102 1030 3169 τῆς
1111 3105 1403 3174 μοναδικῆς
1462 3107 1738 3173 πολιτείας

1840 1994 1958 2047 Ιιιιιι
1991 2008 2019 2046 a
2053 1994 2368 2057 mundanis,
2394 1994 2596 2061 quibus
2623 1993 2968 2063 corrigendis
2995 2004 3049 2049 et
3080 1997 3134 2049 in
3172 1997 3427 2052 ordinem

1838 2086 2151 2157 redigrndis
2209 2087 2311 2155 ipsi
2354 2086 2596 2155 praelecti
2639 2093 2806 2146 sunt,
2860 2102 3026 2155 quam
3066 2086 3159 2141 Dei
3209 2088 3431 2157 pontill-

1838 2180 1995 2233 cibus
2021 2177 2296 2231 variorum
2319 2177 2661 2246 negotiorum
2685 2178 3059 2245 cognitionem
3085 2181 3425 2247 permittere,

1839 2280 2005 2340 atque
2046 2271 2263 2323 illorum
2292 2283 2492 2323 causas
2527 2278 2580 2322 et
2625 2272 2969 2322 sanationem
3020 2270 3272 2323 idoneam
3305 2280 3427 2326 tan-

1840 2379 2003 2435 quam
2038 2378 2067 2418 a
2099 2364 2289 2432 peritis
2314 2360 2546 2415 medicis
2569 2362 2844 2429 accipere,
2866 2360 3223 2430 ipsorumque
3254 2363 3429 2416 virtu-

1840 2469 1947 2514 tem
1981 2459 2049 2512 ab
2086 2456 2280 2511 iisdem
2319 2454 2550 2509 excitari
2585 2454 2650 2507 ad
2686 2456 2817 2508 recti
2845 2455 3278 2510 meditationem.
3310 2456 3421 2510 Sed

1841 2553 2169 2606 auctoritate
2205 2548 2454 2619 synodali
2487 2546 2861 2611 decernimus,
2895 2557 2956 2600 ut
2984 2562 3085 2601 nec
3126 2548 3274 2601 illius
3307 2548 3429 2617 epi-

1843 2644 1993 2711 sc0pi
2027 2643 2346 2712 provinciae,
2398 2654 2501 2695 nec
2546 2640 2752 2694 diversi
2796 2639 3081 2701 territorii,
3130 2641 3428 2696 monachos

1841 2737 2110 2805 eiusmodi
2148 2735 2633 2797 monasteriorum,
2657 2733 2753 2801 qui
2787 2732 2910 2786 talia
2939 2733 3312 2799 committunt,
3343 2735 3426 2787 vel

1840 2831 2191 2899 impositione
2213 2843 2472 2881 manuum
2502 2828 2817 2895 dignentur,
2852 2825 2933 2879 vel
2966 2825 3045 2880 eis
3068 2826 3229 2880 aliam
3259 2829 3427 2879 henc-

1840 2926 2133 2978 dictionein
2170 2931 2265 2975 aut
2297 2920 3101 2987 communionemimpertiant.
3140 2917 3259 2972 Non
3280 2922 3427 2974 enim

1841 3014 2106 3069 haecideo
2155 3014 2452 3071 sancimus,
2505 3020 2562 3064 ut
2615 3010 3031 3080 nobismetipsis
3083 3011 3293 3065 aditum
3359 3010 3426 3065 ad

1843 3108 1971 3160 talia
2005 3105 2426 3175 patefaciamus;
2462 3103 2559 3157 sed
2584 3118 2733 3155 omni
2781 3109 2943 3157 modo
2966 3105 3087 3157 vitze
3111 3104 3428 3159 monasticis

143 3189 460 3252 διώκοντες,
488 3192 556 3244 τὰ
591 3194 837 3262 παρόντα
862 3195 1233 3264 διοριζόμεθα.
1268 3199 1429 3251 Ὥστε
1457 3202 1504 3252 εί
1539 3200 1613 3269 μὴ
1637 3202 1731 3271 τὴν

1842 3199 2162 3269 dignitatem
2196 3209 2250 3250 et
2274 3198 2614 3249 honestatem
2641 3196 2960 3264 quaerimus.
2998 3194 3149 3248 Adeo
3177 3195 3425 3264 quidem,

141 3285 433 3354 ἁναοςοραν
456 3286 675 3349 ἐκείνοι,
704 3290 796 3340 καὶ
818 3290 914 3358 τὴν
936 3290 1104 3358 ἄλλην
1126 3291 1290 3361 τιμὴν
1311 3294 1423 3353 τοῖς
1441 3293 1538 3362 τῆς
1565 3295 1667 3346 ἐπα
1676 3312 1737 3364 ρ-

143 3377 266 3444 χίας
321 3378 703 3432 ἀποδώσουσιν
794 3382 1138 3445 ἐιτισκόποις.
1197 3385 1299 3436 οὐκ
1353 3385 1736 3454 ἀντιλήψονται

144 3470 276 3539 παρ’
299 3471 489 3521 αὐτῶν
512 3471 544 3541 ἢ
572 3474 699 3541 παρ’
717 3474 917 3544 ἑτέρων
948 3475 1249 3545 ἱερωσύνης
1267 3477 1483 3545 ἀξίωμα
1509 3480 1628 3532 οὖδέ
1653 3480 1732 3533 ἐν.

141 3562 463 3630 Κληρικους
481 3564 536 3614 δὲ
550 3564 907 3625 ἀπειθοῦντας
923 3571 1033 3631 τοῖς
1048 3569 1269 3632 οἰκείοις
1289 3571 1733 3641 μητροπολίταις,

141 3656 432 3724 ἐπίταγμα
492 3658 673 3720 αὐτοῖς
728 3660 1188 3730 ἐκκλησιαστικὸν
1238 3664 1634 3733 ἀμνησικὰκως
1676 3665 1737 3719 τὸ

141 3748 371 3800 δυνατὸν
404 3750 806 3816 ἐπιτάττουσιν,
838 3752 1159 3807 εὐθύνεσθαι
1215 3757 1606 3827 ἐπιτάσσομεν.
1650 3758 1726 3810 Οὐ

141 3837 250 3906 γὰρ
287 3839 664 3904 ἀνυποταξίαν
692 3858 785 3894 και
816 3843 1078 3912 ἀνηκοΐαν
1109 3847 1142 3913 ἠ
1172 3847 1428 3917 Κυριακὴ
1456 3848 1735 3918 νομοθετεῖ

144 3930 356 3999 ἐντολὴ,
408 3930 527 3982 ἀλλ’
578 3934 893 3988 εὐπείθειαν
934 3938 1028 3990 καὶ
1077 3937 1345 4009 ὑπακοήν.
1384 3941 1547 3993 Ὥστε
1596 3945 1624 3994 ό
1657 3942 1733 4013 μὴ

142 4026 319 4093 ταύτῃ
334 4023 591 4092 στοιχῶν,
614 4025 708 4077 καὶ
735 4026 835 4096 τῆς
864 4028 1113 4096 κλήσεως
1142 4032 1237 4083 καὶ
1266 4032 1363 4099 τῆς
1404 4032 1731 4102 Ἐκκλησίας

142 4114 449 4185 ἀλλότριος.
483 4116 622 4178 Τοὺς
646 4117 700 4171 δὲ
729 4118 1006 4183 διακονίας
1042 4122 1510 4191 ἐκκλησιαστικας
1561 4128 1734 4195 ἐμπε-

143 4206 572 4273 πιστευμένους,
608 4209 703 4261 καὶ⁸
728 4209 921 4279 λόγους
960 4206 1038 4266 ὧν
1092 4213 1516 4283 ἐπιστεύθησαν,
1543 4216 1731 4271 δοῦναι

147 4299 221 4366 μὴ
255 4300 651 4367 ἀνεχομένους,
697 4306 998 4367 κανονικῶς
1022 4305 1367 4369 εὐθύνεσθαι,
1390 4310 1485 4361 καὶ
1507 4311 1724 4379 ἐκλογι-

146 4394 304 4459 σμοῖς
336 4394 435 4443 καὶ
480 4391 713 4456 ἄκοντας
751 4394 1152 4449 ὐποδὰλλεσθαι
1187 4398 1327 4466 μετὰ
1376 4401 1731 4470 κληρονόμων

142 4484 235 4536 καὶ
264 4482 474 4535 λοιπῶν
504 4482 598 4536 τοῦ
647 4484 840 4552 γένους
888 4487 1173 4556 διαδόχων,
1214 4490 1354 4543 κατὰ
1394 4494 1518 4555 τοὺς
1552 4494 1730 4563 ἱεροὺς

144 4579 379 4639 κανόνας
413 4579 507 4628 καὶ
538 4578 850 4641 πολιτικοὺς
893 4579 1115 4647 νόμους.
1156 4582 1431 4651 ὁρίζομεν.
1485 4584 1638 4637 Ἐπεὶ
1675 4586 1731 4638 δὲ

145 4668 396 4735 καὶπερὶ
439 4669 819 4737 μοναστηρίων
876 4669 1229 4739 ἐκδιδομένων
1284 4674 1372 4725 διὰ
1421 4674 1630 4743 δωρεᾶς
1680 4678 1729 4729 οἱ

144 4761 437 4830 ίερὼτατοι
472 4761 695 4831 ἀδελφοὶ
734 4763 1064 4831 ἀνήγγειλαν
1083 4764 1179 4815 καὶ
1205 4764 1631 4836 συλλειτουργοὶ,
1654 4768 1729 4833 ὡς

144 4855 465 4915 ἐπιϐλασῶς
492 4855 630 4924 πρὸς
685 4854 858 4907 ταῦτα
895 4854 1235 4917 διατεθέντες
1290 4858 1337 4908 οί
1375 4859 1475 4919 τὰς
1522 4858 1731 4928 δωρεὰς

143 4948 452 5015 εἰληφότες,
487 4947 566 5008 εἰς
601 4946 831 5014 ἔσχατον
880 4947 1022 4998 αὐτὰ
1046 4946 1352 5017 συνήλασαν
1395 4949 1723 5019 ἀφανισμὸν,

143 5040 237 5100 τὰς
260 5036 476 5091 τούτων
506 5038 804 5105 προσόδους
832 5038 971 5089 οἴκοι
997 5038 1475 5106 μετακομίζοντες,
1503 5042 1594 5092 καὶ¹
1626 5058 1727 5107 γυ-

146 5133 251 5197 μνᾶ
284 5130 395 5181 τῶν
432 5128 647 5181 οἰκείων
689 5130 888 5190 ἐῶντες
926 5129 1166 5195 ἀγαθῶν,
1215 5130 1380 5201 ἕτερα
1424 5133 1479 5185 δὲ
1522 5134 1613 5185 καὶ
1649 5135 1727 5196 εἰς

143 5220 387 5286 κοσμικὰ
457 5218 677 5280 τελείως
740 5219 1133 5287 μεταμείόουσι
1194 5221 1541 5289 καταγὼγια,
1601 5225 1727 5286 τοὺς

142 5309 353 5360 τούτων
380 5310 647 5377 μοναχοὶις
682 5309 831 5382 πάσῃ
862 5310 1037 5378 ἐνδείᾳ
1067 5311 1161 5363 καὶ
1191 5313 1523 5382 στενοχωρία
1591 5330 1719 5383 μετ·

144 5400 477 5452 αναστεῦσαι
519 5400 613 5453 καὶ
642 5402 875 5464 ἄκοντας
919 5401 1128 5454 ἐκεῖθεν
1184 5406 1721 5472 καταναγκάσαντες,

144 5493 360 5558 ἐξέσται
385 5493 593 5557 αὐτοῖς,
628 5496 755 5556 τοὺς
798 5494 1075 5558 τοιούτους
1103 5494 1347 5547 εὐθύνειν
1369 5498 1509 5549 κατὰ
1541 5500 1723 5552 πᾶσαν

148 5582 331 5635 ἄδειαν
362 5585 443 5643 εἰς
465 5583 558 5635 ὃτι
589 5583 654 5635 ἂν
687 5584 964 5653 εὑρεθεῖεν
993 5585 1060 5636 τα
1092 5587 1429 5655 μοναστήρια
1478 5603 1724 5639 καινοτοο

1844 3303 1903 3349 ut
1940 3295 2046 3347 nisi
2081 3292 2403 3347 relationem
2438 3287 2519 3328 Ιίοι
2558 3289 2633 3342 illi
2662 3297 2826 3356 atque
2855 3288 2990 3342 alios
3026 3288 3261 3342 honores
3312 3288 3428 3359 cpi-

1840 3387 2025 3455 scopis
2064 3398 2177 3439 suae
2218 3381 2515 3454 provincia:
2555 3380 2887 3444 tribuerint;
2949 3380 3189 3433 vicissim
3217 3386 3285 3432 ab
3320 3382 3424 3447 eis,

1838 3478 1922 3534 vel
1949 3481 2017 3532 ah
2057 3478 2205 3539 aliis,
2238 3491 2340 3528 nec
2374 3489 2539 3527 unam
2584 3472 2806 3542 quidem
2847 3473 3139 3526 sacerdotii
3181 3473 3425 3543 dignita-

1840 3581 1945 3626 tem
1970 3570 2263 3637 accipiant.
2299 3566 2545 3621 Clericos
2563 3574 2744 3618 autem
2767 3571 3125 3619 contumaces
3147 3582 3274 3630 erga
3311 3582 3428 3619 nie-

1839 3663 2200 3731 tr0politanos
2222 3673 2375 3721 suos,
2417 3657 2513 3726 qui
2552 3654 2868 3709 mandatum
2902 3656 3124 3724 aliquod
3150 3658 3420 3713 ecclesia-

1837 3754 2041 3809 sticum
2066 3752 2171 3809 eis.
2196 3764 2307 3803 non
2334 3747 2635 3819 iujuriandi
2666 3748 2875 3811 animo,
2901 3748 3157 3816 quodque
3175 3750 3425 3819 praestari

1839 3846 2037 3917 possit,
2067 3845 2380 3911 imponunt,
2418 3842 2475 3895 in
2526 3840 2778 3895 ordinem
2810 3840 2929 3910 cogi
2967 3840 3249 3909 iubemus.
3299 3842 3420 3899 Non

1835 3938 1986 3991 enim
2066 3934 2474 3988 contumaciam
2535 3939 2591 3985 et
2660 3930 3098 3985 inohedientiam
3134 3932 3414 3986 dominico

1834 4038 2108 4100 prmcepto
2137 4028 2420 4089 docemur,
2467 4023 2563 4078 sed
2599 4021 2919 4077 facilitatem
2969 4021 3023 4075 in
3060 4022 3325 4091 parendo,
3364 4033 3422 4079 et

1836 4121 2254 4187 subjectionem.
2293 4117 2414 4182 Quo
2468 4129 2601 4169 sane
2648 4118 2741 4183 qui
2794 4128 2852 4168 se
2880 4128 2991 4167 non
3041 4114 3251 4184 dirigit,
3308 4123 3420 4170 tam

1835 4214 2143 4278 vocatione,
2190 4226 2354 4281 quam
2420 4208 2670 4263 Ecclesia
2726 4208 2955 4262 excidit.
3040 4206 3149 4262 Eos
3211 4217 3419 4275 autem,

1834 4308 2037 4379 quibus
2090 4303 2463 4359 ecclesiastica
2498 4301 2803 4355 ministeria
2852 4300 3063 4355 credita
3104 4308 3257 4363 sunt,
3311 4316 3417 4357 nec

1835 4401 2076 4454 rationes
2113 4396 2216 4453 sibi
2246 4396 2668 4451 commissorum
2724 4392 2952 4447 reddere
2981 4393 3278 4458 sustinent,
3324 4408 3417 4449 se-

1836 4492 2078 4545 cundum
2122 4503 2361 4543 canones
2413 4488 2466 4540 in
2501 4487 2592 4554 jus
2626 4485 2831 4539 debere
2854 4487 3061 4549 vocari,
3099 4493 3155 4540 et
3188 4486 3254 4539 ad
3289 4486 3418 4540 red-

1838 4583 2046 4637 dendas
2077 4580 2319 4634 rationes
2337 4578 2502 4632 etiam
2540 4577 2761 4641 invitos,
2801 4590 2907 4630 una
2944 4591 3069 4630 cuin
3107 4576 3220 4631 suis
3248 4578 3419 4631 luere-

1839 4676 2027 4739 dibus,
2058 4688 2123 4729 ac
2163 4672 2376 4727 cmteris
2438 4669 2857 4724 successoribus
2888 4669 3053 4737 adigi,
3113 4669 3417 4723 secundum

1840 4783 2027 4824 sacros
2054 4781 2293 4819 canones.
2319 4772 2375 4818 et
2415 4763 2560 4832 leges
2594 4760 2805 4821 civiles,
2849 4758 3222 4814 decernimus.
3280 4760 3419 4825 Quia

1838 4875 1967 4916 vero
2002 4859 2166 4913 etiam
2229 4857 2297 4910 de
2336 4854 2709 4915 monasteriis,
2758 4867 2882 4920 qua:
2917 4867 3013 4921 per
3061 4851 3416 4905 donationem

1838 4952 2114 5012 locantur,
2165 4947 2509 5002 sanctissimi
2566 4944 2767 4998 lratres
2813 4952 2868 4996 et
2920 4943 3287 4998 comministri
3347 4942 3416 4996 ad

1837 5058 1942 5097 nos
1968 5040 2297 5102 retulerunt,
2325 5036 2470 5106 quod
2502 5037 2594 5105 qui
2648 5034 2982 5088 donationes
3025 5032 3147 5086 illas
3182 5046 3414 5101 accepe-

1837 5141 1990 5194 runt,
2041 5132 2157 5200 ipsa
2197 5128 2525 5181 monasteria
2561 5139 2752 5194 parum
2780 5124 2954 5192 :equis
3003 5122 3182 5177 aﬂ‘ccti
3220 5122 3286 5175 ad
3318 5137 3416 5176 ex-

1838 5231 2069 5274 tremum
2110 5234 2173 5272 ea
2217 5219 2467 5286 redigant
2508 5216 2812 5279 interitum,
2862 5214 3084 5266 domum
3140 5227 3296 5265 suam
3326 5228 3415 5267 re-

1834 5312 1984 5365 ditus
2006 5326 2199 5363 corum
2228 5308 2609 5377 deportantes,
2638 5306 2867 5375 ipSaque
2894 5304 3053 5358 bonis
3076 5304 3191 5359 suis
3210 5304 3415 5357 nudata

1836 5404 2230 5470 relinquentes,
2264 5401 2521 5469 quodque
2556 5397 2822 5451 nonnulla
2874 5411 3105 5466 prorsus
3134 5396 3187 5448 in
3225 5396 3413 5464 hospi—

1834 5494 1908 5546 tia
1939 5495 2213 5545 mundana
2248 5497 2611 5552 conunutent,
2643 5487 2853 5541 coactis
2904 5501 3092 5541 eorum
3127 5486 3414 5539 monachis

1835 5601 1932 5656 per
1972 5587 2153 5643 omnis
2178 5585 2396 5656 generis
2431 5597 2617 5639 rerum
2655 5582 2897 5652 inopiam
2924 5590 2975 5635 et
2998 5579 3331 5651 angustiam,
3356 5585 3418 5631 ut

1425 5762 1659 5820 VAlilAS
1702 5763 2103 5823 LECTIOA‘LS.

212 5855 292 5897 l-l
355 5854 585 5909 nominis
619 5856 1162 5911 commemoratiuueni
1205 5857 1255 5909 in
1285 5856 1471 5909 sacris.
