4176 6446
742 441 853 503 835

2087 432 2225 494 JUS
2265 421 2714 491 CANONICUM

3911 403 4024 465 836

745 554 870 608 inde
899 554 979 607 vel
1012 548 1165 604 inviti
1223 546 1516 602 abscedant
1555 562 1569 598 :
1614 544 1823 598 licitum
1874 545 1954 599 eis
1999 553 2140 608 esto,
2174 543 2327 612 ejus-

2461 535 2709 608 ιήσαντές
2778 547 2838 583 τε
2889 527 2984 581 καὶ
3046 521 3521 592 καταϐλάψαπεψ
3575 513 3695 572 εἶτα
3755 519 3850 571 καὶ
3909 523 4030 580 τοῖς

743 644 892 698 ιι-νοάὶ
923 640 1172 695 homines
1213 638 1436 707 impune
1477 653 1602 691 reos
1640 652 1897 706 peragere
1929 638 1995 690 de
2041 636 2327 704 quibusvis

751 734 962 788 lamnis
986 741 1041 785 et.
1082 730 1540 786 innovationilius
1577 730 1779 797 quibus
1836 729 2093 782 nocuisse
2138 741 2329 779 monu-

745 827 932 887 steriis
957 824 1285 894 deprehensi
1329 822 1535 876 fuerint
1588 840 1600 875 :
1639 833 1800 890 atque
1833 823 2015 886 etiam,
2075 831 2133 873 ut
2171 819 2328 873 malis

746 936 936 978 eorum
967 917 1319 972 curatoribus
1347 931 1412 967 ex
1436 915 1518 968 eis
1551 931 1672 966 cum
1703 913 2033 967 contumelia
2057 912 2325 982 expulsis,

744 1015 918 1070 libere
942 1011 1165 1078 juribus
1206 1022 1270 1060 ea
1303 1007 1784 1073 metropolitanum
1839 1003 2137 1056 vindicent.
2169 1001 2326 1067 Quod

749 1106 794 1158 si
821 1104 1055 1156 fortasse
1087 1106 1370 1151 curatores
1403 1112 1590 1149 eorum
1625 1092 1830 1161 aliquid
1865 1094 2099 1147 habeant
2130 1093 2328 1160 proha-

749 1195 876 1255 bile,
917 1189 1061 1259 qnod
1088 1189 1173 1242 bis
1210 1188 1475 1256 objiciaut
1514 1204 1525 1238 :
1561 1201 1667 1238 non
1701 1185 1900 1236 adeant
1930 1183 2202 1236 mundana
2229 1182 2330 1233 tri-

753 1285 999 1340 bunalia.
1032 1283 1247 1350 Quippe
1285 1282 1387 1333 hoc
1428 1279 1572 1330 facto
1630 1278 1845 1345 seipsos
1898 1277 2048 1330 omni
2075 1277 2198 1344 jure
2232 1288 2330 1327 suo

749 1378 1059 1432 excltttlent.
1097 1373 1202 1426 Sed
1244 1373 1309 1424 ad
1340 1385 1552 1424 sacram
1589 1370 1861 1440 synodum
1894 1377 2139 1421 nostram
2174 1382 2332 1420 accc-

750 1469 903 1529 dant,
953 1467 1207 1534 quodque
1276 1463 1358 1515 fas
1421 1476 1636 1528 mquum
1691 1459 1874 1521 fuerit,
1939 1458 2330 1526 impetrabunt.

750 1562 943 1630 Neque
982 1573 1112 1611 vero
1146 1556 1423 1609 credimus
1465 1567 1794 1620 quemquam
1828 1553 2329 1604 sacratissimorum

750 1651 1324 1719 metrOpolitanorttm,
1366 1656 1419 1700 et
1454 1655 1780 1699 cmterorum
1815 1644 2161 1711 pontiﬁcum,
2204 1645 2332 1697 abs-

750 1762 856 1815 que
878 1758 1042 1799 causa
1080 1751 1132 1795 et
1157 1739 1455 1800 itnmerito,
1485 1753 1688 1807 perque
1718 1738 1889 1790 solam
1921 1737 2201 1804 injuriam,
2240 1738 2334 1791 be-

751 1839 1092 1892 neliciorium
1127 1833 1417 1886 mansione
1453 1831 1763 1897 expellere:
1801 1830 1905 1882 nisi
1953 1829 2078 1894 quis
2115 1829 2333 1897 indigne
2405 1837 2411 1841 '

2435 629 2666 684 δικαίοις
2694 623 2803 676 τῶν
2857 618 3243 690 μητροπόλεων
3293 612 3597 676 ἀνασώζειν
3632 611 3718 663 ἐπ’
3773 610 4029 681 ἐξουσία,

2436 725 2560 785 τοὺς
2599 718 2803 780 κακοὺς
2825 714 3004 768 αὐτῶν
3021 709 3348 783 φροντιστὰς
3378 708 3495 777 μεθ’
3523 704 3731 775 ὕϐρεως
3759 705 3819 767 ἐξ
3839 702 4029 755 αὐτῶν

2436 815 2794 869 ἀπελάσασιν.
2827 806 2891 860 Εἰ
2907 807 2966 859 δέ
2995 823 3047 858 τι
3077 804 3237 872 τυχὸν
3284 801 3462 869 ἔχοιεν
3476 800 3610 868 πρδς
3642 795 3817 850 ταῦτα
3868 795 4032 846 εὖὶοο

2436 924 2532 975 γον
2585 901 2890 974 προτείνειν
2941 899 2991 950 οἱ
3024 896 3229 950 τούτων
3259 892 3581 962 προνοηταὶ,
3624 889 3699 958 μὴ
3728 889 4025 955 κοσμικοῖς

2436 998 2782 1068 προσίτωσαν
2813 989 3209 1059 δικαστηρίοις.
3256 985 3408 1037 Ἐπεὶ
3439 982 3783 1034 ἐκκλείσουσι
3813 980 4018 1039 παντὸς

2435 1089 2643 1144 δικαίου
2670 1083 2916 1147 ἑαυτούς.
2955 1082 3118 1135 Ἀλλὰ
3151 1082 3219 1150 τῇ
3245 1077 3365 1130 καθ’
3402 1076 3548 1144 ἡμᾶς
3599 1074 3719 1142 ἱερᾷ.
3759 1087 4024 1140 προσᾳοι-

2436 1185 2685 1238 τάτωσαν
2722 1179 2941 1247 συνόδῳ,
2972 1176 3068 1229 καὶ
3113 1175 3209 1242 τῆς
3240 1169 3596 1239 ἐνδεχομένης
3646 1168 3746 1217 οὐκ
3781 1165 4026 1231 ἀμοιρήο

2440 1291 2591 1328 σουσι
2629 1270 2988 1330 δικαιώσεως.
3035 1263 3320 1324 Ἀναιτίως
3373 1261 3452 1324 δὲ,
3518 1258 3611 1310 καὶ
3642 1256 4023 1320 ἀνεγκλήτως,

2439 1369 2536 1420 καὶ
2585 1367 2671 1418 διὰ
2723 1365 2892 1432 μόνην
2940 1361 3226 1429 ἐπήρειαν,
3275 1355 3466 1408 οὐδένα
3518 1349 3847 1416 πιστεύομεν
3910 1344 4024 1395 τῶν

2442 1463 2754 1534 ἰερωτὰτων
2809 1453 3222 1529 μητροπολιτῶν
3281 1451 3377 1502 καὶ
3436 1446 3638 1500 λοιπῶν
3690 1442 4022 1510 ἀρχιερέων,

2438 1550 2865 1624 χαριστηκάριον
2896 1547 3164 1615 ὲξωθῆσαι
3208 1542 3409 1612 μονῆς’
3447 1541 3495 1590 εἰ
3540 1541 3614 1606 μή
3651 1553 3734 1597 τις
3782 1532 4026 1594 ἀναξίως

2439 1644 2630 1700 ἑαυτοῦ
2665 1642 2904 1712 βούλοιτο
2927 1636 3325 1697 πολιτεύεσθαι,
3358 1633 3452 1686 καὶ
3485 1631 3581 1700 τὴν
3606 1627 3822 1681 ἀδικίαν
3845 1624 4025 1676 uoti-

2442 1736 2648 1801 ζεσθαι.
2685 1731 2824 1785 Εἰδέ
2866 1747 2987 1782 τινα
3037 1729 3145 1780 τῶν
3199 1723 3631 1797 φροντιστηρίων
3668 1719 3841 1772 τύπον
3873 1713 4024 1782 εἶχον

2442 1830 2505 1879 ὲκ
2531 1825 2762 1878 παλαιοῦ
2794 1820 3149 1890 συνεισφοράν
3198 1836 3320 1870 τινα
3352 1814 3728 1882 συνεισφέρειν
3771 1812 3892 1870 ταῖς
3914 1823 4024 1874 μη-

753 1944 812 1982 se
845 1942 1030 1996 gerere
1054 1925 1202 1984 velit,
1225 1931 1277 1975 et
1307 1919 1629 1988 injustitiam
1655 1918 1933 1986 amplecti.
1965 1918 2118 1982 Quod
2152 1920 2195 1971 si
2222 1920 2340 1986 qui-

2461 1918 2793 1988 εροτιόλεσιν,
2827 1916 2936 1967 εἴτε
2971 1915 3064 1966 ἐπὶ
3118 1908 3562 1982 μονοπροσώπων
3613 1906 3855 1972 παροχῇ.
3909 1902 4024 1952 εἴτε

755 2021 856 2074 bus
889 2015 1235 2070 monasteriis
1273 2014 1486 2066 ratione
1532 2012 1725 2079 prisca:
1752 2011 2052 2064 sanctionis
2104 2011 2338 2079 alicujus

754 2121 872 2167 erat
899 2112 1232 2177 iujunctnm,
1260 2116 1318 2159 ut
1363 2105 1710 2158 collationem
1753 2103 1990 2168 aliquam
2023 2105 2339 2171 metropoli-

756 2206 859 2258 bus
891 2211 1255 2272 praestarent,
1309 2199 1423 2252 sive
1476 2196 1726 2266 personis
1790 2193 2161 2264 singularibus
2221 2209 2339 2247 eam

758 2295 1069 2366 prmbcndo,
1102 2294 1216 2346 sive
1245 2290 1493 2358 judicum
1519 2294 1571 2339 ct
1597 2297 1914 2338 exactorum
1946 2284 2060 2336 ﬁsci
2102 2285 2337 2338 alimen-

761 2389 832 2441 tis
856 2385 1206 2447 exhibendis,
1238 2383 1352 2434 sive
1375 2377 1623 2446 alioquin
1652 2395 1665 2440 ;
1697 2384 1862 2444 atque
1894 2375 1983 2428 illa
2009 2375 2149 2430 forte
2181 2377 2338 2430 dein-

760 2493 890 2547 Ccps
919 2490 1088 2528 onera
1127 2471 1357 2539 contigit
1384 2469 1505 2521 aliis
1533 2482 1656 2521 esse
1690 2467 1943 2536 imposita
1979 2484 1994 2519 :
2024 2471 2340 2531 statuimus,

764 2581 825 2622 ut
855 2585 915 2621 ea
942 2567 1164 2621 collatio
1200 2563 1319 2616 sine
1350 2561 1791 2622 delraudatione,
1834 2575 1936 2614 nec
1969 2562 2076 2615 ulla
2113 2562 2342 2615 innova-

766 2665 915 2716 tione
943 2660 1108 2717 faeta,
1172 2653 1570 2722 metropolibus
1621 2659 1931 2720 praestetur.
1981 2652 2345 2721 Quaecunque

766 2770 894 2807 vero
918 2751 1151 2820 quadam
1180 2763 1248 2801 ex
1283 2756 1436 2816 parte
1464 2761 1760 2799 commune
1793 2746 1924 2816 quid
1960 2763 2082 2801 cum
2141 2756 2347 2800 metro-

767 2846 987 2914 polibus
1037 2843 1266 2899 habent,
1327 2846 1421 2890 aut
1452 2853 1574 2905 quae
1627 2836 1718 2904 jus
1751 2838 1955 2904 aliquid
2007 2839 2217 2892 vicinize
2293 2848 2349 2892 et

768 2933 1176 3006 permissionis,
1232 2946 1352 2984 cum
1402 2931 1485 2984 eis
1538 2932 1781 2997 copulat,
1837 2945 1936 2984 nec
1970 2939 2095 2985 ante
2128 2931 2228 2985 hoc
2258 2931 2348 2984 ali-

768 3028 1113 3097 quibnsjure
1151 3023 1505 3078 beneficiaria
1559 3037 1826 3076 concessa
1872 3031 2004 3076 sunt
2041 3041 2054 3076 :
2092 3037 2153 3076 ea
2190 3024 2349 3078 nobis

693 3175 696 3178 Α
771 3121 912 3173 haud
961 3120 1137 3187 placet
1165 3118 1288 3169 ullis
1321 3115 1573 3185 personis
1603 3115 1815 3169 donari.
1844 3114 1955 3166 lino
1984 3130 2112 3168 vero
2143 3117 2188 3168 si
2231 3130 2349 3166 ma-

769 3209 916 3262 xime
945 3209 1149 3258 donata
1183 3207 1314 3267 sint,
1342 3219 1434 3256 eas
1475 3203 1801 3256 donationes
1836 3203 2044 3269 irritas,
2072 3211 2123 3257 et
2149 3204 2352 3257 nullius

2440 2011 2531 2064 ἐπὶ
2571 2012 2798 2078 τροφαῖς
2841 2007 3044 2077 κριτῶν
3068 2008 3161 2057 καὶ
3196 2004 3302 2057 τῶν
3335 2001 3428 2053 τοῦ
3477 1998 3740 2066 δημοσίου
3781 1998 4026 2058 ἀπαιτη-

2441 2106 2570 2166 τῶν,
2605 2105 2715 2155 εἴτε
2745 2103 2838 2154 καὶ
2857 2098 3113 2166 ἀλλαχοῦ,
3140 2099 3234 2149 καὶ
3261 2096 3416 2162 ἔτυχε
3444 2091 3617 2144 ταῦτα
3640 2089 3868 2155 ὕστερον
3900 2087 4028 2135 ἀνα-

2441 2193 2667 2262 τεθῆναί
2705 2209 2839 2251 τισι,
2871 2190 2971 2260 τὴν
3003 2185 3364 2255 συνεισφορὰν
3389 2179 3736 2252 διοριζόμεθα
3756 2177 4027 2246 παρέχων

2445 2288 2580 2356 πρὸς
2616 2285 2714 2347 τὰς
2740 2281 3103 2353 μητροπόλεις
3144 2277 3528 2346 ἀνυστερήτως
3568 2270 4027 2337 ἀκαινοτόμτ,εον.

2447 2379 2586 2430 Ὅσα
2610 2376 2665 2427 δὲ
2703 2374 2947 2426 κοινωνεῖ
2968 2372 3110 2425 κατά
3135 2388 3187 2422 τι
3210 2373 3328 2430 ταῖς
3359 2365 3776 2437 μητροπόλεσιν,
3808 2362 3842 2430 ἦ
3879 2360 4027 2430 πλη-

2447 2469 2674 2538 σιασμδν
2704 2470 2760 2520 ὲν
2792 2467 3015 2526 ταύταις
3047 2465 3180 2533 ἔχει,
3222 2464 3318 2515 καὶ
3354 2460 3733 2520 ἀνακοίνωσιν,
3776 2457 3874 2508 καὶ
3925 2456 4031 2506 οὐκ

2445 2562 2792 2632 ἀπεχαρίσθη
2831 2560 2938 2628 πρὸ
2979 2557 3168 2610 τούτου
3199 2560 3361 2618 τισὶν,
3405 2556 3484 2615 εἰς
3521 2552 3733 2620 δωρεὰς
3778 2547 4030 2601 δίδοσθαι

2447 2654 2760 2724 προσώποις
2815 2653 2916 2704 οὐκ
2973 2648 3320 2718 εὐδοκοῦμεν.
3397 2646 3536 2697 ’Δλϊ
3588 2645 3635 2695 εἰ
3698 2642 3794 2693 καὶ
3843 2639 4031 2706 ἐδόθη,

2447 2747 2686 2816 ἀκύρους
2717 2742 2854 2797 εἶναι
2881 2745 2974 2796 καὶ
2997 2743 3326 2811 ἀνισχύρους
3345 2741 3440 2799 τὰς
3457 2737 3665 2808 δωρεὰς
3687 2733 3998 2803 βουλόμεθα
4018 2746 4032 2762 ·

2449 2841 2545 2892 καὶ
2572 2840 2641 2891 τὰ
2682 2837 3075 2907 φροντιστήρια
3105 2833 3333 2886 αὐτόθεν
3370 2826 3852 2900 ἀντιστρέφεσθαι,
3891 2824 4038 2893 πρὸς

2449 2934 2546 2996 τὰς
2580 2929 2960 3000 μητροπόλεις,
2991 2928 3023 2997 ἢ
3081 2924 3402 2988 ὲπισκοπάς.
3434 2923 3514 2976 Τὰ
3541 2924 3648 2990 γὰρ
3673 2919 3910 2990 μήκοθεν
3940 2919 4038 2972 καὶ

2455 3024 2883 3093 ἰδιοπεριόριστα
2904 3017 3218 3087 δωρεῖσθαι,
3255 3019 3352 3070 xui.
3381 3018 3493 3078 τοῖς
3519 3015 3625 3084 πρὸ
3662 3011 3822 3080 ἡμῶν
3857 3010 4040 3076 ἁγίοις

2454 3117 2694 3186 πατράσι
2731 3113 2912 3174 καλῶς
2947 3111 3115 3175 ἔδοξε,
3147 3111 3242 3162 καὶ
3273 3111 3434 3179 ἡμῖν’
3465 3109 3534 3160 τα
3564 3106 3618 3157 δὲ
3667 3099 3781 3156 οἷον
3837 3103 4041 3155 sva-4:.

2452 3207 2675 3273 τήματα
2746 3205 2854 3254 τῶν
2918 3198 3334 3271 μητροπολιτῶν
3385 3195 3479 3249 καὶ
3545 3195 3885 3254 ἐπισκόπων,
3947 3193 4043 3243 καὶ

773 3313 907 3350 esse
936 3297 1148 3350 roboris
1180 3296 1470 3358 volumus;
1513 3295 1736 3361 ipsaque
1788 3295 2121 3348 monasteria
2151 3304 2350 3348 metro-

2461 3297 2836 3365 ὑπερείσματα
2866 3296 2960 3347 καὶ
2999 3293 3428 3370 συγκροτήματα
3459 3288 3570 3340 τῶν
3624 3286 3798 3353 ἁγίων
3840 3284 4045 3348 ἐκκλη-

775 3390 993 3459 polibus
1025 3405 1053 3442 ο
1091 3389 1342 3454 vestigio,
1379 3386 1458 3438 vel
1505 3385 1912 3453 episcopalibus
1948 3386 2184 3439 restitui.
2217 3385 2350 3439 Nam

775 3480 933 3548 longe
955 3481 1171 3540 dissita,
1196 3479 1420 3546 suisque
1445 3477 1720 3544 descripta
1746 3477 1947 3529 finibus
1976 3485 2032 3528 ut
2061 3476 2352 3539 donentur,

2464 3384 2615 3448 σιῶν,
2650 3383 2920 3452 οὐδαμῶς·
2948 3381 3069 3434 οὐδὲ
3111 3382 3144 3450 ἡ
3167 3381 3324 3449 ἡμῶν
3347 3377 3508 3431 τοῦτο
3535 3375 3910 3445 παραδέχεται
3946 3390 4046 3441 με·

2464 3478 2684 3546 τριότης
2705 3477 2767 3528 τὸ
2809 3475 3046 3527 σύνολον.

775 3574 1035 3644 praeclare
1067 3581 1178 3625 tum
1223 3570 1476 3624 Patribus
1508 3570 1600 3638 qui
1633 3581 1757 3622 ante
1809 3586 1907 3624 nos
1931 3573 2214 3634 exstitere,
2248 3581 2361 3624 tum
2405 3574 2562 3627 nobis
2595 3573 2838 3642 placuit:
2869 3571 3024 3623 nullo
3055 3576 3236 3623 autem
3283 3567 3445 3621 modo
3482 3581 3569 3628 ea,
3640 3580 3766 3634 quae
3834 3574 4048 3618 metro-

772 3669 1142 3737 politanorum
1170 3672 1223 3718 et.
1250 3664 1630 3732 episcoporum
1672 3661 1829 3731 quasi
1901 3661 2181 3716 domicilia
2264 3674 2413 3731 sunt,
2485 3675 2540 3720 et
2615 3665 2791 3720 fulcro
2841 3663 3327 3733 sustentaculaque
3401 3666 3715 3715 sanctarum
3783 3659 4050 3714 ecclesia-

777 3771 900 3815 rum
940 3771 956 3809 :
1003 3769 1105 3807 nec
1157 3761 1344 3805 nostra
1380 3753 1432 3805 id
1471 3768 1700 3822 prorsus
1751 3751 1989 3806 admittit
2026 3752 2402 3810 mediocritas.

849 3849 954 3902 Per
992 3846 1280 3903 locationis
1309 3853 1494 3897 autem
1523 3854 1895 3909 contractum,
1925 3853 1982 3898 et
2023 3844 2199 3915 (verbi
2239 3861 2367 3913 gra-

781 3942 876 4008 tia)
930 3937 996 3990 ad
1050 3952 1224 3990 annos
1279 3951 1347 3988 xx
1383 3943 1437 3988 et
1491 3951 1543 3987 ιι
1606 3937 2020 3998 monasterium,
2064 3937 2146 3990 vel
2202 3938 2367 3990 Certis

783 4035 959 4105 pactis
998 4030 1340 4098 nietropolitr.
1375 4038 1430 4083 et
1451 4030 1830 4097 episcopatum
1854 4029 2025 4083 locari
2058 4045 2072 4094 ;
2102 4039 2361 4097 tanquam

783 4128 1022 4181 alienum
1083 4125 1150 4176 ad
1216 4122 1532 4189 evangelico
1583 4121 1861 4185 mandato,
1917 4129 1971 4174 ct
2044 4121 2365 4190 apostolicis

785 4217 1093 4286 patriisque
1157 4212 1546 4264 traditionibus
1626 4211 1851 4264 omnino
1923 4211 2365 4265 interdicimus:

785 4319 840 4362 et
895 4307 1098 4373 pariter
1133 4312 1248 4356 tum
1308 4317 1424 4363 eos,
1462 4303 1556 4371 qui
1599 4303 1701 4356 hoc
1757 4304 1958 4356 audent
2008 4301 2211 4368 facere,
2255 4313 2370 4357 tuin

790 4395 906 4463 qui,
960 4394 1007 4446 si
1066 4393 1182 4456 ﬁat,
1235 4392 1558 4461 negligunt;
1609 4393 1861 4462 indignos
1901 4394 2177 4461 pontiﬁcia
2249 4410 2371 4463 per-

792 4499 818 4550 f
848 4487 1030 4538 ctione
1080 4485 1418 4553 judicamus,
1451 4493 1506 4537 et
1544 4498 1828 4537 sacrorum
1878 4499 2149 4538 canonum
2186 4486 2378 4539 adver-

2555 3847 2877 3909 Ἐκδοτικῶς
2909 3846 2991 3909 δὲ,
3021 3846 3117 3899 καὶ
3171 3839 3284 3897 οἷον
3339 3844 3433 3896 ἐπὶ
3480 3843 3694 3912 χρόνοις
3744 3842 3921 3895 εἴκοσι
3957 3822 4054 3895 καἱ

2470 3941 2625 3994 ἐννέα
2664 3939 3042 4006 μοναστήριον,
3070 3935 3102 4004 ἢ
3131 3935 3416 3994 πακτικῶς
3473 3932 3812 4002 μητρόπολιν
3844 3934 4055 3985 ὲκδέδο-

2473 4035 2619 4095 σθαι,
2701 4034 2794 4084 καὶ
2846 4029 3175 4097 ἐπισκοπὴν,
3218 4027 3295 4087 ὡς
3340 4024 3488 4089 ξένον
3542 4025 3642 4094 τῆς
3689 4026 4057 4091 εὐαγγελικῆς

2472 4126 2788 4191 διατάξεως,
2854 4125 2947 4176 καὶ
3031 4121 3139 4174 τῶν
3193 4117 3564 4174 ἁποστολικῶν
3645 4135 3705 4170 τε
3785 4119 3885 4171 καὶ
3947 4135 4054 4173 πα-

2763 4212 3135 4281 παραδόσεων,
3202 4210 3381 4277 πάντη
3443 4207 3902 4275 ἀπαγορεύομεν·
3962 4210 4057 4260 καὶ

2477 4306 2603 4367 τούς
2659 4322 2716 4356 τε
2753 4301 3068 4372 τολμῶντας
3133 4302 3273 4368 ἅμα,
3329 4301 3424 4352 καὶ
3477 4300 3602 4361 τοὺς
3665 4297 3725 4348 τὺ
3772 4298 4058 4366 γινόμενον

2482 4396 2863 4464 παρορῶντας,
2896 4391 3149 4455 ἀναξίους
3175 4391 3274 4458 τῆς
3333 4387 3736 4458 ἀρχιερατικῆς
3793 4390 4060 4456 κρίνομεν

2482 4485 2838 4554 τελειότητος,
2870 4481 3080 4536 καὶτῶν
3121 4479 3282 4550 ιερῶν
3313 4479 3550 4531 κανόνων
3585 4479 4016 4546 ἐναντιόφρονας
4046 4492 4056 4504 ·

2469 4216 2671 4284 τρικῶν

792 4579 967 4631 sarius
1002 4593 1015 4628 :
1045 4590 1144 4628 nec
1195 4575 1349 4628 hisce
1393 4575 1555 4628 rebus
1591 4575 1854 4628 ultionem
1913 4575 2358 4630 convenientissi‘

2485 4579 2712 4637 καὶτοῖς
2747 4574 3068 4643 πράγμασιν
3112 4571 3391 4638 ἐκδίκησιν
3442 4568 3538 4632 τὴν
3597 4569 4063 4638 πρεπωδεστάτην

796 4681 938 4720 mam
995 4666 1294 4720 secundum
1350 4679 1589 4719 canones
1638 4666 1896 4720 adbibere
1943 4668 2205 4736 singulari
2255 4682 2379 4721 cum

796 4758 1146 4828 providentia
1197 4757 1559 4811 cessabimus.
1611 4755 1730 4810 Non
1781 4760 1928 4812 enim
1985 4761 2255 4828 patiemur
2323 4768 2382 4813 ut

798 4864 958 4904 sacra
1016 4849 1106 4901 illa
1158 4848 1329 4915 gratia
1395 4848 1602 4902 venalis
1665 4850 1952 4915 habeatur,
1989 4860 2042 4904 et
2091 4852 2195 4920 ipsi
2249 4866 2385 4905 con-

801 4952 982 4995 sortes
1035 4956 1222 4995 eorum
1277 4941 1474 5002 simus,
1529 4942 1621 5009 qui
1692 4956 1847 4996 sacra
1901 4951 2090 4996 contra
2144 4957 2386 4996 canones

802 5032 1145 5102 profanant,
1211 5040 1378 5097 utque
1442 5031 1579 5084 lucri
1652 5045 1818 5085 causa
1869 5032 2011 5087 dona
2072 5035 2379 5103 spiritualia

807 5123 1160 5193 profanorum
1200 5123 1372 5178 instar
1403 5122 1802 5176 distrahantur.
1828 5122 1902 5176 De
1939 5125 2184 5178 sessione
2206 5134 2385 5178 autem

809 5217 1191 5284 cpisc0porum
1217 5213 1519 5275 sancimus,
1547 5221 1603 5266 ut
1630 5215 1868 5284 episcopi
1900 5215 2203 5269 secundum
2238 5215 2391 5269 ordi-

813 5321 936 5359 nem
975 5319 1200 5359 suorum
1258 5305 1806 5372 metiopolitanorum
1861 5306 2108 5370 sedeant,
2146 5305 2308 5374 idque
2338 5307 2390 5358 in

812 5397 1165 5451 consessibus
1196 5395 1392 5460 sacris,
1433 5404 1487 5448 et
1521 5396 1574 5448 in
1629 5396 1857 5464 synodis
1892 5406 1946 5449 et
1994 5397 2046 5448 in
2079 5397 2346 5448 conviviis
2377 5412 2390 5448 :

813 5505 990 5557 neque
1037 5489 1349 5555 superiores
1385 5486 1542 5540 sedes
1571 5498 1625 5541 et
1679 5488 1948 5555 primatus
2017 5487 2258 5542 studium
2310 5491 2387 5540 al-

816 5580 1023 5634 l'ectent
1058 5579 1300 5648 indignis
1359 5594 1482 5634 sese
1532 5577 1708 5632 modis
1760 5579 2080 5632 inferiorum
2123 5589 2396 5647 metropo-

820 5672 951 5723 lium
999 5671 1285 5738 episcopi:
1321 5671 1416 5724 sed
1476 5670 1530 5722 in
1579 5685 1709 5724 suos
1771 5670 2230 5737 metropolitanos,
2280 5679 2397 5720 tan-

820 5777 980 5830 quam
1017 5762 1070 5814 in
1119 5775 1358 5815 canones
1411 5769 1466 5815 et
1516 5762 1828 5815 sanctiones
1878 5759 2168 5830 quasdam,
2209 5760 2400 5813 oculos

820 5855 1098 5925 dirigant;
1173 5856 1474 5912 secundum
1566 5871 1704 5929 quos
1789 5855 1845 5910 in
1917 5855 2268 5912 CllllSCSElbUS
2348 5866 2402 5909 et

2483 4667 2785 4726 κανονικῶς
2830 4661 3320 4733 προμηθεύσασθαι
3376 4661 3476 4712 οὐκ
3530 4660 3944 4726 ἀποκνήσομεν.
3993 4661 4063 4712 οὐ

2483 4760 2592 4828 γὰρ
2616 4755 3021 4826 καπηλεύεσθαι
3053 4754 3150 4820 τὴν
3180 4752 3334 4820 ἱερὰν
3399 4751 3582 4820 χάριν,
3643 4749 3736 4801 καὶ
3783 4752 4064 4802 κοινωνεῖν

2483 4852 2593 4908 τοῖς
2627 4845 2898 4900 κοινοῦσιν
2937 4841 3308 4902 ἀκανονίστως
3339 4841 3408 4893 τὰ
3433 4841 3583 4906 ἅγια,
3619 4843 3709 4891 καὶ
3747 4840 3847 4899 τὰς
3901 4857 4064 4890 πνευο

2491 4939 2722 5007 ματικας
2748 4935 2956 5005 δωρεὰς
2986 4935 3061 4995 ὡς
3093 4933 3280 4994 κοινὰς
3327 4929 3730 5002 ἐμπορεύεσθαι
3761 4931 4066 4996 ἀνεξόμεθα

2489 5028 2757 5096 ἐμπορίας
2784 5028 2962 5096 χάριν.
2995 5024 3129 5093 Περὶ
3161 5023 3217 5074 δὲ
3239 5024 3335 5090 τῆς
3383 5023 3491 5073 τῶν
3543 5021 3863 5072 ἐπισκόπων
3934 5019 4055 5071 καθ-

2491 5121 2674 5189 έδρας,
2692 5117 3042 5188 διοριζόμεθα
3077 5154 3089 5167 .
3116 5115 3271 5168 Κατὰ
3293 5114 3390 5182 τὴν
3420 5113 3570 5178 τάξιν
3597 5113 3791 5173 αὐτοὺς
3824 5111 3938 5162 τῶν
3993 5115 4068 5162 οἰ-

2492 5213 2655 5266 κείων
2688 5209 3015 5274 καθέζεσθαι
3051 5205 3488 5277 μητροπολιτῶν,
3516 5206 3610 5256 καὶ
3642 5205 3701 5255 ὲν
3731 5203 4067 5271 συνθρόνοις,

2494 5304 2589 5356 καὶ
2627 5305 2685 5354 ὲν
2713 5301 2973 5361 συνόδοις,
2999 5298 3095 5350 καὶ
3123 5300 3182 5348 ἐν
3208 5295 3518 5348 ἑστιάσεσι·
3547 5292 3640 5344 καὶ
3677 5291 3752 5359 μὴ
3795 5291 3896 5351 τας
3943 5307 4070 5357 προ·

2495 5395 2675 5463 εδρίας
2704 5391 2990 5462 ἁρπάζειν,
3020 5388 3194 5442 καὶτὸ
3230 5385 3588 5454 φιλόπρωτον,
3647 5382 3884 5446 ἀναξίως
3949 5383 4073 5433 εει-.-

2495 5489 2624 5547 τῶν,
2658 5487 2784 5547 τοὺς
2826 5487 2924 5550 τῆς
2976 5478 3380 5548 ὑποϐεϐηκυίας
3425 5476 3811 5545 μητροπόλεως
3853 5475 4072 5524 ἐπισκε-

2500 5596 2631 5639 πους
2659 5595 2672 5607 ·
2703 5576 2814 5628 ἀλλ’
2845 5575 2920 5636 ὡς
2945 5573 3081 5642 πρὸς
3131 5571 3360 5630 κανόνας
3393 5570 3487 5620 καὶ
3528 5569 3707 5635 ὅρους,
3749 5567 3876 5624 τοὺς
3918 5565 4074 5623 ἰδίους

2499 5671 2632 5738 όρᾷν
2678 5666 3099 5737 μητροπολίτας,
3124 5663 3219 5713 καὶ
3247 5661 3449 5712 τυποῦν
3481 5658 3708 5717 ἑαυτοὺς
3743 5657 3798 5706 ἐν
3830 5673 3887 5707 τε
3947 5664 4072 5705 καθ-

2503 5760 2708 5828 έδραις,
2737 5759 2830 5808 καί
2863 5752 3158 5821 πανταχοῦ.
3207 5752 3359 5802 Ἐπεὶ
3393 5750 3448 5801 δὲ
3501 5749 3589 5799 καί
3621 5763 3765 5807 τινες
3796 5747 3908 5797 τῶν
3943 5744 4075 5794 κατὰ

2503 5854 2699 5914 τόπους
2725 5848 2965 5901 δυνατῶν
2992 5849 3048 5899 ὲν
3100 5846 3211 5907 τοῖς
3264 5842 3370 5895 τῶν
3420 5842 3582 5893 οἴκων
3628 5839 3946 5908 simu-.9502;
3989 5851 4076 5902 σηο
