4176 6446
142 407 253 470 ειθ

1428 415 1471 474 G
1484 413 1695 474 ΒιῈίῖΟ
1708 411 2119 477 ’ΒΟΜΑΝΗΜ

3302 421 3409 485 850

150 520 226 588 μὴ
258 516 524 590 γεγονυίᾳ
560 517 865 577 δωδεκάτου
907 518 1184 589 ἐνιαυτοῦ,
1249 522 1482 594 φθορεὺς
1551 528 1723 591 ἐστιν,

1837 530 2098 598 sequitur,
2145 544 2292 596 eum,
2329 530 2420 601 qui
2481 546 2602 588 cum
2649 533 2889 587 nondum
2944 540 3068 588 nata
3119 533 3407 591 duodecim

146 607 346 659 ἀλλὀὐ
379 608 646 679 γαμέτης.
678 611 787 663 Καὶ
826 609 1119 665 διατοῦτοὸ
1166 612 1266 681 τῆς
1325 615 1551 684 ἥττονος
1617 616 1725 670 τῶν

144 696 356 750 δώδεκα
388 700 651 752 ἐνιαυτῶν
690 700 986 771 ἀπείρηται
1033 702 1229 771 γάμος.
1270 703 1381 757 Καὶ
1430 706 1459 757 6
1523 704 1724 775 ἱερολο-

143 789 257 855 γῶν
294 790 497 860 ἱερεὺς,
522 791 805 861 αἰτιάματι
846 793 1271 848 καθυποπίπτει.
1329 795 1410 863 Τά
1475 796 1613 850 αὑτά
1668 798 1725 850 δὲ

143 883 239 935 καὶ
270 883 404 953 περὶ
444 882 537 953 τῆς
573 885 873 957 μνηστείας
931 885 1374 957 ἔπιλογιζόμεθα.
1428 889 1517 953 Ὠς
1553 891 1586 960 ἡ
1626 893 1725 961 μὲν

138 978 325 1046 ἥττων
379 975 491 1027 τῶν
551 976 692 1029 ἑπτὰ
750 978 1034 1040 ἐνιαυτῶν,
1100 980 1422 1052 διακρίσεως
1479 984 1725 1050 ἐντελοῦς

138 1068 388 1139 ἀμοιρεῖ.
426 1068 486 1121 '0
523 1067 582 1121 δι
642 1068 717 1139 μὴ
764 1069 1083 1142 διακρίνων,
1140 1075 1263 1130 οὐδὲ
1321 1075 1722 1151 λελογισμένως

138 1159 368 1215 δύναται
401 1164 693 1216 συναινεῐν.
750 1164 1120 1229 Συναινέσεως
1153 1168 1209 1222 δὲ
1245 1170 1436 1239 χωρὶς,
1496 1173 1724 1243 συμφὼ-

136 1270 249 1305 νων
301 1253 565 1317 σύστασις
632 1255 692 1309 οὐ
751 1256 1056 1327 προϐαίνει.
1128 1261 1273 1314 Διότι
1320 1262 1483 1331 νόμος
1541 1266 1718 1335 φησί·

136 1344 446 1413 Σύμφωνόν
482 1347 599 1399 ἔστι
626 1347 719 1400 δύο
753 1350 832 1412 εἰς
868 1352 1065 1405 ταυτὸν
1111 1354 1340 1423 ἀρεστὸν
1395 1358 1719 1422 συναίνεσις.

138 1436 308 1488 Ὥστε
339 1436 390 1489 οἱ
420 1439 706 1507 νομοθέται
739 1440 995 1510 ἑπόμενοι
1022 1444 1136 1506 τοῖς
1163 1447 1411 1513 φυσικοῖς
1437 1446 1635 1515 λόγοις,
1654 1451 1723 1504 τά

136 1529 274 1597 περὶ
306 1529 418 1582 τῶν
450 1532 646 1601 γάμων
666 1532 918 1598 διέταξαν
951 1536 1220 1607 δόγματα.
1253 1538 1465 1593 Οὐκοῦν
1495 1540 1619 1594 ἐπεὶ
1661 1544 1723 1596 τὸ

135 1619 238 1689 τῆς
259 1620 527 1692 Θεοδότης
566 1624 661 1677 καὶ
707 1625 767 1677 τὸ
794 1625 885 1679 τοῦ
909 1628 1182 1698 Γεωργίου
1210 1630 1721 1701 συνάλλαγμα,οὖτε

134 1714 247 1775 τάς
283 1714 496 1783 νόμοις,
530 1715 657 1768 οὔτε
684 1720 751 1787 τῇ
785 1716 947 1787 φύσει
972 1721 1249 1794 γνώριμον
1274 1724 1421 1777 ἐστιν
1448 1737 1462 1753 ⁸
1513 1724 1723 1780 ἀκωλύ-

1831 635 2008 676 annos
2030 622 2162 686 coit,
2184 630 2552 692 stupratorem
2570 640 2713 690 esse,
2737 641 2843 681 non
2870 626 3147 681 maritum.
3177 626 3409 697 Ideoque

1832 713 2036 784 nuptiae
2086 729 2211 768 cum
2246 730 2330 779 ea,
2364 730 2483 784 quas
2528 715 2706 771 minor
2758 726 2841 772 est
2886 719 3046 773 annis
3094 718 3404 781 duodecim,

1831 805 2121 875 prohibita:
2177 815 2327 863 sunt.
2372 805 2435 860 Et
2483 807 2575 876 qui
2626 806 2901 862 benedicit
2930 810 3008 862 eis
3044 811 3320 877 sacerdos,
3350 826 3409 865 se

1830 896 2003 966 culpae
2045 897 2222 951 reddit
2249 897 2569 951 obnoxium.
2621 896 2822 952 Eadem
2862 906 2917 952 et
2962 900 3029 955 de
3058 903 3407 970 sponszlilms

1829 987 2245 1043 ratiocinamur.
2292 987 2557 1042 Nimirum
2589 1002 2730 1052 eam,
2768 1003 2888 1053 qua:
2921 989 3101 1043 minor
3143 989 3213 1044 sit
3247 992 3409 1043 annis

1830 1086 2063 1148 septem,
2123 1079 2333 1146 judicio
2363 1080 2526 1149 pleno
2576 1079 2824 1135 destitui.
2876 1079 2979 1145 Qui
3024 1096 3155 1133 vero
3200 1080 3410 1150 judico

1828 1178 2002 1238 caret,
2036 1172 2081 1226 is
2121 1188 2220 1227 nec
2251 1189 2316 1227 ex
2353 1189 2456 1244 usu
2503 1174 2736 1229 rationis
2764 1173 3079 1230 consentire
3107 1183 3305 1244 potest.
3343 1176 3409 1227 At

1830 1264 2038 1332 absque
2072 1278 2372 1326 consensu,
2427 1274 2585 1334 pacta
2630 1273 2882 1321 constare
2926 1278 3221 1337 nequeunt.
3266 1250 3406 1321 Cum

1830 1356 1942 1410 hmo
1993 1356 2126 1427 legis
2159 1356 2322 1411 verba
2355 1356 2467 1413 sint
2497 1371 2509 1407 :
2548 1355 2775 1412 Pactum
2804 1366 2889 1414 cst
2923 1357 3152 1413 duorum
3186 1358 3240 1413 in
3268 1359 3408 1414 idem

1826 1449 2088 1519 placitum
2134 1463 2461 1505 consensus.
2511 1448 2662 1505 Unde
2705 1459 2884 1520 paret,
2912 1451 3055 1519 juris
3098 1451 3411 1507 conditores

1829 1541 2101 1596 rationum
2151 1553 2363 1596 naturae
2417 1541 2646 1611 vestigia
2697 1550 3012 1612 sequentes,
3069 1541 3136 1597 de
3203 1544 3410 1612 nuptiis

1825 1641 2027 1688 statuta
2041 1635 2430 1704 promulgasse.
2443 1634 2895 1703 Quandoquidem
2914 1650 3046 1707 ergo
3064 1644 3409 1690 contractum

1826 1726 1970 1781 hunc
2006 1725 2299 1781 Theodotaa
2345 1741 2408 1780 ac
2440 1725 2655 1797 Georgii
2681 1741 2861 1797 neque
2894 1727 3041 1798 leges
3074 1734 3404 1796 agnoscunt.

135 1820 246 1868 τως
291 1805 438 1858 ἐιτοῦ
499 1807 780 1878 Γεωργίου
858 1812 1235 1883 δισεξάδελφος
1282 1815 1562 1885 Εὑφήμιος
1619 1820 1720 1890 τὴν

1837 1831 2014 1886 neque
2046 1824 2242 1871 natura
2280 1834 2295 1870 :
2325 1816 2462 1870 citra
2511 1817 2959 1886 impedimentum
2993 1817 3161 1870 nllmu
3190 1812 3413 1884 Georgii

134 1896 235 1966 τῆς
266 1897 536 1970 Θεοδότης
563 1903 775 1973 μητέρα
811 1904 943 1974 πρὸς
998 1907 1175 1975 γάμον
1230 1908 1487 1979 ⁴ἠγάγετο.
1520 1911 1585 1965 Ὃ
1623 1912 1730 1984 γὰρ

137 1990 258 2043 ἀντ’
290 1992 508 2055 οὐδενὸς
539 1994 707 2057 δοκεῖ,
740 1997 897 2051 τοῦτο
923 2000 1038 2062 πῶς
1070 2000 1223 2055 ἔσται
1276 2002 1357 2073 τῷ
1408 2004 1586 2067 καλῶς
1638 2005 1733 2059 καὶ

137 2079 390 2149 ἐννόμως
450 2086 720 2155 γινομένῳ
764 2086 1032 2158 κὼλυμας
1096 2091 1296 2145 πολλοῦ
1353 2110 1416 2161 γε
1475 2096 1572 2147 καὶ
1630 2096 1727 2149 δεῖ.

142 2169 346 2223 Ταῦτα
378 2174 774 2244 συνεδοκίμασε
798 2179 918 2247 μεθ’
950 2181 1111 2251 ήμῶν
1145 2185 1203 2236 ὲν
1237 2185 1302 2253 τῇ
1356 2183 1590 2254 βασιλίδι
1633 2187 1733 2240 πό-

136 2258 245 2321 λει,
302 2264 399 2313 καὶ
429 2268 898 2335 συναπεφήνατος,
934 2273 1029 2321 καὶ
1057 2271 1274 2341 Μιχαὴλ
1302 2275 1332 2324 6
1381 2274 1733 2343 θεοφιλέστα-

133 2367 230 2415 τος
265 2355 673 2427 μητροπολίτης
719 2358 981 2428 Ἀθηνῶν.
1014 2354 1185 2428 Οὗτος
1211 2365 1321 2435 γὰρ
1349 2365 1444 2420 καὶ
1502 2367 1600 2436 τῆς
1650 2369 1731 2421 δί-

136 2460 245 2511 κης
278 2445 417 2514 παρ’
452 2447 601 2516 αὐτῷ
635 2450 1168 2525 προκαταρχθείσης,
1215 2458 1532 2527 προσήγατό
1570 2460 1731 2511 τετδν

137 2536 349 2605 γάμον,
382 2540 476 2591 καὶ
504 2542 721 2610 γραφὴν
748 2544 883 2613 πρὸς
914 2544 1005 2597 τὸν
1026 2545 1331 2613 ἁγιώτατον
1385 2551 1729 2621 πατριάρχην

139 2630 297 2697 μάλα
327 2630 682 2703 δικαιοτάτην
720 2636 813 2688 καὶ
843 2637 1249 2710 ἀκριὸεστάτην
1280 2640 1579 2713 Ἀθήνηθεν
1633 2644 1730 2698 πέ-

140 2737 367 2790 πομιξεν
397 2724 477 2785 εἰς
506 2723 682 2788 τοῦτο,
706 2728 798 2778 καὶ
826 2728 1171 2799 ὑπέγραψεν.

540 2904 751 2975 Σχῆμα
774 2907 889 2961 τῶν
910 2912 1335 2977 προλαϐόντων

433 2997 815 3067 Δισεξάδελφοι

206 3087 532 3158 Εὖτρήμιος,
560 3090 849 3163 Γεώργιος.
1286 3100 1474 3171 Μαρία
1516 3102 1722 3173 μήτηρ.

1198 3284 1431 3355 Θεοδότη
1456 3285 1725 3356 θυγάτηρ.

214 3364 257 3416 Γ
259 3364 499 3434 εὼργιος
531 3367 559 3419 6
596 3367 689 3421 τοῦ
731 3368 1017 3442 Εὐφημίου
1045 3374 1334 3442 ἐξάδελφος
1362 3378 1408 3413 ⁵³
1438 3376 1600 3430 ἔλαϐε
1630 3379 1730 3449 τὴν

142 3458 438 3529 Θεοδότην,
467 3460 690 3527 ἀτελοῦς
714 3462 881 3518 οὖσαν
941 3466 1175 3536 ἡλικίας.
1224 3467 1505 3538 Θανούσης
1562 3472 1732 3540 αὐτῆς

146 3551 289 3619 μετὰ
327 3551 550 3621 μικρὸν,
570 3553 759 3608 ἔλασεν
785 3556 815 3609 6
844 3557 1123 3627 Εὑφήμιος
1151 3559 1251 3629 τὴν
1290 3561 1508 3630 Μαρίαν
1560 3561 1732 3630 αὐτῆς

149 3641 396 3713 μητέρα.
426 3645 539 3698 Καὶ
560 3646 852 3716 κρίνεταιό
882 3649 1123 3713 τοιοῦτος
1184 3650 1365 3721 γάμος
1416 3652 1593 3715 άθῶος
1641 3656 1734 3707 καὶ

145 3731 395 3803 ἔννομος.
1024 3814 1027 3817 ἤ

806 3856 1099 3911 ΜΙΧΑΗΛ.

146 3966 235 4022 A'.
292 3966 633 4051 :Erffc'rolfi
682 3968 785 4051 rei
821 3971 1207 4051 πατριάρχου,
1241 3977 1451 4051 κυρίου
1495 3983 1737 4051 Μιχαὴλ

219 4040 329 4091 τοῦ
376 4040 815 4104 Κὴρουλαρνόυ,
844 4041 975 4105 περὶ
1004 4041 1195 4110 γάμου
1220 4040 1655 4117 κελωᾶυμένξῖυ.

228 4152 566 4221 Ἀκήκοενή
602 4152 892 4223 μετριότης
930 4154 1120 4223 ἡμῶν,
1176 4157 1554 4226 εὐκλεέστατε,
1589 4169 1739 4234 παρὰ

156 4248 390 4305 Λέοντος
454 4243 546 4295 τοῦ
605 4245 933 4313 Κρεμνίτου,
990 4248 1227 4315 γαμικὸν
1283 4251 1551 4321 προϐῆναι
1614 4273 1734 4309 συνε

150 4336 413 4397 οικέσιον,
458 4335 833 4403 ἀναίσχυντον,
891 4337 987 4405 τὴν
1035 4338 1266 4405 ἀνομίαν
1325 4342 1736 4411 ὲπισυρόμενον.

152 4427 307 4479 Λέων
333 4426 469 4495 γάρ,
505 4427 657 4495 φησὶ,
691 4429 784 4479 καὶ
808 4427 1138 4497 Νικηφόρος,
1169 4430 1405 4496 ἀδελφοί.
1444 4434 1683 4500 Τούτων,
1712 4439 1739 4486 ὁ

1835 1908 2095 1964 sobrinus
2135 1907 2474 1977 Euphemius
2524 1906 2819 1963 Theodotae
2869 1915 3100 1961 matrem
3155 1906 3413 1975 coniugio

1837 1998 1939 2054 sibi
1968 1998 2174 2069 iunxit.
2205 1996 2363 2065 Quod
2393 1998 2538 2054 enim
2581 2013 2678 2065 pro
2707 2000 2859 2051 nullo
2886 1999 3124 2062 ducitur,
3171 2014 3410 2068 quonam

1837 2090 2001 2145 modo
2038 2089 2214 2160 possit
2256 2103 2382 2144 esse
2414 2089 2701 2143 obstaculo
2738 2089 2789 2143 ei
2822 2129 2836 2153 ,
2878 2089 3021 2158 quod
3072 2096 3220 2144 recte
3256 2089 3312 2142 lit
3349 2104 3414 2143 ac

1835 2183 2122 2253 legitime?
2150 2180 2372 2237 Minime
2413 2180 2656 2251 quidem.
2694 2180 2820 2235 Haec
2870 2180 3155 2235 nobiscum
3202 2181 3415 2235 exami-

1836 2279 1985 2330 navit
2042 2276 2095 2328 in
2153 2273 2286 2329 urbe
2336 2272 2703 2343 imperatrice,
2755 2288 2818 2329 ac
2874 2287 2979 2328 una
3036 2273 3411 2343 pronuntiavit

1835 2368 1999 2422 etiam
2053 2364 2280 2419 Michael
2314 2364 2447 2435 (2|),
2490 2364 2935 2434 religiosissimus
2978 2366 3068 2419 ille
3098 2365 3413 2435 metropoli-

1836 2464 1999 2510 tanus
2035 2454 2409 2509 Atheniensis.
2466 2453 2567 2508 Hic
2621 2455 2787 2520 enim,
2826 2454 2920 2510 lite
2975 2470 3160 2510 coram
3209 2470 3269 2510 se
3325 2456 3411 2510 in-

1836 2549 2057 2611 choata,
2086 2556 2141 2602 et
2174 2547 2393 2614 nuptias
2428 2547 2576 2616 ipsas
2622 2547 2894 2616 probavit,
2927 2557 2982 2603 et
3013 2548 3079 2603 ad
3126 2549 3413 2605 sanctissi-

1836 2647 1985 2687 mum
2017 2633 2386 2701 patriarcham
2415 2631 2677 2701 scriptum
2700 2635 3073 2703 aequissimum
3108 2643 3161 2689 et
3185 2648 3414 2690 accura-

1835 2722 2108 2777 tissimum
2187 2724 2418 2777 Athenis
2499 2724 2598 2776 hoc
2700 2726 2920 2780 nomine
2998 2726 3164 2790 misit,
3251 2735 3415 2797 atque

1837 2814 2189 2883 subscripsit.

2301 2906 2497 2977 Figura
2527 2909 2939 2976 putaminarum.

2120 2996 2347 3065 Sobrini

1903 3090 2220 3169 Ephemius,
2249 3089 2533 3161 Georgius.
2985 3090 3174 3158 Maria,
3218 3101 3411 3152 mater.

2945 3273 3247 3340 Theodote,
3282 3275 3413 3335 tilia.

1906 3367 2172 3438 Georgius
2207 3366 2495 3437 Euphemii
2529 3364 2787 3422 sobrinus
2825 3365 3147 3425 Theodotcn
3198 3367 3415 3436 accepit

1835 3458 2012 3515 adhuc
2066 3459 2422 3528 impuberem.
2461 3458 2533 3512 Ea
2594 3458 2755 3526 paulo
2808 3468 2932 3528 post
2982 3467 3215 3523 mortua,
3262 3459 3411 3513 duxit

1837 3549 2171 3619 E4hemius
2203 3547 2451 3611 Mariam,
2482 3546 2782 3602 Theodota:
2810 3558 3060 3602 matrem.
3104 3552 3279 3619 Atque
3313 3548 3414 3601 hoc

1837 3639 2247 3696 matrimonium
2282 3638 2413 3693 vitio
2458 3654 2651 3696 carere
2685 3639 2987 3710 judicatur,
3029 3653 3080 3695 et
3130 3655 3250 3697 esse
3283 3640 3415 3711 legi"

1840 3736 2054 3789 timum.

2419 3840 2817 3897 MICHAELIS.

1840 3955 1879 4011 1.
1908 3956 2150 4028 Epistula
2178 3958 2523 4027 patriarchw,
2559 3956 2775 4010 Domini
2808 3954 3087 4028 Michaelis
3124 3953 3415 4018 Cerularii,

2231 4030 2293 4082 de
2344 4028 2683 4081 matrimonia
2718 4025 3004 4094 prohibito.

1914 4143 2132 4199 Audivit
2152 4143 2505 4198 mediocritas
2526 4141 2829 4207 nostra,vir
2844 4140 3168 4204 clarissimo.
3190 4156 3219 4194 a
3234 4139 3420 4195 Lcouc

1844 4238 2145 4297 (Iremnita,
2210 4232 2625 4287 matrimonium
2671 4246 2796 4286 esse
2848 4241 3215 4296 contractum,
3266 4230 3420 4302 quod

1846 4347 1969 4385 cum
1995 4328 2308 4399 impudente
2337 4326 2543 4395 ﬂagitio
2576 4327 2929 4397 coniunctum
2985 4336 3086 4382 est.
3140 4326 3279 4381 Sunt
3311 4326 3421 4380 fra-

1847 4435 1982 4486 tres,
2011 4421 2203 4491 inquit,
2235 4418 2343 4471 Leo
2371 4429 2423 4472 et
2451 4416 2809 4487 Nicephorus.
2848 4417 3054 4472 Horum
3088 4419 3248 4481 alter,
3284 4416 3416 4483 Leo,

153 4517 256 4581 μὲν
285 4516 442 4589 ᾼέων
472 4517 637 4585 γεννᾷ
686 4515 784 4587 τὴν
837 4519 1058 4587 Καλὴν
1095 4522 1121 4572 ὁ
1154 4521 1467 4592 Νικηφόρος
1515 4525 1592 4582 δὲ.
1647 4530 1730 4581 τὸν

1846 4517 2011 4572 Calen
2047 4520 2343 4583 procreat:
2370 4510 2729 4579 Nicephorus,
2766 4510 3084 4580 Georgium.
3120 4509 3254 4565 lliuc
3289 4512 3420 4567 Cale

154 4606 453 4676 Γεὼργιον.
478 4602 613 4660 Εἶτα
644 4607 963 4677 συνέρχεται
1004 4609 1138 4679 πρὸς
1168 4611 1349 4681 γάμου
1387 4617 1726 4688 κοινωνίανὴ

154 4697 312 4766 Καλὴ
345 4694 426 4765 τῷ
459 4695 699 4776 Μιχαὴλ,
749 4697 842 4749 καὶ
868 4699 895 4749 6
918 4697 1189 4767 Γεώργιος
1218 4701 1245 4752 6
1294 4701 1494 4772 ταύτης
1524 4702 1738 4768 ἐξάδελ-

158 4806 275 4851 cor,
311 4789 488 4857 γαμεῖ
528 4786 786 4857 Εἰρήνην,
819 4788 917 4857 τὴν
965 4789 1058 4841 τοῦ
1108 4791 1327 4861 Μιχαὴλ
1347 4794 1602 4865 ἀδελφήν.
1651 4797 1739 4861 Ὠς

158 4878 559 4947 συμπλακῆναι
602 4877 695 4931 δῦο
731 4877 961 4950 πρώτων
1008 4880 1317 4950 ὲξαδέ).φων
1368 4886 1565 4954 γάμον,
1602 4890 1739 4958 πρὺς

154 4970 250 5039 δξο
282 4969 575 5037 ἀδελφοὺς,
602 4970 791 5039 ἐτέρου
822 4973 1031 5038 γένους,
1058 4972 1192 5042 ὅπερ
1208 4973 1365 5042 δῆλον
1415 4977 1589 5047 πάντη
1644 4982 1740 5032 καὶ

155 5065 268 5123 τοῖς
300 5062 602 5121 πολιτικοῖς
627 5061 831 5129 νόμοις,
862 5066 958 5116 καὶ
986 5064 1097 5125 τοῖς
1129 5064 1293 5133 ίεροῖς
1338 5067 1557 5120 κανόσιν
1596 5070 1741 5123 ἁπα-

160 5153 423 5221 ρὶΞεκτόν
454 5155 591 5207 ἐστι.
626 5154 938 5206 κωλύονται
983 5154 1111 5224 γὰρ,
1143 5155 1306 5223 φησὶν
1339 5158 1367 5209 6
1395 5158 1577 5227 νόμος,
1602 5161 1737 5231 πρὸς

158 5246 343 5316 γάμου
369 5246 678 5308 κοινωνίαν,
717 5245 954 5315 ἀδελφοὶ,
987 5247 1285 5316 ὲξάδελιροι,
1319 5252 1412 5303 καὶ
1446 5252 1496 5303 οἱ
1519 5254 1583 5304 ὲκ
1611 5253 1734 5305 τού-

157 5356 267 5391 των
294 5339 661 5408 καταγόμενοι
693 5338 786 5391 καὶ
810 5338 992 5409 μόνον.
1031 5339 1147 5392 Ἐπὶ
1175 5342 1230 5394 δὲ
1251 5342 1359 5395 τῶν
1389 5344 1453 5395 ὲκ
1482 5344 1732 5412 πλαγίου,

163 5431 280 5485 Earl
304 5450 387 5494 τις
420 5431 673 5493 κώλυσις,
718 5430 887 5484 Τοῦτο
930 5430 1059 5500 γοῦν
1087 5432 1145 5484 τὸ
1179 5431 1269 5498 τίς
1294 5433 1464 5502 ῥῆμα,
1503 5436 1735 5506 μερικὴν

1847 4608 1901 4661 in
1934 4603 2268 4659 matrimonii
2312 4602 2626 4656 societatem
2685 4617 2810 4657 cum
2871 4602 3131 4657 Michaele
3185 4604 3316 4667 coit,
3368 4611 3422 4658 ct

1846 4698 2210 4753 consobrinus
2230 4695 2349 4764 ejus
2382 4690 2671 4759 Georgius,
2704 4692 2913 4748 lrenam
2939 4694 3111 4757 ducit,
3141 4692 3420 4749 Michaelis

1847 4806 2114 4846 sororem.
2149 4789 2223 4842 Ita
2256 4788 2504 4857 quidem,
2538 4797 2595 4841 ut
2629 4787 2737 4841 duo
2783 4788 3100 4843 consobrini
3126 4802 3248 4842 cum
3286 4788 3423 4845 duo-

1845 4883 1949 4937 bus
1983 4881 2262 4941 fratribus,
2296 4880 2495 4933 divcrsi
2556 4878 2791 4949 generis,
2856 4880 3074 4949 nuptias
3133 4888 3421 4937 contraxe-

1846 4975 1957 5028 rint
1988 4972 2168 5037 :quod
2210 4971 2355 5026 haud
2398 4971 2559 5025 dubie
2601 4986 2700 5026 nec
2723 4971 2934 5041 legibus
2997 4972 3275 5036 civilibus,
3321 4988 3421 5027 nec

1848 5064 2154 5121 canonibus
2185 5063 2360 5119 sacris
2414 5061 2741 5116 admittitur.
2779 5060 2936 5122 Nam.
2983 5071 3042 5116 ut
3079 5062 3162 5116 lex
3218 5063 3420 5133 inquit.

1850 5164 2161 5209 arccnlura
2196 5150 2454 5206 societate
2512 5151 2752 5221 coniugii
2811 5149 3032 5214 fratres,
3079 5150 3419 5215 consobrini.

1847 5254 1900 5301 et
1932 5247 2022 5314 qui
2086 5261 2148 5297 cx
2197 5244 2280 5299 his
2318 5254 2682 5312 procreantur
2725 5250 2957 5295 tantum.
2996 5241 3050 5295 In
3100 5242 3167 5297 iis
3217 5254 3418 5305 autem,

1845 5341 1936 5409 qui
1970 5347 2095 5391 sunt
2148 5352 2211 5390 ex
2260 5343 2604 5397 transverso.
2662 5334 2961 5403 prohibitio
3013 5334 3260 5410 qugedam
3316 5346 3419 5391 est.

1848 5431 1971 5485 Haec
2011 5444 2139 5498 ergo
2170 5442 2297 5491 vox,
2340 5425 2606 5493 quwdam,
2664 5427 3045 5496 particularcm
3099 5428 3420 5499 prohibitio-

1468 5549 1695 5603 VMHIE
1730 5545 2129 5603 LECTIONES.

236 5644 284 5676 “
316 5641 751 5710 6::t55i6:i.:;o;.

1719 5751 1946 5807 NOTAE.

236 5848 353 5917 (2i)
392 5848 486 5902 llic
518 5849 802 5917 proximus
843 5845 1274 5918 prmeedentibus
1303 5844 1462 5900 etiam
1495 5845 1726 5899 decretis
1767 5840 2090 5911 SlIIJaCI‘iP‘jll
