4176 6446
772 401 873 473 851
2113 404 2250 473 1υὸ
2282 412 2359 473 CA

2462 411 2720 473 lNICUM
3940 410 4053 477 852

773 531 897 577 nem
935 520 1197 590 inferens,
1218 531 1327 579 nan
1373 525 1426 579 in
1460 524 1732 583 inﬁnitum
1763 542 1821 583 se
1857 527 2126 598 porrigit;
2158 527 2251 583 sed
2285 527 2340 581 in

2462 527 2651 595 ἐπάγον
2694 524 2791 596 τήν
2823 523 3081 590 κώλυσιν,
3118 524 3218 579 οὐκ
3265 526 3345 589 είς
3376 526 3681 597 ἀπέραντον
3714 527 4054 593 ἐξικνεῖται,

770 615 959 669 eodem
993 626 1209 684 genere,
1247 616 1467 688 septimi
1500 634 1722 689 quoque
1748 618 1955 690 gradus
1977 620 2185 690 nuptiae
2213 633 2345 689 pro-

2462 621 2562 673 nx
2591 620 2683 672 ἐπὶ
2716 618 2811 672 τοῦ
2846 617 3010 672 αὐτοῦ
3043 617 3233 685 γένους
3264 618 3360 671 καὶ
3385 620 3412 671 6
3434 619 3527 671 τοῦ
3558 619 3792 689 ἑϐδόμου
3822 621 4051 691 βαθμοῦ

770 704 1046 760 bibentur.
1070 706 1191 763 Non
1222 710 1367 765 enim
1402 718 1582 779 potest
1606 712 1867 768 sobrinus
1911 711 2123 767 sobrini
2161 710 2250 766 sui
2278 711 2344 763 ti-

2462 712 2718 766 ιιωλύεται
2772 711 2971 780 γάμος.
3040 711 3114 765 Οὐ
3178 711 3286 782 γὰρ
3334 710 3560 765 δύναται
3593 714 3621 765 6
3651 712 4049 782 δισεξάδελφος

768 797 895 851 liam
925 798 1148 866 ducere,
1176 801 1304 855 licet
1337 818 1400 857 ex
1428 803 1670 859 sobrinis
1696 814 2110 873 procreatorum
2139 803 2344 873 uuptiae

2462 806 2544 876 ιὴν
2601 805 3023 877 τρισεξαδέλφην
3064 807 3294 874 γαμεῖν,
3329 803 3436 858 κᾶν
3470 806 3498 857 6
3528 804 3636 857 τῶν
3682 807 4055 875 τρισεξαδέλο

766 896 875 943 tton
910 892 1021 947 siut
1053 893 1360 963 prohibitio.
1396 893 1498 961 Qui
1542 904 1725 951 autem
1757 912 1821 951 ex
1852 906 2164 952 transverso
2193 901 2342 960 sunt,

2462 913 2565 966 ρων
2603 895 2781 965 γάμος
2823 895 2923 949 οὐκ
2971 896 3348 967 ἀπειρημένος
3380 895 3520 951 ἐστι.
3559 897 3700 968 Πρὸς
3724 897 3782 952 δὲ
3815 899 3953 960 τοὺς
3982 898 4053 951 ἐκ

768 981 838 1038 iis
870 984 1033 1038 etiam
1057 985 1324 1054 septimus
1356 988 1561 1057 gradus
1590 989 1950 1059 permittitur.
1980 988 2051 1043 At
2073 988 2127 1042 in
2162 988 2344 1044 delato

2462 986 2681 1054 πλαγίου
2720 988 2812 1039 καὶ
2843 988 2871 1038 ό
2891 986 3121 1056 ἓὸδομος
3147 990 3513 1058 συγχωρείται
3542 987 3769 1057 βαθμὸς.
3823 988 3958 1042 Ἐπὶ
3990 989 4053 1041 δὲ

768 1072 836 1128 ad
873 1090 975 1131 nos
1005 1077 1381 1143 matrimonio,
1422 1079 1626 1150 gradus
1655 1088 1844 1134 sextus
1877 1079 2177 1135 invenitur.
2206 1077 2342 1133 Nam

2462 1078 2540 1131 τοῦ
2566 1077 3061 1147 προσαγγελθέντος
3096 1081 3453 1143 συνοικεσίου,
3507 1080 3663 1141 ἕκτος
3720 1081 4054 1150 εὑρίσκεται

768 1162 895 1215 Cale
919 1178 982 1217 ac
1016 1163 1308 1234 Georgius,
1342 1182 1467 1221 cum
1499 1167 1709 1222 sobrini
1746 1168 1874 1233 sint,
1910 1167 1966 1221 ln
1995 1176 2192 1237 quarto
2214 1180 2343 1236 erga

2462 1165 2680 1237 βαθμός.
2729 1167 2791 1220 'H
2830 1168 2929 1235 μὲν
2969 1169 3078 1239 γὰρ
3105 1170 3261 1238 Καλὴ
3288 1167 3422 1240 πρὸς
3454 1171 3544 1220 τὸν
3575 1169 3854 1240 Γεώργιον
3886 1170 4052 1237 πρῶ-

768 1268 829 1309 se
865 1256 1100 1312 invicem
1128 1260 1299 1327 gradu
1344 1262 1677 1317 consistunt.
1705 1260 1777 1315 At
1830 1262 2058 1317 Michael
2094 1262 2161 1315 ah
2190 1259 2344 1314 lrena

2462 1276 2526 1312 ret
2554 1259 2705 1322 ὄντες
2735 1259 3038 1329 ὲξὰδελφοι,
3072 1261 3333 1329 τέταρτον
3364 1260 3545 1329 έχουσι
3575 1260 3710 1329 πρὸς
3758 1259 4047 1328 ἀλλήλους

768 1348 942 1414 gradu
976 1348 1150 1403 altero
1180 1350 1356 1416 abest,
1402 1360 1459 1405 ut
1504 1353 1663 1421 cujus
1693 1353 1811 1422 ipse
1844 1352 2013 1407 frater
2039 1353 2132 1406 sit.
2166 1352 2344 1421 Atque

2462 1350 2678 1419 Ξαθμόν.
2723 1349 2781 1403 Ὀ
2810 1351 2866 1404 δὲ
2908 1352 3128 1421 Μιχαὴλ
3159 1352 3293 1421 προς
3323 1352 3421 1421 τὴν
3476 1353 3732 1422 Εἰρήνην,
3793 1351 3894 1405 δύο
3940 1354 4051 1405 ἁττ-

770 1438 874 1492 hoc
924 1441 1085 1495 modo
1144 1456 1269 1496 cum
1327 1424 1549 1533 gradus:r
1581 1454 1771 1500 sextus
1820 1446 2127 1515 colligatur,
2181 1444 2347 1497 lrenm

768 1532 1181 1587 matrimonium
1233 1534 1576 1603 prohibetur.
1641 1535 1797 1603 Quod
1855 1535 2075 1606 quidem
2122 1544 2179 1589 ιιι
2209 1575 2224 1601 ,
2263 1536 2345 1587 νίν

768 1621 1092 1681 doctissime
1126 1666 1140 1692 ,
1201 1628 1285 1683 vel
1339 1644 1449 1681 non
1504 1638 1851 1684 contractum
1917 1630 2191 1699 prohibe,
2263 1628 2345 1681 vel

767 1712 876 1781 jam
903 1722 1246 1773 contractum
1270 1719 1513 1775 dissolve
1548 1737 1562 1774 :
1596 1736 1719 1775 cum
1753 1736 1818 1775 ex
1842 1721 2112 1775 relatione
2141 1718 2341 1773 Leonis

2447 1441 2565 1511 ἔχει
2608 1443 2882 1512 βαθμοὺς,
2927 1443 3024 1497 ἅτε
3080 1443 3304 1512 ἁδελφὸς
3332 1441 3407 1495 ὢν
3444 1443 3666 1512 ταύτης.
3696 1444 3810 1496 Καὶ
3870 1444 4055 1506 οὕτως

2446 1534 2540 1587 τοῦ
2570 1535 2731 1587 ἕκτου
2758 1535 2968 1604 βαθμοῦ
2990 1536 3381 1604 συναγομένου,
3408 1535 3677 1588 κωλύεται
3700 1536 3760 1588 τὸ
3780 1537 4044 1588 συνοικέ-

2448 1643 2562 1681 σιον
2588 1628 2688 1696 τῆς
2712 1629 2969 1699 Εἰρήνης.
2997 1631 3061 1683 '0
3083 1628 3259 1700 δήκαὶ
3280 1628 3464 1693 αὐτὸς,
3492 1630 3519 1681 6
3542 1627 3946 1700 λογιώτατος,ή
3972 1630 4051 1697 μὴ

2447 1720 2760 1790 γενόμενον,
2800 1719 3138 1790 κὼλυσονοῆ
3198 1720 3513 1790 γενόμενον,
3568 1718 3855 1772 διάλυσον
3898 1720 4057 1786 εὑρί-

768 1808 1065 1879 intelligas,
1096 1812 1146 1865 itl
1178 1813 1319 1869 intra
1341 1824 1555 1870 sextum
1588 1816 1818 1884 gradum
1844 1816 2043 1870 claudi.
2096 1815 2205 1868 Nec
2259 1823 2344 1868 est

2450 1829 2599 1865 σκων
2663 1811 2824 1865 τοῦτο
2887 1812 3029 1865 κατὰ
3065 1811 3163 1882 τὴν
3214 1811 3621 1882 προσαγγελίαν
3666 1810 3761 1862 τοῦ
3789 1810 4052 1873 Λέοντος,

770 1904 916 1969 quod
941 1916 1187 1961 Vereare.
1218 1907 1348 1960 Nam
1380 1908 1563 1976 plures
1596 1909 1769 1962 habeo
1810 1908 1903 1961 tihi
1942 1909 2345 1977 patrocinantes

2462 1904 2530 1974 τῷ
2558 1904 2706 1973 ἕκτῳ
2739 1903 3207 1975 περικλειόμενον,
3246 1903 3343 1956 καὶ
3393 1902 3561 1972 μηδὲν
3590 1901 3862 1971 φοϐηθῇς.
3902 1901 4050 1953 Πολ-

770 1995 825 2046 ln
860 1994 962 2048 hoc
998 1994 1160 2057 farto,
1195 2004 1302 2049 tam
1333 1998 1473 2066 leges
1502 1998 1711 2061 civiles,
1762 2012 1925 2066 quam
1960 2012 2149 2053 sacros
2177 2013 2344 2054 cano-

772 2090 892 2148 hes,
945 2086 1233 2154 ipsumque
1290 2090 1562 2142 novellum
1620 2097 1826 2145 tomum
1895 2099 2156 2161 perpetuo
2204 2091 2346 2143 cele-

773 2176 989 2240 brandi,
1032 2186 1085 2231 et
1128 2179 1383 2249 religiose
1434 2179 1699 2244 defuncti,
1767 2182 1972 2236 domini
2027 2182 2215 2237 Sisinii
2251 2196 2346 2251 pa-

772 2268 1050 2324 lriarchat.

1442 2408 1653 2481 Figura.

879 2523 1118 2582 Fratres.
1996 2528 2234 2585 Fratres.

982 2620 1114 2685 Leo,
1146 2619 1508 2691 Nicephorus.
1556 2622 1851 2686 aMichael,
1900 2623 2124 2677 hlrena.

845 2804 1026 2858 'Cale.
1175 2805 1202 2844 ι’
1222 2804 1515 2876 Georgius.

776 2926 840 2994 ΙΙ.
877 2938 966 2993 Ea:
999 2939 1239 3009 Epistola
1274 2938 1571 3004 Michaelis,
1604 2942 1929 2996 sanctissimi
1956 2950 2006 2997 et
2034 2943 2347 2999 universam

1390 3013 1729 3081 patriarcha’.

848 3121 1141 3191 Sacerdos,
1177 3126 1270 3196 qui
1303 3125 1454 3180 novit
1476 3140 1699 3182 uxorem
1732 3140 1890 3182 suam
1934 3126 2205 3183 adulterio
2229 3122 2350 3197 pol-

2448 2620 2622 2683 Λέων,

2448 1994 2573 2058 λοὺς
2598 1995 2706 2064 γὰρ
2735 1994 2842 2065 ἔχω
2862 1996 2983 2057 τοὺς
3019 1995 3439 2066 συναιρομένους
3486 2010 3569 2046 σοι
3597 1992 3693 2045 τοῦ
3733 1994 3905 2062 ἔργου
3944 1996 4049 2045 καὶ

2449 2086 2759 2149 πολιτικοὺς
2797 2087 3014 2156 νόμους,
3043 2086 3342 2156 καὶῑεροῦς
3402 2086 3651 2149 κανόνας,
3720 2085 3813 2139 καὶ
3875 2086 4050 2138 αὑτὸν

2448 2178 2539 2231 τὸν
2576 2177 2769 2247 νεαρὸν
2798 2178 2964 2247 τόμον
2996 2176 3090 2231 τοῦ
3107 2178 3441 2247 ἀειμνήστου
3470 2176 3565 2229 καὶ
3588 2175 3753 2239 ὁσίως
3794 2176 4053 2229 ἀναπαυ-

2451 2270 2686 2337 σαμένου
2718 2270 2885 2342 κυροῦ
2928 2271 3164 2325 Σισινίου
3195 2271 3286 2323 τοῦ
3314 2270 3678 2341 πατριάρχου.

3120 2408 3351 2477 Σχῆμα.

3693 2523 3940 2591 ’Δδελτςοοί

3325 2631 3351 2659 ι
3379 2617 3598 2688 Μιχαὴλ
3623 2616 3719 2669 καὶ
3753 2618 3779 2657 δ
3808 2616 4054 2687 Εἰρήνη.

2519 2528 2762 2598 Ἀδελφοὶ

2732 2620 3015 2690 Νικηφόρο
3028 2638 3067 2673 :.

2521 2815 2543 2841 η
2577 2802 2752 2873 Καλη,
2978 2805 3002 2842 Ι)
3028 2802 3320 2876 Γεὼργιος.

2451 2939 2535 2993 B'.
2584 2939 2685 3003 Ἓξ
2722 2937 3078 3005 Ἐπιστολῆς
3113 2936 3377 3005 Μιχαὴλ,
3413 2937 3518 3008 τοῦ
3546 2937 3876 3008 ἀναστάτου
3932 2938 4042 2992 καί

2806 3009 3219 3077 οὶκουμενικοῦ
3265 3006 3654 3077 πατριάρχου.

2534 3120 2729 3190 Ἱερεὺς
2760 3121 2919 3186 γνοὺς
2961 3120 3059 3189 τὴν
3098 3119 3347 3172 σύνοικον
3392 3117 3794 3188 μοιχευθεῖσαν,
3842 3120 4058 3172 ἀπωδ-

779 3211 944 3270 lutam
975 3256 989 3281 ,
1024 3217 1071 3272 si
1098 3231 1215 3270 eam
1243 3218 1539 3288 expulerit,
1574 3233 1605 3273 a
1650 3232 1879 3273 munere
1916 3233 2018 3273 suo
2049 3234 2158 3273 non
2193 3235 2345 3274 arce-

2462 3212 2662 3280 άμενος
2718 3212 2837 3281 μὲν,
2876 3210 3175 3274 ἀκώλυτος·
3208 3210 3655 3281 παραδεξάμενος
3694 3210 3774 3274 δὲ,
3800 3212 4054 3281 ἀνίερος.

780 3318 871 3364 tur
903 3326 917 3364 :
952 3309 1037 3364 sin
1062 3310 1350 3379 receperit,
1384 3309 1751 3365 sacerdotium
1780 3311 2007 3364 amittit.
2050 3308 2206 3363 Datis
2258 3324 2350 3363 au-

780 3401 913 3467 tem,
945 3416 1108 3472 quam
1137 3418 1234 3472 per
1268 3401 1598 3458 adulterium
1633 3402 1853 3472 cognita
1879 3402 2183 3458 sacerdotis
2214 3417 2354 3456 uxor

780 3496 983 3550 marito
1008 3495 1212 3561 attulit,
1248 3495 1358 3551 duo
1390 3496 1621 3551 trientes
1654 3509 1751 3566 pro
1777 3509 1907 3550 nato
1956 3496 2205 3565 utrisque
2240 3492 2353 3548 ﬁlio

781 3588 1169 3644 retinebuntur
1197 3605 1211 3641 :
1247 3589 1495 3659 reliquus
1523 3587 1625 3658 ipsi
1646 3585 2001 3652 concedetur,
2034 3585 2081 3641 ei
2109 3586 2356 3640 tribuen-

778 3678 886 3735 dus
916 3679 1270 3743 monasterio,
1298 3678 1351 3734 in
1386 3694 1496 3751 quo
1526 3678 1860 3734 tundehitur.

1364 3810 1456 3868 Ill.
1498 3811 1771 3880 Eiusdem.

856 3920 1091 3991 Quidam
1155 3923 1415 3982 sacerdos
1468 3927 1734 3996 quosdam
1808 3934 2007 3997 praeter
2067 3934 2357 3995 parentum

782 4018 1112 4071 sontentiam
1144 4016 1198 4070 in
1237 4016 1649 4075 matrimonium
1677 4026 1938 4073 coeuntes
1975 4017 2231 4086 precibus
2274 4030 2356 4071 sa—

785 4107 897 4159 t-ris
924 4106 1187 4161 initiavit.
1233 4106 1366 4161 Inde
1396 4106 1632 4163 divulsis
1663 4123 1691 4160 a
1734 4122 1794 4163 se
1830 4109 2089 4173 invicem,
2150 4116 2206 4162 et
2255 4107 2360 4161 alia

784 4199 1043 4271 coniugia
1078 4200 1557 4264 contrahentibus,
1594 4200 1858 4257 sacerdos
1888 4200 2029 4255 alius
2067 4201 2204 4255 bene
2232 4192 2389 4270 pre?

785 4299 948 4346 battis
994 4294 1099 4346 est.
1155 4288 1438 4361 Siquidem
1468 4291 1763 4361 ignoravit,
1801 4300 2058 4361 parentes
2092 4305 2198 4344 non
2233 4304 2363 4345 con-

2453 3304 2565 3374 Τῆς
2587 3304 2643 3356 δὲ
2668 3302 2887 3373 προικὸς
2908 3303 3005 3371 τῆς
3030 3302 3404 3370 μοιχευθείσης
3428 3301 3519 3353 τοῦ
3542 3300 3733 3370 ἱερέως
3756 3301 4056 3368 γυναικὸς,

2454 3395 2513 3448 τὸ
2537 3394 2635 3465 μὲν
2654 3394 2895 3464 δίμοιρον
2926 3394 3066 3462 ὑπὲρ
3095 3392 3186 3445 τοῦ
3208 3393 3493 3462 τεχθεντος
3520 3394 3703 3454 αὐτοῖς
3724 3393 4027 3463 ἁποκρατη
4045 3420 4061 3428 -

2459 3484 2684 3556 θήσεται
2718 3483 2905 3546 παιδός
2928 3499 2941 3513 ⁵
2974 3483 3034 3535 τὸ
3072 3483 3127 3535 δὲ
3164 3482 3348 3553 τρίτον
3372 3480 3855 3551 παρασχεθήσεται
3886 3483 4056 3549 αζρτῇ,

2454 3576 2814 3647 δοθησόμενω
2885 3576 2965 3640 εἰς
3016 3575 3378 3644 μοναστήριον
3411 3574 3469 3627 ὲν
3509 3566 3552 3640 ᾧ
3605 3574 4059 3642 ἀποκαρήσεται.

3023 3785 3095 3843 I".
3128 3789 3236 3844 Τοῦ
3257 3786 3469 3842 αὐτοῦ.

2544 3897 2743 3976 Ἶερεὺς
2763 3904 2915 3967 τινὰς
2938 3904 3085 3973 παρὰ
3113 3900 3340 3971 γνώμην
3366 3901 3473 3954 τῶν
3518 3898 3724 3967 γονέων
3781 3916 4063 3952 συναπτο-

2466 3998 2658 4070 μένους
2703 3997 3030 4069 ηὑλόγησεν.
3070 3992 3204 4048 Εἶτα
3236 3992 3556 4054 διαστάντας
3590 3991 3686 4045 ἀπ’
3720 3990 3934 4055 αὐτῶν,
3961 3994 4064 4044 καὶ

2465 4086 2905 4157 συναπτομένους
2954 4085 3161 4154 ἑτέροις
3198 4084 3337 4135 κατὰ
3354 4082 3581 4151 γνώμην
3620 4081 3729 4133 τῶν
3760 4083 4064 4143 τεκόντων,

2463 4177 2758 4249 εὐλόγησεν
2810 4176 2997 4246 ἔτερος
3045 4176 3242 4245 ἱερεύς.
3291 4174 3355 4226 Ei
3408 4174 3505 4244 μὲν
3553 4174 3792 4243 ἠγνόησε
3848 4174 3913 4226 τὸ
3952 4175 4066 4226 τῶν

2465 4273 2732 4325 τεκόντων
2784 4270 3103 4339 ἀϐούλητον,
3157 4270 3247 4320 ἐπὶ
3282 4268 3472 4338 χρόνον
3493 4270 3614 4318 τινὰ
3657 4268 3825 4335 ῥητὸν
3850 4266 3953 4334 τῆς
3991 4270 4067 4318 ἱε-

789 4382 1036 4449 sentire;
1070 4388 1282 4436 certum
1331 4381 1608 4451 quoddam
1639 4380 1709 4436 ad
1736 4390 1953 4450 tempus
1981 4397 2010 4434 a
2051 4381 2359 4436 ministerio

2469 4362 2731 4435 ρουργίας
2779 4361 3224 4432 ἐπισχεθήσεται,
3272 4362 3367 4413 καὶ
3398 4358 3496 4430 τήν
3535 4360 3590 4411 ὲν
3630 4358 3917 4427 νηστείαις
3972 4360 4069 4411 καὶ

790 4489 954 4529 sacro
975 4474 1252 4529 abstinere
1280 4449 1579 4543 iubebitur,
1598 4480 1650 4528 et
1680 4449 1901 4542 iejuniis
1929 4486 1992 4525 ac
2020 4470 2359 4525 orationibus

2465 4456 2799 4525 προσευχαῖς
2849 4451 3226 4523 ταλαιπωρίαν
3248 4452 3643 4521 ὗποστήσεται.
3675 4449 3739 4501 '0
3769 4450 3974 4518 χρόνος
4002 4467 4066 4517 γε

793 4572 967 4619 semet
990 4564 1207 4637 amiget.
1239 4539 1418 4635 Ipsius
1441 4578 1617 4633 paenae
1639 4539 1855 4634 tempus
1891 4563 1958 4619 ad
1997 4562 2115 4618 dies
2141 4576 2228 4627 ιι,
2276 4556 2359 4617 vel

2475 4545 2582 4617 μὴν
2599 4547 2695 4616 τῆς
2724 4546 3027 4616 ἐπιτιμίας,
3056 4542 3108 4611 μ’
3148 4543 3353 4613 ἡμέραι
3407 4541 3441 4612 ἥ
3477 4542 3558 4601 δὶς
3591 4539 3881 4593 τοσαῦται.
3920 4540 3985 4591 Εἰ
4010 4540 4066 4592 δὲ

792 4658 933 4712 alios
964 4658 1191 4714 totidem
1230 4672 1353 4714 sese
1382 4659 1647 4728 porriget.
1685 4655 1779 4710 Sin
1825 4665 2002 4721 norat,
2056 4655 2365 4712 sacerdotio

790 4747 1030 4804 ucidet.
1056 4748 1212 4816 Quod
1236 4749 1281 4804 si
1314 4750 1672 4820 provectioris
1700 4758 1860 4803 erant
1889 4747 2067 4802 artatis
2096 4746 2277 4812 liberi,
2312 4751 2367 4800 et

790 4839 921 4909 quia
950 4840 1266 4896 dilationem
1290 4850 1546 4911 parentes
1592 4842 2030 4911 interponehant,
2062 4839 2269 4896 idcirco
2288 4838 2369 4895 eis

795 4928 985 4984 invitis
1040 4931 1366 4985 contrahere
1436 4930 1849 4985 matrimonium
1909 4931 2084 4985 coacti
2146 4929 2301 4983 fuere
2350 4946 2365 4982 :

796 5020 1240 5090 quandoquidem
1273 5020 1327 5075 id
1362 5021 1508 5092 leges
1556 5023 1721 5077 etiam
1776 5021 2028 5092 probant,
2078 5028 2131 5075 et
2162 5021 2228 5086 is,
2275 5018 2367 5089 qui

800 5126 993 5181 preces
1020 5127 1206 5168 sacras
1244 5114 1519 5183 concepit,
1570 5114 1729 5185 culpa
1773 5119 1948 5177 caret,
1996 5121 2051 5166 et
2095 5111 2370 5167 secundus

801 5218 1042 5273 quoque,
1077 5203 1163 5256 cui
1217 5202 1284 5258 de
1315 5205 1501 5275 priore
1531 5205 1881 5259 matrimonio
1916 5219 2025 5259 non
2062 5205 2369 5271 constabat,

796 5302 1115 5348 excusatur.
1149 5292 1244 5348 Sin
1273 5295 1579 5363 constabat,
1619 5295 1800 5366 pmnis
1842 5296 2153 5353 mitioribus
2196 5296 2372 5364 subji-

801 5385 997 5449 cietur,
1022 5387 1167 5455 quod
1189 5386 1457 5443 obnoxios
1473 5389 1685 5443 crimini
1708 5389 2082 5453 scortationis,
2110 5398 2370 5456 tanquam

802 5490 993 5544 puros,
1025 5479 1330 5534 coronarit.
1376 5477 1535 5545 Quod
1566 5479 1611 5533 si
1642 5479 1709 5535 de
1754 5490 2039 5548 parentum
2098 5475 2372 5532 sententia

803 5564 998 5634 prima:
1027 5576 1324 5623 contractae
1349 5575 1480 5622 sunt
1528 5568 1754 5637 nUptite,
1790 5566 1987 5621 deinde
2015 5581 2116 5620 nec
2148 5566 2374 5635 apinato

799 5653 1097 5710 divortium
1118 5659 1421 5713 intercessit
1454 5676 1467 5711 ε
1503 5655 1762 5712 sacerdos
1785 5657 1994 5727 primus
2011 5658 2168 5724 culpa
2200 5662 2371 5719 caret,

800 5745 945 5800 alter
973 5748 1337 5804 sacerdotium
1360 5747 1563 5803 amittit
1601 5764 1614 5802 :
1649 5746 1768 5804 sive
1792 5754 2047 5817 parentes
2072 5744 2369 5809 adluerint,

801 5835 923 5891 sive
962 5852 1091 5893 non.

2474 4639 2613 4711 ᾔδει,
2672 4640 2767 4709 τῆς
2821 4638 3120 4709 ἱερωσύνης
3165 4635 3499 4687 ἐκπεσεῖται.
3535 4630 3595 4684 Ei
3632 4630 3687 4683 δὲ
3723 4632 4068 4700 προσωτέρω

2471 4739 2573 4807 τῆς
2595 4735 2809 4809 ἡλικίας
2835 4736 3060 4806 ήλασαν,
3093 4732 3200 4785 τῶν
3240 4729 3441 4797 γονέων
3471 4726 3950 4796 ὑπερτιθεμένων,
3975 4730 4070 4779 καὶ

2475 4830 2626 4901 παρᾶ
2689 4826 2848 4882 τοῦτο
2919 4823 3347 4895 ἠναγκάσθησαν
3402 4820 3744 4887 συναφθῆναι
3790 4820 4064 4881 ἀκόντων,

2477 4922 2600 4975 ιπει
2654 4919 2715 4972 τὸ
2743 4916 2987 4971 τοιοῦτον
3014 4916 3110 4968 καὶ
3144 4915 3257 4976 τοῖς
3308 4913 3494 4982 νόμοις
3525 4911 3694 4973 δοκεῖ,
3728 4910 3830 4963 καὶ
3860 4912 3890 4963 6
3915 4911 4069 4963 εὐλο-

2475 5014 2651 5081 γήσας
2670 5009 2929 5071 ἀναίτιος,
2962 5007 3056 5058 καὶ
3101 5007 3129 5057 6
3149 5003 3403 5074 δεύτερος
3428 5001 3483 5052 δὲ
3505 5000 3718 5067 ἀγνοῶν
3746 5002 3812 5052 τδ
3850 5001 4069 5070 πρῶτην

2479 5102 2831 5163 συνοικέσιον,
2865 5099 3199 5160 ἁναιτίατος.
3251 5093 3421 5157 Εἰδὼς
3462 5092 3539 5155 δὲ,
3601 5093 3912 5161 ἐπιτιμίοις
3967 5111 4068 5163 με-

2477 5193 2799 5267 τριωτέροις
2834 5189 3292 5259 ὑποεληθήσεται,
3320 5188 3400 5240 ὅτι
3425 5187 3548 5247 τοὺς
3580 5187 3847 5256 πορνείας
3865 5187 4068 5255 ἐγκλή-

2483 5303 2612 5355 ματι
2636 5284 2888 5348 ἁλόντας,
2909 5282 2983 5345 ὡς
3014 5279 3313 5351 καθαροὺς,
3349 5277 3746 5344 ἐστεφάνωσεν.
3787 5276 3854 5328 Ei
3885 5277 4065 5346 μέντοι

2478 5375 2673 5445 γνώμῃ
2695 5373 2804 5427 τῶν
2844 5372 3047 5441 γονέων
3082 5373 3110 5424 6
3157 5369 3376 5440 πρῶτος
3437 5370 3666 5435 συνέστη
3718 5366 3926 5436 γάμος,
3950 5363 4065 5419 εἶτα

2480 5467 2806 5537 παραλόγως
2828 5464 3113 5530 διέστησαν
3135 5478 3149 5491 ·
3181 5460 3210 5512 6
3240 5459 3339 5529 μὲν
3368 5458 3584 5531 πρῶτος
3617 5458 3819 5527 ἱερεὺς,
3857 5458 4063 5520 ἁθῶος·

2480 5560 2507 5611 ό
2537 5558 2786 5627 δεύτερος
2808 5555 2886 5618 δὲ,
2910 5555 3007 5624 τῆς
3038 5551 3339 5623 ἱερωσύνης
3378 5550 3691 5621 ἀλλότριος·
3727 5550 3843 5602 είτε
3916 5564 4063 5620 παρα

2481 5652 2617 5723 ἦσαν
2645 5651 2692 5703 οἱ
2722 5649 2917 5717 γονεῖς,
2958 5646 3066 5699 εἴτε
3116 5646 3188 5714 μή
