4176 6446
139 368 254 432 853

1426 370 1694 432 GRIECO
1733 370 2135 432 ROMANUM.

3315 363 3423 430 856

141 485 219 537 Δ’.
234 482 336 547 Ἐξ
370 480 701 551 Ἐπιστολῆ
708 503 738 545 ς
756 482 861 536 τοῦ
877 481 1065 539 αὐτοῦ
1077 486 1446 554 πατριάρχου
1464 484 1723 554 Μιχαὴλ.

1906 483 1998 539 1V.
2037 483 2121 538 Ex
2150 482 2396 553 Epistola
2420 481 2653 552 ejusdem
2686 476 3010 551 pat'riarcha:
3044 478 3346 537 Michaelis.

221 576 350 628 Ἐπὶ
380 574 490 628 τῶν
517 576 581 628 ἐκ
616 575 710 628 τοῦ
738 575 904 629 αὐτοῦ
947 578 1158 645 γένους,
1182 580 1276 631 καὶ
1304 580 1332 632 6
1378 579 1473 633 τοῦ
1503 579 1733 648 ἑϐδόμου

140 664 362 736 βαθμοῦ
397 666 663 721 κωλύεται
694 669 888 737 γάμος.
928 669 1001 722 Οὔ
1056 668 1164 740 γὰρ
1198 669 1422 724 δύναται
1453 672 1481 724 6
1558 670 1736 735 δισεξ-

136 758 373 827 ἀδελςος
425 760 521 831 τὴν
555 759 649 813 τοῦ
707 760 1088 831 δισεξαδέλφου
1148 762 1426 835 θυγατέρα
1511 768 1730 835 γαμεῖν,

146 853 257 904 κᾶν
285 854 315 905 6
350 852 463 905 τῶν
512 852 946 923 τρισεξαδέλςρων
979 855 1157 926 γάμος
1194 857 1294 909 οὐκ
1335 857 1733 928 ἀπηγόρευται.

137 942 288 1008 Πρὸς
321 942 382 994 δὲ
410 942 531 1006 τοὺς
562 944 627 997 ἐκ
668 944 899 1011 πλαγίου
932 946 990 1012 ἐξ
1022 948 1359 1016 ἀγχιστείας,
1389 949 1485 1002 καὶ
1517 950 1546 1002 6
1586 948 1735 1002 ἕϐδο-

139 1050 243 1103 μος
284 1038 656 1105 συγχωρεῖται
695 1036 927 1108 βοθμός.
982 1040 1195 1110 Πρῶτοι
1229 1040 1325 1095 οῦν
1367 1042 1653 1112 ἐξάδελφοι
1686 1044 1734 1095 εί

138 1125 503 1195 συνήφθησαν
554 1127 810 1197 ἀδελφαῖς
841 1129 901 1194 ἐξ
931 1131 1120 1201 ἐτέρου
1184 1133 1399 1203 γένους,
1439 1136 1467 1188 6
1508 1133 1733 1203 ὕστερος

133 1217 320 1286 γαμος
353 1218 633 1288 ἀθέμιτος.
668 1222 779 1273 Καὶ
803 1223 1096 1291 γενόμενος
1134 1225 1256 1295 μὲν,
1297 1226 1728 1296 διασπασθήτω·

136 1310 214 1377 μὴ
271 1312 569 1380 γενόμενος
627 1313 704 1376 δὲ,
746 1313 1067 1383 κωλυθήτω.
1133 1316 1410 1386 Τετάρτου
1471 1318 1570 1387 μὲν
1624 1318 1733 1389 γὰρ

135 1399 354 1467 βαθμοῦ
385 1405 434 1454 οἱ
463 1403 762 1471 ἐξάδελφοι,
801 1405 1056 1473 δευτέρου
1110 1407 1167 1461 δὲ
1202 1409 1252 1461 οἱ
1313 1407 1560 1477 ἀδελφοί.
1622 1410 1733 1464 Καὶ

132 1495 489 1565 εὑρίσκονται
530 1497 692 1551 ἕκτου
749 1497 981 1570 βαθμοῦ,
1037 1500 1177 1571 ὅπερ
1228 1501 1323 1554 καὶ
1373 1503 1401 1555 6
1458 1503 1734 1567 πολιτικὸς

132 1586 399 1657 ἀπείργει
437 1588 622 1658 νόμος.

349 1812 896 1872 ΚΩΝΣΤΑΝΤΙΝΟΥ
932 1819 1071 1873 ΤΟΥ
1098 1819 1512 1878 ΛΕΙΧΟΥΔΟΥ.

129 1924 209 1980 A'.
247 1926 563 1995 Σημείωμα
596 1929 950 1989 συνοδικόν’
988 1933 1123 2013 {rapi
1159 1934 1387 1991 δθύλου
1423 1935 1728 2007 ἐγκλημα-

853 2018 1040 2057 τικου.

203 2089 622 2154 Κωνσταντίνσς
649 2091 785 2162 ἐλέῳ
811 2091 945 2146 Θεοῦ
974 2095 1407 2167 ἀρχιεπίσκοπος
1433 2099 1728 2153 Κωνσταν-

132 2180 521 2247 τινουπὸλεως,
556 2184 683 2247 νέας
726 2183 965 2258 Ῥώμης,
996 2189 1092 2241 καὶ
1120 2190 1503 2260 οἰκουμενικδς
1534 2208 1729 2263 πατρι-

131 2274 339 2343 deus.

200 2367 363 2420 Μετὰ
391 2368 502 2420 τῶν
525 2369 701 2423 ἄλλων
728 2370 984 2425 ἁπάντων
1004 2372 1113 2426 τῶν
1141 2373 1241 2444 τῆς
1259 2373 1354 2428 τοῦ
1385 2374 1520 2428 Θεοῦ
1555 2377 1728 2446 μεγά-

131 2456 229 2528 λης
267 2460 603 2531 Ἐκκλησίας
633 2462 859 2517 δικαίων
899 2480 956 2517 τε
998 2464 1092 2517 καὶ
1122 2464 1321 2531 καλῶν,
1357 2466 1477 2521 οὐδὲ
1494 2469 1563 2521 τὰ
1598 2467 1727 2538 περὶ

130 2551 242 2603 τῶν
298 2551 508 2605 δούλων
558 2553 925 2626 εὐδοκοῦμενά
974 2573 1033 2609 τε
1082 2556 1176 2609 καὶ
1234 2558 1601 2628 διοριζόμενα,
1632 2559 1727 2613 τοῦ

130 2644 345 2697 δικαίου
372 2647 468 2699 καὶ
500 2648 804 2719 πρέποντος
831 2648 1243 2718 ὴλῑοτρίωνται.
1294 2652 1450 2705 Ὅσοι
1486 2652 1593 2722 γὰρ
1628 2653 1723 2706 καὶ

129 2738 340 2790 τούτων
362 2740 527 2807 φόνου
561 2740 709 2809 μίσει
727 2740 773 2773 ⁸⁸
790 2742 1087 2811 χρανθῶσε,
1118 2742 1210 2795 καὶ
1232 2743 1342 2797 τῶν
1371 2741 1532 2796 θείων
1554 2745 1725 2815 αὐτῆς

132 2830 443 2899 περιὸόλων
499 2832 651 2896 ἐντὸς
703 2832 1008 2902 γένωνται,
1063 2836 1346 2906 προσίεται
1399 2836 1724 2905 συμπαθῶς.

1911 578 1971 631 In
2006 578 2095 644 iis,
2137 577 2232 647 qui
2268 576 2463 631 eodem
2487 577 2593 631 orti
2628 582 2757 631 sunt
2786 590 3012 647 genere,
3041 575 3259 644 septimi
3286 591 3410 646 quo-

1839 684 1945 739 que
1981 670 2184 737 gradus
2230 668 2432 736 nuptiae
2470 666 2857 737 prohibemur.
2908 665 3108 738 Nequit
3156 666 3301 720 enim
3332 679 3421 719 so-

1838 760 1981 816 brini
2015 760 2178 814 tiliam
2223 775 2449 815 uxorem
2499 758 2727 823 ducere,
2755 759 2882 814 licet
2923 766 3318 830 prognatorutn
3354 772 3419 810 ex

1838 852 2082 907 sobrinis
2108 852 2528 905 matrimonium
2563 850 2789 904 minime
2817 852 2887 905 sit
2930 851 3183 907 vetitum.
3226 850 3295 903 At
3328 851 3417 910 iis.

1835 945 1931 1015 qui
1964 960 2029 999 ex
2059 952 2376 1001 transverso
2406 951 2537 999 sunt
2565 941 2775 1007 aﬂines,
2821 942 2985 997 etiam
3017 942 3224 1014 gradus
3249 942 3421 1010 septi-

1838 1054 1961 1091 mus
1989 1036 2350 1107 permittitur.
2383 1038 2571 1106 Itaque
2592 1037 2636 1094 si
2669 1036 2993 1091 consobrini
3025 1034 3268 1104 copulati
3302 1036 3418 1090 l‘ne-

1835 1128 1947 1182 rint
1977 1142 2100 1183 cum
2135 1128 2423 1182 sororibus
2447 1129 2583 1182 ortis
2613 1127 2722 1182 alio
2739 1142 2959 1198 genere,
3003 1124 3416 1180 matrimonium

1838 1222 2115 1291 posterius
2176 1229 2263 1277 est
2310 1222 2585 1285 illicitum,
2636 1238 2699 1276 ac
2744 1222 3015 1290 siquidem
3069 1229 3417 1276 contractum

1836 1314 1929 1375 sit,
1964 1311 2258 1365 divellatur
2298 1329 2309 1362 :
2354 1308 2586 1364 necdum
2621 1323 2749 1363 vero
2812 1316 3183 1373 contractum,
3229 1310 3421 1380 prohi-

1837 1404 2049 1458 beatur.
2077 1402 2211 1455 Nam
2248 1399 2420 1471 gradu
2446 1407 2642 1470 quarto
2691 1400 2871 1469 juncti
2906 1400 3009 1455 sihi
3045 1409 3176 1457 sunt
3218 1417 3417 1459 conso-

1836 1495 2003 1558 brini,
2034 1494 2278 1549 secundo
2329 1494 2551 1548 fratres.
2602 1492 2865 1561 Adeoque
2925 1503 3081 1548 sexto
3120 1492 3416 1548 constituti

1836 1587 2007 1658 gradu
2041 1586 2548 1658 deprehenduntur,
2591 1583 2736 1653 quod
2770 1584 2987 1656 quidem
3022 1585 3171 1639 civili
3199 1600 3419 1656 quoque

1832 1680 1956 1748 jure
1985 1688 2224 1735 vetatur.

2104 1814 2567 1873 CONSTANTINI
2627 1813 2951 1871 LICHUDIS
3009 1812 3143 1885 (22).

1834 1927 1873 1981 I.
1907 1926 2175 1997 Scriptum
2205 1928 2257 1982 in
2283 1926 2487 1998 synodo
2547 1927 2917 2048 sublnotatum;
2960 1925 3024 1979 de
3049 1941 3195 1980 servo
3236 1925 3416 1978 crimi-

2560 2014 2628 2048 na
2654 2015 2691 2048 ι.

2560 2014 2691 2050 ηοιι.

1899 2090 2297 2146 Constantinus
2316 2090 2668 2145 miseratione
2685 2088 2793 2145 Deo
2811 2088 3263 2159 archiepiscopus
3281 2085 3420 2141 Con-

1829 2183 2243 2253 stantinopolis,
2270 2198 2425 2237 novae
2461 2180 2673 2247 Romae,
2730 2190 2785 2236 et
2823 2179 3155 2237 universalis
3184 2180 3419 2250 patriar-

1830 2276 1955 2331 cha.

1901 2368 2051 2424 Inter
2080 2368 2267 2422 omnia
2308 2367 2414 2422 alia
2471 2366 2699 2438 majoris
2747 2364 3010 2421 Ecclesia:
3055 2365 3152 2420 Dei
3190 2365 3316 2435 jura
3362 2372 3415 2420 et

1831 2463 1997 2529 bona,
2030 2476 2131 2518 nec
2154 2476 2217 2516 ea
2240 2477 2363 2530 qua:
2410 2462 2477 2517 de
2535 2460 2711 2517 servis
2778 2468 3024 2515 statuere
3070 2458 3299 2530 placuit,
3348 2458 3416 2510 ah

1828 2556 2087 2629 aequitate
2114 2570 2178 2611 ac
2202 2555 2407 2610 decoro
2444 2562 2575 2611 sunt
2599 2554 2797 2610 aliena.
2828 2553 2964 2608 Nam
3016 2560 3290 2623 quotquot
3317 2552 3417 2605 ho-

1827 2663 1950 2703 rum
1982 2662 2203 2720 quoque
2238 2645 2407 2701 caedis
2447 2646 2670 2716 piaculo
2710 2643 2903 2715 polluti
2929 2643 3160 2707 fuerint,
3187 2652 3241 2698 et
3270 2645 3417 2698 intra

1830 2755 1987 2796 saera
2014 2740 2136 2810 ejus
2170 2746 2321 2808 septa
2353 2739 2731 2809 pervenerint,
2778 2736 3025 2792 adhibita
3057 2734 3418 2791 commisera-

1830 2834 1981 2887 tionc
2014 2831 2381 2901 recipiuntur.

199 2922 311 2974 Καὶ
345 2923 581 2977 θανάτου
613 2924 712 2995 μὲν
737 2926 936 2996 ἐπίσης
966 2928 1078 2989 τοῖς
1110 2926 1289 2989 ἄλλοις
1314 2926 1504 2997 ῥύεται
1534 2946 1724 3000 μητρι-

1900 2926 1964 2979 Et
2007 2938 2036 2977 a
2072 2932 2248 2977 morte
2274 2921 2494 2993 quidem
2529 2922 2676 2992 ipsos
2702 2921 2967 2986 Ecclesia,
3018 2928 3267 2974 materna
3300 2918 3419 2988 pie-

128 3015 261 3077 κῶς,
320 3014 535 3086 δουλείᾳ
565 3017 623 3069 δὲ
691 3018 949 3087 διηνεκεῖ,
1013 3020 1595 3090 συμπαρεκτεινομένη
1660 3024 1724 3092 τῇ

1830 3023 1963 3080 tate,
1992 3016 2135 3070 sicut
2166 3022 2220 3069 et
2251 3014 2413 3082 alios,
2442 3013 2643 3068 liberat
2677 3028 2693 3066 :
2728 3028 2915 3068 verum
2951 3013 3170 3068 eosdem
3202 3012 3269 3067 ad
3300 3026 3416 3067 scr-

126 3107 359 3160 ἐκείνων
381 3107 669 3178 ζωῇ,κατὰ
694 3110 789 3180 τὴν
806 3111 1046 3183 ἀρχῆθεν
1063 3111 1563 3183 ἐμπολιτευομένην
1588 3114 1724 3184 αὐτῇ

1829 3109 2056 3164 vitutem
2097 3115 2451 3178 perpetuam,
2498 3121 2620 3177 qua:
2664 3121 2789 3160 cum
2830 3119 3021 3161 eorum
3064 3113 3177 3160 tota
3214 3120 3273 3161 se
3306 3105 3415 3159 vita

131 3199 449 3269 συνήθειαν,
490 3202 809 3272 κατακρίνει
867 3202 1216 3275 θεοπρεπῶς,
1280 3203 1447 3267 θείοις
1505 3222 1724 3276 φροντι-

1832 3200 2082 3271 porrigit,
2115 3214 2215 3271 pro
2245 3213 2344 3254 sua
2380 3197 2781 3254 consuetudine
2815 3197 3065 3268 antiqua,
3092 3212 3192 3251 ceu
3227 3196 3415 3251 divino

129 3293 378 3362 στηρίοις
404 3293 496 3345 καὶ
526 3293 781 3361 εύαγέσιν
806 3293 977 3356 οἴκοις
1004 3297 1107 3348 ἀπε
1118 3296 1418 3366 μπολοῦσα.
1443 3297 1519 3361 ὡς
1540 3297 1605 3352 ἃν
1627 3300 1720 3353 καὶ

124 3381 217 3434 τὸν
247 3383 319 3434 δι’
356 3382 572 3445 ἐλπίδος
617 3384 912 3438 ἀδέσποτον
971 3384 1085 3454 βίον
1130 3386 1233 3456 τῆς
1275 3386 1512 3451 διανοίας
1557 3388 1722 3441 ἐκϐά-

126 3473 291 3541 λοιεν,
345 3476 441 3529 καὶ
496 3475 588 3529 τὸν
637 3476 737 3546 τῆς
795 3478 1026 3541 ἀτοπίας
1071 3478 1295 3549 ἔλεγχον
1319 3480 1721 3551 ἐγκαλούμενον

124 3564 302 3636 ἔχοιεν
331 3567 412 3636 τῷ
452 3567 552 3636 τῆς
589 3568 836 3632 δουλείας
871 3569 1120 3639 ὀνόματι,
1163 3571 1258 3623 καὶ
1301 3571 1387 3625 διὰ
1431 3573 1722 3643 μετανοίας

127 3661 183 3712 τὸ
212 3660 311 3713 τοῦ
344 3660 511 3728 φόνου
549 3660 750 3714 ἄτοπον
783 3662 1231 3733 ἁποκαθαίροιεν.
1271 3665 1383 3718 Καὶ
1412 3666 1590 3719 τοίνυν
1619 3668 1723 3733 Δη-

131 3754 370 3823 μήτριον
433 3753 528 3807 τὸν
564 3755 786 3826 οἰκέτην
814 3754 1141 3819 τοῦδεῖνος,
1200 3755 1471 3826 μιάσματι
1515 3757 1723 3829 φονικῷ

122 3845 455 3914 χρανθέντα,
500 3847 595 3899 καὶ
635 3846 1103 3916 ἐξαγορεύσαντα,
1150 3848 1292 3901 κατὰ
1344 3848 1405 3901 τὸ
1454 3849 1724 3903 ἀνέκαθεν

121 3936 265 3999 ἔθος,
312 3936 530 4002 ἐξέδοτο
566 3937 641 4000 ὡς
674 3938 1036 4010 ἡμαρτηκότα
1060 3938 1254 3993 τοῦτον
1290 3941 1455 4009 φόνου
1488 3942 1660 4011 μῦσος
1688 3944 1722 4013 ὴ

125 4025 219 4077 τοῦ
259 4025 403 4078 Θεοῦ
445 4027 654 4097 μεγάλη
692 4028 992 4096 Ἐκκλησία
1024 4028 1113 4083 διὰ
1149 4029 1260 4084 τῶν
1286 4028 1723 4086 θεοσεόεστάτων

119 4115 379 4176 ἐκδίκων,
416 4117 716 4187 Δημητρίῳ
733 4118 1015 4187 ἐπισκόπῳ
1046 4120 1316 4191 Πριηῖνης
1346 4122 1414 4187 ⁸⁸,
1447 4123 1539 4175 ἐπὶ
1581 4141 1725 4194 παρ-

119 4210 218 4276 οχῇ
277 4208 637 4276 νομισμάτων
703 4209 820 4262 κδ’·
879 4209 1022 4264 ὥστε
1067 4212 1249 4265 πᾶσαν
1312 4212 1481 4266 αὐτοῦ
1529 4215 1725 4268 δεσπο-

126 4300 278 4351 τείαν
312 4300 463 4369 ἔχειν
499 4302 593 4353 καὶ
630 4302 951 4372 κυριότητα,
988 4304 1082 4357 καὶ
1123 4304 1331 4375 μηδένα
1375 4304 1488 4358 τῶν
1542 4307 1719 4361 ἁπάν-

119 4406 226 4443 των
248 4390 443 4460 ἕτερον
468 4391 753 4445 αὐθεντεῖν
779 4392 969 4449 αὑτοῦ.
997 4393 1352 4463 Παραινοῦσα
1384 4394 1471 4449 διὰ
1490 4398 1726 4469 ταυτησὶ

1824 3292 2063 3362 quodam
2110 3292 2314 3361 rigore,
2371 3289 2614 3351 damnat,
2668 3286 3017 3356 sacrisipsos
3062 3283 3415 3341 monasteriis

1825 3397 1888 3437 ac
1928 3381 2187 3437 domihus
2222 3380 2498 3449 religiosis
2529 3378 2816 3443 vendens;
2851 3386 2907 3431 ut
2942 3377 3107 3432 etiam
3147 3390 3244 3445 spe
3278 3390 3415 3429 con-

1825 3483 2041 3545 ceptam
2070 3474 2237 3528 vitam
2281 3472 2349 3526 ab
2374 3471 2533 3527 herili
2562 3471 2790 3526 liberam
2820 3469 3052 3539 imperio
3084 3469 3199 3524 suis
3228 3467 3419 3522 exclu-

1825 3568 1959 3621 dant
1991 3566 2209 3633 animis,
2243 3574 2297 3620 et
2329 3565 2448 3635 ipso
2480 3564 2704 3617 nomine
2736 3562 3024 3619 servitutis
3059 3568 3412 3615 accusantem

1826 3661 2044 3715 facinus
2096 3658 2385 3714 stimulum
2441 3656 2711 3721 habeant,
2774 3669 2977 3723 perque
3034 3651 3411 3721 ptenitentiam

1825 3751 1990 3807 caedis
2037 3749 2433 3819 turpitudinem
2475 3756 2799 3818 cxpurgent.
2833 3746 3025 3816 Itaque
3074 3743 3411 3800 Demetrium

1828 3841 1958 3897 Titii
1989 3855 2231 3905 servum,
2267 3838 2431 3894 caedis
2466 3839 2884 3908 inquinamento
2920 3835 3217 3906 pollutum,
3248 3834 3415 3905 idque

1826 3914 2179 3996 confessum,
2217 3932 2383 3987 veluti
2428 3931 2519 4001 qui
2572 3930 2852 4001 piaculum
2896 3929 3061 3984 credis
3105 3926 3412 3993 admiserit,

1827 4042 1891 4082 cx
1928 4040 2082 4079 more
2116 4024 2301 4095 prisco
2346 4021 2462 4078 haec
2502 4036 2698 4093 magna
2736 4021 2830 4077 Dei
2866 4019 3113 4075 Ecclesia
3153 4033 3250 4089 per
3284 4017 3414 4073 reli-

1825 4116 2170 4189 giosissimos
2233 4113 2575 4178 defensores,
2647 4113 2925 4169 Demetrio
2960 4111 3247 4168 Prienensi
3289 4110 3407 4181 epi-

1828 4223 2017 4278 scopo,
2048 4223 2176 4261 xxw
2212 4221 2504 4261 aureorum
2545 4205 2723 4275 pretio
2760 4205 3065 4276 persoluto,
3107 4205 3189 4260 sic
3218 4204 3413 4260 vendi-

1829 4300 1931 4364 dit,
1984 4307 2044 4353 ut
2099 4299 2147 4355 is
2192 4312 2358 4352 omne
2412 4297 2717 4352 dominium
2762 4305 2817 4353 et
2863 4296 3257 4368 proprietatem
3292 4296 3413 4366 ejus

1832 4394 2051 4457 habeat,
2101 4406 2205 4447 nec
2245 4391 2388 4445 alius
2416 4391 2708 4460 quisquam
2756 4392 3073 4446 mortalium
3110 4390 3214 4446 sibi
3254 4389 3417 4461 quid-

117 4484 217 4552 τῆς
244 4482 723 4553 ὑπαγορευθείσης
770 4484 992 4554 γραφῆς
1037 4484 1277 4548 καὶτοῖς
1310 4486 1454 4540 κατὰ
1496 4489 1723 4557 καιροὺς

1829 4499 1992 4555 quam
2038 4482 2179 4553 juris
2227 4483 2281 4536 in
2336 4496 2463 4537 eum
2504 4481 2769 4538 vindicet.
2808 4481 2984 4537 Simul
3024 4497 3123 4553 per
3155 4481 3298 4536 hanc
3330 4480 3415 4535 di-

119 4573 566 4642 θεοφιλεστάτοις
625 4575 947 4638 ἐπισκόποις
998 4575 1099 4645 τῆς
1146 4576 1321 4643 αὐτῆς
1378 4579 1713 4650 ἐπισκοπῆς,

120 4664 386 4734 κήδεσθαι
424 4665 523 4734 τῆς
569 4664 735 4718 αὐτοῦ
778 4666 941 4719 πλέον
989 4666 1290 4737 σωτηρίας,
1324 4668 1420 4721 καὶ
1476 4669 1545 4723 τὰ
1580 4672 1717 4743 πρὸς

119 4756 465 4809 λυσιτέλειαν
499 4757 595 4810 καὶ
644 4757 841 4824 ἄφεσιν
892 4756 988 4810 τοῦ
1032 4757 1277 4812 τοιούτου
1306 4760 1512 4830 μύσους
1552 4762 1712 4831 ἐγκε-

118 4849 381 4902 λεύεσθαι
431 4865 493 4902 τε
528 4850 622 4903 καὶ
661 4849 956 4903 διδάσκειν.
1012 4851 1105 4920 Μὴ
1159 4852 1345 4921 μέντοι
1399 4855 1716 4926 πειρᾶσθαι,

119 4941 216 5009 τῆς
253 4938 514 5009 ὢυλικῆς
548 4939 713 4993 αὐτὸν
744 4939 917 5011 τύχης
956 4941 1299 5012 ἐλευθεροῦν,
1342 4946 1481 5016 μήτε
1509 4951 1718 5019 πιπρά-

122 5048 277 5084 σκειν
305 5032 389 5094 εἰς
434 5030 749 5100 πρόσωπον,
783 5031 844 5096 ἐξ
882 5026 944 5087 οῦ
994 5032 1095 5102 τῆς
1135 5034 1421 5104 διηνεκοῦς
1471 5037 1717 5103 δουλείας

120 5125 217 5178 καὶ
270 5123 371 5176 τοῦ
430 5123 889 5193 ἐκκλησιαστικοῦ
940 5126 1225 5196 ἐπιτιμίου
1280 5126 1599 5201 λυθήσεται.
1654 5134 1716 5184 Ei

118 5214 229 5285 γάρ
271 5230 409 5267 ποτε
445 5214 794 5287 καταγγελθῇ
830 5217 858 5268 6
897 5216 1189 5287 εἰρημένος
1227 5218 1542 5291 ἐλευθερίαν
1592 5224 1716 5275 ἐπι-

120 5309 453 5378 φερόμενος,
486 5307 649 5371 αὐτὺς
690 5309 787 5378 μὲν
817 5308 916 5380 τὴν
945 5309 1171 5375 δικαίως
1217 5313 1367 5383 αὐτῷ
1401 5314 1718 5387 ὡρισμένην

119 5400 428 5469 καταδίκην
456 5400 556 5453 ούκ
587 5398 934 5467 ἐκφεύξεται.
990 5400 1106 5455 ἀλλ’
1156 5403 1510 5475 ἐκδοθήσεται
1556 5406 1718 5459 πάλιν

1827 4586 2030 4630 ctatam
2091 4575 2161 4629 ab
2226 4589 2286 4629 se
2376 4574 2707 4644 scripturam
2789 4575 3236 4643 religiosissimos
3312 4589 3415 4644 pro

1826 4677 2072 4737 tempore
2116 4667 2395 4722 antistites
2449 4668 2807 4737 episcopatus
2852 4668 2998 4724 illius
3045 4670 3319 4731 hortatur,
3352 4675 3413 4722 ut

1826 4760 2095 4829 majorem
2137 4761 2192 4813 in
2234 4757 2456 4813 modum
2493 4760 2690 4815 salutis
2723 4759 2844 4829 ejus
2876 4776 3067 4814 curatn
3106 4767 3321 4829 gerant,
3360 4769 3414 4813 et

1825 4868 1945 4923 qua:
1982 4852 2048 4907 ad
2082 4852 2436 4907 commodum
2476 4853 2669 4922 ipsius,
2705 4861 2759 4907 et
2794 4853 2993 4923 piaculi
3032 4853 3412 4908 remissionem

1827 4951 2103 5014 spectant,
2137 4942 2412 5012 imperent
2437 4952 2603 5013 atque
2633 4944 2889 4998 doceant.
2917 4941 3037 4998 Non
3073 4951 3251 4997 tamen
3285 4958 3412 4998 eum

1823 5036 2011 5092 servili
2042 5036 2362 5091 conditione
2390 5036 2650 5101 liberare,
2684 5050 2784 5091 nec
2813 5035 2908 5090 ulli
2942 5036 3127 5091 ausint
3162 5050 3414 5106 personae

1824 5125 2080 5190 vendere,
2132 5140 2230 5195 per
2257 5141 2421 5195 quam
2455 5141 2485 5180 e
2517 5126 2783 5182 servitute
2810 5137 3093 5196 perpetua,
3134 5136 3190 5181 et
3237 5126 3412 5181 eccle-

1824 5220 2049 5275 siastica
2081 5233 2246 5289 ptena
2293 5219 2586 5289 eripiatur.
2633 5219 2847 5290 Quippe
2879 5220 2924 5275 si
2959 5219 3275 5274 nuntiatum
3309 5218 3413 5272 ali-

1824 5315 2049 5384 quando
2108 5312 2318 5378 fuerit,
2389 5312 2693 5367 indicatum
2756 5310 3093 5366 Demetrium
3157 5309 3411 5364 libertate

1828 5408 2060 5479 potitum
2098 5424 2111 5459 :
2150 5407 2268 5478 ipse
2295 5405 2515 5477 quidem
2545 5406 2848 5475 irrogatum
2890 5404 2996 5460 sibi
3032 5401 3158 5473 jure
3198 5399 3409 5472 suppli-

1454 5535 1687 5592 V'ABIAS
1728 5535 2136 5592 LECTIONES.

193 5625 243 5657 "
288 5624 474 5694 μύσει.
553 5623 599 5654 ⁸⁸
630 5624 890 5694 πριήνης.

1658 5739 1889 5794 NOTAE.

200 5835 317 5899 (2-D
368 5833 654 5892 Successit
713 5834 1020 5897 Cerulario,
1081 5833 1270 5889 Isaacii
1339 5834 1607 5891 Cmttltetti
1666 5846 1719 5891 et
1760 5837 2106 5892 Constantini
2141 5837 2304 5895 Ducar
2337 5839 2696 5910 temporibus.
