  <div class='ocr_page' id='page_1' title='image "/cluster/home/n/w/nwhite01/storage/ocr_20150623/119/nnc1.0046980091/438.png"; bbox 0 0 4176 6446; ppageno 0'>
   <div class='ocr_carea' id='block_1_1' title="bbox 150 395 256 463">
    <p class='ocr_par' dir='ltr' id='par_1_1' title="bbox 150 395 256 463">
     <span class='ocr_line' id='line_1_1' title="bbox 150 395 256 463; baseline -0.019 0"><span class='ocrx_word' id='word_1_1' title='bbox 150 395 256 463; x_wconf 81' lang='lat'><strong>8.61</strong></span> 
     </span>
    </p>
   </div>
   <div class='ocr_carea' id='block_1_2' title="bbox 1460 397 2143 461">
    <p class='ocr_par' dir='ltr' id='par_1_2' title="bbox 1460 397 2143 461">
     <span class='ocr_line' id='line_1_2' title="bbox 1460 397 2143 461; baseline 0.007 -5"><span class='ocrx_word' id='word_1_2' title='bbox 1460 401 1499 456; x_wconf 71' lang='grc' dir='ltr'>Β</span> <span class='ocrx_word' id='word_1_3' title='bbox 1518 401 1559 457; x_wconf 73' lang='lat' dir='ltr'><strong>ll</strong></span> <span class='ocrx_word' id='word_1_4' title='bbox 1574 399 1749 458; x_wconf 72' lang='lat' dir='ltr'><strong>.liCO-</strong></span> <span class='ocrx_word' id='word_1_5' title='bbox 1766 399 1919 458; x_wconf 69' lang='grc' dir='ltr'><strong>ΝΟΜ</strong></span> <span class='ocrx_word' id='word_1_6' title='bbox 1934 397 2143 461; x_wconf 65' lang='grc' dir='ltr'><strong>,ΧΝΗΜ</strong></span> 
     </span>
    </p>
   </div>
   <div class='ocr_carea' id='block_1_3' title="bbox 3321 398 3428 461">
    <p class='ocr_par' dir='ltr' id='par_1_3' title="bbox 3321 398 3428 461">
     <span class='ocr_line' id='line_1_3' title="bbox 3321 398 3428 461; baseline 0 0"><span class='ocrx_word' id='word_1_7' title='bbox 3321 398 3428 461; x_wconf 80' lang='lat'><strong>862</strong></span> 
     </span>
    </p>
   </div>
   <div class='ocr_carea' id='block_1_4' title="bbox 152 498 1744 577">
    <p class='ocr_par' dir='ltr' id='par_1_4' title="bbox 152 498 1738 576">
     <span class='ocr_line' id='line_1_4' title="bbox 152 498 1738 576; baseline -0.002 -17"><span class='ocrx_word' id='word_1_8' title='bbox 152 508 424 576; x_wconf 79' lang='grc' dir='ltr'>τριάρχου</span> <span class='ocrx_word' id='word_1_9' title='bbox 480 506 538 557; x_wconf 77' lang='grc' dir='ltr'>ὲν</span> <span class='ocrx_word' id='word_1_10' title='bbox 571 504 649 575; x_wconf 79' lang='grc' dir='ltr'>τῷ</span> <span class='ocrx_word' id='word_1_11' title='bbox 709 498 893 575; x_wconf 85' lang='grc' dir='ltr'>μικρῷ</span> <span class='ocrx_word' id='word_1_12' title='bbox 950 506 1215 575; x_wconf 82' lang='grc' dir='ltr'>σεκρέτῳ,</span> <span class='ocrx_word' id='word_1_13' title='bbox 1279 505 1738 571; x_wconf 69' lang='grc' dir='ltr'>συνεδριαζόντων</span> 
     </span>
    </p>
   </div>
   <div class='ocr_carea' id='block_1_5' title="bbox 1852 498 3428 577">
    <p class='ocr_par' dir='ltr' id='par_1_5' title="bbox 1852 505 3428 577">
     <span class='ocr_line' id='line_1_5' title="bbox 1852 505 3428 577; baseline 0.006 -20"><span class='ocrx_word' id='word_1_14' title='bbox 1852 520 1977 558; x_wconf 86' lang='lat' dir='ltr'><strong>nore</strong></span> <span class='ocrx_word' id='word_1_15' title='bbox 2006 506 2324 567; x_wconf 80' lang='lat' dir='ltr'><strong>secretario,</strong></span> <span class='ocrx_word' id='word_1_16' title='bbox 2364 505 2729 559; x_wconf 76' lang='lat' dir='ltr'><strong>assidentibns</strong></span> <span class='ocrx_word' id='word_1_17' title='bbox 2757 506 2803 560; x_wconf 90' lang='lat' dir='ltr'><strong>ei</strong></span> <span class='ocrx_word' id='word_1_18' title='bbox 2850 505 3279 577; x_wconf 55' lang='lat' dir='ltr'><strong>religiosissimis</strong></span> <span class='ocrx_word' id='word_1_19' title='bbox 3315 528 3428 567; x_wconf 81' lang='lat' dir='ltr'><strong>nie-</strong></span> 
     </span>
    </p>
   </div>
   <div class='ocr_carea' id='block_1_6' title="bbox 153 597 1741 676">
    <p class='ocr_par' dir='ltr' id='par_1_6' title="bbox 153 597 1741 669">
     <span class='ocr_line' id='line_1_6' title="bbox 153 597 1741 669; baseline -0.002 -15"><span class='ocrx_word' id='word_1_20' title='bbox 153 601 309 669; x_wconf 80' lang='grc' dir='ltr'>αὐτῷ</span> <span class='ocrx_word' id='word_1_21' title='bbox 339 600 450 652; x_wconf 81' lang='grc' dir='ltr'>τῶν</span> <span class='ocrx_word' id='word_1_22' title='bbox 478 599 912 668; x_wconf 80' lang='grc' dir='ltr'>θεοφιλεστάτων</span> <span class='ocrx_word' id='word_1_23' title='bbox 941 597 1375 669; x_wconf 82' lang='grc' dir='ltr'>μητροπολιτῶν,</span> <span class='ocrx_word' id='word_1_24' title='bbox 1409 599 1504 650; x_wconf 69' lang='grc' dir='ltr'><strong>τοῦ</strong></span> <span class='ocrx_word' id='word_1_25' title='bbox 1538 598 1741 665; x_wconf 78' lang='grc' dir='ltr'><strong>’Λγκὺ-</strong></span> 
     </span>
    </p>
   </div>
   <div class='ocr_carea' id='block_1_7' title="bbox 156 693 1740 767">
    <p class='ocr_par' dir='ltr' id='par_1_7' title="bbox 156 693 1740 767">
     <span class='ocr_line' id='line_1_7' title="bbox 156 693 1740 767; baseline -0.003 -17"><span class='ocrx_word' id='word_1_26' title='bbox 156 712 279 767; x_wconf 81' lang='grc' dir='ltr'>ρας.</span> <span class='ocrx_word' id='word_1_27' title='bbox 305 693 403 747; x_wconf 87' lang='grc' dir='ltr'><strong>τοῦ</strong></span> <span class='ocrx_word' id='word_1_28' title='bbox 426 694 692 758; x_wconf 77' lang='grc' dir='ltr'><strong>Κυζίκου,</strong></span> <span class='ocrx_word' id='word_1_29' title='bbox 722 693 814 747; x_wconf 86' lang='grc' dir='ltr'><strong>τοῦ</strong></span> <span class='ocrx_word' id='word_1_30' title='bbox 834 694 1340 757; x_wconf 78' lang='grc' dir='ltr'>Κλαυδιουπόλεως,</span> <span class='ocrx_word' id='word_1_31' title='bbox 1364 693 1459 745; x_wconf 86' lang='grc' dir='ltr'><strong>τοῦ</strong></span> <span class='ocrx_word' id='word_1_32' title='bbox 1479 695 1740 764; x_wconf 84' lang='grc' dir='ltr'>Χριστια-</span> 
     </span>
    </p>
   </div>
   <div class='ocr_carea' id='block_1_8' title="bbox 151 786 1739 855">
    <p class='ocr_par' dir='ltr' id='par_1_8' title="bbox 151 786 1739 855">
     <span class='ocr_line' id='line_1_8' title="bbox 151 786 1739 855; baseline -0.001 -14"><span class='ocrx_word' id='word_1_33' title='bbox 151 787 490 850; x_wconf 82' lang='grc' dir='ltr'>νουπόλεως,</span> <span class='ocrx_word' id='word_1_34' title='bbox 545 786 640 841; x_wconf 87' lang='grc' dir='ltr'><strong>τοῦ</strong></span> <span class='ocrx_word' id='word_1_35' title='bbox 676 786 943 850; x_wconf 71' lang='grc' dir='ltr'>Ῥωσίαςσ</span> <span class='ocrx_word' id='word_1_36' title='bbox 981 786 1076 839; x_wconf 71' lang='grc' dir='ltr'>καὶ</span> <span class='ocrx_word' id='word_1_37' title='bbox 1120 787 1596 855; x_wconf 77' lang='grc' dir='ltr'>ἀρχιετιισκὸπων,</span> <span class='ocrx_word' id='word_1_38' title='bbox 1643 786 1739 840; x_wconf 86' lang='grc' dir='ltr'><strong>τοῦ</strong></span> 
     </span>
    </p>
   </div>
   <div class='ocr_carea' id='block_1_9' title="bbox 153 876 1742 950">
    <p class='ocr_par' dir='ltr' id='par_1_9' title="bbox 153 876 1742 950">
     <span class='ocr_line' id='line_1_9' title="bbox 153 876 1742 950; baseline -0.001 -18"><span class='ocrx_word' id='word_1_39' title='bbox 153 878 699 941; x_wconf 71' lang='grc' dir='ltr'>Λιοντοπόλεως,τοῦ</span> <span class='ocrx_word' id='word_1_40' title='bbox 726 878 1044 946; x_wconf 76' lang='grc' dir='ltr'>Σουγδαῒας,</span> <span class='ocrx_word' id='word_1_41' title='bbox 1070 876 1412 933; x_wconf 87' lang='grc' dir='ltr'>τοῦῬωσίου</span> <span class='ocrx_word' id='word_1_42' title='bbox 1440 895 1450 909; x_wconf 91' lang='grc'><strong>·</strong></span> <span class='ocrx_word' id='word_1_43' title='bbox 1479 895 1742 950; x_wconf 86' lang='grc' dir='ltr'>παριστα-</span> 
     </span>
    </p>
   </div>
   <div class='ocr_carea' id='block_1_10' title="bbox 157 970 1168 1043">
    <p class='ocr_par' dir='ltr' id='par_1_10' title="bbox 157 970 1168 1043">
     <span class='ocr_line' id='line_1_10' title="bbox 157 970 1168 1043; baseline 0.003 -20"><span class='ocrx_word' id='word_1_44' title='bbox 157 972 342 1041; x_wconf 83' lang='grc' dir='ltr'>μένων</span> <span class='ocrx_word' id='word_1_45' title='bbox 374 972 471 1024; x_wconf 79' lang='grc' dir='ltr'>καὶ</span> <span class='ocrx_word' id='word_1_46' title='bbox 499 970 842 1024; x_wconf 84' lang='grc' dir='ltr'>δεσποτικῶν</span> <span class='ocrx_word' id='word_1_47' title='bbox 864 972 1168 1043; x_wconf 69' lang='grc' dir='ltr'>ἀρχόντων.</span> 
     </span>
    </p>
   </div>
   <div class='ocr_carea' id='block_1_11' title="bbox 231 1061 1741 1134">
    <p class='ocr_par' dir='ltr' id='par_1_11' title="bbox 231 1061 1741 1134">
     <span class='ocr_line' id='line_1_11' title="bbox 231 1061 1741 1134; baseline -0.002 -18"><span class='ocrx_word' id='word_1_48' title='bbox 231 1064 429 1133; x_wconf 77' lang='grc' dir='ltr'>’ῼοντο</span> <span class='ocrx_word' id='word_1_49' title='bbox 462 1062 560 1134; x_wconf 76' lang='grc' dir='ltr'><strong>μέν</strong></span> <span class='ocrx_word' id='word_1_50' title='bbox 581 1080 728 1126; x_wconf 89' lang='grc' dir='ltr'>τινες</span> <span class='ocrx_word' id='word_1_51' title='bbox 776 1064 885 1116; x_wconf 84' lang='grc' dir='ltr'><strong>τῶν</strong></span> <span class='ocrx_word' id='word_1_52' title='bbox 922 1064 1062 1118; x_wconf 68' lang='grc' dir='ltr'>κατὰ</span> <span class='ocrx_word' id='word_1_53' title='bbox 1095 1062 1280 1133; x_wconf 84' lang='grc' dir='ltr'>χώραν</span> <span class='ocrx_word' id='word_1_54' title='bbox 1308 1061 1741 1128; x_wconf 77' lang='grc' dir='ltr'>θεοφιλεστάτων</span> 
     </span>
    </p>
   </div>
   <div class='ocr_carea' id='block_1_12' title="bbox 153 1154 1740 1225">
    <p class='ocr_par' dir='ltr' id='par_1_12' title="bbox 153 1154 1740 1225">
     <span class='ocr_line' id='line_1_12' title="bbox 153 1154 1740 1225; baseline -0.002 -16"><span class='ocrx_word' id='word_1_55' title='bbox 153 1158 482 1210; x_wconf 76' lang='grc' dir='ltr'>ἐπισκόπων</span> <span class='ocrx_word' id='word_1_56' title='bbox 516 1157 581 1209; x_wconf 86' lang='grc' dir='ltr'>ὲκ</span> <span class='ocrx_word' id='word_1_57' title='bbox 614 1155 708 1209; x_wconf 88' lang='grc' dir='ltr'><strong>τοῦ</strong></span> <span class='ocrx_word' id='word_1_58' title='bbox 740 1156 1022 1210; x_wconf 84' lang='grc' dir='ltr'>συνοδικοῦ</span> <span class='ocrx_word' id='word_1_59' title='bbox 1054 1156 1479 1225; x_wconf 82' lang='grc' dir='ltr'>ὲπιστάλματος,</span> <span class='ocrx_word' id='word_1_60' title='bbox 1515 1154 1542 1207; x_wconf 84' lang='grc' dir='ltr'>ὃ</span> <span class='ocrx_word' id='word_1_61' title='bbox 1577 1154 1740 1207; x_wconf 81' lang='grc' dir='ltr'>πάλαι</span> 
     </span>
    </p>
   </div>
   <div class='ocr_carea' id='block_1_13' title="bbox 156 1247 1742 1319">
    <p class='ocr_par' dir='ltr' id='par_1_13' title="bbox 156 1247 1742 1319">
     <span class='ocr_line' id='line_1_13' title="bbox 156 1247 1742 1319; baseline 0 -19"><span class='ocrx_word' id='word_1_62' title='bbox 156 1248 257 1316; x_wconf 77' lang='grc' dir='ltr'>μὲν</span> <span class='ocrx_word' id='word_1_63' title='bbox 284 1249 416 1319; x_wconf 70' lang='grc' dir='ltr'>περὶ</span> <span class='ocrx_word' id='word_1_64' title='bbox 446 1249 546 1317; x_wconf 81' lang='grc' dir='ltr'>τῆς</span> <span class='ocrx_word' id='word_1_65' title='bbox 579 1248 672 1302; x_wconf 89' lang='grc' dir='ltr'><strong>τοῦ</strong></span> <span class='ocrx_word' id='word_1_66' title='bbox 707 1248 994 1303; x_wconf 80' lang='grc' dir='ltr'>κανονικοῦ</span> <span class='ocrx_word' id='word_1_67' title='bbox 1034 1249 1235 1311; x_wconf 86' lang='grc' dir='ltr'>δόσεως</span> <span class='ocrx_word' id='word_1_68' title='bbox 1298 1250 1391 1302; x_wconf 63' lang='grc' dir='ltr'><strong>ἐπὶ</strong></span> <span class='ocrx_word' id='word_1_69' title='bbox 1417 1247 1513 1300; x_wconf 85' lang='grc' dir='ltr'><strong>τοῦ</strong></span> <span class='ocrx_word' id='word_1_70' title='bbox 1565 1265 1742 1315; x_wconf 82' lang='grc' dir='ltr'>μακα-</span> 
     </span>
    </p>
   </div>
   <div class='ocr_carea' id='block_1_14' title="bbox 157 1338 1743 1411">
    <p class='ocr_par' dir='ltr' id='par_1_14' title="bbox 157 1338 1743 1411">
     <span class='ocr_line' id='line_1_14' title="bbox 157 1338 1743 1411; baseline 0 -20"><span class='ocrx_word' id='word_1_71' title='bbox 157 1338 311 1408; x_wconf 87' lang='grc' dir='ltr'>ρίτου</span> <span class='ocrx_word' id='word_1_72' title='bbox 355 1341 700 1411; x_wconf 70' lang='grc' dir='ltr'><strong>πατριάρχου</strong></span> <span class='ocrx_word' id='word_1_73' title='bbox 756 1340 926 1411; x_wconf 84' lang='grc' dir='ltr'>κυροῦ</span> <span class='ocrx_word' id='word_1_74' title='bbox 972 1340 1211 1405; x_wconf 80' lang='grc' dir='ltr'>’Δλεξίου</span> <span class='ocrx_word' id='word_1_75' title='bbox 1263 1340 1506 1406; x_wconf 78' lang='grc' dir='ltr'>ἐξετέθη,</span> <span class='ocrx_word' id='word_1_76' title='bbox 1536 1341 1595 1392; x_wconf 78' lang='grc' dir='ltr'><strong>ού</strong></span> <span class='ocrx_word' id='word_1_77' title='bbox 1655 1357 1743 1407; x_wconf 85' lang='grc' dir='ltr'>μι-</span> 
     </span>
    </p>
   </div>
   <div class='ocr_carea' id='block_1_15' title="bbox 156 1431 1738 1503">
    <p class='ocr_par' dir='ltr' id='par_1_15' title="bbox 156 1431 1738 1503">
     <span class='ocr_line' id='line_1_15' title="bbox 156 1431 1738 1503; baseline 0 -19"><span class='ocrx_word' id='word_1_78' title='bbox 156 1434 307 1502; x_wconf 83' lang='grc' dir='ltr'><strong>κρῶς</strong></span> <span class='ocrx_word' id='word_1_79' title='bbox 336 1433 843 1498; x_wconf 77' lang='grc' dir='ltr'>καταϐλάπτεσθαι,</span> <span class='ocrx_word' id='word_1_80' title='bbox 876 1433 951 1497; x_wconf 82' lang='grc' dir='ltr'>ὡς</span> <span class='ocrx_word' id='word_1_81' title='bbox 1008 1436 1130 1495; x_wconf 80' lang='grc' dir='ltr'>ταῖς</span> <span class='ocrx_word' id='word_1_82' title='bbox 1178 1433 1483 1503; x_wconf 84' lang='grc' dir='ltr'>μετέπειτα</span> <span class='ocrx_word' id='word_1_83' title='bbox 1515 1431 1738 1501; x_wconf 78' lang='grc' dir='ltr'>γενομέο</span> 
     </span>
    </p>
   </div>
   <div class='ocr_carea' id='block_1_16' title="bbox 154 1526 1744 1599">
    <p class='ocr_par' dir='ltr' id='par_1_16' title="bbox 154 1526 1744 1599">
     <span class='ocr_line' id='line_1_16' title="bbox 154 1526 1744 1599; baseline -0.001 -20"><span class='ocrx_word' id='word_1_84' title='bbox 154 1545 277 1590; x_wconf 85' lang='grc' dir='ltr'>ναις</span> <span class='ocrx_word' id='word_1_85' title='bbox 304 1527 481 1588; x_wconf 88' lang='grc' dir='ltr'>θείαις</span> <span class='ocrx_word' id='word_1_86' title='bbox 512 1530 605 1581; x_wconf 71' lang='grc' dir='ltr'><strong>καὶ</strong></span> <span class='ocrx_word' id='word_1_87' title='bbox 654 1528 963 1599; x_wconf 71' lang='grc' dir='ltr'><strong>βασιλικαῖς</strong></span> <span class='ocrx_word' id='word_1_88' title='bbox 1000 1528 1141 1580; x_wconf 79' lang='grc' dir='ltr'><strong>κατᾶ</strong></span> <span class='ocrx_word' id='word_1_89' title='bbox 1168 1527 1267 1588; x_wconf 80' lang='grc' dir='ltr'>τὰς</span> <span class='ocrx_word' id='word_1_90' title='bbox 1320 1527 1500 1594; x_wconf 83' lang='grc' dir='ltr'>πάσης</span> <span class='ocrx_word' id='word_1_91' title='bbox 1530 1526 1630 1594; x_wconf 80' lang='grc' dir='ltr'><strong>τῆς</strong></span> <span class='ocrx_word' id='word_1_92' title='bbox 1665 1528 1744 1578; x_wconf 85' lang='grc' dir='ltr'><strong>οἰ-</strong></span> 
     </span>
    </p>
   </div>
   <div class='ocr_carea' id='block_1_17' title="bbox 156 1616 1743 1689">
    <p class='ocr_par' dir='ltr' id='par_1_17' title="bbox 156 1616 1743 1689">
     <span class='ocr_line' id='line_1_17' title="bbox 156 1616 1743 1689; baseline -0.001 -17"><span class='ocrx_word' id='word_1_93' title='bbox 156 1622 438 1689; x_wconf 81' lang='grc' dir='ltr'>κουμένης</span> <span class='ocrx_word' id='word_1_94' title='bbox 461 1621 645 1686; x_wconf 74' lang='grc' dir='ltr'>πόλεις</span> <span class='ocrx_word' id='word_1_95' title='bbox 677 1621 1053 1675; x_wconf 73' lang='grc' dir='ltr'>ἐναντιοῦσθαι</span> <span class='ocrx_word' id='word_1_96' title='bbox 1078 1616 1363 1682; x_wconf 78' lang='grc' dir='ltr'><strong>δοκοῦντος</strong></span> <span class='ocrx_word' id='word_1_97' title='bbox 1412 1618 1743 1688; x_wconf 61' lang='grc' dir='ltr'>χρυσιρόούλ·</span> 
     </span>
    </p>
   </div>
   <div class='ocr_carea' id='block_1_18' title="bbox 156 1712 1744 1782">
    <p class='ocr_par' dir='ltr' id='par_1_18' title="bbox 156 1712 1744 1782">
     <span class='ocr_line' id='line_1_18' title="bbox 156 1712 1744 1782; baseline -0.002 -17"><span class='ocrx_word' id='word_1_98' title='bbox 156 1714 271 1777; x_wconf 79' lang='grc' dir='ltr'>λοις</span> <span class='ocrx_word' id='word_1_99' title='bbox 324 1714 647 1780; x_wconf 82' lang='grc' dir='ltr'>διαταγαῒς’</span> <span class='ocrx_word' id='word_1_100' title='bbox 704 1717 943 1782; x_wconf 74' lang='grc' dir='ltr'>παρόσον</span> <span class='ocrx_word' id='word_1_101' title='bbox 992 1714 1053 1767; x_wconf 74' lang='grc' dir='ltr'>τὸ</span> <span class='ocrx_word' id='word_1_102' title='bbox 1114 1712 1214 1782; x_wconf 82' lang='grc' dir='ltr'>μὲν</span> <span class='ocrx_word' id='word_1_103' title='bbox 1264 1712 1539 1765; x_wconf 68' lang='grc' dir='ltr'>συνοδικδν</span> <span class='ocrx_word' id='word_1_104' title='bbox 1604 1712 1744 1780; x_wconf 78' lang='grc' dir='ltr'>ὑπὲρ</span> 
     </span>
    </p>
   </div>
   <div class='ocr_carea' id='block_1_19' title="bbox 157 1800 1743 1876">
    <p class='ocr_par' dir='ltr' id='par_1_19' title="bbox 157 1800 1743 1876">
     <span class='ocr_line' id='line_1_19' title="bbox 157 1800 1743 1876; baseline -0.002 -20"><span class='ocrx_word' id='word_1_105' title='bbox 157 1804 474 1865; x_wconf 82' lang='grc' dir='ltr'>κανονικοῦ,</span> <span class='ocrx_word' id='word_1_106' title='bbox 503 1804 745 1873; x_wconf 71' lang='grc' dir='ltr'>νόμισμα</span> <span class='ocrx_word' id='word_1_107' title='bbox 782 1805 842 1857; x_wconf 76' lang='grc' dir='ltr'>ἓν</span> <span class='ocrx_word' id='word_1_108' title='bbox 863 1800 1102 1876; x_wconf 85' lang='grc' dir='ltr'>χρυσοῦν</span> <span class='ocrx_word' id='word_1_109' title='bbox 1132 1805 1195 1855; x_wconf 83' lang='grc' dir='ltr'>ὲκ</span> <span class='ocrx_word' id='word_1_110' title='bbox 1231 1804 1393 1872; x_wconf 80' lang='grc' dir='ltr'>μόνου</span> <span class='ocrx_word' id='word_1_111' title='bbox 1421 1801 1517 1855; x_wconf 87' lang='grc' dir='ltr'><strong>τοῦ</strong></span> <span class='ocrx_word' id='word_1_112' title='bbox 1554 1802 1743 1870; x_wconf 78' lang='grc' dir='ltr'>ἱερέως</span> 
     </span>
    </p>
   </div>
   <div class='ocr_carea' id='block_1_20' title="bbox 1851 598 3426 669">
    <p class='ocr_par' dir='ltr' id='par_1_20' title="bbox 1851 598 3426 669">
     <span class='ocr_line' id='line_1_20' title="bbox 1851 598 3426 669; baseline 0.003 -17"><span class='ocrx_word' id='word_1_113' title='bbox 1851 598 2220 664; x_wconf 79' lang='lat' dir='ltr'><strong>tr0politanis,</strong></span> <span class='ocrx_word' id='word_1_114' title='bbox 2253 599 2562 667; x_wconf 80' lang='lat' dir='ltr'><strong>Ancyrano,</strong></span> <span class='ocrx_word' id='word_1_115' title='bbox 2599 598 2890 668; x_wconf 84' lang='lat' dir='ltr'><strong>Cyziceno,</strong></span> <span class='ocrx_word' id='word_1_116' title='bbox 2921 599 3426 669; x_wconf 87' lang='lat' dir='ltr'><strong>Claudiopolitano,</strong></span> 
     </span>
    </p>
   </div>
   <div class='ocr_carea' id='block_1_21' title="bbox 1850 686 3426 761">
    <p class='ocr_par' dir='ltr' id='par_1_21' title="bbox 1850 686 3426 761">
     <span class='ocr_line' id='line_1_21' title="bbox 1850 686 3426 761; baseline 0.003 -18"><span class='ocrx_word' id='word_1_117' title='bbox 1850 688 2437 756; x_wconf 84' lang='lat' dir='ltr'><strong>Cliiistiauopolitano,</strong></span> <span class='ocrx_word' id='word_1_118' title='bbox 2456 686 2655 751; x_wconf 74' lang='lat' dir='ltr'><strong>Hosizc,</strong></span> <span class='ocrx_word' id='word_1_119' title='bbox 2670 699 2831 756; x_wconf 85' lang='lat' dir='ltr'><strong>atque</strong></span> <span class='ocrx_word' id='word_1_120' title='bbox 2851 692 2977 745; x_wconf 91' lang='lat' dir='ltr'><strong>item</strong></span> <span class='ocrx_word' id='word_1_121' title='bbox 3005 692 3426 761; x_wconf 71' lang='lat' dir='ltr'><strong>arcbiepicopis,</strong></span> 
     </span>
    </p>
   </div>
   <div class='ocr_carea' id='block_1_22' title="bbox 1850 778 3428 847">
    <p class='ocr_par' dir='ltr' id='par_1_22' title="bbox 1850 778 3428 847">
     <span class='ocr_line' id='line_1_22' title="bbox 1850 778 3428 847; baseline 0.005 -14"><span class='ocrx_word' id='word_1_122' title='bbox 1850 778 2325 847; x_wconf 83' lang='lat' dir='ltr'><strong>Ledntopolitano,</strong></span> <span class='ocrx_word' id='word_1_123' title='bbox 2344 779 2614 846; x_wconf 69' lang='lat' dir='ltr'><strong>Sugdaiic,</strong></span> <span class='ocrx_word' id='word_1_124' title='bbox 2647 779 2818 847; x_wconf 81' lang='lat' dir='ltr'><strong>Rosii,</strong></span> <span class='ocrx_word' id='word_1_125' title='bbox 2843 785 3149 841; x_wconf 75' lang='lat' dir='ltr'><strong>astantibus</strong></span> <span class='ocrx_word' id='word_1_126' title='bbox 3175 794 3228 840; x_wconf 87' lang='lat' dir='ltr'><strong>et</strong></span> <span class='ocrx_word' id='word_1_127' title='bbox 3251 787 3428 842; x_wconf 89' lang='lat' dir='ltr'><strong>domi-</strong></span> 
     </span>
    </p>
   </div>
   <div class='ocr_carea' id='block_1_23' title="bbox 1849 873 2493 944">
    <p class='ocr_par' dir='ltr' id='par_1_23' title="bbox 1849 873 2493 944">
     <span class='ocr_line' id='line_1_23' title="bbox 1849 873 2493 944; baseline 0.002 -17"><span class='ocrx_word' id='word_1_128' title='bbox 1849 873 1990 927; x_wconf 88' lang='lat' dir='ltr'><strong>nicis</strong></span> <span class='ocrx_word' id='word_1_129' title='bbox 2020 874 2427 944; x_wconf 74' lang='lat' dir='ltr'><strong>magistratibus</strong></span> <span class='ocrx_word' id='word_1_130' title='bbox 2452 873 2493 928; x_wconf 67' lang='grc'><strong>⁸.</strong></span> 
     </span>
    </p>
   </div>
   <div class='ocr_carea' id='block_1_24' title="bbox 1922 1052 3426 1126">
    <p class='ocr_par' dir='ltr' id='par_1_24' title="bbox 1922 1052 3426 1126">
     <span class='ocr_line' id='line_1_24' title="bbox 1922 1052 3426 1126; baseline 0.005 -23"><span class='ocrx_word' id='word_1_131' title='bbox 1922 1052 2322 1105; x_wconf 78' lang='lat' dir='ltr'><strong>Existimabam</strong></span> <span class='ocrx_word' id='word_1_132' title='bbox 2384 1052 2603 1121; x_wconf 86' lang='lat' dir='ltr'><strong>quidem</strong></span> <span class='ocrx_word' id='word_1_133' title='bbox 2671 1055 2917 1108; x_wconf 81' lang='lat' dir='ltr'><strong>nonnulli</strong></span> <span class='ocrx_word' id='word_1_134' title='bbox 2957 1071 3052 1125; x_wconf 89' lang='lat' dir='ltr'><strong>per</strong></span> <span class='ocrx_word' id='word_1_135' title='bbox 3088 1057 3426 1126; x_wconf 75' lang='lat' dir='ltr'><strong>provinciam</strong></span> 
     </span>
    </p>
   </div>
   <div class='ocr_carea' id='block_1_25' title="bbox 1852 1146 3428 1221">
    <p class='ocr_par' dir='ltr' id='par_1_25' title="bbox 1852 1146 3428 1221">
     <span class='ocr_line' id='line_1_25' title="bbox 1852 1146 3428 1221; baseline 0.004 -23"><span class='ocrx_word' id='word_1_136' title='bbox 1852 1146 2258 1216; x_wconf 75' lang='lat' dir='ltr'><strong>religiosissimi</strong></span> <span class='ocrx_word' id='word_1_137' title='bbox 2291 1147 2554 1216; x_wconf 81' lang='lat' dir='ltr'><strong>episcopi,</strong></span> <span class='ocrx_word' id='word_1_138' title='bbox 2589 1163 2646 1203; x_wconf 89' lang='lat' dir='ltr'><strong>se</strong></span> <span class='ocrx_word' id='word_1_139' title='bbox 2678 1163 2786 1201; x_wconf 94' lang='lat' dir='ltr'><strong>non</strong></span> <span class='ocrx_word' id='word_1_140' title='bbox 2824 1164 3014 1217; x_wconf 88' lang='lat' dir='ltr'><strong>parum</strong></span> <span class='ocrx_word' id='word_1_141' title='bbox 3046 1166 3108 1204; x_wconf 83' lang='lat' dir='ltr'><strong>ex</strong></span> <span class='ocrx_word' id='word_1_142' title='bbox 3178 1151 3428 1221; x_wconf 79' lang='lat' dir='ltr'><strong>synodali</strong></span> 
     </span>
    </p>
   </div>
   <div class='ocr_carea' id='block_1_26' title="bbox 1850 1242 3432 1315">
    <p class='ocr_par' dir='ltr' id='par_1_26' title="bbox 1850 1242 3432 1315">
     <span class='ocr_line' id='line_1_26' title="bbox 1850 1242 3432 1315; baseline 0.006 -22"><span class='ocrx_word' id='word_1_143' title='bbox 1850 1253 2122 1311; x_wconf 65' lang='lat' dir='ltr'><strong>praecepto</strong></span> <span class='ocrx_word' id='word_1_144' title='bbox 2159 1282 2172 1305; x_wconf 96' lang='lat'><strong>,</strong></span> <span class='ocrx_word' id='word_1_145' title='bbox 2243 1242 2387 1310; x_wconf 78' lang='lat' dir='ltr'><strong>quod</strong></span> <span class='ocrx_word' id='word_1_146' title='bbox 2445 1242 2571 1295; x_wconf 91' lang='lat' dir='ltr'><strong>olini</strong></span> <span class='ocrx_word' id='word_1_147' title='bbox 2634 1246 2701 1295; x_wconf 88' lang='lat' dir='ltr'><strong>de</strong></span> <span class='ocrx_word' id='word_1_148' title='bbox 2752 1246 2999 1299; x_wconf 80' lang='lat' dir='ltr'><strong>canonici</strong></span> <span class='ocrx_word' id='word_1_149' title='bbox 3083 1249 3432 1315; x_wconf 71' lang='lat' dir='ltr'><strong>praestatione</strong></span> 
     </span>
    </p>
   </div>
   <div class='ocr_carea' id='block_1_27' title="bbox 1850 1332 3430 1403">
    <p class='ocr_par' dir='ltr' id='par_1_27' title="bbox 1850 1332 3430 1403">
     <span class='ocr_line' id='line_1_27' title="bbox 1850 1332 3430 1403; baseline 0.001 -17"><span class='ocrx_word' id='word_1_150' title='bbox 1850 1332 1953 1386; x_wconf 90' lang='lat' dir='ltr'><strong>sub</strong></span> <span class='ocrx_word' id='word_1_151' title='bbox 2010 1334 2179 1387; x_wconf 69' lang='lat' dir='ltr'><strong>beatae</strong></span> <span class='ocrx_word' id='word_1_152' title='bbox 2239 1333 2514 1387; x_wconf 77' lang='lat' dir='ltr'><strong>memoria:</strong></span> <span class='ocrx_word' id='word_1_153' title='bbox 2545 1334 2893 1398; x_wconf 84' lang='lat' dir='ltr'><strong>patriarcha,</strong></span> <span class='ocrx_word' id='word_1_154' title='bbox 2930 1336 3151 1391; x_wconf 89' lang='lat' dir='ltr'><strong>domino</strong></span> <span class='ocrx_word' id='word_1_155' title='bbox 3214 1339 3430 1403; x_wconf 79' lang='lat' dir='ltr'><strong>Alexio,</strong></span> 
     </span>
    </p>
   </div>
   <div class='ocr_carea' id='block_1_28' title="bbox 1852 1421 3429 1493">
    <p class='ocr_par' dir='ltr' id='par_1_28' title="bbox 1852 1421 3429 1493">
     <span class='ocr_line' id='line_1_28' title="bbox 1852 1421 3429 1493; baseline 0.002 -18"><span class='ocrx_word' id='word_1_156' title='bbox 1852 1421 1952 1475; x_wconf 79' lang='lat' dir='ltr'><strong>fuit</strong></span> <span class='ocrx_word' id='word_1_157' title='bbox 1978 1422 2309 1491; x_wconf 69' lang='lat' dir='ltr'><strong>expositum,</strong></span> <span class='ocrx_word' id='word_1_158' title='bbox 2345 1422 2531 1475; x_wconf 83' lang='lat' dir='ltr'><strong>damni</strong></span> <span class='ocrx_word' id='word_1_159' title='bbox 2597 1425 2877 1493; x_wconf 70' lang='lat' dir='ltr'><strong>percipere</strong></span> <span class='ocrx_word' id='word_1_160' title='bbox 2912 1442 2925 1488; x_wconf 78' lang='grc' dir='ltr'><strong>ς</strong></span> <span class='ocrx_word' id='word_1_161' title='bbox 2972 1426 3137 1479; x_wconf 72' lang='grc' dir='ltr'>νυΙυιί</span> <span class='ocrx_word' id='word_1_162' title='bbox 3172 1429 3313 1492; x_wconf 91' lang='lat' dir='ltr'><strong>quod</strong></span> <span class='ocrx_word' id='word_1_163' title='bbox 3350 1427 3429 1479; x_wconf 80' lang='lat' dir='ltr'><strong>la-</strong></span> 
     </span>
    </p>
   </div>
   <div class='ocr_carea' id='block_1_29' title="bbox 1850 1514 3430 1583">
    <p class='ocr_par' dir='ltr' id='par_1_29' title="bbox 1850 1514 3430 1583">
     <span class='ocr_line' id='line_1_29' title="bbox 1850 1514 3430 1583; baseline 0.002 -17"><span class='ocrx_word' id='word_1_164' title='bbox 1850 1516 1957 1567; x_wconf 87' lang='lat' dir='ltr'><strong>ctis</strong></span> <span class='ocrx_word' id='word_1_165' title='bbox 1991 1515 2250 1583; x_wconf 80' lang='lat' dir='ltr'><strong>deinceps</strong></span> <span class='ocrx_word' id='word_1_166' title='bbox 2284 1515 2460 1569; x_wconf 88' lang='lat' dir='ltr'><strong>sacris</strong></span> <span class='ocrx_word' id='word_1_167' title='bbox 2492 1523 2544 1567; x_wconf 91' lang='lat' dir='ltr'><strong>et</strong></span> <span class='ocrx_word' id='word_1_168' title='bbox 2577 1514 2946 1582; x_wconf 88' lang='lat' dir='ltr'><strong>imperatoriis</strong></span> <span class='ocrx_word' id='word_1_169' title='bbox 2980 1515 3044 1569; x_wconf 86' lang='lat' dir='ltr'><strong>ad</strong></span> <span class='ocrx_word' id='word_1_170' title='bbox 3104 1518 3254 1572; x_wconf 80' lang='lat' dir='ltr'><strong>orbis</strong></span> <span class='ocrx_word' id='word_1_171' title='bbox 3312 1519 3430 1570; x_wconf 80' lang='lat' dir='ltr'><strong>uni-</strong></span> 
     </span>
    </p>
   </div>
   <div class='ocr_carea' id='block_1_30' title="bbox 1852 1605 3432 1674">
    <p class='ocr_par' dir='ltr' id='par_1_30' title="bbox 1852 1605 3432 1674">
     <span class='ocr_line' id='line_1_30' title="bbox 1852 1605 3432 1674; baseline 0.004 -18"><span class='ocrx_word' id='word_1_172' title='bbox 1852 1606 1994 1659; x_wconf 73' lang='lat' dir='ltr'><strong>versi</strong></span> <span class='ocrx_word' id='word_1_173' title='bbox 2018 1605 2269 1659; x_wconf 90' lang='lat' dir='ltr'><strong>civitates</strong></span> <span class='ocrx_word' id='word_1_174' title='bbox 2301 1606 2705 1668; x_wconf 89' lang='lat' dir='ltr'><strong>sanctionibus,</strong></span> <span class='ocrx_word' id='word_1_175' title='bbox 2747 1621 2843 1674; x_wconf 81' lang='lat' dir='ltr'><strong>per</strong></span> <span class='ocrx_word' id='word_1_176' title='bbox 2873 1621 3068 1661; x_wconf 85' lang='lat' dir='ltr'><strong>aureas</strong></span> <span class='ocrx_word' id='word_1_177' title='bbox 3105 1608 3278 1663; x_wconf 83' lang='lat' dir='ltr'><strong>bullas</strong></span> <span class='ocrx_word' id='word_1_178' title='bbox 3310 1626 3432 1661; x_wconf 88' lang='lat' dir='ltr'><strong>mii-</strong></span> 
     </span>
    </p>
   </div>
   <div class='ocr_carea' id='block_1_31' title="bbox 1852 1696 3429 1767">
    <p class='ocr_par' dir='ltr' id='par_1_31' title="bbox 1852 1696 3429 1767">
     <span class='ocr_line' id='line_1_31' title="bbox 1852 1696 3429 1767; baseline 0.004 -18"><span class='ocrx_word' id='word_1_179' title='bbox 1852 1696 2005 1759; x_wconf 78' lang='lat' dir='ltr'><strong>nilis,</strong></span> <span class='ocrx_word' id='word_1_180' title='bbox 2032 1697 2313 1750; x_wconf 75' lang='lat' dir='ltr'><strong>adversari</strong></span> <span class='ocrx_word' id='word_1_181' title='bbox 2344 1696 2616 1751; x_wconf 78' lang='lat' dir='ltr'><strong>videretur</strong></span> <span class='ocrx_word' id='word_1_182' title='bbox 2646 1716 2658 1752; x_wconf 90' lang='lat'><strong>:</strong></span> <span class='ocrx_word' id='word_1_183' title='bbox 2690 1705 2961 1767; x_wconf 68' lang='lat' dir='ltr'><strong>quatenus</strong></span> <span class='ocrx_word' id='word_1_184' title='bbox 2986 1699 3116 1753; x_wconf 92' lang='lat' dir='ltr'><strong>illud</strong></span> <span class='ocrx_word' id='word_1_185' title='bbox 3152 1704 3429 1755; x_wconf 72' lang='lat' dir='ltr'><strong>decretum</strong></span> 
     </span>
    </p>
   </div>
   <div class='ocr_carea' id='block_1_32' title="bbox 1854 1788 3430 1857">
    <p class='ocr_par' dir='ltr' id='par_1_32' title="bbox 1854 1788 3430 1857">
     <span class='ocr_line' id='line_1_32' title="bbox 1854 1788 3430 1857; baseline 0.005 -16"><span class='ocrx_word' id='word_1_186' title='bbox 1854 1788 2116 1857; x_wconf 82' lang='lat' dir='ltr'><strong>synodale</strong></span> <span class='ocrx_word' id='word_1_187' title='bbox 2187 1789 2438 1843; x_wconf 85' lang='lat' dir='ltr'><strong>canonici</strong></span> <span class='ocrx_word' id='word_1_188' title='bbox 2516 1794 2737 1845; x_wconf 86' lang='lat' dir='ltr'><strong>nomine</strong></span> <span class='ocrx_word' id='word_1_189' title='bbox 2827 1810 3112 1849; x_wconf 87' lang='lat' dir='ltr'><strong>nummum</strong></span> <span class='ocrx_word' id='word_1_190' title='bbox 3201 1812 3430 1849; x_wconf 81' lang='lat' dir='ltr'><strong>aureum</strong></span> 
     </span>
    </p>
   </div>
   <div class='ocr_carea' id='block_1_33' title="bbox 156 1861 1744 1968">
    <p class='ocr_par' dir='ltr' id='par_1_33' title="bbox 156 1894 1742 1968">
     <span class='ocr_line' id='line_1_33' title="bbox 156 1894 1742 1968; baseline -0.001 -20"><span class='ocrx_word' id='word_1_191' title='bbox 156 1897 591 1965; x_wconf 75' lang='grc' dir='ltr'><strong>εἰσπράττεσθαι</strong></span> <span class='ocrx_word' id='word_1_192' title='bbox 643 1898 960 1968; x_wconf 79' lang='grc' dir='ltr'><strong>διορίζεται,</strong></span> <span class='ocrx_word' id='word_1_193' title='bbox 1021 1896 1129 1950; x_wconf 83' lang='grc' dir='ltr'><strong>τῶν</strong></span> <span class='ocrx_word' id='word_1_194' title='bbox 1193 1896 1457 1948; x_wconf 68' lang='grc' dir='ltr'>διακόνων</span> <span class='ocrx_word' id='word_1_195' title='bbox 1490 1894 1583 1947; x_wconf 73' lang='grc' dir='ltr'><strong>καί</strong></span> <span class='ocrx_word' id='word_1_196' title='bbox 1619 1895 1742 1947; x_wconf 84' lang='grc' dir='ltr'>ὑπο-</span> 
     </span>
    </p>
   </div>
   <div class='ocr_carea' id='block_1_34' title="bbox 1852 1861 3430 1968">
    <p class='ocr_par' dir='ltr' id='par_1_34' title="bbox 1852 1882 3430 1956">
     <span class='ocr_line' id='line_1_34' title="bbox 1852 1882 3430 1956; baseline 0.006 -25"><span class='ocrx_word' id='word_1_197' title='bbox 1852 1896 2017 1933; x_wconf 90' lang='lat' dir='ltr'><strong>iinuui</strong></span> <span class='ocrx_word' id='word_1_198' title='bbox 2084 1882 2432 1936; x_wconf 82' lang='lat' dir='ltr'><strong>asacerdote</strong></span> <span class='ocrx_word' id='word_1_199' title='bbox 2501 1883 2769 1938; x_wconf 83' lang='lat' dir='ltr'><strong>duntaxat</strong></span> <span class='ocrx_word' id='word_1_200' title='bbox 2833 1888 3159 1956; x_wconf 78' lang='lat' dir='ltr'><strong>exigendum</strong></span> <span class='ocrx_word' id='word_1_201' title='bbox 3218 1891 3430 1950; x_wconf 85' lang='lat' dir='ltr'><strong>statuit,</strong></span> 
     </span>
    </p>
   </div>
   <div class='ocr_carea' id='block_1_35' title="bbox 156 1985 1740 2059">
    <p class='ocr_par' dir='ltr' id='par_1_35' title="bbox 156 1985 1740 2059">
     <span class='ocr_line' id='line_1_35' title="bbox 156 1985 1740 2059; baseline -0.003 -18"><span class='ocrx_word' id='word_1_202' title='bbox 156 1989 429 2041; x_wconf 70' lang='grc' dir='ltr'>διακόνων</span> <span class='ocrx_word' id='word_1_203' title='bbox 486 1988 653 2058; x_wconf 78' lang='grc' dir='ltr'>μηδέν</span> <span class='ocrx_word' id='word_1_204' title='bbox 684 2007 735 2042; x_wconf 88' lang='grc' dir='ltr'><strong>τι</strong></span> <span class='ocrx_word' id='word_1_205' title='bbox 789 1985 1184 2059; x_wconf 70' lang='grc' dir='ltr'><strong>παρεχομένων</strong></span> <span class='ocrx_word' id='word_1_206' title='bbox 1208 2004 1220 2017; x_wconf 84' lang='lat'><strong>&#39;</strong></span> <span class='ocrx_word' id='word_1_207' title='bbox 1261 1987 1354 2039; x_wconf 67' lang='grc' dir='ltr'><strong>καὶ</strong></span> <span class='ocrx_word' id='word_1_208' title='bbox 1382 1988 1472 2054; x_wconf 74' lang='grc' dir='ltr'><strong>ἀφ’</strong></span> <span class='ocrx_word' id='word_1_209' title='bbox 1501 1986 1740 2039; x_wconf 73' lang='grc' dir='ltr'>ἑκάστου</span> 
     </span>
    </p>
   </div>
   <div class='ocr_carea' id='block_1_36' title="bbox 162 2079 1743 2151">
    <p class='ocr_par' dir='ltr' id='par_1_36' title="bbox 162 2079 1743 2151">
     <span class='ocr_line' id='line_1_36' title="bbox 162 2079 1743 2151; baseline -0.002 -18"><span class='ocrx_word' id='word_1_210' title='bbox 162 2080 271 2133; x_wconf 70' lang='grc' dir='ltr'>τῶν</span> <span class='ocrx_word' id='word_1_211' title='bbox 312 2082 833 2148; x_wconf 80' lang='grc' dir='ltr'>χειροτονουμένων,</span> <span class='ocrx_word' id='word_1_212' title='bbox 868 2084 915 2134; x_wconf 90' lang='grc' dir='ltr'><strong>εἰ</strong></span> <span class='ocrx_word' id='word_1_213' title='bbox 952 2082 1052 2149; x_wconf 79' lang='grc' dir='ltr'><strong>μὲν</strong></span> <span class='ocrx_word' id='word_1_214' title='bbox 1100 2079 1457 2151; x_wconf 76' lang='grc' dir='ltr'>ἀναγνώστης</span> <span class='ocrx_word' id='word_1_215' title='bbox 1494 2081 1601 2147; x_wconf 81' lang='grc' dir='ltr'>εἴη,</span> <span class='ocrx_word' id='word_1_216' title='bbox 1654 2079 1743 2131; x_wconf 73' lang='grc' dir='ltr'><strong>νό-</strong></span> 
     </span>
    </p>
   </div>
   <div class='ocr_carea' id='block_1_37' title="bbox 160 2170 1741 2241">
    <p class='ocr_par' dir='ltr' id='par_1_37' title="bbox 160 2170 1741 2241">
     <span class='ocr_line' id='line_1_37' title="bbox 160 2170 1741 2241; baseline -0.001 -17"><span class='ocrx_word' id='word_1_217' title='bbox 160 2189 341 2239; x_wconf 86' lang='grc' dir='ltr'>μισμα</span> <span class='ocrx_word' id='word_1_218' title='bbox 372 2172 432 2225; x_wconf 82' lang='grc' dir='ltr'>ἓν</span> <span class='ocrx_word' id='word_1_219' title='bbox 454 2172 688 2241; x_wconf 75' lang='grc' dir='ltr'>χρυσοῦν</span> <span class='ocrx_word' id='word_1_220' title='bbox 712 2189 723 2200; x_wconf 92' lang='grc'>·</span> <span class='ocrx_word' id='word_1_221' title='bbox 757 2175 805 2225; x_wconf 87' lang='grc' dir='ltr'><strong>εἰ</strong></span> <span class='ocrx_word' id='word_1_222' title='bbox 836 2171 892 2226; x_wconf 77' lang='grc' dir='ltr'><strong>δὲ</strong></span> <span class='ocrx_word' id='word_1_223' title='bbox 940 2172 1216 2233; x_wconf 82' lang='grc' dir='ltr'>διάκονος,</span> <span class='ocrx_word' id='word_1_224' title='bbox 1249 2172 1563 2241; x_wconf 87' lang='grc' dir='ltr'>νομίσματα</span> <span class='ocrx_word' id='word_1_225' title='bbox 1616 2170 1741 2240; x_wconf 89' lang='grc' dir='ltr'>τρία</span> 
     </span>
    </p>
   </div>
   <div class='ocr_carea' id='block_1_38' title="bbox 155 2264 1743 2336">
    <p class='ocr_par' dir='ltr' id='par_1_38' title="bbox 155 2264 1743 2336">
     <span class='ocr_line' id='line_1_38' title="bbox 155 2264 1743 2336; baseline 0.001 -20"><span class='ocrx_word' id='word_1_226' title='bbox 155 2266 322 2327; x_wconf 70' lang='grc' dir='ltr'>ὃμοια</span> <span class='ocrx_word' id='word_1_227' title='bbox 347 2280 361 2293; x_wconf 90' lang='grc'><strong>·</strong></span> <span class='ocrx_word' id='word_1_228' title='bbox 398 2267 447 2318; x_wconf 81' lang='grc' dir='ltr'><strong>εἰ</strong></span> <span class='ocrx_word' id='word_1_229' title='bbox 504 2265 562 2317; x_wconf 81' lang='grc' dir='ltr'>δὲ</span> <span class='ocrx_word' id='word_1_230' title='bbox 597 2265 993 2336; x_wconf 71' lang='grc' dir='ltr'>πρεσϐύτερος,</span> <span class='ocrx_word' id='word_1_231' title='bbox 1046 2265 1212 2333; x_wconf 83' lang='grc' dir='ltr'>ἓτερα</span> <span class='ocrx_word' id='word_1_232' title='bbox 1244 2265 1561 2335; x_wconf 71' lang='grc' dir='ltr'>νομίσματα</span> <span class='ocrx_word' id='word_1_233' title='bbox 1618 2264 1743 2333; x_wconf 87' lang='grc' dir='ltr'>τρία</span> 
     </span>
    </p>
   </div>
   <div class='ocr_carea' id='block_1_39' title="bbox 155 2358 1743 2427">
    <p class='ocr_par' dir='ltr' id='par_1_39' title="bbox 155 2358 1743 2427">
     <span class='ocr_line' id='line_1_39' title="bbox 155 2358 1743 2427; baseline 0 -16"><span class='ocrx_word' id='word_1_234' title='bbox 155 2358 340 2427; x_wconf 78' lang='grc' dir='ltr'>ὃμοια.</span> <span class='ocrx_word' id='word_1_235' title='bbox 369 2359 462 2410; x_wconf 65' lang='grc' dir='ltr'>τὶν</span> <span class='ocrx_word' id='word_1_236' title='bbox 486 2360 895 2427; x_wconf 64' lang='grc' dir='ltr'>χειροτονοῦντα</span> <span class='ocrx_word' id='word_1_237' title='bbox 931 2358 1072 2427; x_wconf 74' lang='grc' dir='ltr'>ὑπὲρ</span> <span class='ocrx_word' id='word_1_238' title='bbox 1118 2358 1416 2425; x_wconf 63' lang='grc' dir='ltr'>διατροφῆς</span> <span class='ocrx_word' id='word_1_239' title='bbox 1444 2359 1743 2426; x_wconf 71' lang='grc' dir='ltr'>λαμϐάνειν</span> 
     </span>
    </p>
   </div>
   <div class='ocr_carea' id='block_1_40' title="bbox 154 2448 1743 2517">
    <p class='ocr_par' dir='ltr' id='par_1_40' title="bbox 154 2448 1743 2517">
     <span class='ocr_line' id='line_1_40' title="bbox 154 2448 1743 2517; baseline 0.001 -18"><span class='ocrx_word' id='word_1_240' title='bbox 154 2448 534 2501; x_wconf 72' lang='grc' dir='ltr'>διατάττεται·</span> <span class='ocrx_word' id='word_1_241' title='bbox 564 2450 645 2501; x_wconf 78' lang='grc' dir='ltr'><strong>ὅτι</strong></span> <span class='ocrx_word' id='word_1_242' title='bbox 700 2450 834 2517; x_wconf 75' lang='grc' dir='ltr'>μηδὲ</span> <span class='ocrx_word' id='word_1_243' title='bbox 881 2450 1178 2512; x_wconf 71' lang='grc' dir='ltr'>ἀδάπανον,</span> <span class='ocrx_word' id='word_1_244' title='bbox 1226 2450 1330 2503; x_wconf 67' lang='grc' dir='ltr'>κᾶν</span> <span class='ocrx_word' id='word_1_245' title='bbox 1362 2450 1594 2517; x_wconf 78' lang='grc' dir='ltr'>ἄμισθον</span> <span class='ocrx_word' id='word_1_246' title='bbox 1627 2451 1743 2503; x_wconf 82' lang='grc' dir='ltr'>ὲστί</span> 
     </span>
    </p>
   </div>
   <div class='ocr_carea' id='block_1_41' title="bbox 154 2540 1744 2610">
    <p class='ocr_par' dir='ltr' id='par_1_41' title="bbox 154 2540 1744 2610">
     <span class='ocr_line' id='line_1_41' title="bbox 154 2540 1744 2610; baseline 0.002 -17"><span class='ocrx_word' id='word_1_247' title='bbox 154 2540 214 2593; x_wconf 60' lang='grc' dir='ltr'><strong>τι</strong></span> <span class='ocrx_word' id='word_1_248' title='bbox 253 2541 613 2606; x_wconf 71' lang='grc' dir='ltr'>Εὖαγγέλιον.</span> <span class='ocrx_word' id='word_1_249' title='bbox 671 2542 733 2593; x_wconf 93' lang='grc' dir='ltr'>Οἰ</span> <span class='ocrx_word' id='word_1_250' title='bbox 761 2542 816 2594; x_wconf 81' lang='grc' dir='ltr'>δὲ</span> <span class='ocrx_word' id='word_1_251' title='bbox 851 2542 1000 2610; x_wconf 78' lang='grc' dir='ltr'><strong>παρᾶ</strong></span> <span class='ocrx_word' id='word_1_252' title='bbox 1039 2543 1148 2594; x_wconf 83' lang='grc' dir='ltr'>τῶν</span> <span class='ocrx_word' id='word_1_253' title='bbox 1203 2543 1444 2595; x_wconf 75' lang='grc' dir='ltr'>εὐσεϐῶν</span> <span class='ocrx_word' id='word_1_254' title='bbox 1496 2544 1744 2605; x_wconf 77' lang='grc' dir='ltr'>τεθέντες</span> 
     </span>
    </p>
   </div>
   <div class='ocr_carea' id='block_1_42' title="bbox 155 2631 1745 2705">
    <p class='ocr_par' dir='ltr' id='par_1_42' title="bbox 155 2631 1745 2705">
     <span class='ocr_line' id='line_1_42' title="bbox 155 2631 1745 2705; baseline 0.001 -20"><span class='ocrx_word' id='word_1_255' title='bbox 155 2631 545 2703; x_wconf 70' lang='grc' dir='ltr'>χρυσόὸουλλοι</span> <span class='ocrx_word' id='word_1_256' title='bbox 586 2634 755 2701; x_wconf 73' lang='grc' dir='ltr'>λόγοι,</span> <span class='ocrx_word' id='word_1_257' title='bbox 810 2634 1131 2705; x_wconf 79' lang='grc' dir='ltr'>προσθήκην</span> <span class='ocrx_word' id='word_1_258' title='bbox 1163 2634 1222 2688; x_wconf 81' lang='grc' dir='ltr'><strong>τέ</strong></span> <span class='ocrx_word' id='word_1_259' title='bbox 1254 2652 1373 2687; x_wconf 86' lang='grc' dir='ltr'>τινα</span> <span class='ocrx_word' id='word_1_260' title='bbox 1434 2638 1547 2698; x_wconf 82' lang='grc' dir='ltr'>τοῖς</span> <span class='ocrx_word' id='word_1_261' title='bbox 1591 2634 1745 2705; x_wconf 73' lang='grc' dir='ltr'>παρὰ</span> 
     </span>
    </p>
   </div>
   <div class='ocr_carea' id='block_1_43' title="bbox 154 2724 1742 2796">
    <p class='ocr_par' dir='ltr' id='par_1_43' title="bbox 154 2724 1742 2796">
     <span class='ocr_line' id='line_1_43' title="bbox 154 2724 1742 2796; baseline 0.001 -19"><span class='ocrx_word' id='word_1_262' title='bbox 154 2724 264 2777; x_wconf 82' lang='grc' dir='ltr'><strong>τῶν</strong></span> <span class='ocrx_word' id='word_1_263' title='bbox 320 2725 818 2795; x_wconf 75' lang='grc' dir='ltr'>χειροτονουμένων</span> <span class='ocrx_word' id='word_1_264' title='bbox 884 2726 1282 2795; x_wconf 81' lang='grc' dir='ltr'>παρεχομένοις</span> <span class='ocrx_word' id='word_1_265' title='bbox 1336 2726 1557 2796; x_wconf 78' lang='grc' dir='ltr'>ἐξεῦρον</span> <span class='ocrx_word' id='word_1_266' title='bbox 1605 2743 1742 2796; x_wconf 82' lang='grc' dir='ltr'>μετ-</span> 
     </span>
    </p>
   </div>
   <div class='ocr_carea' id='block_1_44' title="bbox 156 2814 1745 2887">
    <p class='ocr_par' dir='ltr' id='par_1_44' title="bbox 156 2814 1745 2887">
     <span class='ocr_line' id='line_1_44' title="bbox 156 2814 1745 2887; baseline 0.001 -22"><span class='ocrx_word' id='word_1_267' title='bbox 156 2814 375 2877; x_wconf 80' lang='grc' dir='ltr'>έπειτα,</span> <span class='ocrx_word' id='word_1_268' title='bbox 409 2814 506 2867; x_wconf 66' lang='grc' dir='ltr'><strong>καὶ</strong></span> <span class='ocrx_word' id='word_1_269' title='bbox 539 2814 637 2875; x_wconf 75' lang='grc' dir='ltr'>τὰς</span> <span class='ocrx_word' id='word_1_270' title='bbox 660 2814 769 2867; x_wconf 82' lang='grc' dir='ltr'><strong>ἀπὺ</strong></span> <span class='ocrx_word' id='word_1_271' title='bbox 797 2814 905 2866; x_wconf 83' lang='grc' dir='ltr'><strong>τῶν</strong></span> <span class='ocrx_word' id='word_1_272' title='bbox 928 2815 1131 2868; x_wconf 79' lang='grc' dir='ltr'>λαῖκῶν</span> <span class='ocrx_word' id='word_1_273' title='bbox 1160 2816 1420 2887; x_wconf 70' lang='grc' dir='ltr'>ἀπαρχὰς</span> <span class='ocrx_word' id='word_1_274' title='bbox 1462 2816 1745 2869; x_wconf 67' lang='grc' dir='ltr'>κανονικὸν</span> 
     </span>
    </p>
   </div>
   <div class='ocr_carea' id='block_1_45' title="bbox 155 2908 1747 2979">
    <p class='ocr_par' dir='ltr' id='par_1_45' title="bbox 155 2908 1747 2979">
     <span class='ocr_line' id='line_1_45' title="bbox 155 2908 1747 2979; baseline 0.002 -20"><span class='ocrx_word' id='word_1_275' title='bbox 155 2908 549 2974; x_wconf 66' lang='grc' dir='ltr'>ὀνομάσαντες,</span> <span class='ocrx_word' id='word_1_276' title='bbox 576 2908 847 2979; x_wconf 79' lang='grc' dir='ltr'>ὡρίσαντο</span> <span class='ocrx_word' id='word_1_277' title='bbox 889 2910 1018 2978; x_wconf 83' lang='grc' dir='ltr'>παρ’</span> <span class='ocrx_word' id='word_1_278' title='bbox 1058 2909 1293 2963; x_wconf 78' lang='grc' dir='ltr'>ἑκάστου</span> <span class='ocrx_word' id='word_1_279' title='bbox 1327 2910 1532 2963; x_wconf 84' lang='grc' dir='ltr'>τούτων</span> <span class='ocrx_word' id='word_1_280' title='bbox 1554 2909 1747 2964; x_wconf 71' lang='grc' dir='ltr'>ἀναλό-</span> 
     </span>
    </p>
   </div>
   <div class='ocr_carea' id='block_1_46' title="bbox 155 3001 1745 3073">
    <p class='ocr_par' dir='ltr' id='par_1_46' title="bbox 155 3001 1745 3073">
     <span class='ocr_line' id='line_1_46' title="bbox 155 3001 1745 3073; baseline 0.001 -20"><span class='ocrx_word' id='word_1_281' title='bbox 155 3018 268 3068; x_wconf 84' lang='grc' dir='ltr'><strong>γως</strong></span> <span class='ocrx_word' id='word_1_282' title='bbox 325 3004 393 3068; x_wconf 85' lang='grc' dir='ltr'>τῆ</span> <span class='ocrx_word' id='word_1_283' title='bbox 447 3001 628 3054; x_wconf 70' lang='grc' dir='ltr'>αὐτῶν</span> <span class='ocrx_word' id='word_1_284' title='bbox 684 3002 916 3073; x_wconf 75' lang='grc' dir='ltr'>εὐπορίᾳ</span> <span class='ocrx_word' id='word_1_285' title='bbox 962 3002 1412 3072; x_wconf 83' lang='grc' dir='ltr'>εἰσπράττεσθαι,</span> <span class='ocrx_word' id='word_1_286' title='bbox 1476 3006 1570 3057; x_wconf 70' lang='grc' dir='ltr'><strong>καὶ</strong></span> <span class='ocrx_word' id='word_1_287' title='bbox 1626 3006 1745 3068; x_wconf 75' lang='grc' dir='ltr'>τοῖς</span> 
     </span>
    </p>
   </div>
   <div class='ocr_carea' id='block_1_47' title="bbox 156 3090 1745 3164">
    <p class='ocr_par' dir='ltr' id='par_1_47' title="bbox 156 3090 1745 3164">
     <span class='ocr_line' id='line_1_47' title="bbox 156 3090 1745 3164; baseline 0.001 -21"><span class='ocrx_word' id='word_1_288' title='bbox 156 3090 577 3155; x_wconf 74' lang='grc' dir='ltr'>εὖλαϐεστάτοις</span> <span class='ocrx_word' id='word_1_289' title='bbox 605 3092 812 3163; x_wconf 79' lang='grc' dir='ltr'>ἱερεῦσι</span> <span class='ocrx_word' id='word_1_290' title='bbox 842 3093 1203 3164; x_wconf 71' lang='grc' dir='ltr'>παρέχεσθαι.</span> <span class='ocrx_word' id='word_1_291' title='bbox 1242 3094 1407 3147; x_wconf 81' lang='grc' dir='ltr'>Ἀλλά</span> <span class='ocrx_word' id='word_1_292' title='bbox 1449 3093 1745 3155; x_wconf 81' lang='grc' dir='ltr'>συνοδικῶς</span> 
     </span>
    </p>
   </div>
   <div class='ocr_carea' id='block_1_48' title="bbox 1845 1972 3434 2048">
    <p class='ocr_par' dir='ltr' id='par_1_48' title="bbox 1845 1972 3434 2048">
     <span class='ocr_line' id='line_1_48' title="bbox 1845 1972 3434 2048; baseline 0.009 -27"><span class='ocrx_word' id='word_1_293' title='bbox 1845 1972 2094 2026; x_wconf 86' lang='lat' dir='ltr'><strong>diaconis</strong></span> <span class='ocrx_word' id='word_1_294' title='bbox 2158 1981 2211 2027; x_wconf 89' lang='lat' dir='ltr'><strong>et</strong></span> <span class='ocrx_word' id='word_1_295' title='bbox 2278 1974 2632 2030; x_wconf 88' lang='lat' dir='ltr'><strong>subdiaconis</strong></span> <span class='ocrx_word' id='word_1_296' title='bbox 2684 1978 2815 2029; x_wconf 80' lang='lat' dir='ltr'><strong>nihil</strong></span> <span class='ocrx_word' id='word_1_297' title='bbox 2886 1980 3249 2048; x_wconf 70' lang='lat' dir='ltr'><strong>pricbi-iitilnis</strong></span> <span class='ocrx_word' id='word_1_298' title='bbox 3306 2002 3317 2035; x_wconf 93' lang='lat'>:</span> <span class='ocrx_word' id='word_1_299' title='bbox 3380 1994 3434 2036; x_wconf 89' lang='lat' dir='ltr'><strong>et</strong></span> 
     </span>
    </p>
   </div>
   <div class='ocr_carea' id='block_1_49' title="bbox 1847 2066 3431 2139">
    <p class='ocr_par' dir='ltr' id='par_1_49' title="bbox 1847 2066 3431 2139">
     <span class='ocr_line' id='line_1_49' title="bbox 1847 2066 3431 2139; baseline 0.007 -22"><span class='ocrx_word' id='word_1_300' title='bbox 1847 2080 1875 2117; x_wconf 87' lang='lat' dir='ltr'><strong>a</strong></span> <span class='ocrx_word' id='word_1_301' title='bbox 1914 2066 2157 2134; x_wconf 85' lang='lat' dir='ltr'><strong>quolibet</strong></span> <span class='ocrx_word' id='word_1_302' title='bbox 2214 2081 2430 2131; x_wconf 87' lang='lat' dir='ltr'><strong>eorum,</strong></span> <span class='ocrx_word' id='word_1_303' title='bbox 2476 2069 2567 2137; x_wconf 90' lang='lat' dir='ltr'><strong>qui</strong></span> <span class='ocrx_word' id='word_1_304' title='bbox 2631 2070 2979 2133; x_wconf 84' lang='lat' dir='ltr'><strong>ordinantur,</strong></span> <span class='ocrx_word' id='word_1_305' title='bbox 3026 2074 3071 2127; x_wconf 92' lang='lat' dir='ltr'><strong>si</strong></span> <span class='ocrx_word' id='word_1_306' title='bbox 3128 2075 3298 2127; x_wconf 80' lang='lat' dir='ltr'><strong>lector</strong></span> <span class='ocrx_word' id='word_1_307' title='bbox 3336 2077 3431 2139; x_wconf 90' lang='lat' dir='ltr'><strong>sit,</strong></span> 
     </span>
    </p>
   </div>
   <div class='ocr_carea' id='block_1_50' title="bbox 1846 2163 3432 2228">
    <p class='ocr_par' dir='ltr' id='par_1_50' title="bbox 1846 2163 3432 2228">
     <span class='ocr_line' id='line_1_50' title="bbox 1846 2163 3432 2228; baseline 0.008 -17"><span class='ocrx_word' id='word_1_308' title='bbox 1846 2174 2128 2212; x_wconf 85' lang='lat' dir='ltr'><strong>numinum</strong></span> <span class='ocrx_word' id='word_1_309' title='bbox 2181 2175 2406 2213; x_wconf 87' lang='lat' dir='ltr'><strong>aureum</strong></span> <span class='ocrx_word' id='word_1_310' title='bbox 2474 2177 2637 2213; x_wconf 87' lang='lat' dir='ltr'><strong>unum</strong></span> <span class='ocrx_word' id='word_1_311' title='bbox 2676 2179 2691 2227; x_wconf 89' lang='lat'><strong>;</strong></span> <span class='ocrx_word' id='word_1_312' title='bbox 2725 2163 2769 2217; x_wconf 86' lang='lat' dir='ltr'><strong>si</strong></span> <span class='ocrx_word' id='word_1_313' title='bbox 2833 2166 3118 2228; x_wconf 80' lang='lat' dir='ltr'><strong>diaconus,</strong></span> <span class='ocrx_word' id='word_1_314' title='bbox 3178 2184 3432 2223; x_wconf 84' lang='lat' dir='ltr'><strong>nummos</strong></span> 
     </span>
    </p>
   </div>
   <div class='ocr_carea' id='block_1_51' title="bbox 1848 2250 3434 2323">
    <p class='ocr_par' dir='ltr' id='par_1_51' title="bbox 1848 2250 3434 2323">
     <span class='ocr_line' id='line_1_51' title="bbox 1848 2250 3434 2323; baseline 0.006 -19"><span class='ocrx_word' id='word_1_315' title='bbox 1848 2259 1958 2304; x_wconf 91' lang='lat' dir='ltr'><strong>tres</strong></span> <span class='ocrx_word' id='word_1_316' title='bbox 1994 2250 2201 2305; x_wconf 86' lang='lat' dir='ltr'><strong>similes</strong></span> <span class='ocrx_word' id='word_1_317' title='bbox 2232 2268 2246 2313; x_wconf 87' lang='lat'><strong>;</strong></span> <span class='ocrx_word' id='word_1_318' title='bbox 2272 2252 2316 2305; x_wconf 88' lang='lat' dir='ltr'><strong>si</strong></span> <span class='ocrx_word' id='word_1_319' title='bbox 2356 2254 2662 2323; x_wconf 70' lang='lat' dir='ltr'><strong>presbyter,</strong></span> <span class='ocrx_word' id='word_1_320' title='bbox 2694 2255 2833 2309; x_wconf 84' lang='lat' dir='ltr'><strong>alios</strong></span> <span class='ocrx_word' id='word_1_321' title='bbox 2869 2267 2981 2310; x_wconf 86' lang='lat' dir='ltr'><strong>tres</strong></span> <span class='ocrx_word' id='word_1_322' title='bbox 3006 2274 3257 2313; x_wconf 83' lang='lat' dir='ltr'><strong>nummos</strong></span> <span class='ocrx_word' id='word_1_323' title='bbox 3303 2276 3434 2313; x_wconf 86' lang='lat' dir='ltr'><strong>eon-</strong></span> 
     </span>
    </p>
   </div>
   <div class='ocr_carea' id='block_1_52' title="bbox 1846 2345 3434 2415">
    <p class='ocr_par' dir='ltr' id='par_1_52' title="bbox 1846 2345 3434 2415">
     <span class='ocr_line' id='line_1_52' title="bbox 1846 2345 3434 2415; baseline 0.003 -16"><span class='ocrx_word' id='word_1_324' title='bbox 1846 2345 2057 2399; x_wconf 79' lang='lat' dir='ltr'><strong>similcs</strong></span> <span class='ocrx_word' id='word_1_325' title='bbox 2085 2346 2403 2409; x_wconf 85' lang='lat' dir='ltr'><strong>sumendos,</strong></span> <span class='ocrx_word' id='word_1_326' title='bbox 2439 2348 2680 2400; x_wconf 63' lang='lat' dir='ltr'><strong>alimenti</strong></span> <span class='ocrx_word' id='word_1_327' title='bbox 2717 2349 2958 2415; x_wconf 89' lang='lat' dir='ltr'><strong>nomine,</strong></span> <span class='ocrx_word' id='word_1_328' title='bbox 3008 2350 3252 2406; x_wconf 79' lang='lat' dir='ltr'><strong>decernit</strong></span> <span class='ocrx_word' id='word_1_329' title='bbox 3298 2354 3434 2405; x_wconf 78' lang='lat' dir='ltr'><strong>abeo</strong></span> 
     </span>
    </p>
   </div>
   <div class='ocr_carea' id='block_1_53' title="bbox 1847 2439 3431 2510">
    <p class='ocr_par' dir='ltr' id='par_1_53' title="bbox 1847 2439 3431 2510">
     <span class='ocr_line' id='line_1_53' title="bbox 1847 2439 3431 2510; baseline 0.003 -18"><span class='ocrx_word' id='word_1_330' title='bbox 1847 2439 1937 2507; x_wconf 85' lang='lat' dir='ltr'><strong>qui</strong></span> <span class='ocrx_word' id='word_1_331' title='bbox 1971 2439 2190 2492; x_wconf 85' lang='lat' dir='ltr'><strong>ordinat</strong></span> <span class='ocrx_word' id='word_1_332' title='bbox 2219 2457 2231 2492; x_wconf 94' lang='lat'>:</span> <span class='ocrx_word' id='word_1_333' title='bbox 2264 2440 2712 2508; x_wconf 82' lang='lat' dir='ltr'><strong>quandoquidem</strong></span> <span class='ocrx_word' id='word_1_334' title='bbox 2751 2444 2795 2495; x_wconf 84' lang='lat' dir='ltr'><strong>si</strong></span> <span class='ocrx_word' id='word_1_335' title='bbox 2832 2444 3070 2497; x_wconf 76' lang='lat' dir='ltr'><strong>maxime</strong></span> <span class='ocrx_word' id='word_1_336' title='bbox 3101 2449 3431 2510; x_wconf 84' lang='lat' dir='ltr'><strong>iiicrccdcni,</strong></span> 
     </span>
    </p>
   </div>
   <div class='ocr_carea' id='block_1_54' title="bbox 1846 2532 3429 2605">
    <p class='ocr_par' dir='ltr' id='par_1_54' title="bbox 1846 2532 3429 2605">
     <span class='ocr_line' id='line_1_54' title="bbox 1846 2532 3429 2605; baseline 0.003 -20"><span class='ocrx_word' id='word_1_337' title='bbox 1846 2547 1954 2585; x_wconf 90' lang='lat' dir='ltr'><strong>non</strong></span> <span class='ocrx_word' id='word_1_338' title='bbox 1980 2542 2157 2585; x_wconf 86' lang='lat' dir='ltr'><strong>tamen</strong></span> <span class='ocrx_word' id='word_1_339' title='bbox 2180 2540 2229 2585; x_wconf 90' lang='lat' dir='ltr'><strong>et</strong></span> <span class='ocrx_word' id='word_1_340' title='bbox 2261 2532 2475 2585; x_wconf 82' lang='lat' dir='ltr'><strong>vivendi</strong></span> <span class='ocrx_word' id='word_1_341' title='bbox 2504 2542 2753 2603; x_wconf 85' lang='lat' dir='ltr'><strong>sumptus</strong></span> <span class='ocrx_word' id='word_1_342' title='bbox 2780 2537 3020 2590; x_wconf 75' lang='lat' dir='ltr'><strong>excludit</strong></span> <span class='ocrx_word' id='word_1_343' title='bbox 3053 2536 3429 2605; x_wconf 70' lang='lat' dir='ltr'><strong>Evangelium.</strong></span> 
     </span>
    </p>
   </div>
   <div class='ocr_carea' id='block_1_55' title="bbox 1844 2624 3430 2701">
    <p class='ocr_par' dir='ltr' id='par_1_55' title="bbox 1844 2624 3430 2701">
     <span class='ocr_line' id='line_1_55' title="bbox 1844 2624 3430 2701; baseline 0.006 -25"><span class='ocrx_word' id='word_1_344' title='bbox 1844 2625 2035 2678; x_wconf 73' lang='lat' dir='ltr'><strong>Aurea:</strong></span> <span class='ocrx_word' id='word_1_345' title='bbox 2061 2640 2187 2678; x_wconf 87' lang='lat' dir='ltr'><strong>vero</strong></span> <span class='ocrx_word' id='word_1_346' title='bbox 2240 2624 2400 2677; x_wconf 78' lang='lat' dir='ltr'><strong>bullae</strong></span> <span class='ocrx_word' id='word_1_347' title='bbox 2455 2626 2558 2694; x_wconf 92' lang='lat' dir='ltr'><strong>piis</strong></span> <span class='ocrx_word' id='word_1_348' title='bbox 2593 2642 2619 2678; x_wconf 90' lang='lat' dir='ltr'><strong>a</strong></span> <span class='ocrx_word' id='word_1_349' title='bbox 2656 2629 2995 2696; x_wconf 85' lang='lat' dir='ltr'><strong>principibus</strong></span> <span class='ocrx_word' id='word_1_350' title='bbox 3055 2632 3430 2701; x_wconf 68' lang='lat' dir='ltr'><strong>proniulgatm,</strong></span> 
     </span>
    </p>
   </div>
   <div class='ocr_carea' id='block_1_56' title="bbox 1849 2717 3432 2791">
    <p class='ocr_par' dir='ltr' id='par_1_56' title="bbox 1849 2717 3432 2791">
     <span class='ocr_line' id='line_1_56' title="bbox 1849 2717 3432 2791; baseline 0.006 -22"><span class='ocrx_word' id='word_1_351' title='bbox 1849 2726 1963 2770; x_wconf 91' lang='lat' dir='ltr'><strong>tum</strong></span> <span class='ocrx_word' id='word_1_352' title='bbox 1998 2717 2357 2787; x_wconf 85' lang='lat' dir='ltr'><strong>appendicem</strong></span> <span class='ocrx_word' id='word_1_353' title='bbox 2406 2720 2699 2787; x_wconf 87' lang='lat' dir='ltr'><strong>quamdam</strong></span> <span class='ocrx_word' id='word_1_354' title='bbox 2740 2721 2997 2775; x_wconf 71' lang='lat' dir='ltr'><strong>invenere</strong></span> <span class='ocrx_word' id='word_1_355' title='bbox 3053 2724 3316 2791; x_wconf 77' lang='lat' dir='ltr'><strong>dcittrcps</strong></span> <span class='ocrx_word' id='word_1_356' title='bbox 3367 2727 3432 2779; x_wconf 87' lang='lat' dir='ltr'><strong>ad</strong></span> 
     </span>
    </p>
   </div>
   <div class='ocr_carea' id='block_1_57' title="bbox 1847 2808 3434 2877">
    <p class='ocr_par' dir='ltr' id='par_1_57' title="bbox 1847 2808 3434 2877">
     <span class='ocr_line' id='line_1_57' title="bbox 1847 2808 3434 2877; baseline 0.006 -17"><span class='ocrx_word' id='word_1_357' title='bbox 1847 2822 1932 2866; x_wconf 85' lang='lat' dir='ltr'><strong>ca.</strong></span> <span class='ocrx_word' id='word_1_358' title='bbox 1960 2824 2080 2876; x_wconf 69' lang='lat' dir='ltr'><strong>qua:</strong></span> <span class='ocrx_word' id='word_1_359' title='bbox 2117 2809 2184 2862; x_wconf 91' lang='lat' dir='ltr'><strong>ab</strong></span> <span class='ocrx_word' id='word_1_360' title='bbox 2214 2808 2536 2863; x_wconf 86' lang='lat' dir='ltr'><strong>ordinaiidis</strong></span> <span class='ocrx_word' id='word_1_361' title='bbox 2570 2819 2896 2877; x_wconf 76' lang='lat' dir='ltr'><strong>prazstantur</strong></span> <span class='ocrx_word' id='word_1_362' title='bbox 2926 2829 2939 2870; x_wconf 86' lang='lat'><strong>;</strong></span> <span class='ocrx_word' id='word_1_363' title='bbox 2975 2822 3088 2865; x_wconf 89' lang='lat' dir='ltr'><strong>tum</strong></span> <span class='ocrx_word' id='word_1_364' title='bbox 3147 2815 3363 2869; x_wconf 63' lang='lat' dir='ltr'><strong>dt-bitas</strong></span> <span class='ocrx_word' id='word_1_365' title='bbox 3406 2833 3434 2870; x_wconf 86' lang='lat' dir='ltr'><strong>a</strong></span> 
     </span>
    </p>
   </div>
   <div class='ocr_carea' id='block_1_58' title="bbox 1851 2900 3435 2969">
    <p class='ocr_par' dir='ltr' id='par_1_58' title="bbox 1851 2900 3435 2969">
     <span class='ocr_line' id='line_1_58' title="bbox 1851 2900 3435 2969; baseline 0.004 -16"><span class='ocrx_word' id='word_1_366' title='bbox 1851 2900 2006 2953; x_wconf 89' lang='lat' dir='ltr'><strong>laicis</strong></span> <span class='ocrx_word' id='word_1_367' title='bbox 2041 2901 2335 2969; x_wconf 76' lang='lat' dir='ltr'><strong>primitias,</strong></span> <span class='ocrx_word' id='word_1_368' title='bbox 2366 2903 2621 2955; x_wconf 88' lang='lat' dir='ltr'><strong>canonici</strong></span> <span class='ocrx_word' id='word_1_369' title='bbox 2660 2904 2878 2957; x_wconf 81' lang='lat' dir='ltr'><strong>nomine</strong></span> <span class='ocrx_word' id='word_1_370' title='bbox 2907 2905 2972 2958; x_wconf 89' lang='lat' dir='ltr'><strong>iis</strong></span> <span class='ocrx_word' id='word_1_371' title='bbox 2996 2907 3188 2969; x_wconf 91' lang='lat' dir='ltr'><strong>indito,</strong></span> <span class='ocrx_word' id='word_1_372' title='bbox 3223 2918 3435 2961; x_wconf 77' lang='lat' dir='ltr'><strong>statue-</strong></span> 
     </span>
    </p>
   </div>
   <div class='ocr_carea' id='block_1_59' title="bbox 1848 2992 3436 3065">
    <p class='ocr_par' dir='ltr' id='par_1_59' title="bbox 1848 2992 3436 3065">
     <span class='ocr_line' id='line_1_59' title="bbox 1848 2992 3436 3065; baseline 0.004 -20"><span class='ocrx_word' id='word_1_373' title='bbox 1848 3002 1973 3047; x_wconf 90' lang='lat' dir='ltr'><strong>runt</strong></span> <span class='ocrx_word' id='word_1_374' title='bbox 2009 2992 2076 3045; x_wconf 92' lang='lat' dir='ltr'><strong>ab</strong></span> <span class='ocrx_word' id='word_1_375' title='bbox 2105 3007 2294 3046; x_wconf 89' lang='lat' dir='ltr'><strong>eorum</strong></span> <span class='ocrx_word' id='word_1_376' title='bbox 2336 2993 2577 3062; x_wconf 86' lang='lat' dir='ltr'><strong>quolibet</strong></span> <span class='ocrx_word' id='word_1_377' title='bbox 2612 2995 2931 3064; x_wconf 63' lang='lat' dir='ltr'><strong>exigendas,</strong></span> <span class='ocrx_word' id='word_1_378' title='bbox 2986 3012 3084 3065; x_wconf 90' lang='lat' dir='ltr'><strong>pro</strong></span> <span class='ocrx_word' id='word_1_379' title='bbox 3141 2998 3305 3051; x_wconf 88' lang='lat' dir='ltr'><strong>modo</strong></span> <span class='ocrx_word' id='word_1_380' title='bbox 3357 3000 3436 3052; x_wconf 84' lang='lat' dir='ltr'><strong>la-</strong></span> 
     </span>
    </p>
   </div>
   <div class='ocr_carea' id='block_1_60' title="bbox 1848 3084 3435 3153">
    <p class='ocr_par' dir='ltr' id='par_1_60' title="bbox 1848 3084 3435 3153">
     <span class='ocr_line' id='line_1_60' title="bbox 1848 3084 3435 3153; baseline 0.005 -14"><span class='ocrx_word' id='word_1_381' title='bbox 1848 3084 2112 3139; x_wconf 89' lang='lat' dir='ltr'><strong>cultatum</strong></span> <span class='ocrx_word' id='word_1_382' title='bbox 2181 3084 2321 3153; x_wconf 85' lang='lat' dir='ltr'><strong>ejus,</strong></span> <span class='ocrx_word' id='word_1_383' title='bbox 2386 3099 2450 3139; x_wconf 86' lang='lat' dir='ltr'><strong>ac</strong></span> <span class='ocrx_word' id='word_1_384' title='bbox 2502 3085 2976 3141; x_wconf 56' lang='lat' dir='ltr'><strong>rei‘ei&#39;endissiniis</strong></span> <span class='ocrx_word' id='word_1_385' title='bbox 3056 3088 3435 3148; x_wconf 79' lang='lat' dir='ltr'><strong>sacerdotibus</strong></span> 
     </span>
    </p>
   </div>
   <div class='ocr_carea' id='block_1_61' title="bbox 158 3175 1744 3264">
    <p class='ocr_par' dir='ltr' id='par_1_61' title="bbox 158 3182 1744 3255">
     <span class='ocr_line' id='line_1_61' title="bbox 158 3182 1744 3255; baseline 0.001 -20"><span class='ocrx_word' id='word_1_386' title='bbox 158 3182 564 3251; x_wconf 75' lang='grc' dir='ltr'>παραστάντες,</span> <span class='ocrx_word' id='word_1_387' title='bbox 602 3183 698 3236; x_wconf 72' lang='grc' dir='ltr'><strong>καὶ</strong></span> <span class='ocrx_word' id='word_1_388' title='bbox 718 3184 787 3237; x_wconf 73' lang='grc' dir='ltr'>τὰ</span> <span class='ocrx_word' id='word_1_389' title='bbox 816 3184 1069 3254; x_wconf 74' lang='grc' dir='ltr'>βασιλικὰ</span> <span class='ocrx_word' id='word_1_390' title='bbox 1098 3185 1447 3255; x_wconf 79' lang='grc' dir='ltr'>διατάγματα</span> <span class='ocrx_word' id='word_1_391' title='bbox 1471 3187 1549 3249; x_wconf 90' lang='grc' dir='ltr'><strong>εἰς</strong></span> <span class='ocrx_word' id='word_1_392' title='bbox 1579 3185 1744 3251; x_wconf 85' lang='grc' dir='ltr'>μέσον</span> 
     </span>
    </p>
   </div>
   <div class='ocr_carea' id='block_1_62' title="bbox 1852 3175 3438 3264">
    <p class='ocr_par' dir='ltr' id='par_1_62' title="bbox 1852 3175 3438 3248">
     <span class='ocr_line' id='line_1_62' title="bbox 1852 3175 3438 3248; baseline 0.007 -20"><span class='ocrx_word' id='word_1_393' title='bbox 1852 3175 2207 3245; x_wconf 74' lang='lat' dir='ltr'><strong>prmstandas.</strong></span> <span class='ocrx_word' id='word_1_394' title='bbox 2237 3175 2340 3231; x_wconf 88' lang='lat' dir='ltr'><strong>Sed</strong></span> <span class='ocrx_word' id='word_1_395' title='bbox 2374 3191 2497 3231; x_wconf 93' lang='lat' dir='ltr'><strong>cum</strong></span> <span class='ocrx_word' id='word_1_396' title='bbox 2526 3177 2579 3229; x_wconf 92' lang='lat' dir='ltr'><strong>in</strong></span> <span class='ocrx_word' id='word_1_397' title='bbox 2623 3179 2834 3247; x_wconf 82' lang='lat' dir='ltr'><strong>synodo</strong></span> <span class='ocrx_word' id='word_1_398' title='bbox 2892 3178 2944 3231; x_wconf 83' lang='lat' dir='ltr'><strong>lii</strong></span> <span class='ocrx_word' id='word_1_399' title='bbox 3004 3184 3438 3248; x_wconf 76' lang='lat' dir='ltr'><strong>coiuparuissent</strong></span> 
     </span>
    </p>
   </div>
   <div class='ocr_carea' id='block_1_63' title="bbox 160 3278 1746 3349">
    <p class='ocr_par' dir='ltr' id='par_1_63' title="bbox 160 3278 1746 3349">
     <span class='ocr_line' id='line_1_63' title="bbox 160 3278 1746 3349; baseline 0.001 -19"><span class='ocrx_word' id='word_1_400' title='bbox 160 3279 512 3347; x_wconf 75' lang='grc' dir='ltr'>προθέμενοι.</span> <span class='ocrx_word' id='word_1_401' title='bbox 546 3280 640 3331; x_wconf 67' lang='grc' dir='ltr'><strong>καὶ</strong></span> <span class='ocrx_word' id='word_1_402' title='bbox 666 3280 793 3342; x_wconf 68' lang='grc' dir='ltr'>τοὺς</span> <span class='ocrx_word' id='word_1_403' title='bbox 827 3280 1224 3349; x_wconf 65' lang='grc' dir='ltr'>παλαιοτέρους</span> <span class='ocrx_word' id='word_1_404' title='bbox 1288 3278 1603 3341; x_wconf 73' lang='grc' dir='ltr'>συνοδικοὺς</span> <span class='ocrx_word' id='word_1_405' title='bbox 1631 3280 1746 3347; x_wconf 80' lang='grc' dir='ltr'>ὀρι-</span> 
     </span>
    </p>
   </div>
   <div class='ocr_carea' id='block_1_64' title="bbox 160 3370 1743 3442">
    <p class='ocr_par' dir='ltr' id='par_1_64' title="bbox 160 3370 1743 3442">
     <span class='ocr_line' id='line_1_64' title="bbox 160 3370 1743 3442; baseline -0.001 -19"><span class='ocrx_word' id='word_1_406' title='bbox 160 3371 331 3438; x_wconf 73' lang='grc' dir='ltr'><strong>σμοῦς</strong></span> <span class='ocrx_word' id='word_1_407' title='bbox 362 3371 784 3440; x_wconf 71' lang='grc' dir='ltr'>ἀναγνωσθῆναι</span> <span class='ocrx_word' id='word_1_408' title='bbox 815 3370 952 3442; x_wconf 68' lang='grc' dir='ltr'>πρὸς</span> <span class='ocrx_word' id='word_1_409' title='bbox 981 3372 1194 3433; x_wconf 81' lang='grc' dir='ltr'>τούτοις</span> <span class='ocrx_word' id='word_1_410' title='bbox 1230 3370 1743 3433; x_wconf 84' lang='grc' dir='ltr'>καθικετεύσαντες,</span> 
     </span>
    </p>
   </div>
   <div class='ocr_carea' id='block_1_65' title="bbox 157 3462 1746 3535">
    <p class='ocr_par' dir='ltr' id='par_1_65' title="bbox 157 3462 1746 3535">
     <span class='ocr_line' id='line_1_65' title="bbox 157 3462 1746 3535; baseline -0.001 -17"><span class='ocrx_word' id='word_1_411' title='bbox 157 3464 441 3533; x_wconf 69' lang='grc' dir='ltr'>ἐφάνησαν</span> <span class='ocrx_word' id='word_1_412' title='bbox 474 3463 598 3535; x_wconf 83' lang='grc' dir='ltr'>μηδ’</span> <span class='ocrx_word' id='word_1_413' title='bbox 632 3464 811 3517; x_wconf 78' lang='grc' dir='ltr'>ὁτιοῦν</span> <span class='ocrx_word' id='word_1_414' title='bbox 828 3463 1080 3518; x_wconf 70' lang='grc' dir='ltr'>ἐντεῦθεν</span> <span class='ocrx_word' id='word_1_415' title='bbox 1109 3466 1199 3517; x_wconf 70' lang='grc' dir='ltr'>ὲπὶ</span> <span class='ocrx_word' id='word_1_416' title='bbox 1215 3468 1281 3534; x_wconf 81' lang='grc' dir='ltr'>τῇ</span> <span class='ocrx_word' id='word_1_417' title='bbox 1304 3464 1411 3517; x_wconf 81' lang='grc' dir='ltr'>τῶν</span> <span class='ocrx_word' id='word_1_418' title='bbox 1443 3462 1746 3518; x_wconf 85' lang='grc' dir='ltr'>κανονικῶν</span> 
     </span>
    </p>
   </div>
   <div class='ocr_carea' id='block_1_66' title="bbox 157 3553 1745 3625">
    <p class='ocr_par' dir='ltr' id='par_1_66' title="bbox 157 3553 1745 3625">
     <span class='ocr_line' id='line_1_66' title="bbox 157 3553 1745 3625; baseline -0.003 -16"><span class='ocrx_word' id='word_1_419' title='bbox 157 3554 445 3623; x_wconf 78' lang='grc' dir='ltr'>εἰσπράξει</span> <span class='ocrx_word' id='word_1_420' title='bbox 475 3555 760 3625; x_wconf 76' lang='grc' dir='ltr'>πρόκριμα</span> <span class='ocrx_word' id='word_1_421' title='bbox 776 3554 1156 3623; x_wconf 72' lang='grc' dir='ltr'>ὑφιστάμενοι.</span> <span class='ocrx_word' id='word_1_422' title='bbox 1191 3554 1316 3607; x_wconf 78' lang='grc' dir='ltr'>Ὀτι</span> <span class='ocrx_word' id='word_1_423' title='bbox 1348 3556 1413 3607; x_wconf 70' lang='grc' dir='ltr'>τὰ</span> <span class='ocrx_word' id='word_1_424' title='bbox 1453 3553 1552 3621; x_wconf 78' lang='grc' dir='ltr'>μὲν</span> <span class='ocrx_word' id='word_1_425' title='bbox 1588 3569 1745 3606; x_wconf 88' lang='grc' dir='ltr'>συνο-</span> 
     </span>
    </p>
   </div>
   <div class='ocr_carea' id='block_1_67' title="bbox 157 3640 1746 3716">
    <p class='ocr_par' dir='ltr' id='par_1_67' title="bbox 157 3640 1746 3716">
     <span class='ocr_line' id='line_1_67' title="bbox 157 3640 1746 3716; baseline -0.004 -15"><span class='ocrx_word' id='word_1_426' title='bbox 157 3647 278 3701; x_wconf 76' lang='grc' dir='ltr'><strong>δικά</strong></span> <span class='ocrx_word' id='word_1_427' title='bbox 320 3646 423 3716; x_wconf 85' lang='grc' dir='ltr'><strong>τὴν</strong></span> <span class='ocrx_word' id='word_1_428' title='bbox 458 3649 523 3701; x_wconf 85' lang='grc' dir='ltr'>ὲκ</span> <span class='ocrx_word' id='word_1_429' title='bbox 560 3647 671 3701; x_wconf 82' lang='grc' dir='ltr'><strong>τῶν</strong></span> <span class='ocrx_word' id='word_1_430' title='bbox 719 3646 926 3699; x_wconf 83' lang='grc' dir='ltr'><strong>λαῖκῶν</strong></span> <span class='ocrx_word' id='word_1_431' title='bbox 965 3644 1060 3699; x_wconf 85' lang='grc' dir='ltr'><strong>τοῦ</strong></span> <span class='ocrx_word' id='word_1_432' title='bbox 1118 3643 1406 3699; x_wconf 88' lang='grc' dir='ltr'>κανονικοῦ</span> <span class='ocrx_word' id='word_1_433' title='bbox 1457 3640 1746 3714; x_wconf 77' lang='grc' dir='ltr'>εἴσπραξιν</span> 
     </span>
    </p>
   </div>
   <div class='ocr_carea' id='block_1_68' title="bbox 158 3734 1748 3809">
    <p class='ocr_par' dir='ltr' id='par_1_68' title="bbox 158 3734 1748 3809">
     <span class='ocr_line' id='line_1_68' title="bbox 158 3734 1748 3809; baseline -0.003 -18"><span class='ocrx_word' id='word_1_434' title='bbox 158 3739 496 3809; x_wconf 75' lang='grc' dir='ltr'>ἀπείργοντα</span> <span class='ocrx_word' id='word_1_435' title='bbox 528 3741 799 3806; x_wconf 82' lang='grc' dir='ltr'>φαίνεται.</span> <span class='ocrx_word' id='word_1_436' title='bbox 833 3738 902 3791; x_wconf 84' lang='grc' dir='ltr'>δι’</span> <span class='ocrx_word' id='word_1_437' title='bbox 937 3738 964 3790; x_wconf 84' lang='grc' dir='ltr'>ὃ</span> <span class='ocrx_word' id='word_1_438' title='bbox 988 3737 1109 3792; x_wconf 77' lang='grc' dir='ltr'>οὐδὲ</span> <span class='ocrx_word' id='word_1_439' title='bbox 1144 3738 1366 3807; x_wconf 72' lang='grc' dir='ltr'>μνήμην</span> <span class='ocrx_word' id='word_1_440' title='bbox 1386 3738 1507 3790; x_wconf 80' lang='grc' dir='ltr'>τινὰ</span> <span class='ocrx_word' id='word_1_441' title='bbox 1541 3734 1748 3789; x_wconf 89' lang='grc' dir='ltr'>τούτων</span> 
     </span>
    </p>
   </div>
   <div class='ocr_carea' id='block_1_69' title="bbox 157 3828 1746 3901">
    <p class='ocr_par' dir='ltr' id='par_1_69' title="bbox 157 3828 1746 3901">
     <span class='ocr_line' id='line_1_69' title="bbox 157 3828 1746 3901; baseline -0.002 -18"><span class='ocrx_word' id='word_1_442' title='bbox 157 3831 231 3893; x_wconf 80' lang='grc' dir='ltr'>ὡς</span> <span class='ocrx_word' id='word_1_443' title='bbox 267 3831 792 3901; x_wconf 74' lang='grc' dir='ltr'>ἀπαγορευομένων,</span> <span class='ocrx_word' id='word_1_444' title='bbox 833 3832 890 3884; x_wconf 77' lang='grc' dir='ltr'>ὲν</span> <span class='ocrx_word' id='word_1_445' title='bbox 922 3832 1166 3900; x_wconf 77' lang='grc' dir='ltr'>Γραφαῖς</span> <span class='ocrx_word' id='word_1_446' title='bbox 1192 3829 1419 3882; x_wconf 80' lang='grc' dir='ltr'>τίθεται.</span> <span class='ocrx_word' id='word_1_447' title='bbox 1478 3828 1561 3882; x_wconf 82' lang='grc' dir='ltr'>Τὰ</span> <span class='ocrx_word' id='word_1_448' title='bbox 1589 3829 1645 3881; x_wconf 85' lang='grc' dir='ltr'>δὲ</span> <span class='ocrx_word' id='word_1_449' title='bbox 1673 3828 1746 3896; x_wconf 86' lang='grc' dir='ltr'><strong>μὴ</strong></span> 
     </span>
    </p>
   </div>
   <div class='ocr_carea' id='block_1_70' title="bbox 159 3920 1747 3988">
    <p class='ocr_par' dir='ltr' id='par_1_70' title="bbox 159 3920 1747 3988">
     <span class='ocr_line' id='line_1_70' title="bbox 159 3920 1747 3988; baseline -0.001 -14"><span class='ocrx_word' id='word_1_450' title='bbox 159 3924 401 3976; x_wconf 57' lang='grc' dir='ltr'>κώλυσιν</span> <span class='ocrx_word' id='word_1_451' title='bbox 443 3920 661 3974; x_wconf 80' lang='grc' dir='ltr'>ὁθενοῦν</span> <span class='ocrx_word' id='word_1_452' title='bbox 704 3920 998 3988; x_wconf 83' lang='grc' dir='ltr'>δεξάμενα,</span> <span class='ocrx_word' id='word_1_453' title='bbox 1054 3921 1170 3982; x_wconf 83' lang='grc' dir='ltr'><strong>πῶς</strong></span> <span class='ocrx_word' id='word_1_454' title='bbox 1209 3920 1564 3986; x_wconf 72' lang='grc' dir='ltr'>ἐναντιότητα</span> <span class='ocrx_word' id='word_1_455' title='bbox 1623 3934 1747 3973; x_wconf 84' lang='grc' dir='ltr'>τινα</span> 
     </span>
    </p>
   </div>
   <div class='ocr_carea' id='block_1_71' title="bbox 160 4010 1746 4082">
    <p class='ocr_par' dir='ltr' id='par_1_71' title="bbox 160 4010 1746 4082">
     <span class='ocr_line' id='line_1_71' title="bbox 160 4010 1746 4082; baseline -0.001 -16"><span class='ocrx_word' id='word_1_456' title='bbox 160 4014 369 4077; x_wconf 77' lang='grc' dir='ltr'>εἰσάξει</span> <span class='ocrx_word' id='word_1_457' title='bbox 406 4013 675 4081; x_wconf 85' lang='grc' dir='ltr'>γινόμενα</span> <span class='ocrx_word' id='word_1_458' title='bbox 710 4030 724 4075; x_wconf 89' lang='lat'><strong>;</strong></span> <span class='ocrx_word' id='word_1_459' title='bbox 768 4015 830 4065; x_wconf 91' lang='grc' dir='ltr'><strong>Οἱ</strong></span> <span class='ocrx_word' id='word_1_460' title='bbox 850 4012 909 4065; x_wconf 88' lang='grc' dir='ltr'><strong>δέ</strong></span> <span class='ocrx_word' id='word_1_461' title='bbox 938 4030 1001 4078; x_wconf 78' lang='grc' dir='ltr'><strong>γε</strong></span> <span class='ocrx_word' id='word_1_462' title='bbox 1035 4011 1304 4066; x_wconf 86' lang='grc' dir='ltr'>θειότατοι</span> <span class='ocrx_word' id='word_1_463' title='bbox 1337 4011 1577 4082; x_wconf 75' lang='grc' dir='ltr'>βασιλεῖς</span> <span class='ocrx_word' id='word_1_464' title='bbox 1608 4010 1746 4080; x_wconf 81' lang='grc' dir='ltr'>πρὸς</span> 
     </span>
    </p>
   </div>
   <div class='ocr_carea' id='block_1_72' title="bbox 160 4099 1746 4171">
    <p class='ocr_par' dir='ltr' id='par_1_72' title="bbox 160 4099 1746 4171">
     <span class='ocr_line' id='line_1_72' title="bbox 160 4099 1746 4171; baseline -0.003 -16"><span class='ocrx_word' id='word_1_465' title='bbox 160 4104 250 4155; x_wconf 68' lang='grc' dir='ltr'><strong>τὸν</strong></span> <span class='ocrx_word' id='word_1_466' title='bbox 283 4102 482 4171; x_wconf 74' lang='grc' dir='ltr'>καιρὸν</span> <span class='ocrx_word' id='word_1_467' title='bbox 532 4100 630 4170; x_wconf 80' lang='grc' dir='ltr'><strong>(ὡς</strong></span> <span class='ocrx_word' id='word_1_468' title='bbox 659 4099 858 4171; x_wconf 84' lang='grc' dir='ltr'>εοικεν)</span> <span class='ocrx_word' id='word_1_469' title='bbox 890 4100 1326 4168; x_wconf 74' lang='grc' dir='ltr'>ἀποϐλέψαντες,</span> <span class='ocrx_word' id='word_1_470' title='bbox 1372 4101 1467 4154; x_wconf 69' lang='grc' dir='ltr'>καὶ</span> <span class='ocrx_word' id='word_1_471' title='bbox 1497 4102 1563 4169; x_wconf 76' lang='grc' dir='ltr'>τῇ</span> <span class='ocrx_word' id='word_1_472' title='bbox 1606 4099 1746 4169; x_wconf 78' lang='grc' dir='ltr'>πρὸς</span> 
     </span>
    </p>
   </div>
   <div class='ocr_carea' id='block_1_73' title="bbox 159 4191 1748 4264">
    <p class='ocr_par' dir='ltr' id='par_1_73' title="bbox 159 4191 1748 4264">
     <span class='ocr_line' id='line_1_73' title="bbox 159 4191 1748 4264; baseline -0.003 -17"><span class='ocrx_word' id='word_1_473' title='bbox 159 4197 288 4256; x_wconf 74' lang='grc' dir='ltr'>τοὺς</span> <span class='ocrx_word' id='word_1_474' title='bbox 320 4195 597 4264; x_wconf 78' lang='grc' dir='ltr'>ἀρχιερεῖς</span> <span class='ocrx_word' id='word_1_475' title='bbox 635 4196 793 4261; x_wconf 83' lang='grc' dir='ltr'>τιμῇ,</span> <span class='ocrx_word' id='word_1_476' title='bbox 830 4191 921 4247; x_wconf 74' lang='grc' dir='ltr'>διὰ</span> <span class='ocrx_word' id='word_1_477' title='bbox 973 4193 1071 4260; x_wconf 86' lang='grc' dir='ltr'>τῆς</span> <span class='ocrx_word' id='word_1_478' title='bbox 1103 4193 1213 4245; x_wconf 86' lang='grc' dir='ltr'>τῶν</span> <span class='ocrx_word' id='word_1_479' title='bbox 1254 4192 1604 4260; x_wconf 83' lang='grc' dir='ltr'>πραγμάτων</span> <span class='ocrx_word' id='word_1_480' title='bbox 1635 4192 1748 4244; x_wconf 85' lang='grc' dir='ltr'>εἰσ-</span> 
     </span>
    </p>
   </div>
   <div class='ocr_carea' id='block_1_74' title="bbox 163 4283 1745 4357">
    <p class='ocr_par' dir='ltr' id='par_1_74' title="bbox 163 4283 1745 4357">
     <span class='ocr_line' id='line_1_74' title="bbox 163 4283 1745 4357; baseline -0.004 -16"><span class='ocrx_word' id='word_1_481' title='bbox 163 4290 333 4357; x_wconf 77' lang='grc' dir='ltr'>φορᾶς</span> <span class='ocrx_word' id='word_1_482' title='bbox 370 4286 552 4357; x_wconf 75' lang='grc' dir='ltr'>χώραν</span> <span class='ocrx_word' id='word_1_483' title='bbox 584 4289 940 4354; x_wconf 80' lang='grc' dir='ltr'>παρέχοντες,</span> <span class='ocrx_word' id='word_1_484' title='bbox 981 4286 1075 4338; x_wconf 72' lang='grc' dir='ltr'><strong>καὶ</strong></span> <span class='ocrx_word' id='word_1_485' title='bbox 1098 4287 1223 4348; x_wconf 67' lang='grc' dir='ltr'>τοὺς</span> <span class='ocrx_word' id='word_1_486' title='bbox 1256 4283 1481 4345; x_wconf 74' lang='grc' dir='ltr'>λαῖκους</span> <span class='ocrx_word' id='word_1_487' title='bbox 1500 4286 1566 4353; x_wconf 80' lang='grc' dir='ltr'>τῇ</span> <span class='ocrx_word' id='word_1_488' title='bbox 1596 4300 1745 4348; x_wconf 85' lang='grc' dir='ltr'>παρ-</span> 
     </span>
    </p>
   </div>
   <div class='ocr_carea' id='block_1_75' title="bbox 161 4374 1744 4449">
    <p class='ocr_par' dir='ltr' id='par_1_75' title="bbox 161 4374 1744 4449">
     <span class='ocr_line' id='line_1_75' title="bbox 161 4374 1744 4449; baseline -0.006 -15"><span class='ocrx_word' id='word_1_489' title='bbox 161 4384 257 4449; x_wconf 76' lang='grc' dir='ltr'>οχῇ</span> <span class='ocrx_word' id='word_1_490' title='bbox 312 4379 521 4449; x_wconf 79' lang='grc' dir='ltr'>ταύτης</span> <span class='ocrx_word' id='word_1_491' title='bbox 567 4379 852 4431; x_wconf 78' lang='grc' dir='ltr'>ὑπέθεντο.</span> <span class='ocrx_word' id='word_1_492' title='bbox 920 4376 1113 4431; x_wconf 84' lang='grc' dir='ltr'>Ἔνθεν</span> <span class='ocrx_word' id='word_1_493' title='bbox 1142 4395 1225 4430; x_wconf 87' lang='grc' dir='ltr'><strong>τοι</strong></span> <span class='ocrx_word' id='word_1_494' title='bbox 1262 4379 1355 4430; x_wconf 71' lang='grc' dir='ltr'><strong>καὶ</strong></span> <span class='ocrx_word' id='word_1_495' title='bbox 1382 4374 1744 4438; x_wconf 80' lang='grc' dir='ltr'>δικαιότατον,</span> 
     </span>
    </p>
   </div>
   <div class='ocr_carea' id='block_1_76' title="bbox 162 4467 1747 4539">
    <p class='ocr_par' dir='ltr' id='par_1_76' title="bbox 162 4467 1747 4539">
     <span class='ocr_line' id='line_1_76' title="bbox 162 4467 1747 4539; baseline -0.003 -16"><span class='ocrx_word' id='word_1_496' title='bbox 162 4470 365 4535; x_wconf 75' lang='grc' dir='ltr'>ἔδοξεν,</span> <span class='ocrx_word' id='word_1_497' title='bbox 394 4469 786 4539; x_wconf 83' lang='grc' dir='ltr'>ἀμφοτέρωθεν</span> <span class='ocrx_word' id='word_1_498' title='bbox 811 4470 937 4533; x_wconf 77' lang='grc' dir='ltr'>τοὺς</span> <span class='ocrx_word' id='word_1_499' title='bbox 968 4469 1268 4538; x_wconf 81' lang='grc' dir='ltr'>ἀρχιερεῖς,</span> <span class='ocrx_word' id='word_1_500' title='bbox 1327 4468 1391 4521; x_wconf 76' lang='grc' dir='ltr'>ἐκ</span> <span class='ocrx_word' id='word_1_501' title='bbox 1417 4485 1476 4522; x_wconf 84' lang='grc' dir='ltr'><strong>τε</strong></span> <span class='ocrx_word' id='word_1_502' title='bbox 1530 4467 1639 4521; x_wconf 85' lang='grc' dir='ltr'><strong>τῶν</strong></span> <span class='ocrx_word' id='word_1_503' title='bbox 1675 4467 1747 4519; x_wconf 85' lang='grc' dir='ltr'><strong>ἱε-</strong></span> 
     </span>
    </p>
   </div>
   <div class='ocr_carea' id='block_1_77' title="bbox 1853 3268 3438 3343">
    <p class='ocr_par' dir='ltr' id='par_1_77' title="bbox 1853 3268 3438 3343">
     <span class='ocr_line' id='line_1_77' title="bbox 1853 3268 3438 3343; baseline 0.005 -21"><span class='ocrx_word' id='word_1_504' title='bbox 1853 3275 1907 3322; x_wconf 88' lang='lat' dir='ltr'><strong>et</strong></span> <span class='ocrx_word' id='word_1_505' title='bbox 1940 3268 2319 3336; x_wconf 87' lang='lat' dir='ltr'><strong>imperatorias</strong></span> <span class='ocrx_word' id='word_1_506' title='bbox 2357 3268 2679 3323; x_wconf 86' lang='lat' dir='ltr'><strong>sanctiones</strong></span> <span class='ocrx_word' id='word_1_507' title='bbox 2714 3270 2767 3322; x_wconf 93' lang='lat' dir='ltr'><strong>in</strong></span> <span class='ocrx_word' id='word_1_508' title='bbox 2820 3271 3061 3325; x_wconf 89' lang='lat' dir='ltr'><strong>medium</strong></span> <span class='ocrx_word' id='word_1_509' title='bbox 3120 3276 3438 3343; x_wconf 83' lang='lat' dir='ltr'><strong>proposuis-</strong></span> 
     </span>
    </p>
   </div>
   <div class='ocr_carea' id='block_1_78' title="bbox 1854 3362 3437 3435">
    <p class='ocr_par' dir='ltr' id='par_1_78' title="bbox 1854 3362 3437 3435">
     <span class='ocr_line' id='line_1_78' title="bbox 1854 3362 3437 3435; baseline 0.004 -20"><span class='ocrx_word' id='word_1_510' title='bbox 1854 3368 1996 3421; x_wconf 90' lang='lat' dir='ltr'><strong>sent,</strong></span> <span class='ocrx_word' id='word_1_511' title='bbox 2032 3367 2401 3429; x_wconf 68' lang='lat' dir='ltr'><strong>praetereaque</strong></span> <span class='ocrx_word' id='word_1_512' title='bbox 2436 3362 2738 3416; x_wconf 78' lang='lat' dir='ltr'><strong>vetustiora</strong></span> <span class='ocrx_word' id='word_1_513' title='bbox 2774 3362 2990 3417; x_wconf 87' lang='lat' dir='ltr'><strong>decreta</strong></span> <span class='ocrx_word' id='word_1_514' title='bbox 3023 3366 3303 3435; x_wconf 86' lang='lat' dir='ltr'><strong>synodalia</strong></span> <span class='ocrx_word' id='word_1_515' title='bbox 3347 3382 3437 3421; x_wconf 89' lang='lat' dir='ltr'><strong>re-</strong></span> 
     </span>
    </p>
   </div>
   <div class='ocr_carea' id='block_1_79' title="bbox 1853 3449 3438 3523">
    <p class='ocr_par' dir='ltr' id='par_1_79' title="bbox 1853 3449 3438 3523">
     <span class='ocr_line' id='line_1_79' title="bbox 1853 3449 3438 3523; baseline 0.006 -20"><span class='ocrx_word' id='word_1_516' title='bbox 1853 3449 1956 3516; x_wconf 77' lang='lat' dir='ltr'><strong>legi</strong></span> <span class='ocrx_word' id='word_1_517' title='bbox 1990 3451 2317 3518; x_wconf 86' lang='lat' dir='ltr'><strong>petiissent:</strong></span> <span class='ocrx_word' id='word_1_518' title='bbox 2375 3452 2585 3505; x_wconf 89' lang='lat' dir='ltr'><strong>nullum</strong></span> <span class='ocrx_word' id='word_1_519' title='bbox 2641 3454 2721 3507; x_wconf 90' lang='lat' dir='ltr'><strong>eis</strong></span> <span class='ocrx_word' id='word_1_520' title='bbox 2791 3458 2986 3523; x_wconf 83' lang='lat' dir='ltr'><strong>paruit</strong></span> <span class='ocrx_word' id='word_1_521' title='bbox 3032 3458 3085 3509; x_wconf 92' lang='lat' dir='ltr'><strong>in</strong></span> <span class='ocrx_word' id='word_1_522' title='bbox 3151 3458 3438 3512; x_wconf 81' lang='lat' dir='ltr'><strong>exactione</strong></span> 
     </span>
    </p>
   </div>
   <div class='ocr_carea' id='block_1_80' title="bbox 1854 3542 3434 3619">
    <p class='ocr_par' dir='ltr' id='par_1_80' title="bbox 1854 3542 3434 3619">
     <span class='ocr_line' id='line_1_80' title="bbox 1854 3542 3434 3619; baseline 0.005 -25"><span class='ocrx_word' id='word_1_523' title='bbox 1854 3543 2242 3596; x_wconf 83' lang='lat' dir='ltr'><strong>canonicorum</strong></span> <span class='ocrx_word' id='word_1_524' title='bbox 2279 3542 2653 3612; x_wconf 72' lang='lat' dir='ltr'><strong>praajitdiciiiin</strong></span> <span class='ocrx_word' id='word_1_525' title='bbox 2700 3545 2826 3599; x_wconf 85' lang='lat' dir='ltr'><strong>inde</strong></span> <span class='ocrx_word' id='word_1_526' title='bbox 2856 3546 3055 3600; x_wconf 84' lang='lat' dir='ltr'><strong>all‘erri.</strong></span> <span class='ocrx_word' id='word_1_527' title='bbox 3094 3548 3304 3619; x_wconf 88' lang='lat' dir='ltr'><strong>Quippe</strong></span> <span class='ocrx_word' id='word_1_528' title='bbox 3351 3565 3434 3619; x_wconf 62' lang='lat' dir='ltr'><strong>sy.</strong></span> 
     </span>
    </p>
   </div>
   <div class='ocr_carea' id='block_1_81' title="bbox 1856 3635 3437 3703">
    <p class='ocr_par' dir='ltr' id='par_1_81' title="bbox 1856 3635 3437 3703">
     <span class='ocr_line' id='line_1_81' title="bbox 1856 3635 3437 3703; baseline 0.003 -15"><span class='ocrx_word' id='word_1_529' title='bbox 1856 3635 2076 3689; x_wconf 88' lang='lat' dir='ltr'><strong>nodalia</strong></span> <span class='ocrx_word' id='word_1_530' title='bbox 2138 3635 2358 3703; x_wconf 85' lang='lat' dir='ltr'><strong>quidem</strong></span> <span class='ocrx_word' id='word_1_531' title='bbox 2434 3638 2654 3691; x_wconf 77' lang='lat' dir='ltr'><strong>decreta</strong></span> <span class='ocrx_word' id='word_1_532' title='bbox 2714 3640 3056 3693; x_wconf 83' lang='lat' dir='ltr'><strong>exactionem</strong></span> <span class='ocrx_word' id='word_1_533' title='bbox 3124 3641 3372 3694; x_wconf 87' lang='lat' dir='ltr'><strong>canonici</strong></span> <span class='ocrx_word' id='word_1_534' title='bbox 3408 3657 3437 3693; x_wconf 90' lang='lat' dir='ltr'><strong>a</strong></span> 
     </span>
    </p>
   </div>
   <div class='ocr_carea' id='block_1_82' title="bbox 1857 3728 3434 3797">
    <p class='ocr_par' dir='ltr' id='par_1_82' title="bbox 1857 3728 3434 3797">
     <span class='ocr_line' id='line_1_82' title="bbox 1857 3728 3434 3797; baseline 0.003 -15"><span class='ocrx_word' id='word_1_535' title='bbox 1857 3728 2013 3783; x_wconf 87' lang='lat' dir='ltr'><strong>laicis</strong></span> <span class='ocrx_word' id='word_1_536' title='bbox 2046 3729 2335 3797; x_wconf 84' lang='lat' dir='ltr'><strong>prohibere</strong></span> <span class='ocrx_word' id='word_1_537' title='bbox 2368 3728 2650 3794; x_wconf 78' lang='lat' dir='ltr'><strong>videntur,</strong></span> <span class='ocrx_word' id='word_1_538' title='bbox 2675 3730 2805 3784; x_wconf 92' lang='lat' dir='ltr'><strong>dum</strong></span> <span class='ocrx_word' id='word_1_539' title='bbox 2852 3732 3182 3787; x_wconf 89' lang='lat' dir='ltr'><strong>mentionem</strong></span> <span class='ocrx_word' id='word_1_540' title='bbox 3242 3733 3434 3787; x_wconf 88' lang='lat' dir='ltr'><strong>borum</strong></span> 
     </span>
    </p>
   </div>
   <div class='ocr_carea' id='block_1_83' title="bbox 1854 3817 3435 3882">
    <p class='ocr_par' dir='ltr' id='par_1_83' title="bbox 1854 3817 3435 3882">
     <span class='ocr_line' id='line_1_83' title="bbox 1854 3817 3435 3882; baseline 0.003 -10"><span class='ocrx_word' id='word_1_541' title='bbox 1854 3819 2060 3873; x_wconf 88' lang='lat' dir='ltr'><strong>nullam</strong></span> <span class='ocrx_word' id='word_1_542' title='bbox 2096 3817 2326 3882; x_wconf 81' lang='lat' dir='ltr'><strong>faciunt,</strong></span> <span class='ocrx_word' id='word_1_543' title='bbox 2358 3820 2524 3873; x_wconf 75' lang='lat' dir='ltr'><strong>veluti</strong></span> <span class='ocrx_word' id='word_1_544' title='bbox 2544 3822 2717 3875; x_wconf 87' lang='lat' dir='ltr'><strong>sacris</strong></span> <span class='ocrx_word' id='word_1_545' title='bbox 2744 3821 2969 3878; x_wconf 88' lang='lat' dir='ltr'><strong>Litteris</strong></span> <span class='ocrx_word' id='word_1_546' title='bbox 2993 3822 3435 3878; x_wconf 89' lang='lat' dir='ltr'><strong>interdictorum.</strong></span> 
     </span>
    </p>
   </div>
   <div class='ocr_carea' id='block_1_84' title="bbox 1854 3908 3436 3983">
    <p class='ocr_par' dir='ltr' id='par_1_84' title="bbox 1854 3908 3436 3983">
     <span class='ocr_line' id='line_1_84' title="bbox 1854 3908 3436 3983; baseline 0.001 -19"><span class='ocrx_word' id='word_1_547' title='bbox 1854 3908 1987 3975; x_wconf 77' lang='lat' dir='ltr'><strong>Qua:</strong></span> <span class='ocrx_word' id='word_1_548' title='bbox 2010 3919 2187 3964; x_wconf 87' lang='lat' dir='ltr'><strong>autem</strong></span> <span class='ocrx_word' id='word_1_549' title='bbox 2221 3912 2369 3965; x_wconf 84' lang='lat' dir='ltr'><strong>nulla</strong></span> <span class='ocrx_word' id='word_1_550' title='bbox 2433 3911 2803 3979; x_wconf 82' lang='lat' dir='ltr'><strong>prohibitione</strong></span> <span class='ocrx_word' id='word_1_551' title='bbox 2853 3920 3134 3977; x_wconf 81' lang='lat' dir='ltr'><strong>vetantur,</strong></span> <span class='ocrx_word' id='word_1_552' title='bbox 3195 3928 3436 3983; x_wconf 91' lang='lat' dir='ltr'><strong>quonam</strong></span> 
     </span>
    </p>
   </div>
   <div class='ocr_carea' id='block_1_85' title="bbox 1854 4004 3438 4074">
    <p class='ocr_par' dir='ltr' id='par_1_85' title="bbox 1854 4004 3438 4074">
     <span class='ocr_line' id='line_1_85' title="bbox 1854 4004 3438 4074; baseline 0.002 -18"><span class='ocrx_word' id='word_1_553' title='bbox 1854 4012 2013 4072; x_wconf 83' lang='lat' dir='ltr'><strong>pacto</strong></span> <span class='ocrx_word' id='word_1_554' title='bbox 2050 4004 2094 4058; x_wconf 92' lang='lat' dir='ltr'><strong>si</strong></span> <span class='ocrx_word' id='word_1_555' title='bbox 2126 4005 2280 4064; x_wconf 83' lang='lat' dir='ltr'><strong>tiant,</strong></span> <span class='ocrx_word' id='word_1_556' title='bbox 2314 4006 2684 4059; x_wconf 88' lang='lat' dir='ltr'><strong>adversationi</strong></span> <span class='ocrx_word' id='word_1_557' title='bbox 2716 4020 2939 4059; x_wconf 83' lang='lat' dir='ltr'><strong>causam</strong></span> <span class='ocrx_word' id='word_1_558' title='bbox 2995 4007 3235 4074; x_wconf 81' lang='lat' dir='ltr'><strong>aliquam</strong></span> <span class='ocrx_word' id='word_1_559' title='bbox 3299 4021 3438 4073; x_wconf 70' lang='lat' dir='ltr'><strong>prie-</strong></span> 
     </span>
    </p>
   </div>
   <div class='ocr_carea' id='block_1_86' title="bbox 1854 4095 3438 4166">
    <p class='ocr_par' dir='ltr' id='par_1_86' title="bbox 1854 4095 3438 4166">
     <span class='ocr_line' id='line_1_86' title="bbox 1854 4095 3438 4166; baseline 0.001 -17"><span class='ocrx_word' id='word_1_560' title='bbox 1854 4095 2204 4151; x_wconf 56' lang='lat' dir='ltr'><strong>bebuiithtt</strong></span> <span class='ocrx_word' id='word_1_561' title='bbox 2260 4110 2390 4151; x_wconf 71' lang='lat' dir='ltr'><strong>vero</strong></span> <span class='ocrx_word' id='word_1_562' title='bbox 2416 4097 2780 4153; x_wconf 77' lang='lat' dir='ltr'><strong>sacratissimi</strong></span> <span class='ocrx_word' id='word_1_563' title='bbox 2841 4098 3118 4166; x_wconf 87' lang='lat' dir='ltr'><strong>principes</strong></span> <span class='ocrx_word' id='word_1_564' title='bbox 3176 4098 3438 4165; x_wconf 88' lang='lat' dir='ltr'><strong>temporis</strong></span> 
     </span>
    </p>
   </div>
   <div class='ocr_carea' id='block_1_87' title="bbox 1856 4185 3437 4257">
    <p class='ocr_par' dir='ltr' id='par_1_87' title="bbox 1856 4185 3437 4257">
     <span class='ocr_line' id='line_1_87' title="bbox 1856 4185 3437 4257; baseline 0.002 -19"><span class='ocrx_word' id='word_1_565' title='bbox 1856 4185 1957 4249; x_wconf 89' lang='lat' dir='ltr'><strong>(uti</strong></span> <span class='ocrx_word' id='word_1_566' title='bbox 2014 4187 2236 4254; x_wconf 88' lang='lat' dir='ltr'><strong>quidem</strong></span> <span class='ocrx_word' id='word_1_567' title='bbox 2293 4187 2542 4257; x_wconf 86' lang='lat' dir='ltr'><strong>apparet)</strong></span> <span class='ocrx_word' id='word_1_568' title='bbox 2600 4192 2813 4243; x_wconf 87' lang='lat' dir='ltr'><strong>ratione</strong></span> <span class='ocrx_word' id='word_1_569' title='bbox 2866 4189 3071 4251; x_wconf 81' lang='lat' dir='ltr'><strong>lialiita,</strong></span> <span class='ocrx_word' id='word_1_570' title='bbox 3136 4196 3191 4243; x_wconf 87' lang='lat' dir='ltr'><strong>ct</strong></span> <span class='ocrx_word' id='word_1_571' title='bbox 3242 4188 3437 4242; x_wconf 87' lang='lat' dir='ltr'><strong>lionnri</strong></span> 
     </span>
    </p>
   </div>
   <div class='ocr_carea' id='block_1_88' title="bbox 1858 4278 3436 4348">
    <p class='ocr_par' dir='ltr' id='par_1_88' title="bbox 1858 4278 3436 4348">
     <span class='ocr_line' id='line_1_88' title="bbox 1858 4278 3436 4348; baseline 0.002 -19"><span class='ocrx_word' id='word_1_572' title='bbox 1858 4278 2209 4345; x_wconf 78' lang='lat' dir='ltr'><strong>pontificibus</strong></span> <span class='ocrx_word' id='word_1_573' title='bbox 2271 4278 2607 4341; x_wconf 76' lang='lat' dir='ltr'><strong>exhibendo,</strong></span> <span class='ocrx_word' id='word_1_574' title='bbox 2672 4296 2770 4348; x_wconf 91' lang='lat' dir='ltr'><strong>per</strong></span> <span class='ocrx_word' id='word_1_575' title='bbox 2830 4280 3160 4333; x_wconf 85' lang='lat' dir='ltr'><strong>oblationem</strong></span> <span class='ocrx_word' id='word_1_576' title='bbox 3229 4295 3436 4339; x_wconf 85' lang='lat' dir='ltr'><strong>rerum,</strong></span> 
     </span>
    </p>
   </div>
   <div class='ocr_carea' id='block_1_89' title="bbox 1853 4369 3439 4438">
    <p class='ocr_par' dir='ltr' id='par_1_89' title="bbox 1853 4369 3439 4438">
     <span class='ocr_line' id='line_1_89' title="bbox 1853 4369 3439 4438; baseline -0.001 -15"><span class='ocrx_word' id='word_1_577' title='bbox 1853 4373 2200 4424; x_wconf 83' lang='lat' dir='ltr'><strong>occasionem</strong></span> <span class='ocrx_word' id='word_1_578' title='bbox 2231 4378 2551 4438; x_wconf 63' lang='lat' dir='ltr'><strong>praebentes,</strong></span> <span class='ocrx_word' id='word_1_579' title='bbox 2578 4370 2739 4423; x_wconf 88' lang='lat' dir='ltr'><strong>etiam</strong></span> <span class='ocrx_word' id='word_1_580' title='bbox 2773 4371 2945 4424; x_wconf 86' lang='lat' dir='ltr'><strong>laicos</strong></span> <span class='ocrx_word' id='word_1_581' title='bbox 2970 4369 3306 4438; x_wconf 65' lang='lat' dir='ltr'><strong>praistatioiii</strong></span> <span class='ocrx_word' id='word_1_582' title='bbox 3338 4370 3439 4422; x_wconf 81' lang='lat' dir='ltr'><strong>liu-</strong></span> 
     </span>
    </p>
   </div>
   <div class='ocr_carea' id='block_1_90' title="bbox 1850 4460 3439 4529">
    <p class='ocr_par' dir='ltr' id='par_1_90' title="bbox 1850 4460 3439 4529">
     <span class='ocr_line' id='line_1_90' title="bbox 1850 4460 3439 4529; baseline 0.001 -18"><span class='ocrx_word' id='word_1_583' title='bbox 1850 4460 1943 4529; x_wconf 85' lang='lat' dir='ltr'><strong>jus</strong></span> <span class='ocrx_word' id='word_1_584' title='bbox 1966 4462 2232 4514; x_wconf 77' lang='lat' dir='ltr'><strong>obnoxios</strong></span> <span class='ocrx_word' id='word_1_585' title='bbox 2251 4475 2372 4515; x_wconf 90' lang='lat' dir='ltr'><strong>esse</strong></span> <span class='ocrx_word' id='word_1_586' title='bbox 2401 4461 2708 4515; x_wconf 82' lang='lat' dir='ltr'><strong>voluerunt.</strong></span> <span class='ocrx_word' id='word_1_587' title='bbox 2751 4461 2937 4529; x_wconf 83' lang='lat' dir='ltr'><strong>anue</strong></span> <span class='ocrx_word' id='word_1_588' title='bbox 2962 4462 3029 4515; x_wconf 88' lang='lat' dir='ltr'><strong>de</strong></span> <span class='ocrx_word' id='word_1_589' title='bbox 3063 4475 3229 4515; x_wconf 82' lang='lat' dir='ltr'><strong>causa</strong></span> <span class='ocrx_word' id='word_1_590' title='bbox 3262 4461 3439 4513; x_wconf 83' lang='lat' dir='ltr'><strong>vismn</strong></span> 
     </span>
    </p>
   </div>
   <div class='ocr_carea' id='block_1_91' title="bbox 165 4543 1744 4633">
    <p class='ocr_par' dir='ltr' id='par_1_91' title="bbox 165 4559 1743 4633">
     <span class='ocr_line' id='line_1_91' title="bbox 165 4559 1743 4633; baseline -0.002 -19"><span class='ocrx_word' id='word_1_591' title='bbox 165 4564 325 4633; x_wconf 78' lang='grc' dir='ltr'>ρέων,</span> <span class='ocrx_word' id='word_1_592' title='bbox 352 4562 578 4616; x_wconf 76' lang='grc' dir='ltr'>καὶτῶν</span> <span class='ocrx_word' id='word_1_593' title='bbox 610 4560 838 4624; x_wconf 80' lang='grc' dir='ltr'>λαῑκῶν,</span> <span class='ocrx_word' id='word_1_594' title='bbox 863 4562 931 4614; x_wconf 78' lang='grc' dir='ltr'>τὰ</span> <span class='ocrx_word' id='word_1_595' title='bbox 950 4561 1092 4631; x_wconf 77' lang='grc' dir='ltr'>ὑπὲρ</span> <span class='ocrx_word' id='word_1_596' title='bbox 1121 4560 1215 4613; x_wconf 88' lang='grc' dir='ltr'><strong>τοῦ</strong></span> <span class='ocrx_word' id='word_1_597' title='bbox 1244 4559 1529 4613; x_wconf 85' lang='grc' dir='ltr'>κανονικοῦ</span> <span class='ocrx_word' id='word_1_598' title='bbox 1561 4576 1743 4611; x_wconf 81' lang='grc' dir='ltr'>τυπω-</span> 
     </span>
    </p>
   </div>
   <div class='ocr_carea' id='block_1_92' title="bbox 1852 4543 3440 4633">
    <p class='ocr_par' dir='ltr' id='par_1_92' title="bbox 1852 4553 3440 4622">
     <span class='ocr_line' id='line_1_92' title="bbox 1852 4553 3440 4622; baseline 0.001 -16"><span class='ocrx_word' id='word_1_599' title='bbox 1852 4562 1936 4606; x_wconf 84' lang='lat' dir='ltr'><strong>est</strong></span> <span class='ocrx_word' id='word_1_600' title='bbox 1961 4553 2335 4617; x_wconf 64' lang='lat' dir='ltr'><strong>mquissimtim</strong></span> <span class='ocrx_word' id='word_1_601' title='bbox 2370 4567 2513 4615; x_wconf 86' lang='lat' dir='ltr'><strong>esse,</strong></span> <span class='ocrx_word' id='word_1_602' title='bbox 2568 4560 2627 4606; x_wconf 89' lang='lat' dir='ltr'><strong>ut.</strong></span> <span class='ocrx_word' id='word_1_603' title='bbox 2659 4556 2918 4620; x_wconf 84' lang='lat' dir='ltr'><strong>utrinque</strong></span> <span class='ocrx_word' id='word_1_604' title='bbox 2970 4554 3279 4622; x_wconf 88' lang='lat' dir='ltr'><strong>pontiliccs,</strong></span> <span class='ocrx_word' id='word_1_605' title='bbox 3328 4561 3440 4607; x_wconf 84' lang='lat' dir='ltr'><strong>tam</strong></span> 
     </span>
    </p>
   </div>
   <div class='ocr_carea' id='block_1_93' title="bbox 163 4647 1746 4721">
    <p class='ocr_par' dir='ltr' id='par_1_93' title="bbox 163 4647 1746 4721">
     <span class='ocr_line' id='line_1_93' title="bbox 163 4647 1746 4721; baseline -0.003 -17"><span class='ocrx_word' id='word_1_606' title='bbox 163 4652 347 4713; x_wconf 79' lang='grc' dir='ltr'>θέντα,</span> <span class='ocrx_word' id='word_1_607' title='bbox 384 4650 746 4717; x_wconf 78' lang='grc' dir='ltr'>κομίζεσθαι’</span> <span class='ocrx_word' id='word_1_608' title='bbox 786 4652 869 4705; x_wconf 87' lang='grc' dir='ltr'>ὃτι</span> <span class='ocrx_word' id='word_1_609' title='bbox 918 4651 1050 4721; x_wconf 82' lang='grc' dir='ltr'>μηδὲ</span> <span class='ocrx_word' id='word_1_610' title='bbox 1082 4647 1437 4720; x_wconf 76' lang='grc' dir='ltr'>στρατεύεται</span> <span class='ocrx_word' id='word_1_611' title='bbox 1474 4666 1579 4713; x_wconf 82' lang='grc' dir='ltr'>τις,</span> <span class='ocrx_word' id='word_1_612' title='bbox 1607 4647 1746 4699; x_wconf 71' lang='grc' dir='ltr'>κατὰ</span> 
     </span>
    </p>
   </div>
   <div class='ocr_carea' id='block_1_94' title="bbox 160 4739 1747 4810">
    <p class='ocr_par' dir='ltr' id='par_1_94' title="bbox 160 4739 1747 4810">
     <span class='ocr_line' id='line_1_94' title="bbox 160 4739 1747 4810; baseline -0.003 -15"><span class='ocrx_word' id='word_1_613' title='bbox 160 4744 255 4795; x_wconf 70' lang='grc' dir='ltr'>τὸν</span> <span class='ocrx_word' id='word_1_614' title='bbox 284 4742 432 4795; x_wconf 81' lang='grc' dir='ltr'>θεῖον</span> <span class='ocrx_word' id='word_1_615' title='bbox 449 4742 796 4807; x_wconf 82' lang='grc' dir='ltr'>Ἀπόστολον,</span> <span class='ocrx_word' id='word_1_616' title='bbox 818 4742 1070 4810; x_wconf 78' lang='grc' dir='ltr'>ὀψωνίοις</span> <span class='ocrx_word' id='word_1_617' title='bbox 1100 4741 1271 4804; x_wconf 86' lang='grc' dir='ltr'>ἰδίοις.</span> <span class='ocrx_word' id='word_1_618' title='bbox 1315 4740 1478 4795; x_wconf 79' lang='grc' dir='ltr'>Ἀλλὰ</span> <span class='ocrx_word' id='word_1_619' title='bbox 1506 4739 1600 4793; x_wconf 67' lang='grc' dir='ltr'>καὶ</span> <span class='ocrx_word' id='word_1_620' title='bbox 1626 4739 1747 4791; x_wconf 83' lang='grc' dir='ltr'>ποί-</span> 
     </span>
    </p>
   </div>
   <div class='ocr_carea' id='block_1_95' title="bbox 163 4828 1751 4902">
    <p class='ocr_par' dir='ltr' id='par_1_95' title="bbox 163 4828 1751 4902">
     <span class='ocr_line' id='line_1_95' title="bbox 163 4828 1751 4902; baseline 0.001 -19"><span class='ocrx_word' id='word_1_621' title='bbox 163 4849 305 4902; x_wconf 77' lang='grc' dir='ltr'>μνην</span> <span class='ocrx_word' id='word_1_622' title='bbox 362 4850 449 4894; x_wconf 87' lang='grc' dir='ltr'><strong>τις</strong></span> <span class='ocrx_word' id='word_1_623' title='bbox 488 4832 819 4901; x_wconf 87' lang='grc' dir='ltr'>ποιμαίνων,</span> <span class='ocrx_word' id='word_1_624' title='bbox 859 4834 922 4886; x_wconf 74' lang='grc' dir='ltr'>ὲκ</span> <span class='ocrx_word' id='word_1_625' title='bbox 967 4832 1063 4886; x_wconf 88' lang='grc' dir='ltr'><strong>τοῦ</strong></span> <span class='ocrx_word' id='word_1_626' title='bbox 1115 4833 1386 4901; x_wconf 85' lang='grc' dir='ltr'>γάλακτος</span> <span class='ocrx_word' id='word_1_627' title='bbox 1419 4832 1624 4885; x_wconf 79' lang='grc' dir='ltr'>ἐσθίειν</span> <span class='ocrx_word' id='word_1_628' title='bbox 1651 4828 1751 4884; x_wconf 77' lang='grc' dir='ltr'><strong>οὐκ</strong></span> 
     </span>
    </p>
   </div>
   <div class='ocr_carea' id='block_1_96' title="bbox 163 4920 1750 4994">
    <p class='ocr_par' dir='ltr' id='par_1_96' title="bbox 163 4920 1750 4994">
     <span class='ocr_line' id='line_1_96' title="bbox 163 4920 1750 4994; baseline 0.001 -17"><span class='ocrx_word' id='word_1_629' title='bbox 163 4924 619 4993; x_wconf 65' lang='grc' dir='ltr'>ἀνωτὲτραπται·</span> <span class='ocrx_word' id='word_1_630' title='bbox 670 4924 765 4977; x_wconf 72' lang='grc' dir='ltr'><strong>καὶ</strong></span> <span class='ocrx_word' id='word_1_631' title='bbox 824 4920 1131 4994; x_wconf 83' lang='grc' dir='ltr'>ἀμπελῶνα</span> <span class='ocrx_word' id='word_1_632' title='bbox 1185 4924 1438 4993; x_wconf 81' lang='grc' dir='ltr'>φυτεύων</span> <span class='ocrx_word' id='word_1_633' title='bbox 1535 4926 1598 4976; x_wconf 77' lang='grc' dir='ltr'>ὲκ</span> <span class='ocrx_word' id='word_1_634' title='bbox 1652 4926 1750 4979; x_wconf 84' lang='grc' dir='ltr'><strong>τοῦ</strong></span> 
     </span>
    </p>
   </div>
   <div class='ocr_carea' id='block_1_97' title="bbox 163 5014 1747 5085">
    <p class='ocr_par' dir='ltr' id='par_1_97' title="bbox 163 5014 1747 5085">
     <span class='ocr_line' id='line_1_97' title="bbox 163 5014 1747 5085; baseline 0.004 -17"><span class='ocrx_word' id='word_1_635' title='bbox 163 5014 383 5084; x_wconf 69' lang='grc' dir='ltr'>καρποῦ</span> <span class='ocrx_word' id='word_1_636' title='bbox 419 5015 716 5083; x_wconf 78' lang='grc' dir='ltr'>δρέπεσθαι</span> <span class='ocrx_word' id='word_1_637' title='bbox 742 5015 804 5068; x_wconf 88' lang='grc' dir='ltr'><strong>ού</strong></span> <span class='ocrx_word' id='word_1_638' title='bbox 829 5015 1155 5069; x_wconf 82' lang='grc' dir='ltr'>κεκώλυται.</span> <span class='ocrx_word' id='word_1_639' title='bbox 1187 5018 1297 5069; x_wconf 73' lang='grc' dir='ltr'><strong>Καὶ</strong></span> <span class='ocrx_word' id='word_1_640' title='bbox 1326 5018 1354 5069; x_wconf 83' lang='grc' dir='ltr'><strong>ὁ</strong></span> <span class='ocrx_word' id='word_1_641' title='bbox 1400 5019 1633 5085; x_wconf 85' lang='grc' dir='ltr'>παλαιὸς</span> <span class='ocrx_word' id='word_1_642' title='bbox 1690 5022 1747 5074; x_wconf 84' lang='grc' dir='ltr'>δὲ</span> 
     </span>
    </p>
   </div>
   <div class='ocr_carea' id='block_1_98' title="bbox 164 5107 1749 5181">
    <p class='ocr_par' dir='ltr' id='par_1_98' title="bbox 164 5107 1749 5181">
     <span class='ocr_line' id='line_1_98' title="bbox 164 5107 1749 5181; baseline 0.004 -21"><span class='ocrx_word' id='word_1_643' title='bbox 164 5107 354 5175; x_wconf 77' lang='grc' dir='ltr'>νόμος,</span> <span class='ocrx_word' id='word_1_644' title='bbox 381 5107 642 5175; x_wconf 78' lang='grc' dir='ltr'>ὲμὸαλεῖν</span> <span class='ocrx_word' id='word_1_645' title='bbox 693 5108 759 5161; x_wconf 74' lang='grc' dir='ltr'>ὲκ</span> <span class='ocrx_word' id='word_1_646' title='bbox 806 5108 917 5160; x_wconf 82' lang='grc' dir='ltr'><strong>τῶν</strong></span> <span class='ocrx_word' id='word_1_647' title='bbox 962 5108 1193 5177; x_wconf 84' lang='grc' dir='ltr'>καρπῶν</span> <span class='ocrx_word' id='word_1_648' title='bbox 1243 5111 1324 5173; x_wconf 86' lang='grc' dir='ltr'><strong>εἰς</strong></span> <span class='ocrx_word' id='word_1_649' title='bbox 1357 5111 1456 5180; x_wconf 80' lang='grc' dir='ltr'>τὴν</span> <span class='ocrx_word' id='word_1_650' title='bbox 1483 5114 1749 5181; x_wconf 87' lang='grc' dir='ltr'>κάρταλιν</span> 
     </span>
    </p>
   </div>
   <div class='ocr_carea' id='block_1_99' title="bbox 165 5196 1747 5263">
    <p class='ocr_par' dir='ltr' id='par_1_99' title="bbox 165 5196 1747 5263">
     <span class='ocr_line' id='line_1_99' title="bbox 165 5196 1747 5263; baseline 0.007 -14"><span class='ocrx_word' id='word_1_651' title='bbox 165 5196 626 5263; x_wconf 77' lang='grc' dir='ltr'>παρακελεύεται,</span> <span class='ocrx_word' id='word_1_652' title='bbox 648 5198 744 5251; x_wconf 73' lang='grc' dir='ltr'>καὶ</span> <span class='ocrx_word' id='word_1_653' title='bbox 769 5199 1025 5252; x_wconf 89' lang='grc' dir='ltr'>εἰσοίσειν</span> <span class='ocrx_word' id='word_1_654' title='bbox 1048 5201 1127 5263; x_wconf 77' lang='grc' dir='ltr'>εἰς</span> <span class='ocrx_word' id='word_1_655' title='bbox 1157 5200 1248 5253; x_wconf 78' lang='grc' dir='ltr'>τὸν</span> <span class='ocrx_word' id='word_1_656' title='bbox 1274 5201 1367 5261; x_wconf 79' lang='grc' dir='ltr'><strong>τοῦ</strong></span> <span class='ocrx_word' id='word_1_657' title='bbox 1396 5203 1533 5257; x_wconf 85' lang='grc' dir='ltr'>Θεοῦ</span> <span class='ocrx_word' id='word_1_658' title='bbox 1563 5201 1711 5259; x_wconf 81' lang='grc' dir='ltr'>οἷκον</span> <span class='ocrx_word' id='word_1_659' title='bbox 1734 5223 1747 5238; x_wconf 86' lang='grc'><strong>·</strong></span> 
     </span>
    </p>
   </div>
   <div class='ocr_carea' id='block_1_100' title="bbox 165 5286 1750 5364">
    <p class='ocr_par' dir='ltr' id='par_1_100' title="bbox 165 5286 1750 5364">
     <span class='ocr_line' id='line_1_100' title="bbox 165 5286 1750 5364; baseline 0.007 -24"><span class='ocrx_word' id='word_1_660' title='bbox 165 5286 438 5357; x_wconf 69' lang='grc' dir='ltr'>λήψεσθαι</span> <span class='ocrx_word' id='word_1_661' title='bbox 459 5306 519 5342; x_wconf 87' lang='grc' dir='ltr'><strong>τε</strong></span> <span class='ocrx_word' id='word_1_662' title='bbox 553 5289 729 5343; x_wconf 90' lang='grc' dir='ltr'>ταῦτα</span> <span class='ocrx_word' id='word_1_663' title='bbox 760 5291 823 5344; x_wconf 80' lang='grc' dir='ltr'>ὲκ</span> <span class='ocrx_word' id='word_1_664' title='bbox 858 5292 968 5343; x_wconf 83' lang='grc' dir='ltr'>τῶν</span> <span class='ocrx_word' id='word_1_665' title='bbox 990 5292 1193 5361; x_wconf 80' lang='grc' dir='ltr'>χειρῶν</span> <span class='ocrx_word' id='word_1_666' title='bbox 1243 5292 1338 5346; x_wconf 88' lang='grc' dir='ltr'><strong>τοῦ</strong></span> <span class='ocrx_word' id='word_1_667' title='bbox 1368 5297 1750 5364; x_wconf 84' lang='grc' dir='ltr'>προσοίσοντος</span> 
     </span>
    </p>
   </div>
   <div class='ocr_carea' id='block_1_101' title="bbox 163 5382 1746 5457">
    <p class='ocr_par' dir='ltr' id='par_1_101' title="bbox 163 5382 1746 5457">
     <span class='ocr_line' id='line_1_101' title="bbox 163 5382 1746 5457; baseline 0.004 -22"><span class='ocrx_word' id='word_1_668' title='bbox 163 5382 257 5435; x_wconf 72' lang='grc' dir='ltr'><strong>τὸν</strong></span> <span class='ocrx_word' id='word_1_669' title='bbox 289 5383 464 5450; x_wconf 81' lang='grc' dir='ltr'>ἱερέα.</span> <span class='ocrx_word' id='word_1_670' title='bbox 500 5384 594 5435; x_wconf 71' lang='grc' dir='ltr'><strong>καὶ</strong></span> <span class='ocrx_word' id='word_1_671' title='bbox 628 5383 850 5450; x_wconf 81' lang='grc' dir='ltr'>τεθῆναι</span> <span class='ocrx_word' id='word_1_672' title='bbox 898 5385 1160 5438; x_wconf 80' lang='grc' dir='ltr'>ἀπέναντι</span> <span class='ocrx_word' id='word_1_673' title='bbox 1185 5383 1280 5437; x_wconf 88' lang='grc' dir='ltr'><strong>τοῦ</strong></span> <span class='ocrx_word' id='word_1_674' title='bbox 1318 5385 1709 5457; x_wconf 77' lang='grc' dir='ltr'>θυσιαστηρίου</span> <span class='ocrx_word' id='word_1_675' title='bbox 1734 5407 1746 5419; x_wconf 88' lang='grc'><strong>·</strong></span> 
     </span>
    </p>
   </div>
   <div class='ocr_carea' id='block_1_102' title="bbox 167 5473 1752 5547">
    <p class='ocr_par' dir='ltr' id='par_1_102' title="bbox 167 5473 1752 5547">
     <span class='ocr_line' id='line_1_102' title="bbox 167 5473 1752 5547; baseline 0.006 -23"><span class='ocrx_word' id='word_1_676' title='bbox 167 5473 465 5541; x_wconf 77' lang='grc' dir='ltr'>εὐλογῆσαι</span> <span class='ocrx_word' id='word_1_677' title='bbox 497 5492 557 5527; x_wconf 82' lang='grc' dir='ltr'><strong>τε</strong></span> <span class='ocrx_word' id='word_1_678' title='bbox 583 5474 678 5528; x_wconf 66' lang='grc' dir='ltr'>καὶ</span> <span class='ocrx_word' id='word_1_679' title='bbox 720 5474 1006 5542; x_wconf 70' lang='grc' dir='ltr'>εὔξασθαι,</span> <span class='ocrx_word' id='word_1_680' title='bbox 1036 5475 1132 5530; x_wconf 81' lang='grc' dir='ltr'><strong>καὶ</strong></span> <span class='ocrx_word' id='word_1_681' title='bbox 1178 5474 1350 5538; x_wconf 76' lang='grc' dir='ltr'>οὕτως</span> <span class='ocrx_word' id='word_1_682' title='bbox 1380 5478 1752 5547; x_wconf 79' lang='grc' dir='ltr'>εὐλογημένον</span> 
     </span>
    </p>
   </div>
   <div class='ocr_carea' id='block_1_103' title="bbox 166 5558 1756 5635">
    <p class='ocr_par' dir='ltr' id='par_1_103' title="bbox 166 5558 1756 5635">
     <span class='ocr_line' id='line_1_103' title="bbox 166 5558 1756 5635; baseline 0.006 -21"><span class='ocrx_word' id='word_1_683' title='bbox 166 5559 308 5616; x_wconf 75' lang='grc' dir='ltr'>εῖναι</span> <span class='ocrx_word' id='word_1_684' title='bbox 332 5564 428 5616; x_wconf 74' lang='grc' dir='ltr'>τὸν</span> <span class='ocrx_word' id='word_1_685' title='bbox 452 5565 923 5635; x_wconf 77' lang='grc' dir='ltr'>προσενέγκαντα,</span> <span class='ocrx_word' id='word_1_686' title='bbox 962 5567 1058 5620; x_wconf 77' lang='grc' dir='ltr'><strong>καὶ</strong></span> <span class='ocrx_word' id='word_1_687' title='bbox 1100 5566 1191 5619; x_wconf 79' lang='grc' dir='ltr'><strong>τὸν</strong></span> <span class='ocrx_word' id='word_1_688' title='bbox 1227 5558 1376 5622; x_wconf 79' lang='grc' dir='ltr'>οἷκον</span> <span class='ocrx_word' id='word_1_689' title='bbox 1436 5569 1631 5634; x_wconf 80' lang='grc' dir='ltr'>αὑτοῦ,</span> <span class='ocrx_word' id='word_1_690' title='bbox 1660 5571 1756 5625; x_wconf 74' lang='grc' dir='ltr'>καὶ</span> 
     </span>
    </p>
   </div>
   <div class='ocr_carea' id='block_1_104' title="bbox 1852 4644 3440 4711">
    <p class='ocr_par' dir='ltr' id='par_1_104' title="bbox 1852 4644 3440 4711">
     <span class='ocr_line' id='line_1_104' title="bbox 1852 4644 3440 4711; baseline 0.001 -13"><span class='ocrx_word' id='word_1_691' title='bbox 1852 4660 1882 4698; x_wconf 86' lang='lat' dir='ltr'><strong>a</strong></span> <span class='ocrx_word' id='word_1_692' title='bbox 1917 4644 2316 4698; x_wconf 80' lang='lat' dir='ltr'><strong>sacerdotibus.</strong></span> <span class='ocrx_word' id='word_1_693' title='bbox 2339 4659 2500 4711; x_wconf 83' lang='lat' dir='ltr'><strong>quam</strong></span> <span class='ocrx_word' id='word_1_694' title='bbox 2526 4661 2552 4698; x_wconf 86' lang='lat' dir='ltr'><strong>a</strong></span> <span class='ocrx_word' id='word_1_695' title='bbox 2587 4645 2761 4705; x_wconf 84' lang='lat' dir='ltr'><strong>laicis,</strong></span> <span class='ocrx_word' id='word_1_696' title='bbox 2791 4646 3039 4699; x_wconf 88' lang='lat' dir='ltr'><strong>canonici</strong></span> <span class='ocrx_word' id='word_1_697' title='bbox 3068 4648 3285 4700; x_wconf 86' lang='lat' dir='ltr'><strong>nomine</strong></span> <span class='ocrx_word' id='word_1_698' title='bbox 3316 4661 3440 4699; x_wconf 85' lang='lat' dir='ltr'><strong>san-</strong></span> 
     </span>
    </p>
   </div>
   <div class='ocr_carea' id='block_1_105' title="bbox 1853 4735 3437 4806">
    <p class='ocr_par' dir='ltr' id='par_1_105' title="bbox 1853 4735 3437 4806">
     <span class='ocr_line' id='line_1_105' title="bbox 1853 4735 3437 4806; baseline 0.001 -17"><span class='ocrx_word' id='word_1_699' title='bbox 1853 4737 1961 4790; x_wconf 90' lang='lat' dir='ltr'><strong>cita</strong></span> <span class='ocrx_word' id='word_1_700' title='bbox 2027 4735 2253 4800; x_wconf 80' lang='lat' dir='ltr'><strong>lerant;</strong></span> <span class='ocrx_word' id='word_1_701' title='bbox 2314 4736 2753 4804; x_wconf 88' lang='lat' dir='ltr'><strong>quandoquidem</strong></span> <span class='ocrx_word' id='word_1_702' title='bbox 2820 4736 3112 4805; x_wconf 89' lang='lat' dir='ltr'><strong>stipendiis</strong></span> <span class='ocrx_word' id='word_1_703' title='bbox 3176 4737 3437 4806; x_wconf 87' lang='lat' dir='ltr'><strong>propriis,</strong></span> 
     </span>
    </p>
   </div>
   <div class='ocr_carea' id='block_1_106' title="bbox 1856 4825 3435 4897">
    <p class='ocr_par' dir='ltr' id='par_1_106' title="bbox 1856 4825 3435 4897">
     <span class='ocr_line' id='line_1_106' title="bbox 1856 4825 3435 4897; baseline -0.002 -16"><span class='ocrx_word' id='word_1_704' title='bbox 1856 4825 2155 4881; x_wconf 81' lang='lat' dir='ltr'><strong>secundum</strong></span> <span class='ocrx_word' id='word_1_705' title='bbox 2186 4826 2431 4879; x_wconf 83' lang='lat' dir='ltr'><strong>divinum</strong></span> <span class='ocrx_word' id='word_1_706' title='bbox 2466 4827 2614 4879; x_wconf 90' lang='lat' dir='ltr'><strong>illiiin</strong></span> <span class='ocrx_word' id='word_1_707' title='bbox 2643 4827 2992 4897; x_wconf 78' lang='lat' dir='ltr'><strong>Apostolum.</strong></span> <span class='ocrx_word' id='word_1_708' title='bbox 3024 4842 3186 4880; x_wconf 90' lang='lat' dir='ltr'><strong>nemo</strong></span> <span class='ocrx_word' id='word_1_709' title='bbox 3220 4828 3435 4891; x_wconf 84' lang='lat' dir='ltr'><strong>militat,</strong></span> 
     </span>
    </p>
   </div>
   <div class='ocr_carea' id='block_1_107' title="bbox 1858 4918 3442 4987">
    <p class='ocr_par' dir='ltr' id='par_1_107' title="bbox 1858 4918 3442 4987">
     <span class='ocr_line' id='line_1_107' title="bbox 1858 4918 3442 4987; baseline -0.002 -15"><span class='ocrx_word' id='word_1_710' title='bbox 1858 4920 1951 4973; x_wconf 80' lang='lat' dir='ltr'><strong>sed</strong></span> <span class='ocrx_word' id='word_1_711' title='bbox 1994 4932 2045 4971; x_wconf 86' lang='lat' dir='ltr'><strong>et</strong></span> <span class='ocrx_word' id='word_1_712' title='bbox 2077 4925 2263 4981; x_wconf 86' lang='lat' dir='ltr'><strong>pastor</strong></span> <span class='ocrx_word' id='word_1_713' title='bbox 2316 4918 2538 4987; x_wconf 89' lang='lat' dir='ltr'><strong>aliquis,</strong></span> <span class='ocrx_word' id='word_1_714' title='bbox 2600 4918 2951 4987; x_wconf 88' lang='lat' dir='ltr'><strong>pastoriciam</strong></span> <span class='ocrx_word' id='word_1_715' title='bbox 3011 4919 3243 4979; x_wconf 79' lang='lat' dir='ltr'><strong>faciens,</strong></span> <span class='ocrx_word' id='word_1_716' title='bbox 3301 4919 3442 4970; x_wconf 88' lang='lat' dir='ltr'><strong>lacte</strong></span> 
     </span>
    </p>
   </div>
   <div class='ocr_carea' id='block_1_108' title="bbox 1859 5009 3438 5078">
    <p class='ocr_par' dir='ltr' id='par_1_108' title="bbox 1859 5009 3438 5078">
     <span class='ocr_line' id='line_1_108' title="bbox 1859 5009 3438 5078; baseline -0.003 -13"><span class='ocrx_word' id='word_1_717' title='bbox 1859 5018 2003 5066; x_wconf 82' lang='lat' dir='ltr'><strong>vesci</strong></span> <span class='ocrx_word' id='word_1_718' title='bbox 2036 5026 2141 5063; x_wconf 91' lang='lat' dir='ltr'><strong>non</strong></span> <span class='ocrx_word' id='word_1_719' title='bbox 2175 5019 2421 5063; x_wconf 81' lang='lat' dir='ltr'><strong>vetatur:</strong></span> <span class='ocrx_word' id='word_1_720' title='bbox 2453 5020 2506 5062; x_wconf 90' lang='lat' dir='ltr'><strong>et</strong></span> <span class='ocrx_word' id='word_1_721' title='bbox 2538 5011 2628 5077; x_wconf 87' lang='lat' dir='ltr'><strong>qui</strong></span> <span class='ocrx_word' id='word_1_722' title='bbox 2660 5014 2872 5064; x_wconf 87' lang='lat' dir='ltr'><strong>vineam</strong></span> <span class='ocrx_word' id='word_1_723' title='bbox 2902 5011 3130 5078; x_wconf 84' lang='lat' dir='ltr'><strong>plantat,</strong></span> <span class='ocrx_word' id='word_1_724' title='bbox 3164 5010 3231 5062; x_wconf 89' lang='lat' dir='ltr'><strong>de</strong></span> <span class='ocrx_word' id='word_1_725' title='bbox 3262 5009 3438 5061; x_wconf 80' lang='lat' dir='ltr'><strong>fructu</strong></span> 
     </span>
    </p>
   </div>
   <div class='ocr_carea' id='block_1_109' title="bbox 1857 5099 3441 5169">
    <p class='ocr_par' dir='ltr' id='par_1_109' title="bbox 1857 5099 3441 5169">
     <span class='ocr_line' id='line_1_109' title="bbox 1857 5099 3441 5169; baseline -0.003 -13"><span class='ocrx_word' id='word_1_726' title='bbox 1857 5117 2147 5169; x_wconf 76' lang='lat' dir='ltr'><strong>decerpere</strong></span> <span class='ocrx_word' id='word_1_727' title='bbox 2176 5116 2280 5154; x_wconf 92' lang='lat' dir='ltr'><strong>non</strong></span> <span class='ocrx_word' id='word_1_728' title='bbox 2310 5099 2651 5161; x_wconf 79' lang='lat' dir='ltr'><strong>prohibetur.</strong></span> <span class='ocrx_word' id='word_1_729' title='bbox 2682 5100 2950 5155; x_wconf 79' lang='lat' dir='ltr'><strong>Pra-terea</strong></span> <span class='ocrx_word' id='word_1_730' title='bbox 2978 5102 3061 5155; x_wconf 78' lang='lat' dir='ltr'><strong>lex</strong></span> <span class='ocrx_word' id='word_1_731' title='bbox 3091 5102 3252 5154; x_wconf 84' lang='lat' dir='ltr'><strong>etiam</strong></span> <span class='ocrx_word' id='word_1_732' title='bbox 3284 5108 3441 5153; x_wconf 84' lang='lat' dir='ltr'><strong>vetus</strong></span> 
     </span>
    </p>
   </div>
   <div class='ocr_carea' id='block_1_110' title="bbox 1858 5192 3441 5263">
    <p class='ocr_par' dir='ltr' id='par_1_110' title="bbox 1858 5192 3441 5263">
     <span class='ocr_line' id='line_1_110' title="bbox 1858 5192 3441 5263; baseline -0.005 -13"><span class='ocrx_word' id='word_1_733' title='bbox 1858 5196 2059 5262; x_wconf 84' lang='lat' dir='ltr'><strong>coniici</strong></span> <span class='ocrx_word' id='word_1_734' title='bbox 2095 5194 2377 5248; x_wconf 78' lang='lat' dir='ltr'><strong>fructuum</strong></span> <span class='ocrx_word' id='word_1_735' title='bbox 2454 5201 2665 5263; x_wconf 88' lang='lat' dir='ltr'><strong>partem</strong></span> <span class='ocrx_word' id='word_1_736' title='bbox 2705 5193 2758 5247; x_wconf 91' lang='lat' dir='ltr'><strong>in</strong></span> <span class='ocrx_word' id='word_1_737' title='bbox 2800 5209 2937 5262; x_wconf 83' lang='lat' dir='ltr'><strong>quas</strong></span> <span class='ocrx_word' id='word_1_738' title='bbox 2969 5193 3120 5246; x_wconf 90' lang='lat' dir='ltr'><strong>illum</strong></span> <span class='ocrx_word' id='word_1_739' title='bbox 3181 5192 3357 5261; x_wconf 83' lang='lat' dir='ltr'><strong>jubet,</strong></span> <span class='ocrx_word' id='word_1_740' title='bbox 3386 5198 3441 5243; x_wconf 76' lang='lat' dir='ltr'><strong>et</strong></span> 
     </span>
    </p>
   </div>
   <div class='ocr_carea' id='block_1_111' title="bbox 1858 5282 3440 5355">
    <p class='ocr_par' dir='ltr' id='par_1_111' title="bbox 1858 5282 3440 5355">
     <span class='ocr_line' id='line_1_111' title="bbox 1858 5282 3440 5355; baseline -0.006 -10"><span class='ocrx_word' id='word_1_741' title='bbox 1858 5291 1912 5345; x_wconf 90' lang='lat' dir='ltr'><strong>in</strong></span> <span class='ocrx_word' id='word_1_742' title='bbox 1954 5290 2043 5344; x_wconf 63' lang='grc' dir='ltr'><strong>θοι</strong></span> <span class='ocrx_word' id='word_1_743' title='bbox 2082 5289 2343 5353; x_wconf 83' lang='lat' dir='ltr'><strong>templum</strong></span> <span class='ocrx_word' id='word_1_744' title='bbox 2376 5288 2650 5355; x_wconf 79' lang='lat' dir='ltr'><strong>deportari</strong></span> <span class='ocrx_word' id='word_1_745' title='bbox 2688 5306 2701 5341; x_wconf 90' lang='lat'><strong>:</strong></span> <span class='ocrx_word' id='word_1_746' title='bbox 2740 5288 2829 5341; x_wconf 87' lang='lat' dir='ltr'><strong>tibi</strong></span> <span class='ocrx_word' id='word_1_747' title='bbox 2868 5288 2935 5341; x_wconf 91' lang='lat' dir='ltr'><strong>de</strong></span> <span class='ocrx_word' id='word_1_748' title='bbox 2991 5286 3246 5339; x_wconf 86' lang='lat' dir='ltr'><strong>manibus</strong></span> <span class='ocrx_word' id='word_1_749' title='bbox 3307 5282 3440 5336; x_wconf 83' lang='lat' dir='ltr'><strong>0ch-</strong></span> 
     </span>
    </p>
   </div>
   <div class='ocr_carea' id='block_1_112' title="bbox 1858 5373 3442 5446">
    <p class='ocr_par' dir='ltr' id='par_1_112' title="bbox 1858 5373 3442 5446">
     <span class='ocr_line' id='line_1_112' title="bbox 1858 5373 3442 5446; baseline -0.004 -10"><span class='ocrx_word' id='word_1_750' title='bbox 1858 5393 2029 5436; x_wconf 77' lang='lat' dir='ltr'><strong>rentis</strong></span> <span class='ocrx_word' id='word_1_751' title='bbox 2064 5396 2126 5434; x_wconf 85' lang='lat' dir='ltr'><strong>ea</strong></span> <span class='ocrx_word' id='word_1_752' title='bbox 2159 5379 2421 5435; x_wconf 78' lang='lat' dir='ltr'><strong>sacerdos</strong></span> <span class='ocrx_word' id='word_1_753' title='bbox 2468 5378 2725 5446; x_wconf 88' lang='lat' dir='ltr'><strong>accipiat,</strong></span> <span class='ocrx_word' id='word_1_754' title='bbox 2756 5385 2810 5431; x_wconf 90' lang='lat' dir='ltr'><strong>et</strong></span> <span class='ocrx_word' id='word_1_755' title='bbox 2844 5392 2907 5431; x_wconf 72' lang='lat' dir='ltr'><strong>ex</strong></span> <span class='ocrx_word' id='word_1_756' title='bbox 2966 5376 3199 5429; x_wconf 78' lang='lat' dir='ltr'><strong>adverso</strong></span> <span class='ocrx_word' id='word_1_757' title='bbox 3254 5373 3442 5429; x_wconf 88' lang='lat' dir='ltr'><strong>altaris</strong></span> 
     </span>
    </p>
   </div>
   <div class='ocr_carea' id='block_1_113' title="bbox 1860 5471 3442 5543">
    <p class='ocr_par' dir='ltr' id='par_1_113' title="bbox 1860 5471 3442 5543">
     <span class='ocr_line' id='line_1_113' title="bbox 1860 5471 3442 5543; baseline -0.005 -12"><span class='ocrx_word' id='word_1_758' title='bbox 1860 5480 2119 5540; x_wconf 86' lang='lat' dir='ltr'><strong>collocet,</strong></span> <span class='ocrx_word' id='word_1_759' title='bbox 2198 5478 2449 5543; x_wconf 80' lang='lat' dir='ltr'><strong>votisque</strong></span> <span class='ocrx_word' id='word_1_760' title='bbox 2525 5476 2808 5543; x_wconf 80' lang='lat' dir='ltr'><strong>conceptis</strong></span> <span class='ocrx_word' id='word_1_761' title='bbox 2862 5472 3186 5528; x_wconf 86' lang='lat' dir='ltr'><strong>bencdicat:</strong></span> <span class='ocrx_word' id='word_1_762' title='bbox 3241 5471 3442 5539; x_wconf 90' lang='lat' dir='ltr'><strong>quibus</strong></span> 
     </span>
    </p>
   </div>
   <div class='ocr_carea' id='block_1_114' title="bbox 1862 5561 3439 5638">
    <p class='ocr_par' dir='ltr' id='par_1_114' title="bbox 1862 5561 3439 5638">
     <span class='ocr_line' id='line_1_114' title="bbox 1862 5561 3439 5638; baseline -0.006 -15"><span class='ocrx_word' id='word_1_763' title='bbox 1862 5572 2121 5638; x_wconf 81' lang='lat' dir='ltr'><strong>peractis,</strong></span> <span class='ocrx_word' id='word_1_764' title='bbox 2186 5568 2506 5624; x_wconf 72' lang='lat' dir='ltr'><strong>benedictus</strong></span> <span class='ocrx_word' id='word_1_765' title='bbox 2542 5568 2632 5623; x_wconf 92' lang='lat' dir='ltr'><strong>ille</strong></span> <span class='ocrx_word' id='word_1_766' title='bbox 2688 5566 2907 5622; x_wconf 81' lang='lat' dir='ltr'><strong>futurus</strong></span> <span class='ocrx_word' id='word_1_767' title='bbox 2962 5565 3056 5626; x_wconf 81' lang='lat' dir='ltr'><strong>sit,</strong></span> <span class='ocrx_word' id='word_1_768' title='bbox 3090 5563 3182 5635; x_wconf 90' lang='lat' dir='ltr'><strong>qui</strong></span> <span class='ocrx_word' id='word_1_769' title='bbox 3217 5561 3439 5625; x_wconf 85' lang='lat' dir='ltr'><strong>obtulit,</strong></span> 
     </span>
    </p>
   </div>
   <div class='ocr_carea' id='block_1_115' title="bbox 1464 5736 2151 5799">
    <p class='ocr_par' dir='ltr' id='par_1_115' title="bbox 1464 5736 2151 5799">
     <span class='ocr_line' id='line_1_115' title="bbox 1464 5736 2151 5799; baseline -0.001 -4"><span class='ocrx_word' id='word_1_770' title='bbox 1464 5736 1697 5797; x_wconf 67' lang='lat' dir='ltr'><strong>VARLE</strong></span> <span class='ocrx_word' id='word_1_771' title='bbox 1738 5741 2151 5799; x_wconf 63' lang='lat' dir='ltr'><strong>LEtITlONES.</strong></span> 
     </span>
    </p>
   </div>
   <div class='ocr_carea' id='block_1_116' title="bbox 239 5828 577 5901">
    <p class='ocr_par' dir='ltr' id='par_1_116' title="bbox 239 5828 577 5901">
     <span class='ocr_line' id='line_1_116' title="bbox 239 5828 577 5901; baseline 0.012 -17"><span class='ocrx_word' id='word_1_772' title='bbox 239 5828 262 5868; x_wconf 62' lang='lat'><strong><em>‘</em></strong></span> <span class='ocrx_word' id='word_1_773' title='bbox 306 5832 577 5901; x_wconf 54' lang='lat' dir='ltr'><strong>cﬁcialil&#39;s</strong></span> 
     </span>
    </p>
   </div>
  </div>
