4176 6446
707 418 817 491 883

2046 413 2183 482 JUS
2214 411 2661 481 CANONICUM

3857 399 3962 474 εει

710 556 817 595 una
850 552 971 593 cum
1009 537 1170 589 domo
1208 550 1330 597 sua,
1391 546 1443 590 ct
1485 534 1676 601 fundo,
1710 545 1762 590 et
1789 535 2016 606 reliquis
2050 535 2281 590 faculta-

2412 536 2491 607 τὴν
2540 535 2726 606 χώραν
2761 532 2946 597 αὐτοῦ,
3001 533 3093 586 καὶ
3142 532 3209 586 τὰ
3243 527 3735 599 ἐγκαταλείμματα
3776 527 3961 580 αὐτοῦ.

713 633 879 685 ttbus.
914 626 1066 694 Quod
1100 628 1143 682 si
1181 627 1291 680 haec
1327 626 1543 680 illorum
1581 627 1732 689 talia,
1790 643 1899 697 quo
1951 637 2109 695 pacto
2172 643 2280 682 non

708 720 975 786 majorem
1035 720 1138 773 ista
1174 718 1608 774 benedictionem
1669 731 2102 790 consequantur,
2159 736 2284 773 cum

709 810 895 866 divina
927 812 1333 866 sacrosanctior
1370 812 1441 867 sit
1470 818 1631 877 atque
1667 810 2000 879 perfectior?
2051 812 2104 865 In
2141 813 2286 866 hunc

708 918 839 971 ergo
873 903 1094 956 modum
1125 917 1251 957 cum
1289 905 1443 972 prius
1506 901 1810 956 indicatum
1875 903 2139 975 synodale
2188 903 2285 958 de-

710 1002 944 1058 cretum,
968 1002 1021 1048 et
1051 994 1297 1049 insecuta
1330 993 1678 1063 imperatoria
1717 1009 1874 1048 sacra
1934 994 2169 1060 sanctio,
2230 994 2284 1047 in

708 1088 863 1142 nullo
912 1088 1054 1143 inter
1091 1103 1150 1142 se
1199 1086 1530 1157 discrepent,
1585 1095 1851 1143 statutum
1889 1094 1966 1141 est
2005 1095 2062 1140 nt
2090 1094 2289 1156 prater

712 1180 828 1235 haec
860 1180 997 1234 nihil
1043 1178 1191 1233 aliud
1239 1180 1330 1233 ﬁat
1384 1198 1397 1234 :
1459 1178 1553 1234 sed
1585 1194 1925 1250 qureeunqne
1955 1185 2283 1247 praeceptum

712 1281 796 1326 est
829 1287 858 1325 a
890 1272 1274 1328 sacerdotibus
1296 1272 1459 1335 solvi,
1495 1286 1559 1327 ea
1610 1272 1896 1327 SOIVentur
1926 1290 1942 1338 ;
1976 1272 2020 1324 si
2075 1271 2287 1325 numiui

713 1362 847 1428 sint,
874 1363 927 1416 in
961 1361 1201 1417 nummis
1232 1362 1355 1426 :sin
1380 1370 1581 1425 autem,
1608 1361 1661 1414 in
1694 1360 2082 1430 proportionali
2114 1375 2288 1429 quan-

716 1453 878 1506 titate
924 1464 1106 1506 rerum
1174 1452 1555 1508 sanctionibus
1613 1451 1981 1520 imperatoriis
2033 1461 2291 1520 expresse

716 1544 1087 1606 insertarum;
1127 1555 1227 1597 nec
1259 1542 1344 1596 his
1376 1541 1613 1611 amplius
1648 1544 1853 1612 aliquid
1911 1542 2135 1597 nomine
2192 1541 2292 1595 ali-

715 1641 1022 1687 mentorum
1058 1633 1226 1700 illius,
1258 1634 1350 1702 qui
1386 1633 1628 1698 ordimt,
1660 1635 1727 1689 ab
1757 1632 2064 1688 ordinando
2092 1648 2293 1703 expen-

715 1724 900 1781 detur.
965 1724 1320 1795 Quzecunque
1398 1742 1528 1781 vero
1602 1727 1959 1793 requiruntur
2022 1741 2052 1779 a
2113 1725 2289 1790 laicis,

717 1817 1001 1871 solventur
1037 1818 1093 1872 in
1139 1820 1402 1882 nummis,
1426 1826 1478 1873 et
1509 1818 1822 1889 speciebus,
1890 1826 1944 1873 et
1993 1818 2291 1886 argenteis,

718 1916 881 1976 prout
939 1909 1101 1964 dictis
1172 1910 1550 1965 sanctionibus
1606 1910 1951 1966 inseruntur.
2001 1909 2092 1966 Sic
2151 1911 2295 1966 enim

715 2011 822 2053 nec
849 1999 976 2051 olim
1007 1998 1060 2052 in
1088 2000 1311 2069 synodis
1349 1999 1568 2056 decreta
1593 2001 1783 2055 violari
1818 2002 2167 2067 videbuntur,
2198 2017 2299 2056 nec

722 2089 982 2159 deinceps
1007 2090 1364 2160 imperatorio
1398 2093 1612 2148 sancita
1630 2095 1814 2162 jussu,
1844 2094 2071 2162 rejicula
2129 2094 2291 2149 ﬁent:

722 2181 820 2237 sed
854 2191 1085 2252 utraque
1145 2186 1291 2239 inter
1322 2200 1380 2239 sc
1420 2186 1730 2249 conciliata,
1789 2186 2004 2240 cunctis
2051 2185 2105 2239 in
2164 2185 2300 2241 locis

722 2279 886 2339 atque
909 2273 1158 2336 urbibus,
1187 2275 1320 2326 citra
1351 2274 1521 2327 ullum
1548 2274 1995 2344 impedimentum
2038 2276 2298 2331 observa-

723 2364 950 2419 buntur.
969 2367 1146 2436 Atque
1169 2366 1281 2421 haec
1305 2377 1580 2436 excerpta,
1598 2382 1857 2438 moreque
1880 2370 2087 2423 munita
2115 2368 2298 2432 solito,

724 2454 850 2508 data
886 2464 1015 2511 sunt
1048 2473 1236 2513 mense
1266 2457 1423 2519 Maio,
1460 2458 1758 2511 indictione
1786 2474 1840 2511 ι.

1338 2548 1691 2619 Subscriptio.

794 2637 1012 2703 Petrus,
1042 2640 1264 2695 humilis
1286 2641 1551 2697 diaconus
1582 2650 1636 2696 et
1668 2642 2037 2697 chartularius
2065 2642 2303 2697 sanctis—

726 2733 880 2787 sima:
909 2731 1006 2787 Dei
1043 2732 1267 2801 majoris
1292 2731 1579 2789 Ecclesiae.

794 2821 1014 2880 Nicetas
1045 2824 1310 2881 diaconus
1340 2833 1394 2881 et
1422 2825 1792 2881 chartularius
1822 2827 2183 2883 sanctissima:
2214 2826 2303 2880 Dei

728 2918 953 2985 majoris
986 2917 1264 2984 Ecclesiaa,
1292 2920 1548 2988 praesenti
1577 2920 1829 2989 exemplo
1858 2936 1983 2975 cum
2029 2920 2307 2977 insinuato

730 3010 863 3065 mihi
887 3012 1162 3083 originali,
1188 3013 1409 3075 collato,
1434 3022 1489 3067 et
1520 3013 1742 3068 invento
1772 3028 1867 3083 per
1908 3015 2093 3069 omnia
2136 3014 2305 3083 acqui-

728 3103 951 3167 valenti,
989 3105 1310 3176 subscripsi,
1345 3114 1397 3160 ct
1423 3105 1661 3176 sigillum
1697 3107 1953 3177 appendi.

734 3281 798 3338 ll.
827 3278 1115 3349 Synodalt's
1148 3282 1729 3352 epistolqisanctissimi
1766 3293 1813 3336 et
1841 3285 2156 3339 universalis
2211 3301 2304 3352 pa-

809 3352 1075 3413 triarchw,
1109 3352 1308 3404 domini
1338 3350 1580 3415 Nicolni,
1613 3353 1681 3404 ad
1702 3355 1998 3419 piissimum
2023 3350 2306 3421 imperato-

804 3438 911 3473 rem
947 3422 1219 3474 dominum
1253 3422 1495 3475 Alext'um
1517 3421 1862 3485 Comnenum,
1882 3425 2109 3489 probans
2132 3441 2195 3478 ex
2220 3441 2308 3477 sa—

803 3492 911 3544 cris
945 3492 1230 3543 canouibus
1269 3502 1423 3563 atque
1447 3493 1670 3563 legibus.
1704 3508 1804 3546 non
1838 3511 1950 3549 esse
1978 3494 2084 3561 fas,
2115 3504 2170 3547 ut
2201 3496 2309 3563 epi-

805 3574 1047 3627 scopatus
1084 3578 1117 3613 a
1150 3561 1523 3630 metropolibus
1555 3561 1895 3629 auferantur.

803 3716 912 3771 Pro
934 3718 1115 3772 divina
1138 3717 1254 3789 lege
1277 3718 1486 3775 ducens
1517 3721 1618 3790 pia:
1639 3721 1945 3790 majestatis
1980 3732 2087 3779 tuae
2135 3725 2310 3795 jussa,

737 3808 957 3877 quando
1004 3810 1170 3865 etiam
1202 3825 1397 3880 reapse
1447 3812 1596 3880 justa
1635 3820 1766 3867 sunt
1830 3823 1885 3869 et
1935 3796 2123 3886 digna,
2194 3833 2315 3887 quae

736 3898 983 3953 studiose
1046 3908 1354 3966 serventur,
1399 3909 1662 3957 coronate
1718 3904 1983 3962 divinitus
2016 3919 2315 3979 sancteque

734 3990 958 4044 domine
982 3992 1076 4055 mi,
1127 4001 1181 4046 et
1232 4000 1540 4061 praepotens
1596 4009 1663 4049 ac
1719 3996 1972 4051 sublimis
2016 3998 2316 4068 imperator

737 4086 944 4142 noster,
979 4088 1334 4149 posteaquam
1367 4082 1553 4151 accepi
1584 4082 1769 4136 datum
1824 4084 1890 4137 ad
1940 4086 2152 4140 oblatas
2202 4104 2317 4143 ma-

731 4172 917 4241 jestati
946 4181 1053 4226 tua:
1083 4186 1273 4240 preces
1301 4187 1330 4225 a
1354 4173 1611 4239 religioso
1640 4173 1869 4246 Ancyra:
1894 4179 2317 4246 metropolitano

737 4266 924 4318 Niceta
963 4276 1180 4317 sacrum
1234 4264 1585 4334 rescriptum,
1646 4279 1743 4335 per
1796 4264 2032 4336 sigillum
2096 4282 2315 4322 cereum

734 4357 1113 4425 puniceasque
1169 4356 1405 4426 propriae
1434 4371 1629 4411 manus
1664 4356 1882 4412 litteras
1909 4357 2105 4414 idonee
2138 4361 2317 4415 muni-

740 4458 877 4511 tum,
945 4462 1055 4517 quo
1122 4446 1237 4501 haec
1307 4446 1781 4503 continebantur:
1858 4466 1877 4500 ι
1917 4448 2315 4507 Sanctissimus

2388 629 2449 681 Εἰ
2473 628 2529 679 δὲ
2549 626 2771 678 τοιαῦτα
2791 625 2859 678 τὰ
2891 625 3134 687 ἐκείνων,
3166 623 3281 686 πῶς
3302 622 3423 690 οὐχὶ
3452 620 3695 687 μείζονες
3715 617 3964 681 τεύξεται

2386 717 2658 785 εὐλογίας,
2692 714 2987 785 ἱερωτέρας
3020 713 3187 783 οὔσης
3227 716 3324 784 τῆς
3358 711 3531 775 θείας,
3560 713 3653 765 καὶ
3703 709 3965 763 τελεωτέ·

2389 828 2522 880 ρας;
2571 808 2727 861 Οὕτω
2772 806 2930 876 γοῦν,
2968 807 3063 859 τοῦ
3109 804 3627 876 προεκφωνηθέντος
3683 798 3967 855 συνηδικοῦ

2388 901 2787 971 ἐπιστάλματος
2854 898 2949 952 καὶ
3012 896 3107 951 τοῦ
3164 896 3625 965 ἀκολουθήσαντος
3683 890 3971 961 βασιλικοῦ

2389 994 2534 1046 θείου
2585 991 3011 1062 προστάγματος
3048 988 3169 1040 κατ’
3212 988 3368 1040 οὐδὲν
3394 983 3809 1052 διαφωνούντων
3837 982 3976 1050 πρὸς

2388 1085 2616 1154 ἄλληλα,
2642 1084 2763 1137 οὐδὲ
2781 1083 2931 1152 παρά
2953 1080 3122 1135 ταῦτα
3146 1080 3337 1151 ἕτερόν
3364 1097 3417 1130 τι
3435 1077 3682 1147 γίνεσθαι
3703 1076 3943 1146 ὥρισται
3959 1090 3973 1103 ·

2390 1170 2504 1230 ἀλλ’
2539 1176 2637 1229 ὅσα
2677 1176 2775 1243 μὲν
2809 1178 2873 1228 ὲκ
2900 1175 3007 1227 τῶν
3040 1174 3231 1243 ἱερέων
3282 1171 3592 1224 τετῦπωται
3643 1165 3979 1221 καταὸαλλεο

2393 1269 2536 1332 σθαι,
2555 1268 2727 1322 ταῦτα
2749 1267 2814 1337 δὴ
2840 1266 2935 1320 καὶ
2956 1264 3433 1335 καταϐληθήσεται
3453 1282 3466 1294 ·
3494 1262 3854 1329 νομισμάτων
3880 1259 3977 1327 μὲν

2389 1361 2579 1423 ὄντων,
2597 1358 2684 1413 διὰ
2699 1358 3051 1429 νομισμάτων
3071 1375 3083 1387 ”
3104 1357 3177 1426 μὴ
3194 1358 3365 1410 ὄντων
3388 1354 3574 1419 δὲ,’δι.²ι
3597 1355 3694 1423 τῆς
3707 1350 3978 1417 ἀναλόγου

2393 1452 2691 1520 ποσότητος
2715 1450 2823 1502 τῶν
2854 1451 2911 1502 ὲν
2942 1452 3050 1512 τοῖς
3071 1448 3366 1514 βασιλικοῖς
3411 1448 3657 1506 τυπικοῖς
3684 1444 3979 1495 ἁναταττο·

2397 1543 2591 1613 μένωνο
2613 1542 2775 1596 καὶού
2799 1540 2960 1594 πλέον
2977 1540 3202 1602 τούτων,
3224 1538 3362 1606 ὑπὲρ
3378 1533 3786 1606 διατροφῆς-τοῦ
3801 1548 3979 1603 χειρο-

2394 1634 2691 1697 τονοῦντος,
2712 1636 2774 1687 ὲκ
2793 1634 2883 1687 τοῦ
2915 1630 3389 1703 χειροτονουμένου
3409 1647 3440 1680 κ
3458 1627 3552 1681 τοῦ
3572 1625 3980 1693 καταδληθήσε-

2394 1725 2652 1779 ται.”Οσα
2665 1724 2720 1777 δὲ
2734 1719 2887 1784 αὖθις
2910 1725 2972 1775 ἐκ
2984 1722 3091 1775 τῶν
3102 1722 3417 1787 λαῖκῶν,³5ιὰ
3433 1718 3807 1789 νομισμάτων,
3821 1714 3981 1767 εἱδῶν

2394 1834 2453 1869 τε
2475 1818 2565 1870 καὶ
2581 1815 2881 1887 ἀργυρίων,
2896 1816 3004 1868 τῶν
3037 1815 3310 1881 ἀνηητεταγ
3319 1814 3495 1881 μένων
3513 1813 3571 1864 ἐν
3590 1809 3823 1870 τούτοις.
3842 1806 3981 1858 Οὖτιι

2399 1910 2508 1978 γὰρ
2537 1909 2603 1961 τὰ
2658 1907 2827 1961 πάλαι
2862 1905 3156 1968 συνοδικῶς
3199 1904 3487 1974 ὁρισθέντα
3543 1898 3981 1971 παραδαίνεσθαι

2399 2002 2559 2067 δόξει,
2593 2001 2718 2054 οὔτε
2768 2001 2837 2053 τὰ
2904 1999 3200 2070 μετέπειτα
3252 1998 3315 2049 ὲκ
3348 1994 3633 2064 βασιλικῆς
3655 1991 3980 2044 τυπωθέντα

2402 2092 2771 2163 προστάξεως,
2808 2089 3074 2159 ἀθετητέα
3099 2089 3405 2157 γενήσεται.
3459 2084 3617 2136 Ἀλλά
3670 2084 3766 2135 καὶ
3802 2081 3983 2148 ἀς).φὸ-

2400 2202 2537 2255 τερα
2566 2181 3007 2253 συμόιϐασθέντα
3056 2181 3190 2250 πρὸς
3229 2178 3454 2246 ἄλληλα,
3491 2176 3771 2246 κρατητὲα
3829 2172 3983 2224 ἔσται

2402 2276 2720 2338 ἀκωλύτως,
2784 2276 2877 2327 ἐπὶ
2917 2275 3118 2337 πάσαις
3148 2272 3355 2342 χώραις
3408 2271 3502 2322 καὶ
3538 2268 3744 2322 πόλεσι.
3796 2266 3983 2318 Ταῦτα

2403 2369 2853 2439 παρεκὸληθέντα
2900 2368 2994 2420 καὶ
3044 2366 3290 2434 συνήθως
3334 2362 3699 2425 πιστωθέντα,
3747 2357 3985 2426 ἐπεδόθη

2409 2464 2538 2534 μηνὶ
2566 2464 2746 2531 Μαΐῳ,
2781 2461 3159 2529 ὲπινεμήσεως
3188 2465 3237 2512 ι’.

2980 2552 3039 2607 Ἠ
3066 2554 3341 2621 damma;
3352 2551 3407 2616 ἡ.

2479 2648 2682 2717 Πέτρος
2732 2649 2760 2699 ὁ
2809 2642 3031 2713 εὐτελὴς
3085 2643 3336 2704 διάκονος
3388 2641 3485 2693 καὶ
3512 2638 3863 2710 χαρτοφύλαξ
3888 2637 3987 2708 τῆς

2407 2742 2720 2811 ἁγιωτάτης
2750 2738 2841 2792 τοῦ
2862 2736 2997 2789 Θεοῦ
3036 2735 3276 2805 μεγάλης
3316 2733 3666 2802 Ἐκκλησίας.

2480 2834 2729 2905 Νικήτας
2761 2832 3007 2893 διάκονος
3033 2828 3141 2883 καῖ
3174 2827 3521 2899 χαρτοφύλαξ
3548 2825 3645 2893 τῆς
3674 2824 3993 2894 ἁγιωτάτης

2407 2929 2501 2982 τοῦ
2532 2925 2667 2981 Θεοῦ
2702 2923 2947 2994 μεγάλης
2974 2921 3323 2988 Ἐκκλησίας,
3355 2919 3417 2972 τὸ
3461 2918 3636 2988 παρὸν
3667 2918 3782 2969 ἴσον
3836 2916 3989 2969 ἀντι-

2408 3018 2589 3074 6αλὼν
2650 3012 2945 3086 μετά·τοῦ
2997 3012 3423 3080 ὲμφανισθέντος
3478 3026 3567 3079 μοι
3604 3006 3991 3077 πρωτοτύπου,

2409 3113 2503 3165 καὶ
2535 3110 2710 3179 εὑρὼν
2738 3107 2879 3161 κατὰ
2904 3108 3081 3160 πάντα
3102 3102 3306 3168 ἰσάζον,
3342 3101 3637 3172 ὑπέγραψα
3663 3100 3757 3152 καὶ
3787 3100 3996 3169 ἐσφρά-

2334 3220 2379 3279 c
2414 3218 2563 3268 γισα.

2419 3296 2495 3350 B'.
2526 3290 2859 3348 Συγοδικὸν
2896 3288 3132 3357 γράμμα
3174 3284 3281 3339 τοῦ
3323 3281 3771 3357 ἀγιωτᾴτουααι
3796 3284 3999 3357 ouan-

2483 3362 2736 3434 μενικοῦ
2781 3350 3171 3434 ςτ-ατρἰάρᾗσυ,
3204 3350 3418 3434 κυρίου
3443 3350 3800 3434 ’,Νικομέςῃ
3850 3353 3999 3434 προς

2488 3420 2595 3487 τὸν
2621 3420 3365 3491 εὐσεϐέσὲατόἱίβασιλέα.
3396 3422 3584 3490 κῦρον
3599 3420 3873 3483 Ἀλέξων
3893 3421 4000 3491 τὸν

2490 3500 2827 3568 Κομνηνὸν,
2846 3489 3152 3568 παριστῶν
3170 3496 3240 3550 ἐκ
3262 3492 3379 3568 τῷν
3396 3489 3580 3568 ἁγίων
3601 3493 3882 3568 κανότων
3895 3489 4000 3568 καί

2489 3561 2711 3640 νόίιωιλ,
2737 3561 2828 3623 δτι
2860 3561 2978 3640 οὔκ
3017 3566 3262 3630 ἔξεστιν
3304 3562 3687 3640 ᾅξαιρεῖσθσι
3716 3562 3827 3626 τὰς
3884 3561 4004 3614 ἐπι-

2491 3637 2731 3707 σκοπὰς
2759 3640 2882 3694 ἀπὸ
2912 3637 3029 3690 τῶν
3042 3637 3499 3706 μητροπόλεων.

2491 3735 2649 3789 Θεῖον
2681 3733 2848 3803 νόμον
2887 3730 3192 3801 ἡγούμενος
3216 3727 3289 3781 τὰ
3316 3729 3416 3797 τῆς
3442 3724 3703 3787 εὐσεϐοῦς
3726 3741 3825 3777 σου
3852 3722 4007 3793 βασι-

2421 3827 2571 3887 λείας
2604 3826 2953 3893 ἐπιτάγματα
3003 3820 3136 3890 (εἰσὶ
3160 3818 3270 3889 γὰρ
3301 3818 3400 3871 καὶ
3426 3816 3506 3886 τῷ
3534 3819 3652 3869 om
3694 3817 3883 3869 δίκαια
3913 3815 4009 3868 καὶ

2423 3915 2907 3982 ἀξιοσπούδαστα),
2940 3912 3236 3966 θεόστεπτε
3273 3908 3397 3976 am
3444 3907 3682 3960 δέσποτα
3735 3923 3863 3974 μου,
3908 3907 4007 3958 καὶ

2423 4009 2657 4078 κραταιὲ
2694 4008 2786 4059 καὶ
2815 4005 2987 4073 ὑψηλὲ
3022 4002 3181 4072 ἡμῶν
3216 3997 3461 4071 βασιλεῦ,
3490 3998 3785 4068 δεξάμενος
3814 3998 3917 4067 τὴν
3954 3999 4013 4049 ἐν

2425 4106 2491 4173 τῇ
2546 4098 2974 4171 προσενεχθείσῃ
3009 4097 3194 4165 δεήσει
3227 4092 3308 4164 τῷ
3360 4093 3553 4161 κράτει
3589 4108 3685 4143 σου
3727 4091 3883 4159 παρά
3913 4089 4013 4143 τοῦ

2427 4192 2708 4261 θεοφιλοῦς
2744 4188 3143 4261 μητροπολίτου
3189 4184 3464 4255 Ἀγκύρας
3495 4184 3712 4253 Νικήτα
3762 4182 4016 4241 δοθεῖσαν

2426 4285 2578 4338 θείαν
2608 4282 2879 4341 ἐπίλυσιν,
2901 4279 2991 4332 διὰ
3014 4277 3309 4347 σφραγῖδος
3329 4277 3392 4328 ὲκ
3423 4274 3594 4345 κηροῦ
3623 4275 3719 4325 καὶ
3750 4274 4015 4341 φοινικῶν

2426 4374 2763 4445 αὐτοχείρων
2794 4370 3144 4441 γραμμάτων
3168 4368 3231 4421 τὸ
3255 4366 3573 4431 ἀξιόπιστον
3595 4365 3638 4395 ⁸⁸
3667 4364 4016 4432 κεκτημένα,

2428 4469 2526 4539 τὴν
2582 4469 2675 4520 καὶ
2712 4464 3074 4535 περιέχουσαν
3108 4459 3283 4523 οὕτως
3308 4475 3326 4490 ·
3368 4477 3388 4510 ι
3440 4458 3500 4512 '0
3540 4457 3855 4525 ἀγιώτατός
3915 4474 4019 4525 μου

746 4560 764 4591 ι
805 4541 1063 4595 dominus
1122 4555 1281 4596 meus
1309 4548 1364 4596 et
1430 4540 1758 4597 universalis
1812 4542 2147 4610 patriarcha,
2209 4559 2305 4598 una

2432 4581 2451 4613 ι
2492 4560 2761 4629 δεσπότης
2799 4557 2896 4610 καὶ
2947 4553 3329 4624 οἱκουμενικὺς
3356 4551 3733 4621 πατριάρχηςο
3786 4548 3912 4617 ἅμα
3952 4553 4021 4619 τῇ

747 4652 765 4683 ι
812 4648 937 4687 cum
968 4648 1126 4690 sacra
1163 4635 1393 4704 synodo.
1423 4649 1546 4703 quae
1577 4635 1641 4689 ad
1677 4636 1865 4692 urbem
1899 4646 2002 4700 est,
2056 4652 2121 4692 ac
2183 4652 2324 4708 pne-

747 4743 765 4775 ι
806 4734 953 4780 terea
986 4742 1107 4781 cum
1141 4726 1353 4781 ordinis
1387 4728 1645 4781 senatorii
1682 4729 2123 4798 magistratibus,
2188 4744 2327 4799 quos

748 4836 766 4868 ι
811 4818 1169 4887 requisivisti,
1210 4832 1432 4873 causam
1470 4818 1613 4874 hanc
1652 4821 1862 4883 audiat,
1926 4821 2088 4891 eique
2158 4821 2322 4875 linem

750 4928 767 4958 ι
811 4910 1074 4978 imponat,
1126 4909 1336 4980 legibus
1396 4918 1450 4964 et
1508 4911 1814 4965 canonibus
1868 4920 2326 4975 consentaneum,

752 5020 769 5051 ι
813 5002 948 5055 nihil
980 5018 1103 5057 eum
1142 5003 1473 5072 impediente
1499 5004 1727 5073 scripto,
1782 5004 1927 5073 quod
1971 5005 2127 5076 prius
2153 5020 2181 5057 a
2215 5019 2330 5058 ma-

753 5115 769 5143 σ
806 5096 1002 5161 jestate
1031 5110 1151 5151 mea
1190 5094 1395 5151 factum
1435 5106 1560 5151 est:
1610 5103 1776 5165 atque
1830 5097 1921 5152 ubi
1986 5098 2100 5152 haec
2154 5111 2323 5152 causa

755 5207 772 5233 σ
818 5188 1175 5256 pervestigata
1202 5188 1388 5249 fuerit,
1423 5189 1691 5258 majestati
1726 5204 1859 5244 meze
1883 5190 2109 5249 scribat.
2157 5202 2187 5243 a
2221 5203 2328 5258 qua

754 5301 771 5330 ι
820 5280 965 5347 quod
993 5295 1131 5346 opus
1154 5279 1296 5333 facto
1321 5279 1503 5341 fuerit,
1525 5280 1827 5335 curabitur.
1854 5280 2037 5336 Mense
2055 5282 2326 5350 Augusto,

755 5395 770 5423 ι
823 5374 1120 5427 indictione
1148 5389 1220 5428 vn
1259 5390 1272 5426 :
1315 5392 1332 5423 ι
1370 5388 1467 5442 pro
1500 5389 1616 5428 mea
1648 5376 1788 5429 virili
1827 5389 2048 5444 operam
2082 5373 2230 5438 dedi,
2269 5382 2329 5428 ut.

751 5466 938 5519 divino
995 5465 1124 5520 huic
1195 5466 1450 5519 mandato
1517 5465 1916 5521 satisfacerem.
1969 5464 2207 5536 Ideoque
2236 5480 2327 5518 ar-

754 5557 970 5611 cessitis
1042 5556 1174 5611 viris
1232 5557 1546 5622 senatoriis,
1608 5557 1700 5628 qui
1753 5572 1965 5614 mecum
2021 5556 2329 5613 exercendo

2432 4671 2451 4705 ι
2493 4650 2800 4729 ἐνδημούση
2837 4648 2959 4718 ἱερᾷ
2993 4645 3221 4714 συνόδῳ,
3251 4642 3389 4714 πρὸς
3419 4642 3478 4695 δὲ
3523 4644 3620 4694 καὶ
3644 4642 3760 4703 τοῖς
3787 4640 4026 4708 συγκληο

2435 4744 2664 4805 ι’τικοῖς
2725 4742 3009 4809 ἄρχουσιν,
3040 4735 3133 4798 οὓς
3182 4734 3485 4804 ἐζήτησας,
3520 4732 3612 4785 ἶνα
3670 4731 4025 4800 ἀκροάσηται

2434 4857 2453 4890 ι
2496 4838 2595 4907 τῆς
2648 4833 2908 4903 τοιαύτης
2974 4830 3322 4892 ὑποθέσεως,
3376 4828 3473 4880 καὶ
3532 4826 3707 4896 πέρας
3765 4827 4027 4895 ἐπιθήσει

2437 4951 2454 4982 ι
2500 4929 2675 5001 ταύτῃ
2708 4927 2858 4996 νόμῳ
2890 4925 3127 4986 καὶτοῖς
3166 4921 3356 4975 κανόσι
3387 4919 3636 4990 συνᾷδον,
3678 4919 3755 4987 μὴ
3814 4919 4024 4971 milvi.

2440 5040 2458 5071 ι
2506 5037 2664 5090 μενος
2696 5018 2803 5071 ἀπὸ
2841 5016 2937 5069 τοῦ
2972 5013 3369 5083 προγεγονότος
3400 5008 3883 5078 σημειώματοςτῇ
3930 5008 4028 5075 βας

2442 5132 2461 5163 ι
2506 5112 2682 5181 σιλείᾳ
2722 5126 2823 5180 μου
2845 5125 2861 5138 θ
2893 5108 3036 5176 μετά
3067 5107 3126 5159 δὲ
3159 5106 3220 5157 τὸ
3248 5102 3456 5171 ταύτην
3497 5101 3597 5170 τὴν
3628 5100 3898 5153 ὑπόθεσιν
3937 5101 4031 5167 ζηο

2445 5227 2461 5257 ι
2506 5205 2764 5273 τηοῆναι,
2795 5201 2983 5272 γράψῃ
3026 5199 3122 5253 καὶ
3156 5201 3223 5268 τῇ
3290 5195 3537 5266 βασιλεία
3582 5211 3708 5263 μου,
3739 5194 3837 5245 καὶ
3874 5194 4030 5260 παρὰ

2446 5316 2463 5346 ι
2513 5296 2717 5364 ταύτης
2750 5297 2811 5346 τὸ
2832 5294 2952 5346 δέον
2976 5291 3493 5360 οίκονομηθήσεται.
3522 5286 3673 5356 Μηνὶ
3705 5286 4028 5352 Αὐγούστῳ.

2443 5408 2460 5439 ι
2501 5387 2880 5454 έπινεμήσεως
2927 5383 2973 5447 ζ’
2994 5401 3009 5415 ·
3052 5401 3070 5435 ι
3114 5384 3358 5435 ἔσπευσα
3406 5380 3545 5432 κατά
3600 5378 3661 5431 τὸ
3718 5377 4031 5447 turrigeram

2435 5480 2533 5550 τὴν
2556 5480 2856 5531 θεσπεσίαν
2883 5477 3094 5546 ταύτην
3128 5474 3414 5545 πληρῶσαι
3442 5472 3735 5540 ἐπιταγήν.
3762 5471 3876 5522 Καὶ
3893 5470 4031 5537 δῆτα

2443 5570 2898 5641 μετακληθέντων
2926 5570 3035 5623 τῶν
3082 5569 3180 5623 σῦν
3212 5568 3337 5639 ἐμοι
3361 5565 3672 5634 ταχθέντων
3699 5562 3937 5629 πονῆσαι
3968 5564 4030 5629 τῇ

2034 5753 2266 5810 ἾΑΒΙᾸΞ
2316 5750 2718 5809 LECTlONES.

831 5873 877 5904 "‘
910 5870 1277 5943 κεκτημένην.
