4176 6446
149 392 261 454 873

1430 383 1475 443 G
1489 378 2137 445 RECO-ROMANUM.

3309 382 3414 446 871i

144 521 163 554 1
196 517 292 562 τος
342 498 641 558 ἐπίσκοπος
712 495 1063 557 Νικοπόλεως
1134 494 1374 556 παλαιᾶς
1438 492 1721 560 Ἠπείρου,

1841 511 1857 542 ι
1895 495 2059 562 tiquze
2084 493 2255 562 Epiri,
2289 495 2428 548 dixit
2460 514 2470 547 :
2504 494 2747 549 Canonis
2783 494 2889 549 haec
2936 495 3100 550 verba
3133 503 3301 549 sunt:
3351 496 3417 549 lit

141 607 160 641 1
202 586 355 642 εἶπεν
384 604 399 617 ·
458 586 519 639 Ὀ
552 584 736 639 κανὼν
762 584 905 638 οὕτω
936 582 1266 653 διαγορεύει.
1324 583 1485 635 ’Ὥστε
1532 583 1590 633 ἐν
1626 581 1726 650 μιᾷ

142 700 159 731 1
198 682 405 748 ἐκάστῃ
436 677 545 731 τῶν
574 677 852 747 ἐπαρχιῶν
893 675 956 729 τὸ
990 674 1155 747 κῦρος
1186 674 1330 745 ἔχειν
1359 673 1452 727 τὸν
1480 672 1581 742 τῆς
1618 688 1725 741 μη-

141 792 160 825 1
196 773 531 843 τρο-πόλεως,
563 772 656 823 καὶ
676 768 841 822 αὑτὸν
883 767 1151 838 καθιστᾷν
1207 768 1417 829 πάντας
1450 766 1577 829 τοὺς
1621 764 1726 816 ὑπὸ

141 882 159 914 1
192 865 297 931 τὴν
336 862 508 930 αὐτὴν
541 858 813 929 ἐπαρχίαν
845 858 1005 916 ὄντας
1052 858 1406 919 ἐπισκόπους.
1436 854 1545 909 Καὶ
1585 853 1726 923 αὕτη

143 970 161 1003 1
194 952 347 1005 ἐστὶν
382 954 415 1020 ἡ
455 950 665 1003 διάνοια
692 949 783 1002 τοῦ
823 949 1073 1012 κανόνος.
1126 947 1217 1018 Τῷ
1263 948 1321 1001 δὲ
1350 948 1448 1016 τῆς
1480 947 1725 1016 Νικομη-

138 1064 155 1094 1
195 1046 372 1106 δείας,
421 1040 610 1110 ἐπειδὴ
654 1040 714 1104 ἐξ
748 1026 977 1111 ἀρχαίοῦ
1021 1039 1160 1108 αὕτη
1210 1038 1545 1109 μητρόπολίς
1585 1040 1722 1101 ἐστι,

141 1154 157 1183 ι
197 1132 633 1203 κεχρεώστηται,
688 1132 897 1195 πάντας
948 1132 1076 1194 τοὺς
1134 1131 1241 1184 ὑπὸ
1290 1130 1391 1200 τὴν
1456 1130 1724 1199 ἐπαρχίαν

139 1244 157 1277 1
195 1226 366 1279 αὑτοῦ
389 1225 545 1287 ὄντας
583 1223 920 1285 ἐπισκόπους
948 1225 1294 1295 χειροτονεῖν.
1340 1222 1406 1275 Ἥ
1434 1222 1565 1288 ἁγία
1596 1221 1723 1273 σύν-

140 1335 157 1366 ι
191 1317 316 1378 οδος
357 1314 479 1369 εἷπε
503 1333 518 1348 ’
571 1317 759 1370 Ταῦτα
784 1315 983 1379 πάντες
1020 1312 1560 1385 βουλόμεθα.“-Ταῦτα
1589 1329 1726 1365 παν⁸

138 1424 156 1457 1
197 1406 373 1475 ταχοῦ
403 1408 702 1477 κρατείτω.
745 1407 934 1460 Ταῦτα
959 1408 1128 1460 πᾶσιν
1157 1405 1407 1475 ἀρέσκει.
1448 1403 1724 1473 Ἰωάννης.

139 1519 157 1549 1
194 1501 631 1563 Κωνσταντίνος,
657 1498 961 1569 πατρίκιοι,
985 1500 1079 1553 καὶ
1105 1498 1156 1551 οἱ
1187 1497 1366 1550 λοιπο)⁹
1398 1494 1727 1549 εὐλαϐέστα-

142 1612 161 1644 1
197 1611 286 1646 τοι
314 1593 609 1646 ἐπίσκοποι
637 1595 735 1662 τῆς
773 1594 1038 1661 Ποντικῆς
1068 1592 1407 1662 διοικήσεως,
1450 1584 1623 1642 εἷπον·
1664 1590 1725 1640 Oi

138 1704 158 1737 1
198 1687 428 1749 κανόνες
455 1687 553 1739 ἱνα
587 1689 735 1739 ίσασι
760 1684 1190 1757 μητροπολίτην,
1232 1686 1324 1737 τὸν
1348 1684 1721 1753 ἀρχαιότερον.

140 1796 157 1826 ι
199 1778 316 1830 Καὶ
360 1778 538 1845 δῆλον,
575 1777 651 1839 ὡς
689 1776 768 1846 τῷ
805 1774 1207 1843 θεοφιλεστάτῳ
1235 1774 1520 1841 ἐπισκόπῳ
1565 1773 1726 1824 Νικο-

1839 600 1859 632 1
1901 582 1957 635 in
2009 584 2365 652 unaqualihct
2429 586 2710 652 provincia
2762 586 3081 656 metropolis
3125 588 3417 656 episcopus

1840 692 1859 725 1
1895 674 2279 729 auctoritatem
2330 676 2564 739 habeat,
2617 686 2783 747 atque
2840 679 2886 733 is
2944 680 3060 749 ipse
3116 680 3420 733 constituat

1840 783 1858 815 1
1898 780 2111 831 omnes,
2137 767 2228 836 qui
2258 768 2362 822 suh
2390 768 2580 823 eadem
2616 771 2895 837 provincia
2930 781 3079 836 sunt,
3103 774 3418 841 episcopos.

1842 874 1859 905 1
1899 856 1965 910 Et
1996 857 2110 912 haec
2141 860 2371 913 canonis
2407 875 2562 913 mens
2590 871 2696 914 ρει.
2736 860 2804 913 At
2846 860 3251 916 Nicomediensi
3296 866 3418 931 cpi-

1840 966 1860 999 1
1899 963 2090 1018 scopo.
2125 951 2387 1018 quoniam
2436 950 2549 1004 haec
2596 952 2728 1006 urbs
2770 966 2799 1003 a
2845 952 3045 1021 priscis
3083 955 3301 1007 smculis
3340 965 3422 1009 cst

1838 1058 1857 1091 1
1896 1042 2235 1108 utetmpolis.
2267 1042 2370 1094 hoc
2407 1044 2587 1111 ipsum
2621 1044 2874 1109 debetur,
2902 1054 2961 1098 ut
2987 1059 3178 1099 Omnes
3205 1046 3422 1115 cpisco-

1838 1149 1856 1182 1
1896 1147 1995 1200 pos
2051 1134 2143 1201 qui
2206 1134 2328 1202 ejus
2403 1136 2681 1203 provincia
2746 1139 3119 1203 rentiuentur,
3179 1140 3415 1195 ordinet.

1838 1239 1857 1272 1
1897 1224 2095 1275 Sancta
2129 1222 2371 1293 synodus
2408 1226 2579 1279 dixit:
2607 1228 2732 1281 Haec
2758 1244 2951 1282 omnes
2981 1230 3257 1285 volumus.
3293 1231 3416 1285 ΙΙωο

1845 1330 1863 1363 1
1904 1314 2109 1383 uhique
2140 1324 2259 1367 rata
2296 1324 2482 1369 sunto.
2526 1317 2648 1371 llzrc
2683 1321 2901 1385 placent
2936 1323 3224 1375 universis.
3259 1319 3421 1375 Joan-

1841 1424 1859 1456 1
1900 1420 1997 1461 nes
2024 1415 2077 1461 et
2104 1407 2527 1472 Constantinus,
2574 1410 2810 1478 patrimi,
2861 1414 3157 1481 czrterique
3201 1414 3419 1481 religio-

1841 1516 1860 1548 1
1900 1498 2102 1553 sissimi
2130 1501 2370 1570 episcopi
2401 1500 2641 1556 Ponticae
2671 1503 2953 1567 dimcesis,
2990 1504 3279 1559 dixerunt:
3313 1507 3420 1560 Ca-

1841 1608 1859 1640 1
1899 1607 2073 1647 nones
2123 1608 2291 1646 ttnunt
2350 1593 2500 1646 illum
2561 1604 2870 1662 agnosCunt
2942 1597 3420 1664 metropolitanum

1841 1698 1859 1729 1
1903 1682 1994 1750 qui
2042 1683 2324 1751 antiquior
2373 1694 2473 1737 cst.
2521 1686 2781 1753 Adeoque
2821 1685 3119 1739 manifesto
3151 1696 3319 1755 patet,
3355 1690 3421 1738 ad

1843 1792 1861 1823 1
1912 1775 2386 1844 religiosissimum
2426 1774 2903 1830 Niconnedicnscm
2942 1780 3260 1849 episcopum
3303 1796 3425 1849 per-

140 1885 157 1918 1
201 1868 435 1937 μηδείας
473 1868 823 1935 διαφέρουσιν
876 1867 934 1917 αἱ
970 1864 1314 1935 χειροτονίαι.
1364 1860 1582 1931 Ἐπειδὴ
1637 1861 1729 1912 καὶ

1843 1884 1859 1916 1
1901 1867 2076 1921 tinere
2116 1866 2512 1921 ordinationes.
2553 1866 3008 1937 Quandoquidem
3036 1871 3115 1923 ha:
3163 1871 3329 1940 leges,
3369 1874 3419 1924 id

143 1977 161 2010 1
197 1962 254 2012 αἱ
281 1958 623 2028 νομοθεσίαι,
669 1959 744 2021 ὡς
784 1958 991 2010 σύνοιδε
1032 1959 1125 2010 καί
1163 1958 1196 2025 ἡ
1227 1954 1468 2025 ὑμετέρα
1503 1953 1735 2024 μεγαλο-

142 2066 159 2100 1
198 2049 481 2119 πρέπεια,
534 2048 761 2119 ὀνόματι
822 2047 1213 2118 μητροπόλεως
1266 2046 1414 2115 μόνῳ
1468 2044 1734 2115 ἐτίμησαν

142 2159 159 2191 ι
197 2142 301 2212 τὴν
322 2141 601 2194 Νικαέωνο
632 2142 970 2209 προτιμᾶται
989 2140 1045 2192 δὲ
1062 2139 1170 2193 τῶν
1197 2138 1397 2192 λοιπῶν
1419 2138 1735 2191 ἐπισκόπων

144 2254 159 2285 ι
197 2236 302 2303 τῆς
338 2233 607 2303 ἐπαρχίας
634 2236 702 2303 τῇ
733 2236 865 2303 τιμῇ
890 2234 1027 2303 μόνῃ
1058 2248 1070 2262 °
1102 2236 1135 2301 ὴ
1167 2233 1299 2299 ἁγία
1332 2231 1548 2294 σύνοδος
1586 2226 1730 2283 εἷπε·

142 2346 159 2378 1
198 2324 527 2388 Κανονικῶς
596 2323 866 2389 ἐδίδαξαν.
929 2324 1125 2387 Καλῶς
1193 2324 1462 2390 ἐδίδαξαν.
1528 2322 1734 2384 Πάντες

142 2439 157 2467 1
195 2419 268 2470 τὰ
306 2417 447 2470 αὐτὰ
487 2416 744 2485 λέγομεν,
780 2418 889 2469 Καὶ
939 2414 1099 2478 αὖθις
1132 2416 1181 2468 oi
1232 2415 1460 2477 κανόνες
1512 2414 1731 2483 κρατεί-

142 2529 161 2562 1
195 2528 404 2565 τωσαν.
442 2510 567 2571 Τοῖς
598 2510 791 2562 κανόσι
825 2509 886 2561 τὸ
916 2507 1101 2561 ἰκανὸν
1150 2507 1413 2576 γενέσθω.
1456 2501 1557 2559 Ὧν
1591 2505 1735 2558 οὕτω

145 2621 163 2652 1
200 2601 594 2664 συνδΟΞάντων,
628 2600 1005 2671 συμπέρασμα
1034 2600 1317 2669 ἐπήγαγον
1368 2599 1416 2650 oi
1451 2596 1733 2667 ἄρχοντες,

146 2712 164 2745 1
201 2695 302 2747 καὶ
339 2694 643 2763 ἀπόφασιν,
690 2692 924 2761 ἔχουσαν
956 2691 1153 2755 οὕτως’
1190 2690 1301 2760 Τὴν
1328 2690 1426 2759 μὲν
1447 2689 1734 2742 αὐθεντίαν

145 2805 163 2837 1
197 2786 297 2839 τοῦ
335 2785 739 2854 μητροπολίτου
766 2788 822 2838 ὲν
862 2786 979 2846 ταῖς
1012 2783 1157 2836 κατά
1183 2782 1440 2836 Βιθυνίαν
1505 2781 1734 2849 Ἐκκλη-

146 2893 166 2928 1
204 2878 354 2940 σίαις
381 2879 409 2928 ό
444 2876 816 2946 Νικομηδείας
854 2874 1245 2936 εὐλαόὲστατος
1272 2873 1570 2936 ἐπίσκοπος
1600 2871 1732 2936 ἕξει·

147 2986 167 3020 1
200 2968 301 3021 τοῦ
347 2969 606 3030 Νικαίας,
647 2967 746 3036 τὴν
792 2967 958 3037 τιμὴν
1004 2967 1172 3037 μόνην
1202 2966 1297 3019 τοῦ
1335 2963 1734 3035 μητροπολίτου

146 3076 164 3107 1
209 3056 450 3125 ἔχοντος,
486 3056 854 3124 ὑποκειμένου
882 3055 937 3106 δὲ
969 3054 1112 3107 κατὰ
1162 3054 1392 3125 μίμησιν
1421 3052 1528 3105 τῶν
1559 3051 1735 3106 ἄλλων

146 3166 165 3198 1
206 3148 530 3200 ἐπισκόπων
579 3149 677 3215 τῆς
723 3148 1014 3217 ἐπαρχίας,
1075 3145 1153 3215 τῷ
1207 3144 1307 3214 τῆς
1340 3144 1733 3215 Νικομηδείας.

152 3257 168 3290 ι
205 3240 381 3292 Τοῦτο
412 3240 521 3310 γὰρ
546 3241 640 3292 καὶ
678 3242 744 3309 τῇ
780 3239 911 3309 ἁγίᾳ
945 3238 1193 3310 παρέστη
1229 3238 1453 3308 συνόδῳ.
1494 3257 1513 3289 ι

210 3326 293 3395 Τῇ
320 3326 547 3397 τοιαύτῃ
590 3326 755 3396 ψήςςῳ
783 3328 877 3380 καὶ
924 3327 1054 3394 ἁγία
1096 3326 1312 3390 σύνοδος
1361 3328 1736 3399 ἐπακολουθή-

147 3438 309 3488 σασα,
361 3423 453 3475 τὸν
506 3422 568 3491 ιβ’
619 3423 821 3477 κανόνα
869 3412 1271 3494 ὑπηγόρευσεν,
1320 3423 1735 3494 ἀπαγορεύοντα

140 3511 242 3581 τὴν
281 3512 414 3580 μίαν
446 3510 720 3580 ἐπαρχίαν
765 3512 844 3573 είς
879 3510 973 3563 δύο
1004 3512 1464 3582 κατατέμνεσθαι,
1503 3511 1600 3564 καὶ
1632 3528 1737 3581 μη·-

144 3603 471 3673 τροπο).ίτας
501 3603 594 3656 δύο
620 3606 676 3655 ἐν
712 3604 810 3673 μιᾷ
849 3602 1089 3674 ἐπαρχίᾳ
1114 3599 1255 3656 εἶναι
1289 3620 1302 3632 ·
1345 3604 1440 3656 καὶ
1476 3602 1735 3673 καθαίρε-

147 3712 231 3748 σιν
269 3694 602 3749 ἀπεντεῦθεν
634 3695 933 3748 ἀπειλοῦσα
980 3696 1059 3766 τῷ
1112 3698 1175 3749 ἐκ
1226 3694 1564 3768 περιδρομῆς
1608 3693 1731 3746 τολ-

148 3792 379 3859 μήσοντι
414 3790 698 3860 ἐπισκόπῳ
728 3789 816 3843 διὰ
871 3789 1015 3843 θείου
1060 3789 1233 3843 τύπου
1286 3788 1444 3841 τοῦτο
1507 3787 1691 3841 λαόεἶν
1718 3801 1733 3816 °

146 3882 240 3932 καὶ
276 3881 636 3944 θεσπίζουσα,
684 3880 776 3931 τὸν
828 3880 1129 3933 ἐπίσκοπον
1180 3880 1272 3933 τὸν
1330 3883 1397 3934 ἐκ
1448 3880 1735 3950 βασιλικῆς

146 3973 393 4039 ἐξουσίας
436 3973 537 4042 ἠδη
570 3971 1031 4042 μητροπολιτικὸν
1075 3971 1336 4042 εἰληφότα
1362 3972 1592 4038 δίκαιον,
1635 3973 1733 4041 μόνι

145 4083 242 4134 νης
283 4064 579 4118 ἀπολαύειν
608 4067 709 4135 τῆς
742 4064 933 4133 τιμῆς,
996 4064 1322 4134 σωζομένων
1356 4065 1634 4133 ἀκεραίων
1667 4068 1731 4135 τῇ

144 4158 286 4211 κατὰ
346 4157 610 4225 ἀλήθειαν
643 4154 977 4226 μητροπόλει
1044 4154 1154 4209 τῶν
1199 4155 1418 4210 οἰκείων
1486 4156 1731 4210 δικαίων.

150 4252 301 4321 Ἔχει
326 4252 384 4303 δὲ
415 4254 444 4304 ό
481 4249 664 4304 κανὼν
689 4249 885 4311 οὕτως’

222 4361 242 4393 1
281 4337 491 4394 Ἦλθεν
542 4342 622 4403 είς
654 4342 824 4410 ἡμᾶς,
860 4340 936 4403 ὥς
984 4357 1132 4403 τινες
1181 4340 1333 4410 παρὰ
1362 4341 1488 4403 τοὺς
1538 4342 1735 4409 ἐκκλη-

150 4450 168 4482 1
206 4433 525 4493 σιαστικοὺς
573 4431 813 4500 θεσμοὺς
852 4431 1299 4501 προσδραμόντες
1365 4431 1729 4496 δυναστείαις,

1847 1977 1864 2008 1
1901 1957 2048 2026 quod
2078 1958 2240 2010 etiam
2268 1968 2459 2012 vestra:
2485 1967 2705 2012 constat
2732 1959 3172 2029 magniﬁcentiae.
3202 1963 3425 2015 nomine

1843 2067 1861 2099 1
1902 2049 2171 2103 duntaxat
2248 2053 2567 2119 metropolis
2640 2049 2917 2105 Niczenam
2994 2053 3268 2105 civitatein
3329 2071 3424 2109 cu-

1843 2159 1862 2189 1
1900 2140 2267 2194 honestarunt
2303 2159 2315 2192 :
2351 2141 2512 2209 cujus
2557 2142 2790 2197 antistes
2817 2143 3090 2211 episcopis
3129 2146 3425 2212 provinciae

1843 2248 1860 2279 1
1904 2232 2117 2283 caeteris
2157 2230 2363 2284 honore
2392 2232 2513 2285 solo
2558 2228 2849 2299 praefertur
2884 2248 2897 2285 :
2936 2243 3129 2286 sancta
3175 2237 3422 2303 synodus

1843 2338 1861 2371 1
1903 2320 2043 2373 dixit
2072 2338 2083 2372 :
2115 2318 2177 2372 lli
2225 2322 2490 2375 canonice
2520 2336 2630 2374 rem
2662 2332 3057 2391 exposuerunt.
3105 2323 3273 2379 Recte
3306 2342 3421 2381 rem

1844 2429 1863 2462 1
1901 2422 2293 2480 exposuerunt.
2329 2411 2533 2465 Omnes
2582 2412 2772 2466 eadem
2808 2411 3067 2468 dicimus.
3104 2416 3168 2468 Et
3198 2432 3419 2470 rursum

1842 2520 1860 2553 1
1900 2517 2139 2556 canones
2178 2503 2281 2555 rati
2317 2515 2499 2557 sunto.
2546 2505 2867 2560 Canonibus
2902 2507 3160 2561 satisfiat.
3206 2507 3422 2574 Quibus

1843 2612 1861 2645 1
1905 2594 1978 2647 ita
2016 2596 2385 2649 communiter
2432 2598 2772 2666 approbatis.
2818 2601 3232 2656 conclusionem
3277 2602 3425 2657 intu-

1844 2705 1863 2737 1
1901 2686 2011 2740 lere
2055 2688 2315 2757 praesides
2354 2727 2371 2751 ,
2436 2697 2602 2758 atque
2668 2691 2993 2744 sententiain
3054 2692 3369 2760 hujnsmodi
3405 2709 3423 2751 ι

1844 2798 1863 2831 1
1901 2779 2299 2834 Auctoritatem
2331 2782 2737 2851 metrOpolitani
2784 2782 2837 2835 in
2859 2781 3127 2839 Ecclesiis
3155 2785 3424 2856 Bithynia:

1844 2890 1863 2922 1
1907 2871 2358 2941 religiosissimus
2386 2872 2822 2929 Nicontediensis
2854 2878 3145 2945 episcopus
3179 2878 3420 2939 habebit.

1848 2980 1867 3012 1
1908 2960 2131 3017 NiCa-no
2189 2965 2599 3033 metropolitani
2651 2964 2919 3020 duntaxat
2969 2967 3230 3022 honorent
3282 2971 3425 3023 01η·-

1847 3074 1866 3108 1
1908 3065 2093 3123 nente,
2141 3057 2424 3127 nihiloque
2463 3059 2644 3113 minus
2684 3059 2751 3112 ad
2803 3060 3164 3115 imitationem
3201 3071 3425 3116 cretero-

1846 3162 1865 3194 1
1902 3158 2025 3198 rum
2080 3144 2375 3213 provinciae
2404 3146 2813 3216 episcowrum,
2860 3147 3262 3204 Nicomedieusi
3292 3152 3424 3206 suh-

1846 3254 1865 3288 1
1903 3236 2038 3291 dito.
2090 3237 2225 3290 Nam
2259 3237 2364 3290 hoc
2408 3238 2479 3291 ita
2520 3253 2690 3292 sacra:
2746 3240 2923 3294 visum
2956 3250 3040 3293 est
3072 3242 3300 3311 synodo.
3334 3261 3353 3294 ι

1912 3328 2029 3384 lloe
2085 3330 2276 3384 eadem
2331 3341 2520 3384 sancta
2574 3331 2817 3398 synodus
2870 3342 3057 3385 secuta
3112 3335 3418 3399 decretum,

1838 3438 2103 3477 canoneni
2154 3422 2535 3476 duodecimum
2602 3424 2853 3487 dictavit,
2900 3425 3304 3493 prohibentem,
3354 3443 3421 3480 ne

1839 3529 1946 3568 una
1984 3513 2267 3583 provincia
2310 3515 2593 3568 scindatur
2640 3513 2695 3567 in
2744 3513 2905 3580 duas,
2937 3531 3073 3570 neve
3108 3518 3422 3587 metropoli-

1839 3603 1951 3657 tani
1990 3604 2101 3657 duo
2147 3605 2199 3657 in
2253 3620 2362 3659 una
2412 3604 2696 3671 provincia
2742 3605 2873 3661 sint.
2914 3606 3087 3660 Simul
3120 3606 3422 3661 abdicatio-

1838 3709 1961 3750 nem
2002 3694 2264 3763 episcopo
2314 3696 2682 3750 comminatur
2726 3695 2781 3749 in
2825 3706 3130 3763 posterum,
3171 3698 3264 3767 qui
3311 3700 3422 3752 cir-

1837 3786 2288 3842 cumcursitando
2320 3804 2415 3856 per
2436 3789 2646 3857 apicem
2682 3803 2900 3843 sacrum
2925 3790 2977 3843 id
3002 3799 3315 3847 tentaturus
3347 3795 3418 3847 sit

1837 3879 2101 3947 consequi
2140 3889 2155 3931 :
2194 3880 2473 3940 sanciens,
2502 3888 2561 3932 ut
2594 3880 2640 3934 is
2672 3880 2987 3949 episc0pus,
3017 3882 3108 3951 qui
3144 3883 3215 3936 ah
3250 3884 3391 3949 impe.

1841 3970 2046 4022 ratoria
2083 3978 2354 4038 potestate
2401 3970 2493 4039 jus
2541 3972 3007 4041 metropoliticum
3057 3973 3169 4041 jam
3220 3985 3416 4028 nactus

1838 4064 1929 4122 sit.
1997 4062 2202 4116 honore
2251 4061 2517 4115 duntaxat
2566 4062 2802 4129 fruatur,
2861 4064 3029 4119 salvis
3080 4075 3136 4118 et
3188 4068 3417 4135 integris

1836 4167 1979 4207 verae
2029 4153 2320 4222 metropoli
2375 4155 2492 4209 suis
2543 4155 2784 4224 jurihus.
2842 4155 2975 4224 Ejus
3016 4158 3248 4212 canonis
3301 4158 3416 4211 haec

1837 4246 2002 4300 verba
2048 4256 2177 4299 sunt
2210 4261 2225 4302 :

1914 4352 1933 4385 1
1967 4332 2224 4390 Pervenit
2267 4335 2335 4388 ad
2370 4349 2493 4399 nos,
2540 4334 2806 4405 quosdam
2843 4347 3040 4405 praeter
3082 4339 3417 4393 ecclesiasti-

1844 4448 1863 4480 1
1900 4443 1996 4483 cas
2037 4428 2183 4499 leges
2221 4427 2286 4481 ad
2327 4442 2444 4492 eos,
2491 4430 2585 4499 qui
2636 4445 2820 4484 rerum
2870 4432 3177 4500 potiuntur,
3216 4447 3413 4487 accur.

150 4534 170 4565 1
203 4517 293 4569 δια
340 4518 743 4588 πραγματικῶν
783 4517 880 4585 τὴν
928 4517 1056 4587 μίαν
1101 4518 1370 4588 ἐπαρχίαν
1397 4521 1474 4581 είς
1503 4520 1597 4573 δύο
1627 4538 1727 4573 κα-

1842 4538 1861 4570 1
1896 4519 2070 4584 risse,
2102 4534 2305 4589 perque
2335 4521 2698 4589 pragmaticas
2728 4522 3042 4576 sanctiones
3090 4538 3251 4577 unam
3285 4540 3415 4594 pro-

153 4623 172 4658 1
206 4607 455 4675 τέτεμον.
514 4609 602 4669 Ὠς
634 4609 698 4659 ἐκ
744 4607 934 4659 τούτου
990 4606 1084 4660 δύο
1140 4609 1540 4679 μητροπολίτας
1589 4606 1727 4663 εἶναι

150 4717 168 4747 1
204 4702 262 4751 ἐν
309 4702 374 4769 τῇ
404 4700 546 4769 αὐτῇ
595 4700 858 4768 ἐπαρχίᾳ.
892 4700 1086 4770 "Optas
1123 4701 1301 4753 τοίνυν
1346 4703 1381 4770 ή
1435 4702 1567 4769 ἁγία
1599 4702 1726 4755 σύν-

146 4806 167 4842 1
196 4790 339 4853 οδιος,
384 4790 481 4842 τοῦ
508 4790 696 4841 λοιποῦ
738 4790 903 4858 μηδὲν
945 4789 1188 4842 τοιοῦτον
1216 4790 1518 4857 τολμᾶσθαι
1578 4794 1728 4862 παρά

148 4898 167 4933 1
205 4883 532 4934 ἐπισκόπου.
586 4882 804 4951 Ἐπειδὴ
878 4882 969 4934 τὸν
1041 4882 1271 4952 τοιούτῳ
1327 4885 1725 4955 ἐπιχειροῦντα,

150 4989 168 5021 1
205 4972 499 5024 ἐκπίπτειν
521 4972 613 5025 τοῦ
666 4974 796 5025 ίδίου
833 4973 1063 5042 βαθμοῦ,
1112 4974 1276 5029 Ὂσαι
1326 4975 1383 5029 δὲ
1422 4978 1604 5040 πόλεις
1639 4977 1726 5029 διά

151 5079 170 5112 1
204 5064 556 5132 γραμμάτων
586 5062 882 5132 βασιλικῶν
924 5064 1003 5135 τῷ
1032 5065 1129 5134 τῆς
1178 5068 1566 5137 μητροπόλεως
1615 5070 1725 5121 ἐτιο

150 5171 170 5202 1
212 5156 467 5225 μήθησαν
496 5157 746 5227 ὀνόματι,
776 5160 943 5227 μόνης
972 5159 1393 5213 ἀπολαυέτωσαν
1418 5162 1515 5230 τῆς
1543 5162 1726 5233 τιμῆς,

154 5263 172 5296 1
206 5250 305 5299 καὶ
330 5250 356 5300 ό
394 5251 496 5320 τὴν
532 5250 863 5318 Ἐκκλησίαν
912 5252 1081 5322 αὐτῆς
1136 5253 1356 5305 διοικῶν
1405 5255 1727 5317 ἐπίσκοπος,

154 5358 171 5389 1
216 5342 545 5411 σωζομένων
566 5343 811 5412 δηλονότι
841 5346 906 5413 τῇ
932 5345 1075 5397 κατά
1104 5344 1365 5413 ἀλήθειαν
1398 5349 1729 5416 μητροπόλει

152 5448 173 5481 1
208 5432 319 5484 τῶν
340 5434 554 5487 οίκείων
573 5435 819 5490 δικαίων.
844 5455 862 5486 ι
896 5431 989 5498 Οἷς
1020 5436 1309 5507 σύμψηφος
1332 5438 1550 5505 ἐγένετο
1579 5440 1673 5492 καὶ
1701 5442 1729 5493 ὁ

151 5520 403 5587 βασιλεὺς
432 5525 765 5593 Μαρκιανὸς,
798 5526 897 5595 τὴν
928 5526 1076 5579 θείαν
1106 5528 1310 5599 ταύτην
1344 5528 1729 5599 ὑπαγορεύσας

149 5626 413 5678 οεαταςιν.

224 5724 245 5755 1
288 5705 393 5757 Τὸν
433 5708 839 5780 ἀφαιρούμενον
888 5711 1095 5775 πόλεως
1148 5714 1509 5785 οἱασδήποτε,
1566 5718 1734 5775 πάλαι

156 5815 175 5847 1
210 5796 401 5867 οὔσης,
435 5801 467 5869 ἦ
495 5801 587 5852 νῦν
616 5804 987 5872 πολισθείσης.
1010 5807 1070 5857 τὸ
1098 5807 1197 5876 τῆς
1226 5808 1400 5876 ίδικῆς
1423 5811 1733 5882 ἐπισκοπῆς

438 5899 707 5957 Ρηιιοι..
758 5898 875 5957 (in.
912 5900 1111 5958 (ΣΧΙῖ

1842 4634 1861 4667 1
1903 4617 2137 4672 vinciam
2188 4616 2243 4669 in
2275 4616 2412 4669 duas
2451 4614 2726 4671 divisisse.
2750 4617 2871 4679 Quo
2916 4615 3009 4669 ﬁat
3046 4628 3104 4671 ut
3134 4617 3187 4671 in
3222 4618 3411 4672 eadem

1842 4728 1861 4761 1
1905 4709 2188 4780 provincia
2221 4710 2329 4763 duo
2360 4710 2472 4764 sint
2520 4710 2949 4779 metropolitani.
3000 4709 3247 4764 Decrevit
3279 4726 3412 4780 ergo

1841 4820 1860 4852 1
1900 4810 2089 4855 sancta
2131 4802 2401 4870 synodus,
2439 4803 2493 4856 in
2536 4810 2816 4871 posterum
2862 4801 2930 4855 ab
2980 4801 3237 4872 cpiscOpo
3274 4804 3408 4857 nihil

1838 4910 1862 4943 1
1903 4893 2009 4947 tale
2071 4894 2415 4947 tentandum.
2501 4891 2712 4962 Quippe
2786 4893 2880 4961 qui
2953 4892 3059 4945 hoc
3134 4893 3406 4953 ιιιοΙίι-ιιιτ,

1843 5002 1862 5034 1
1903 4984 2076 5055 gradu
2131 4999 2233 5039 suo
2280 4984 2517 5040 excidet.
2558 4984 2910 5054 Qtuecunque
2974 5001 3105 5040 vero
3155 4986 3409 5040 civitates

1839 5095 1857 5128 1
1897 5092 1995 5147 per
2068 5076 2448 5144 imperatorias
2517 5076 2729 5133 litteras
2808 5078 3126 5147 metr0polis
3185 5080 3409 5132 nomine

1839 5190 1856 5221 1
1896 5170 2253 5226 cohonestate
2308 5171 2533 5230 fuerint.
2586 5171 2809 5224 honoris
2848 5171 3110 5225 duntaxat
3168 5170 3406 5225 fructum

1841 5283 1858 5314 1
1900 5264 2229 5335 percipiant,
2288 5279 2393 5317 una
2452 5278 2577 5317 cum
2635 5264 2919 5333 episcopo,
2961 5264 3054 5333 qui
3117 5264 3412 5331 cujuslibet

1838 5376 1860 5409 1
1897 5338 2141 5411 civitatis
2192 5355 2492 5410 Ecclesiam
2554 5356 2739 5425 regit';
2799 5355 2965 5409 salvis
3017 5355 3228 5410 scilicet
3268 5370 3411 5407 vera:

1844 5466 1863 5500 1
1899 5448 2186 5517 metropoli
2228 5448 2344 5500 suis
2382 5446 2620 5514 jurihus.
2654 5466 2671 5497 ι
2706 5449 2882 5516 Atque
2925 5447 3009 5500 his
3039 5460 3301 5499 assensus
3324 5454 3410 5500 est

1835 5540 2001 5595 etiam
2037 5537 2350 5593 Marcianus
2391 5538 2690 5607 imperator
2724 5537 2827 5591 hoc
2868 5551 3029 5591 sacro
3059 5536 3240 5591 edicto
3271 5551 3410 5590 eon-

1837 5630 1974 5685 dito.

1928 5745 1946 5778 1
1983 5725 2141 5786 Eum,
2192 5724 2283 5794 qui
2317 5726 2628 5795 cuicunque
2662 5724 2868 5780 civitati
2897 5764 2912 5787 ,
2966 5725 3049 5779 vel
3089 5722 3409 5794 jamdudum

1851 5836 1868 5868 1
1894 5816 2204 5879 exsisteuti,
2232 5815 2315 5869 vel
2343 5816 2504 5871 modo
2533 5806 2792 5883 conditae,
2812 5814 2904 5886 jus
2926 5816 3273 5883 episcopatus
3299 5815 3410 5873 sui,

2974 5907 3053 5966 ‘28
