4176 6446
735 384 849 450 875

2076 395 2213 455 JUS
2252 394 2689 460 CANONICUM

3892 405 3993 466 876

738 516 754 546 ι
792 496 881 551 vel
928 495 1074 550 aliud
1127 497 1424 568 quodpiam
1463 501 1810 574 privilegium
1869 505 2088 570 adimit,
2140 508 2302 561 etiam

2422 529 2439 562 ι
2483 512 2713 576 δίκαιον,
2739 514 2771 582 ἦ
2802 512 2989 582 ἕτερόν
3012 531 3063 566 τι
3097 514 3410 585 προνόμιον,
3442 514 3544 568 κᾶν
3574 512 3680 568 ἀπὸ
3708 513 3993 585 βασιλικῆς

740 605 756 634 ι
796 586 1148 654 imperatorio
1181 590 1505 657 permissum
1535 591 1763 647 infamia
1785 604 1936 650 notat
1956 596 2072 652 haec
2092 598 2305 652 consti-

735 696 754 727 ι
796 677 956 739 tutio,
1023 679 1407 749 honorumque
1450 682 1821 750 publicatione
1855 685 2082 754 multat,
2122 686 2304 757 ipsqu

734 790 751 821 ι
788 771 951 825 etiam
988 773 1596 843 conatumimprobaus.
1638 796 1657 830 ι

797 864 1016 936 Excipit
1081 875 1260 920 autem
1302 867 1437 922 sitas
1493 870 1545 923 in
1607 868 1827 941 Scythia
1878 872 2193 941 provincias
2251 880 2304 927 et

727 955 1372 1027 Leontopolimlsauriaz.
1406 959 1515 1014 Lex
1546 962 1676 1015 item
1721 970 1901 1017 exstat
1955 964 2083 1030 alia,
2144 964 2305 1035 cujus

730 1051 843 1102 haec
874 1049 1039 1102 verba
1068 1059 1198 1105 sunt
1222 1068 1238 1107 :

804 1156 823 1191 ι
885 1139 1071 1194 Firma
1124 1144 1235 1195 sint
1259 1141 1632 1197 ecclesiastica
1663 1142 1942 1215 privilegia
1987 1146 2300 1201 universa.»

801 1232 1047 1301 Itemque
1085 1248 1280 1289 rursus
1329 1233 1463 1289 alia.

802 1344 819 1373 ι
859 1322 1058 1377 Saeros
1079 1340 1320 1381 canones
1368 1342 1478 1381 non
1519 1328 1725 1391 minus,
1754 1343 1918 1396 quam
1951 1329 2105 1398 ipsas
2160 1330 2307 1401 leges

732 1436 748 1465 ι
782 1417 989 1482 valere,
1022 1416 1171 1486 leges
1203 1419 1416 1474 volunt.
1444 1418 1511 1471 Et
1543 1419 1688 1488 quod
1720 1434 1964 1476 canones
1987 1420 2305 1491 prohibent,

731 1525 748 1557 ι
794 1506 847 1560 id
873 1508 1036 1561 etiam
1069 1509 1360 1578 prohibent
1404 1510 1571 1579 leges.
1604 1526 1622 1560 ι

798 1601 866 1655 Ει
900 1601 1017 1656 hate
1073 1603 1295 1672 quidem
1332 1603 1609 1658 sufﬁciunt
1674 1604 1739 1658 ad
1793 1605 2157 1675 probandum,
2195 1621 2304 1661 non

727 1694 867 1748 duos
887 1693 1333 1761 metropolitanos
1363 1696 1415 1748 in
1450 1711 1555 1749 una
1587 1712 1706 1752 esse
1736 1698 2037 1766 provincia.
2060 1700 2152 1752 sed
2174 1706 2307 1752 tem-

727 1797 858 1851 pore
895 1783 1157 1851 priorem,
1181 1782 1421 1852 itemque
1460 1785 1573 1854 jam
1619 1797 1807 1854 pactos
1834 1788 2302 1857 metropolitauos,

2422 622 2439 655 ι
2483 603 2815 673 ἐπιτροπῆς,
2848 606 3035 674 ἀτιμοῖ
3073 607 3167 657 καὶ
3201 605 3423 675 δημεύει
3470 607 3505 675 ή
3536 606 3813 674 διάταξις,
3855 607 3989 659 ἀκυ·

2420 711 2438 745 ι
2487 694 2655 764 ροῦσα
2680 696 2773 747 καὶ
2799 694 2895 765 τὴν
2922 696 3256 766 ἐγχείρησιν.
3298 715 3317 747 ι

2495 875 2815 945 ’Υπεξαιρεῖ
2849 876 2906 930 δέ
2950 877 3043 929 καὶ
3080 876 3178 941 τὰς
3212 878 3269 930 ἐν
3309 877 3514 949 Σκυθίᾳ
3542 877 3814 946 ἐπαρχίας
3839 916 3855 939 ,
3899 881 3991 929 καὶ

2409 967 2766 1019 Λεοντόπολιν
2797 969 2895 1037 τῆς
2942 967 3233 1039 Ίσαυρίας.
3284 970 3442 1023 Ἔστι
3474 970 3529 1024 δὲ
3562 972 3658 1023 καὶ
3684 971 3876 1039 ἐτερις
3908 971 3989 1021 νόο

2415 1074 2535 1127 μος,
2565 1058 2707 1110 οὕτω
2738 1060 2970 1123 διεξιώνο

2487 1170 2505 1201 ι
2544 1150 2893 1203 Βεδαιούσθω
2916 1150 3429 1223 τάἐκκλησιαστικά
3455 1150 3631 1204 πάντα
3662 1152 3985 1223 προνόμια.ι

2485 1246 2597 1297 Καὶ
2632 1244 2794 1298 πάλιν
2824 1243 3004 1306 ἄλλος·

2489 1356 2507 1389 ι
2557 1338 2695 1400 Τοὺς
2746 1336 2925 1398 θείους
2974 1336 3208 1401 κανόνας
3238 1337 3337 1389 οὐκ
3384 1336 3606 1389 ἔλαττον
3651 1334 3763 1386 τῶν
3814 1333 3991 1400 νόμων

2418 1446 2435 1479 ι
2480 1426 2704 1496 ἰσχύειν,
2740 1428 2789 1479 οἱ
2812 1426 2990 1494 -νόμοι
3023 1425 3324 1496 βούλονται.
3363 1426 3474 1478 Καὶ
3502 1426 3640 1495 ὅπερ
3678 1425 3730 1477 οἱ
3766 1423 3990 1484 κανόνες

2417 1534 2436 1569 ι
2478 1518 2767 1579 κωλύουσι,
2795 1520 2952 1571 τοῦτο
2980 1518 3075 1572 καὶ
3104 1517 3154 1571 οἱ
3184 1518 3359 1588 νόμοι.
3397 1537 3416 1570 ι

2480 1608 2591 1659 Καὶ
2628 1607 2801 1660 ταῦτα
2858 1608 2956 1677 μὲν
2992 1609 3207 1681 ἀπόχρη
3252 1608 3387 1679 πρὸς
3434 1608 3496 1661 τὸ
3548 1607 3737 1671 δεῖξαι,
3786 1607 3853 1660 ού
3904 1606 3992 1658 δύο

2416 1698 2816 1769 μητροπολίτας
2855 1695 2992 1753 εῖναι
3029 1703 3087 1752 ἐν
3134 1702 3232 1771 μιᾷ
3265 1699 3539 1771 ἐπαρχία,
3576 1699 3712 1753 ἀλλὰ
3762 1699 3858 1751 τὸν
3898 1701 3991 1769 ἀρ·

2412 1789 2715 1859 χαιότερον.
2740 1789 2852 1843 Καὶ
2875 1788 2956 1853 τὸ,
2982 1792 3108 1852 τοὺς
3131 1790 3442 1858 φθάσαντας
3466 1788 3747 1857 γενέσθαι,
3766 1792 3837 1859 τῇ
3862 1792 3989 1858 τιμῇ

726 1876 933 1928 honore
955 1875 1220 1928 duntaxat
1254 1875 1383 1929 aliis
1432 1878 1705 1948 episcopis
1753 1888 2035 1948 pra-stare,
2078 1888 2302 1935 czeteros

2413 1851 2700 1950 μόνοντῶν
2726 1881 2899 1935 ἀλλων
2921 1851 3239 1935 ἐπισκόπων
3258 1851 3572 1951 ὑπερέχεινο

726 1966 1197 2035 quisubditosei,
1250 1967 1338 2034 qui
1398 1982 1589 2034 reapse
1660 1970 2117 2039 metrOpntitanus
2179 1978 2303 2034 est;

726 2061 987 2130 deinceps
1020 2075 1173 2123 vero,
1211 2076 1335 2115 cum
1370 2062 1490 2130 ipse
1523 2061 1600 2114 rei
1636 2072 1868 2116 conatus
1924 2064 2087 2117 etiam
2117 2062 2305 2133 prohi-

727 2152 941 2213 beatur,
978 2152 1299 2221 episcopum
1329 2151 1383 2205 id
1413 2168 1605 2207 ausum
1636 2152 1838 2219 facere,
1871 2154 2038 2222 giadu
2077 2169 2177 2209 suo
2208 2154 2303 2209 de-

721 2244 815 2312 jici
857 2261 870 2295 :
903 2244 1111 2297 nullum
1152 2243 1386 2313 denique
1421 2245 1764 2314 privilegium
1799 2260 1863 2299 ex
1897 2246 1985 2309 iis,
2009 2262 2129 2315 (μιν
2151 2246 2306 2316 prius

725 2336 887 2391 alicui
912 2336 1257 2389 adhteseruut
1294 2336 1662 2406 episcopatui,
1690 2353 1717 2389 a
1752 2352 2026 2407 quoquam
2061 2339 2304 2392 alimen-

725 2427 875 2481 duni.
907 2427 1064 2493 Quod
1095 2437 1275 2481 autem
1308 2443 1415 2480 non
1448 2427 1531 2481 las
1571 2430 1641 2482 sit
1672 2443 1758 2494 ea,
1792 2444 1913 2498 quae
1966 2436 2305 2483 concernunt

726 2520 1044 2588 episcopos,
1079 2518 1381 2572 secundum
1424 2535 1640 2573 sacram
1680 2523 2020 2576 sanctionem
2055 2503 2309 2590 pragnia;

726 2613 889 2665 ticam
919 2612 1235 2681 procedere,
1273 2611 1366 2667 sed
1394 2612 1553 2680 juxta
1611 2610 1836 2665 Patrum
1885 2612 2151 2665 duntaxat
2205 2611 2304 2666 de-

728 2705 1166 2769 terminationes,
1225 2719 1366 2773 quos
1426 2713 1480 2759 et
1542 2719 1782 2761 canones
1838 2712 2089 2759 vocant:
2140 2704 2193 2759 id
2238 2719 2303 2759 ex

726 2800 831 2852 alia
866 2808 1069 2854 saneta:
1089 2797 1253 2867 hujus
1279 2798 1608 2851 universalis
1631 2806 1841 2867 quarta:
1869 2795 2059 2867 synodi
2091 2799 2305 2851 actione

724 2891 934 2961 percipi
961 2898 1151 2960 potest.
1194 2888 1328 2942 Nam
1358 2905 1483 2944 cum
1512 2890 1705 2945 civitas
1734 2890 1967 2959 Berytus
1988 2889 2304 2959 metropoli-

726 2983 897 3037 ticum
951 2982 1043 3052 jus
1094 2982 1447 3051 impetrasset
1514 2982 1583 3036 ab
1641 2997 1707 3037 eo
1775 2980 2088 3037 Theodosio
2148 2981 2300 3051 prin-

725 3075 846 3141 cipe
870 3074 960 3143 (‘24
989 3073 1107 3140 25),
1137 3074 1226 3142 qui
1262 3072 1327 3126 ad
1352 3074 1647 3127 discrimen
1681 3074 1826 3130 illius
1861 3073 2107 3142 majoris,
2128 3074 2307 3126 minor

2413 1974 2660 2043 μέντοιγε
2684 1974 2762 2045 τῷ
2794 1973 2935 2027 κατά
2960 1973 3219 2044 ἀλήθειαν
3248 1973 3621 2045 μητροπολίτῃ
3648 1990 3662 2003 ’
3686 1975 3769 2036 εἰς
3800 1973 3989 2040 τοεῇς

2408 2064 2462 2117 δὲ
2498 2064 2592 2116 καὶ
2619 2065 2791 2133 αὐτῆς
2820 2065 2919 2135 τῆς
2951 2065 3320 2137 ἐγχειρήσεως
3349 2065 3703 2134 κωλυομένης
3724 2104 3739 2126 ,
3768 2065 3867 2116 καὶ
3904 2064 3989 2115 τὸν

2409 2151 2567 2205 τοῦτο
2617 2153 2968 2223 τολμήσαντα
3026 2155 3252 2226 ποιῆσαι
3324 2154 3658 2219 ἐπίσκοπον,
3713 2153 3993 2206 ἔκπτωσιν

2408 2246 2639 2315 πάσχειν
2672 2244 2767 2299 τοῦ
2795 2247 2999 2299 οίκείου
3035 2245 3266 2317 βαθμοῦ·
3306 2248 3400 2299 καὶ
3430 2245 3489 2298 τὸ
3528 2245 3698 2316 μηδὲν
3723 2244 3834 2297 τῶν
3861 2244 3991 2313 φθα-

2411 2338 2621 2390 σάντων
2684 2336 3076 2407 προσπαγῆναι
3132 2339 3406 2406 ἐπισκοπῇ
3472 2352 3582 2389 τινι
3634 2334 3990 2403 προνομίων,

2409 2428 2762 2499 ἀφαιρεῖσθαι
2809 2429 2939 2497 παρ’
2966 2429 3315 2499 οίουδήτινος.
3346 2428 3468 2482 Ὅτι
3502 2427 3557 2480 δέ
3590 2427 3651 2478 οὑ
3679 2430 3822 2478 κατὰ
3848 2442 3991 2495 πρα-

2407 2520 2678 2590 γματικὸν
2702 2519 2845 2573 θεῖον
2870 2520 3049 2584 ἔξεστι
3082 2520 3251 2572 τύπον
3280 2519 3351 2571 τὰ
3374 2518 3483 2571 τῶν
3513 2520 3832 2571 ἐπισκόπων
3858 2532 3997 2584 προ-

2409 2612 2635 2677 ϐαίνειν,
2671 2613 2814 2666 κατά
2847 2612 3041 2680 μόνους
3061 2611 3119 2664 δὲ
3139 2611 3266 2673 τοὺς
3299 2611 3608 2679 Πατρικοὺς
3632 2609 3797 2679 ὅρους
3820 2648 3835 2672 ,
3867 2608 3995 2669 τοῦς

2408 2703 2503 2755 καὶ
2536 2704 2789 2767 κανόνας,
2825 2704 2884 2769 ἐξ
2915 2703 3108 2776 ἐτέρας
3136 2702 3388 2773 πράξεως
3411 2700 3512 2771 τῆς
3540 2700 3801 2768 τοιαύτης
3829 2698 3997 2767 ἁγίας

2405 2795 2793 2866 οἱκουμενικῆς
2817 2795 3087 2865 τετάρτης
3119 2793 3342 2847 συνόδου
3370 2791 3713 2861 καταμαθεῖν
3743 2791 3994 2844 δυνατόν.

2408 2888 2521 2958 Τῆς
2552 2890 2662 2958 γὰρ
2694 2888 2901 2951 πόλεως
2930 2887 3201 2958 Βηρυτοῦ,
3241 2886 3628 2958 μητροπόλεως
3668 2884 3881 2938 δίκαιον
3916 2885 3998 2936 εἰσ

2407 2982 2643 3050 ληφυίας
2691 2980 2845 3052 παρά
2883 2964 3167 3035 Θεοδοσίου
3218 2981 3313 3034 τοῦ
3368 2980 3668 3051 βασιλέως,
3711 2978 3803 3031 τοῦ
3856 2977 3999 3046 πρὸς

2407 3072 2817 3143 ἀντιδιαστολην
2844 3072 2938 3126 τοῦ
2977 3073 3217 3143 μεγάλου
3239 3112 3253 3137 ,
3289 3074 3585 3144 λεγομένου
3630 3070 3856 3143 μικροῦ,
3886 3070 3997 3123 Et)-

722 3166 925 3218 dicitur
947 3207 960 3230 ,
999 3164 1483 3233 Eustathius,ejus
1511 3164 1663 3219 urbis
1696 3166 2013 3235 cpiscopus,
2046 3166 2137 3219 illa
2162 3179 2292 3219 con-

2410 3165 2628 3229 στάθιος
2657 3167 2684 3217 ὁ
2716 3166 2921 3235 ταύτης
2957 3165 3053 3234 τῆς
3089 3166 3296 3230 πόλεως
3329 3167 3624 3227 ἐπίσκοπος
3651 3165 3732 3234 τῷ
3764 3164 3999 3232 τοιούτῳ

729 3258 983 3313 cessione
1009 3259 1400 3327 metropolitici
1434 3258 1580 3327 juris
1617 3260 1818 3323 elatus,
1853 3258 2121 3313 adversus
2157 3256 2303 3311 Plio-

725 3351 859 3402 tium
898 3351 1375 3419 metropolitanum
1414 3348 1565 3419 Tyri,
1596 3364 1717 3419 qua:
1742 3348 2065 3403 Phaenicum
2100 3356 2303 3403 metro-

729 3442 869 3511 polis
931 3449 1035 3506 est,
1075 3443 1418 3495 insurrexit:
1472 3454 1709 3511 cumque
1755 3439 1894 3495 duos
1928 3440 2190 3509 quosdam
2253 3440 2303 3493 ei

726 3533 1011 3601 subjectos
1042 3534 1355 3602 episcopos,
1397 3531 1566 3586 veluti
1625 3531 2082 3599 metropolitanus
2131 3528 2302 3598 depos

726 3623 955 3685 suisset,
991 3633 1045 3676 et
1078 3623 1141 3675 ad
1174 3627 1621 3693 presbyterorum
1668 3621 1897 3693 gradum
1946 3620 2301 3681 detrusisset,

724 3717 859 3771 alios
888 3716 1183 3769 ordinavit.
1232 3715 1388 3782 Quod
1444 3716 1670 3770 minime
1721 3714 1903 3770 ferens
1930 3712 2186 3777 Photius,
2234 3709 2303 3765 ad

723 3817 971 3860 sanetam
1046 3808 1311 3878 synodum
1379 3823 1501 3863 sese
1550 3808 1805 3863 contulit.
1867 3809 1944 3861 Ac
1984 3807 2077 3859 lite
2132 3813 2300 3872 mota,

723 3899 1053 3952 sententiam
1086 3898 1388 3952 secundum
1426 3914 1483 3952 se
1512 3900 1923 3969 pronuntiatam
1978 3900 2124 3964 tulit,
2177 3914 2302 3953 cum

723 3990 858 4041 nihil
900 3988 1186 4042 Eustatbio
1222 3988 1504 4061 Berytensi
1543 3991 1868 4060 profuisset,
1895 3992 2039 4061 quod
2076 3994 2303 4059 impera-

722 4082 881 4134 toriis
920 4097 976 4135 se
1036 4083 1232 4136 litteris
1300 4084 1572 4137 munitum
1609 4084 1839 4144 diceret,
1885 4100 2007 4153 qua:
2055 4084 2159 4139 sibi
2201 4098 2302 4151 po-

720 4185 972 4230 testatem
1006 4180 1128 4244 ejus
1166 4175 1242 4229 rei
1305 4174 1568 4229 facerent.
1611 4172 1729 4228 Non
1782 4176 1927 4230 enim
1988 4175 2301 4228 attendebat

722 4269 789 4321 iis
819 4268 1085 4337 synodus,
1106 4284 1227 4337 qua:
1244 4266 1311 4321 ab
1334 4267 1454 4338 ipso
1473 4266 1829 4330 dicebantur;
1850 4268 1943 4321 sed
1976 4268 2027 4319 in
2050 4266 2303 4321 examine

721 4372 924 4420 causm,
956 4372 1079 4410 eum
1107 4357 1391 4425 praesides,
1421 4357 1686 4425 synodum
1715 4359 1870 4427 prius
1897 4358 2120 4412 disertis
2144 4357 2299 4411 hisee

723 4447 907 4502 verbis
943 4450 1372 4517 interrogassent
1408 4467 1419 4501 :
1450 4468 1465 4498 ι
1506 4447 1716 4501 Placuit
1741 4449 1891 4502 orbis
1917 4450 2299 4503 sacratissimo

2408 3257 2805 3327 φιλοτιμήματι
2835 3258 2935 3327 τῆς
2977 3259 3367 3329 μητροπόλεως
3415 3257 3812 3328 κατεπαρθεὶς,
3856 3274 3997 3310 κατ-

2406 3350 2668 3417 ἐξανέστη
2699 3349 2904 3401 Φωτίου
2940 3348 3031 3401 τοῦ
3081 3348 3479 3419 μητροπολίτου
3517 3350 3617 3417 τῆς
3650 3347 3859 3416 Τύρου,
3897 3347 3999 3417 τῆς

2406 3441 2515 3496 τῶν
2544 3441 2805 3494 Φοινίκων
2853 3439 3237 3511 μητροπόλεως
3264 3460 3276 3471 ·
3315 3440 3410 3494 καὶ
3458 3439 3553 3491 δύο
3578 3441 3729 3501 τινας
3765 3439 3995 3491 ὑποκει-

2410 3535 2605 3603 μένους
2637 3533 2786 3602 αύτῷ
2811 3534 3144 3595 ἐπισκόπους
3183 3531 3451 3595 καθελὼν,
3483 3530 3559 3593 ὡς
3589 3530 3752 3598 δῆθεν
3786 3547 3999 3601 μητρο-

2407 3626 2631 3696 πολίτης
2651 3670 2665 3693 ,
2696 3626 2791 3680 καὶ
2822 3626 2902 3689 εἰς
2935 3625 3324 3696 πρεσϐυτέρων
3352 3623 3563 3695 βαθμὸν
3585 3623 3958 3685 κατασπάσας
3982 3664 3997 3684 ,

2409 3714 2630 3784 ἐτέρους
2673 3714 3143 3785 κεχειροτόνηκεν.
3177 3715 3243 3766 "O
3277 3716 3353 3785 μὴ
3386 3714 3566 3783 φέρων
3606 3715 3633 3766 ὁ
3660 3712 3893 3777 Φώτιος,
3930 3715 3998 3781 τῇ

2376 3806 2541 3875 -ἀγίςι⁵
2582 3806 2928 3877 προσέδραμε
2974 3805 3196 3875 συνόδῳ.
3258 3805 3368 3858 Καὶ
3408 3804 3567 3873 δίκης
3604 3802 4002 3874 κροτηθείαης,

2405 3900 2506 3969 τὴν
2543 3896 2859 3950 δικαιοῦσαν
2902 3896 3213 3964 ἀπείληφε,
3261 3894 3429 3963 μηδὲν
3467 3894 3848 3964 ὠφεληθέντος
3887 3894 3998 3946 Εὖ-

2408 3989 2630 4044 σταθίου
2671 3987 2763 4041 τοῦ
2817 3991 2916 4058 τῆς
2946 3985 3194 4057 Βηρυτοῦ
3217 4026 3233 4051 ,
3266 3987 3331 4038 ἐκ
3364 3984 3460 4038 τοῦ
3501 3984 3801 4055 βασιλικοῖς
3846 3983 4002 4053 ὠχυ-

2408 4080 2618 4153 ρῶσθαι
2659 4080 2951 4151 γράμμασι
2985 4078 3166 4148 λέγειν
3192 4117 3207 4141 ,
3246 4080 3360 4140 τοῖς
3398 4077 3757 4145 ἐπιτρέπουσι
3808 4075 3998 4129 τοῦτο.

2407 4164 2489 4225 0'3
2527 4171 2634 4241 γὰρ
2666 4171 2969 4240 πρόσεσχεν
3002 4171 3035 4239 ὴ
3076 4168 3291 4231 σύνοδος
3330 4172 3441 4230 τοῖς
3471 4169 3602 4237 παρ’
3632 4166 3801 4222 αὑτοῦ
3834 4167 4000 4234 λεγο-

2409 4263 2590 4332 μένοις
2616 4302 2630 4327 ,
2668 4262 2805 4315 ἀλλά
2853 4263 2951 4330 τῆς
2991 4260 3303 4322 ὑποθέσεως
3355 4258 3833 4328 δοκιμαζομένης,
3885 4259 4004 4311 τῶν

2408 4353 2686 4422 ἀρχόντων
2717 4352 2984 4422 πρότερον
3008 4351 3405 4420 ἐρωτησάντων
3433 4350 3532 4419 τὴν
3564 4348 4000 4417 σύνοδον-ῥητῶς

2407 4443 2620 4507 οὕτως·
2662 4461 2681 4494 ι
2744 4442 2835 4512 Τῷ
2888 4442 3151 4512 θειοτάτῳ
3209 4441 3443 4512 δεσπότῃ
3501 4441 3602 4511 τῆς
3658 4441 3998 4510 οἰκουμένης

725 4559 743 4591 ι
778 4542 1023 4606 domino,
1057 4556 1124 4594 ne
1158 4540 1461 4594 secundum
1491 4555 1679 4595 sacras
1705 4541 1992 4610 epistolas,
2029 4554 2122 4595 aut
2168 4558 2297 4596 san-

2414 4555 2431 4588 ι
2474 4537 2661 4607 ἤρεσε,
2688 4537 2764 4606 μὴ
2795 4536 2937 4588 κατά
2967 4536 3087 4589 θεῖα
3116 4536 3441 4605 γράμματα,
3473 4534 3506 4605 ῆ
3550 4532 3689 4586 κατά
3723 4550 3997 4602 πραγμα-

725 4631 968 4683 ιςιὶοιιοε
1001 4632 1384 4698 pragmatieas,
1422 4630 1809 4699 episcoliorum
1852 4632 2071 4700 negotia
2098 4646 2295 4701 proce-

725 4741 742 4770 ‹
774 4721 929 4782 dant,
954 4719 1045 4773 sed
1068 4720 1223 4789 juxta
1248 4718 1471 4772 Patrum
1498 4734 1757 4775 canones.
1786 4720 1941 4774 Dicat
1962 4736 2090 4789 ergo
2110 4731 2293 4774 saneta

727 4833 743 4863 ι
778 4813 1117 4883 synodus,an
1139 4810 1218 4866 fas
1235 4813 1324 4875 sit,
1344 4819 1403 4865 ut
1426 4827 1521 4879 per
1542 4827 1750 4866 sacram
1775 4813 2159 4883 pragmaticum
2182 4829 2301 4867 san.

728 4918 744 4951 ι
774 4905 1007 4954 ctionem
1031 4900 1388 4969 alterinsjura
1415 4902 2008 4972 Ecciesiwaliirapiant
2029 4884 2299 4971 episcopi?

726 5009 741 5039 ι
773 4991 975 5042 Sancta
1003 4992 1246 5060 synodus
1272 4993 1575 5061 respondit.
1594 4992 1873 5048 Adversus
1900 5008 2141 5048 canones
2165 4993 2298 5045 nihil

723 5100 741 5133 ι
780 5086 1172 5151 pragmaticum
1202 5086 1421 5140 valebit.
1454 5086 1708 5143 Canones
1731 5086 1953 5143 Patrum
1980 5088 2083 5142 rati
2108 5096 2292 5143 sunto.

721 5192 740 5227 ι
777 5175 1027 5244 Cumque
1060 5176 1322 5245 prazsides
1350 5177 1545 5231 iterum
1574 5179 1849 5234 dixissent
1882 5198 1894 5233 :
1922 5179 2043 5233 Jam
2080 5187 2297 5247 tempus

722 5285 742 5319 ι
771 5276 874 5333 est,
905 5278 964 5320 ut
995 5281 1022 5320 a
1047 5268 1257 5338 synodo
1292 5270 1634 5334 erudiamur,
1670 5287 1734 5325 au
1775 5271 1854 5324 fas
1897 5271 1990 5334 sit,
2017 5281 2075 5331 ut
2105 5285 2301 5325 serun-

2415 4648 2432 4680 ι
2480 4629 2665 4690 τικοὺς
2703 4628 2942 4691 τύπους,
2991 4626 3061 4695 τᾲ
3110 4626 3219 4678 τῶν
3262 4625 3577 4678 ἐπισκόπων
3632 4624 3997 4693 προϐαίνειν,

2412 4741 2431 4773 ι
2480 4720 2613 4774 ἀλλά
2654 4718 2797 4771 κατά
2841 4721 2969 4781 τοὺς
3008 4718 3240 4778 κανόνας
3279 4718 3386 4770 τῶν
3422 4708 3713 4785 Πατέρων.
3770 4717 4001 4769 Εξπάτω

2415 4834 2430 4864 ι
2474 4808 2565 4865 οὖν
2600 4815 2631 4882 ή
2662 4813 2792 4879 ἁγία
2824 4812 3060 4877 σύνοδος,
3088 4813 3135 4863 εἰ
3170 4811 3344 4875 ἔξεστι
3375 4810 3519 4864 κατά
3549 4808 3693 4861 θεῖον
3726 4827 3999 4879 πραγμα-

2414 4925 2433 4956 ι
2480 4906 2629 4959 τικὸν
2664 4903 2832 4957 τύπον
2873 4903 3161 4975 ἀλλοτρίας
3203 4902 3501 4971 ἐκκλησίας
3536 4899 3723 4953 δίκαια
3774 4901 3999 4970 ἐτὲῳυς

2416 5013 2433 5047 ι
2479 4994 2810 5056 ἐπισκόπους
2871 4992 3297 5063 παραιρεῖσθαι;
3344 4994 3377 5060 ὴ
3423 4989 3555 5058 ἁγία
3609 4989 3835 5051 σύνοδος
3897 4994 3999 5044 ἀπ-

2413 5106 2430 5136 ι
2472 5087 2745 5157 εκρίνατο.
2786 5087 2942 5138 Κατὰ
2973 5087 3100 5147 τοὺς
3136 5086 3365 5146 κανόνας
3385 5084 3432 5122 ’³
3457 5083 3849 5153 πραγματικὸν
3896 5101 3999 5153 μη-

2415 5199 2432 5231 ι
2478 5180 2565 5231 δέν
2602 5182 2862 5248 ἰσχύσειν.
2901 5179 2964 5231 Ol
3012 5177 3237 5239 κανόνες
3265 5174 3375 5228 τῶν
3403 5175 3665 5245 Πατέρων
3696 5177 4000 5244 κρατείτω-

2412 5290 2431 5322 ι
2480 5287 2599 5326 σαν.
2627 5272 2733 5324 Καὶ
2761 5269 2916 5333 αὖθις
2951 5269 3058 5322 τῶν
3083 5268 3359 5339 ἀρχόντων
3386 5267 3652 5321 εἰπόντων
3674 5282 3687 5297 ·
3724 5266 3845 5321 Νῦν
3877 5285 3997 5320 καιο

2014 5429 2248 5484 VARI/‘E
2293 5429 2695 5485 l.ll(".TlO.\'E$.

807 5549 854 5579 ³³
884 5550 990 5602 τῶν
1023 5552 1258 5603 κανόνων
1268 5593 1279 5604 .

2245 5661 2455 5718 NOTAE

797 5826 1010 5897 (9.4-ἓῦ)
1035 5822 1475 5881 Exstatedictum
1511 5823 1547 5879 l.
1584 5839 1677 5877 un.
1709 5820 1770 5875 C.
1816 5822 1889 5876 De
1918 5831 2139 5888 men-op.
2166 5818 2379 5890 Beryto,
2422 5819 2518 5875 lib.
2557 5835 2641 5874 ιι.
