4176 6446
178 383 288 450 εἴῖ

1472 385 1516 443 G
1528 382 2038 444 ιὶιΕίῖΟ-ΒΟΜΛΧ
2053 381 2098 440 II
2111 382 2162 439 Μ
2173 431 2181 439 .
3352 374 3455 435 878

186 513 209 546 ι
251 495 346 564 ρός
392 494 509 546 ἐστι
549 488 863 564 διδαχθῆναι
915 496 1063 565 ἡμᾶς
1115 496 1268 565 παρὰ
1305 495 1406 565 τῆς
1457 496 1679 549 συνόδου
1722 497 1765 547 εξ

1887 512 1903 545 ι
1935 494 2063 546 dum
2098 508 2308 545 sacram
2335 490 2675 545 sannionem
2705 489 3101 560 pragmaticam
3127 486 3253 557 jura
3284 490 3454 545 eccle-

184 608 205 636 ο
253 584 593 649 ἔξεστικατά
615 589 759 639 θεῖον
785 588 1195 657 πραγματικὸν,
1215 586 1504 658 ἀλλοτρίας
1539 588 1770 657 Ἐκκλη-

184 699 204 730 r
256 678 379 743 σίας
414 680 597 733 δίκαια
623 681 847 750 ἑτέρους
899 680 1237 743 ἐπισκόπους
1279 679 1703 751 παραιρεῖσθαι·
1737 680 1771 749 ή

186 788 207 819 ι
253 770 389 832 ἁγία
425 768 641 832 σύνοδος
680 770 1013 838 ἀνεδόησεν·
1042 772 1156 824 Οὐκ
1181 769 1380 835 ἔξεστι.
1416 770 1589 824 Τοῦτο
1617 770 1772 840 παρὰ

182 879 203 911 ι
250 863 381 923 τοὺς
431 861 664 925 κανόνας
711 862 849 913 ἐστί.
907 863 1064 915 Ἔστι
1105 863 1162 915 δὲ
1197 862 1291 914 καὶ
1341 862 1507 931 νόμος
1546 864 1576 914 ό
1615 861 1772 914 τοῦτο

183 971 203 1002 ι
246 952 593 1022 βουλόμενος,
630 951 773 1005 οὕτω
797 952 1033 1019 διεξιών
1078 954 1141 1006 Οἱ
1190 954 1304 1015 τοῖς
1354 952 1578 1005 κανόσιν
1612 953 1769 1004 ἐναν-

153 1036 199 1092 ir
252 1044 533 1113 τιούμενοι
566 1046 945 1115 πραγματικοὶ
972 1046 1137 1099 τύποι
1158 1087 1174 1109 ,
1208 1045 1404 1115 άκυροί
1431 1046 1561 1097 εἰσι.
1600 1064 1619 1097 ι
1660 1044 1771 1098 Καὶ

174 1137 301 1203 δρα,
342 1135 568 1202 μέγιστε
595 1135 838 1205 βασιλεῦ,
861 1138 1010 1199 ὅπως
1034 1136 1123 1190 διὰ
1155 1138 1372 1190 πάντων
1397 1137 1603 1190 τούτων
1635 1138 1771 1190 ἀπο-

172 1225 453 1278 δέδεικται
493 1226 805 1296 τηλαυγῶς,
842 1228 904 1281 τὸ
939 1228 1015 1298 μὴ
1047 1228 1159 1280 δεῖν
1184 1226 1462 1281 αὐθεντεῖν
1491 1229 1582 1281 τὸν
1616 1228 1771 1298 βασι-

174 1318 271 1369 λέα
298 1320 358 1369 ἐν
383 1321 494 1380 τοῖς
519 1319 803 1382 τοιούτοις,
831 1319 1135 1383 κανονικῶς
1167 1320 1221 1373 δὲ
1246 1320 1314 1373 τὰ
1337 1320 1769 1390 ἐκκλησιαστικὰ

172 1408 547 1477 διεξάγεσθαι.
582 1411 704 1464 Εἰσὶ
733 1413 831 1480 μὲν
862 1408 957 1466 οὖν
993 1412 1088 1465 καὶ
1121 1412 1271 1467 ἄλλοι
1311 1413 1499 1466 πολλοὶ
1542 1413 1770 1477 κανόνες

174 1502 282 1552 τῶν
314 1501 661 1556 θεοστέπτων
698 1505 1038 1570 ἀποστόλων,
1073 1506 1169 1558 καὶ
1198 1505 1493 1576 ὑπηρετῶν
1542 1506 1637 1559 τοῦ
1680 1506 1769 1560 λόο

175 1606 295 1656 γου,
341 1593 438 1644 καὶ
485 1593 593 1645 τῶν
637 1595 835 1665 ἑφεξῆς
872 1595 1047 1664 ἁγίων
1084 1596 1355 1661 συνόδων,
1396 1596 1539 1651 αὐτᾶ
1591 1596 1770 1651 ταῦτα

175 1683 593 1753 διατρανοῦντες
620 1727 635 1749 ,
680 1688 775 1749 οὓς
809 1688 1140 1757 παραθεῖναι
1170 1688 1306 1759 τῷδε
1343 1691 1420 1759 τῷ
1452 1690 1765 1761 γράμματι,

176 1773 372 1841 εὔηθες
412 1776 593 1841 εδοξε.
626 1778 721 1830 καὶ
753 1778 831 1849 μὴ
866 1779 1056 1851 πόρρω
1086 1780 1402 1852 φιλοτιμίας
1429 1782 1764 1851 ἀνωφελοῦς.

184 1865 414 1919 Ἱκπνῶν
441 1869 551 1936 γὰρ
575 1868 685 1921 τῶν
712 1869 1133 1941 προϐληθέντων
1163 1874 1244 1936 είς
1271 1874 1551 1941 ἀπόδειξιν
1576 1874 1768 1941 ὅντων,

173 1955 226 2004 τί
260 1955 346 2007 δεῖ
390 1957 486 2009 καὶ
532 1959 1179 2030 προσεπεξεργάζεσθαι;
1234 1962 1330 2016 καὶ
1367 1963 1467 2033 τῆς
1506 1964 1768 2034 ἀληθείας

172 2047 482 2118 δυναμένης
513 2051 854 2122 ἀναλάμψαι,
880 2055 972 2107 καὶ
999 2056 1113 2119 τοῖς
1144 2056 1282 2110 πᾶσι
1304 2056 1559 2124 γενέσθαι
1578 2057 1766 2130 δήλης,

173 2140 281 2191 τῶν
343 2142 558 2193 πολλῶν
608 2144 865 2213 οὐδαμῶς
921 2146 1103 2215 χρεία.
1158 2147 1456 2219 Αὐτάρκης
1517 2150 1629 2221 γάρ
1689 2152 1771 2216 είς

173 2233 507 2300 συνηγορίαν
539 2235 744 2303 ἑαυτῆς
793 2237 826 2305 ἡ
859 2236 1110 2308 ἀλήθεια.
1148 2241 1329 2309 Κοινῷ
1374 2242 1473 2312 μὲν
1501 2242 1595 2295 οἷον
1626 2242 1771 2313 λόγῳ

172 2325 267 2375 καὶ
300 2325 609 2390 καθολικῶς
648 2328 843 2399 ἐλέχθη
873 2329 1071 2386 ταῦτα.
1114 2334 1244 2404 Ἰδῖᾳ
1266 2334 1343 2399 δὲ,
1374 2336 1468 2389 καὶ⁷
1499 2337 1638 2390 κατὰ
1673 2338 1770 2407 μέ-

178 2432 289 2482 ρος,
341 2420 437 2469 καὶ
472 2418 685 2487 ἑτέροις
740 2421 973 2486 ἕκαστος
1024 2424 1332 2495 φράγνυται
1382 2426 1764 2498 δικαιώμασιν.

170 2508 345 2569 Αᾷτὸς
390 2509 494 2577 μὲν
526 2510 636 2580 γὰρ
683 2511 711 2563 ό
743 2515 836 2565 καὶ
866 2514 957 2566 τὸν
989 2518 1119 2585 περὶ
1161 2516 1272 2569 τῶν
1304 2518 1441 2572 ὅλων
1490 2520 1769 2589 συστήσας

170 2600 386 2667 ἀγῶνα,
421 2605 517 2654 καὶ
544 2603 606 2656 τὸ
635 2603 844 2674 σμῆνος
879 2605 989 2661 τῶν
1020 2607 1196 2675 λόγων
1227 2611 1491 2680 κινήσας,
1533 2611 1626 2664 τὸν
1655 2610 1772 2664 θεο-

172 2694 301 2761 ςιλῆ
336 2694 393 2747 δὲ
434 2697 581 2761 λέγω
620 2701 1029 2770 μητροπολίτην
1081 2703 1378 2773 Ἀγκύρας,
1413 2705 1769 2776 ὑπομνήματι

170 2800 229 2834 τε
259 2786 579 2855 πέφρακται
608 2790 705 2842 τοῦ
748 2792 1062 2861 μακαρίτου
1097 2791 1366 2862 βασιλέως
1404 2795 1499 2848 τοῦ
1546 2796 1725 2850 Δούκα
1749 2839 1764 2863 ,

168 2878 322 2941 ὅστις
349 2879 452 2950 τὴν
482 2880 578 2933 τοῦ
610 2882 897 2939 Βασιλείου
923 2886 1232 2957 ἐπισκοπὴν
1265 2890 1345 2951 εἰς
1375 2890 1768 2958 μητροπολιτι-

170 2973 267 3023 κον
308 2974 555 3042 ἀνήγαγε
588 2976 830 3042 δίκαιον,
878 2979 1265 3051 διοριζομένῳ,
1302 2982 1382 3052 τῷ
1415 2983 1632 3054 θανάτῳ
1672 2984 1767 3038 τοῦ

168 3064 504 3133 τιμηθέντος
520 3069 945 3139 μητροπολίτου,
968 3073 1048 3135 είς
1066 3075 1374 3145 ἐπισκοπὴν
1391 3078 1769 3131 κατεσπάσθαι

1882 606 1899 636 ι
1935 585 2031 639 sia:
2053 582 2643 651 alterius,a|iirapiant
2672 582 2920 652 cpisc0pi
2947 601 2960 637 :
2993 590 3184 637 sancta
3214 582 3460 651 synodus

1882 695 1900 727 ι
1940 674 2268 730 exclamavit
2297 690 2311 729 :
2340 672 2457 727 Non
2491 674 2635 728 licet.
2679 673 2791 727 lloc
2824 684 3024 744 praeter
3052 688 3295 729 canones
3351 674 3451 726 ad-

1880 785 1899 819 t
1940 768 2199 821 mittitur.
2261 764 2355 821 Est
2389 766 2556 819 ctiam
2601 766 2707 829 lex,
2744 781 2866 836 qua:
2918 767 3021 821 hoc
3070 769 3246 835 ipsum
3318 767 3449 833 vult,

1880 876 1897 908 ι
1946 858 2031 913 his
2062 858 2243 913 verbis
2271 858 2548 927 exposita:
2584 854 2941 927 Pragmatica:
2968 859 3310 919 sanctiones,
3333 873 3457 927 quas

1880 968 1899 1001 ι
1947 951 2256 1005 canonibus
2296 950 2686 1013 adversantur,
2718 949 2886 1003 irrita:
2913 959 3060 1002 sunt.
3105 968 3122 1000 ι
3171 946 3320 1012 Vide,
3356 951 3459 1002 eli-

1873 1056 2054 1107 secro,
2078 1041 2314 1096 maxime
2346 1042 2671 1111 imperator,
2704 1038 2979 1110 quomodo
3008 1054 3104 1108 per
3127 1038 3241 1093 bmc
3273 1040 3457 1093 omnia

1874 1133 2184 1189 clarissime
2215 1134 2653 1188 demonstratum
2683 1136 2777 1196 sit,
2804 1148 2913 1187 non
2943 1133 3144 1187 debere
3190 1134 3457 1201 principis

1873 1224 1929 1279 in
1967 1224 2284 1294 hujusmodi
2318 1225 2484 1279 rebus
2507 1225 2892 1279 auctoritatem
2914 1226 3118 1286 valere,
3154 1224 3248 1278 sed
3279 1225 3429 1278 eccle

1874 1316 2099 1371 siastiea
2142 1318 2446 1372 secundum
2478 1329 2720 1371 canones
2774 1319 2981 1387 peragi.
3019 1318 3098 1371 Ae
3157 1330 3287 1372 sunt
3333 1318 3459 1386 qui-

1872 1411 1996 1467 dem
2035 1418 2089 1467 et
2137 1412 2228 1466 alii
2268 1412 2426 1466 multi
2470 1427 2710 1466 canones
2749 1423 3140 1465 coronatorum
3187 1412 3455 1467 divinitus

1872 1506 2772 1575 apostolorum.ministrorumqne
2803 1505 2981 1569 verbi,
3025 1515 3081 1560 et
3133 1515 3452 1561 secutarum

1874 1599 2141 1669 deinceps
2176 1609 2495 1653 sanctarum
2546 1600 2907 1669 synodornm,
2946 1597 3061 1651 haec
3097 1599 3217 1666 ipsa
3268 1597 3456 1651 decla-

1873 1701 2059 1747 rantes
2085 1706 2264 1759 ;quos
2283 1691 2411 1745 huic
2439 1692 2648 1760 scripto
2671 1691 2973 1761 adjungere
3007 1689 3169 1757 velle,
3192 1690 3453 1744 stolidum

1872 1788 2053 1842 visum
2086 1786 2213 1852 fuit,
2239 1802 2340 1841 nec
2369 1786 2439 1840 ab
2461 1786 2638 1840 inutili
2658 1786 2956 1840 ambitione
2974 1786 3135 1855 longe
3160 1792 3452 1841 remotum.

1874 1877 2008 1933 Nam
2039 1893 2164 1933 cum
2200 1893 2284 1943 ea,
2316 1892 2437 1947 quze
2490 1878 2753 1946 producta
2784 1883 2938 1937 sunt,
2970 1874 3039 1929 ad
3099 1875 3453 1929 demonstra-

1875 1976 2081 2025 tionem
2114 1971 2192 2024 rei
2227 1970 2503 2024 suflieiant
2525 2008 2545 2032 ,
2588 1984 2689 2023 cur
2719 1968 2958 2038 amplius
3015 1966 3344 2021 laboretur?
3391 1977 3445 2020 ct

1873 2077 1999 2118 cum
2034 2063 2240 2118 veritas
2282 2063 2501 2116 elucere
2563 2061 2759 2130 possit,
2793 2072 2958 2130 atque
2991 2061 3251 2115 omnibus
3291 2060 3454 2113 inno-

1875 2164 2118 2213 tescere:
2149 2171 2255 2211 non
2298 2156 2487 2209 multis
2532 2168 2677 2224 opus
2720 2162 2805 2208 est
2840 2153 3048 2207 verbis.
3094 2152 3307 2221 Quippe
3358 2168 3451 2206 vc-

1872 2249 2010 2303 ritas
2043 2248 2112 2303 ad
2141 2250 2225 2302 sui
2274 2247 2640 2318 patrOcinium
2676 2247 2909 2314 ipsamet
2977 2244 3195 2299 sulhcit.
3267 2244 3453 2312 Itaque

1871 2341 2087 2393 ratione
2117 2338 2422 2403 communi,
2458 2346 2512 2392 et
2566 2336 2897 2405 generaliter
2947 2334 3066 2390 haec
3109 2336 3256 2390 dicta
3301 2346 3482 2390 sunt.‘

1872 2431 2133 2486 Scorsum
2166 2446 2322 2494 vero,
2369 2437 2423 2484 et
2451 2428 2847 2500 particulatim,
2876 2428 3043 2482 etiam
3072 2428 3195 2483 aliis
3214 2431 3453 2498 quisque

1872 2521 2124 2576 munitus
2160 2528 2244 2575 est
2265 2520 2503 2590 juribus.
2526 2517 2664 2572 Nam
2696 2526 2751 2573 et
2782 2518 2831 2573 is
2866 2518 2988 2589 ipse
3034 2520 3129 2588 qui
3161 2530 3445 2573 certamen

1871 2611 1977 2667 hoc
2009 2611 2326 2666 universum
2390 2610 2622 2679 occepit,
2669 2615 2724 2662 et
2758 2607 3050 2662 verborum
3085 2606 3185 2661 hoc
3235 2606 3453 2662 alveare

1871 2702 2194 2768 commovit,
2236 2700 2551 2771 religiosus,
2589 2700 2840 2771 inquam,
2867 2701 3328 2769 metropolitanus
3362 2702 3452 2756 ille

1868 2795 2221 2865 Ancyranus,
2278 2793 2651 2847 instrumento
2699 2792 2946 2847 munitus
2975 2800 3061 2847 est
3100 2791 3278 2848 felicis
3327 2809 3447 2847 ιιιοο

1871 2887 2060 2939 moria:
2090 2884 2359 2955 principis
2393 2884 2554 2939 Dura
2576 2893 2626 2948 ν,
2669 2884 2764 2954 qui
2798 2884 3181 2954 episcopatum
3234 2884 3449 2940 Βοείιωί

1878 2975 2288 3043 ntetrOpolitico
2313 2974 2439 3042 jure
2465 2974 2713 3037 donavit,
2733 2975 2877 3044 quod
2922 2975 3287 3030 instrumento
3319 2991 3451 3030 san-

1870 3066 2035 3129 citur,
2057 3074 2115 3119 ut
2140 3066 2400 3121 honorem
2415 3065 2595 3135 adepti
2614 3066 3020 3136 metropolitani
3044 3076 3241 3133 morte,
3262 3069 3404 3123 dicta
3433 3086 3446 3121 :

169 3155 270 3226 τὴν
303 3157 610 3229 εἰρημένην
664 3161 1000 3230 ἐκκλησίανο
1040 3163 1114 3234 μὴ
1162 3166 1617 3236 ὲπαισχυνθέντος
1643 3170 1765 3225 λίαν

1873 3155 2118 3213 Ecclesia
2170 3160 2357 3213 redeat
2403 3158 2467 3210 ad
2504 3165 2705 3211 statum
2738 3158 3055 3213 inferiorem
3100 3160 3450 3230 episcopatus

169 3251 445 3319 νουνεχῶς
474 3251 569 3303 τοῦ
600 3252 869 3321 βασιλέως
898 3255 958 3308 τὸ
984 3258 1185 3311 οἰκεῖον
1228 3258 1504 3330 ὀλίσθημα
1542 3263 1637 3317 καὶ
1667 3264 1767 3334 τὴν

171 3340 404 3407 ἄγνοιαν
439 3345 533 3394 καὶ
568 3343 937 3413 θριαμϐεῦσαι
960 3385 977 3409 ,
1003 3349 1100 3400 καὶ
1144 3350 1579 3421 διορθώσασθαι·
1627 3354 1767 3409 ἀλλὰ

171 3434 315 3484 κατὰ
338 3435 434 3485 τὸν
460 3435 730 3488 θετταλδν
758 3438 1141 3507 μειρακίσκον,
1171 3442 1265 3493 καὶ
1303 3442 1635 3512 τρώσαντος,
1672 3447 1767 3499 καὶ

173 3525 485 3592 συμπαθῶς
511 3528 604 3579 καὶ
635 3528 1036 3599 φιλανθρώπως
1067 3535 1444 3600 ὲπεγνωκότος
1471 3536 1570 3606 τὴν
1600 3538 1762 3591 ἴασιν.

172 3617 283 3667 Καὶ
328 3618 471 3685 πρὸς
518 3619 695 3690 τούτῳ
735 3623 1123 3693 χρυσοὸοὑλλῳ
1162 3624 1434 3680 ὥπλισται
1474 3628 1620 3697 ἄλλῳ
1669 3628 1765 3681 τοῦ

171 3705 292 3756 υἱοῦ
324 3707 521 3759 τούτου
548 3710 642 3760 καὶ
668 3708 957 3777 βασιλέως,
989 3713 1051 3765 τὺ
1080 3714 1296 3781 φθάσαν
1320 3717 1763 3788 ὑποστηρίξοντι·

170 3798 263 3847 καὶ
291 3798 650 3868 ὑπομνήματι
683 3804 977 3871 συνοδικῷ,
1006 3804 1116 3858 τῶν
1144 3808 1268 3860 τότε
1301 3808 1520 3871 ζώντων
1560 3827 1764 3881 μητρο-

170 3889 431 3950 πολιτῶν,
463 3891 661 3958 όλίγων
691 3893 746 3945 δὲ
781 3895 951 3947 ὄντων
970 3897 1039 3961 ⁸⁸,
1072 3902 1193 3961 ταῖς
1228 3900 1597 3970 αὐτοχειρίοις
1630 3905 1762 3957 ὐπο-

170 3982 476 4049 σημασεαις
503 3984 565 4036 τὸ
597 3983 832 4053 ἔμπεδον
860 3989 1213 4059 ἀποφέροντι,
1239 3984 1316 4045 ὧν
1338 3994 1431 4046 καὶ
1460 3998 1509 4047 οί
1542 3999 1763 4061 πλείους

170 4073 453 4140 περίεισι,
488 4077 893 4143 στοιχησάντων
924 4080 1181 4133 ἁπάντων
1212 4086 1279 4151 τῇ
1320 4089 1581 4154 κανονικῇ
1624 4088 1761 4139 ἀπο-

170 4161 360 4226 φάσει.
395 4164 626 4228 Ἀτερος
657 4164 713 4216 δὲ
758 4168 787 4218 ό
844 4165 1175 4236 Ἡρακλείας
1214 4172 1352 4241 πρὸς
1398 4178 1510 4236 τοῖς
1561 4177 1761 4239 κοινοῖς

167 4251 705 4319 δικιιώμασιν,αὑτό
721 4272 779 4306 τε
794 4256 854 4308 τὸ
880 4260 1157 4313 συνοδικὸν
1182 4262 1485 4333 ὑπόμνημα
1514 4266 1760 4334 προϐάλ-

156 4340 320 4394 λεται
358 4345 437 4403 εὶς
472 4349 871 4416 συνασπισμὸν,
910 4351 1002 4403 καὶ
1041 4355 1425 4425 χρυσοόούλλῳ
1457 4357 1761 4426 τεθωράκιυ

170 4449 316 4495 cui,
352 4428 415 4486 οὗ
449 4436 783 4508 δημιουργὸς
811 4440 839 4491 ὁ
878 4444 1191 4514 μακαρίτης
1239 4444 1497 4513 βασιλεὺς
1528 4448 1556 4498 ό
1588 4449 1757 4501 Bora-

1871 3264 1997 3303 cum
2029 3248 2182 3302 valde
2217 3246 2515 3317 prudenter
2537 3248 2683 3302 hunc
2718 3248 3021 3318 principem
3058 3265 3163 3302 non
3195 3253 3451 3319 puduerit

1872 3341 2084 3410 lapsum
2105 3350 2157 3395 et
2181 3339 2547 3409 ignorantiam
2568 3354 2725 3395 suam
2751 3349 2865 3394 tum
2888 3341 3066 3409 palam
3096 3341 3447 3409 spectandam

1872 3433 2155 3495 exhibere,
2194 3440 2308 3485 tum
2339 3433 2655 3502 corrigere;
2699 3431 2955 3497 idemque
2989 3430 3232 3485 Thessali
3267 3433 3448 3485 adole-

1872 3524 2080 3577 scentis
2122 3523 2398 3591 exemplo,
2432 3531 2485 3574 et
2520 3520 2724 3575 vulnus
2769 3522 3053 3582 indixerit.
3106 3530 3159 3576 et
3214 3521 3448 3591 benigne

1870 3614 2293 3679 bumauiterque
2321 3613 2665 3668 sanationem
2714 3613 3020 3683 agnoverit.
3073 3611 3278 3667 Prasler
3305 3616 3442 3667 hanc

1870 3705 2077 3759 bullam
2147 3720 2395 3768 auream,
2444 3704 2693 3759 munitus
2762 3713 2846 3759 est
2918 3704 3025 3757 alia
3078 3720 3298 3774 quoque
3351 3705 3443 3756 lilii

1869 3798 2039 3867 hujus
2070 3808 2116 3863 ⁸,
2153 3798 2598 3866 etimperatoris,
2629 3813 2750 3867 qua:
2799 3799 3035 3866 priorem
3090 3798 3379 3851 conlinunt
3431 3817 3443 3849 :

1868 3888 2106 3958 itemque
2144 3898 2497 3943 monumento
2549 3889 2821 3959 synodali,
2886 3887 3032 3957 quod
3089 3888 3249 3942 factis
3281 3905 3442 3941 manu

1867 3981 2086 4050 prepria
2120 3982 2614 4050 subscriptionibus
2630 3991 2715 4035 est
2753 3981 3139 4033 confirmatum
3174 3981 3242 4032 ub
3265 3982 3442 4033 numi-

1866 4074 1970 4129 bus
2012 4085 2145 4130 tunc
2174 4077 2487 4130 viventibus
2543 4074 3008 4144 metropolitauis,
3034 4075 3078 4127 si
3124 4089 3327 4143 paucos
3354 4074 3447 4128 de-

1865 4182 2003 4233 mas,
2042 4183 2275 4237 quorum
2310 4175 2363 4220 et
2396 4168 2572 4236 major
2605 4184 2733 4236 pars
2761 4176 3048 4234 superstes
3078 4177 3187 4229 est,
3218 4170 3443 4221 univer-

1866 4258 1944 4313 sis
1974 4257 2311 4313 sententiam
2377 4257 2708 4312 canonicam
2763 4259 2991 4311 secutis.
3056 4259 3208 4309 Alter
3261 4266 3442 4311 autem

1865 4352 1958 4405 ille
2008 4350 2255 4419 pontifex
2331 4348 2627 4414 Heracleae,
2687 4357 2884 4419 ιιι-αξιοι·
2916 4350 3034 4403 ‘ura
3088 4352 3442 4412 communia;

1867 4441 2076 4510 profert
2108 4442 2175 4495 ad
2208 4441 2292 4495 sui
2341 4441 2719 4495 defensionem
2754 4441 2890 4494 illud
2939 4443 3116 4510 ipsum
3184 4442 3445 4512 synodale

171 4530 419 4597 νειάτης,
455 4530 812 4600 διοριζομένῳ
849 4537 912 4604 τῇ
946 4536 1171 4605 τελευτῇ
1205 4536 1300 4590 τοῦ
1340 4542 1459 4592 νυνὶ
1494 4543 1757 4611 ἀρχιερα-

1871 4544 2307 4599 monumentum,
2342 4543 2395 4587 et
2431 4535 2677 4588 munitus
2715 4543 2801 4587 est
2851 4548 3015 4587 aurea
3043 4534 3211 4597 bulla,
3285 4533 3445 4603 cujus

167 4622 419 4684 :z-Jovto,
464 4624 520 4673 ἐν
553 4624 821 4695 Μαδὺτῳ,
870 4630 930 4679 τὸ
967 4628 1060 4680 ὑπ’
1093 4630 1242 4698 αὐτῷ
1298 4635 1757 4703 μητροπολιτικδν

168 4712 446 4765 πτύεσθαι
480 4714 686 4766 δίκαιον
709 4754 724 4777 ,
760 4716 853 4767 καὶ
891 4717 997 4769 ὑπὸ
1035 4719 1132 4788 τὴν
1178 4719 1506 4790 Ἡράκλειαν
1551 4726 1758 4779 ἐπανα-

170 4805 431 4872 στρέςρειν
463 4806 561 4874 τὴν
588 4808 890 4877 εἰρημένην
933 4808 1283 4879 Ἐκκλησίαν,
1307 4814 1383 4875 ώς
1404 4818 1753 4888 τοπρότερον.

169 4895 632 4965 Ιιροσεπιτούτοις
680 4900 776 4953 καὶ
822 4903 850 4953 ό
886 4901 1301 4969 θεοφιλέστατος
1352 4911 1757 4981 μητροπολίτης

170 4988 283 5037 lla:
295 4987 426 5054 ρῶν,
457 4988 670 5051 πολλοῖς
689 4993 783 5042 καὶ
808 4992 1085 5062 διαφόροις
1111 4998 1439 5066 τετείχισται
1457 5000 1760 5073 δικαιώμα-

170 5094 276 5141 σιν,
307 5080 391 5141 εΞς
425 5080 486 5132 τὸ
518 5086 819 5149 συμφυεῖς,
854 5087 948 5138 καὶ
978 5089 1279 5157 ἀτμήτους,
1314 5095 1408 5145 καὶ
1436 5094 1758 5150 ἀναποσπά-

170 5185 328 5230 ato-.2;
358 5168 507 5237 ἔχειν
562 5172 659 5235 τὰς
684 5177 751 5243 τῇ
782 5176 905 5227 κατ’
939 5178 1102 5231 αὐτὸν
1129 5180 1396 5251 ἐκκλησίᾳ
1423 5182 1760 5253 δωρηθείσας

167 5263 518 5324 ἑπισκοπᾶις,
574 5266 727 5334 παρὰ
792 5266 1112 5337 Νικηφόρον
1176 5271 1440 5338 βασιλέως
1505 5276 1599 5327 τοῦ
1651 5276 1760 5329 ἀπὸ

168 5355 437 5419 γενικῶν,
486 5356 573 5409 διὰ
621 5359 681 5410 τὸ
714 5360 772 5410 ὲν
818 5361 883 5429 τῇ
934 5367 1288 5433 καταστροφῇ
1333 5367 1443 5417 τῶν
1508 5367 1756 5436 Ἀϐἁρων

170 5447 321 5516 παρὰ
350 5447 446 5501 τοῦ
479 5450 774 5518 κορυεςαῖου
800 5453 908 5505 τῶν
939 5455 1255 5509 ἀποστόλων
1296 5460 1390 5511 καὶ
1434 5461 1754 5531 πρωτοκλή-

1870 4636 2067 4683 auctor
2089 4636 2173 4681 est
2202 4627 2380 4680 felicis
2419 4626 2817 4680 recordationis
2862 4626 3159 4696 imperator
3190 4627 3447 4681 Botauia-

1870 4730 1972 4782 tes,
2007 4735 2116 4788 qua
2158 4721 2429 4784 sancitur,
2466 4731 2524 4773 ut
2550 4720 2700 4773 illius
2732 4730 2927 4784 morte,
2950 4719 3042 4786 qui
3076 4736 3219 4773 nunc
3246 4720 3443 4791 Madyti

1867 4813 2246 4882 pontiliratutn
2284 4812 2442 4882 gerit,
2469 4811 2560 4881 jus
2607 4811 2727 4880 ejus
2774 4812 3230 4879 metropoliticnm
3259 4814 3444 4881 exspi-

1868 4913 1970 4969 ret,
2014 4920 2077 4958 ac
2107 4904 2250 4957 dicta
2269 4904 2501 4957 ecclesia
2540 4902 2773 4971 pristino
2806 4918 2955 4956 more
2981 4903 3085 4958 sub
3124 4903 3442 4959 Heracleam

1865 4996 2074 5051 redeat.
2129 4993 2334 5047 l’rmter
2380 4995 2518 5056 haec,
2574 4992 3025 5061 religiOsissimns
3059 5011 3278 5064 quoque
3332 5014 3445 5048 ine-

1866 5088 2237 5158 tropolitauns
2309 5085 2594 5141 Patrensis
2685 5086 3065 5155 compluribus
3126 5102 3191 5141 ac
3277 5088 3439 5141 variis

1864 5177 2112 5232 munitus
2134 5185 2218 5231 est
2254 5176 2470 5244 jnribus
2509 5175 2562 5228 in
2605 5174 2730 5239 hoc,
2789 5184 2847 5227 ut
2881 5174 2984 5228 sibi
3031 5175 3347 5244 adjunctos,
3391 5188 3439 5229 et

1866 5272 2091 5325 minime
2120 5278 2430 5339 separatos,
2474 5268 2893 5336 intlivulsosque
2935 5268 3441 5337 liabcatepiscopa-

1866 5373 1977 5429 tus,
2021 5363 2268 5417 ecclesia:
2299 5375 2412 5415 sum
2441 5374 2469 5411 a
2494 5358 2803 5427 Nicephoro
2825 5359 3092 5430 print-ipe,
3125 5360 3216 5427 qui
3248 5374 3311 5412 ex
3347 5374 3438 5428 ge-

1867 5458 2042 5514 nerali
2074 5462 2441 5525 procuratore
2478 5450 2656 5507 factus
2681 5464 2763 5508 est
2798 5451 3117 5521 imperator,
3147 5452 3439 5507 attributes

1452 5615 1690 5673 VAllle
1725 5612 2133 5675 LECTIOBES.

240 5691 292 5725 ⁵³
320 5693 570 5747 δεόντων.

277 5820 307 5851 ν
336 5812 696 5868 Constantini.
778 5826 800 5853 ι
835 5812 1110 5868 Michat't'is
1166 5813 1346 5868 Dum.
