4176 6446
722 377 827 440 8Ἱ9

2090 373 2226 434 JUS
2266 373 2707 436 CANONICCM

3906 380 4003 443 880

722 487 846 557 ejus
874 484 1123 540 miraculi
1149 482 1347 553 gratia,
1381 482 1525 552 quod
1595 479 1891 536 oculariter
1949 480 2153 534 factum
2210 480 2282 534 fui

2414 498 2506 534 του
2550 482 2800 551 Ἀνδρέου
2832 481 3268 552 όφθαλμοφανῶς
3315 484 3606 553 γενόμενον
3646 483 3834 555 θαῦμα
3863 528 3877 551 ,
3911 490 4000 541 ἐπὶ

725 582 792 634 ab
830 581 923 634 illo
970 578 1174 632 eximio
1210 576 1495 649 primoque
1521 582 1714 628 vocato
1770 572 2023 643 apostolo
2067 573 2304 637 Andrea,

726 672 777 725 in
819 672 1055 724 Abarum
1092 670 1399 729 eversione,
1440 666 1529 736 qui
1573 667 1705 720 totis
1735 680 1931 720 ccxvm
1966 664 2126 719 anuis
2150 665 2307 719 Pelo-

726 778 1031 833 ponnesum
1068 764 1445 823 obtinuerant,
1474 775 1647 829 usque
1675 760 1813 814 adeo
1843 761 1910 812 ab
1938 758 2166 826 imperio
2198 756 2307 812 lto-

725 870 885 909 mano
933 853 1130 916 avulsi,
1179 862 1238 905 ut
1273 866 1437 905 nemo
1466 848 1749 904 Romanus
1788 851 1839 902 in
1867 847 2304 916 Peloponnesum

724 948 808 1002 vel
842 947 1033 1017 pedem
1085 943 1289 999 inferre
1317 953 1537 1013 posset;
1590 953 1721 994 tunc
1748 950 1931 993 autem
1966 940 2129 993 unius
2158 938 2305 993 hora:

722 1043 904 1107 sl-atio
936 1037 1160 1091 fuerunt
1186 1035 1531 1091 exterminati
1570 1050 1662 1102 per
1698 1033 1870 1087 solam
1903 1032 2300 1101 apparitionezn

723 1132 884 1201 hujus
913 1131 1090 1200 primo
1115 1130 1290 1185 vocati
1327 1128 1581 1197 apostoli,
1620 1136 1672 1181 et
1709 1127 1826 1195 ipsa
1873 1127 2021 1194 regio
2056 1133 2167 1179 tota
2195 1124 2304 1178 Ro-

722 1226 899 1279 manis
942 1226 1198 1279 restituta
1232 1223 1487 1292 sceptris.

794 1315 873 1369 Ac
905 1316 1141 1385 primum
1195 1314 1415 1383 quidem
1460 1312 1668 1383 profert
1723 1326 1945 1368 auream
1984 1311 2185 1365 bullam
2217 1311 2304 1364 iri--

720 1409 886 1463 dicati
923 1407 1204 1477 principis,
1245 1408 1336 1478 qui
1370 1418 1423 1463 et
1479 1409 1617 1461 banc
1678 1406 1850 1476 ipsam
1884 1404 2292 1459 sanctissimam

719 1501 1037 1555 l’atreusem
1065 1500 1372 1554 Ecclesiam
1404 1516 1465 1554 ex
1499 1497 1974 1567 archiepisc0patu
2007 1495 2073 1550 ad
2099 1504 2305 1549 metro-

722 1595 858 1662 polis
896 1593 1123 1662 gloriam
1146 1593 1325 1646 evexit
1348 1592 1417 1645 ob
1444 1591 1589 1644 illius
1612 1589 1798 1644 eximii
1830 1588 2141 1659 prodigium
2172 1602 2304 1656 apo-

719 1685 868 1745 sto'i,
903 1700 1024 1753 qua:
1046 1684 1315 1748 diximus;
1349 1691 1401 1736 et
1432 1689 1545 1737 tres
1593 1682 1943 1752 episcopatus
1994 1680 2042 1735 ei
2075 1680 2301 1749 largitus

719 1782 827 1836 est,
857 1772 1292 1835 Methonensem,
1327 1770 1824 1836 Lacedaemonium,
1857 1781 1911 1826 et
1962 1770 2298 1828 Sarsocoro-

2413 571 2709 636 διακοσίοις
2734 572 3017 626 δεκαοκτὼ
3051 574 3265 645 χρόνοις
3306 573 3448 637 ὅλοις
3490 576 3875 645 κατασχόντων
3908 580 4001 646 τὴν

2415 662 2859 733 Πελοπόννησον,
2892 664 2989 718 καὶ
3017 665 3117 733 τῆς
3163 666 3481 736 Ῥωμαῖκῆς
3507 667 3683 738 ἀρχῆς
3722 668 3970 737 ἀποτεμο

2414 754 2614 824 μένων,
2688 756 2768 819 ὼς
2812 756 2947 827 μηδὲ
2993 756 3133 809 πόδα
3193 756 3377 826 βαλεῖν
3435 760 3575 821 ὅλως
3626 758 3895 812 δύνασθαι
3949 762 4000 812 ἐν

2410 847 2546 919 αὐτῇ
2597 849 2868 919 Ῥωμαῖον
2902 849 3070 921 ἄνδρα
3094 865 3108 879 ·
3155 852 3214 903 ἐν
3251 853 3349 922 μιᾷ
3393 851 3448 904 δὲ
3484 853 3605 922 ὥρα
3644 852 3857 906 τούτων
3905 852 4001 920 μὲν

2410 941 2820 1009 ἀφανισθέντων
2844 944 2909 996 ὲκ
2935 943 3104 1018 μόνης
3127 944 3450 1012 ἐπιφανείας
3465 944 3561 999 τοῦ
3588 946 3996 1015 πρωτοκλήτον.

2407 1032 2507 1101 τῆς
2532 1033 2589 1084 δὲ
2645 1032 2828 1104 χώρας
2870 1035 3093 1105 ἀπάσης
3140 1037 3255 1099 τοῖς
3306 1035 3643 1106 Ῥωμαϊκοῖς
3698 1036 3997 1106 σκήπτροις

2408 1125 2839 1198 ἐπανελθούσης.

2478 1306 2588 1359 Καὶ
2620 1306 2837 1377 πρῶτον
2876 1308 2973 1378 μὲν
3002 1308 3368 1378 προϐάλλεται
3398 1309 3459 1361 τὸ
3490 1309 3582 1363 τοῦ
3616 1309 3883 1380 ῥηθέντος
3906 1309 3997 1378 βα-

2409 1398 2600 1462 σιλέως
2627 1399 3045 1469 χρυσόόουλλον,
3085 1399 3182 1453 τοῦ
3216 1401 3308 1453 καὶ
3339 1399 3439 1470 τὴν
3464 1400 3633 1469 αὐτὴν
3687 1400 3997 1467 ἁγιωτάτῳ

2407 1494 2706 1562 ἐκκλησίαν
2736 1494 2986 1563 Πατρῶν,
3020 1493 3079 1557 ἐξ
3113 1492 3551 1563 ἀρχιεπισκοπῆς
3598 1493 3678 1555 εἰς
3712 1491 3988 1561 μητροπό-

2405 1584 2543 1647 λεως
2604 1586 2762 1650 δόξαν
2824 1586 3217 1654 ἀναγαγόντος,
3252 1586 3339 1638 διὰ
3372 1586 3434 1637 τδ
3492 1583 3657 1655 ῥηθὲν
3710 1584 3993 1655 τεράστιον

2402 1675 2497 1729 τοῦ
2532 1677 2852 1745 κορυφαίου.
2886 1679 2979 1728 καὶ
3015 1678 3197 1746 τρισὶν
3227 1678 3556 1739 ὲπισκοπαῖς
3587 1676 3760 1743 αὐτὴν
3811 1675 3993 1744 δωρη-

2413 1768 2676 1838 σαμένου,
2706 1771 2769 1837 τῇ
2802 1768 3056 1840 Μεθώνῃ,
3086 1772 3151 1838 τῇ
3194 1768 3582 1835 Λακεδαίμονι,
3620 1769 3715 1818 καὶ
3764 1769 3831 1836 τῇ
3858 1767 3994 1837 Σαρ-

722 1882 947 1920 nensem
981 1883 995 1921 :
1040 1866 1235 1921 deinde
1273 1867 1508 1919 alteram
1546 1864 1675 1920 huic
1745 1881 2068 1930 consonam,
2102 1864 2293 1920 Leonis

2410 1862 2687 1931 σοκορὼνῃ
2714 1877 2726 1889 ·
2771 1861 2863 1913 καὶ
2904 1860 3093 1929 ἓτερον
3125 1858 3303 1929 τούτῳ
3338 1860 3582 1929 συνᾷδον,
3617 1858 3850 1920 Λέοντος
3901 1858 3992 1909 καὶ

717 1968 771 2014 et
810 1958 1105 2012 Alexandri
1169 1967 1582 2026 augustorum:
1642 1971 1704 2011 ac
1772 1959 1987 2012 tertiam
2044 1956 2295 2020 Romani,

717 2050 1125 2120 Christophori,
1181 2058 1231 2103 et
1266 2050 1642 2116 Constantini,
1684 2050 2019 2121 reliquarum
2052 2050 2298 2119 vestigiis

719 2141 1076 2195 inhmrentem
1110 2156 1124 2199 ;
1157 2140 1395 2208 itemque
1429 2150 1624 2209 praeter
1648 2139 1750 2195 has
1774 2141 1959 2204 aliam,
1994 2139 2290 2202 Niecpliuri

721 2232 1247 2299 Phocaezquintam
1307 2231 1542 2300 denique
1600 2230 1901 2286 Botaniatw
1968 2232 2153 2297 illius,
2205 2233 2297 2302 qui

718 2322 882 2392 paulo
914 2329 1040 2375 ante
1061 2336 1241 2374 rerum
1272 2322 1474 2390 potitus
1512 2320 1763 2390 fuit,qu:n
1790 2321 2071 2377 recensitze
2108 2337 2299 2378 omnes

718 2414 1110 2483 obsignantur.
1140 2412 1610 2469 Neocmsarieusis
1645 2430 1866 2485 quoque
1900 2416 2152 2471 similiter
2182 2431 2293 2471 nio-

717 2514 981 2559 numento
1012 2505 1218 2559 domini
1251 2507 1540 2561 Michaelis
1577 2507 1924 2575 patriarchae,
1976 2508 2149 2561 beatae
2184 2525 2297 2562 me-

718 2598 905 2653 nzorize
935 2598 1127 2651 nititur
1153 2615 1169 2664 ;
1196 2608 1247 2652 et
1276 2612 1438 2653 aurea
1477 2599 1623 2652 bulla
1642 2597 1846 2652 domini
1879 2598 2163 2655 Michaelis
2192 2599 2297 2653 Du-

723 2702 823 2743 cat.
859 2686 1217 2743 Inveniuntur
1242 2700 1295 2743 et
1324 2698 1467 2754 aeta,
1503 2704 1626 2760 quae
1653 2690 1877 2745 tradunt
1904 2689 2051 2760 quod
2082 2692 2298 2760 episco-

716 2783 1221 2852 patus,quicunqne
1256 2780 1323 2835 ad
1378 2783 1761 2853 uzetropolium
1811 2783 2127 2853 dignitatem
2168 2798 2298 2853 pro-

716 2875 950 2929 vehendi
982 2884 1163 2939 erant,
1198 2892 1304 2929 non
1345 2876 1501 2930 aliter
1552 2876 1603 2929 id
1655 2878 2088 2945 assequebantur
2122 2894 2136 2942 ;
2193 2878 2297 2931 nisi

718 2967 949 3037 publica:
986 2968 1239 3024 utilitatis
1284 2968 1336 3021 id
1408 2969 1666 3024 suaderet
1718 2970 1877 3035 ratio,
1936 2979 1990 3024 et
2053 2972 2298 3041 synodus

718 3058 1101 3124 assentirelur,
1149 3069 1202 3113 et
1253 3060 1505 3114 ecclesiae
1541 3060 1805 3115 honorem
1841 3069 2147 3130 accepturae
2187 3079 2299 3116 me-

2414 1953 2765 2024 Ἀλεξάνδρου
2800 1952 2908 2005 τῶν
2968 1952 3235 2023 βασιλέων
3257 1969 3270 1982 ·
3308 1952 3399 2004 καὶ
3425 1951 3606 2020 τρίτον
3684 1950 3991 2020 Ῥωξαανοῦ,

2404 2045 2803 2114 Χριστοφόρου,
2860 2045 2952 2096 καὶ
3004 2043 3443 2107 Κωνσταντίνου,
3502 2043 3623 2095 κατ’
3680 2042 3825 2111 ἴχνος
3887 2047 3993 2105 τοῖς

2402 2139 2581 2203 ἄλλοις
2618 2140 2799 2208 βαῖνον
2821 2156 2834 2168 °
2866 2140 2959 2193 καὶ
2986 2139 3114 2192 ἄλλο
3142 2138 3235 2190 ἐπὶ
3259 2137 3491 2201 τούτοις,
3524 2137 3847 2205 Νικηφόρον
3899 2135 3988 2188 τοῦ

2400 2233 2597 2284 Φωκᾶ·
2630 2236 2723 2285 καὶ
2780 2233 3031 2302 πέμπτον
3070 2232 3162 2283 ἐπὶ
3216 2228 3447 2292 τούτοις,
3497 2228 3589 2281 τοῦ
3648 2228 3757 2299 πρὸ
3792 2226 3989 2297 μικροῦ

2403 2322 2850 2393 βεϐασιλευκότος
2911 2324 3003 2377 τοῦ
3059 2322 3440 2383 Βοτανειάτου,
3484 2319 3614 2381 τοὺς
3660 2319 3992 2388 εἰρημένους

2402 2414 2612 2472 πάντας
2658 2414 3170 2487 ἐπισφραγίζοντος.
3220 2414 3383 2466 Καὶό
3441 2410 3883 2479 Νεοκαισαρείας
3936 2409 3993 2459 ξε

2402 2506 2721 2577 ἐστήρικται
2770 2508 2976 2577 ὁμοίως
3003 2507 3364 2575 ὑπομνήματι
3398 2503 3489 2557 τοῦ
3530 2506 3588 2556 ὲν
3616 2502 3873 2571 μακαρίᾳ
3923 2504 3990 2569 τῇ

2400 2598 2551 2668 λήξει
2589 2601 2953 2670 πατριάρχου,
2998 2598 3171 2668 κυροῦ
3198 2597 3440 2665 Μιχαὴλ,
3472 2597 3565 2648 καὶ
3598 2594 3988 2664 χρυσοὸούλλῳ

2402 2691 2572 2760 κυροῦ
2609 2692 2826 2761 Μιχαὴλ
2856 2690 2949 2744 τοῦ
2975 2689 3174 2743 Δοὺκα.
3211 2689 3570 2758 Εὑρίσκονται
3614 2688 3671 2740 δὲ
3705 2689 3802 2740 καὶ
3852 2690 3968 2757 πρά

2402 2781 2511 2845 ξεις
2537 2780 2975 2851 διαγορεύουσαι,
3007 2781 3089 2833 ὅτι
3122 2797 3229 2849 περ
3254 2781 3373 2832 ὅσαι
3407 2778 3515 2831 τῶν
3550 2778 3881 2831 ἐπισκοπῶν
3912 2782 3994 2841 εἰς

2404 2873 2788 2943 μητροπόλεων
2818 2872 3042 2942 ἔμελλον
3066 2870 3504 2941 ἀναϐιϐασθῆναι
3532 2870 3711 2933 κλέος,
3739 2871 3843 2922 οὐκ
3894 2872 3992 2924 ἆλ-

2400 2964 2505 3027 λως
2540 2964 2728 3017 τούτου
2759 2964 3043 3035 ἐπέτυχον,
3079 2964 3126 3017 εί
3184 2964 3259 3035 μὴ
3324 2962 3662 3034 κοινωφελὴς
3694 2963 3995 3034 προῦκειτο

2401 3058 2704 3123 οἰκονομία,
2738 3057 2831 3107 καὶ
2864 3057 2898 3125 ἡ
2932 3055 3148 3117 σύνοδος
3191 3053 3532 3121 κατεδέξατο,
3596 3057 3688 3108 καὶ
3714 3059 3743 3110 ὁ
3788 3075 3995 3127 μητροο

718 3151 1085 3218 tropolitanus
1115 3153 1588 3208 remunerationes
1620 3168 1679 3208 se
1708 3154 1903 3224 dignas
1955 3170 2021 3210 ex
2062 3155 2293 3225 impera-

2402 3147 2625 3214 πολίτης
2647 3147 2745 3215 τῆς
2770 3145 3071 3215 μελλούσης
3091 3145 3387 3216 τιμηθῆναι
3437 3145 3736 3214 ἐκκλησίας
3775 3148 3992 3200 ἀντιδό-

717 3244 857 3296 toris
895 3258 1056 3295 manu
1082 3253 1435 3306 consecutus.
1496 3260 1559 3299 ea
1613 3260 1735 3315 quae
1795 3257 2138 3316 gererentur,
2193 3262 2290 3315 ap-

716 3332 993 3400 probaret.
1057 3330 1160 3387 Tot
1188 3334 1353 3401 igitur
1394 3343 1558 3404 atque
1589 3338 1717 3390 talia
1769 3352 1894 3390 cum
1955 3337 2295 3392 adminicula

716 3423 849 3482 sint.
888 3430 999 3476 tatu
1051 3423 1325 3480 universis
1362 3429 1699 3492 communia,
1730 3443 1895 3497 quam
1934 3429 2165 3500 singulis
2201 3448 2291 3499 pe-

714 3514 998 3568 culiaria:
1051 3514 1186 3568 mihi
1230 3529 1383 3581 sane,
1452 3518 1669 3587 meique
1732 3519 2005 3576 similibus
2059 3522 2293 3587 videtur,

715 3606 1115 3660 humanissime
1184 3608 1462 3678 princeps,
1502 3624 1625 3664 esse
1684 3609 1889 3664 factum
1952 3611 2116 3681 hujus
2149 3614 2292 3667 modi

712 3707 767 3752 et
798 3698 1047 3767 iniquum
1103 3708 1157 3754 et
1208 3715 1455 3765 enorme,
1480 3709 1783 3768 contraque
1818 3718 2007 3758 sacros
2031 3720 2292 3766 canones.

712 3798 767 3843 et
820 3788 1060 3843 decretis
1114 3790 1498 3858 spiritualibus
1533 3805 1599 3846 ac
1648 3793 1862 3863 legibus
1935 3794 2236 3849 adversum
2276 3811 2289 3845 :

713 3894 814 3934 nec
851 3880 983 3935 satis
1030 3880 1233 3935 habere
1266 3881 1488 3944 virium,
1532 3896 1652 3950 qua:
1684 3882 1752 3936 ab
1796 3882 2107 3937 adversaria
2142 3892 2294 3953 parte

711 3983 1081 4043 opponantur.
1123 3972 1256 4027 Nam
1284 3988 1463 4043 neque
1499 3988 1656 4028 saera
1689 3975 2023 4045 pragmatica
2054 3976 2289 4038 sanetlo,

713 4067 879 4121 veluti
907 4066 1167 4134 superius
1196 4076 1279 4121 est
1328 4065 1691 4135 declaratum,
1746 4067 2014 4123 adversus
2074 4066 2292 4123 divinos

710 4171 954 4211 canones
1014 4156 1253 4209 valebit:
1292 4170 1474 4224 neque
1528 4156 1934 4221 condemnatio,
1996 4172 2117 4226 quae
2158 4173 2295 4213 con-

711 4257 796 4302 tua
847 4250 993 4317 leges
1048 4262 1291 4302 canones
1334 4246 1529 4313 tendit,
1582 4247 1875 4303 laudabilis
1905 4263 2027 4304 esse
2070 4250 2291 4318 poterit.

710 4337 974 4403 Quamvis
1057 4337 1204 4390 enim
1268 4337 1533 4406 scriptum
1599 4338 1965 4393 aconstituta
2026 4338 2292 4395 divinitus

712 4431 999 4500 majestate
1031 4441 1121 4484 tua
1175 4430 1558 4495 subnotatum,
1617 4431 1914 4486 artillciose
1968 4441 2133 4501 atque
2166 4448 2292 4487 ora-

2402 3255 2513 3301 σεις
2548 3237 2707 3301 ἀξίας
2731 3236 2969 3305 εἰληφὼς
2994 3240 3093 3306 τῆς
3112 3237 3401 3307 βασιλικῆς
3433 3237 3634 3302 δεξιᾶς,
3668 3240 3783 3301 τοῖς
3817 3256 3994 3308 πρατ-

2398 3329 2648 3398 τομένοις
2712 3328 2997 3399 συνῄνεσε.
3039 3329 3322 3382 Τοσούτων
3352 3330 3535 3383 τοίνυν
3568 3330 3737 3382 όντων
3791 3330 3993 3401 βοηθηο

2402 3421 2607 3489 μάτων,
2645 3422 2739 3473 καὶ
2774 3421 2969 3475 κοινῶν
2997 3422 3111 3483 τοῖς
3164 3423 3323 3481 πᾶσι,
3358 3421 3453 3473 καὶ
3502 3420 3609 3474 τῶν
3641 3421 3995 3475 καθέκαστον

2400 3515 2567 3576 ίδῖων,
2602 3516 2726 3583 ἐμοί
2761 3532 2815 3567 τε
2849 3518 2941 3568 καὶ
2972 3519 3083 3578 τοῖς
3139 3514 3345 3584 ὁμοίοις
3379 3514 3548 3579 δοκεῖ,
3595 3514 3989 3585 φιλανθρωπί-

2394 3619 2523 3660 τατε
2554 3605 2794 3675 βασιλεῦ,
2845 3608 3160 3678 παράνομον
3213 3600 3351 3659 εἶναι
3415 3607 3511 3659 καὶ
3551 3605 3839 3677 ἄρρυθμον
3890 3608 3994 3673 τὴν

2393 3699 2654 3768 τοιαύτην
2683 3699 2903 3770 πρᾶξιν,
2936 3701 3031 3753 καὶ
3058 3698 3163 3751 τῶν
3187 3699 3344 3768 ιερῶν
3367 3699 3607 3752 κανόνων
3630 3700 3935 3751 ἀπεναντὲα
3975 3739 3991 3760 .

2396 3789 2635 3852 καὶτοῖς
2696 3793 3088 3859 πνευματικοῖς
3129 3790 3275 3859 ὅροις
3314 3792 3409 3842 καὶ
3441 3790 3630 3859 νόμοις
3681 3791 3987 3851 ἀντίθετον,

2396 3881 2489 3932 καὶ
2514 3880 2611 3949 οὺχ
2655 3880 2815 3933 ἱκανὰ
2847 3879 2915 3932 τὰ
2950 3880 3100 3950 παρά
3129 3880 3221 3933 τ.ῦ
3262 3881 3588 3952 ἀντιρῤόπου
3628 3882 3830 3951 μέρους
3891 3887 3994 3936 ἀν-

2394 3971 2736 4040 τιτιθέμενα.
2769 3972 2905 4025 Οὔτε
2927 3975 3033 4041 γὰρ
3069 3972 3460 4041 πραγματικός
3483 3973 3625 4035 θεῖος
3649 3973 3822 4036 τόπος
3846 3979 3989 4029 κατὰ

2392 4062 2500 4115 τιῖιν
2528 4062 2688 4115 θείων
2714 4065 2955 4118 κανόνων
2985 4064 3213 4133 ἰσχύσει,
3248 4064 3323 4127 ὡς
3364 4064 3569 4119 ἄνωθεν
3608 4065 3983 4135 διατετρανωο

2391 4172 2503 4220 ται,
2534 4154 2657 4208 οὔτε
2700 4156 2807 4227 μὴν
2857 4156 3146 4225 καταδίκη,
3177 4156 3341 4226 ὁμόσε
3377 4156 3561 4225 νόμων
3592 4158 3686 4208 καὶ
3738 4159 3995 4209 κανόνων

2393 4249 2664 4317 χωροῦσα,
2698 4248 2978 4317 ἐπαινετή.
3010 4248 3072 4300 Ei
3098 4247 3208 4317 γὰρ
3236 4249 3332 4299 καὶ
3360 4246 3420 4299 τι
3454 4247 3750 4315 σημείωμα
3784 4250 3885 4315 τῆς
3923 4249 3990 4299 ἐκ

2392 4338 2528 4392 Θεοῦ
2570 4338 2846 4409 βασιλείας
2881 4356 2996 4403 σου,
3030 4340 3291 4409 τεχνικῶς
3359 4340 3451 4391 καὶ
3505 4338 3814 4409 ῥητορικῶς
3855 4356 3989 4391 κατ-

2392 4430 2757 4495 εσκεύασται,
2816 4431 2908 4482 καὶ
2960 4430 3188 4483 πιθανὸν
3238 4430 3389 4483 δοκεῖ
3418 4432 3531 4491 τοῖς
3575 4429 3794 4492 πολλοῖς
3823 4446 3835 4458 ·
3869 4430 3987 4481 ἀλλ’

711 4523 852 4577 torie
886 4522 1090 4576 factum
1117 4530 1222 4586 est,
1275 4536 1338 4576 ac
1369 4522 1527 4592 vulgo
1559 4521 1718 4577 [idem
1778 4524 1971 4577 mereri
2022 4525 2240 4578 videtur
2274 4541 2287 4578 :

2399 4521 2550 4574 οὔπω
2585 4522 2679 4573 καὶ
2712 4521 2961 4586 δυνατὸν,
2989 4520 3187 4591 νόμους
3214 4521 3427 4574 ἀνελεῖν
3460 4522 3555 4574 καὶ
3602 4522 3857 4583 κανόνας,
3892 4525 3990 4574 καὶ

710 4627 822 4667 non
862 4622 1044 4666 tamen
1077 4622 1129 4667 et
1160 4614 1308 4683 leges
1341 4621 1506 4683 atque
1539 4627 1781 4668 canones
1815 4624 2060 4671 evertere
2085 4625 2285 4686 potest,

712 4712 766 4760 et
810 4704 1094 4759 veritatem
1155 4714 1465 4759 succutere.
1500 4705 1634 4759 Nam
1677 4708 1962 4776 argutatio
2002 4718 2058 4763 et
2117 4710 2287 4765 ratio-

712 4793 1043 4860 cinationes,
1078 4809 1141 4848 ex
1174 4794 1242 4847 iis
1276 4802 1531 4863 sumptui,
1575 4810 1696 4865 qua:
1728 4797 2005 4850 hominum
2041 4799 2288 4867 opinioni

714 4894 1096 4937 consentaneae
1119 4882 1399 4950 videntur,
1446 4900 1570 4939 cum
1594 4901 1700 4939 non
1726 4886 1836 4940 sint
1864 4902 1878 4951 ;
1906 4886 2065 4957 longe
2088 4889 2289 4944 absunt

712 4993 742 5029 ι
779 4991 908 5030 vero
937 4984 1101 5045 atque
1132 4976 1383 5029 scientia.
1439 4973 1550 5029 Nec
1581 4975 1742 5046 longa
1799 4978 2141 5033 consuetudo
2170 4977 2288 5032 elli-

710 5068 815 5123 eiet
849 5083 1106 5135 unquan,
1145 5075 1203 5120 ut
1236 5066 1308 5131 id,
1344 5066 1499 5137 quod
1543 5067 1612 5121 ab
1650 5067 1810 5121 initio
1841 5069 2147 5124 subsistere
2178 5084 2285 5124 non

708 5160 909 5230 potuit,
943 5158 1122 5212 locum
1174 5159 1388 5212 habeat.
1445 5157 1601 5213 Tunc
1650 5158 1798 5213 enim
1850 5159 2009 5229 longa
2068 5176 2287 5231 quoque

707 5249 1046 5305 consuetudo
1086 5249 1193 5302 vim
1236 5249 1367 5318 legis
1407 5250 1639 5313 obtinet,
1676 5250 1899 5319 quando
1923 5258 2283 5320 praeterquam

707 5341 853 5411 quod
898 5340 1179 5394 curatione
1241 5353 1346 5392 non
1427 5347 1657 5409 pugnat,
1717 5354 1818 5394 nec
1875 5340 2045 5409 legem
2092 5344 2284 5395 everti.

708 5437 775 5485 At
828 5448 953 5487 cum
988 5432 1090 5485 hoc
1136 5431 1300 5485 modo
1333 5431 1476 5485 sacri
1505 5445 1749 5486 canones
1781 5437 2123 5496 evertuntur,
2147 5447 2285 5501 qua-

709 5540 833 5578 nam
885 5524 1095 5577 ratione
1149 5520 1515 5586 consuetudo,
1578 5535 1701 5591 quae
1759 5521 1838 5576 sic
1893 5520 2136 5590 irrepsit,
2189 5523 2285 5574 ad-

710 5614 1157 5672 inittetur'llVam
1188 5616 1309 5668 audi
1347 5614 1481 5684 legis
1512 5614 1675 5667 verba
1724 5632 1743 5665 ί
1790 5632 1801 5667 :
1836 5612 1992 5678 Quod
2027 5628 2133 5666 non
2163 5628 2283 5666 cum

708 5709 919 5763 ratione
950 5705 1324 5761 introducmm
1370 5721 1398 5760 e
1432 5713 1474 5768 t,
1517 5704 1610 5759 sed
1649 5720 1744 5774 per
1776 5719 2022 5758 errorem
2071 5713 2125 5758 et
2155 5719 2285 5758 con-

708 5801 1052 5857 suetudinem
1081 5798 1315 5855 obtinuit
1333 5799 1386 5854 in
1412 5798 1681 5854 similibus
1708 5798 1887 5854 valere
1923 5812 2032 5852 non
2061 5797 2277 5853 debet.»

2398 4612 2493 4684 τὴν
2515 4613 2775 4682 ἀλήθειαν
2816 4616 3161 4665 κατασεῖσαι.
3204 4612 3494 4678 Σοφιστεία
3528 4613 3658 4683 γὰρ,
3697 4617 3794 4667 καὶ
3854 4618 3986 4668 συλ-

2396 4704 2663 4773 λογισμοὶ,
2688 4706 2751 4758 ὲκ
2778 4704 3119 4773 φαινομένων
3146 4704 3394 4769 ἐνδόξων,
3426 4704 3501 4774 μὴ
3526 4705 3700 4757 όντων
3724 4705 3812 4767 δὲ,
3843 4708 3983 4778 πόρ-

2397 4801 2478 4868 ρω
2512 4796 2609 4851 τοῦ
2637 4798 2787 4859 ὄντος
2806 4799 2898 4849 καὶ
2927 4797 3239 4865 ἐπιστήμης
3268 4796 3429 4852 εἰσίν.
3463 4797 3601 4849 Ἀλλ’
3634 4797 3757 4849 οὐδὲ
3794 4802 3985 4867 μακρὰ

2398 4886 2675 4956 συνήθεια,
2708 4885 2765 4936 τὸ
2797 4883 3056 4953 ἀπαρχῆς
3110 4884 3509 4950 ἀνυπόστατον,
3555 4885 3637 4946 είς
3670 4885 3983 4938 ὑπόστασιν

2394 4976 2511 5039 ἄξει
2542 4977 2692 5029 ποτέ.
2734 4975 2869 5028 Τότε
2923 4976 3031 5044 γὰρ
3073 4975 3167 5030 καὶ
3210 4978 3243 5046 ἡ
3281 4975 3471 5045 μακρὰ
3510 4976 3777 5045 συνήθεια
3823 4979 3980 5031 οὖδὲι

2393 5061 2557 5138 ἦττον
2588 5068 2752 5138 νόμου
2788 5070 2999 5138 κρατεῖ,
3029 5067 3158 5119 ὅταν
3185 5066 3322 5135 πρὸς
3359 5065 3438 5134 τῷ
3478 5066 3551 5137 μὴ
3582 5066 3878 5133 ἀλόγιστος
3908 5063 3985 5119 εἷς

2394 5177 2504 5225 ναι,
2547 5162 2641 5214 καὶ
2670 5161 2834 5231 νόμον
2862 5161 2964 5213 οὐκ
3000 5160 3223 5230 ἀναιρῇ.
3253 5154 3384 5213 Ὧδε
3416 5159 3474 5213 δὲ
3503 5158 3610 5212 τῶν
3635 5159 3801 5211 θείων
3841 5162 3977 5213 ἀνα-

2393 5252 2750 5323 τρεπομένων
2783 5252 3047 5312 κανόνων,
3086 5251 3226 5320 ποίῳ
3263 5249 3507 5319 λογισμῷ
3536 5249 3806 5316 συνήθεια
3835 5250 3980 5318 λαμ-

2393 5342 2630 5396 ϐάνουσα
2661 5342 3015 5413 παρείσδυσιν
3047 5341 3506 5411 προσδεχθήσεται
3532 5357 3547 5405 ;
3590 5341 3837 5411 Ἀκούσῃ
3866 5345 3975 5410 γὰρ

2392 5430 2486 5483 τοῦ
2523 5432 2693 5499 νόμου
2726 5430 2976 5498 λέγοντος
2997 5444 3010 5457 ’
3055 5429 3157 5480 «To
3188 5429 3261 5499 μὴ
3301 5430 3439 5497 μετὰ
3470 5428 3738 5497 λογισμοῦ
3770 5432 3968 5482 eia-sv:-

2391 5521 2537 5590 χθὲν,
2580 5521 2716 5574 ἀλλά
2759 5522 2901 5574 κατά
2964 5520 3175 5589 πλάνην
3199 5521 3292 5572 καὶ
3339 5520 3628 5590 συνήθειαν
3664 5522 3977 5591 κρατῆσαν,

2393 5615 2452 5668 οὐ
2487 5614 2568 5667 δεῖ
2600 5617 2822 5685 κρατεῖν
2868 5615 2926 5665 ἐν
2957 5615 3065 5676 τοῖς
3120 5612 3345 5681 ὁμοίοις.
3379 5631 3396 5663 ι
3427 5612 3541 5664 Οὐκ
3577 5611 3892 5680 ἀγνοοῦμεν
3924 5613 3977 5665 δὲ

2394 5709 2486 5759 καὶ
2521 5707 2585 5758 τὰ
2622 5706 2749 5775 παρ’
2807 5706 2962 5757 ἐνίων
3020 5704 3440 5773 προσφερόμενα
3495 5703 3671 5770 πικρᾶ
3728 5705 3955 5772 ῥήματα

2392 5800 2460 5851 τὰ
2493 5798 2865 5861 σπονδὰςοντα
2898 5794 3110 5866 δωρεὰν
3138 5795 3517 5850 ἀποδεικνύειν
3544 5793 3861 5863 βασιλικὴν,
3881 5794 3969 5861 tr;
