4176 6446
155 366 254 435 881

1450 370 2160 431 GR.’ECO-HOMANUM.

3320 371 3428 436 88?.

154 477 263 530 τῶν
307 478 648 547 Ἐκκλησιῶν
686 477 1027 532 ἐπανάὀασιν
1054 496 1064 508 ·
1087 479 1180 533 καλ⁸
1198 480 1272 551 μὴ
1324 482 1434 535 δεῖν
1461 485 1737 549 φάσκοντα
1768 535 1770 544 λ

1878 480 2027 550 lcque
2071 494 2200 534 vero
2234 480 2551 549 ignoramus
2586 478 2787 534 acerba
2821 478 3011 533 isthmc
3067 480 3258 539 verba.
3302 499 3426 551 qua-

149 568 352 638 ταύτην
383 568 811 637 ἀνατρέπεσθαι,
838 570 994 637 λόγου
1025 571 1379 641 ἀχαριστείας
1409 576 1483 642 μὴ
1513 590 1729 643 παρεμο

154 662 455 722 πῖπτοντος.
504 660 567 714 El
617 660 727 731 γὰρ
762 660 1060 733 ἀνθρώπῳ,
1100 664 1260 733 φησὶ,
1313 662 1656 734 δωρούμενος
1707 668 1736 718 ό

150 754 427 823 βασιλεὺς,
454 753 556 807 οὐκ
586 752 761 817 ἄλλως
789 754 1161 824 ἀναλαμϐάνει
1194 758 1297 823 τὴν
1324 754 1555 823 δωρεὰν,
1583 757 1631 807 εἰ
1662 753 1738 824 μὴ

146 845 480 917 ἀχαριστίας
513 845 863 916 παρεμπέσοι
917 844 1096 913 λόγος,
1141 844 1323 914 πολλῷ
1385 845 1585 914 μᾶλλον
1645 845 1740 898 ἐπὶ

146 939 256 991 τῶν
288 939 467 1006 ἁγίων
510 937 868 1006 Ἐκκλησιῶν,
915 938 1000 1007 ἐφ’
1048 929 1123 990 ὧν
1166 938 1487 1007 ἀχαριστίαν
1537 939 1739 1005 λέγειν,

146 1034 250 1084 οὐκ
298 1030 543 1097 εὔλογον.
574 1029 798 1100 Πρῶτον
848 1029 949 1099 μὲν
977 1030 1089 1098 γὰρ
1141 1031 1279 1099 πρδς
1313 1030 1411 1092 τὰς
1441 1030 1645 1092 πόλεις,
1676 1032 1738 1083 οὑ

147 1123 282 1191 πρὸς
324 1123 423 1184 τὰς
472 1121 770 1190 ἐκκλησίας
829 1123 863 1192 ἡ
899 1120 1153 1191 βασιλικὴ
1193 1121 1395 1193 δωρεά.
1441 1122 1501 1174 Εἰ
1550 1122 1605 1175 δὲ
1646 1124 1741 1175 καὶ

147 1212 272 1282 θείη
309 1230 397 1276 τις
426 1214 586 1265 τοῦτο
623 1211 950 1283 βιαζόμενος
981 1212 1193 1286 δωρεὰν
1218 1210 1382 1279 εἶναι,
1420 1214 1606 1269 ἄδικον
1642 1215 1742 1267 αὺ-

151 1306 249 1374 τὴν
288 1305 537 1374 εὑρήσει,
570 1306 665 1357 καὶ
726 1306 912 1374 νόμοις
981 1306 1374 1378 ἀπρόσδεκτον.
1424 1300 1582 1361 Οὗτοι
1631 1307 1741 1376 γὰρ

150 1394 424 1448 κωλύουσι
458 1396 551 1447 καὶ
575 1394 673 1458 τὰς
720 1394 937 1459 ἀδίκους
970 1397 1241 1467 αἰτήσεις,
1269 1396 1363 1449 καὶ
1381 1393 1480 1458 τὰς
1509 1395 1735 1464 προχεί-

152 1500 285 1555 ρους
340 1484 685 1554 εὐεργεσίας,
741 1487 823 1548 εἰς
882 1484 1060 1539 ἄλλων
1131 1483 1336 1554 βλάϐην
1389 1485 1739 1554 αίτουμέιιας,

150 1576 765 1646 χαρίζεσθαι.Κα“ιέτι,
824 1577 923 1630 οὐκ
974 1575 1279 1644 ὀφείλουσιν
1332 1578 1539 1647 ἑτέροις
1600 1572 1737 1630 εἶναι

152 1669 444 1736 ἐπιζήμιοι
494 1668 550 1721 αἱ
608 1667 817 1736 ἐτέρων
860 1667 1044 1735 τιμαί.

1841 587 1872 626 a
1917 572 2197 627 nonnullis
2268 570 2619 641 proferuntur
2663 572 2868 637 quibus
2930 574 3166 643 probare
3236 584 3425 629 mtuu-

1846 675 1961 729 tur,
2014 664 2378 719 ecclesiarum
2414 663 2481 719 ad
2531 663 2728 717 altiora
2764 668 3192 734 provectioncm,
3225 685 3427 722 munus

1845 772 1968 812 esse
2002 755 2464 825 imperatorium;
2522 755 2669 825 quod
2734 757 3161 812 rescindendum
3201 770 3404 828 negant

1849 846 2066 901 ratione
2111 845 2524 916 ingratitudinis
2574 861 2683 901 non
2738 845 3162 902 interveniente.
3199 847 3333 902 Nam
3382 864 3427 904 ει

1851 937 2064 992 homini
2101 937 2340 1007 largiens
2393 936 2605 1007 aliquid
2644 938 2971 1009 imperator,
3010 938 3289 1007 inquiunt,
3323 956 3429 993 non

1850 1030 2012 1084 aliter
2066 1028 2394 1083 beneficium
2426 1045 2587 1084 suum
2620 1040 2862 1097 revocat,
2900 1032 3006 1085 nisi
3051 1046 3219 1086 causa
3248 1032 3435 1098 ingra-

1847 1121 2100 1177 litudinis
2133 1121 2411 1187 inciderit,
2458 1124 2629 1176 multo
2662 1125 2838 1194 magis
2899 1124 2952 1179 id
3010 1124 3194 1179 locum
3262 1123 3433 1177 habet

1848 1213 1900 1266 in
1927 1212 2106 1267 sacris
2164 1212 2372 1267 sanctis
2407 1213 2679 1277 ecclesiis,
2715 1230 2853 1283 quas
2898 1215 3311 1284 iugratitudinis
3344 1218 3426 1268 iu-

1846 1305 2109 1360 simulare
2148 1305 2306 1370 velle,
2338 1304 2640 1360 absurdum
2700 1305 2888 1360 fuerit.
2924 1309 3141 1363 Atenim
3194 1308 3431 1378 primum

1844 1412 1952 1450 nun
1996 1396 2060 1449 ad
2115 1396 2397 1459 ecclesias,
2430 1399 2525 1452 sed
2562 1397 2633 1453 ad
2686 1399 2939 1455 civitates
2997 1401 3099 1455 hoc
3132 1400 3435 1468 imperato-

1846 1489 1988 1543 rium
2024 1488 2349 1544 beneficium
2401 1498 2636 1560 spectat.
2710 1490 2864 1558 Quod
2931 1492 2976 1546 si
3030 1492 3267 1546 maxime
3310 1491 3436 1561 quis

1852 1586 2040 1648 ponat,
2076 1594 2172 1648 per
2200 1580 2306 1633 vim
2340 1590 2699 1651 exlorquens,
2759 1598 2884 1637 esse
2929 1582 3299 1637 donationem.
3337 1581 3442 1635 Rc-

1856 1673 2030 1742 perict
2068 1673 2355 1744 injustam,
2409 1684 2464 1729 et
2521 1677 2734 1746 legibus
2772 1678 3015 1730 vetitam.
3052 1675 3262 1745 Quippe
3293 1675 3439 1743 leges

156 1761 453 1826 prohibent
478 1758 717 1827 injustas
766 1774 979 1828 preces,
1036 1774 1099 1813 as
1138 1760 1330 1815 faciles
1384 1760 1736 1827 donationes,
1799 1763 1852 1817 in
1908 1766 2138 1821 aliorum
2208 1768 2407 1834 petitas
2464 1768 2896 1835 detrimentum,
2963 1769 3214 1823 concedi.
3288 1768 3438 1822 Prce-

154 1863 307 1908 terea
370 1868 479 1906 non

569 1852 765 1907 debent
829 1852 1064 1907 aliorum
1134 1854 1376 1908 honores
1445 1853 1568 1909 aliis
1628 1869 1747 1910 esse
1788 1855 2062 1914 damnosi.

224 1944 343 2012 Τῆς
374 1943 687 2006 ὑποθέσεως
721 1939 817 1997 οὖν
856 1943 1029 2006 οὕτως
1071 1942 1352 2013 ἐπιμελῶς
1400 1944 1755 2014 ζητηθείσης,

1933 1949 2281 2020 Quapropter
2343 1950 2448 2005 hac
2483 1964 2650 2005 causa
2719 1958 2827 2004 tam
2876 1950 3167 2020 diligenter
3234 1950 3442 2004 exarui-

156 2034 338 2106 χρεὼν
378 2035 623 2100 πάντως,
656 2035 909 2089 Θεσπέσιε
944 2035 1183 2105 βασιλεῦ,
1209 2036 1305 2107 τὴν
1326 2036 1608 2100 ἀλόγιστον
1629 2036 1759 2090 ταύ-

156 2149 259 2201 την
289 2130 388 2182 καὶ
414 2129 600 2183 ἄδικον
624 2128 827 2199 πρᾶξιν
852 2130 991 2193 τέως
1032 2131 1112 2193 είς
1155 2130 1255 2199 τὴν
1290 2130 1417 2201 ἑξῆς
1464 2130 1759 2200 ἀνακόψαι,

157 2221 326 2274 θείων
366 2220 757 2290 θεσπισμάτων
796 2220 1168 2290 ἐκτιθεμένων
1202 2222 1351 2291 παρᾶ
1376 2222 1475 2290 τῆς
1504 2224 1602 2290 σῆς
1628 2223 1763 2292 ἡμε-

160 2313 417 2381 ρότητος,
446 2312 695 2380 γίνεσθαι
719 2311 923 2383 ταύτην
950 2312 1240 2365 τουλοιποῦ
1271 2312 1591 2366 κωλυόντων
1623 2313 1727 2365 καθ
1747 2344 1760 2355 ο

160 2403 320 2470 ἅπαξ
346 2422 362 2437 ·
397 2406 506 2457 τῶν
530 2422 822 2475 προηγησα
831 2406 1009 2475 μένων
1026 2405 1083 2459 δὲ
1114 2408 1496 2477 προσήκουσαν
1517 2410 1609 2460 καὶ
1627 2424 1761 2459 κατ-

164 2497 409 2570 άλληλον
461 2498 527 2565 τῇ
572 2495 1008 2567 μεγαλεπηϐόλῳ
1057 2497 1271 2549 συνέσει
1334 2515 1428 2551 σου
1472 2538 1486 2560 ,
1545 2498 1765 2565 ποιῆσαι

163 2588 507 2657 οἰκονομίαν.
550 2588 659 2640 Καὶ
689 2589 810 2641 ὅσαι
842 2588 952 2641 τῶν
990 2589 1297 2659 ἐκκλησιῶν
1356 2590 1415 2653 ἐξ
1481 2592 1768 2641 ἐπισκοπι-

166 2681 281 2733 κῶν
309 2679 540 2733 δικαίων
566 2681 646 2743 εἰς
672 2680 948 2751 ὑπεροχὴν
1009 2683 1400 2751 μητροπόλεων
1427 2681 1766 2751 ἀναχθεῖσαι,

168 2771 534 2843 ὑπερήλασαν
562 2771 875 2834 ἁδιακόπως
904 2772 1000 2825 καὶ
1021 2774 1121 2841 τὴν
1151 2772 1375 2843 χρονίαν
1399 2774 1770 2843 παραγραφὴν

168 2863 273 2930 τῆς
334 2863 911 2934 τριακονταετηρίδος,
941 2863 1263 2931 μενέτωσαν
1317 2864 1408 2913 ἐπὶ
1470 2863 1769 2932 σχήματος,

171 2957 268 3007 καὶ
292 2958 361 3026 τῇ
398 2955 535 3024 ἁγία
570 2958 667 3009 καὶ
712 2956 923 3026 μεγάλῃ
952 2955 1048 3008 τοῦ
1082 2955 1216 3007 Θεοῦ
1253 2953 1555 3025 Ἐκκλησία
1604 2954 1775 3007 ἐστωη

173 3064 275 3099 σαν
301 3047 695 3117 ὑποκείμεναι.
744 3047 966 3118 Ἐπειδὴ
992 3047 1087 3101 καὶ
1110 3045 1273 3099 τοῦτο
1318 3046 1615 3117 προνόμιον
1648 3047 1769 3098 ἐπι-

179 3140 470 3203 σκοπικὸν,
504 3142 598 3192 καὶ
624 3140 847 3203 κανόνες
876 3142 1013 3193 εἰσίν
1048 3139 1459 3211 ἐπιτρέποντες,
1484 3138 1772 3203 δεσπόζειν

182 3230 491 3283 ἐπίσκοπον
517 3231 819 3302 προνομξου
846 3232 1044 3303 ἑτέρας
1088 3231 1418 3299 Ἐκκλησίας
1457 3230 1542 3282 διὰ
1591 3245 1772 3299 παρα-

177 3321 391 3391 δρομῆς
424 3321 532 3374 τῶν
563 3322 873 3392 εἰρημένων
903 3320 1196 3375 ἐνιαυτῶν.
1220 3320 1360 3391 Φησὶ
1388 3320 1495 3390 γὰρ
1525 3322 1553 3373 ό
1583 3318 1647 3384 ιζ’
1679 3336 1771 3373 κα-

194 3410 299 3463 νὼν
344 3412 450 3482 τῆς
486 3415 543 3465 ἐν
576 3413 883 3480 Χαλκηδόνι
924 3412 1166 3479 συνόδου,
1214 3414 1313 3475 τὰς
1366 3414 1489 3467 καθ’
1540 3414 1777 3484 ἑκάστην

182 3502 485 3572 ἐκκλησίαν
522 3504 848 3573 ἀγροικικὰς
876 3504 1193 3573 παροικίας,
1225 3505 1257 3575 ἢ
1303 3506 1627 3576 ἐγχωρίους,
1667 3508 1766 3576 μὲ-

127 3608 151 3626 ο
184 3610 297 3645 νειν
363 3595 845 3664 ἀπαροσαλεύτους
903 3595 1051 3666 παρὰ
1107 3598 1221 3660 τοῖς
1282 3598 1604 3668 κατέχουσιν
1670 3599 1769 3651 aﬂ-

182 3690 285 3751 τὰς
319 3690 662 3755 ἐπισκόποις,
695 3710 728 3744 κ
750 3692 806 3742 αἱ
841 3690 1097 3759 μάλιστα,
1131 3690 1179 3743 εί
1220 3692 1617 3762 τριακονταετῆ
1661 3691 1785 3763 χρό-

186 3803 279 3839 νον
303 3784 511 3845 ταύτας
540 3782 811 3845 ὰϐιάστως
837 3780 1253 3851 διακατέχοντες
1312 3780 1691 3853 ὠκονόμησαν.
1723 3782 1784 3834 Εἰ

186 3877 245 3930 δὲ
285 3875 439 3938 ἐντὸς
470 3874 578 3926 τῶν
605 3873 899 3943 τριάκοντα
930 3874 1195 3926 ἐνιαυτῶν
1228 3872 1453 3941 γένηταί
1478 3888 1562 3936 τις
1618 3873 1650 3943 ἢ
1690 3874 1784 3941 γέ-

187 3985 341 4023 νοιτο
373 3967 500 4036 περὶ
540 3965 719 4018 αὐτῶν
757 3964 1192 4035 ἁμσισϐἡτησις,
1232 3963 1429 4028 ἐξεῖναι
1455 3966 1569 4026 τοῖς
1593 3963 1785 4031 λέγου-

190 4076 280 4112 σιν
308 4056 624 4128 ἠδικῆσθαι,
658 4057 785 4125 περὶ
839 4055 1044 4108 τούτων
1090 4057 1260 4107 κινεῖν
1293 4055 1441 4125 παρὰ
1473 4058 1538 4123 τῇ
1582 4056 1786 4124 συνόδῳ

190 4157 292 4221 τῆς
348 4150 641 4219 ἐπαρχίας.
697 4142 767 4219 ᾯ
828 4166 933 4201 τινι
983 4146 1115 4215 θείῳ
1168 4147 1353 4199 κανόνι
1401 4146 1497 4199 καλ⁸
1541 4149 1661 4216 ήέν
1714 4148 1790 4216 τῷ

194 4243 457 4312 Τρύλλῳ
495 4240 590 4293 τοῦ
622 4241 891 4293 παλατίου
916 4243 1160 4293 συστᾶσα
1186 4239 1316 4306 ἁγία
1340 4239 1555 4303 σύνοδος
1576 4240 1665 4292 διὰ
1696 4240 1788 4293 τοῦ

196 4343 276 4387 κε’
306 4334 535 4395 κανόνος
565 4331 992 4400 ἐπηκολούθησε.
1027 4331 1138 4393 Τὰς
1161 4331 1217 4382 δὲ
1269 4330 1430 4383 τοῦτο
1486 4329 1787 4392 παθούσας,

200 4426 336 4496 μηδὲ
386 4426 565 4493 χρόνῳ
607 4421 999 4492 βοηθουμένας,
1057 4420 1494 4489 ἐπαναστρέφειν
1553 4421 1789 4487 ἀναμφι-

196 4527 253 4576 λέ
267 4538 417 4583 κτως
448 4524 529 4582 εὶς
560 4521 628 4572 τὰ
661 4519 771 4571 τῶν
805 4517 1024 4572 οἰκείων
1052 4516 1438 4586 μητροπόλεων
1470 4515 1671 4567 δίκαια.
1700 4515 1789 4583 Μὴ

1863 2051 2012 2107 nata,
2060 2051 2277 2113 oportet
2310 2042 2554 2108 omnino,
2617 2042 2801 2096 divine
2861 2042 3176 2110 imperator,
3238 2054 3444 2093 morem

1864 2134 2165 2189 absurdum
2197 2143 2258 2190 et
2280 2134 2546 2203 injustum
2579 2134 2773 2188 saltem
2803 2133 2854 2187 iu
2890 2140 3172 2203 posterum
3200 2132 3442 2192 abolere,

1865 2238 2055 2280 sacras
2095 2226 2522 2281 mansuetudine
2579 2234 2672 2279 tua
2723 2226 3033 2280 sanctiones
3086 2232 3447 2293 proponente.

1864 2316 2064 2385 quibus
2098 2316 2348 2371 cdicatur
2382 2317 2435 2371 in
2473 2318 2818 2379 universum,
2852 2332 2917 2369 ne
2949 2316 3211 2385 deinceps
3264 2314 3447 2369 locum

1868 2408 2101 2461 haheat:
2146 2422 2209 2461 ac
2242 2408 2309 2463 de
2339 2408 2431 2470 iis,
2474 2424 2597 2476 qum
2648 2418 2775 2462 ante
2817 2408 2921 2461 hac
2952 2408 3323 2473 contigerunt,
3354 2420 3450 2474 pro

1869 2514 1965 2552 sua
1992 2499 2259 2568 singulari
2322 2508 2376 2554 et
2441 2499 2666 2553 heroica
2730 2480 3045 2569 prudentia,
3100 2497 3447 2568 disponente.

1869 2590 2150 2660 Quotquot
2190 2591 2356 2645 etiam
2416 2590 2779 2660 ecclesiaejus
2826 2588 3141 2658 episcopale
3186 2588 3337 2658 prius
3360 2587 3455 2641 hac

1870 2683 2082 2748 benles,
2116 2691 2169 2737 et
2199 2683 2264 2736 ad
2321 2682 2682 2737 eminentiam
2737 2680 3193 2750 metropoliticam
3234 2689 3454 2745 evectte,

1872 2774 2010 2828 citra
2044 2775 2190 2829 inter
2222 2776 2589 2830 turbationem
2616 2774 2783 2828 ullam
2812 2772 3125 2843 pra-teriere
3158 2772 3456 2828 terminum

1874 2865 2047 2936 longze.
2082 2867 2522 2936 praescriptionis
2570 2880 2846 2920 annorum
2882 2866 3108 2937 triginta
3147 2882 3159 2919 :
3191 2866 3247 2919 in
3266 2865 3457 2919 eadem

1874 2958 2191 3013 conditione
2246 2968 2541 3021 maneant,
2597 2966 2652 3012 et
2709 2966 2913 3014 sancta:
2969 2971 3295 3028 magnaeque
3365 2953 3460 3010 Dei

1875 3050 2135 3106 Ecclesiae
2164 3050 2394 3105 subdita:
2441 3050 2573 3104 sint.
2634 3048 3093 3120 Quandoquidem
3122 3051 3227 3103 hoc
3284 3047 3449 3101 etiam

1878 3143 2189 3213 episcopale
2241 3142 2590 3211 privilegium
2640 3151 2744 3205 est,
2811 3149 2867 3195 et
2928 3147 3151 3196 exstant
3196 3152 3459 3203 canones,

1886 3235 1979 3303 qui
2050 3235 2400 3303 permittunt,
2470 3243 2528 3287 ut
2581 3234 2872 3303 episcopus
2930 3232 3161 3288 alterius
3216 3230 3466 3287 ecclesia:

1887 3327 2300 3395 praerogativam
2356 3324 2629 3379 dictorum
2693 3339 2963 3379 annorqu
3049 3325 3286 3379 decursu
3358 3323 3462 3378 sibi

1885 3418 2142 3472 \iudicct.
2173 3417 2352 3486 Inquit
2390 3418 2536 3472 enim
2579 3432 2755 3472 canon
2818 3432 2927 3471 xvtl
2983 3418 3178 3489 synodi
3234 3417 3464 3472 Chalce-

1883 3508 2166 3567 donensis,
2205 3508 2422 3561 rurales
2447 3506 2531 3562 vel
2589 3507 2958 3577 provinciales
2987 3508 3258 3578 parmcias
3280 3507 3468 3576 singu-

1887 3600 2062 3651 larqu
2130 3598 2487 3653 ecclesiarum
2523 3597 2887 3653 inconcussas
2925 3600 2979 3652 in
3024 3614 3215 3653 eorum
3246 3598 3466 3663 episco-

1888 3703 2081 3759 porum
2106 3697 2429 3759 potestatem
2469 3704 2717 3755 manere,
2740 3690 2835 3760 qui
2866 3705 2965 3745 eas
3007 3690 3324 3760 possideant
3357 3707 3371 3743 :
3404 3703 3470 3744 ac

1890 3781 2219 3851 praesertim,
2252 3782 2297 3836 si
2340 3796 2434 3836 eas
2476 3795 2745 3837 annorum
2783 3782 3010 3851 triginta
3064 3782 3265 3849 spatio.
3318 3781 3467 3833 nulla

1891 3872 2297 3927 interveniente
2338 3873 2415 3938 vi,
2468 3872 2838 3941 possidentes,
2908 3872 3369 3928 administrarint.
3412 3869 3471 3925 Si

1891 3977 2021 4017 vero
2060 3964 2205 4017 intra
2254 3963 2380 4018 illos
2410 3978 2587 4018 annos
2613 3963 2682 4017 ὅθ
2722 3963 2802 4017 vel
2829 3963 3107 4026 inciderit,
3149 3963 3229 4017 vel
3266 3963 3471 4015 incidat

1890 4054 2070 4123 aliqua
2106 4052 2175 4109 de
2203 4055 2285 4110 eis
2301 4055 2573 4109 dubitatio
2601 4072 2616 4121 ;
2647 4056 2816 4110 licere
2839 4054 3172 4120 dicentibus,
3200 4069 3259 4109 se
3278 4068 3472 4122 passos

1894 4146 2180 4214 injuriam,
2215 4156 2274 4200 ut
2324 4147 2389 4201 de
2433 4146 2520 4201 his
2553 4149 2697 4217 apud
2752 4146 3022 4217 synodum
3072 4146 3473 4217 provincialem

1894 4246 2078 4303 agant.
2111 4237 2282 4300 Quem
2320 4251 2536 4291 sacrum
2585 4252 2852 4292 canonem
2879 4245 3070 4292 sancta
3130 4252 3351 4307 quoque
3384 4252 3477 4308 sy-

1894 4325 2071 4380 nodus
2126 4328 2177 4380 iu
2220 4326 2408 4381 Trullo
2459 4328 2643 4396 palatii
2696 4329 2902 4390 habita,
2968 4343 3183 4383 canone
3233 4345 3337 4383 xxv
3389 4337 3477 4383 est

1897 4431 2104 4471 secuta.
2153 4417 2365 4482 Quibus
2418 4424 2598 4471 autem
2662 4420 2763 4472 hoc
2806 4420 3121 4490 contigerit,
3164 4423 3209 4475 si
3268 4430 3480 4492 tempo-

1900 4508 1974 4559 ris
2011 4506 2405 4559 adminiculum
2452 4508 2662 4559 nullum
2723 4508 3006 4573 habeant;
3067 4510 3205 4563 citra
3252 4518 3475 4564 contra-

196 4611 519 4682 ταραττέτω
570 4609 625 4662 δὲ
686 4608 785 4677 τὴν
832 4606 1103 4677 κραταιὰν
1166 4605 1261 4658 καὶ
1304 4604 1470 4673 ἁγίαν
1515 4604 1770 4673 βασιλεία

1898 4597 2195 4652 dictionem
2226 4598 2292 4651 ad
2338 4613 2564 4651 suarum
2620 4599 3003 4670 metropolium
3044 4600 3168 4669 jura
3228 4601 3473 4656 redeant.

203 4720 320 4765 σου,
340 4703 409 4753 τὸ
440 4700 579 4753 κατὰ
598 4699 899 4767 φαντασίαν
924 4696 1394 4768 παρεισαγόμενον
1415 4696 1633 4758 ἄτοπον,
1657 4698 1745 4748 καὶ
1760 4698 1793 4765 ἡ

202 4793 441 4846 δοκοῦσα
469 4790 854 4861 προσγίνεσθαι
889 4793 1005 4852 ταῖς
1048 4789 1363 4859 ἐκκλησίαις
1393 4788 1572 4858 ὓὸρις,
1596 4790 1793 4858 ἀτιμα-

207 4886 466 4953 ζομέναις
523 4882 711 4951 ὥσπερ
736 4882 812 4951 τῷ
835 4880 1181 4951 ὑοξαιρεῖσθαι
1211 4880 1304 4933 τοῦ
1336 4880 1791 4950 μητροπολιτικοῦ

210 4977 553 5046 ἀξιώματος.

282 5159 402 5211 Οικ
471 5157 586 5208 ἔστι
654 5155 762 5223 γὰρ
818 5154 975 5207 τοῦτο
1051 5154 1240 5219 ὕϐρις,
1303 5153 1363 5204 τὸ
1442 5151 1793 5220 ὑφαιρεῖσθα.

209 5250 533 5318 ἐνθὲσμως⁶
569 5249 879 5301 τούναντίον
922 5248 978 5301 δὲ
1016 5246 1214 5315 μᾶλλον
1255 5248 1315 5298 τὸ
1349 5245 1436 5299 ἐτε
1453 5263 1564 5315 ρον,
1611 5245 1669 5296 τὸ
1706 5246 1796 5296 ἐκ·

213 5344 398 5408 ςὺλως
442 5342 539 5394 καὶ
570 5340 858 5409 ἐκθέσμως
891 5340 1196 5409 γινόμενον.
1241 5338 1453 5409 Εὐρέθη
1484 5340 1592 5406 γάρ
1616 5355 1668 5388 τι
1704 5338 1795 5389 καὶ

214 5432 459 5486 τοιοῦτον
503 5431 799 5499 γενόμενον
847 5431 1026 5500 κρίσει
1072 5430 1346 5499 συνοδικῇ,
1381 5430 1472 5481 καὶ
1526 5428 1799 5497 ἐπικρίσει

219 5525 478 5594 βασιλικῇ
513 5523 781 5593 κυρωθὲν.
808 5524 917 5593 Τῆς
941 5524 1050 5593 γὰρ
1074 5523 1380 5589 ἐπισκοπῆς
1401 5521 1495 5574 τοῦ
1534 5520 1800 5583 Ῥοιζαίου

218 5615 323 5667 ὑπὸ
364 5614 459 5667 τὸν
502 5614 841 5682 Καισαρείας
889 5612 1171 5680 τελούσης,
1221 5613 1315 5664 καὶ
1365 5612 1804 5680 ἁρχιεπισκοπῆς

221 5705 523 5775 γενομένης
565 5721 637 5756 πα
652 5704 718 5772 ρὰ
743 5705 1027 5773 Γερμανοῦ
1064 5702 1157 5755 τοῦ
1185 5698 1521 5773 ὁμολογητοῦ
1561 5700 1653 5753 καὶ
1698 5718 1807 5752 πα-

221 5799 509 5866 τριάρχου,
556 5796 647 5848 καὶ
683 5796 773 5849 τοῦ
815 5797 901 5849 ἐπ’
934 5797 1139 5849 ἐκεῖνον
1171 5793 1577 5865 βασιλεύοντος,
1597 5792 1808 5863 χρόνοις

1896 4687 2085 4759 Neque
2113 4704 2239 4743 vero
2276 4698 2667 4759 prmpotentem
2732 4702 3090 4762 sanctamque
3130 4694 3475 4763 maiestatem

1896 4789 2044 4835 tuam
2071 4797 2132 4835 ea
2154 4782 2333 4835 turbet
2362 4783 2698 4847 alisurditas,
2729 4800 2849 4854 qua:
2873 4786 3065 4855 specie
3109 4795 3273 4841 tenus
3335 4802 3476 4856 pra:-

1900 4875 2161 4937 tenditur,
2200 4888 2300 4926 nec
2348 4875 2703 4939 contumelia,
2754 4890 2875 4944 quae
2930 4875 3147 4931 videtur
3200 4876 3463 4931 Ecclesiis

1900 4967 2164 5036 irrogari;
2191 4981 2317 5019 cum
2357 4966 2580 5019 infamia
2610 4968 2767 5037 quasi
2799 4968 2976 5021 notari
3003 4967 3320 5035 vidcantur,
3350 4967 3478 5021 dum

1901 5059 2257 5127 metropolica
2285 5059 2529 5129 dignitas
2566 5060 2613 5113 ci
2646 5059 2927 5112 adimitur.

1966 5147 2083 5205 Non
2112 5151 2260 5205 enim
2294 5152 2551 5220 probrum
2587 5158 2671 5205 est
2716 5150 2955 5220 legitime
2976 5150 3259 5222 quidpiam
3316 5150 3479 5205 amit-

1900 5251 2012 5297 tere
2046 5258 2061 5295 :
2096 5243 2190 5297 sed
2222 5257 2252 5295 e
2306 5242 2586 5297 contrario
2614 5243 2797 5311 potius
2826 5242 2959 5297 illud
3020 5243 3279 5304 alterum,
3333 5241 3481 5310 quod

1905 5347 2057 5388 more
2087 5349 2253 5394 novo.
2285 5341 2339 5386 et
2363 5343 2560 5402 praeter
2592 5333 2739 5403 leges
2769 5333 3154 5386 committitur.
3188 5330 3252 5385 Et
3294 5332 3486 5401 deprc-

1908 5425 2135 5479 hensum
2169 5434 2247 5477 est
2280 5424 2485 5492 aliquid
2524 5424 2632 5477 tale
2672 5423 2877 5477 factum
2909 5423 2977 5477 de
3001 5424 3270 5477 sententia
3318 5437 3483 5493 syno-

1910 5517 2041 5580 dali,
2077 5524 2131 5570 et
2178 5516 2535 5586 imperatorio
2578 5517 2799 5570 decreto
2859 5516 3303 5571 eorroboratum.
3350 5514 3483 5568 Nam

1918 5624 2042 5661 cum
2069 5607 2422 5678 episcopatus
2460 5604 2695 5662 Ιὶῐιαιῑιυί
2765 5607 2866 5661 sub
2915 5607 3179 5662 Caesarem
3232 5605 3487 5676 pontifice

1919 5702 1997 5769 fit,
2038 5710 2090 5756 et
2124 5701 2630 5771 archiepiscopatus
2657 5699 2852 5756 fuisset
2878 5717 2906 5755 a
2936 5701 3227 5759 Germano.
3274 5699 3489 5753 confes-

1919 5810 2045 5851 σοῖο
2077 5809 2140 5849 ac
2164 5793 2468 5864 patriarcha
2493 5810 2510 5857 ;
2538 5793 2750 5864 subque
2787 5792 3034 5863 principe
3094 5791 3186 5864 qui
3229 5791 3486 5847 Germani
