4176 6446
722 386 823 460 891

2026 380 2164 441 JUS
2198 378 2646 441 CANONICUM

3882 382 3977 443 δθὲ

723 489 1281 559 matrimoniojuncta
1318 489 1515 553 fuerat,
1562 488 1879 557 copulatum
1945 503 2071 543 esse
2096 504 2290 542 secun-

2404 488 2772 557 συναφθεῖσαν
2798 489 2945 559 αὐτῷ
2973 495 3229 558 γυναῖκα,
3265 491 3535 562 συνεζύγη
3562 491 3806 562 δευτέρῳ
3824 493 3976 559 γάμῳ

721 586 806 638 dis
840 580 1251 651 nuptiis,nulla
1310 578 1709 632 interveniente
1744 578 1814 643 vi,
1875 578 2090 631 mulieri
2151 592 2301 631 corn-

724 681 1033 728 memetatm
1068 689 1079 723 :
1124 681 1493 740 przetereaque
1525 670 1866 724 adorandum
1903 670 2142 725 edictum
2196 670 2299 723 im-

723 766 1084 834 peratorium,
1123 780 1232 833 quo
1280 764 1653 826 sanciebatur,
1725 762 1995 831 siquidem
2060 761 2298 816 indicata

722 859 959 910 Eudoeia
1006 858 1154 910 nulla
1200 855 1572 910 intercedente
1609 855 1681 919 vi,
1739 871 1831 923 per
1866 870 2054 907 sacras
2101 868 2297 923 preces

719 952 767 1003 ci
800 953 1059 1017 copulata
1111 950 1349 1013 fuisset;
1409 957 1466 1000 ut
1520 964 1678 1001 nemo
1732 948 2015 1002 molestias
2070 949 2299 1002 auderet

719 1043 976 1094 exhibere
1014 1040 1160 1092 dicto
1211 1039 1578 1107 Capandtitw.
1612 1039 1921 1093 Secundum
1972 1040 2137 1110 igitur
2184 1042 2299 1095 haec

719 1133 942 1194 o'nnia,
1041 1131 1307 1201 synodale
1390 1141 1518 1184 tunc
1594 1131 2017 1185 instrumentum
2095 1133 2295 1187 factum

722 1222 842 1286 fuit,
914 1240 1023 1292 quo
1066 1225 1222 1293 juxta
1278 1223 1619 1292 Capandrilzn
1673 1224 1989 1289 petitionem
2050 1241 2296 1293 pronun-

723 1315 915 1365 tiatnm
956 1323 1061 1376 est,
1122 1328 1185 1364 ac
1222 1314 1526 1372 decretum,
1565 1314 1694 1380 quid
1732 1314 1785 1366 in
1819 1329 1879 1366 ea
1931 1330 2098 1367 causa
2153 1326 2297 1368 esset

722 1405 989 1474 agendum
1047 1409 1224 1473 Atque
1274 1404 1402 1457 huic
1459 1406 2099 1475 instrumentosynodali
2130 1410 2294 1461 etiam

720 1498 998 1564 produt-tm
1039 1497 1157 1563 (ceu
1195 1494 1400 1549 dictum
1433 1496 1538 1564 est)
1576 1510 1603 1547 a
1675 1497 2005 1565 Capandrita
2064 1500 2293 1566 chartae,

720 1589 974 1643 videlicet
1020 1590 1358 1643 adorandum
1392 1589 1525 1642 illud
1583 1588 1825 1642 edicmm
1860 1591 2294 1659 imperatorium,

719 1690 773 1735 et
826 1683 1248 1736 instrumentum
1300 1682 1396 1734 abs
1439 1692 1525 1743 te,
1581 1682 1993 1750 religiosissima
2046 1683 2295 1739 Deaholis

719 1775 996 1841 episcopo,
1031 1773 1357 1841 profectum,
1381 1774 1444 1825 ad
1479 1775 1699 1827 verbum
1724 1783 1882 1827 erant
1910 1777 2137 1828 inserta.
2157 1774 2295 1839 Quia

720 1879 852 1917 vero
890 1880 1036 1917 nunc
1068 1866 1287 1919 rursum
1324 1865 1689 1917 mediocritati
1718 1874 1919 1918 nostra:
1951 1866 2177 1919 relatum
2210 1877 2295 1920 est

719 1971 782 2024 ex
818 1965 968 2024 parte
1001 1956 1247 2009 mulieris
1278 1957 1459 2018 istius,
1500 1959 1707 2010 sororis
1765 1957 1975 2011 scilicet
2014 1959 2299 2012 venerabi-

722 2047 789 2099 lis
865 2046 1012 2098 illius
1079 2045 1395 2111 Buioannis,
1448 2050 1592 2115 quod
1646 2065 1769 2103 cum
1853 2052 2004 2119 prius
2061 2052 2299 2119 legitime

715 2138 939 2207 junctus
974 2139 1072 2208 ipsi
1110 2145 1360 2203 maritus,
1407 2144 1752 2210 primicerius
1786 2143 1876 2195 ille
1933 2142 2140 2196 Bardas
2190 2143 2297 2195 Ma-

719 2240 1004 2285 cromatus
1049 2272 1062 2294 ,
1119 2240 1327 2285 natura:
1390 2232 1631 2285 debitunt
1691 2234 2109 2301 persolvisset;
2168 2234 2285 2301 ipsa

718 2325 1067 2389 quzestoriam
1104 2325 1273 2376 verita
1319 2333 1667 2393 potestatem,
1703 2326 1845 2393 quod
1921 2328 2048 2379 talia
2099 2328 2298 2394 saepius

721 2411 773 2461 in
809 2411 968 2464 relms
1022 2411 1337 2480 hujusmodi
1386 2415 1613 2469 evenire
1668 2416 1898 2476 soleant.
1954 2416 2020 2468 ad
2082 2424 2297 2484 tempus

691 2505 776 2579 _in
836 2506 1098 2558 ditionem
1149 2507 1534 2563 Coloniensem
1591 2510 1911 2577 migraverit
1965 2511 2029 2561 ad
2081 2512 2296 2580 cognati

720 2597 1003 2664 enjusdam
1050 2598 1135 2651 sui
1174 2598 1421 2661 domum,
1470 2600 1722 2653 deferens
1764 2616 1828 2654 eo
1860 2617 2042 2654 secum
2062 2617 2148 2655 res
2166 2617 2296 2657 suas

719 2689 983 2755 potiores,
1013 2698 1067 2744 et
1120 2692 1185 2743 ad
1244 2693 1729 2759 transportandum
1766 2692 2063 2755 faciliores,
2126 2710 2293 2762 quas-

721 2796 939 2849 runque
1030 2783 1299 2850 potuisset
1385 2784 1636 2839 avehere.
1696 2783 1836 2837 Tum
1905 2787 2292 2854 Capandritam

722 2872 871 2926 hunc
924 2890 1031 2927 non
1103 2876 1295 2944 paucis
1355 2878 1584 2932 armatis
1669 2877 1985 2931 hominibus
2042 2881 2294 2942 coaetis,

721 2966 998 3032 prmdonis
1045 2966 1099 3018 in
1165 2981 1372 3020 morem
1450 2967 1759 3031 advenisse,
1824 2978 2153 3038 raptumque
2210 2970 2295 3024 sui

721 3056 1089 3120 commisisse,
1131 3057 1330 3112 ablatis
1360 3059 1523 3113 etiam
1572 3060 1738 3114 rebus
1801 3060 1889 3121 iis,
1932 3076 2068 3129 quas
2108 3076 2294 3115 secum

2406 580 2528 647 βίας
2570 582 2791 650 ἀπάσης
2856 584 3013 645 ἐκτὸς
3058 581 3122 658 τῇ
3166 584 3525 655 διαληφθείοῃ
3562 586 3815 652 γυναικί’
3848 583 3977 637 ἀλλά

2400 668 2464 738 δὴ
2484 671 2580 723 καὶ
2606 670 2886 740 βασιλικὸν
2907 675 3286 744 προσκυνητὸν
3308 675 3659 743 πρόσταγμα,
3675 673 3811 726 αὐτὸ
3825 672 3976 726 τοῦτο

2400 762 2796 833 διοριζόμενον,
2852 764 2933 826 τὸ,
2993 766 3156 837 εἴπερ
3209 769 3242 835 ἡ
3295 768 3528 835 ρηθεῖσα
3593 766 3833 819 Εύδοκία
3866 765 3975 834 βίας

2401 853 2619 925 ἁπάσης
2664 858 2840 921 ἐκτὸς,
2903 857 3024 925 μεθ’
3062 859 3212 929 ἱερᾶς
3274 860 3438 929 εὐχῆς
3495 858 3767 927 συνεζύγη
3808 856 3971 926 αὐτῷ,

2404 946 2608 1013 μηδένα
2634 949 2837 1019 τολμᾷν
2860 949 3119 1020 ’ὀχλήσεις
3154 952 3383 1017 ἐπάγειν
3409 951 3487 1019 τῷ
3520 951 3819 1014 δηλωθέντι
3868 952 3975 1002 Κα-

2401 1037 2693 1107 πανδρίτῃ.
2762 1040 2885 1090 Ἐπὶ
2928 1040 3139 1102 τούτοις
3183 1043 3313 1109 γοῦν
3365 1044 3499 1094 πᾶσι
3552 1041 3649 1093 καὶ
3687 1043 3975 1109 σημείωμα

2398 1128 2704 1197 τηνικαῦτα
2735 1130 2940 1201 προέὀη
2969 1134 3267 1197 συνοδικὸν,
3298 1134 3366 1185 δι’
3385 1128 3444 1186 οὗ
3464 1135 3603 1184 κατὰ
3632 1132 3731 1201 τὴν
3765 1135 3974 1185 Καπανι

2398 1218 2579 1286 δρίτου
2616 1220 2960 1289 παράκλησιν
2996 1222 3281 1292 ἀπεφάνθη
3330 1224 3421 1275 καὶ
3463 1223 3885 1291 ὲγνωματεύθη.
3922 1222 3975 1272 τδ

2400 1312 2589 1381 ἐπὶτῇ
2620 1312 2846 1386 τοιαύτῃ
2883 1314 3137 1365 ὑποθέσει
3191 1314 3461 1380 ποιητέον.
3496 1308 3566 1383 ⁷ῼ
3608 1314 3673 1382 δὴ
3719 1313 3973 1379 συνοδικξι

2402 1402 2747 1473 σημειώματ;
2764 1407 2853 1457 καὶ
2870 1404 2936 1456 τὰ
2954 1407 3098 1476 παρὰ
3114 1403 3205 1456 τοῦ
3225 1405 3629 1473 Καπανδρίτου,
3647 1406 3722 1465 ὠς
3739 1406 3969 1473 εἴρηται,

2399 1496 2847 1565 προκομισθὲντα.
2870 1497 3087 1566 χαρτία,
3111 1498 3171 1549 τό
3200 1514 3257 1548 τε
3297 1497 3569 1565 βασιλικὸν
3602 1497 3975 1565 προσκυνητὶν

2397 1586 2638 1654 δηλονότι
2675 1588 3026 1656 πρόσταγμα,
3060 1590 3154 1641 καὶ
3185 1589 3245 1640 τὸ
3284 1588 3400 1651 σοῦ,
3429 1588 3520 1641 τοῦ
3564 1588 3974 1654 θεοεριλεστάτου

2398 1681 2696 1733 ἐπισκόπου
2731 1680 3038 1743 Δεαὸολεως
3070 1682 3361 1751 σημεῐωμα
3387 1719 3401 1739 ,
3436 1680 3819 1748 ἐνεγράφησαν
3845 1680 3977 1733 κατά

2409 1773 2579 1841 ῥῆμα.
2620 1772 2770 1823 Ἐπεὶ
2796 1772 2849 1824 δὲ
2880 1772 2974 1824 νῦν
3016 1772 3180 1824 πάλιν
3212 1771 3483 1840 ἀνηνέχθη
3512 1774 3576 1840 τῇ
3609 1771 3863 1840 ἡμετέρᾳ
3889 1789 3978 1837 με·

2410 1865 2645 1932 τριότητι
2664 1863 2813 1932 παρά
2832 1865 2923 1915 τού
2956 1863 3154 1932 μέρους
3177 1865 3274 1930 τῆς
3302 1863 3555 1930 τοιαύτης
3575 1863 3858 1929 γυναικὸς,
3884 1862 3976 1931 τῆς

2401 1954 2739 2026 αὑταδέλφης
2764 1955 3004 2025 δηλονότι
3040 1955 3131 2007 τοῦ
3162 1955 3541 2008 πανσεϐάστου
3562 1954 3892 2012 Βοῖωάννου.
3911 1954 3977 2016 ὡς

2398 2044 2492 2098 τοῦ
2530 2046 2795 2115 πρότερον
2820 2045 3143 2112 συζυγέντος
3171 2047 3418 2115 νομίμως
3446 2046 3621 2119 ταύτῃ
3645 2047 3863 2115 ἀνδρὸς,
3887 2045 3975 2097 τοῦ

2402 2139 2812 2208 πριμμικηρέου
2843 2139 3052 2191 ἐκεῖνον
3094 2139 3275 2209 Βάρδα
3310 2140 3403 2192 τού
3433 2140 3857 2210 Μακρομμάτου
3907 2139 3977 2207 τῷ

2399 2227 2577 2298 χρεὼν
2600 2228 3115 2300 λειτουργήσαντος,
3146 2232 3246 2298 τὴν
3279 2232 3658 2317 πρακτορικὴν
3704 2231 3978 2285 δειλιάσα·

2400 2337 2468 2372 σα
2498 2321 2840 2384 δυναστείαν,
2866 2323 3025 2373 ὁποῖα
3061 2320 3322 2384 πολλάκις
3362 2323 3419 2374 ὲν
3454 2323 3566 2382 τοῖς
3596 2322 3868 2384 τοιούτοις
3890 2340 3976 2390 φι-

2403 2412 2487 2464 λεῖ
2518 2413 2791 2479 γίνεσθαι,
2820 2412 2956 2482 πρὸς
3019 2414 3213 2483 καιρὸν
3244 2416 3325 2476 εἰς
3356 2416 3416 2465 τὸ
3469 2413 3613 2483 θέμα
3670 2414 3983 2477 Κολωνείας

2402 2505 2768 2574 μετετοπίσθη
2800 2507 2936 2576 πρὸς
2968 2507 3311 2568 οἱκίαντινδς
3326 2507 3436 2559 τῶν
3468 2508 3607 2576 αὐτῇ
3636 2507 3979 2574 προσγενῶν,

2405 2597 2780 2667 ἐπιφερομένη
2817 2599 2911 2651 καὶ
2934 2599 3037 2652 ὅσα
3054 2598 3193 2660 τέως
3221 2598 3441 2667 ἴσχυσεν
3473 2598 3777 2666 ἐπάγεσθαι
3808 2600 3981 2669 κρείτ·

2406 2704 2485 2740 τω
2514 2688 2609 2741 καὶ
2639 2690 3089 2760 εὐμετακόμιστα
3127 2689 3235 2743 τῶν
3265 2689 3471 2759 ταύτης
3515 2691 3886 2759 πραγμάτων.
3925 2693 3982 2744 Ὀ

2400 2780 2455 2832 δὲ
2484 2779 2729 2843 τοιοῦτος
2780 2782 3167 2851 Καπανδρίτης
3218 2781 3349 2834 λαδν
3398 2781 3643 2833 ἔνοπλονι
3672 2782 3775 2833 οὐκ
3804 2782 3986 2847 ὀλίγον

2404 2874 2748 2941 συναγαγὼν,
2815 2874 3123 2946 λῃστρικῶς
3185 2873 3427 2926 ἐπελθὼν
3454 2916 3468 2937 ,
3514 2873 3772 2943 ἁρπαγὴν
3815 2876 3985 2941 αὐτῆς

2401 2963 2853 3033 ἐπλημμέλησεν,
2887 2964 3228 3031 ἀφελόμενος
3265 2962 3359 3015 καὶ
3395 2964 3496 3017 ὅσα
3529 2964 3816 3032 προσῆσαν
3846 2965 3983 3030 αὐτῇ

2401 3056 2729 3124 πράγματα,
2771 3057 2877 3107 ἀπὸ
2929 3058 3096 3108 τόπου
3132 3056 3214 3117 εἰς
3270 3056 3435 3107 τόπον
3475 3056 3731 3123 μετάγων
3788 3056 3983 3125 αὐτὴν,

721 3147 1043 3213 habuisset;
1088 3155 1251 3216 atque
1278 3149 1350 3201 ita
1398 3150 1464 3203 de
1515 3150 1634 3203 loco
1671 3150 1724 3203 in
1760 3150 1940 3204 locum
1970 3166 2088 3205 eam
2124 3162 2297 3205 trans-

2405 3147 2500 3200 καὶ
2531 3148 2880 3218 αἰχμάλωτον
2926 3148 3102 3200 ’έλκων
3130 3149 3266 3201 ὅπου
3323 3146 3610 3215 ὴόούλετο,
3648 3148 3723 3217 μὴ
3776 3163 3990 3217 σύγχω-

720 3245 993 3305 portasse,
1026 3239 1410 3308 captivamque
1466 3240 1698 3295 traxisse
1744 3255 2074 3310 quocunque
2113 3239 2293 3302 vellet,

721 3343 845 3382 cum
892 3344 958 3382 ne
991 3328 1210 3395 quidem
1262 3338 1316 3383 et
1364 3332 1699 3398 permitteret
1766 3332 2010 3400 aspicere
2078 3345 2298 3385 sorores

722 3433 852 3471 suas
877 3435 1200 3488 germanas;
1261 3437 1382 3490 qua:
1418 3421 1520 3475 hoc
1553 3422 1696 3477 facto
1748 3423 1992 3491 cognito,
2045 3422 2112 3475 ad
2176 3436 2295 3475 eam

722 3509 1072 3577 quterendam
1144 3519 1427 3565 venerant.
1491 3511 1607 3564 Hoc
1670 3513 1834 3565 modo
1909 3511 2295 3578 Capandritam

724 3618 820 3671 per
852 3603 958 3655 vim
988 3611 1291 3673 contraque
1321 3604 1466 3667 leges
1506 3604 1553 3657 ei
1588 3603 1759 3659 fuisse
1787 3606 2103 3672 copulatum
2121 3602 2296 3655 haud-

720 3710 997 3762 quaquam
1055 3696 1445 3762 consentienti,
1477 3706 1589 3749 tum
1644 3707 1865 3768 propter
1895 3698 2066 3764 ipsius
2098 3697 2298 3750 absur-

720 3787 945 3839 ditatent
1023 3785 1175 3846 facti,
1227 3795 1339 3839 tum
1390 3787 1537 3855 quod
1600 3795 1860 3841 accurate
1924 3787 2039 3855 ipsa
2110 3796 2298 3841 nosset

722 3876 1001 3929 sobrinam
1051 3890 1204 3929 suam
1258 3877 1429 3931 fuisse
1484 3877 1726 3945 priorem
1782 3877 2130 3947 Capandritae
2162 3893 2297 3931 con-

716 3968 922 4037 jugem,
976 3982 1138 4036 quam
1172 3978 1347 4023 morte
1368 3969 1649 4024 amiserat.
1680 3969 1921 4038 [deaque
1974 3970 2147 4038 ipsam
2206 3985 2302 4024 oc-

717 4060 939 4112 casione
992 4066 1232 4126 captata,
1303 4060 1563 4113 maluisse
1645 4058 1772 4128 fuga
1837 4060 2296 4113 eohahitationem

721 4153 843 4220 ejus
916 4151 1193 4215 deserere,
1271 4166 1339 4203 ne
1396 4150 1806 4204 damnationem
1861 4153 2057 4205 animae
2114 4151 2299 4205 sciens

723 4242 1075 4310 prudensque
1108 4242 1208 4295 sibi
1252 4242 1576 4295 conciliaret
1610 4257 1675 4295 ex
1712 4242 1805 4295 tali
1833 4242 1960 4296 vitae
1994 4243 2296 4306 consortio,

723 4338 943 4398 propter
996 4331 1279 4398 sanguinis
1329 4345 1455 4384 cum
1519 4332 1639 4399 ejus
1690 4333 1873 4400 priore
1904 4333 2137 4401 conjuge
2172 4350 2299 4402 pro-

728 4422 1115 4489 pinquitatem,
1184 4436 1307 4491 qua:
1363 4421 1617 4477 Eudociae
1679 4424 1902 4476 sobrina
1955 4424 2127 4494 (velut
2181 4425 2296 4494 ipsa

2405 3240 2678 3309 ρουμένην
2716 3241 2843 3293 ἰδεῖν
2888 3240 3023 3308 μηδὲ
3069 3239 3165 3302 τὰς
3194 3238 3534 3306 αὑταδέλφας
3580 3237 3775 3305 αὐτῆς,
3828 3239 3988 3291 τοῦτο

2404 3330 2703 3398 μαθούσας,
2734 3330 2827 3383 καὶ
2849 3331 2929 3393 εἰς
2962 3330 3297 3400 ἀναζήτησιν
3315 3329 3519 3397 ταύτης
3546 3329 3837 3391 ἐλθούσας.
3880 3332 3988 3384 Καὶ

2400 3420 2543 3473 οὕτω
2566 3421 2754 3492 βιαίως
2778 3422 2871 3475 καὶ
2890 3423 3223 3491 παρανόμως
3254 3420 3521 3491 συνεζύγη
3546 3421 3684 3489 αὐτῇ
3708 3420 3786 3489 μὴ
3810 3437 3991 3473 συντι-

2400 3512 2626 3584 θεμένῃ,
2655 3513 2743 3565 διά
2790 3530 2848 3566 τε
2884 3514 2944 3565 τὸ
2991 3513 3220 3567 αὐτόθεν
3263 3513 3360 3565 τοῦ
3393 3514 3723 3581 πράγματος
3760 3512 3987 3576 ἄτοπον,

2398 3604 2493 3656 καὶ
2508 3604 2597 3656 διὰ
2633 3603 2694 3656 τὸ
2721 3604 2966 3671 ἀκριόῶς
2992 3604 3213 3668 εἰδέναι,
3231 3603 3307 3667 ὼς
3321 3602 3675 3673 δισεξαδέλφη
3693 3603 3905 3673 ταύτης
3924 3597 3990 3671 ἦν

2398 3697 2432 3765 ἡ
2462 3695 2729 3764 πρότερον
2772 3695 3006 3761 σύζυγος
3064 3696 3159 3747 τοῦ
3189 3695 3434 3748 τοιούτου
3480 3693 3991 3763 Καπανδρξτου,ἢν

2398 3787 2615 3856 θανάτῳ
2643 3787 2806 3849 αὐτὸς
2843 3787 3169 3840 ἀπεὸάλετο.
3191 3788 3279 3839 Διὸ
3301 3788 3397 3839 καὶ
3427 3785 3625 3855 καιροῦ
3648 3784 3989 3855 δραξαμένη,

2396 3880 2495 3948 τὴν
2516 3878 2803 3947 μετάὑτοῦ
2856 3878 3170 3948 συνοίκησιν
3219 3880 3482 3944 ἐκφυγεῖν
3532 3876 3729 3938 casto,
3778 3877 3869 3929 ἵνα
3915 3879 3989 3945 μὴ

2400 3974 2578 4041 κρῖμα
2632 3969 2865 4039 ψυχικὸν
2885 3971 2942 4021 ὲν
2990 3970 3294 4037 συνειδήσει
3332 3967 3616 4021 ἑπισπῶτο
3635 3969 3701 4019 ὲκ
3730 3967 3833 4036 τῆς
3872 3966 3991 4035 μετ’

2396 4062 2561 4115 αὐτοῦ
2582 4061 2961 4130 συμϐιώσεως,
2976 4061 3065 4114 διὰ
3086 4061 3181 4129 τὴν
3204 4059 3328 4112 καθ’
3346 4054 3484 4127 αἷμα
3505 4057 3709 4127 ταύτης
3736 4057 3985 4127 ἐγγύτη-

2397 4172 2465 4206 τα
2482 4153 2618 4223 πρὸς
2643 4154 2743 4224 τὴν
2771 4155 3036 4224 πρότερον
3064 4154 3299 4221 σύζυγον
3320 4150 3655 4220 τούτου,τὴν
3683 4151 3779 4202 καὶ
3804 4150 3991 4202 δευτέ-

2403 4262 2503 4315 ραν
2522 4246 2620 4312 (ὦς
2638 4244 2826 4315 φησιν)
2848 4244 3145 4312 ὲξαδέλφην
3157 4243 3326 4296 οὖσαν
3352 4241 3544 4311 αὐτῆς.
3573 4241 3684 4294 Καὶ
3715 4240 3992 4309 ὶρὼτησιν

2400 4336 2553 4388 ἔθετο
2576 4336 2670 4387 ἐπὶ
2699 4335 2915 4397 τούτοις
2928 4335 3016 4387 διά
3040 4350 3184 4396 τινος
3212 4333 3322 4386 τῶν
3341 4331 3517 4399 αὐτῆς
3549 4331 3686 4402 πρὸς
3703 4330 3807 4401 τὴν
3829 4331 3993 4399 ἡμῶν

2404 4425 2737 4495 μετριότητα
2788 4423 3219 4495 προκαθημένην
3271 4419 3594 4484 συνοδικῶς,
3642 4418 3741 4471 τοῦ
3772 4421 3865 4470 ἐπὶ
3913 4418 3993 4487 τῷ

722 4512 1005 4582 pra-dicat)
1039 4511 1228 4567 fuerit.
1302 4514 1513 4579 Quibus
1568 4516 1838 4583 expositis
1881 4532 1977 4584 per
2007 4516 2294 4584 quemdam

2403 4517 2831 4586 τοιουτοτρόπως
2858 4515 3123 4586 προϐάντι
3147 4512 3467 4581 συνοικεσίῳ
3480 4510 3760 4580 ποιητέου.
3788 4508 3995 4562 Ἤκουο

721 4621 785 4659 ex
855 4606 974 4658 suis
1028 4605 1401 4674 interrogabat
1450 4609 1879 4661 mediocritatem
1940 4619 2207 4673 nostram,
2248 4610 2300 4663 in

719 4696 961 4749 concilio
1014 4699 1414 4765 praesidentem,
1451 4700 1581 4767 quid
1649 4702 1713 4754 de
1756 4702 2015 4770 conjugio
2049 4704 2100 4754 in
2156 4703 2300 4756 hunc

725 4786 947 4839 modum
1015 4796 1298 4842 contracto
1363 4788 1671 4844 faciendqu
1730 4803 1894 4845 esset.
1956 4792 2299 4862 Responsum

728 4884 813 4929 est
860 4886 972 4930 tum
1013 4879 1396 4934 mediocritate
1438 4890 1623 4935 nostra
1659 4890 1774 4935 tum
1838 4897 1999 4936 sacro
2024 4894 2168 4937 cmtu
2194 4884 2305 4937 fra-

727 4980 908 5035 trum;
965 4971 1237 5041 siquidem
1302 4973 1374 5027 ita
1436 4983 1753 5042 comparata
1814 4975 1886 5028 sit
1937 4977 2012 5028 rei
2063 4976 2299 5041 veritas,

728 5065 847 5131 ipso
885 5063 1028 5117 facto
1078 5064 1410 5134 diremptum
1444 5080 1568 5120 esse
1620 5066 2032 5121 matrimonimn
2068 5068 2147 5122 sic
2166 5083 2303 5122 con-

728 5164 981 5208 tractum.
1032 5154 1097 5208 Et
1134 5157 1224 5211 ille
1283 5159 1528 5225 quidem,
1586 5162 1677 5228 qui
1704 5160 1811 5212 vim
1847 5160 2299 5224 intulit,omnino

725 5260 788 5298 ea
855 5247 1062 5315 perpeti
1122 5258 1385 5313 uteretur,
1464 5234 1829 5319 quae‘sacrae
1888 5252 2097 5320 pimque
2158 5253 2303 5320 leges

728 5348 1002 5401 statuunt,
1081 5354 1388 5409 agnoscens
1469 5352 1523 5395 et
1587 5343 1707 5397 illas
1760 5357 1977 5412 pennas,
2040 5360 2162 5412 (tuae
2212 5360 2305 5411 per

731 5443 919 5480 sacros
951 5444 1192 5484 canones
1226 5430 1546 5500 irrogantur
1572 5431 1663 5495 iis,
1696 5433 1788 5497 qui
1826 5434 2061 5487 scientes
2082 5447 2146 5485 ac
2174 5447 2305 5501 pru-

731 5519 924 5573 dentes
984 5536 1107 5572 cum
1185 5521 1400 5578 duabus
1460 5523 1704 5578 sobrinis
1769 5524 2117 5592 copulantur,
2176 5539 2299 5577 cum

736 5608 779 5658 is
804 5606 1009 5677 gradus
1061 5626 1126 5664 ex
1162 5614 1448 5684 sanguinis
1503 5615 1887 5683 conjunctione
1941 5627 2129 5670 sextus
2179 5630 2300 5668 esse

2408 4624 2500 4659 σεν
2529 4607 2636 4659 ἀπό
2652 4623 2711 4658 τε
2734 4607 2832 4674 τῆς
2853 4605 3010 4674 ἡμῶν
3026 4605 3400 4673 μετριότητος,
3428 4603 3525 4653 καὶ
3540 4602 3636 4669 τῆς
3651 4602 3806 4669 ιεράς
3835 4602 3993 4652 ἁδελ-

2406 4697 2746 4767 φότητος,ὡς
2763 4699 2809 4749 el
2825 4696 2998 4759 οὕτως
3012 4695 3203 4765 ἔχειτὰ
3218 4698 3317 4763 τῆς
3336 4692 3617 4763 ἀληθείας,
3633 4693 3863 4745 αὐτόθεν
3880 4694 3993 4761 ἔχει

2405 4790 2467 4843 τὸ
2492 4791 2897 4860 διεσπασμένον
2927 4789 2988 4841 τὸ
3012 4788 3155 4841 οὓτω
3208 4786 3420 4856 προῦἁν
3457 4786 3824 4838 συνοικέσιον.
3886 4787 3995 4837 Καὶ

2405 4883 2433 4932 ὁ
2467 4883 2565 4950 μὲν
2604 4882 2724 4951 βῖαν
2761 4880 3189 4950 πλημμελήσας,
3210 4880 3392 4931 ἐκεῖνα
3423 4879 3637 4938 πάντως
3676 4877 3826 4941 ἄξιός
3875 4878 3994 4928 ἐστι

2410 4973 2624 5036 παθεῖν,
2660 4973 2806 5041 ἅπερ
2847 4974 2895 5025 οι
2935 4972 3068 5024 θεῖοι
3096 4970 3189 5024 καὶ
3237 4968 3576 5036 φιλευσεὸεἶς
3614 4968 3770 5035 νόμοι
3810 4969 3998 5019 διακε-

2409 5064 2681 5127 λεύονται,
2723 5063 2982 5130 ἐπιγνοὺς
3004 5062 3096 5114 καὶ
3148 5061 3217 5113 τὰ
3266 5060 3375 5113 ἀπὸ
3404 5059 3512 5110 τῶν
3537 5058 3701 5125 ἱερῶν
3751 5059 3997 5109 κανόνων

2410 5159 2794 5225 ἐπιτιμώμενα
2830 5158 2940 5217 τοῖς
2966 5156 3023 5206 ἐν
3057 5154 3359 5221 συνειδήσει
3404 5154 3526 5204 δυσὶ
3579 5150 3997 5217 ὁισεξαὸἐλςαις

2416 5247 2901 5316 συζευγνυμένοις,
2935 5246 3012 5308 ὡς
3068 5246 3229 5297 ἕκτου
3262 5244 3319 5307 ἐξ
3340 5245 3575 5312 αἵματος
3596 5244 3997 5311 εὑρισκομένου

2416 5339 2647 5409 βαθμοῦ.
2701 5339 2766 5392 Ἡ
2797 5338 2852 5391 δὲ
2877 5339 3163 5391 ἀποστᾶσα
3200 5337 3390 5389 τούτου
3452 5335 3543 5387 δια
3576 5338 3676 5394 τὰς
3733 5332 3997 5395 τοιαύτας

2414 5432 2615 5493 αἰτίας,
2656 5430 2810 5483 οὐδέν
2838 5446 2892 5483 τι
2919 5431 3205 5500 πρὸκριμα
3248 5428 3645 5496 ύποστήσεται.
3687 5425 3855 5477 Ὅθεν
3903 5431 3998 5476 καὶ

2412 5540 2487 5574 πα
2497 5522 2723 5591 ραδηλοῦ
2732 5538 2831 5591 μεν
2845 5522 2994 5591 ὑμῖν,
3016 5519 3284 5590 μετακαλέ
3294 5518 3491 5571 σασθαι
3507 5519 3600 5569 καὶ
3622 5516 3913 5584 ἀμφότερα
3934 5518 3998 5565 τὰ

2413 5615 2577 5684 μέρη,
2609 5614 2703 5667 καὶ
2727 5613 2931 5684 ἀκριϐῆ
2964 5612 3103 5666 κατὰ
3140 5611 3405 5677 συστάδην
3452 5611 3497 5642 ³³
3533 5608 3723 5663 θέσθαι
3748 5608 3993 5672 ἐξέταττε

2014 5728 2243 5783 VARI/Ii
2275 5725 2676 5783 LECTIONES.

800 5815 844 5845 "
877 5818 1307 5886 κατασυστέιδην.
