4176 6446
154 419 256 481 8‘37

1418 427 1686 488 GRECO
1728 427 2129 488 ROMANUM.

3326 424 3434 487 893

236 538 295 589 '0
323 534 505 587 τοίνυν
555 536 891 608 προρρηθεὶς
941 540 1291 613 πατριάρχης
1339 541 1673 611 Ἀντιοχείας
1714 544 1741 596 ὁ

1915 537 2217 592 Prmdictns
2253 537 2414 607 igitur
2443 535 2819 590 Antiochenus
2850 530 3189 603 patriarcha,
3224 529 3449 599 sapiens

157 627 321 695 σοφδς
351 624 658 696 Βαλσαμὼν
692 632 820 692 τοὺς
870 632 1051 701 ἱεροὺς
1092 633 1464 703 ἐξηγούμενος
1492 634 1748 696 κανόνας,

154 714 283 765 τάδε
318 714 485 783 φησὶν
516 718 573 768 ὲν
602 716 680 785 τῷ
714 719 991 789 προοιμίῳ
1022 721 1121 790 τῆς
1156 722 1469 793 ἐξηγήσεως
1499 722 1609 775 τῶν
1644 740 1743 775 κα-

155 805 327 858 νόνων
368 807 468 877 τῆς
502 808 560 859 ἐν
593 808 821 878 Γάγγρα
848 812 1093 865 συνόδουο

242 896 310 949 Ἦ
358 898 461 968 μὲν
503 898 754 967 πίροῦσα
798 900 1016 967 σύνοδος
1057 904 1330 974 προφάσει
1374 904 1483 958 τῶν
1521 904 1752 974 γενομέ-

156 1006 247 1042 νον
292 989 447 1059 παρὰ
496 989 593 1042 τοῦ
645 991 946 1047 Εὖσταθίου
994 997 1202 1062 κακῶν,
1258 996 1596 1060 ὑπεναντίως
1640 1000 1754 1060 τοῖς

157 1082 599 1153 δογματισθεῖσιν
631 1084 808 1156 ὀρθῶς
848 1087 1003 1158 παρὰ
1046 1088 1149 1157 τῆς
1192 1089 1488 1159 καθολικῆς
1527 1090 1756 1163 Ἐκκλη-

160 1176 305 1238 σίας,
333 1175 829 1246 ἀναθεματίζεσθαι
866 1180 996 1243 τοὺς
1022 1180 1335 1252 ὁμόφρονας
1362 1182 1556 1253 ἐκείνῳ
1583 1182 1754 1252 διορί-

163 1268 346 1331 ζεται.

724 1362 834 1415 Kal
861 1361 1015 1431 μετά
1041 1380 1196 1417 τινα.

245 1453 307 1505 '0
341 1452 398 1506 δὲ
446 1455 683 1524 χρυσοῦς
720 1458 821 1526 τὴν
856 1456 1106 1524 γλῶτταν
1142 1458 1235 1509 καὶ
1286 1457 1388 1525 τῆς
1428 1458 1758 1528 οἰκουμένης

158 1542 507 1607 διδάσκαλος,
564 1546 1080 1616 παρακελευόμενος
1130 1546 1205 1617 μὴ
1254 1546 1756 1617 άναθεματίξεσθαι

162 1634 448 1706 ἄνθρωπον
498 1637 705 1702 πιστὸν,
741 1638 873 1707 φησὶ
924 1637 1096 1690 ταῦτα
1131 1638 1334 1708 ῥητῶς
1373 1656 1393 1691 ε
1428 1640 1492 1692 Τί
1519 1635 1613 1693 οὗν
1641 1642 1757 1692 ἐστι

169 1745 187 1778 ι
223 1727 401 1789 τοῦτο,
437 1730 465 1781 ὃ
496 1730 700 1797 λέγεις,
727 1730 785 1783 τὸ
818 1730 1103 1801 ἀνάθεμα;
1146 1731 1286 1785 Ἀλλ’
1305 1734 1387 1786 ὅτι
1418 1732 1757 1786 ἀνατιοέσθω

170 1838 187 1867 ι
224 1814 383 1881 οὗτος
422 1821 499 1888 τῷ
537 1822 786 1893 διαϐόλῳ,
840 1824 933 1875 καὶ
982 1825 1181 1894 μηκέτι
1244 1825 1521 1893 σωτηρίας
1574 1822 1756 1895 χώραν

1856 629 1946 683 ille
1978 627 2255 693 Balsamo,
2286 626 2416 680 dum
2459 641 2645 681 sacros
2680 625 2905 693 exponit
2946 638 3210 684 canones,
3242 621 3357 674 ba-c
3395 623 3448 674 in

1855 719 2179 793 praefatione
2200 719 2551 791 expositione
2580 733 2852 772 canonum
2889 715 3082 787 synodi
3110 712 3450 784 Gangrensis

1852 813 2025 868 dicit:

1932 904 2181 959 Pra-sens
2223 904 2328 957 ista
2377 900 2625 974 synodus
2672 914 2770 970 Pro
2822 899 3112 953 occasione
3170 898 3447 951 illatorum

1856 997 1927 1051 ab
1961 996 2245 1051 Eustathio
2278 996 2546 1049 malorum
2574 1032 2589 1055 ,
2625 994 2839 1047 ratione
2885 990 3119 1060 quadam
3170 990 3447 1042 contraria

1862 1096 2013 1141 recte
2045 1089 2269 1143 statutis
2300 1088 2366 1141 ab
2392 1087 2638 1144 Ecclesia
2676 1084 2967 1146 catholica,
2998 1098 3121 1135 cum
3160 1080 3448 1133 EuSIatbio

1858 1181 2163 1235 sentientes
2196 1181 2543 1233 anathcmale
2571 1177 2854 1233 fcriendos
2876 1175 3145 1229 decernit.

2431 1358 2497 1411 Et
2528 1357 2687 1425 paulo
2715 1366 2862 1425 post:

1933 1453 2001 1505 At
2036 1466 2202 1507 aurea
2233 1450 2602 1521 praditusille
2626 1450 2831 1517 lingua,
2876 1447 3134 1515 orbisque
3174 1454 3447 1500 terrarum

1857 1543 2091 1610 doctor,
2133 1545 2261 1598 dum
2310 1542 2664 1597 anathemate
2710 1540 2918 1610 percuti
2974 1547 3120 1591 vctat
3170 1538 3445 1592 hominem

1860 1637 2092 1698 ﬁdelem,
2118 1638 2298 1692 \erbis
2334 1637 2557 1691 disertis
2594 1635 2709 1688 haec
2753 1634 2829 1686 ait
2862 1652 2874 1686 :
2915 1652 2931 1683 ι
2960 1631 3100 1699 Quid
3167 1632 3334 1700 igitur
3362 1642 3447 1685 est

1864 1746 1882 1778 ι
1922 1729 2073 1793 illud,
2116 1729 2260 1798 quod
2326 1728 2467 1782 dicis
2504 1727 2795 1781 anathema
2829 1726 2852 1779 ?
2898 1723 3166 1777 Nimirum
3198 1732 3255 1777 ut
3282 1725 3448 1777 dem-

1866 1840 1883 1873 ι
1923 1832 2115 1876 reatur
2143 1821 2250 1875 iste
2280 1820 2519 1881 diabolo,
2546 1833 2647 1870 nec
2684 1818 2878 1872 salutis
2912 1818 3142 1884 amplius
3178 1818 3248 1870 sit
3280 1817 3451 1884 parti-

169 1925 186 1955 o
224 1907 418 1975 ἐχέτω.
469 1909 719 1963 Γενέσθω
749 1911 1030 1979 ἀλλότριος
1077 1912 1172 1964 τοῦ
1223 1912 1479 1982 Χριστοῦ.
1519 1913 1631 1965 Καὶ
1678 1913 1761 1976 τίς

1872 1931 1889 1963 ι
1928 1926 2077 1980 eeps.
2113 1909 2230 1965 Fiat
2257 1910 2469 1963 alienus
2501 1925 2531 1963 a
2565 1906 3058 1975 Christodeniquc.
3095 1906 3447 1976 thuisnam,

170 2014 187 2047 ι
225 1993 277 2050 εἷ
310 1999 408 2063 σός
445 2000 618 2054 ταῦτα
646 2002 747 2070 τῆς
778 2002 1029 2069 ἐξουσίας
1061 2005 1154 2057 καὶ
1187 2005 1285 2072 τῆς
1321 2004 1563 2075 μεγάλης
1594 2005 1755 2058 δυνά-

171 2109 186 2141 ι
228 2109 398 2159 μεως.
458 2094 591 2146 Τότε
647 2095 756 2163 γάρ
790 2096 1007 2148 καθίσει
1055 2099 1083 2149 ὀ
1118 2098 1394 2167 βασιλεὺς,
1436 2098 1531 2151 καὶ
1574 2104 1760 2168 στήσει

170 2201 186 2232 ι
227 2186 291 2234 τα
323 2185 423 2253 μὲν
455 2185 702 2254 πρόϐατα
732 2189 793 2239 ἐκ
823 2186 1039 2252 δεξιῶν,
1073 2189 1141 2241 τά
1167 2190 1222 2241 δὲ
1248 2188 1437 2259 ἐρίφια
1467 2188 1527 2253 ἐξ
1555 2190 1759 2242 εὐωνύ-

170 2293 188 2326 ι
232 2292 371 2343 μων.
405 2276 470 2327 Τί
503 2273 597 2329 οὖν
628 2278 726 2346 τῆς
749 2279 1017 2345 τοσαύτης
1078 2280 1347 2333 ἐπελάϐου
1389 2280 1577 2347 ἀξίας;
1622 2300 1639 2332 ι
1666 2281 1760 2333 καὶ

164 2365 283 2433 μετ’
313 2366 469 2431 ὀλίγα
498 2370 664 2436 φησὶν
686 2371 711 2420 ό
740 2371 901 2432 αὐτος
932 2371 1319 2441 Χρυσόῖτομσς
1347 2387 1361 2401 ·
1393 2390 1413 2424 ι
1454 2370 1761 2440 Τοιγαροῦν

170 2477 187 2507 ι
230 2460 257 2509 ὁ
292 2457 620 2522 Ἀπόστολος
657 2464 715 2513 ἐν
746 2460 868 2514 δυσὶ
899 2463 1080 2532 μόνοις
1118 2464 1303 2526 τόποις
1332 2464 1636 2534 ὲξανάγκης
1664 2465 1760 2533 τὴν

170 2569 187 2600 σ
231 2551 417 2619 φωνὴν
462 2552 668 2621 ταύτην
719 2554 970 2622 φαίνεται
1021 2553 1212 2610 εἰπών.
1250 2556 1363 2625 Οὐχ
1395 2553 1658 2626 ὁριστικῴ
1704 2556 1760 2607 δὲ

170 2658 188 2690 ι
228 2642 422 2711 τρόπῳ
444 2643 647 2713 ταύτην
677 2646 1017 2714 προήγαγεν,
1052 2648 1110 2698 ἐν
1159 2648 1258 2717 μὲν
1290 2650 1355 2719 τῇ
1391 2647 1527 2717 πρὸς
1560 2648 1757 2718 Κοριν-

170 2753 187 2782 ι
232 2733 385 2794 (λίους
442 2734 631 2785 εἰπών·
674 2735 738 2787 Εἴ
764 2753 847 2797 τις
902 2738 961 2789 06
1014 2738 1158 2804 φιλεί
1212 2740 1299 2790 τὸν
1362 2738 1565 2807 Κύριον
1603 2739 1758 2807 ἡμῶν

172 2844 189 2875 ι
242 2821 457 2893 Ἰησοῦν
486 2825 744 2894 Χριστὸν,
792 2827 907 2896 ἤτω
940 2827 1213 2897 ἀνάθεμα·
1247 2828 1359 2891 καὶ,
1393 2829 1447 2880 εί
1492 2845 1575 2891 τις
1614 2827 1759 2897 ὑμᾶς

170 2932 189 2964 ι
229 2913 649 2980 εὐαγγελίζεται
681 2916 811 2987 παρ’
839 2916 866 2968 ὃ
901 2918 1262 2987 παρελάϐετε,
1298 2918 1548 2987 ἀνάθεμα
1596 2919 1756 2972 ἔστω.

169 3024 187 3057 ι
227 3006 294 3057 Τί
334 3004 429 3058 οῦν
454 3024 467 3071 ;
494 3006 529 3058 ἃ
554 3008 745 3077 μηδεὶς
772 3008 883 3061 τῶν
914 3008 1219 3079 εἰληφότων
1250 3009 1501 3073 ἐξουσίαν
1531 3011 1761 3080 πεποίη-

169 3116 186 3148 ι
232 3113 355 3161 κεν,
387 3098 433 3149 εἰ
460 3098 533 3167 μὴ
563 3100 722 3167 μόνος
748 3098 805 3162 ὃς
827 3098 1010 3165 ἔλαϐε,
1045 3102 1110 3153 σὺ
1136 3100 1340 3172 τολμᾷς
1364 3100 1534 3154 ταῦτα
1563 3104 1756 3165 ποιεῖν,

168 3209 187 3240 ι
235 3192 501 3251 ἐναντίως
532 3190 610 3259 τῷ
637 3190 945 3261 δεσποτικῷ
988 3193 1443 3264 παραγγέλματι,
1492 3193 1587 3247 καὶ
1626 3211 1759 3264 προ·

168 3302 186 3332 ι
225 3281 533 3350 λαμϐάνεις
563 3282 663 3352 τὴν
699 3284 881 3353 κρίσιν
910 3285 1005 3338 τοῦ
1043 3286 1347 3356 βασιλέωςς
1397 3286 1469 3339 Τὸ
1508 3286 1757 3355 ἀνάθεμα
1789 3264 1830 3322 C

169 3390 186 3421 ι
235 3370 401 3423 τοῦτο
433 3370 528 3423 τοῦ
560 3372 799 3442 Χριστοῦ
850 3374 1179 3429 ἀποκόπτει.
1240 3376 1464 3441 Δίδαξον
1498 3378 1556 3429 ἐν
1586 3378 1758 3447 πραὸ⁸

168 3483 185 3512 ι
227 3479 375 3532 τητι.
414 3480 433 3513 ι
474 3463 582 3516 Καὶ
609 3462 676 3516 τὰ
707 3464 851 3533 ἑξῆς.

237 3643 353 3696 Καὶ
380 3644 558 3697 ταῦτα
592 3642 691 3712 μὲν
732 3645 799 3698 τά
836 3645 933 3701 τοῦ
982 3648 1376 3719 Χρυσοστόμου
1412 3649 1649 3721 Πατρός.
1704 3650 1762 3702 Ὀ

165 3733 222 3787 δὲ
259 3733 571 3805 Βαλσαμὼν
600 3738 875 3809 ἐπιφέρει·
904 3739 1005 3790 Διὰ
1035 3738 1216 3801 10610,
1250 3741 1326 3804 ὼς
1351 3741 1550 3806 ἔοικεν,
1584 3743 1761 3811 άπρα-

167 3830 288 3881 κτεί
327 3830 427 3880 καὶ
457 3826 489 3877 ὁ
520 3829 763 3897 γεγονὼς
810 3831 1087 3894 συνοδικὸς
1118 3833 1285 3903 τόμος
1321 3835 1412 3885 ἐπὶ
1455 3834 1557 3903 τῆς
1603 3834 1758 3905 βασι-

166 3919 320 3982 λείας
363 3918 465 3972 τοῦ
524 3923 1042 3993 πορφυρογεννήτου
1093 3924 1262 3994 κυροῦ
1325 3927 1759 3992 Κωνσ-ταντίνου,

170 4013 263 4062 καὶ
286 4010 385 4063 τοῦ
415 4012 758 4082 πατριάρχου
787 4013 957 4082 κυροῦ
1006 4014 1268 4081 ’Δλεξίου,
1305 4016 1466 4087 χάριν
1492 4018 1587 4071 τοῦ
1623 4020 1759 4072 ἀνα-

172 4103 568 4173 θεματίζεσθαι
590 4108 719 4169 τοὺς
749 4107 1084 4174 ἀποστάτας,
1112 4111 1204 4163 καὶ
1238 4112 1623 4183 μωλταρίους,
1666 4114 1763 4167 καὶ

173 4196 313 4248 κατὰ
338 4195 451 4249 τῶν
482 4195 751 4262 βασιλέων
778 4199 921 4253 ὅπλα
962 4200 1297 4271 ἐγείροντας,
1348 4204 1444 4255 καὶ
1472 4204 1763 4273 τυραννίδα

179 4287 543 4357 μελετῶντας.
574 4288 635 4340 Εἰ
661 4288 717 4341 δὲ
750 4290 818 4343 τὰ
845 4292 996 4361 παρὰ
1027 4292 1121 4343 106
1155 4293 1391 4363 μεγάλου
1427 4295 1640 4365 Πατρὸς
1671 4297 1765 4349 καὶ

176 4378 504 4432 διδασκάλου
531 4378 689 4448 ἡμῶν
712 4379 807 4433 τοῦ
848 4382 1239 4451 Χρυσοστόμου
1268 4386 1549 4454 γραφέντα
1589 4388 1689 4438 ὑπε
1701 4404 1763 4456 ρ-

175 4473 355 4538 τερεῖν
382 4469 658 4537 ὀφείλουσι
687 4471 783 4523 xui.
809 4472 919 4524 τῶν
967 4472 1347 4544 διορισθέντων
1375 4475 1524 4545 παρὰ
1571 4476 1668 4545 τῆς
1704 4479 1763 4529 ὲν

180 4562 486 4632 Χαλκηδόνι
536 4562 783 4627 συνόδου,
846 4564 941 4617 καὶ
991 4564 1093 4634 τῆς
1128 4567 1186 4619 ἐν
1268 4566 1519 4639 Γάγγρᾳ,
1575 4569 1760 4641 ἐροῦσι

180 4656 399 4718 πάντως
429 4655 481 4707 οἱ
502 4654 571 4707 τὰ
593 4654 818 4709 τοιαῦτα
841 4656 1137 4710 διευθετεῖν
1168 4658 1420 4725 ἐξουσίαν
1452 4661 1667 4730 ἔχοντες

247 4836 357 4886 Καὶ
386 4834 561 4885 ταῦτα
597 4833 693 4902 μὲν
723 4834 751 4885 ό
788 4835 1136 4904 πατριάρχης
1159 4836 1483 4907 Βαλσαμών.
1516 4837 1763 4892 Δείκνυσι

179 4926 306 4994 γοῦν
338 4928 403 4977 ἐκ
450 4924 559 4976 τῶν
590 4925 918 4994 εἰρημένων,
953 4928 1383 4997 προηγουμένως
1418 4929 1517 4997 μὲν
1547 4930 1603 4995 ἐξ
1623 4930 1767 4983 εκεί-

181 5035 292 5080 νου,
334 5018 538 5086 μᾶλλον
568 5016 626 5069 δὲ
664 5018 761 5069 καὶ
791 5016 899 5088 πρὸ
936 5018 1045 5070 τῶν
1070 5018 1263 5072 ἑαυτοῦ
1294 5020 1543 5091 ἡμερῶν,
1585 5021 1764 5090 ἄπρα-

180 5127 304 5163 κτον
333 5111 427 5162 τὸν
456 5109 839 5180 προρρηθέντα
873 5110 965 5162 ἐπὶ
994 5109 1085 5162 τοῦ
1128 5114 1641 5183 πορφυρογεννήτου
1672 5115 1765 5167 καὶ

192 5203 269 5256 τοῦ
303 5203 647 5275 πατριάρχου
679 5203 850 5273 κυροῦ
911 5203 1147 5267 Ἀλεξίου
1177 5207 1363 5275 τόμον.
1411 5207 1765 5277 Ἢπράκτησε

186 5295 308 5364 γάρ,
345 5295 535 5363 φησίν.
593 5295 837 5348 Ἐκείνου
873 5294 931 5348 δὲ
971 5295 1225 5366 καθάπερ
1253 5298 1397 5361 τινος
1445 5298 1766 5369 ἐρείσματος

182 5383 215 5451 ἢ
246 5382 504 5452 θεμελίου
532 5383 998 5448 ὑποσπασθέντος,
1047 5386 1139 5437 καὶ
1177 5386 1226 5437 οί
1271 5389 1389 5455 μετ’
1430 5390 1638 5440 ἐκεῖνον
1674 5404 1767 5456 γε·

182 5476 397 5543 γονότες
440 5476 555 5536 δύο.
587 5477 615 5530 ὃ
643 5494 700 5529 τε
745 5478 838 5529 ἐπὶ
886 5477 982 5530 τοῦ
1033 5478 1323 5549 Κομνηνοῦ
1376 5483 1543 5549 φημὶ,
1596 5482 1765 5552 κυροῦ

185 5569 462 5636 Βίανουὴλ,
502 5570 597 5621 καὶ
639 5570 667 5621 ὁ
712 5571 802 5623 ἐπὶ
848 5571 942 5623 τοῦ
990 5572 1375 5639 Ιιαλαιολόγου,
1426 5576 1768 5641 συγκαταπί-

186 5677 411 5713 πτουσιν
461 5662 787 5731 ἐξανάγκης.
835 5666 1069 5717 Ἔπειτα
1106 5666 1202 5718 συν
1249 5668 1425 5736 τούτῳ
1470 5668 1763 5735 δείκνυσιν,

186 5752 265 5805 ὅτι
311 5752 433 5804 οὐδὲ
485 5753 536 5805 οἱ
604 5754 1040 5827 άναθεματισμοὶ
1090 5758 1198 5809 τῶν
1256 5760 1490 5811 συνόδων
1544 5763 1767 5815 ἐκείνων

191 5845 369 5917 ἔχουσι
420 5846 482 5899 τὸ
511 5847 769 5915 ἀσφαλὲς,
809 5852 852 5904 εξ
902 5851 995 5903 καὶ
1036 5850 1127 5903 ἐπὶ
1168 5852 1423 5920 μεγάλοις
1462 5855 1551 5905 καὶ
1606 5856 1765 5922 ἐναγ-

1870 2021 1886 2050 ι
1928 2014 2134 2070 quaeso,
2162 2008 2218 2053 tu
2247 2000 2346 2054 es?
2378 1997 2681 2065 Maiestatis
2709 2000 2823 2052 hac
2848 1997 2967 2051 scil.
3005 2011 3320 2066 magnzeque
3348 2012 3448 2065 pv-

1868 2113 1885 2144 ι
1928 2094 2139 2147 tcstatis
2188 2099 2338 2146 sunt.
2397 2090 2610 2160 Quippe
2660 2102 2793 2145 tunc
2859 2089 3173 2144 considehit
3228 2104 3340 2151 rex,
3396 2097 3450 2140 it

1867 2205 1883 2235 ι
1928 2193 2131 2239 statuet
2184 2198 2315 2238 oves
2368 2197 2399 2236 a
2454 2182 2686 2243 dextris,
2732 2181 2915 2235 bazdos
2957 2197 2984 2234 a
3027 2180 3289 2235 sinistris.
3337 2179 3451 2233 Cur

1867 2296 1885 2327 ι
1926 2285 2131 2330 tantam
2170 2276 2284 2345 ipse
2320 2274 2417 2328 tibi
2455 2274 2775 2342 dignitatem
2810 2288 3046 2339 usurpas
3069 2275 3132 2324 2H
3170 2271 3231 2323 Et
3258 2274 3450 2339 paucis

1863 2368 2184 2437 interjectis.
2213 2368 2353 2421 idem
2386 2367 2474 2420 ille
2505 2368 2932 2436 Chrysostomus
2953 2365 3128 2432 inquit
3157 2383 3168 2416 :
3210 2382 3227 2414 ι
3263 2362 3450 2415 Enim-

1866 2479 1888 2513 ε
1929 2475 2056 2516 vero
2103 2461 2319 2515 duobus
2370 2460 2635 2513 duntaxat
2687 2459 2739 2511 in
2802 2459 2937 2510 locis
2964 2455 3261 2524 Apostolus
3311 2455 3452 2506 hanc

1870 2572 1887 2603 ε
1927 2569 2117 2608 vocem
2148 2552 2465 2607 necessario
2495 2550 2710 2604 videtur
2742 2549 3102 2617 expressisse,
3132 2562 3233 2601 nec
3270 2555 3449 2599 tamen

1867 2659 1886 2692 ‹
1930 2641 2091 2694 modo
2114 2639 2348 2709 quodam
2370 2638 2653 2693 deiinitiro
2682 2654 2799 2692 eam
2831 2638 3156 2706 produxisse
3187 2650 3201 2688 :
3227 2638 3356 2688 dum
3395 2637 3450 2689 in

1869 2751 1885 2783 ι
1926 2732 2157 2802 epistola
2190 2731 2256 2785 ad
2289 2730 2607 2784 Corinthios
2636 2731 2711 2781 ait
2742 2747 2753 2781 :
2788 2728 2842 2781 Si
2878 2730 2999 2797 quis
3030 2743 3136 2779 non
3170 2738 3316 2780 amat
3346 2726 3455 2777 Dc.-

1869 2842 1885 2872 ι
1929 2824 2133 2875 minum
2154 2830 2402 2875 nostrum
2435 2817 2620 2874 Jesmn
2658 2818 2964 2879 Chi-istum,
3008 2816 3297 2870 anathema
3340 2818 3448 2868 sit:

1869 2931 1887 2964 ι
1931 2922 2006 2979 et,
2026 2913 2219 2983 Siquis
2237 2914 2578 2981 evangelium
2608 2911 2954 2964 vobistradat
2984 2917 3178 2978 praeter
3208 2908 3284 2970 id,
3305 2907 3449 2976 quod

1869 3024 1886 3056 ι
1928 3006 2243 3074 accepistis,
2267 3008 2556 3057 anathema
2589 3005 2679 3058 sit.
2714 3002 2855 3068 Quid
2888 3002 3059 3072 ergo?
3087 3018 3208 3071 qua:
3233 3001 3449 3052 illorum

1869 3116 1885 3146 ι
1929 3111 2088 3151 nemo
2119 3096 2270 3162 fecit,
2294 3098 2387 3167 qui
2421 3106 2746 3166 potestatem
2774 3102 2904 3148 sunt
2929 3095 3131 3161 adepti,
3174 3092 3279 3145 nisi
3310 3092 3453 3145 dun-

1870 3208 1888 3240 ι
1929 3197 2077 3243 taxat
2129 3190 2196 3252 is,
2256 3191 2349 3259 qui
2393 3206 2511 3244 eam
2566 3190 2799 3258 accepit,
2845 3189 2930 3240 illa
2966 3198 3020 3241 tu
3053 3188 3223 3241 amics
3276 3186 3453 3240 facete

1871 3298 1888 3328 4
1929 3290 2119 3333 centra
2145 3281 2463 3334 mandatum
2484 3280 2718 3340 Domini,
2743 3288 2793 3332 ct
2818 3280 2991 3347 ipsius
3011 3282 3154 3348 regis
3178 3278 3449 3345 judicium

1873 3392 1891 3422 ‹
1931 3373 2251 3440 anticipas?
2294 3372 2563 3425 Nimirum
2628 3372 2731 3425 hoc
2785 3373 3075 3424 anathema
3123 3364 3451 3421 buuiincma

1871 3482 1889 3515 ι
1933 3464 2152 3517 Christo
2173 3464 2467 3517 abscindit.
2514 3463 2716 3518 Doceto
2763 3462 2817 3515 in
2849 3460 3294 3516 mansuetudine.
3334 3478 3352 3510 ι
3392 3458 3455 3510 Ει

1865 3568 1985 3622 quire
2024 3563 2352 3623 sequuntur.
2393 3573 2411 3606 ι

1934 3646 2113 3715 Atque
2140 3649 2252 3701 haec
2272 3648 2491 3716 quidem
2516 3647 2679 3700 verba
2701 3656 2829 3701 sunt
2850 3644 3030 3700 Patris
3053 3644 3453 3715 Chrysostomi.

1866 3740 2103 3811 Subjicit
2148 3748 2331 3795 autem
2367 3740 2621 3794 Balsamo
2656 3757 2669 3795 :
2703 3740 3017 3811 Propterea,
3047 3755 3146 3792 ceu
3180 3738 3326 3792 credi
3360 3752 3458 3806 par

1864 3844 1966 3897 est,
1997 3833 2160 3889 desiit
2189 3849 2311 3889 esse
2342 3834 2397 3887 in
2424 3849 2524 3888 usu
2574 3844 2757 3888 tomus
2794 3835 2883 3887 ille
2928 3832 3225 3903 synodalis,
3280 3830 3457 3883 factus

1864 3927 1967 3982 sub
2000 3925 2229 3989 imperio
2268 3925 2478 3980 domini
2516 3924 2863 3979 Constantini
2902 3926 2955 3978 in
3005 3925 3284 3993 Porphyra
3316 3924 3459 3985 nati,

1868 4034 1992 4071 cum
2028 4027 2173 4073 esset
2199 4019 2510 4088 patriarcha
2533 4018 2795 4072 dominus
2826 4018 3074 4079 Alexius,
3102 4017 3169 4069 de
3196 4015 3457 4069 terieudis

1868 4111 2217 4164 anathemate
2249 4109 2623 4163 defectionum
2658 4122 2722 4162 ac
2762 4109 3096 4162 tutuultuum
3136 4105 3462 4158 auctoribus

1866 4210 1919 4256 et
1955 4202 2221 4256 adversus
2268 4201 2627 4269 imperatores
2657 4214 2809 4253 arma
2848 4198 3250 4254 suscitantibus
3279 4212 3342 4250 ac
3376 4207 3459 4263 ty-

1868 4293 2150 4347 rannidem
2178 4293 2549 4347 molientibus.
2573 4296 2651 4345 An
2679 4306 2807 4346 vero
2828 4292 3038 4361 potiora
3062 4291 3291 4344 debeant
3311 4304 3459 4350 esse,

1866 4400 1988 4455 qua:
2018 4385 2086 4438 ab
2131 4387 2234 4438 hoc
2269 4399 2468 4454 magno
2509 4384 2670 4437 Patre
2701 4384 3035 4451 doctorcque
3072 4390 3260 4435 nostro
3281 4381 3461 4448 Chry-

1868 4488 2113 4533 sostemo
2137 4478 2337 4546 scripta
2371 4486 2519 4540 sunt,
2554 4485 2662 4528 tam
2691 4474 2926 4528 decretis
2951 4489 2977 4525 a
3000 4471 3458 4528 Chalcedonensi,

1867 4584 2030 4638 quam
2068 4567 2375 4636 Gangrensi
2421 4566 2659 4620 concilio
2698 4582 2711 4617 :
2760 4563 3053 4618 dicendum
3098 4563 3205 4616 illis
3231 4562 3465 4614 omnino

1868 4660 2257 4730 relinquimus,
2292 4660 2385 4729 qui
2421 4658 2548 4713 talia
2582 4666 2731 4712 recte
2768 4655 3097 4727 disponendi
3129 4662 3459 4724 potestatein

1869 4752 2083 4807 habent.

1939 4842 2002 4896 Et
2025 4842 2139 4897 haec
2170 4841 2387 4911 quidem
2407 4840 2731 4910 patriarchae
2754 4838 3095 4893 Balsamouis
3118 4837 3281 4891 verba
3305 4844 3457 4889 sunt.

1868 4934 2119 4990 Ostendit
2160 4946 2346 4989 autem
2378 4950 2476 5005 per
2515 4950 2603 5000 ea,
2625 4950 2746 5004 quae
2778 4934 2935 4997 dicit,
2972 4934 3207 5003 primum
3234 4931 3459 5000 quidem

1868 5029 1936 5080 ab
1968 5028 2060 5081 illo
2091 5039 2357 5097 tempore,
2386 5027 2467 5082 vel
2498 5028 2681 5097 potius
2706 5028 2869 5081 etiam
2900 5036 3027 5079 ante
3056 5040 3212 5080 suam
3240 5032 3461 5079 atatem

1867 5133 1993 5173 esse
2032 5119 2084 5171 in
2129 5134 2231 5172 usu
2265 5118 2502 5173 desiisse
2535 5118 2855 5189 praedictum
2890 5118 3041 5171 illum
3070 5127 3304 5179 tomum,
3352 5116 3463 5171 sub

1868 5208 2393 5282 Purphyrogenneta
2422 5220 2475 5265 et
2496 5210 2687 5265 Alexio
2713 5210 3027 5279 patriarcha
3053 5209 3277 5263 factum.
3315 5209 3458 5263 Dicit

1868 5300 2014 5355 enim
2050 5317 2064 5354 :
2112 5299 2281 5355 Desiit
2322 5316 2445 5355 esse
2476 5301 2529 5353 in
2557 5316 2681 5357 usu.
2721 5301 2798 5355 Eo
2833 5315 2963 5355 vero
3003 5315 3103 5355 ceu
3146 5300 3322 5354 l'ulcro
3367 5300 3460 5353 vel

1872 5394 2229 5447 fundamento
2270 5393 2506 5462 quodam
2540 5394 2796 5459 subruto,
2841 5395 3006 5448 etiam
3054 5394 3144 5447 alii
3181 5392 3289 5447 duo
3324 5392 3460 5446 torni

1871 5495 2058 5553 postea
2114 5483 2260 5545 facti,
2314 5494 2425 5537 tum
2465 5484 2675 5539 domini
2704 5485 2973 5539 Manuelis
2995 5482 3284 5547 Comneni,
3339 5493 3454 5537 tum

1870 5573 2159 5643 l’ataeologi
2215 5585 2480 5645 tempore,
2544 5579 2860 5631 necessario
2884 5592 3007 5631 cum
3052 5577 3132 5631 eis
3164 5586 3451 5630 corruunt.

1874 5664 2077 5721 Deinde
2112 5680 2305 5735 praeter
2338 5669 2463 5730 hoc,
2498 5671 2658 5723 etiam
2694 5670 2822 5723 illud
2865 5672 3043 5725 innuit
3072 5687 3087 5736 ;
3127 5670 3271 5739 quod
3302 5669 3455 5720 vide-

1874 5761 1999 5813 licet
2029 5777 2095 5813 ne
2130 5762 2345 5815 iliarum
2381 5763 2601 5831 quidem
2631 5764 2968 5834 synodorum
3010 5756 3447 5816 annthematismi

1874 5855 2082 5907 \ah-ant
2115 5893 2129 5920 ,
2178 5854 2300 5909 licet
2331 5857 2540 5925 magnis
2578 5865 2632 5912 et
2662 5857 2987 5913 ncccssaliis
3027 5854 3352 5927 quibusdam
3400 5854 3455 5909 in
3492 5876 3493 5879 η
