4176 6446
718 380 823 443 903

1999 378 2137 448 JUS
2170 390 2613 453 CANUNICUAI

3882 401 3989 463 904

721 486 829 541 alia
863 499 1081 557 quoque
1110 489 1379 543 sententia
1420 487 1487 543 dc
1536 489 1624 556 iis,
1654 507 1775 564 quae
1831 494 2112 551 decretum
2167 498 2300 552 illud

2406 502 2652 573 Νικήτας
2681 502 2865 570 ἐζήτει
2912 505 3006 557 καὶ
3050 505 3243 576 ἑτέραν
3273 504 3499 575 γνώμην
3541 506 3635 559 ἐπὶ
3678 508 3792 570 τοῖς
3830 516 4000 580 φηςι-

716 578 1083 648 accepissent,
1128 577 1383 632 ferretur.
1426 580 1616 651 Itaque
1660 586 2087 655 pronunciatum
2133 604 2162 642 a
2200 605 2299 643 no-

718 668 801 721 ltis
850 677 954 729 est,
1016 677 1075 721 ιιι
1122 668 1189 721 de
1237 668 1634 727 donationibus
1701 674 2165 742 suburbanornm,
2220 680 2303 733 vel

712 760 1094 825 aediﬁciorum,
1127 764 1377 831 exposita
1411 779 1509 833 per
1531 766 1859 836 scripturam
1889 768 1955 823 ad
1988 769 2202 839 aliquos
2234 772 2304 827 ab

716 852 835 921 ipso
882 852 1275 917 instrumenta,
1329 871 1426 924 pro
1487 858 1652 912 nullis
1699 859 1977 914 ducantur
2030 877 2151 916 eam
2234 867 2304 917 ob

714 956 938 996 causam
971 985 985 1008 ,
1034 946 1180 1012 quod
1222 948 1341 1002 illas
1378 964 1477 1002 nec
1527 958 1773 1019 angusta:
1822 950 1991 1021 leges,
2023 970 2125 1009 nec
2158 960 2301 1011 sacri

712 1049 957 1089 eanones
986 1048 1312 1106 agnoscant.
1367 1041 1689 1094 Annuarum
1755 1057 1886 1097 vero
1942 1044 2301 1100 dnnatinnum

713 1126 1272 1199 assignationes,qnw
1302 1131 1663 1198 particularcs
1691 1142 1839 1198 sunt,
1874 1152 1974 1191 nec
2009 1139 2300 1192 admodum

715 1219 1059 1287 metropolim
1106 1230 1354 1290 gravant,
1387 1221 1434 1274 si
1486 1221 1646 1278 facta:
1694 1226 1807 1280 sint
1863 1227 1929 1281 ad
1982 1231 2301 1292 nonnullos,

713 1324 853 1377 quos
886 1308 939 1361 in
970 1309 1227 1364 confesso
1259 1313 1351 1377 sit,
1402 1328 1526 1369 esse
1576 1315 1769 1385 dignos
1800 1320 2301 1386 connniseratione,

714 1398 828 1451 sive
858 1397 1004 1466 quod
1039 1415 1265 1469 prorsus
1307 1402 1499 1472 inopes
1527 1404 1657 1467 sint,
1695 1405 1809 1460 sive
1849 1406 1994 1476 quod
2032 1419 2302 1478 prtestan-

715 1488 799 1543 dis
860 1491 1148 1560 metropoli
1204 1494 1469 1555 servitiis,
1531 1502 1625 1546 aut
1681 1495 1781 1563 ipsi
1851 1500 2300 1566 ineerpolita::o,

715 1582 969 1649 prosint;
1022 1582 1322 1654 itidemque
1365 1587 1754 1642 semirutorum
1817 1589 2142 1658 locationes,
2182 1612 2304 1663 qua:

715 1680 1077 1746 temporariae,
1107 1695 1214 1733 non
1258 1689 1535 1751 perpetuae
1564 1683 1696 1750 sint,
1725 1685 1974 1740 locorum
2008 1694 2304 1760 caeteroqui

714 1784 943 1835 prorsus
978 1771 1259 1825 inutilium
1310 1777 1623 1843 metropoli,
1655 1779 1926 1846 siquidem
1961 1791 2015 1835 et
2050 1783 2182 1851 ipsa:
2206 1800 2304 1838 an-

2407 594 2612 648 σθεῖσιν
2643 595 3006 666 ἐξενεχθῆναι.
3043 597 3235 651 Τοίνυν
3286 598 3379 650 καὶ
3411 596 3711 669 διεῃώσθη
3743 602 3898 669 ἡμῖν,
3926 603 4001 655 τὰ

2408 685 2509 754 μὲν
2536 687 2627 739 ἐπὶ
2681 686 2913 757 δωρεαῖς
2945 690 3287 756 προαστείων
3318 690 3351 759 ἢ
3385 690 3702 760 οἰκημάτων
3738 709 4001 746 συνιστα-

2408 778 2587 846 μένων
2616 780 2908 833 ἐκτεθέντα
2940 780 3192 849 ἕγγραφα
3236 783 3373 849 πρός
3407 800 3560 845 τινας
3590 784 3723 853 παρ’
3760 784 3996 848 ἐκείνου,

2406 868 2524 920 ἀντ’
2558 869 2771 933 οὐδενὸς
2805 869 3121 941 λογισθῆναι
3154 888 3171 903 ο
3207 870 3296 924 δ.ὰ
3324 871 3385 923 τὸ
3431 874 3568 943 μήτε
3618 874 3785 937 θείοις
3809 875 3997 943 νόμοις

2405 960 2597 1022 αὐτας,
2668 963 2803 1029 μήτε
2870 962 2977 1031 μὴν
3011 965 3176 1033 ίεροῖς
3239 963 3462 1015 κανόσιν
3518 966 3994 1033 ὲπιγιντὺσκεσθαι.

2405 1049 2617 1103 Δόσεων
2652 1052 2709 1104 δὲ
2761 1055 2994 1123 ἐτησίων
3030 1053 3326 1119 τυπώσεις,
3379 1057 3603 1125 μερικαὶ
3663 1057 3849 1126 μέντοι
3902 1060 3996 1109 καὶ

2406 1133 2589 1206 αὗται,
2638 1144 2731 1195 καὶ
2758 1145 2833 1215 μὴ
2862 1147 3093 1200 ἐπιπολὺ
3126 1147 3457 1218 βαρύνουσαι
3509 1148 3605 1218 τὴν
3635 1149 3994 1217 μητρόπολιν,

2407 1237 2456 1288 εί
2486 1235 2802 1307 προέϐησαν
2842 1238 2980 1307 πρός
3038 1256 3193 1303 τινας
3226 1241 3335 1293 τῶν
3368 1239 3822 1311 ὁμολογουμένως
3863 1258 3997 1309 σομ-

2407 1327 2640 1391 παθείας
2696 1328 2883 1395 ἀξίων,
2936 1329 3049 1382 εἴτε
3094 1330 3182 1382 διὰ
3236 1332 3298 1382 τὸ
3340 1332 3565 1384 ἐκείνων
3621 1333 3993 1400 πανταπορον,

2408 1418 2517 1469 εἴτε
2555 1421 2664 1489 μὴν
2692 1420 2780 1474 διὰ
2811 1422 2872 1474 τὸ
2904 1421 2995 1474 ἐπί
3020 1440 3129 1475 τισι
3152 1422 3419 1486 δουλείαις
3452 1425 3552 1493 τῆς
3586 1424 3992 1494 μητροπῦλεως.

2405 1509 2559 1580 ῆκαὶ
2591 1512 2756 1566 αὐτοῦ
2805 1515 2968 1583 τυχὸν
3019 1514 3114 1567 τοῦ
3151 1515 3546 1586 μητροπολίτου
3610 1515 3990 1583 συμϐαλέσθαι

2407 1603 2623 1667 αὐτοὺς,
2667 1604 2804 1659 ἀλλὰ
2842 1607 2935 1658 καὶ
2982 1607 3376 1677 ἔρειποτοπίων
3414 1606 3677 1670 ἐκδόσεις,
3736 1608 3995 1677 καιρικάς

2405 1712 2464 1748 τε
2499 1697 2593 1748 καὶ
2630 1696 2691 1748 οὐ
2726 1696 3019 1766 διηνεκεῖς,
3067 1699 3373 1752 ἁσυντελῶν
3397 1702 3463 1770 τῇ
3493 1700 3829 1770 μητροπόλει
3861 1717 3997 1752 παν-

2406 1785 2665 1851 τάπασιν,
2717 1788 2766 1839 εί
2801 1786 2895 1839 ἐπὶ
2929 1786 3132 1857 ὲτησίῳ
3180 1790 3273 1841 καὶ
3319 1782 3480 1841 αὗται
3531 1790 3677 1842 δόσει
3726 1790 3868 1841 κατὰ
3897 1793 3995 1858 τὴν

713 1877 820 1915 nna
875 1863 1193 1931 donatione,
1246 1864 1413 1935 prout
1464 1871 1640 1923 sacris
1694 1871 1908 1939 legibus
1964 1876 2300 1942 continetur,

2407 1876 2516 1928 τῶν
2560 1844 2722 1929 θείων
2754 1877 2934 1948 νόμων
2966 1844 3259 1949 περίληψιν
3308 1880 3659 1951 ὲξετέθησαν,
3726 1844 3994 1951 οὐμενοέν

713 1954 978 2024 expositae
1015 1958 1167 2021 sint,
1204 1973 1560 2027 nequaquam
1600 1961 1940 2017 revocandas
1985 1969 2304 2025 statuimus.

954 2046 1045 2101 IV.
1092 2047 1171 2102 De
1204 2050 1648 2105 tramlationibus
1684 2054 2068 2123 episcoporum.

786 2159 1018 2231 Magnus
1046 2161 1138 2216 ille
1158 2161 1320 2218 Pater
1338 2172 1389 2218 et
1433 2166 1613 2219 lumen
1649 2167 1820 2231 orbis,
1846 2180 2073 2228 sanctus
2094 2173 2298 2245 Grego-

715 2255 831 2306 rius
861 2254 1191 2325 TlieoZogns,
1223 2274 1348 2312 cum
1385 2258 1727 2315 Sasimornm
1764 2260 1959 2320 fuisset
1987 2269 2301 2338 episcopus,

713 2342 893 2397 factus
918 2356 1002 2400 est
1028 2347 1192 2401 etiam
1219 2347 1608 2406 Nazianzenus
1634 2353 1889 2409 antistes.
1915 2354 2117 2413 Deinde
2136 2359 2186 2412 in
2218 2375 2307 2415 sc-

714 2439 893 2489 cnnda
916 2438 1126 2509 synodo
1145 2454 1209 2493 οι,
1231 2454 1550 2497 sanctorum
1569 2442 1813 2509 Patrum,
1838 2460 2103 2514 regnante
2130 2449 2307 2505 Theo-

714 2527 870 2581 dosio
902 2528 1115 2598 Magno,
1143 2531 1196 2584 in
1220 2535 1507 2599 praesentia
1528 2536 1868 2602 pontiﬁcum,
1904 2537 2183 2608 Dalmatae,
2217 2543 2304 2597 in-

711 2631 898 2685 quam,
921 2634 1072 2690 papa:
1104 2618 1355 2683 Romani,
1387 2622 1662 2678 Timothei
1694 2625 2072 2695 Alexandrini,
2105 2630 2301 2686 Meletii

713 2706 1063 2773 Antiocheni,
1096 2720 1151 2765 et
1179 2710 1368 2781 Cyrilli
1406 2711 1908 2785 llierosolymitani,
1959 2718 2136 2772 eidem
2176 2721 2302 2776 huic

719 2813 921 2867 magno
941 2798 1133 2853 lumini
1155 2801 1513 2858 conﬁrmatus
1545 2810 1632 2857 est
1655 2805 2007 2875 episcOpatus
2029 2807 2306 2864 Constan-

716 2888 1146 2955 tinopolitanus,
1176 2891 1455 2962 epiSczopis
1501 2892 1653 2947 illum
1704 2896 1939 2950 invitum
1980 2898 2035 2952 in
2067 2901 2302 2969 patriar-

716 2979 859 3032 chzdi
893 2981 1034 3034 solio
1078 2983 1478 3040 collocantibus
1520 2986 1765 3041 adhibita
1799 2991 1874 3053 vi,
1907 3005 2018 3060 quo
2064 2992 2118 3046 in
2161 2995 2302 3050 solio

714 3076 1051 3143 conspicuus
1084 3075 1186 3129 fuit
1211 3078 1370 3131 annis
1396 3094 1496 3143 xit,
1530 3094 1676 3135 anno
1694 3097 1790 3136 xui
1827 3082 2306 3153 imperiiTheodo-

713 3165 780 3219 sii
840 3167 1096 3233 minoris,
1148 3169 1369 3224 Arcadii
1424 3171 1544 3237 lilii,

710 3257 1002 3312 Ordinatus
1053 3260 1349 3329 episcopus
1393 3260 1575 3332 Cyzit'i
1627 3266 1731 3318 snb
1774 3266 2021 3323 Sisinnio
2073 3273 2306 3340 patriar~

714 3351 838 3414 cha,
877 3366 985 3403 non
1025 3351 1326 3414 admissus,
1374 3355 1426 3407 in
1465 3354 1579 3409 otio
1622 3357 1774 3411 vixit.
1830 3359 1960 3415 Post
2009 3363 2307 3433 depositio-

718 3456 843 3494 nem
900 3456 1031 3497 vero
1072 3443 1335 3507 Νυειοιοὶἱ,
1363 3446 1616 3502 decretus
1644 3450 1692 3502 ci
1722 3451 1942 3520 quidem
1975 3463 2060 3509 est
2091 3456 2307 3525 episco-

715 3544 873 3601 patus
924 3535 1595 3605 ConstantinOpolitanus,
1634 3540 1730 3595 scd
1779 3544 1833 3596 in
1886 3546 2025 3600 solio
2071 3563 2178 3601 non
2222 3556 2307 3603 est

714 3625 1038 3688 collocatus,
1083 3626 1154 3680 ob
1204 3627 1464 3681 invidiam
1514 3632 1859 3699 pontiﬁcum,
1908 3638 2000 3705 qui
2061 3643 2305 3708 potentia

714 3730 812 3767 sna
849 3725 978 3769 tunc
1010 3718 1403 3774 abutebantur.
1436 3719 1631 3777 Postea
1664 3738 1814 3791 vero,
1856 3741 1981 3781 cum
2018 3732 2307 3786 ordinatus

716 3807 879 3862 isthic
914 3808 1282 3864 Maximianus
1312 3812 1454 3866 diem
1490 3815 1751 3885 obiisset;
1788 3834 1890 3873 nec
1920 3821 2048 3875 dum
2086 3824 2305 3893 sepulto

717 3898 891 3965 ipsius
930 3900 1221 3964 cadavere,
1270 3904 1576 3961 arcessitus
1620 3915 1723 3975 est,
1755 3920 1809 3963 et
1858 3911 1910 3964 in
1956 3912 2095 3965 solio
2135 3916 2307 3968 collo-

715 4003 892 4055 catus,
909 3993 1071 4044 etiam
1097 3993 1418 4059 Celestino,
1434 4011 1571 4066 papa
1595 3996 1842 4055 Romano
1864 4005 2219 4069 assentiente,
2242 4022 2306 4062 ac

714 4083 1090 4151 episcopatum
1136 4086 1185 4137 ei
1244 4087 1667 4145 decernentibus
1709 4107 1910 4162 magno
1964 4096 2056 4151 illo
2102 4098 2307 4167 Cyrillo

713 4181 769 4225 et
816 4172 1029 4228 Joanne
1067 4176 1433 4232 Antioi-heno.
1474 4180 1632 4234 Anno
1674 4185 1919 4239 secundo
1961 4186 2172 4256 imperii
2205 4192 2308 4242 Ar-

718 4266 893 4331 temii,
920 4269 1013 4336 qui
1038 4270 1454 4326 et~Anastasius
1485 4280 1539 4326 et
1570 4272 1799 4331 Dicorus
1828 4276 1932 4331 init
1958 4278 2140 4335 dictus
2166 4280 2302 4350 (28).

719 4359 1174 4426 mcuopolitanus
1241 4360 1470 4431 Cyzici,
1537 4378 1771 4434 magnus
1840 4366 1933 4421 ille
2000 4366 2305 4427 Germanus

717 4452 1020 4503 translatus
1072 4462 1159 4506 est
1220 4453 1272 4506 in
1343 4455 1543 4508 solium
1609 4456 2299 4531 Constantinopolitanum.

718 4539 970 4596 llcnnias
1014 4542 1304 4599 Sozomeni
1338 4545 1484 4600 ﬁlius
1511 4548 1705 4603 scribit
1749 4551 2068 4622 episcopum
2102 4553 2304 4626 Trape-

715 4635 897 4689 cuntis
944 4635 1266 4689 Anthimum
1319 4637 1522 4692 factum
1571 4655 1693 4695 esse
1739 4644 2110 4710 patriarcham
2156 4648 2301 4703 Con-

718 4726 1273 4793 stantinopolitanum
1303 4729 1407 4782 sub
1446 4729 1792 4787 Constantio.
1813 4734 2058 4792 Meletius
2086 4740 2302 4809 cpisco-

717 4830 819 4883 pus
861 4814 1166 4882 Sebastem,
1210 4817 1264 4871 in
1306 4819 1594 4883 Armenia,
1642 4824 1942 4879 translatus
1989 4837 2072 4881 est
2108 4830 2301 4884 Antio-

716 4905 918 4959 rhiam.
966 4906 1273 4962 Alexander
1350 4911 1646 4980 episc0pus
1706 4912 1948 4968 civitatis
2008 4916 2294 4985 cujusdam

713 4996 1104 5067 Cappadociae,
1158 5002 1462 5057 translatus
1516 5015 1601 5057 est
1647 5003 2041 5077 Hierosolyma.
2095 5006 2297 5064 Eusta-

716 5092 872 5145 thius
938 5094 1235 5163 cpiscopus
1302 5110 1516 5165 magna:
1580 5098 1728 5152 illius
1789 5096 2113 5165 Berrhwat,
2183 5104 2299 5158 sive

716 5180 945 5253 Clialepi
998 5185 1170 5254 (29),
1224 5188 1530 5243 translatus
1578 5202 1663 5244 est
1708 5191 2055 5247 Antiochiam
2104 5193 2293 5266 Syriae.

718 5272 1014 5346 Perigenes
1085 5276 1377 5333 ordinatus
1444 5283 1739 5350 episcopus
1802 5281 2119 5347 Patrensis,
2201 5302 2299 5339 au-

718 5366 971 5421 ctoritate
1026 5364 1227 5438 Papw,
1285 5387 1388 5427 nec
1454 5382 1705 5441 receptus
1741 5413 1757 5440 ,
1832 5388 1957 5429 cum
2010 5377 2302 5430 mansisset

2407 1969 2611 2034 ταύτας
2635 1971 2965 2043 ἀθετηθῆναι
2991 1973 3449 2043 διαγινώσκομεν.

2856 2068 2933 2119 Δ’.
2971 2067 3110 2134 Περὶ
3138 2066 3538 2135 μεταθέσεων.

2490 2156 2547 2209 Ὀ
2606 2157 2798 2225 Μέγας
2842 2157 3037 2229 Πατὴρ
3087 2160 3183 2211 καὶ
3240 2161 3466 2231 φωστὴρ
3519 2160 3617 2231 τῆς
3666 2162 3997 2231 οἰκουμένης

2408 2250 2563 2317 ἅγιος
2574 2249 2611 2300 Γ
2618 2250 2872 2320 ρηγόριος
2896 2250 2923 2301 ό
2955 2249 3240 2318 Θεολόγος,
3258 2251 3553 2315 ἐπίσκοπος
3571 2254 3864 2322 γενόμενος
3898 2255 3998 2307 Σα-

2409 2339 2605 2409 σίμων,
2644 2340 2860 2407 ἐγένετο
2904 2340 2999 2393 καὶ
3032 2340 3364 2405 Ναζιανζοῦ.
3414 2338 3547 2394 Εἶτα
3577 2344 3636 2394 ὲν
3665 2346 3732 2412 τῇ
3762 2343 3997 2412 δευτέρα

2409 2428 2613 2498 συνόδῳ
2656 2428 2765 2481 τῶν
2803 2434 2883 2500 ρν¹
2926 2429 3100 2497 ἁγίων
3150 2430 3432 2501 Πατέρων,
3483 2432 3862 2499 βασιλεύοντος
3903 2433 3997 2486 τοῖς

2411 2519 2648 2589 μεγάλου
2685 2520 2992 2583 Θεοδοσίου,
3049 2522 3316 2575 συνόντων
3357 2524 3449 2575 καὶ
3481 2523 3808 2594 ἀρχιερέων,
3854 2527 3999 2593 φημὶ

2406 2610 2502 2680 δὴ,
2555 2610 2841 2680 Δαλμάτου
2896 2611 3057 2666 πάπα
3118 2612 3358 2683 Ῥώμης,
3412 2616 3680 2685 Τιμοθέου
3743 2617 3999 2683 Ἀλεξανο

2406 2700 2613 2766 δρεὲας,
2646 2702 2909 2755 Μελετίου
2948 2703 3303 2773 Ἀντιοχείας,
3330 2707 3425 2758 καὶ
3455 2706 3727 2775 Κυρίλλου
3761 2708 4000 2778 Ἱεροσο-

2407 2791 2615 2862 λύμων,
2659 2793 2811 2863 αὐτῷ
2855 2793 2934 2864 τῷ
2977 2796 3200 2865 μεγαλῳ
3232 2798 3481 2867 φωστῆρι
3516 2800 3771 2867 ἐκυρώθη
3806 2802 3841 2868 ἡ
3874 2801 4000 2851 ἐπι.

2410 2883 2589 2954 σκοπὴ
2620 2885 3276 2950 Κωνσταντινουπόλεως,
3329 2888 3425 2940 καὶ⁵
3462 2889 3666 2942 ἄκοντα
3695 2891 3889 2943 τοῦτον
3922 2892 4001 2960 τῷ

2409 2976 2796 3046 πατριαρχικῷ
2852 2977 3030 3048 θρόνῳ
3096 2980 3382 3049 ὲνίδρυσαν
3445 2980 3769 3051 βιασάμενοι
3829 2986 3890 3036 ἐν
3958 2980 4003 3053 ᾧ

2406 3068 2663 3139 διέπρεψε
2696 3071 2921 3141 χρόνους
2956 3070 3042 3141 ιβ’.
3088 3073 3177 3125 Ἐν
3209 3072 3286 3141 τῷ
3325 3081 3396 3139 ιγ’
3426 3073 3537 3126 ἔτει
3578 3074 3680 3142 τῆς
3716 3075 4003 3146 βασιλείας

1632 3189 1865 3245 magnus
1918 3176 2008 3233 ille
2069 3180 2298 3239 Proclus

2407 3161 2691 3214 Θεοδοσίου
2737 3161 2829 3215 τοῦ
2867 3162 3090 3234 μικροῦ,
3120 3164 3215 3216 τοῦ
3250 3164 3366 3217 υἱοῦ
3408 3165 3721 3235 Ἀρκαόξου,
3762 3169 3792 3219 ό
3824 3169 4003 3237 μέγας

2409 3253 2673 3323 Πρόκλος,
2711 3255 3010 3318 ἐπίσκοπος
3067 3254 3309 3318 Κυζίκου
3341 3257 3744 3326 χειροτονηθεὶς
3781 3261 3879 3311 ἐπὶ
3911 3261 4000 3312 Σι-

2408 3348 2607 3399 σιννίου
2655 3350 3019 3418 πατριάρχου,
3072 3349 3332 3418 ὲσχόλασε
3368 3349 3443 3420 μὴ
3487 3350 3720 3419 δεχθείς.
3756 3353 3918 3405 Μετὰ
3948 3353 4002 3406 εε

2405 3438 2506 3507 τὴν
2530 3439 2853 3509 καθαίρεσιν
2880 3440 3200 3507 Νεστορίου,
3239 3441 3513 3511 ἐψηφίσθη
3559 3444 3659 3511 μὲν
3696 3444 4002 3497 Κώνσταν-

2404 3531 2787 3593 τινουπόλεως,
2818 3533 2917 3583 οὐκ
2946 3531 3293 3602 ὲνεθρονίσθη
3322 3533 3378 3585 δὲ
3403 3533 3503 3597 ,διὰ
3534 3534 3728 3601 φθόνον
3754 3535 3871 3589 τῶν
3900 3553 4006 3588 πα-

2409 3620 2913 3688 ραδυναστευόντων
2937 3622 3057 3673 τότε
3080 3623 3405 3691 ἀρχιερέων.
3430 3623 3588 3675 Μετὰ
3605 3623 3661 3675 δὲ
3692 3623 3881 3687 τοῦτο,
3906 3626 4002 3679 τοῦ

2406 3714 2881 3783 χειροτονηθέντος
2912 3712 3261 3782 Μαξιμιανοῦ
3293 3714 3741 3783 τελευτήσαντος,
3771 3716 3857 3770 ἔτι
3890 3736 4006 3770 κει-

2410 3806 2573 3874 μένου
2604 3804 2698 3858 τοῦ
2736 3806 2995 3874 λειψάνου
3037 3804 3227 3870 αὐτοῦ,
3261 3805 3616 3875 προσεκλήθη
3651 3807 3747 3859 καὶ
3780 3809 4005 3879 ἑνεθρο-

2408 3896 2566 3965 νίσθη
2594 3896 3243 3959 Κωνσταντινουπόλεως,
3278 3896 3584 3948 συναινέσει
3614 3898 3710 3950 καὶ
3740 3898 3840 3950 τοῦ
3890 3900 4000 3951 Κε-

2406 3988 2650 4041 λεστίνου
2698 3989 2856 4042 πάπα
2895 3987 3139 4058 Ῥώμης,
3180 3986 3489 4057 συμψήφων
3546 3990 3869 4058 γενομένων
3909 3993 4003 4043 καὶ

2406 4079 2501 4131 τοῦ
2553 4078 2789 4147 μεγάλου
2838 4078 3132 4148 Κυρίλλου,
3175 4078 3272 4131 καὶ
3328 4079 3575 4132 Ἰωάννου
3634 4082 4000 4150 Ἀντιοχείας.

2419 4172 2509 4225 Ἐν
2540 4171 2617 4241 τῷ
2647 4172 2886 4242 δευτέρῳ
2925 4171 3037 4224 ἔτει
3076 4174 3174 4241 τῆς
3207 4172 3487 4239 βασιλείας
3532 4173 3852 4242 Ἀρτεμίου,
3902 4176 3998 4227 τοῦ

2408 4264 2502 4317 καὶ
2548 4263 2901 4317 ’Δναστασίου
2946 4262 3042 4315 τοῦ
3086 4264 3337 4335 Δικόρου,
3380 4266 3408 4317 ό
3440 4266 3854 4334 μητροπολίτης
3892 4268 4001 4318 Ku-

2410 4352 2567 4417 ζίκου
2613 4352 2787 4422 μέγας
2837 4351 3139 4422 Γερμανὸς,
3185 4352 3447 4421 μετετέθη
3478 4354 3559 4415 εἰς
3585 4353 3677 4405 τον
3700 4354 3799 4423 τῆς
3836 4356 3998 4407 Κων-

2412 4444 2904 4506 σταντινουπόλεως
2919 4443 3128 4513 θρόνον.
3147 4444 3205 4496 Ὀ
3224 4443 3542 4511 Σωζομενοῦ
3570 4444 3835 4516 Ἑρμείας
3858 4447 3999 4516 γρα-

2336 4520 2381 4575 θ
2409 4554 2521 4605 ψει,
2549 4538 2631 4590 ὅτι
2657 4539 2685 4590 ό
2728 4534 3144 4606 Τραπεζοῦντος
3175 4535 3436 4603 ’Δνθιμος
3483 4537 3675 4603 γέγονε
3717 4541 3998 4608 πατριάρ-

2407 4649 2511 4703 χης
2560 4628 3210 4691 Κωνσταντινουπόλεως,
3237 4630 3330 4681 ἐπὶ
3367 4630 3772 4684 Κωνσταντίου.
3819 4633 3998 4685 Μελέ-

2405 4742 2519 4788 τιος
2545 4724 2589 4756 ⁵⁸
2622 4722 2916 4783 ἐπίσκοπος
2962 4720 3290 4783 Σεϐαστείας
3335 4721 3433 4789 τῆς
3494 4721 3815 4789 Ἀρμενίας,
3867 4739 3998 4791 μετ-

2407 4815 2565 4884 ετέθη
2611 4818 2691 4877 εἰς
2733 4813 3082 4883 Ἀντιόχειαν.
3131 4812 3483 4883 Ἀλέξανδρος
3515 4814 3823 4876 ἐπίσκοπος
3863 4817 3996 4885 μιᾶς

2404 4909 2515 4962 τῶν
2544 4910 2608 4961 ὲκ
2652 4905 3052 4969 Καππαδοκίας
3082 4904 3315 4970 πόλεων,
3352 4903 3613 4975 μετετέθη
3641 4907 3723 4967 είς
3768 4905 3998 4974 Ἰεροσό-

2406 5001 2575 5070 λυμα.
2612 4999 2911 5061 Εὑστάθιος
2957 4998 3256 5060 ἐπίσκοπος
3303 4998 3401 5067 τῆς
3443 4996 3688 5065 μεγάλης
3728 4998 3998 5071 Βεῤῥοὲας

2406 5095 2525 5167 ἦτοι
2564 5091 2657 5146 τοῦ
2700 5092 2909 5153 Χάλεπ,
2965 5089 3229 5160 μετετέθη
3264 5091 3341 5153 είς
3386 5090 3722 5158 Ἀντιόχειαν
3750 5091 3855 5159 τῆς
3892 5091 3998 5143 Συ-

2408 5185 2549 5255 ρίας.
2590 5183 2890 5252 Περιγένης
2947 5182 3245 5244 ἐπίσκοπος
3296 5181 3695 5253 χειροτονηθεὶς
3732 5182 3990 5254 Πατρῶν,

2413 5279 2564 5348 παρὰ
2592 5277 2689 5331 τοῦ
2726 5280 2909 5340 Πάπα,
2939 5278 3035 5329 καὶ
3071 5277 3146 5347 μὴ
3176 5275 3407 5346 δεχθεὶς,
3441 5274 3579 5329 ἀλλὰ
3633 5276 3823 5344 μείνας
3869 5294 3995 5345 σχο-

2412 5370 2614 5436 λάζων,
2646 5371 2811 5442 παρὰ
2834 5369 2928 5423 τοῦ
2964 5371 3128 5425 Πάπα
3166 5367 3429 5440 μετετέθη
3465 5370 3545 5431 είς
3588 5368 3859 5439 Κόρινθον
3880 5378 3981 5443 ﬁ.»

1992 5488 2225 5545 VABIE
2258 5487 2674 5545 LECTiONl‘ZS.

790 5564 838 5602 ⁸⁸
871 5569 1127 5640 μελίκος.

2233 5666 2466 5723 NOTAE.

797 5754 913 5827 (εδ)
940 5754 1094 5827 ρειοά
1130 5755 1329 5811 diversi
1369 5758 1570 5814 coloris
1622 5758 1853 5827 pupulas
1894 5760 1946 5815 in
1981 5762 2156 5817 oculis
2187 5762 2430 5818 haberet.
2457 5763 2745 5820 Constant.
2779 5764 3030 5820 Manassc
3078 5771 3323 5819 auclore.

793 5824 907 5896 (29)
945 5824 1117 5897 Vulgo
1146 5843 1287 5883 nunc
1315 5830 1482 5898 Alepo
1516 5824 1728 5885 vocant.
