4176 6446
206 403 310 468 905

1476 408 2042 471 GlleCO-ROMAN
2054 410 2182 469 UM.

3378 410 3484 471 906

210 517 545 594 μητρόπολιν
582 519 947 589 χηρεύουσαν,
982 523 1075 577 καὶ
1123 523 1213 577 διά
1238 524 1353 594 βίου
1400 523 1499 593 τῆς
1539 524 1784 593 τοιαύτης

1898 536 2123 587 vacans,
2155 522 2454 579 translatus
2501 531 2585 578 cst
2633 538 2661 575 a
2710 522 2854 592 Papa
2901 521 3245 584 Corinthum,
3280 535 3481 577 lllt‘ll‘u-

205 610 449 680 προέστη
519 608 869 682 Ἐκκλησίας.

208 701 525 772 μετήγαγεν
576 704 657 766 είς
704 705 918 775 Ταρσδν
964 708 1064 776 τῆς
1096 708 1371 771 Κιλικίας,
1406 705 1660 760 Δοσίθεον
1699 707 1790 758 τὸν

206 793 532 858 Σελευκείας
580 794 901 851 ἐπίσκοπον.
950 796 1197 862 Ῥεεενδς
1249 799 1579 865 ἐπίσκοπος,
1607 800 1790 869 ἅρχων

203 881 305 952 τῆς
323 883 580 953 Φοινίκης
596 885 739 949 ⁸⁸⁸⁸⁸,
778 886 1039 958 μετετέθη
1073 889 1153 951 είς
1175 888 1370 960 Τύρον.
1390 888 1641 959 Ἰωάννης
1670 890 1793 942 ἐπί-

206 990 411 1037 σκοπος
453 976 494 1027 Γ
496 976 653 1045 όρδου
683 977 783 1047 τῆς
823 978 1046 1041 Λυδίας,
1084 980 1349 1049 μετετέθη
1378 981 1458 1043 είς
1490 979 1793 1051 Προικόνη-

205 1084 320 1123 σον.
346 1070 647 1134 Παλλάδιος
677 1071 890 1126 Ἑλένου
913 1074 958 1106 ⁶¹
990 1074 1300 1146 μετηνέχθη
1326 1077 1407 1138 είς
1431 1076 1699 1130 Ἀππωνα
1723 1074 1786 1130 ⁶².

214 1158 565 1231 Ἀλέξανδρος
628 1161 1066 1227 Ἐλενουπόλεως
1115 1165 1420 1237 μετηνέχθη
1476 1168 1557 1228 εἰς
1603 1167 1796 1238 Ἀδρα-

200 1250 351 1314 νούς.
378 1251 664 1318 Θεοσέὄιος
688 1258 787 1327 τῆς
819 1257 879 1309 έν
923 1257 1080 1330 Ἀσίᾳ
1123 1258 1447 1329 Ἀπαμείας,
1486 1258 1794 1330 μετηνέχθη

200 1343 284 1405 εἰς
318 1342 766 1409 Εὺδοξιανόπολιν
794 1348 1115 1420 Καλασρίας
1145 1350 1566 1423 καλουμένην⁶³.
1601 1353 1797 1406 Ὀπτίο

202 1448 350 1501 μιος,
387 1435 497 1488 ἀπὸ
527 1436 567 1488 Γ
570 1436 824 1508 δαμάὸης
845 1440 892 1470 ⁸⁸
940 1440 1043 1511 τῆς
1072 1422 1337 1512 Φρυγίας,
1377 1441 1685 1513 μετηνέχθη
1717 1442 1796 1505 είς

215 1523 550 1595 Ἀντιόχειαν
604 1528 702 1597 τῆς
741 1530 1009 1595 Πισιδίας.
1073 1531 1391 1603 Ἱεροφύλαξ
1438 1532 1797 1605 Τραπεζοπό-

199 1615 340 1678 λεως
385 1617 483 1687 τῆς
514 1620 781 1689 Φρυγίας,
833 1623 1139 1695 μετηνέχθη
1184 1626 1264 1689 είς
1296 1626 1723 1681 Πλουτινόπολιν
1746 1627 1794 1658 ⁸⁵

201 1705 305 1774 τῆς
354 1707 601 1780 Θρᾴκης.
652 1709 779 1765 Ἐπὶ
806 1713 908 1783 τῆς
943 1713 1226 1784 βασιλείας
1258 1718 1673 1772 Κωνσταντίνου
1698 1717 1792 1771 τοῦ

201 1798 573 1867 Πωγωνάτου,
602 1802 713 1856 τῶν
758 1803 1079 1877 Ἀγαρηνῶν
1114 1795 1507 1878 κρατησάντων
1542 1807 1643 1879 τὴν
1676 1806 1792 1861 Κύ-

948 615 1007 667 Ὀ
1083 615 1420 687 Ἀντιοχείας
1487 616 1788 678 έπίσκκπος

1897 614 2064 683 politn
2100 624 2232 669 tunc
2263 617 2522 685 episcopo
2553 616 2857 681 viduatam,
2887 631 3161 686 quamque
3201 616 3293 671 diu
3322 618 3480 685 vixit,

1897 708 1945 762 ci
1995 706 2215 777 przefuit
2251 706 2528 763 Ecclesiae.
2565 709 2940 764 Autiochcuus
2971 710 3265 780 cpiscOpus
3300 718 3482 767 trans-

1896 798 2021 852 tulit
2086 796 2320 853 Tarsum
2389 798 2593 853 Cilicia:
2675 800 2995 855 Dositheum
3071 798 3480 857 Seleucienscm

1895 892 2239 961 episcopum.
2281 889 2541 946 Rcbcnus
2591 890 2880 959 episcopus
2901 891 2951 955 δ,
3001 906 3127 945 cum
3184 889 3484 948 Phoenicia:

1897 994 2179 1054 prmesset,
2211 985 2517 1039 translatus
2547 990 2632 1037 est
2661 982 2890 1054 Tyrum.
2922 981 3167 1041 Joannes
3192 988 3485 1058 cpiscopus

1895 1074 2064 1131 Gordi
2112 1074 2323 1146 Lydiae,
2368 1076 2669 1131 translatus
2713 1084 2800 1131 est
2841 1074 3257 1133 Prmconesum.
3308 1077 3486 1133 Palla-

1898 1169 2023 1223 dius
2073 1168 2367 1237 episcopus
2417 1167 2605 1222 llcleni
2634 1210 2648 1233 ,
2696 1168 3000 1224 translatus
3044 1178 3128 1225 est
3174 1170 3483 1241 Apponem.

1897 1258 2207 1314 Alexander
2260 1258 2746 1330 llelcnOpolitanus
2800 1261 3102 1316 translatus
3164 1273 3253 1316 est
3308 1263 3487 1317 Adra-

1897 1362 2062 1405 nosc.
2124 1350 2467 1407 Theosebius
2523 1352 2824 1421 episcopus
2886 1352 3143 1421 Apameae
3204 1355 3258 1408 in
3315 1356 3481 1421 Asia,

1897 1444 2200 1497 translatus
2230 1453 2314 1498 est
2345 1443 2842 1514 Eudoxianopolim
2870 1442 3139 1499 Calabriae
3170 1448 3481 1504 vocatam“.

1899 1534 2147 1602 Optimus
2178 1549 2208 1587 a
2244 1533 2524 1590 Gdamaha
2549 1547 2572 1575 ε
2606 1534 2875 1606 Phrygiae,
2906 1537 3208 1593 translatus
3251 1548 3334 1594 est
3374 1542 3486 1595 Au~

1898 1627 2160 1682 tiochiam
2210 1625 2451 1683 Pisidiae.
2510 1627 2884 1700 llierophylax
2929 1631 3225 1700 episcopus
3274 1631 3485 1704 Trape-

1900 1717 2112 1787 zopolis
2169 1717 2224 1771 in
2285 1718 2547 1791 Phrygia,
2593 1722 2896 1778 translatus
2946 1731 3032 1777 est
3088 1721 3482 1794 Plotinopolim

1900 1806 2169 1865 Thraciae.
2227 1808 2535 1881 lmperante
2598 1812 2968 1868 Constantino
3028 1814 3299 1880 Barbato,
3355 1831 3481 1869 cum

197 1903 359 1959 προν,
393 1891 549 1962 ἐδόθη
582 1895 615 1965 ἡ
653 1896 989 1966 μητρόπολις
1028 1898 1274 1963 Κυζίκου
1304 1899 1401 1952 σὺν
1424 1901 1545 1963 ταῖς
1571 1901 1784 1954 ἐπισκο-

1895 1902 2133 1972 Agareni
2175 1901 2416 1973 Cyprum
2470 1914 2860 1974 occupassent,
2890 1906 3018 1960 data
3065 1915 3150 1962 est
3203 1918 3480 1977 metropo-

198 1983 333 2043 παῖς
355 1982 528 2053 αὐτῆς
568 1985 646 2054 τῷ
678 1986 1104 2059 ἀρχιεπισκόπῳ
1136 1989 1389 2061 Κύπρου.
1421 1990 1575 2045 Μετὰ
1603 1991 1662 2045 δὲ
1690 1992 1792 2063 τὴν

196 2069 439 2144 ἑϐδόμην
469 2074 710 2142 σύνοδον,
741 2079 835 2132 ἐπὶ
862 2080 961 2149 τῆς
992 2081 1273 2150 βασιλείας
1296 2083 1556 2154 Εἰρήνης,
1584 2084 1792 2153 παρόν-

195 2180 310 2216 των
359 2166 454 2217 καὶ
502 2165 829 2239 ἀρχιερέων,
882 2170 1168 2240 Ἀδριανοῦ
1216 2173 1376 2227 πάπα
1443 2172 1664 2245 Ῥώμης
1702 2172 1793 2228 διὰ

197 2253 615 2323 τοποτηρητῶν,
662 2256 756 2310 τοῦ
808 2258 1241 2333 Ἀλεξανδρείας,
1276 2262 1371 2317 τοῦ
1432 2264 1788 2336 Ἀντιοχείας,

207 2347 307 2399 καὶ
335 2346 551 2401 πολλῶν
588 2351 1021 2421 μητροπολιτῶν,
1067 2355 1219 2426 ὲῲων
1262 2375 1323 2411 τε
1371 2358 1466 2412 καὶ
1493 2360 1786 2429 ἑσπερίων,

195 2438 285 2492 διὰ
316 2440 419 2511 τὴν
459 2444 798 2512 χειροτονίαν
825 2446 921 2500 τοῦ
952 2451 1296 2520 πατριάρχου
1336 2452 1789 2505 Κωνσταντινου-

198 2530 410 2593 πόλεως
463 2533 739 2600 Ταρασίου
773 2536 867 2588 τοῦ
899 2538 1386 2606 Πρωτοσεϐαστοῦ,
1413 2543 1635 2611 γέγονεν
1683 2541 1789 2595 ὑπὸ

202 2622 419 2674 πάντων
452 2625 801 2697 πατριάρχης
858 2628 1270 2701 Ἀλεξανδρείας
1314 2636 1344 2686 6
1379 2635 1788 2705 μητροπολίτης

197 2710 624 2795 Θεσσαλονίκης,
680 2717 756 2779 ὥς
785 2735 920 2788 φησι
962 2721 1242 2793 Θεοψάνης
1289 2724 1317 2776 6
1349 2726 1712 2797 όμολογητὴς,
1759 2730 1788 2781 ὁ

200 2806 669 2877 μεγαλοαγρίτης.
706 2808 1066 2881 Πολὺκαρπος
1106 2815 1593 2888 Δεξανταπριστῶν
1614 2820 1659 2851 ⁸⁸
1687 2821 1786 2890 τῆς

195 2894 440 2959 Μυσίας,
479 2897 785 2970 μετηνέχθη
818 2902 898 2965 είς
921 2903 1220 2959 Νικόπολιν
1249 2909 1346 2976 τῆς
1383 2909 1627 2981 Θρᾴκης.
1667 2911 1787 2964 Ἐπὶ

195 2982 296 3051 τῆς
326 2983 608 3053 βασιλείας
644 2988 928 3043 Βασιλείου
960 2993 1055 3047 τοῦ
1089 2997 1423 3062 Μακεδόνος,
1452 3001 1733 3062 Βασίλειος
1758 3004 1787 3054 6

196 3072 423 3144 Κρήτης
463 3078 727 3149 μετετέθη
766 3080 847 3144 εἰς
890 3080 1292 3155 Θεσσαλονίκην
1326 3089 1476 3157 παρὰ
1520 3088 1782 3155 Ἱγνατίου

194 3166 565 3236 πατριάρχου,
626 3169 703 3233 ὡς
754 3173 1066 3244 γέγραπται
1122 3178 1181 3229 ἐν
1228 3176 1306 3246 τῷ
1336 3178 1437 3247 βίῳ
1481 3178 1574 3232 τοῦ
1615 3179 1782 3233 αὐτοῦ

1895 1993 1965 2048 lis
2009 1993 2223 2064 Cyzici,
2251 2010 2376 2049 cum
2428 1996 2840 2068 cpiscOpatibus
2892 1998 3033 2069 ejus,
3065 1999 3483 2071 archiepiscopo

1894 2080 2083 2152 Cypri.
2113 2080 2245 2137 Post
2275 2084 2565 2153 septimam
2610 2102 2743 2140 vero
2775 2089 3069 2157 synodum,
3104 2091 3206 2143 sub
3245 2091 3481 2161 imperio

1893 2174 2083 2240 Irente,
2120 2177 2484 2247 praesentibus
2537 2185 2592 2233 et
2639 2179 3013 2248 pontiﬁcibus,
3047 2181 3292 2239 Adriano
3339 2202 3480 2256 papa

1895 2266 2144 2322 Romano
2188 2285 2287 2339 per
2320 2270 2500 2325 locum
2538 2280 2807 2333 tenentes.
2847 2273 3247 2339 Alexandrino,
3287 2278 3480 2330 Antio-

1892 2360 2091 2425 chcno,
2126 2361 2426 2430 multisque
2469 2364 2929 2433 metropolitauis,
2954 2374 3067 2420 tam
3106 2366 3478 2424 Orientalibus

1891 2466 2055 2520 quam
2102 2448 2554 2509 Occidentalibus
2596 2455 2666 2509 ob
2706 2455 3112 2513 ordinationem
3151 2462 3480 2529 patriarchze

1892 2539 2493 2612 ConstantinOpolitani
2560 2544 2774 2600 Tarasii
2812 2586 2827 2609 ,
2889 2548 3043 2617 prius
3102 2547 3477 2608 Protosebasti

1890 2626 2070 2684 factus
2123 2641 2207 2685 est
2254 2632 2323 2687 ab
2369 2632 2630 2686 omnibus
2677 2635 3084 2692 Alexandrinus
3131 2640 3475 2707 patriarcha,

1889 2719 1983 2788 qui
2039 2717 2550 2777 Thessalonicensis
2605 2731 2725 2778 erat
2779 2728 3280 2796 metropolitanus.
3333 2732 3477 2787 sicut.

1890 2818 2079 2863 narrat
2132 2808 2501 2881 Theophanes
2551 2813 2860 2880 confessor,
2919 2832 3153 2888 magnus
3206 2820 3296 2875 ille
3340 2823 3475 2893 Agri

1890 2902 2202 2972 prricctus.
2301 2905 2641 2978 Polycarpus
2731 2912 3026 2981 episcopus
3116 2914 3477 2989 Dexantapri-

1889 2996 2095 3051 stensis
2118 2995 2138 3034 ί
2177 2998 2231 3051 in
2273 2996 2468 3069 Mysia,
2502 3001 2809 3057 translatus
2847 3016 2930 3060 est
2958 3006 3267 3077 Nicopolim
3298 3011 3474 3068 Thra-

1890 3085 2006 3139 ciae.
2050 3085 2355 3156 lmperante
2413 3092 2616 3147 Basilio
2675 3092 3008 3161 Macedone,
3062 3098 3300 3159 Basilius
3357 3107 3474 3176 epi-

1889 3190 2094 3246 scopus
2161 3177 2443 3237 Cretensis
2506 3184 2813 3241 translatus
2880 3199 2965 3245 est
3019 3189 3470 3252 Thessalonicam

208 3255 494 3324 Ἰγνατίου.
532 3258 786 3332 Ἰωάννης
824 3243 923 3335 τῆς
954 3266 1139 3336 Βαῖμᾶ
1177 3243 1477 3334 ἐπίσκοπος
1520 3271 1784 3343 μετετέθη

1890 3268 1959 3322 ab
1993 3243 2217 3340 lgnatio
2265 3275 2579 3342 patriarcha
2608 3316 2622 3341 ,
2677 3279 2822 3332 sicut
2872 3243 2932 3336 in
2977 3243 3471 3359 ejtlsde‘tnnl-p—na-til

194 3354 273 3416 είς
340 3354 753 3427 Ἀλεξάνδρειαν
803 3360 1153 3430 πατριάρχης
1209 3361 1305 3414 ἐπὶ
1358 3361 1460 3431 τῆς
1500 3362 1783 3430 βασιλείας

192 3443 427 3505 Λέοντος
478 3442 573 3497 τοῦ
630 3446 959 3516 Φιλοσόφου,
1012 3449 1108 3501 κα)⁵
1156 3447 1363 3503 Φωτίου
1416 3452 1782 3522 πατριάρχου.

194 3533 232 3586 Γ
239 3534 502 3605 ρηγόριος
560 3536 859 3602 ἐπίσκοπος
907 3540 1316 3610 Συρακουσίων,
1369 3542 1633 3612 μετετέθη
1700 3544 1783 3607 είς

192 3624 457 3681 Νίκαιαν.
492 3628 605 3681 Kal
660 3629 918 3700 Ἰωάννης
945 3631 1249 3701 Λαρίσσης,
1299 3633 1563 3703 μετετέθη
1607 3634 1689 3698 είς
1710 3634 1782 3688 τὰ

192 3716 428 3772 Σύναδα.
471 3720 581 3773 Kal
624 3722 976 3792 Ἀμφιλόχιος
1011 3723 1277 3787 Κυζίκου,
1316 3726 1394 3788 είς
1416 3726 1674 3781 Νίκαιαν.
1723 3726 1781 3781 '0

192 3805 433 3877 Μάκρης
459 3807 737 3881 Θεόδωρος
769 3812 1035 3882 μετετέθη
1061 3814 1140 3876 είς
1168 3813 1511 3869 Λαοδίκειαν.
1539 3816 1651 3869 Καὶ
1678 3816 1781 3871 Νί-

193 3912 306 3950 κων
358 3898 463 3967 τῆς
516 3898 689 3969 αὐτῆς
742 3900 957 3964 πόλεως
1013 3902 1343 3969 ἐπίσκοπος,
1396 3905 1660 3976 μετετέθη
1700 3909 1781 3970 είς

203 3988 528 4059 Ἱεράπολιν.
580 3992 691 4044 Καὶ
728 3995 759 4046 6
787 3994 884 4062 τῆς
916 3995 977 4046 ὲν
1028 3994 1239 4048 Ἐλλάδι
1270 3996 1621 4059 Νικοπόλεως
1654 4000 1779 4053 ἐπί-

196 4095 400 4144 σκοπος
448 4083 676 4153 Δανιὴλ,
731 4085 993 4157 μετετέθη
1042 4088 1123 4149 είς
1156 4088 1438 4158 Ἄγκυραν
1476 4089 1575 4158 τῆς
1604 4090 1778 4145 Γαλα-

194 4172 339 4233 τίας.
374 4174 488 4226 Kal
522 4173 751 4244 Συμεὼν
779 4176 809 4228 6
841 4176 997 4230 Νέων
1027 4177 1258 4245 Πατρῶν
1292 4180 1610 4246 ἐπίσκοπος,
1648 4199 1776 4251 μετ-

196 4264 361 4333 ετέθη
400 4266 483 4327 είς
508 4266 858 4322 Λαοδίκειαν.
901 4269 1025 4322 Ἐπὶ
1049 4270 1148 4339 τῆς
1182 4270 1460 4340 βασιλείας
1498 4273 1778 4342 Ῥωμανοῦ

195 4352 290 4405 τοῦ
319 4354 679 4422 Λακαπηνοῦ,
711 4358 936 4425 ἐγένετο
963 4362 1312 4432 πατριάρχης
1342 4365 1780 4420 Κωνσταντινου-

195 4446 407 4509 πόλεως
437 4448 707 4517 Στέφανος
739 4450 1015 4521 εὐνοῦχος,
1047 4454 1077 4504 6
1119 4453 1414 4523 Ἀμασείας
1450 4460 1779 4528 μητροπολίο

1887 3355 2011 3413 Vita
2039 3362 2305 3432 scriptum
2336 3373 2440 3419 est.
2459 3364 2704 3424 Joannes
2734 3371 3028 3444 episcopus
3052 3374 3271 3444 Baim-r,
3292 3355 3472 3437 trans-

1887 3452 2031 3506 latus
2086 3463 2173 3508 est
2220 3455 2633 3525 Alexandriam,
2677 3469 2735 3516 ut
2785 3473 2933 3520 esset
2978 3470 3314 3538 patriarcha,
3364 3478 3469 3531 sub

1885 3542 2119 3613 imperio
2163 3545 2364 3603 Leonis
2417 3550 2761 3623 Philosophi,
2796 3564 2850 3610 et
2896 3557 3075 3614 Photii
3121 3566 3468 3630 patriarchae.

1884 3633 2180 3706 Gregorius
2227 3642 2522 3712 cpiscopus
2568 3644 2985 3717 Syracusanus,
3035 3657 3333 3712 translatus
3381 3670 3467 3717 cst

1882 3723 2141 3783 Nicaeam.
2202 3729 2262 3783 Et
2312 3730 2555 3790 Joannes
2605 3736 2979 3807 Larissenus,
3034 3747 3335 3805 translatus
3381 3763 3467 3807 est

1886 3815 2126 3889 Syuada.
2189 3820 2256 3875 Et
2313 3822 2732 3892 Amphilochius
2784 3828 3089 3900 Cyziceuus
3127 3876 3142 3899 ,
3199 3835 3462 3893 Nica‘am.

1884 3908 2188 3980 Episcopus
2235 3911 2431 3968 Macra}
2455 3913 2800 3985 Theodorus,
2852 3924 3153 3981 translatus
3191 3939 3274 3983 est
3319 3928 3464 3985 Lao-

1882 4000 2112 4058 diceam.
2187 4002 2254 4057 Et
2310 4006 2557 4073 ejusdem
2642 4011 2882 4066 civitatis
2936 4017 3229 4087 episcopus
3285 4019 3462 4087 Nico,

1882 4093 2184 4149 translatus
2214 4105 2298 4150 est
2329 4096 2684 4167 Hierapolim.
2716 4101 2781 4154 Et
2810 4104 2862 4156 iu
2893 4104 3102 4160 Grarcia
3143 4111 3261 4165 sita:
3295 4111 3461 4168 Nico—

1883 4184 2023 4253 polis
2047 4188 2341 4257 episcopus
2374 4188 2585 4253 Daniel,
2618 4195 2920 4251 translatus
2947 4206 3033 4253 est
3054 4198 3326 4273 Ancyram
3358 4206 3466 4260 Gn-

1885 4274 2052 4329 latiae.
2082 4275 2144 4329 Et
2177 4276 2415 4348 Sytneon
2456 4279 2850 4351 Neopatrensis
2878 4289 3192 4360 episcopus,
3226 4297 3465 4351 transla-

1881 4375 1973 4423 tus
2019 4376 2103 4424 est
2146 4369 2498 4428 Laodiceam.
2529 4374 3120 4445 lmperantellomano
3147 4382 3461 4457 Lacapeuo,

1883 4457 2063 4515 factus
2125 4471 2209 4517 est
2262 4465 2576 4532 patriarcha
2627 4467 3276 4541 Constantinopolitauus
3337 4477 3459 4534 Stc-

194 4555 316 4609 της.
366 4539 480 4592 Καὶ
523 4542 554 4593 6
601 4542 850 4611 ἀοίδιμος
891 4543 1145 4613 βασιλεὺς
1188 4545 1355 4613 κῦρος
1397 4548 1710 4619 Νικηφόρος
1749 4554 1776 4603 ό

1889 4554 2102 4622 phanus
2155 4558 2487 4623 eunuchus,
2551 4560 2794 4616 Amaseae
2854 4567 3331 4635 uietropolitanus.
3399 4573 3463 4625 Et

193 4631 412 4694 Φωκᾶς,
445 4630 556 4684 ἀπὸ
585 4632 685 4701 τῆς
727 4634 1032 4703 Φλαμιάδος
1049 4636 1091 4667 ’τ
1114 4636 1337 4703 ἀγαγὼν
1362 4638 1451 4691 τὸν
1475 4640 1774 4694 ἐπίσκοπον

198 4721 520 4786 Εὐστάθιον,
578 4726 733 4794 κοινῇ
772 4725 937 4795 ψήφῳ
981 4727 1204 4798 ἐποίησε
1245 4730 1592 4801 πατριάρχην
1652 4733 1772 4785 ’Λν-

195 4816 433 4886 τιοχείας
460 4816 561 4888 τῆς
595 4818 858 4888 μεγάλης.
899 4818 1021 4871 Ἐπὶ
1043 4820 1140 4889 τῆς
1181 4819 1455 4889 βασιλείας
1489 4823 1773 4877 Βασιλείου

195 4907 288 4958 τοῦ
309 4907 828 4985 Πορφυρογεννήτου
856 4908 1012 4977 ἐδόθη
1038 4908 1116 4978 τῷ
1146 4912 1515 4984 μητροπολίτῃ
1545 4915 1776 4985 Πατρῶν

197 4998 230 5066 η
264 4997 546 5067 ἑπισκοπὴ
580 4979 870 5069 Κορίνθου,
902 4999 978 5062 ὡς
1006 4979 1217 5070 γράφει
1235 4979 1270 5055 6
1288 4979 1617 5067 Σεὸαστείας
1640 4979 1774 5059 6εά-

194 5091 386 5162 δωρος,
414 5091 510 5144 καὶ
530 5091 683 5145 Λέων
705 5091 976 5146 Συνάδων.
1006 5094 1128 5147 Ἐπὶ
1154 5096 1251 5164 τῆς
1277 5095 1448 5166 αὐτῆς
1471 5098 1771 5167 βασιλείας,

200 5181 344 5235 κατὰ
371 5180 474 5251 τὴν
509 5179 603 5234 τοῦ
632 5180 879 5251 Σκληροῦ
904 5183 1260 5249 ἀποστασίαν,
1293 5184 1369 5247 ὡς
1393 5187 1593 5257 γράφει
1622 5190 1651 5242 ὁ
1672 5190 1771 5243 αὑ-

195 5272 285 5334 τὸς
318 5271 612 5343 Θεόδωρος,
660 5273 923 5341 Ἀγάπιος
963 5277 993 5328 ὁ
1034 5275 1355 5341 Σελευκείας
1394 5273 1499 5350 τῆς
1546 5282 1771 5351 Πιερίας

1886 4645 2121 4717 inclytus
2164 4648 2462 4716 imperator
2500 4643 2612 4710 ille.
2642 4652 2903 4708 dominus
2942 4655 3287 4728 Nicepltorus
3324 4665 3467 4719 Pho-

1885 4744 2002 4793 cas,
2030 4730 2344 4786 Phlamiatle
2362 4737 2387 4774 ⁸
2411 4734 2707 4792 deductum
2736 4741 3085 4800 Eustathium
3117 4753 3461 4822 episcopum,

1884 4824 2161 4877 communi
2207 4825 2428 4881 decreto
2475 4831 2847 4897 patriarcham
2897 4849 3107 4907 magnae
3150 4841 3299 4896 illius
3346 4845 3462 4900 An-

1883 4913 2097 4968 tiochiaa
2134 4914 2285 4969 fecit.
2309 4914 2616 4986 lmperante
2647 4919 2850 4976 Basilio
2888 4924 2944 4978 in
2990 4929 3263 5001 porphyra
3309 4946 3459 4999 nam,

1882 5005 2045 5060 datus
2083 5018 2166 5062 cst
2206 5010 2629 5079 metropolitano
2673 5011 2924 5072 Patrensi
2964 5021 3316 5092 episc0patus
3361 5028 3461 5082 Cu-

1884 5098 2141 5163 rinthius,
2178 5109 2240 5152 ut
2275 5102 2465 5156 scribit
2488 5103 2782 5174 episc0pus
2812 5106 3088 5166 Sebastea:
3115 5112 3456 5179 Theodorus.

1882 5202 1936 5245 et
1966 5190 2077 5245 Leo
2105 5189 2460 5262 Synadensis.
2504 5192 2619 5249 Sub
2644 5195 2892 5265 ejusdem
2920 5202 3175 5271 imperio,
3213 5215 3461 5279 tempore

1881 5282 2210 5338 defectionis
2250 5282 2443 5350 Scleri,
2475 5286 2619 5341 sicut
2668 5287 2808 5343 idem
2846 5291 2935 5347 ille
2966 5293 3288 5354 Theodorus
3337 5319 3453 5358 me-

1500 5444 1732 5504 νΑιιιΑε
1772 5450 2178 5509 LECTIONES.

268 5576 393 5666 31.:
417 5576 790 5666 :pisg'pngo;
810 5581 1108 5666 ἐπίσκοπος
1272 5588 1460 5666 ἀρκῶν
1488 5590 1590 5661 τῆς
1607 5595 1884 5666 Δ(ροινίκης.

199 5645 302 5714 λιν,
338 5645 644 5717 Σαλαὸρίαν
677 5651 1045 5724 καλουμένην.
1087 5645 1100 5649 ’
1124 5657 1169 5688 ⁸³
1205 5645 1525 5729 Ἀγδαμίας.

1962 5595 2489 5675 ⁶¹ι⁹Ελενουπόλεωφ
2564 5602 2608 5633 ⁶²
2644 5600 2947 5675 Ἀσπώναν.
3020 5604 3073 5675 7⁸⁸
3105 5605 3274 5675 Εὑδοξ
3296 5610 3455 5667 oxim-

1603 5664 1647 5695 “
1687 5664 2111 5721 Πλωτινόπολιν.
2190 5668 2233 5700 ⁸⁸
2257 5669 2316 5733 ἐξ
2339 5671 2744 5741 άνταπριστῶν.
2822 5675 2864 5704 ⁵⁷
2886 5674 3202 5740 Φλαδιάδος.

271 5766 1146 5863 f'tll."Rfv-¢I€JJJJEJS923693119{Jb
1183 5779 1332 5834 Areis
1364 5779 1663 5863 Plueuicim,
1698 5795 1746 5863 et
1778 5795 1904 5863 crat.
1958 5786 2236 5863 campana.
2312 5787 2338 5828 ἀ
2366 5788 2795 5859 Ετιάοαὶοροίίηι,
2831 5808 2948 5863 qua:
2971 5792 3222 5851 Salabria
3238 5800 3455 5859 dicitur.

209 5848 228 5873 ε
264 5841 336 5891 al.
378 5840 752 5909 u'sAgdamta.

466 5936 731 5993 lnam.
783 5937 878 5997 Gn
950 5942 1142 6001 CXIX

836 5842 850 5881 ί
888 5847 961 5898 al.
990 5847 1318 5920 Polycarpus
1336 5868 1399 5905 ex
1441 5842 1762 5922 Antapristis
1806 5867 1826 5903 ὃ
1852 5858 1923 5910 al.
1963 5844 2230 5911 Fieriallc.

3056 5958 3127 6017 ΞΩ
