4176 6446
709 413 812 475 907

2041 410 2176 471 JUS
2215 411 2536 470 CANONIC
2554 413 2663 471 ΠΜ

3864 421 3963 478 908

710 531 901 581 muriae
955 526 1154 593 prodit,
1192 525 1437 594 Agapius
1484 526 1934 597 archiepisc0pus
1988 529 2269 594 Seleucexe,

2387 531 2845 600 ἁρχιεπίσκοπος,
2879 528 3085 596 ’γέγονε
3139 528 3482 599 πατριάρχης
3550 528 3960 600 Ἰεροσολύμων.

708 617 948 671 civitatis
980 617 1036 668 in
1069 613 1248 668 Pieria
1279 617 1416 678 sitae,
1453 615 1628 672 factus
1661 629 1745 672 est
1782 618 2279 686 Hierosolymorum

705 708 1016 779 patriarcha
1054 726 1065 759 :
1101 707 1193 776 qni
1249 707 1389 760 hanc
1438 711 1489 761 in
1539 709 1724 764 urbem
1777 711 2073 780 profectus,
2122 712 2282 764 mini-

705 803 936 856 sterium
1000 815 1220 855 sacrum
1274 801 1445 854 obivit
1484 817 1590 855 una
1643 818 1764 856 cum
1802 804 2116 858 beatissimo
2156 820 2280 858 san-

703 896 1064 964 ctissimoque
1115 895 1450 964 patriarcha,
1503 895 1724 949 domino
1767 895 2008 962 Nicolao,
2055 909 2107 952 et
2154 914 2276 951 cum

703 1003 860 1043 sacra
913 988 1142 1056 synodo.
1191 987 1503 1041 Celestinus
1553 1002 1691 1056 papa
1747 987 2028 1044 Romanus
2087 991 2278 1044 scribit

701 1080 953 1150 epistolis
984 1081 1160 1132 tribus
1205 1078 1272 1130 ad
1319 1078 1581 1149 Cyrillum
1625 1080 2074 1143 Alexandrinum,
2105 1080 2274 1134 Joan-

701 1187 825 1225 nem
860 1170 1287 1233 Antiochenum,
1311 1168 1513 1223 Rufum
1530 1169 2099 1236 Thessalonicensem,
2125 1172 2274 1226 nullo

701 1261 862 1312 modo
913 1259 1217 1314 vanonibus
1266 1260 1544 1314 adversari
1591 1261 2010 1313 translationem
2061 1261 2274 1329 episco-

700 1366 936 1418 porum,
981 1350 1049 1403 ab
1117 1365 1225 1403 una
1290 1350 1508 1402 civitate
1562 1348 1613 1402 in
1668 1349 1868 1411 aliam,
1920 1349 2274 1418 quemadmo-

697 1445 826 1496 dum
855 1441 1145 1496 Sozomeni
1180 1441 1322 1496 ﬁlius
1354 1440 1601 1495 Hermias
1634 1441 1730 1495 ait.
1761 1441 1972 1510 Quippe
2023 1442 2273 1510 migratio

694 1535 971 1604 prohibita
1021 1532 1174 1596 esth,
1219 1549 1328 1586 non
1378 1534 1686 1586 translatio.
1730 1532 1988 1588 Silvanus
2037 1534 2125 1586 ille
2167 1532 2270 1585 mi-

695 1629 1010 1680 raculorum
1058 1625 1242 1694 opifex
1287 1638 1314 1676 a
1352 1624 1718 1694 Philippopoli
1751 1625 2000 1679 Thraciae
2035 1624 2269 1678 transla-

697 1726 785 1769 tus
821 1722 907 1769 est
942 1712 1234 1768 Troadem.
1271 1712 1551 1767 Eudoxius
1583 1716 1923 1769 Antiochiam
1972 1715 2270 1769 translatus

694 1821 760 1858 ex
821 1801 1168 1869 Germanica,
1219 1802 1397 1859 factus
1437 1815 1519 1860 est
1565 1806 1724 1859 etiam
1763 1806 2071 1873 patriarcha
2121 1803 2268 1857 Conv

2389 623 2486 685 Ὃς
2516 621 2769 674 εἰσελθὼν
2788 619 3038 682 ἐνταῦθα,
3066 621 3551 690 συνελειτούργησε
3581 623 3659 690 τῷ
3681 641 3962 692 μακαριω-

2381 716 2526 779 τάτῳ
2563 714 2654 766 καὶ
2687 713 2976 782 ἁγιωτάτῳ
3021 713 3335 784 πατριάρχῃ
3376 714 3529 784 κυρῷ
3567 713 3842 783 Νικολάῳ,
3871 715 3962 768 καὶ

2378 807 2444 873 τῇ
2474 806 2594 874 ἱερᾷ
2636 805 2854 874 συνόδῳ.
2897 804 2956 855 '0
3001 803 3223 874 Ῥώμης
3257 805 3445 867 πάπας
3469 805 3799 866 Κελεστίνος
3824 822 3957 872 γρα-

2380 912 2468 962 φει
2499 895 2564 947 δι’
2595 894 2896 947 ἐπιστολῶν
2926 895 3093 963 τριῶν
3141 895 3278 964 πρός
3326 911 3384 946 τε
3413 895 3504 948 τὸν
3548 895 3958 964 Ἀλεξανδρείας

2381 987 2668 1058 Κύριλλον,
2735 988 2988 1057 Ἰωάννην
3035 986 3128 1038 τὸν
3185 986 3540 1055 Ἀντιοχείας,
3578 990 3674 1040 καὶ
3731 986 3958 1054 Ῥοῦφον

2372 1077 2794 1146 Θεσσαλονίκης,
2851 1078 3222 1148 καταμηδέντι
3258 1078 3656 1147 προσίστασθαι
3700 1081 3817 1141 τοῖς
3859 1096 3956 1130 κα-

2376 1166 2491 1219 νόσι
2543 1167 2639 1236 τὴν
2690 1167 3023 1234 μετάστασιν
3071 1169 3179 1220 τῶν
3228 1159 3567 1231 ἐπισκόπων,
3619 1171 3728 1221 ἀπὸ
3762 1170 3954 1238 ἐτέρας

2375 1259 2582 1320 πόλεως
2607 1261 2686 1321 εἰς
2719 1261 2932 1329 ἑτέραν,
2966 1261 3040 1323 ὡς
3073 1262 3101 1312 6
3126 1261 3445 1330 Σωςομενοῦ
3476 1263 3625 1329 λέγει
3672 1263 3954 1330 Ἑρμείας.

2378 1352 2497 1404 Ὅτι
2537 1352 2570 1420 ἡ
2606 1351 2904 1420 μετάϐασις
2938 1351 3268 1414 κεκώλυται,
3312 1353 3373 1404 οὐ
3426 1353 3532 1421 μὴν
3562 1354 3594 1420 ἡ
3641 1351 3953 1420 μετάθεσις.

2376 1442 2633 1506 Σιλϐανὸς
2664 1445 2690 1496 6
2721 1443 3134 1513 θαυματουργδς
3179 1443 3289 1496 ἀπὸ
3336 1443 3824 1506 Φιλιππουπῶεως
3861 1445 3955 1512 τῆς

2374 1533 2432 1583 ὲν
2483 1533 2698 1603 Θρᾴκῃ,
2732 1535 2811 1597 είς
2863 1534 3116 1603 Τρωάδα.
3169 1533 3421 1598 Εὑδόξιος
3456 1536 3484 1586 6
3531 1535 3849 1603 μετατεθεὶς
3889 1537 3952 1585 ἐκ

2374 1623 2720 1692 Γερμανικῆς
2767 1625 2846 1686 είς
2907 1625 3261 1694 Ἀντιόχειαν,
3295 1627 3515 1693 ἐγένετο
3549 1627 3643 1678 καὶ
3683 1626 3956 1694 πατριάρο

2373 1734 2475 1786 χης
2518 1719 3176 1783 Κωνσταντινουπόλεως,
3232 1720 3486 1789 Ἰωάννης
3528 1723 3555 1772 6
3597 1721 3953 1783 Κωδωνᾶτος,

2378 1808 2640 1877 μετετέθη
2672 1810 2780 1861 ἀπὸ
2813 1809 2906 1862 τοῦ
2961 1811 3359 1879 πατριάρχείου
3408 1810 3507 1881 τῆς
3540 1811 3786 1878 μεγάλης
3838 1812 3955 1862 ‘Avo

697 1895 1250 1963 stantinopolitarms.’
1298 1893 1534 1958 Joannes
1590 1892 1902 1947 Codonatus
1948 1907 1979 1946 a
2032 1893 2268 1960 patriar-

2374 1896 2628 1965 τιοχείας,
2681 1897 2760 1958 είς
2807 1897 2904 1966 τὴν
2946 1899 3280 1968 μητρόπολιν
3321 1899 3508 1967 Τόρων
3532 1899 3596 1930 ⁸⁸·
3633 1901 3727 1952 καὶ
3770 1898 3954 1951 πολλοὶ

696 1985 864 2037 chatu
913 1999 1122 2051 magnae
1176 1983 1322 2036 illius
1369 1983 1668 2037 Antiochiae
1717 1985 2020 2038 translatus
2066 1991 2149 2038 est
2201 1983 2268 2036 ad

697 2076 1042 2144 metropolim
1089 2073 1457 2128 Torensemi.
1517 2076 1729 2145 Aliique
1782 2077 1964 2144 plures
2019 2075 2086 2128 ad
2134 2073 2270 2128 alias

697 2174 861 2234 atque
909 2165 1066 2219 alias.
1101 2164 1157 2218 In
1198 2165 1392 2219 diebus
1438 2173 1614 2218 autem
1659 2167 1836 2219 sancti
1879 2165 2057 2220 Patris
2092 2170 2269 2222 nostri

695 2256 897 2310 NlCCllB
932 2259 1260 2325 patriarchae
1299 2257 1914 2326 Constantinopolitani,
1961 2261 2269 2314 monachus

697 2349 787 2399 ille
829 2344 1186 2400 Pcutactenes
1238 2353 1290 2400 et
1341 2347 1637 2410 Pentailas,
1685 2347 1917 2416 primum
1949 2364 1978 2402 a
2013 2348 2268 2404 Hosianis

696 2439 1000 2491 translatus
1062 2445 1146 2490 est
1217 2437 1283 2490 ad
1333 2437 1866 2506 archiepiscopatum
1931 2438 2264 2494 Lemnium:

695 2529 894 2583 deinde
923 2529 1046 2582 data
1068 2536 1154 2582 est
1186 2529 1347 2581 etiam
1368 2529 1414 2582 ei
1437 2527 1715 2584 Maronea.
1744 2530 2048 2599 lmperante
2079 2533 2269 2587 Alexio

694 2624 1021 2682 (lomneno,
1075 2620 1248 2674 Sabas
1315 2622 1609 2690 episcopus
1667 2621 1930 2678 Caesarea:
1987 2623 2265 2694 Philippi,

690 2713 876 2766 factus
946 2722 1026 2766 est
1085 2711 1589 2782 Hierosolymorum
1658 2715 1973 2781 patriarcha
2043 2727 2097 2770 et
2162 2720 2268 2772 huc

697 2805 1013 2875 prolectus,
1065 2805 1234 2858 obivit
1293 2803 1660 2858 ministerium
1707 2821 1924 2861 sacrum
1983 2823 2087 2862 una
2142 2824 2266 2863 cum

697 2896 1053 2954 sanctissimo
1099 2895 1410 2964 patriarcha
1459 2896 1703 2964 Nicolao,
1743 2907 1795 2953 et
1840 2900 2072 2970 synodo.
2103 2899 2268 2957 Nico-

698 2992 819 3045 laus
864 2990 1098 3053 llluzalo,
1141 3003 1263 3043 cum
1310 2998 1428 3043 erat
1473 2990 1919 3061 archiepiscopus
1956 2991 2143 3062 Cypri,
2176 3008 2266 3048 re-

697 3079 970 3136 nuntiavit
1018 3079 1069 3133 ei
1115 3082 1316 3132 throno
1354 3093 1368 3130 ε
1405 3078 1640 3147 dataque
1682 3089 1765 3134 est
1806 3081 1856 3134 ei
1901 3083 2112 3137 mansio
2133 3083 2269 3138 Cos-

694 3173 874 3236 midii,
910 3169 997 3225 cui
1028 3168 1245 3240 prmfuit
1307 3169 1535 3224 annis...
1568 3169 1769 3227 deinde
1793 3171 1969 3229 factus
1997 3185 2080 3229 est
2099 3178 2264 3229 etiam

2371 1981 2569 2051 ἕτεροι,
2619 1985 2700 2044 είς
2746 1981 2912 2046 άλλας
2959 1985 3052 2036 καὶ
3090 1985 3276 2046 ἄλλας.
3329 1981 3450 2035 Ἐπὶ
3475 1983 3536 2036 δὲ
3565 1984 3676 2036 τῶν
3731 1985 3954 2054 ήμερῶν

2371 2071 2466 2124 τοῦ
2496 2073 2644 2125 ὁσίου
2693 2073 2904 2144 Πατρδς
2954 2075 3114 2144 ἡμῶν
3155 2075 3373 2144 Νικήτα
3415 2076 3760 2144 πατριάρχου
3798 2078 3954 2129 Κων-

2373 2161 2897 2228 σταντινουπόλεως,
2942 2165 2970 2216 6
3001 2163 3233 2234 μοναχδς
3274 2165 3648 2235 Πεντακτένης
3683 2168 3778 2217 καὶ
3823 2168 3955 2218 ﬂev-

2369 2252 2580 2314 ταῖλᾶς,
2631 2252 2739 2306 ἀπὸ
2788 2251 3097 2307 Ῥωσιάνων
3139 2255 3406 2324 πρότερον
3439 2255 3702 2324 μετετέθη
3752 2258 3835 2319 είς
3859 2258 3954 2327 τὴν

2370 2342 2803 2414 άρχιεπισκοπὴν
2834 2344 3056 2414 Λῆμνον
3081 2363 3094 2377 ·
3136 2341 3256 2399 εἶτα
3282 2347 3436 2416 ἐδόθη
3475 2347 3623 2415 αὐτῷ
3649 2348 3745 2401 καὶ
3773 2350 3805 2417 ἡ
3832 2350 3952 2401 Μα-

2374 2434 2593 2503 ρώνεια.
2638 2435 2759 2487 Ἐπὶ
2798 2439 2898 2506 τῆς
2930 2436 3206 2505 βασιλείας
3252 2439 3490 2502 Ἀλεξίου
3525 2439 3620 2490 τοῦ
3649 2441 3943 2509 Κομνηνοῦ

2370 2522 2548 2586 Σάϐας
2593 2525 2929 2596 Καισαρείας
2969 2527 3067 2596 τῆς
3112 2527 3415 2594 Φιλίππου,
3449 2529 3640 2598 γέγονε
3681 2532 3957 2600 πατριάρ-

2369 2631 2471 2684 χης
2515 2615 2904 2688 Ἱεροσολύμων
2923 2635 2936 2649 ·
2957 2620 3052 2670 καὶ
3083 2619 3254 2672 ἐλθὼν
3285 2621 3542 2685 ἐνταῦθα,
3582 2622 3956 2692 συνελειτούρ-

2369 2726 2506 2778 γησε
2571 2711 2649 2781 τῷ
2710 2713 2998 2782 ἁγιωτάτῳ
3050 2714 3366 2785 πατριάρχῃ
3414 2715 3670 2792 Νικολάῳ
3734 2717 3830 2768 καὶ
3885 2720 3955 2786 τῇ

2371 2801 2594 2872 συνόδῳ.
2635 2803 2904 2867 Νικόλαος
2937 2808 2964 2857 6
3006 2806 3330 2870 Μουςάλων,
3374 2808 3810 2877 άρχιεπίσκοπος
3843 2809 3955 2859 Κύ-

2370 2909 2509 2962 πρου
2553 2893 2863 2962 γενόμενος,
2915 2897 3271 2966 παρῃτήσατο
3318 2897 3409 2950 τὸν
3465 2898 3654 2968 θρόνον
3699 2900 3800 2966 τῆς
3845 2899 3959 2950 Κύ-

2370 3001 2545 3054 πρου*
2582 2985 2680 3038 καὶ
2712 2985 2867 3056 ἐδόθη
2901 2986 3050 3056 αὑτῷ
3094 2989 3127 3056 ἡ
3180 2987 3315 3059 μονὴ
3357 2987 3454 3041 τοῦ
3502 2989 3823 3058 Κοσμιδίου,
3862 2990 3960 3042 καὶ

2371 3076 2609 3146 προέστη
2660 3076 2834 3145 αὐτῆς
2872 3079 2966 3130 ἐπὶ
3016 3079 3252 3148 χρόνοις.
3288 3121 3303 3135 .
3353 3119 3368 3134 .
3407 3119 3422 3134 .
3458 3118 3474 3133 .
3515 3080 3708 3132 ἔπειτα
3761 3082 3959 3150 γέγονε

2369 3165 2466 3218 καὶ
2519 3166 2864 3236 πατριάρχης
2927 3168 3580 3233 Κωνσταντινουπόλεως.
3656 3171 3781 3223 Ἐπὶ
3857 3171 3958 3224 τοῦ

695 3263 1002 3334 patriarcha
1042 3261 1710 3330 Constantinopolitanus.
1757 3263 1868 3319 Sub
1911 3267 2264 3323 sanctissimo

2374 3260 2672 3326 άγιωτάτου
2696 3261 3056 3333 πατριάρχου,
3083 3264 3252 3334 κυροῦ
3274 3265 3516 3336 Μιχαὴλ,
3545 3267 3956 3335 συμπαρόντων

694 3354 1030 3424 patriarcha,
1078 3352 1303 3407 domino
1353 3350 1632 3418 Michaele,
1682 3357 2047 3424 prasentibus
2100 3360 2266 3412 etiam

694 3449 1060 3512 Antiocheno,
1116 3456 1172 3502 et
1229 3446 1740 3518 Hierosolymitano,
1791 3456 1846 3502 et
1902 3450 2267 3517 imperatoriis

695 3539 1130 3610 magistratibus,
1165 3539 1219 3592 in
1258 3537 1485 3608 synodo,
1513 3538 1740 3593 Michael
1789 3540 2010 3609 quidam
2064 3556 2267 3594 renun-

695 3635 866 3689 tiatus
926 3630 1217 3700 episcopus
1267 3631 1548 3694 Amaseae,
1597 3633 1688 3701 qui
1748 3631 1944 3686 deinde
2010 3643 2267 3702 tanquam

694 3738 897 3778 vacans
925 3729 1213 3789 acceperat
1250 3720 1544 3791 Ancyram,
1577 3720 1695 3776 loco
1737 3720 1884 3776 illius
1911 3721 2266 3776 Cerasuntem

695 3813 998 3867 translatus
1056 3810 1179 3878 fuit,
1213 3812 1373 3880 cujus
1404 3813 1602 3866 throno
1643 3813 1845 3880 potitus
1891 3820 1994 3876 est,
2028 3812 2093 3866 ad
2130 3811 2268 3866 infe-

695 3906 842 3959 riora
867 3902 1143 3958 detrusus.
1170 3900 1508 3971 Nicephorus
1537 3902 1991 3971 metrOpolitanus
2015 3901 2264 3971 Gangrte,

694 3997 876 4051 factus
913 3997 1061 4065 prior
1088 3993 1372 4056 Cosmidii,
1418 4001 1677 4062 tanquam
1706 4007 1925 4058 vacans,
1972 3995 2180 4062 accepit
2214 4005 2269 4048 et

695 4087 1046 4156 metropolim
1104 4085 1421 4140 Amastrim.
1471 4084 1958 4154 Leontopolitanus
2015 4086 2263 4156 accepit,

696 4189 757 4235 ut
808 4195 1035 4240 vacans,
1089 4176 1515 4246 Arcadiopolim.
1569 4176 1869 4246 Episcopus
1915 4177 2135 4248 Athyra:
2179 4191 2266 4232 ac-

697 4273 842 4341 cepit
880 4269 1299 4340 Sergentzami.
1350 4266 1784 4338 Axioliolitanok
1839 4271 2089 4333 vacanti,
2143 4270 2267 4325 data

697 4363 936 4428 primum
981 4370 1064 4415 est
1107 4361 1329 4430 Abydus
1367 4379 1380 4416 :
1425 4370 1613 4430 postea
1663 4378 1810 4427 vero,
1859 4365 2022 4417 etiam
2068 4363 2265 4432 Apros.

700 4453 975 4522 Episcopo
1033 4453 1237 4505 Alania:
1293 4451 1416 4504 data
1485 4461 1567 4505 est
1626 4451 2005 4522 Soteriopolis.
2075 4453 2268 4507 Petrus

698 4543 932 4611 Mongus
982 4542 1239 4593 mandato
1285 4541 1468 4596 Acacii
1514 4542 1835 4609 patriarcha:
1879 4544 2266 4597 Constantino-

699 4633 950 4702 politani,
997 4634 1295 4685 translatus
1336 4642 1417 4686 est
1464 4633 1531 4685 ab
1579 4633 1862 4687 Euchaitis
1911 4634 1976 4686 ad
2031 4629 2266 4704 paﬂiar-

700 4726 922 4779 chatum
959 4724 1403 4777 Alexandrinum.
1432 4722 1726 4779 Narcissus
1766 4724 2265 4796 Hierosolymorum

699 4817 1055 4889 patriarcha,
1110 4830 1174 4869 ex
1226 4817 1538 4885 episcopatu
1595 4816 1875 4870 Fladiadi1
1931 4819 2025 4887 qui
2082 4818 2269 4873 subest

701 4908 986 4978 metropoli
1011 4905 1290 4970 Navarzaa,
1312 4907 1536 4961 abduxit
1562 4908 1736 4961 virum
1761 4917 2011 4962 sanctum
2037 4908 2270 4963 Alexan-

701 5002 859 5054 drum
915 5008 969 5054 et
1001 4999 1505 5069 Hierosolymorum
1558 5000 1923 5070 patriarcham
1971 5001 2264 5064 ordinavit,

701 5093 1005 5161 imperante
1074 5090 1384 5146 Alexandro
1426 5091 1661 5146 Mamaeae
1711 5092 1846 5156 tilio,
1894 5095 2032 5148 sicut
2097 5094 2272 5163 inquit

700 5184 975 5239 Eusebius
1004 5183 1375 5254 Pamphilides
1423 5185 1539 5240 suis
1570 5186 1624 5239 in
1657 5186 1900 5240 historiis
1927 5185 2273 5240 ecclesiasti-

701 5275 806 5338 cis,
847 5288 909 5327 ac
939 5289 1047 5328 non
1081 5276 1136 5329 in
1163 5275 1304 5329 libro
1336 5269 1829 5330 Demonstrationis
1857 5275 2265 5330 ecclesiastica.

699 5363 780 5418 Ex
827 5365 1016 5420 eodem
1068 5367 1384 5435 episc0patu
1466 5366 1738 5422 Fladiadis
1791 5367 2043 5420 dominus
2114 5366 2271 5420 Nice-

700 5458 906 5525 phorus
960 5457 1209 5523 Phocas,
1274 5459 1550 5512 communi
1613 5459 1833 5512 decreto
1895 5473 1990 5524 per
2050 5469 2267 5510 auream

2369 3353 2595 3405 καὶτοῦ
2665 3355 3018 3424 Ἀντιοχείας,
3068 3357 3302 3410 καὶτοῦ
3373 3357 3794 3427 Ἰεροσολύμων,
3862 3359 3960 3411 καὶ

2368 3444 2645 3514 ἀρχόντων
2678 3445 2992 3514 βασιλικῶν,
3026 3447 3340 3512 συνοδικῶς,
3373 3448 3593 3518 Μιχαήλ
3638 3466 3723 3510 τις
3756 3452 3956 3518 ἐπικη-

2372 3536 2594 3606 ρυχθεὶς
2633 3536 2951 3604 Ἀμασείας,
2985 3534 3104 3590 εἶτα
3131 3539 3207 3601 ὡς
3232 3537 3511 3608 σχολάζων
3541 3539 3641 3609 τὴν
3671 3541 3959 3609 ’Δγκυραν

2368 3626 2569 3689 λαϐὼν,
2628 3628 2722 3681 καὶ
2770 3628 2860 3681 τὸν
2889 3629 3055 3681 τόπον
3111 3630 3305 3698 αὐτῆς,
3337 3633 3403 3700 τῇ
3435 3629 3530 3683 τοῦ
3575 3631 3960 3700 Κερασοῦντος

2373 3717 2658 3787 μετετέθη.
2691 3719 2802 3773 Καὶ
2836 3719 2928 3772 τοῦ
2955 3720 3146 3790 θρόνου
3180 3721 3388 3791 ταύτης
3412 3723 3692 3791 ἐγκρατὴς
3726 3723 3960 3789 γέγονεν

2371 3808 2779 3872 ὑποϐιϐασθείς.
2829 3811 3149 3880 Νικηφόρος
3197 3813 3603 3882 μητροπολίτης
3657 3813 3958 3882 Γάγγρας.

2368 3899 2672 3968 ἡγούμενος
2716 3900 2956 3967 γεγονὼς
2997 3901 3092 3953 τοῦ
3138 3903 3458 3970 Κοσμιδίου,
3500 3902 3694 3954 ἔλαϐεν
3725 3904 3802 3964 ὡς
3835 3920 3961 3972 σχο-

2370 3992 2547 4055 λάζων
2585 3994 2678 4045 καὶ
2721 3993 2819 4062 τὴν
2851 3993 3185 4062 μητρόπολιν
3218 3995 3544 4063 Ἄμαστριν.
3591 3995 3650 4047 Ὀ
3689 3996 3959 4046 Λεοντου·

2372 4084 2578 4145 πόλεως
2605 4083 2797 4137 ἐλαϐεν
2823 4085 2898 4146 ὡς
2940 4085 3216 4154 σχολάζων
3238 4085 3338 4154 τὴν
3378 4085 3854 4152 Ἀρκαδιούπολιν.
3900 4088 3959 4138 ’0

2371 4177 2671 4238 ἐπίσκοπος
2734 4175 2938 4242 Ἀθύρα
3004 4177 3161 4228 ἔλαϐε
3221 4177 3325 4247 τὴν
3378 4176 3808 4246 Σεργέντζην⁶⁹.
3867 4179 3959 4246 Τῷ

2386 4267 2847 4330 Ἀξιουπόλεως⁷⁹
2911 4266 3261 4336 σχολάζοντι,
3339 4266 3494 4335 ἐδόθη
3570 4268 3842 4336 πρότερον
3921 4272 3954 4337 η

2374 4359 2631 4419 Ἀϐυδος·
2667 4359 2893 4428 ὕστερον
2934 4359 3026 4421 δὲ,
3066 4361 3160 4411 καὶ
3200 4361 3230 4410 6
3267 4359 3510 4426 ’Δπρως.
3560 4357 3650 4426 Τῷ
3702 4361 3958 4424 Ἀλανίας

2371 4452 2523 4522 ἐδόθη
2571 4455 2602 4521 ἡ
2653 4451 3105 4520 Σωτηριούπολις.
3159 4449 3366 4520 Πέτρος
3411 4451 3440 4502 6
3479 4449 3702 4517 Μογγὺς
3759 4453 3952 4520 ἐντολῇ

2386 4542 2638 4594 Ἀκακίου
2689 4542 3028 4610 πατριάρχου
3079 4541 3756 4604 Κωνσταντινουπόλεως,
3826 4559 3958 4610 μετ-

2375 4634 2536 4701 ετέθη
2563 4633 2668 4685 ἀπὸ
2693 4633 2972 4700 Εὑχαῖτων
3015 4632 3096 4693 εἰς
3135 4631 3544 4700 Ἀλεξάνδρειαν
3575 4633 3952 4701 πατριάρχης.

2388 4724 2446 4775 '0
2492 4722 2836 4792 πατριάρχης
2895 4719 3283 4790 Ἰεροσολύμων
3323 4720 3660 4788 Νάρκισσος,
3709 4721 3819 4770 ἀπὸ
3857 4721 3956 4784 τῆς

2373 4814 2679 4882 ἐπισκοπῆς
2707 4812 3000 4865 Φλαδιάδου
3019 4811 3088 4876 ⁷⁸,
3115 4810 3238 4879 ἥτις
3278 4810 3430 4860 ἐστὶν
3477 4810 3586 4861 ὑπὸ
3615 4810 3716 4877 τὴν
3752 4814 3956 4878 μητρό-

2377 4905 2533 4958 πολιν
2569 4903 2887 4972 Ναυάρζης,
2920 4904 3098 4971 ἡγαγε
3141 4901 3232 4953 τὸν
3266 4902 3323 4953 ἐν
3357 4900 3532 4967 ἁγίοις
3578 4899 3957 4970 Ἀλέξανδρον,

2376 4997 2468 5049 καὶ
2522 4994 2897 5066 ἐχειροτόνησε
2961 4992 3312 5062 πατριάρχην
3381 4989 3798 5060 Ἰεροσολύμων,
3869 4994 3962 5044 ἐπὶ

2374 5090 2472 5158 τῆς
2519 5087 2796 5153 βασιλείας
2847 5085 3199 5154 Ἀλεξάνδρου
3234 5082 3331 5136 τοῦ
3361 5082 3650 5151 Μαμαίας,
3681 5083 3759 5144 ὦς
3789 5100 3957 5151 φησιν

2376 5181 2632 5241 Εὐσέϐιος
2657 5181 2684 5231 6
2715 5178 3001 5248 Παμφίλου
3036 5179 3093 5228 ἐν
3121 5177 3241 5237 ταῖς
3267 5173 3756 5243 ἐκκλησιαστικαῖς
3789 5173 3958 5226 αὐτοῦ

2379 5273 2663 5340 ἱστορίαις,
2698 5273 2792 5322 καὶ
2819 5271 2941 5340 οὐχὶ
2966 5271 3023 5320 ἐν
3055 5271 3120 5338 τῇ
3155 5265 3324 5338 βίϐλῳ
3356 5267 3456 5336 τῆς
3487 5265 3960 5334 ἐκκλησιαστικῆς

2378 5364 2544 5418 αὑτοῦ
2574 5365 2919 5429 ἀποδείξεως.
2973 5363 3104 5415 Ἀπὸ
3130 5362 3231 5429 τῆς
3272 5361 3440 5428 αὐτῆς
3488 5362 3796 5427 ἐπισκοπῆς
3821 5359 3960 5409 Φλα-

2377 5458 2553 5518 διάδος
2589 5460 2614 5510 6
2661 5456 2825 5524 κῦρος
2857 5454 3169 5524 Νικηφόρος
3198 5455 3226 5506 6
3256 5453 3449 5515 Φωκεῖς
3482 5453 3636 5520 κοινῇ
3671 5450 3840 5520 ψήφῳ
3871 5450 3959 5502 διὰ

2003 5574 2236 5630 VARI/ﬁ
2265 5573 2668 5630 LECTIONES.

1693 5666 1736 5696 7°
1769 5665 2242 5729 Ἀλεξισυπὸλεως.

701 5837 736 5889 ᾖ
767 5768 794 5805 h
835 5780 992 5886 qn‘fm
1043 5775 1222 5832 sponte
1287 5765 1401 5833 quis
1457 5764 1705 5816 instituit.
1789 5776 1804 5802 ι
1857 5764 2175 5831 Tyriensem.

735 5837 890 5889 ‘lavt'u
933 5837 997 5888 is.

735 5837 997 5890 ’lavt'udt's.

773 5667 818 5697 ⁸⁸
849 5666 1086 5736 Τυρίων,
1161 5667 1204 5699 ⁶⁹
1234 5665 1615 5736 Σεργενίτζην.

2288 5761 2300 5810 i
2338 5761 2698 5831 Sergenitzam
2710 5797 2721 5811 .

2318 5667 2362 5697 ‘“
2384 5665 2695 5724 ψλαδιάδος,
2732 5661 2872 5716 forte
2904 5660 3220 5723 Φλαϐιάδος.

2848 5758 3340 5824 kAlea'iopolitano.
3426 5754 3767 5813 lFladiadis
3817 5757 3957 5826 forte
