4176 6446
201 430 310 496 909

1475 418 1518 478 G
1531 414 2033 478 RECO‘ROMAN
2046 415 2173 473 U31.

3344 405 3444 467 9H)

200 534 596 610 χρυσοσούλλου
639 530 805 585 αὑτοῦ
833 525 1061 598 ἀγαγὼν
1087 528 1179 583 τδν
1212 525 1511 580 ἐπίσκοπον
1536 524 1774 596 Εὐστρά-

1881 521 2083 576 bullam
2133 535 2325 581 suam,
2369 517 2662 573 deductum
2715 517 3029 586 episcopum
3077 514 3443 581 Eustratium,

194 646 331 692 τιον,
351 625 577 694 ἐποίησε
598 622 1042 695 χειροτονηθῆναι
1063 617 1411 690 πατριάρχην
1443 618 1769 686 Ἀντιοχείας

196 719 297 785 τῆς
351 715 617 785 μεγάλης,
663 708 1117 780 ἀποσπασθείσης
1154 709 1255 778 τῆς
1280 706 1613 779 δηλωθείσης
1650 708 1773 759 ὲπι-

201 806 413 873 σκοπῆς
443 803 791 874 Ναουάρςου,
820 801 914 855 καὶ
949 799 1245 869 ἐνωθείσης
1284 796 1362 868 τῷ
1399 796 1774 870 πατριαρχείῳ

208 894 565 965 Ἀντιοχείας.

231 1032 322 1084 ΤΟ
351 1027 695 1083 ΚΑΘΗΚΟΝ
734 1027 857 1082 ΚΑΙ
896 1027 1071 1081 ΟΡΟΣ
1101 1026 1240 1081 ΤΟΥ
1277 1024 1737 1080 ΠΑΤΡΙΑΡΧΟΥ.

207 1150 339 1203 Ἀπὸ
372 1145 478 1200 τοῦ
508 1145 762 1214 νομίμου
788 1143 1035 1207 βιϐλίου
1068 1141 1411 1214 Βασιλείου,
1446 1145 1772 1214 Κωνσταν·

272 1220 463 1279 tia-0v,
512 1210 611 1268 καὶ
643 1210 930 1280 λέοντος,
979 1214 1099 1268 ἀπὸ
1149 1214 1255 1267 τοῦ
1286 1210 1348 1276 ,β’
1396 1212 1621 1277 τίτλου,
1674 1226 1774 1264 κε-

265 1291 413 1354 φαλ.
445 1285 519 1339 a'.

265 1392 622 1462 Πατριάρχης
671 1391 821 1444 ἐστὶν
879 1389 1047 1446 εἰκὼν
1092 1390 1332 1460 Χριστοῦ
1386 1390 1649 1461 ἔμψυχος,
1708 1388 1775 1442 δι’

200 1485 382 1552 ἔργων
408 1484 504 1535 καὶ⁵
528 1482 703 1550 λόγων
732 1484 789 1534 ὲν
818 1482 990 1554 ἑαυτῇ
1016 1480 1499 1553 χαρακτηρίζουσα
1528 1481 1627 1551 τὴν
1649 1479 1779 1549 ἁλη-

200 1576 483 1728 θιιὲκοπδς
509 1665 587 1736 τῷ
612 1661 953 1734 πατριάρχῃ,
988 1661 1208 1731 πρῶτον
1256 1663 1375 1731 μὲν,
1420 1661 1514 1727 οὓς
1542 1663 1606 1716 ἐκ
1643 1664 1778 1716 Θεου

198 1755 533 1823 παρέλαϐεν,
586 1757 644 1807 ὲν
684 1753 936 1823 εὐσεϐείᾳ
963 1754 1056 1805 καὶ
1101 1753 1394 1824 σεμνότητι
1432 1752 1548 1822 βίου
1587 1753 1779 1820 διαφυο

1874 614 2085 666 curavit
2125 610 2369 664 Oidlllal‘i
2423 607 2795 680 patriarcham
2844 609 3146 664 Antiochia
3196 623 3445 677 magna;

1873 718 1995 758 cum
2050 702 2098 756 is
2150 704 2498 768 episcopatus
2560 701 2789 755 avulsus
2855 708 3002 755 esset
3072 701 3141 756 ab
3205 701 3448 756 indicato

1872 795 2194 865 episcopatu
2236 792 2516 857 Navarza,
2552 802 2719 865 atque
2750 793 2940 849 unitus
2974 794 3319 851 Antiocheno
3352 810 3448 866 pa-

1874 886 2218 941 triarchatui.

1958 1021 2285 1080 OFFICIUM
2343 1022 2430 1078 ET
2479 1022 2823 1079 DEFINITIO
2872 1019 3369 1079 PATRIARCHJE.

1878 1132 1963 1187 Ex
2009 1134 2142 1187 libro
2186 1133 2251 1187 de
2284 1134 2429 1205 jure,
2476 1136 2568 1205 qui
2613 1142 2692 1188 est
2735 1133 2951 1197 Basilii,
2996 1134 3359 1201 Constantini,
3401 1146 3451 1189 et

2349 1203 2557 1272 Leonis,
2586 1207 2669 1258 tit.
2704 1215 2910 1274 It,'cap.
2942 1220 2980 1259 ι.

1950 1385 2271 1441 Patriarcha
2322 1393 2407 1440 est
2457 1384 2636 1456 imago
2674 1386 2881 1442 Christi
2928 1386 3049 1441 viva
3094 1396 3149 1442 et
3190 1388 3449 1457 animata,

1882 1478 2141 1547 operibus
2170 1486 2225 1533 et
2260 1478 2443 1534 verbis
2473 1477 2530 1532 in
2562 1492 2623 1535 se
2658 1478 2775 1549 ipsa
2803 1480 3087 1534 veritatem
3113 1482 3450 1551 exprimens.

1954 1657 2166 1729 Scopus
2203 1657 2529 1729 patriarcha
2557 1660 2895 1729 propositus,
2926 1668 3013 1717 est
3065 1661 3300 1731 primum
3335 1663 3455 1731 qui-

1880 1750 2025 1833 dem,
2063 1762 2121 1806 ut
2173 1766 2313 1822 quos
2367 1766 2397 1806 a
2445 1751 2558 1807 Deo
2597 1754 2827 1823 accepit,
2848 1754 2917 1807 ain
2947 1755 3148 1824 pietate
3186 1772 3251 1810 ac
3285 1756 3455 1810 hone-

197 1842 378 1908 λὰξαι.
412 1845 645 1897 Ἔπειτα
677 1845 734 1898 δὲ
763 1844 860 1897 καὶ
898 1843 1109 1906 πάντας
1136 1845 1262 1907 τοὺς
1293 1843 1605 1913 αἱρετικοὺς
1633 1842 1777 1897 κατὰ

1881 1849 2019 1896 state
2058 1843 2181 1896 vita
2213 1850 2523 1897 conservet.
2566 1842 2799 1903 Deinde.
2835 1850 2895 1897 ut
2942 1858 3135 1899 omnes
3164 1845 3454 1903 hareticos

197 1938 257 1990 τὸ
278 1937 508 1991 δυνατὸν
534 1937 712 2008 αὐτῷ,
748 1937 887 2008 πρὸς
909 1937 1010 2008 τὴν
1039 1935 1354 2007 ὀρθοδοξίαν
1386 1935 1480 1987 καὶ
1518 1935 1616 2006 τὴν
1645 1935 1777 1989 ἔνω-

200 2046 282 2083 σιν
324 2029 429 2098 τῆς
478 2030 807 2101 Ἐκκλησίας
853 2032 1224 2103 ἐπιστρέφειν.
1272 2031 1553 2102 Αἱρετικοὶ
1584 2031 1639 2084 δὲ
1667 2033 1778 2095 τοῖς

197 2123 384 2191 νόμοις
412 2123 506 2174 καὶ
534 2124 649 2185 τοῖς
679 2123 869 2176 κανόσι
896 2122 1209 2187 καλοῦνται,
1234 2124 1284 2175 oi
1313 2125 1380 2192 τῇ
1406 2121 1669 2191 καθολικῇ
1703 2121 1777 2191 μὴ

199 2212 587 2275 κοινωνοῦντες
634 2212 954 2283 Ἐκκλησία,
1004 2212 1085 2265 ἔτι
1112 2213 1170 2266 δὲ
1196 2212 1289 2265 καὶ
1330 2213 1457 2275 τοὺς
1486 2212 1777 2276 ἀπίστους,

196 2304 289 2357 διὰ
317 2304 416 2375 τῆς
444 2304 724 2374 λαμπρᾶς,
774 2305 869 2358 καὶ
900 2286 1405 2375 περιφανεστάτης,
1437 2304 1532 2357 καὶ
1564 2304 1781 2375 θαυμα-

199 2389 320 2452 σίας
362 2390 528 2443 αὐτοῦ
561 2395 815 2463 πράξεως
872 2392 1213 2463 ἐκπλήττων,
1256 2392 1500 2464 μιμητὰς
1548 2396 1777 2465 ποιῆσαι

200 2480 296 2551 τῆς
330 2480 590 2545 πίστεως.

271 2573 445 2636 Τέλος
484 2574 565 2645 τῷ
594 2576 943 2650 πατριάρχῃ,
974 2578 1007 2645 ἡ
1036 2576 1146 2630 τῶν
1183 2580 1782 2649 καταπεπιστευμένων

199 2666 352 2735 αύτῷ
377 2664 565 2736 ψυχῶν
587 2668 850 2738 σωτηρία,
874 2670 970 2723 καὶ
988 2669 1049 2721 τὸ
1071 2669 1171 2740 ζῇν
1198 2670 1296 2739 μὲν
1315 2670 1560 2742 Χριστῷ,
1590 2672 1786 2725 ἐσταυ-

201 2756 407 2826 ρῶσθαι
436 2758 492 2810 δὲ
516 2757 594 2828 τῷ
623 2758 833 2828 κόσμῳ.

276 2848 420 2902 ἰδια
458 2849 823 2919 πατριάρχου,
876 2849 937 2903 τὸ
975 2844 1116 2904 εἷναι
1169 2850 1499 2916 διδακτικδν,
1538 2852 1599 2907 τὸ
1646 2854 1784 2924 πρὸς

202 2938 435 3001 πάντας,
484 2938 724 3009 ὑψηλούς
748 2957 809 2993 τε
843 2942 936 2993 καὶ
973 2942 1283 3008 ταπεινοὺς,
1320 2944 1783 3014 ἀστενοχωρὴτως

203 3029 539 3094 ἐξισοῦσθαι.
576 3033 685 3085 Καὶ
714 3034 891 3103 πρᾷον
919 3033 1019 3104 μὲν
1052 3030 1192 3087 εἶναι
1221 3036 1357 3105 πρὸς
1385 3039 1629 3100 ἅπαντας
1656 3038 1784 3101 τοὺς

204 3122 652 3193 ἐντυγχάνοντας,
701 3125 805 3177 κάν
837 3127 956 3187 ταῖς
1000 3125 1401 3192 διδασκαλίαις·
1455 3128 1770 3197 ἒλεγκτικδν

1880 1946 1977 2001 pro
2027 1932 2172 1985 virili
2221 1947 2323 1988 sua
2370 1941 2657 1988 convertat
2705 1932 2772 1987 ad
2806 1943 3011 2013 rectam
3045 1937 3292 1992 veritatis
3323 1952 3454 1992 sen-

1883 2022 2126 2088 tentiam,
2176 2032 2230 2077 et
2279 2024 2543 2077 unitatem
2590 2022 2872 2079 Ecclesia.
2934 2022 3217 2080 Vocantur
3270 2036 3454 2080 autem

1879 2111 2124 2167 baretici
2177 2122 2283 2173 tam
2326 2114 2380 2167 in
2418 2115 2626 2185 legibus
2680 2130 2843 2185 quam
2875 2116 3178 2171 canonihus
3218 2119 3311 2189 qui
3350 2119 3456 2173 Ec-

1879 2206 2059 2261 clesia
2107 2204 2393 2261 catholica
2437 2210 2704 2264 societate
2746 2224 2857 2262 non
2904 2209 3277 2265 continentur.
3309 2211 3457 2266 Pra-

1882 2304 2030 2351 terea
2080 2305 2139 2350 ut
2176 2295 2430 2352 inﬁdeles
2462 2312 2680 2367 quoque
2714 2296 2903 2362 claris,
2945 2306 3000 2353 et
3046 2298 3455 2367 illustrissiinis,

1879 2396 1935 2443 et
1978 2388 2394 2445 admirabilibus
2443 2390 2604 2446 factis
2634 2390 2754 2448 suis
2788 2391 3185 2462 stnpel'aciens,
3218 2392 3458 2448 imitatu-

1881 2495 1971 2535 res
2002 2478 2126 2536 ﬁdei
2159 2482 2369 2537 reddat.

1952 2570 2105 2627 Finis
2163 2572 2536 2642 patriarcha,
2602 2574 2935 2629 creditarum
2993 2576 3097 2631 sibi
3151 2575 3456 2631 animarum

1884 2662 2054 2729 salus,
2086 2672 2142 2718 et
2181 2664 2403 2720 Christo
2433 2662 2653 2734 quidem
2693 2666 2897 2733 vivere,
2936 2665 3141 2722 mundo
3172 2682 3302 2723 vero
3330 2682 3459 2723 cru-

1883 2752 2104 2808 ciﬁxum
2137 2768 2282 2811 esse.

1956 2844 2182 2916 Propria
2239 2847 2606 2917 patriarcha,
2642 2848 2904 2906 facultate
2946 2852 3177 2907 docendi
3218 2853 3457 2922 pollere,

1884 2945 2046 3006 atque
2074 2952 2201 3007 erga
2227 2939 2513 2995 universos
2539 2948 2647 2993 tam
2678 2942 2964 3007 sublimes,
2995 2958 3159 3013 quam
3190 2945 3456 3009 humiles,

1885 3026 2228 3095 aequabiliter
2275 3027 2485 3097 absque
2532 3030 2701 3084 animi
2744 3036 3121 3089 contractione
3157 3042 3330 3089 seruet
3368 3051 3461 3105 ga—

1885 3130 2029 3173 rere.
2065 3117 2143 3173 Ac
2184 3127 2531 3174 mansuetum
2571 3119 2791 3192 quidem
2837 3138 2959 3179 esse
3002 3140 3130 3195 erga
3168 3140 3358 3181 omnes
3400 3142 3461 3181 se

201 3212 278 3275 δὲ,
310 3214 451 3283 πρὸς
474 3214 597 3277 τοὺς
627 3214 1010 3279 ἀπειθοῦντας.
1062 3218 1234 3288 Ὑπὲρ
1277 3218 1335 3272 δὲ
1360 3220 1462 3290 τῆς
1498 3221 1777 3291 ἀληθείας,

1883 3209 2300 3275 convenientes,
2337 3212 2499 3265 etiam
2548 3213 2604 3266 in
2644 3211 2894 3269 docendo
2925 3232 2937 3268 :
2964 3225 3018 3269 at
3046 3216 3103 3270 in
3132 3218 3462 3289 redarguen-

204 3304 297 3355 καὶ
338 3303 440 3373 τῆς
480 3306 864 3376 συντηρήσεως
908 3306 1005 3360 τοῦ
1048 3308 1279 3373 δικαίου,
1333 3311 1432 3365 καὶ
1474 3312 1574 3381 τῆς
1621 3313 1778 3366 εὐσε-

202 3392 389 3456 ϐείας,
424 3393 607 3449 λαλεῖν
650 3395 882 3450 ἐνώπιον
926 3397 1192 3467 βασιλέως
1217 3439 1232 3465 ,
1268 3400 1364 3455 καὶ
1409 3401 1486 3472 μὴ
1526 3401 1778 3472 αίσχύνε-

206 3484 353 3537 σθαι.

272 3575 389 3642 Τῆς
413 3574 688 3640 πολιτείας
709 3577 773 3630 ἑκ
804 3580 986 3650 μερῶν
1015 3579 1112 3634 καὶ
1136 3582 1361 3652 μορίων,
1395 3584 1675 3653 ἀναλόγως
1701 3584 1780 3655 τῷ

203 3665 501 3737 ἀνθρώπῳ,
537 3671 935 3740 συνισταμένης
954 3687 967 3700 ·
1008 3671 1076 3725 τὰ
1103 3672 1338 3741 μέγιστα
1368 3676 1461 3727 καὶ¹
1485 3677 1782 3743 ἀναγκαιό-

201 3774 337 3812 τατα
368 3759 512 3830 μέρη
543 3761 572 3812 ό
611 3760 865 3829 βασιλεύς
911 3765 1048 3828 ἔστι,
1080 3766 1177 3818 καὶ
1201 3767 1229 3817 ό
1272 3767 1645 3837 πατριάρχης.
1689 3768 1781 3821 Διὸ

205 3851 356 3920 καὶὴ
403 3852 546 3903 κατὰ
586 3852 763 3923 ψυχὴν
809 3855 905 3906 καὶ
945 3854 1105 3925 σῶμα
1145 3855 1255 3909 τῶν
1295 3857 1550 3928 ὑπηκόων
1585 3860 1780 3931 εἰρήνη

204 3941 297 3992 καὶ
326 3940 663 4011 εὐδαιμονία,
698 3942 980 4013 βασιλείας
1009 3946 1128 3999 ἐστὶ
1155 3948 1251 4001 καὶ
1280 3947 1691 4021 ἀρχιερωσύνης
1722 3950 1781 4005 ὲν

207 4028 354 4100 πάσῃ
376 4030 727 4101 ὁμοφροσύνῃ
761 4034 1077 4102 συμφωνία.

345 4211 500 4263 ΟΣΟῙ
536 4211 1094 4268 ΕΠΕΣΚΟΠΕΥΣΔΝ
1130 4216 1223 4270 ΕΝ
1259 4216 1625 4289 ΒΥΖΔΝΤΙῼ.

273 4299 497 4370 Πρῶτος
528 4302 558 4353 ό
586 4302 761 4371 μέγας
801 4303 1100 4367 ἀπόστολος
1134 4306 1387 4376 Ἀνδρέας
1424 4309 1480 4361 ὲν
1508 4310 1660 4380 αύτῷ
1688 4310 1781 4364 τὸν

205 4388 361 4455 λόγον
392 4390 656 4461 κηρύξας,
687 4394 781 4445 καὶ
803 4394 1093 4464 εύκτήριον
1116 4391 1263 4449 οἷκον
1291 4398 1467 4468 πέραν
1491 4400 1549 4452 ὲν
1585 4400 1782 4469 Ἀργυ-

208 4480 423 4548 ροπὸλει
445 4480 791 4551 δειμάμενος,
826 4488 1121 4554 χειροτονεῖ
1150 4487 1450 4539 ἐπίσκοπον
1477 4490 1577 4560 τῆς
1610 4492 1782 4561 αὐτῆς

208 4569 413 4631 πόλεως
438 4570 664 4641 Στάχυν,
692 4566 756 4626 οὗ
773 4574 1043 4645 μέμνηται
1068 4578 1097 4629 δ
1124 4578 1446 4641 ’Δπόστολος
1464 4583 1521 4634 ἐν
1543 4585 1606 4652 τῇ
1647 4584 1782 4654 πρὸς

217 4657 521 4726 Ῥωμαίους
558 4662 881 4735 Ἐπιστολῇ*
915 4666 1129 4738 Στάχυς
1155 4665 1269 4737 οὖν,
1298 4668 1391 4741 ἔτη
1417 4678 1511 4735 ις’.

288 4924 413 4993 Ὀνή
423 4940 475 4976 σι
483 4942 604 4994 μσς,
635 4926 730 4997 ἔτη
765 4926 846 4981 ιδ’.

278 5013 420 5066 Πολύ
429 5031 662 5085 καρπός,
696 5016 791 5087 ἔτη
818 5023 906 5087 ιη’.

275 5106 645 5177 Πλούταρχος,
677 5109 773 5175 Ξτη
802 5117 900 5174 ις’.

275 5196 561 5263 Σεδεκίων,
596 5199 690 5270 ἐτη
726 5200 791 5254 θ’.

275 5288 551 5358 Διογένης,
585 5290 677 5362 ἔτη
710 5298 791 5346 ιε’.

290 5380 648 5450 Ἐλευθέριος,
680 5383 774 5454 ἔτη
805 5381 871 5449 ζ’.

275 5468 461 5537 Φῆλιξ,
480 5468 575 5539 ἔτη
598 5469 660 5524 ε’.

287 5556 665 5629 ’Δθηνογένης,
694 5559 789 5633 ἔτη
821 5558 884 5616 δ’.
917 5563 1086 5628 Ουτος
1129 5565 1319 5635 ἕτερον
1363 5562 1511 5621 οἷκον
1562 5569 1775 5625 ἔκτισεν

1880 3298 1967 3355 dis
2014 3300 2451 3365 contumacibus,
2494 3317 2699 3359 acrem.
2744 3303 2852 3359 Pro
2902 3306 3156 3373 veritate,
3195 3322 3259 3362 ac
3316 3310 3458 3378 a'qui

1878 3390 2131 3460 jnstique
2163 3393 2607 3458 conservatione,
2641 3410 2851 3466 proque
2882 3397 3104 3466 pietate,
3136 3413 3320 3454 coram
3355 3401 3461 3454 im-

1882 3484 2198 3553 perantibus
2229 3484 2397 3554 loqui,
2432 3501 2533 3541 nec
2562 3489 2908 3545 erubescere.

1956 3574 2093 3629 Cum
2126 3577 2439 3645 respublica
2476 3595 2539 3633 ex
2577 3580 2829 3649 partibus
2872 3589 2929 3636 et
2970 3583 3253 3648 membris,
3285 3585 3350 3638 ad
3380 3585 3457 3639 si-

1884 3664 2247 3721 militudinem
2276 3671 2526 3739 corporis
2550 3670 2799 3738 humani,
2828 3681 3065 3741 constet,
3111 3676 3461 3745 amplissima

1881 3754 2046 3824 hujus
2087 3758 2429 3829 maximeque
2478 3764 2806 3818 necessaria
2846 3775 3029 3835 partes
3069 3775 3221 3832 sunt,
3283 3769 3457 3838 impe-

1885 3862 2037 3905 rator
2072 3858 2124 3905 et
2152 3853 2485 3921 patriarcha.
2520 3854 2758 3925 Ideoque
2789 3857 3135 3913 subditorum
3168 3875 3270 3929 pax
3297 3870 3460 3932 atque

1884 3940 2142 4006 felicitas,
2186 3951 2297 3996 tam
2349 3945 2520 3998 animi
2575 3946 2812 4011 ratione,
2849 3962 3013 4018 quam
3066 3953 3335 4021 corporis,
3377 3960 3460 4008 est

1885 4033 2101 4101 imperii
2152 4044 2318 4103 atque
2369 4037 2724 4104 pontiﬁcatus
2780 4040 2837 4094 in
2896 4042 3047 4096 omni
3106 4045 3460 4100 unanimitate

1882 4138 2216 4179 consensus.

1987 4214 2234 4271 SERIES
2286 4216 2772 4276 EPISCOPORUM
2841 4219 3161 4279 BYZANTII
3218 4227 3353 4298 (δυ).

1956 4307 2177 4363 Primus
2229 4309 2320 4365 ille
2374 4328 2606 4382 magnus
2659 4317 2941 4384 apostolus
2997 4318 3279 4387 Andreas,
3334 4338 3457 4377 cum

1884 4396 2130 4468 Byzantii
2186 4399 2491 4478 doctrinam
2542 4404 2949 4478 [christianam]
2996 4410 3365 4477 pradicasset,
3396 4428 3460 4467 ac

1886 4488 2106 4542 domum
2160 4474 2382 4559 precum
2434 4493 2809 4549 habendarum
2866 4474 2949 4552 ad
2988 4474 3367 4572 Argyropolim
3430 4521 3462 4559 α

1887 4574 2108 4643 regione
2157 4577 2310 4632 urbis
2372 4580 2753 4647 condidisset,
2798 4584 2973 4640 eidem
3025 4589 3146 4643 urbi
3201 4591 3458 4663 Stachym

1887 4664 2107 4720 ordinat
2153 4668 2496 4740 episcopum,
2546 4674 2707 4743 cujus
2766 4679 3013 4733 meminit
3063 4683 3346 4751 apostolus
3403 4685 3457 4740 in

1886 4756 2120 4824 epistola
2187 4759 2254 4813 ad
2326 4760 2624 4820 Romanos.
2696 4764 2884 4837 Itaque
2944 4769 3179 4843 Stachys
3246 4776 3461 4845 praefuit

1885 4861 2044 4903 annis
2075 4865 2187 4904 XVI.

1953 4937 2267 5005 Onesimus,
2295 4956 2384 4994 an.
2423 4959 2540 4999 xiv.

1950 5026 2302 5102 Polycarpus,
2337 5049 2427 5088 an.
2459 5051 2615 5091 xvm.

1955 5121 2306 5189 Plutarchus,
2340 5140 2430 5181 an.
2464 5142 2578 5183 xvr.

1950 5212 2201 5277 Sedecio,
2230 5230 2321 5269 an.
2358 5232 2436 5271 ix.

1952 5302 2241 5373 Diogenes,
2264 5322 2358 5363 an.
2390 5323 2476 5362 xv.

1954 5392 2323 5464 Eleutherius,
2357 5413 2447 5454 an.
2475 5416 2569 5455 vn.

1955 5481 2129 5549 Felix,
2162 5501 2255 5542 an.
2286 5505 2341 5544 ν.

1964 5574 2362 5647 Atheno’genes,
2398 5597 2488 5637 an.
2522 5600 2596 5638 IV.
2631 5586 2717 5643 hic
2750 5588 2977 5646 alteram
3013 5591 3237 5650 domum
3263 5592 3455 5651 condi-

279 5806 525 5879 (50)ﬂui
560 5811 760 5870 deinde
816 5815 919 5871 sub
965 5814 1327 5877 Constantino
1396 5820 1589 5894 Magno
1979 5835 2108 5886 sunt
2140 5831 2483 5900 patriarcha.
