4176 6446
702 399 799 464 011

2032 405 2167 465 JUS
2206 407 2648 468 (JANONICUM

3847 411 3949 472 912

703 519 806 579 dit,
834 532 897 570 co
937 517 1072 581 loco,
1121 517 1210 586 qui
1249 514 1388 573 Elaea
1449 518 1688 588 dicitur;
1739 521 1918 593 ibique
1974 535 2269 582 conventus

2378 529 2436 581 ἐν
2468 529 2533 596 τῇ
2564 521 2857 593 τοποθεσίᾳ
2890 522 2955 591 τῇ
2986 516 3252 589 λεγομένῃ
3303 517 3512 588 Ἐλαίᾳ,
3559 517 3651 571 καὶ
3679 518 3798 572 ἐκεῖ
3852 521 3946 585 τὰς

699 612 981 663 hominum
1017 609 1229 662 habuit.

765 702 1021 765 Euzoius,
1053 716 1145 755 an.
1182 717 1292 756 xvr.

761 790 1116 857 Laurentius,
1149 807 1241 845 an.
1270 808 1349 856 ιι,
1383 808 1558 849 mens.
1595 810 1667 848 vt.

759 884 1008 954 Aiypius,
1045 899 1137 937 an.
1177 899 1298 948 ιιιι,
1332 899 1508 939 mens.
1541 900 1617 939 ιιι.

767 975 1024 1027 Pcrtinax
1063 974 1374 1029 consularis
1403 990 1432 1028 e
1480 983 1672 1029 senatu
1710 974 1976 1044 Romano,
2031 994 2120 1035 an.
2150 996 2264 1035 ιιι.

689 1067 790 1121 llic
844 1069 1006 1122 aliam
1056 1069 1328 1123 exstruxit
1357 1067 1644 1122 ecclesiam
1699 1071 1754 1126 in
1807 1072 1925 1128 loco
1971 1074 2263 1138 maritimo,

689 1175 848 1226 quem
881 1164 1051 1229 b‘ycas
1077 1172 1115 1199 ω
1141 1170 1359 1226 vocant,
1412 1159 1574 1231 eique
1607 1160 1768 1218 Pacis
1816 1178 2012 1217 nomen
2045 1162 2264 1217 indidit.

759 1339 1137 1422 Olympianus,
1165 1353 1255 1393 an.
1293 1357 1368 1396 ιι.

760 1430 998 1496 Marcus,
1035 1446 1125 1486 an.
1160 1446 1283 1486 xtn.

755 1520 1042 1589 Cyriacus,
1074 1535 1165 1574 an.
1199 1537 1310 1576 xvr.

757 1612 1040 1678 Castinus,
1089 1627 1178 1666 an.
1220 1628 1317 1667 vn.
1372 1612 1471 1668 Hic
1519 1613 1663 1668 intra
1694 1614 1870 1683 ipsum
1921 1613 2262 1685 Byzantium,

687 1704 753 1758 ad
784 1704 1037 1760 ’l’clriutn
1089 1706 1165 1774 (id
1217 1722 1416 1779 nomen
1458 1708 1560 1762 loci
1611 1707 1715 1777 est)
1765 1708 2032 1762 exstruxit
2083 1716 2265 1761 orato-

687 1801 829 1852 rium
887 1807 1090 1854 sancta:
1139 1798 1477 1869 Euphemiae,
1514 1815 1635 1870 qua:
1689 1807 1818 1854 tunc
1873 1811 2078 1870 martyr
2120 1799 2264 1856 facta

689 1893 887 1947 luerat.
1262 1949 1264 1952 I

758 1980 984 2046 Tratus,
1015 1994 1104 2033 an.
1142 1995 1306 2044 xxxv,
1336 1995 1509 2035 mens.
1545 1996 1623 2035 vr.

759 2071 1182 2135 Domitianus",
1214 2068 1380 2124 frater
1408 2070 1754 2141 imperatoris
1777 2069 1960 2140 Probi,
1996 2086 2084 2126 an.
2116 2087 2260 2127 ιιιν.

688 2179 862 2217 mens.
892 2178 965 2216 νι.

762 2257 999 2320 Probus,
1026 2255 1272 2324 ejusdem
1314 2254 1533 2310 Domitii
1569 2254 1737 2320 ﬁlius,
1772 2255 1931 2310 annis
1959 2272 2052 2310 ιιι.

759 2349 1163 2418 Metmphanes,
1190 2347 1356 2402 frater
1387 2346 1632 2415 ejusdem
1672 2349 1858 2413 Probi,
1896 2349 2113 2404 Domitii
2141 2348 2262 2414 ﬁlii,

688 2440 1093 2510 qui,regnante
1151 2439 1507 2492 Constantino
1556 2453 1773 2509 magno,
1823 2440 2000 2496 factus
2059 2447 2144 2495 est
2198 2440 2266 2494 ab

688 2532 878 2586 codem
948 2532 1279 2601 imperatore
1352 2529 1672 2586 Patriarcha
1735 2531 2264 2604 Constantinopolis.

689 2625 915 2680 Praefuit
945 2639 1034 2678 an.
1077 2640 1132 2678 ι.

757 2716 1091 2781 Alexander,
1119 2717 1424 2784 imperante
1456 2716 1841 2781 Constantino,
1878 2732 1968 2772 an.
2000 2733 2157 2772 ιιιιι.

761 2811 989 2878 Paulus,
1025 2809 1325 2876 confessor,
1359 2825 1448 2864 an.
1483 2825 1540 2865 x.
1571 2809 1667 2865 Hic
1691 2811 1917 2880 ejectus,
1954 2820 2008 2867 et
2046 2812 2100 2865 in
2132 2824 2265 2865 con-

693 2907 931 2962 fessione
976 2913 1224 2958 mortuus
1253 2912 1358 2958 est.

761 2995 1034 3050 Eusebius
1082 2995 1342 3061 Arianus,
1380 2995 1560 3065 primo
1617 2990 1821 3062 Beryti,
1853 2989 2050 3046 deinde
2098 2989 2266 3047 Nico-

693 3086 905 3148 mediae,
933 3095 1123 3153 p05tea
1156 3083 1691 3153 Constantinopolis,
1725 3081 1886 3137 annis
1915 3096 2014 3138 ιιι.

768 3177 1118 3230 Macedonius
1153 3167 1440 3244 presbyter
1473 3173 1720 3244 ejusdem
1763 3173 2041 3239 Ecclesiae,
2091 3170 2267 3227 sancti

689 3269 918 3338 spiritus
949 3276 1309 3337 Oppugnator,
1340 3281 1431 3319 an.
1462 3280 1562 3320 ιιι.

761 3360 1038 3414 lindoxius
1067 3359 1329 3423 Arianus,
1356 3356 1751 3419 Germaniceaa,
1783 3354 1912 3408 hinc
1930 3352 2270 3417 Antiochea,

689 3460 879 3522 postea
935 3450 1454 3521 Constantinopolis,
1515 3449 1815 3519 imperante
1857 3445 2099 3513 Juliano,
2148 3461 2274 3501 rur-

695 3560 929 3615 sumque
963 3541 1216 3607 Joviano,
1255 3559 1343 3597 an.
1377 3557 1494 3597 vnt.

764 3632 1119 3702 Demophilus
1170 3632 1429 3693 Arianus,
1471 3631 1655 3685 Beroae
1697 3630 1752 3683 in
1806 3628 2061 3693 Thracia,
2089 3636 2275 3699 postea

691 3722 1225 3792 Constantinopolis,
1258 3723 1418 3777 annis
1445 3738 1520 3787 ιι,
1549 3721 1836 3776 mensibus
1867 3735 1920 3774 v.

775 3817 1049 3886 Evagrius
1105 3813 1470 3880 orthodoxus,
1523 3812 1810 3866 ordinatus
1867 3811 1934 3866 ab
1989 3809 2277 3866 Eustathio

694 3909 1064 3970 Antiocheno,
1094 3904 1386 3960 confestim
1423 3912 1582 3958 actus
1611 3905 1770 3958 estin
1818 3902 2074 3956 exsilium
2108 3918 2139 3958 a
2171 3900 2278 3956 Va-

703 4001 874 4061 lente.
909 4013 1033 4052 cum
1072 3996 1450 4067 pontiﬁcatum
1486 3995 1746 4064 gessisset
1771 4008 1861 4046 an.
1895 4008 1968 4047 IV.

763 4089 1068 4158 Gregorius
1123 4072 1459 4156 Theologus,
1519 4100 1644 4140 cum
1714 4095 1876 4139 antea
1932 4082 2276 4138 Sasimorum

2376 615 2623 680 συνάξεις
2649 612 2843 666 ἐποίει.

2441 704 2700 770 Εὑζώῖος,
2740 705 2833 773 ἐτη
2866 701 2962 767 ις’.

2441 799 2801 869 Λαυρέντιος,
2833 796 2928 865 ἐτη
2953 802 3039 862 ια’,
3064 795 3241 865 μῆνας
3265 802 3340 860 ς’.

2454 891 2726 955 Ἀλύπιος,
2757 890 2850 958 ἐτη
2869 895 2958 958 ιγ’,
2995 889 3169 958 μῆνας
3195 885 3269 951 ς’.

2440 985 2712 1053 Περτίναξ
2777 983 3043 1045 ὑπατικὸς
3108 980 3208 1049 τῆς
3256 979 3314 1031 ἐν
3371 979 3560 1052 Ῥώμῃ
3612 978 3942 1050 συγκλήτου,

2368 1075 2464 1144 ἐτη
2495 1076 2581 1128 ιθ’.
2617 1069 2784 1138 Οὗτος
2814 1076 3006 1146 ἑτέραν
3033 1071 3329 1143 ἐκκλησίαν
3363 1071 3658 1140 ἀνέστησεν
3683 1072 3743 1124 ἐν
3768 1087 3940 1141 παραυ

2369 1167 2642 1236 θαλασσίῳ
2671 1168 2942 1236 λεγομένῳ
2970 1165 3195 1229 Συκαῖς,
3218 1163 3454 1234 Εἰρήνην
3483 1161 3572 1214 τὸν
3602 1156 3752 1215 οἷκον
3780 1177 3946 1232 προσ-

2368 1258 2692 1330 αγορεύσας.

2442 1351 2564 1403 Ὀλυ
2575 1351 2828 1419 μπιανδς,
2854 1347 2949 1416 ἔτη
2985 1355 3072 1399 ια’.

2439 1443 2689 1511 Μάρκος,
2717 1440 2812 1508 ἐτη
2849 1437 2942 1504 ιγ’.

2439 1533 2738 1602 Κυριακὸς,
2782 1534 2875 1600 ἔτη
2898 1530 2994 1594 ις’.

2437 1625 2724 1685 Καστίνος,
2757 1622 2851 1692 ἔτη
2889 1620 2952 1684 ζ’.
2979 1613 3149 1685 Οὗτος
3192 1621 3250 1672 ἐν
3303 1618 3454 1689 αὐτῷ
3501 1617 3578 1687 τῷ
3638 1617 3940 1681 Βυζαντίῳ,

2367 1712 2425 1764 ἐν
2445 1710 2521 1778 τῷ
2555 1692 2928 1779 ἐπιλεγομένῳ
2947 1711 3185 1780 Πετρίῳ,
3212 1709 3501 1778 εὐκτήριον
3524 1708 3623 1777 τῆς
3650 1707 3814 1774 ἁγίας
3845 1707 3944 1760 EL-

2369 1801 2580 1871 φημίας
2607 1802 2816 1871 ἤγειρε,
2852 1799 2974 1852 τότε
3004 1797 3458 1869 μαρτυρησάσης.

2443 1985 2672 2054 Τράτος,
2703 1983 2795 2052 ἔτη
2824 1980 2917 2048 λε’,
2951 1983 3123 2052 μῆνας
3157 1987 3233 2045 ς’.

2442 2075 2788 2146 Δομετιανὸς,
2817 2074 3042 2142 ἁδελφὸς
3079 2071 3293 2142 Πρόὁου
3340 2069 3626 2140 βασιλέως,
3694 2069 3788 2137 ἐτη
3846 2067 3942 2130 κδ,

2374 2171 2550 2241 μῆνας
2582 2171 2656 2231 ς’.

2444 2261 2673 2332 Πρόδος,
2712 2257 2805 2313 τοῦ
2835 2257 3000 2312 αὑτοῦ
3027 2254 3288 2327 Δομετίου
3316 2255 3361 2285 ⁷¹
3388 2253 3523 2317 υίὸς,
3567 2250 3661 2320 ἐτη
3691 2249 3780 2316 ιβ’.

2443 2351 2834 2422 Μητροφάνης,
2875 2350 2904 2402 6
2936 2348 3162 2416 ἀδελφὸς
3190 2345 3285 2400 τοῦ
3338 2342 3502 2398 αὑτοῦ
3562 2340 3797 2411 ιῐρὸϐου,
3851 2336 3944 2390 τοῦ

2371 2448 2489 2503 υἱοῦ
2521 2447 2779 2518 Δομετίου
2807 2463 2820 2477 ·
2857 2445 2915 2509 ὃς
2941 2445 3032 2498 ἐπὶ
3072 2442 3167 2495 τοῦ
3235 2440 3469 2512 μεγάλου
3525 2435 3944 2489 Κωνσταντίνου

2374 2542 2565 2610 γέγονε
2621 2539 2750 2608 παρ’
2803 2536 2969 2590 αὐτοῦ
3025 2533 3380 2605 Πατριὰρχης
3431 2523 3949 2582 Κωνσταντινουπό-

2372 2633 2529 2695 λεως,
2548 2631 2641 2701 ἐτη
2677 2629 2727 2688 ι’.

2456 2722 2821 2792 Ἀλέξανδρος,
2850 2720 2942 2772 ἐπὶ
2967 2716 3402 2778 Κωνσταντίνου,
3431 2714 3524 2782 ἐτη
3553 2719 3660 2780 κγ’.

2444 2815 2676 2879 Παῦλος,
2706 2817 2733 2867 6
2762 2810 3121 2882 όμολογητὴς,
3158 2809 3254 2878 ἐτη
3326 2815 3377 2862 ι’.
3432 2800 3599 2869 Οὗτος
3659 2802 3950 2874 ἐξεϐλήθη,

2373 2909 2469 2962 καὶ
2507 2906 2857 2975 ἐτελεύτησεν
2893 2905 2949 2956 ἐν
2988 2901 3268 2970 ὁμολογίᾳ.

2445 2998 2711 3062 Εὐσέϐιος
2748 3000 2776 3050 6
2813 2994 3113 3066 Ἀρειανδς,
3148 2990 3364 3058 πρῶτον
3395 2986 3666 3059 Βηρυτοῦ,
3704 2980 3826 3038 εἶτα
3857 2985 3978 3068 Ni:

2374 3092 2689 3163 κομηδείας,
2721 3089 2860 3159 μετὰ
2883 3087 3055 3140 ταῦτα
3079 3081 3728 3140 Κωνσταντινουπόλεως,
3747 3079 3840 3146 ἐτη
3865 3076 3954 3145 ιβ’.

2447 3181 2779 3242 Μακεδόνως
2817 3176 3187 3248 πρεσϐύτερος
3220 3173 3320 3242 τῆς
3367 3170 3537 3239 αὐτῆς
3598 3168 3953 3237 Ἑκκλησίας.

2377 3271 2853 3342 πνευματομάχος,
2888 3270 2982 3337 ἐτη
3016 3267 3103 3336 ιβ’.

2447 3363 2696 3431 Εὑδόξιος
2736 3361 3034 3431 ’Δρειανὸς,
3069 3353 3488 3427 Γερμανικείας,
3551 3348 3671 3404 εἶτα
3742 3351 3959 3402 Ἀντιο-

2375 3459 2547 3531 χείας,
2585 3455 2722 3526 μετὰ
2746 3453 2920 3506 ταῦτα
2979 3443 3624 3505 Κωνσταντινουπόὶεως,
3671 3441 3766 3492 ἐπὶ
3826 3441 3961 3493 Ίου-

2375 3550 2580 3617 λιανοῦ,
2604 3549 2699 3602 καὶ
2734 3546 2894 3600 πάλιν
2923 3545 2950 3595 6
2979 3541 3142 3602 αὐτὸς
3167 3539 3259 3591 ἐπὶ
3301 3533 3580 3596 Ίοὸιανοῦ,
3611 3532 3703 3600 ἐτη
3738 3537 3812 3599 η’,

2447 3637 2752 3711 Δημόφιλος
2817 3635 2845 3686 6
2914 3629 3224 3700 Ἀρειανὺς,
3285 3625 3490 3696 Βερόης
3539 3622 3639 3690 τῆς
3699 3621 3960 3689 θρᾴκῃ,

2383 3733 2521 3805 μετὰ
2553 3731 2710 3784 τοῦτο
2758 3719 3403 3782 Κωνσταντινουπόλεως,
3434 3715 3529 3784 ἔτη
3565 3720 3656 3774 ια’,
3692 3713 3874 3782 μῆνας
3898 3719 3962 3766 ε’.

2450 3823 2721 3890 Εὐάγριος
2754 3815 3053 3888 όρθόδοξος,
3075 3807 3483 3882 χειροτονηθεὶς
3516 3806 3620 3857 ὑπὸ
3655 3801 3963 3856 Εὑσταθίευ

2378 3918 2476 3987 τῆς
2519 3912 2864 3981 Ἀντιοχείας,
2905 3905 3182 3976 παρευθὺς
3229 3897 3501 3970 ἐξωρίσθη
3529 3896 3666 3967 ζὺπὺ
3719 3895 3965 3948 Οὐάλενο

2378 4024 2495 4070 τος,
2528 3999 2960 4075 ἀρχιερατεύσας
2995 3998 3090 4065 ἐτη
3118 3994 3184 4050 δ’.

2450 4097 2750 4168 Γρηγόριος
2778 4097 2805 4146 6
2852 4091 3132 4157 Θεολόγος,
3187 4085 3453 4156 πρότερον
3495 4080 3754 4147 Σασίμων
3805 4081 3966 4145 γενό-

697 4180 897 4235 fuisset
926 4180 1241 4249 episc0pus,
1274 4177 1585 4233 Theodosio
1621 4191 1819 4247 magno
1855 4176 2144 4244 imperium
2181 4175 2269 4229 ob-

2385 4205 2545 4258 μενος
2577 4186 2896 4246 ἐπίσκοπος,
2927 4180 3021 4234 ἐπὶ
3048 4176 3328 4231 Θεοδοσίου
3371 4173 3466 4224 τοῦ
3497 4170 3739 4241 μεγάλου
3803 4171 3966 4221 Kan-

694 4276 932 4338 tinente,
969 4272 1321 4326 renuntiatus
1365 4278 1449 4324 est
1481 4270 1711 4324 antistes
1745 4268 2269 4338 Constantinopolis;

2385 4275 2881 4336 σταντινουπόλεως
2924 4268 3299 4338 ἐπεκηρύχθη,
3350 4262 3788 4332 ἐπικυρωθέντος
3814 4261 3966 4328 αὐτῷ

697 4365 1022 4420 conﬁrmato
1066 4364 1165 4434 ipsi
1222 4364 1420 4417 throno
1454 4361 1784 4417 auctoritate
1840 4361 2059 4431 synodi,
2094 4369 2154 4414 ut
2189 4362 2269 4429 qui

2382 4369 2475 4422 τοῦ
2507 4369 2696 4438 θρόνου
2732 4365 2880 4432 παρὰ
2908 4362 3006 4429 τῆς
3041 4358 3282 4418 συνόδου,
3330 4354 3406 4415 ὡς
3467 4349 3641 4402 πολλὰ
3702 4351 3963 4416 καμόντι,

699 4458 914 4510 labores
947 4456 1305 4509 sustinuisset
1334 4468 1548 4523 graves,
1585 4461 1640 4507 et
1686 4452 1753 4505 ab
1789 4451 2078 4506 haeresium
2132 4451 2269 4517 lepra

2383 4461 2477 4513 καὶ
2509 4460 2606 4527 τῆς
2636 4456 2814 4525 λώϐης
2836 4452 2946 4506 τῶν
2980 4450 3242 4520 αἱρέσεων
3269 4447 3369 4516 τὴν
3430 4441 3764 4511 Ἐκκλησίαν
3810 4441 3968 4492 ἐλευ-

700 4549 992 4601 liberasset
1043 4560 1160 4599 eam
1209 4544 1529 4599 Ecclesiam.
1575 4543 1712 4597 Cum
1762 4551 1943 4596 autem
1985 4542 2269 4596 nonnullos

2385 4550 2705 4620 θερώσαντι.
2736 4547 2824 4607 Ὠς
2849 4545 2907 4596 δέ
2937 4558 3090 4600 τινας
3119 4540 3228 4592 τῶν
3251 4536 3312 4600 ἐξ
3335 4534 3610 4602 Αἰγύπτου
3655 4531 3968 4599 ἀρχιερέων

703 4637 993 4706 pontiﬁces
1046 4635 1330 4706 JEgyptios
1377 4634 1737 4688 intellexisset
1791 4634 1874 4686 vir
1928 4634 2269 4687 beatissimus

2389 4641 2551 4713 μάθοι
2584 4640 2613 4691 6
2646 4634 3062 4708 μακαριώτατος
3092 4631 3171 4700 τῷ
3219 4631 3506 4698 πράγματι
3560 4623 3964 4691 φθονήσαντας.

709 4728 957 4781 invidere
984 4729 1203 4796 negotio
1244 4741 1368 4804 suo,
1399 4725 1753 4795 pronuntiata
1794 4724 1860 4776 de
1891 4723 2269 4792 componendis

2383 4735 2473 4787 τὸν
2503 4729 2898 4798 συντακτήριον
2942 4723 3155 4789 ἐξέθετο
3201 4721 3379 4788 λόγον,
3433 4717 3530 4770 κα)⁸
3562 4715 3832 4775 ἑκουσίως
3873 4714 3967 4765 τοῦ

706 4820 872 4874 rebus
902 4822 1173 4882 oratione,
1213 4819 1408 4873 throno
1470 4818 1621 4872 urbis
1703 4817 2067 4884 imperatricis
2139 4816 2269 4869 ultrc

2384 4827 2481 4894 τῆς
2529 4820 2795 4891 βασιλίδος
2843 4817 3033 4888 θρόνου
3073 4813 3372 4881 ἐξίσταται,
3431 4808 3525 4876 ἔτη
3584 4803 3650 4874 ιβ’
3703 4804 3968 4874 ἀρχιερα-

706 4910 893 4974 cessit,
932 4925 1054 4962 cum
1091 4908 1328 4978 pontifex
1360 4910 1520 4964 annis
1559 4922 1640 4963 ιιι
1683 4908 1895 4962 fuisset.

2384 4914 2604 4974 τεύσας.

774 4999 1065 5055 Nectarius
1113 5001 1485 5069 magistratum
1515 5014 1731 5069 gerens,
1767 5013 1794 5051 a
1826 5014 1890 5053 CL
1915 4997 2165 5052 Patribus
2195 4998 2274 5052 si-

709 5093 824 5144 mul
863 5101 916 5144 et.
965 5091 1294 5160 baptizatur,
1333 5100 1386 5144 ct
1425 5090 1748 5154 ordinatur;
1793 5089 2026 5143 Arcadio
2060 5102 2277 5157 quoque

708 5189 992 5252 regnante,
1020 5180 1392 5249 pontificatum
1441 5193 1660 5250 gerens,
1701 5193 1792 5231 an.
1839 5193 1949 5241 ινι,
1985 5193 2158 5232 mens.
2199 5191 2275 5228 vi.

2456 5001 2762 5070 Νεκτὰριος
2824 4992 3216 5064 ἀξιωματικὸς,
3263 4991 3367 5042 ὑπὸ
3400 4988 3511 5041 τῶν
3565 4993 3642 5057 ρν¹
3701 4987 3968 5067 Πατέριυν

2385 5096 2501 5165 ἅμα
2533 5095 2626 5145 καὶ
2659 5088 2976 5160 βαπτίζεται
3002 5085 3096 5138 καὶ
3121 5084 3531 5152 χειροτονεῖται,
3576 5078 3673 5132 καὶ
3701 5079 3797 5129 ἐττί
3841 5078 3968 5144 Ἀρ-

2387 5186 2571 5240 καδίου
2601 5179 2998 5253 ἀρχιερατεύει,
3033 5177 3127 5244 ἐτη
3168 5173 3262 5237 ις’,
3306 5174 3480 5242 μῆνας
3513 5176 3586 5234 ς’.

779 5274 1018 5328 Joannes
1047 5273 1490 5343 Chrysostomus,
1527 5287 1614 5325 an.
1641 5287 1706 5337 .v,
1739 5285 1912 5324 mens.
1954 5287 2028 5324 vi.

778 5364 1042 5418 Arsacius
1071 5363 1374 5432 presbyter,
1413 5359 1652 5415 Nectarii
1683 5359 1867 5423 frater,
1904 5373 1994 5415 an.
2027 5373 2085 5412 ιι.

777 5457 996 5509 Atticus
1053 5455 1337 5524 presbyter
1379 5451 2042 5520 Constantinopolitanus,
2111 5453 2280 5522 impe-

715 5557 864 5608 rante
902 5545 1211 5604 Theodosio
1241 5547 1471 5610 minore,
1509 5559 1600 5596 an.
1637 5558 1729 5596 ιι.

2471 5278 2720 5344 Ἰωάννης
2749 5275 2777 5325 6
2807 5272 3188 5340 Χρυσόστομος
3217 5266 3313 5334 ἐτη
3341 5271 3400 5326 ε’,
3439 5262 3612 5329 μῆνας
3641 5261 3716 5322 ς’.

2460 5368 2747 5437 Ἀρσάκιος
2761 5362 3150 5432 πρεσϐύτερος,
3174 5359 3399 5422 ἁδελφῦς
3419 5352 3752 5420 Νεκταρίου,
3778 5348 3872 5416 ἔτη
3899 5346 3964 5415 β’.

2472 5460 2714 5521 Ἀττικὸς
2779 5453 3148 5525 πρεσὸὑτερος
3194 5441 3822 5501 Κωνσταντινουπόλεως
3874 5439 3968 5490 ἐπὶ

2393 5551 2670 5606 Θεοδοσίου
2701 5548 2796 5601 τοῦ
2841 5543 3058 5616 μικροῦ,
3088 5544 3180 5616 ἐτη
3204 5540 3270 5593 κ’.

1981 5657 2217 5712 νΑΙὶΙᾹΞ
2254 5662 2653 5718 LECTlONES.

781 5753 821 5785 "
846 5752 1198 5821 Δομετιανοῦ.

788 5856 820 5890 ιι
855 5848 1010 5900 hodie
1037 5846 1193 5912 Pera,
1229 5849 1331 5899 sire
1365 5845 1578 5898 Galam.
1656 5851 1683 5878 η
1719 5841 1792 5893 al.
1839 5839 2122 5894 Domitius.
