4176 6446
256 422 358 487 913

1531 417 2211 480 ῦΙίίΕΕΟ⁶ΙὶΟΜΑΝΗΜ

3408 411 3511 473 9ἰὲ

329 535 564 596 Σισίνιος
614 529 983 602 πρεσϐύτερος
1057 525 1158 595 τῆς
1231 524 1400 593 αὐτῆς
1443 521 1818 594 ”Εκκλησίας1

2006 527 2243 581 Sisinius
2304 524 2584 594 presbyter
2642 521 2884 590 ejusdem
2943 519 3198 574 Ecclesia»
3300 536 3388 577 an.
3463 545 3509 580 ι,

257 630 377 691 ἐτος
413 633 482 690 α’,
518 626 694 695 μῆνας
726 625 776 677 ι’-

329 721 623 785 Νεστόριος
655 720 683 770 6
716 715 1200 787 άνθρωπολάτρης,
1233 711 1605 784 πρεσϐύτερος
1625 712 1832 765 Ἀντιο-

256 812 435 882 χεῑας,
477 806 596 862 εἶτα.
620 805 1267 868 Κωνσταντινουπὸλεως,
1301 804 1393 874 ἔτη
1430 811 1500 873 γ’,
1534 804 1708 873 μῆνας
1765 802 1808 872 β’

258 896 431 967 Οὗτος
459 901 808 972 καθαιρεθεὶς
830 899 1071 966 εὐλόγως
1105 895 1375 967 ἐξωρίσθη
1408 897 1465 948 ἐν
1517 897 1720 950 Ὀάσει.

327 1085 676 1156 Μαξιμιανδς
732 1082 1106 1156 πρεσϐύτερος
1164 1078 1831 1145 Κωνσταντινουπόλεως’,

253 1179 350 1247 ἔτη
391 1178 455 1246 β’,
493 1179 670 1247 μῆνας
699 1175 761 1232 ε’.

325 1268 591 1338 Πρόκλος,
626 1266 733 1318 ὑπὸ
786 1263 1022 1317 Σισινῑου
1082 1260 1483 1334 χειροτονηθεὶς
1535 1257 1831 1320 ἐπίσκοπος

250 1361 518 1423 Κυζίκου,
550 1357 640 1410 καὶ
673 1356 748 1426 μὴ
780 1354 1010 1426 δεχθεὶς,
1039 1353 1322 1423 ἐσχόλασε.
1380 1350 1534 1404 Μετὰ
1582 1349 1638 1405 δὲ
1674 1349 1830 1402 θάνα-

249 1463 352 1502 τον·
383 1448 752 1518 Μαξιμιανοῦ,
782 1449 973 1516 γέγονε
1013 1441 1658 1506 Κωνσταντινουπόλεως,
1715 1459 1830 1495 κει-

254 1541 417 1608 μένου
447 1539 543 1592 τοῦ
575 1538 829 1607 λειψάνου
858 1534 1028 1590 αὐτοῦ
1056 1536 1114 1587 ἐν
1146 1534 1224 1604 τῷ
1253 1534 1548 1603 διακονικῷ
1585 1551 1598 1564 ·
1641 1535 1829 1603 ἀρχιε-

252 1630 526 1699 ρατεύσας
560 1628 656 1699 [τη
687 1627 775 1698 ιβ’.

322 1719 620 1782 Φλαϐιανὸς
658 1788 662 1790 _
706 1718 1078 1789 πρεσϐύτερος
1164 1714 1824 1775 Κωνσταντινουπόλεως,

1937 633 2109 671 1118115.
2150 634 2201 670 Χ.

2005 710 2314 772 Nestorins,
2351 708 2589 763 hominis
2630 707 2829 771 cultor,
2881 708 3160 776 presbyter
3207 707 3512 760 Antioche-

1936 816 2061 864 nus,
2105 808 2289 868 postea
2314 796 2976 865 Constantinopolitanus.
3019 810 3084 846 an
3117 812 3198 857 ιιι,
3235 811 3407 848 mens.
3451 811 3506 847 ιι.

1935 891 2032 944 Hic
2074 892 2220 959 justa
2249 892 2313 943 de
2347 904 2510 944 causa
2543 889 2844 958 depositus,
2880 888 2933 941 in
2975 885 3160 941 Oasim
3192 886 3509 956 deportatus

1935 980 2058 1034 fuit.

2005 1066 2367 1123 Maximianus
2470 1067 2759 1139 presbyter
2821 1063 3506 1136 Constantinopolitanus,

1933 1173 2025 1213 an.
2058 1176 2114 1224 ιι,
2151 1175 2323 1215 mens.
2353 1177 2405 1213 ν.

2002 1247 2290 1312 Proculus,
2317 1263 2345 1301 a
2372 1247 2573 1302 Sisinio
2593 1246 2772 1318 Cyzici
2806 1245 3097 1314 episcopus
3119 1243 3423 1306 ordinatus,
3456 1252 3511 1297 et

1936 1358 2044 1397 non
2079 1342 2377 1404 admissus,
2408 1342 2643 1396 vacavit.
2691 1345 2736 1393 Α
2771 1347 2947 1394 morte
2990 1354 3119 1392 vero
3168 1337 3510 1398 Maximiani,

1933 1436 2111 1489 iactus
2140 1444 2223 1488 est
2251 1435 2478 1488 antistes
2500 1431 3029 1501 Constantinopolis,
3068 1445 3190 1484 cum
3229 1430 3375 1483 illius
3409 1443 3504 1484 ca-

1931 1526 2099 1580 daver
2165 1527 2220 1580 in
2283 1525 2569 1582 diaconieo
2622 1525 2847 1594 iaceret.
2903 1521 3129 1577 Praefuit
3193 1520 3503 1576 sacerdotio

1973 1632 2110 1670 nmo
2143 1633 2230 1671 an.
2266 1633 2364 1673 XII.

1973 1633 2110 1670 nmo
2143 1633 2230 1671 an.
2266 1633 2364 1673 xu.

1933 1633 1965 1686 Ρ
2001 1705 2295 1762 Flavianus
2335 1706 2620 1777 presbyter
2653 1703 3311 1772 ConstantinOpolitanus,
3346 1716 3413 1755 an
3443 1717 3503 1763 ιι,

247 1810 344 1878 ἐτη
373 1809 647 1880 β⁷,-μῆνας
678 1816 752 1875 ς’.
785 1805 952 1872 Οὗτος
979 1808 1242 1878 ἐξεϐλήθη
1287 1805 1393 1859 ὑπὸ
1429 1805 1722 1874 Διοσκόρου
1771 1805 1818 1856 ἐκ

1930 1811 2102 1851 mens.
2141 1813 2216 1850 vi.
2253 1797 2355 1851 llic
2379 1813 2408 1850 a
2439 1796 2706 1852 Dioscoro
2752 1795 2856 1849 fuit
2902 1794 3112 1865 ejectus
3147 1794 3202 1849 in
3236 1792 3508 1864 Ephesino

247 1902 314 1970 τῇ
351 1901 619 1972 λῃστρικῇ
657 1901 862 1970 συνόδῳ
897 1899 1152 1968 Ἐφέσου.

321 1990 630 2054 Ἀνατόλιος
663 1989 1057 2061 πρεσϐύτερος,
1102 1986 1524 2058 άποκρισιάριος
1575 1984 1826 2048 Ἀλεξαν-

243 2080 455 2151 δρείας,
486 2082 580 2132 ἐπὶ
613 2079 958 2151 Μαρκιανοῦ,
984 2080 1080 2132 καὶ
1109 2079 1205 2130 ἐπὶ
1235 2078 1467 2140 Λέοντος
1499 2075 1592 2129 τοῦ
1650 2075 1826 2144 μεγὰ-

243 2172 359 2224 λου.
407 2173 864 2244 Ἀρχιερατεύσας
899 2171 993 2240 ἐτη
1013 2169 1082 2241 η’,
1123 2171 1300 2240 μῆνας
1335 2169 1408 2240 η’.

315 2262 596 2324 Γεωάδιος
631 2261 1000 2332 πρεσϐύτερος
1047 2260 1692 2323 Κωνσταντινουπό).εως.
1726 2259 1822 2328 ἐτη

242 2359 334 2420 ιγ’,
359 2353 532 2421 μῆνας
563 2353 627 2421 β’.
655 2353 783 2406 Ἐπὶ
814 2352 1008 2406 τούτου
1042 2355 1068 2406 6
1095 2353 1340 2414 Στούδιος
1366 2352 1552 2405 ἔκτισε
1587 2353 1677 2405 τὸν
1695 2352 1822 2405 ναὸν

240 2447 336 2499 τοῦ
375 2447 534 2514 άγέου
566 2447 815 2501 Ἰωάννου
847 2447 942 2500 τοῦ
972 2447 1310 2518 Προδρόμου,
1365 2449 1460 2500 καὶ⁸
1487 2447 1719 2517 μοναχὸν
1757 2448 1821 2500 ἐκ

237 2538 349 2588 τῶν
385 2539 722 2610 Ἀκοιμήτων
785 2539 1188 2609 ἐγκατέστησεν
1235 2539 1314 2601 εἰς
1371 2538 1552 2592 αὐτόν.
1605 2538 1820 2592 Ἐϐασί-

239 2628 366 2681 λευε
395 2629 454 2682 δὲ
483 2631 605 2684 τότε
635 2631 786 2683 Λέων
816 2631 844 2683 6
867 2630 1074 2698 Μέγας.

313 2721 580 2784 Φλαϐίτας
615 2721 984 2790 πρεσϐύτερος
1015 2721 1113 2789 τῆς
1149 2720 1311 2788 ἁγίας
1349 2720 1674 2791 Ἐκκλησίας
1715 2723 1818 2773 Συ-

242 2814 378 2876 κῶν,
406 2816 499 2866 ἐπί
533 2814 804 2884 Ζήνωνος,
844 2814 1018 2882 μῆνας
1046 2818 1118 2879 γ’,
1149 2812 1362 2881 ἡμέρας
1385 2811 1449 2875 ζ’.

323 2906 581 2968 Ἀκάκιος
635 2904 1026 2976 πρεσϐύτερος,
1062 2903 1358 2973 αἱρετικδς,
1401 2905 1493 2956 ἐπὶ
1556 2903 1819 2958 ’Δνασταο

239 2996 378 3056 σίου,
411 2996 506 3065 ἐτη
541 2996 624 3060 ιζ’,
653 2997 827 3064 μῆνας
858 2994 924 3046 θ’.

309 3088 592 3157 Εὑφήμιος
622 3086 994 3158 πρεσϐύτερος
1042 3088 1687 3154 Κωνσταντινουπόλεως,
1723 3092 1819 3145 καὶ

1858 1863 1900 1918 Β
1932 1888 2205 1942 latronum
2233 1889 2484 1943 concilio.

1999 1980 2288 2033 Anatolius
2321 1981 2624 2049 presbyter,
2660 1979 3034 2048 apocrisarius
3073 1977 3502 2042 Alexandrinus,

1931 2081 2038 2126 tam
2073 2071 2372 2140 imperante
2405 2069 2698 2135 Marciano,
2719 2086 2880 2140 quam
2913 2068 3094 2124 Leone
3124 2083 3336 2139 magno,
3371 2085 3509 2139 pon-

1935 2162 2198 2215 tiﬁcatum
2225 2176 2314 2214 an.
2342 2177 2457 2223 vm,
2493 2177 2671 2215 mens.
2702 2176 2822 2228 νιιι,
2858 2161 3052 2230 gessit.

2004 2253 2324 2307 Gennadius
2429 2253 2714 2323 presbyter
2810 2252 3502 2321 ConstantinOpolitanus,

1928 2358 2018 2398 an.
2051 2359 2169 2408 xm,
2226 2359 2400 2398 mens.
2453 2359 2512 2397 ιι.
2573 2341 2685 2397 lloc
2733 2342 3011 2412 pontiﬁce,
3064 2342 3291 2397 Studius
3335 2343 3503 2397 aedem

1929 2437 2106 2490 sancti
2164 2434 2394 2490 Joannis
2444 2434 2808 2489 Prrecnrsoris
2861 2436 3154 2497 exstruxit,
3209 2443 3263 2489 et
3312 2451 3502 2488 mona-

1927 2530 2086 2582 chum
2107 2545 2137 2584 e
2161 2529 2394 2598 collegio
2419 2544 2612 2583 somno
2647 2529 3037 2581 abstinentium
3073 2529 3128 2581 in
3155 2543 3273 2582 eam
3302 2531 3506 2584 coasti-

1925 2618 2048 2672 tuit.
2077 2620 2206 2672 Erat
2238 2626 2368 2672 tunc
2402 2618 2696 2687 imperator
2733 2615 2840 2672 Leo
2879 2633 3133 2686 magnus.

1995 2707 2233 2764 Flavitas
2265 2711 2550 2780 presbyter
2588 2716 2791 2763 sanctae
2832 2708 3090 2764 Ecclesia:
3119 2710 3363 2780 Sycenm.
3401 2709 3503 2763 im-

1925 2809 2155 2870 perante
2191 2799 2433 2867 Zenone,
2462 2800 2749 2856 tnettsibus
2782 2814 2867 2863 n,
2894 2799 3087 2854 diebus
3121 2815 3216 2853 νιι.

1997 2893 2234 2948 Aeacius
2258 2892 2564 2964 presbyter,
2595 2891 2907 2956 haereticus,
2945 2892 3246 2962 imperante
3267 2893 3502 2947 Anasta-

1925 2985 2028 3049 sio,
2062 3000 2154 3039 an.
2189 3000 2324 3048 xvn,
2360 2998 2537 3039 mens.
2573 2999 2648 3038 ιι.

1996 3073 2332 3144 Euphemius
2389 3075 2671 3145 presbyter
2728 3071 3393 3145 Constantinopolitanus,
3445 3085 3501 3131 et

236 3178 624 3245 πτωχοτρόφος
682 3175 1028 3241 Νεαπόλεως,
1077 3174 1343 3246 ἐξεϐλήθη
1404 3179 1510 3232 ὑπὸ
1552 3181 1817 3235 ’Δναστα-

1925 3165 2358 3236 ptoeltotrophus
2408 3165 2821 3235 Neapolitanus,
2853 3165 3061 3235 eiectus
3106 3174 3191 3223 est
3244 3166 3314 3223 ab
3354 3166 3500 3221 Ana-

237 3267 379 3332 ciou,
409 3268 842 3338 ἀρχιερατεύσας
886 3267 982 3338 ἐτη
1009 3274 1104 3332 ις’,
1135 3271 1310 3338 μῆνας
1339 3269 1401 3333 ζ’.

307 3442 662 3508 Μακεδόνιος,
696 3443 959 3514 ἐξεϐλήθη
989 3444 1083 3498 καὶ
1104 3447 1288 3510 αὑτός.

308 3530 578 3599 Τιμόθεος
626 3532 999 3602 πρεσϐύτερος
1054 3536 1682 3602 Κωνσταντινουπόλεως
1723 3542 1817 3594 καὶ

235 3621 602 3690 σκευοφύλαξ,
640 3623 732 3676 ἐπὶ
769 3625 1123 3679 ’Δναστασιου
1150 3630 1248 3682 καὶ
1289 3630 1598 3698 Ἰουστίνου,
1620 3631 1716 3703 ἐτη
1737 3639 1812 3697 ς’,

233 3714 429 3782 ἥμισυ.

315 3803 573 3872 Ἰωάννης
597 3806 625 3858 6
643 3805 1040 3876 Καππαδόκης,
1070 3807 1444 3878 πρεσϐύτερος
1469 3810 1562 3863 καὶ
1588 3809 1818 3878 σύγκελ-

230 3895 322 3958 λος
349 3898 451 3963 τῆς
483 3895 654 3966 αὐτῆς
711 3898 1064 3968 Ἐκκλησιας,
1109 3900 1203 3952 ἐπὶ
1247 3901 1651 3966 ’1ουστινιανοῦ,
1695 3902 1816 3966 ἐτος

231 3984 300 4053 α’,
335 3988 511 4056 μῆνας
544 3987 596 4040 ι’.

317 4078 639 4143 Ἐπιτάνιος
664 4079 1033 4150 πρεσϐύτερος
1063 4079 1693 4146 Κωνσταντινουπόλεως
1721 4081 1815 4135 καὶ

235 4170 552 4238 σύγκελλος,
578 4171 672 4241 ἐτη
705 4178 802 4237 ις’,
838 4173 1012 4243 μῆνας
1037 4179 1106 4242 γ’.

308 4262 573 4330 Ἀνθιμος
599 4263 1013 4330 Τραπεζοῦντος
1037 4265 1338 4330 ἐπίσκοπος
1365 4266 1658 4339 πρότερον,
1692 4263 1814 4321 εἶτα

232 4353 876 4416 Κωνσταντινουπόλεως,
913 4353 1086 4424 μῆνας
1116 4353 1180 4409 δ’.
1209 4348 1378 4419 Οὗτος
1402 4356 1682 4430 καθῃρέθη
1709 4359 1816 4413 ὑπὸ

231 4445 331 4513 τῆς
367 4446 509 4497 κατὰ
538 4445 632 4496 τοῦ
663 4444 902 4514 Σεϐήρου
931 4445 1298 4515 συνελθούσης
1328 4447 1567 4502 συνόδου.

299 4536 498 4602 Μηνᾶς
527 4533 897 4604 πρεσϐύτερος
929 4535 1558 4601 Κωνσταντινουπόλεως
1582 4537 1678 4591 καὶ
1713 4537 1811 4590 Ξε-

230 4626 440 4696 νοδόχος
467 4625 576 4678 τῶν
606 4625 866 4694 Σαμψὼν,
895 4626 989 4696 ἐτη
1016 4634 1114 4692 ις’,
1151 4628 1329 4698 μῆνας
1365 4635 1440 4692 ς’.

296 4735 563 4804 Εὐτύχιος
596 4735 967 4806 πρεσϐύτερος
1005 4739 1101 4792 καὶ
1147 4741 1377 4810 μοναχὸς
1407 4741 1500 4794 τοῦ
1536 4744 1596 4796 ἐν
1638 4744 1806 4813 Ἀμα-

232 4825 352 4896 σεία
389 4826 776 4895 μοναστηρεου,
807 4826 900 4896 ἐτη
936 4826 1023 4896 ιβ’,
1053 4829 1229 4897 μῆνας
1253 4837 1314 4884 ε’.
1346 4826 1513 4894 Οὗτος
1537 4833 1803 4904 ἐξεϐλήθη

228 4915 332 4969 ὑπὸ
379 4916 753 4968 ἰο-,ιστινιανοῦ
782 4916 860 4986 τῷ
891 4915 932 4968 λ’
964 4917 1073 4970 ἔτει
1102 4919 1203 4989 τῆς
1233 4921 1400 4974 αὐτοῦ
1431 4921 1728 4990 βασιλείας.

307 5030 563 5099 Ἰωάννης
592 5029 961 5100 πρεσϐύτερος
987 5029 1343 5102 Ἀντιοχείας,
1377 5035 1404 5085 6
1454 5037 1561 5088 ἀπὸ
1608 5037 1802 5107 σχολα-

1921 3259 2086 3315 statio
2177 3274 2304 3314 cum
2379 3260 2639 3330 gessisset
2717 3256 3092 3328 pontiﬁcatum
3166 3273 3296 3316 ann.
3354 3274 3442 3315 xw
3478 3301 3493 3324 ,

1920 3368 2095 3408 mens.
2133 3369 2229 3409 Vl].

1991 3443 2360 3508 Macedonius,
2383 3445 2593 3513 ejectus
2620 3453 2675 3499 et
2714 3445 2850 3514 ipse.

1990 3532 2312 3590 Timotheus
2369 3535 2653 3605 presbyter
2713 3534 3375 3603 Cunstantinopolitanus,
3434 3545 3488 3588 et

1917 3639 2174 3680 vasorum
2198 3633 2408 3691 custos,
2435 3626 2836 3696 imperantibus
2863 3625 3155 3682 Anastasio
3181 3635 3234 3681 et
3253 3625 3495 3690 Justino,

1917 3732 2009 3772 an.
2041 3733 2089 3770 νι
2127 3717 2184 3771 S.

1985 3805 2222 3862 Joannes
2255 3806 2567 3876 Cappadox,
2619 3810 2906 3880 presbyter
2931 3817 2984 3864 et
3023 3809 3298 3879 syncellus
3340 3809 3490 3878 ejus-

1916 3897 2038 3953 dem
2069 3898 2347 3963 Ecclesim,
2375 3909 2634 3968 regnante
2671 3899 2942 3964 Justiano,
2967 3915 3055 3954 an.
3079 3917 3118 3967 ι,
3150 3916 3326 3956 mens.
3365 3917 3418 3955 κ.

1985 4079 2326 4152 Epiphanius
2381 4085 2667 4154 presbyter
2739 4083 3386 4154 Constantinopolitanus
3437 4093 3493 4138 et

1917 4175 2212 4246 syncellus,
2246 4192 2336 4230 an.
2367 4193 2476 4241 xw,
2501 4193 2674 4231 mens.
2709 4192 2789 4232 ιιι.

1988 4266 2305 4328 Anthimus,
2351 4268 2525 4334 primo
2557 4269 2920 4337 Trapezuntis
2957 4269 3269 4337 episcopus,
3295 4266 3493 4320 deinde

1918 4353 2583 4426 Cunstantinopolitanus,
2612 4360 2844 4415 mensib.
2872 4377 2946 4414 Iv.
2989 4360 3282 4429 Depositus
3317 4358 3418 4412 fuit
3459 4372 3490 4412 a

1916 4449 2151 4503 concilio
2179 4459 2370 4504 contra
2399 4451 2660 4505 Severum
2692 4461 2902 4506 coacto.

1987 4539 2176 4594 Menas
2223 4543 2509 4612 presbyter
2547 4543 3192 4613 Constantinopolitanus
3223 4551 3274 4596 et
3307 4543 3491 4596 Xeno-

1837 4609 1888 4668 θ
1915 4631 2097 4686 dochii
2130 4631 2470 4700 Sampsoniei
2510 4634 2820 4703 praefectus,
2849 4649 2939 4690 an.
2965 4651 3074 4700 1m,
3111 4650 3287 4689 mens.
3316 4651 3390 4688 VI.

1985 4742 2286 4814 Eutycltius
2335 4745 2620 4813 presbyter
2671 4755 2725 4800 et
2771 4746 3073 4801 monachus
3127 4747 3180 4799 in
3216 4748 3486 4801 Amasene

1914 4837 2265 4899 monasterio,
2289 4852 2381 4890 an.
2423 4853 2517 4903 χιι,
2575 4854 2750 4894 mens.
2786 4855 2838 4892 γ.
2881 4839 2982 4893 Hic
3020 4840 3280 4907 expulsus
3324 4839 3425 4894 fuit
3455 4857 3484 4895 a

1907 4924 2216 4981 Justiniano
2240 4943 2385 4981 anno
2409 4929 2616 4998 imperii
2642 4929 2762 4999 ejus
2794 4946 2921 4984 xxx.

1977 5037 2217 5094 Joannes
2241 5041 2524 5112 presbyter
2562 5042 2961 5107 Antiocltenus,
2994 5042 3268 5112 quondam
3304 5052 3484 5113 patro-

229 5121 449 5184 στικῶν,
479 5119 575 5188 ἐτη
608 5117 693 5188 ιβ’,
729 5119 906 5188 μῆνας
941 5127 1012 5183 ς’.
1043 5116 1211 5186 Οὗτος
1244 5124 1335 5175 ἐπὶ
1366 5125 1655 5181 Ἰουστίνου
1684 5127 1802 5181 υἱοῦ

1924 5145 2012 5183 tus
2043 5145 2352 5194 causarum,
2375 5147 2463 5185 an.
2495 5150 2589 5194 ιιι,
2617 5149 2790 5188 mens.
2820 5151 2894 5188 v1.
2932 5133 3155 5189 Praafuit
3185 5136 3486 5206 imperante

239 5209 644 5275 ’1ουστινιανοῦ,
673 5212 767 5264 καὶ
792 5211 888 5263 ἐπὶ
913 5211 1187 5282 Τιϐερίου.

293 5324 561 5392 Εύτύχιος
599 5323 760 5378 πάλιν
800 5324 1167 5396 ἀποκατέστη,
1197 5329 1224 5380 6
1257 5329 1541 5400 πρότερον,
1584 5333 1677 5386 ἐπὶ
1705 5333 1798 5386 τοῦ

229 5419 394 5472 αὐτοῦ
438 5418 716 5489 Τιϐερίου·
763 5420 1193 5491 ἀρχιερατεύσας
1232 5419 1389 5488 αὖθις
1445 5425 1539 5498 ἐτη
1579 5427 1640 5495 δ’,
1695 5431 1799 5502 μῆ-

227 5528 318 5574 νας
352 5515 426 5574 ς’.

305 5622 564 5692 Ἰωάννης
626 5623 871 5684 διάκονος
925 5625 1025 5692 τῆς
1083 5626 1329 5696 μεγάλης
1374 5628 1733 5700 Ἑκκλησίας,
1769 5634 1797 5686 6

227 5711 557 5784 Νηστευτὴς,
592 5715 684 5768 ἐπὶ
711 5716 1042 5786 Μαυρικῐου,
1071 5716 1164 5787 ἔτη
1193 5726 1278 5786 ιγ’,
1319 5720 1491 5790 μῆνας
1519 5729 1581 5777 ε’.

295 5802 578 5872 Κυριακδς
614 5805 986 5878 πρεσϐύτερος
1043 5807 1137 5877 τῆς
1169 5809 1332 5879 αὐτῆς
1386 5813 1627 5884 μεγάλης
1676 5815 1782 5868 Ἐκ-

1902 5218 2121 5274 Justino
2157 5220 2264 5275 tilio
2300 5221 2596 5294 [adoptivo]
2624 5222 2939 5290 Justiniani,
2963 5236 3018 5279 et
3058 5225 3304 5283 Tiberio.

1974 5332 2278 5404 Eutychius
2296 5335 2424 5389 olim
2449 5335 2703 5397 antistes,
2733 5336 2928 5390 iterum
2955 5338 3264 5403 restitutus,
3288 5338 3479 5393 eodem

1903 5425 2125 5482 Tiberio
2157 5437 2438 5498 regnante,
2469 5429 2848 5499 pontiﬁcatum
2867 5445 3062 5486 rursus
3089 5446 3179 5486 an.
3202 5448 3275 5486 IV.
3301 5447 3478 5487 mens.

1905 5536 1978 5586 tv,
2010 5521 2198 5590 gessit.

1975 5631 2215 5689 Joannes
2263 5634 2526 5690 diaconus
2574 5635 2800 5704 majoris
2829 5637 3110 5702 Ecclesiae,
3151 5638 3478 5708 cognomine

1900 5725 2197 5794 jejunator,
2233 5727 2537 5796 imperante
2573 5728 2864 5792 Mauricio,
2900 5745 2989 5784 an.
3032 5745 3126 5784 xm
3153 5768 3167 5792 ,
3206 5745 3378 5782 mens.
3422 5747 3472 5780 \'.

1970 5815 2235 5887 (yriarus
2291 5819 2568 5888 presbyter
2607 5819 2846 5888 ejusdem
2881 5821 3103 5890 majoris
3137 5821 3380 5877 ccttlcsizr
3424 5849 3474 5890 ιιι
