4176 6446
716 408 822 472 915

2033 415 2064 473 J
2074 413 2169 474 US
2206 410 2651 475 CANONICUM

3866 407 3966 470 916

713 538 1028 578 mcouomus
1060 561 1073 585 ,
1108 534 1299 578 eoaem
1347 522 1651 594 imperante
1696 521 1980 591 Mauricio,
2018 533 2071 579 et
2113 524 2273 578 Pboc:

2400 528 2650 598 κλησίας,
2682 527 2776 583 καὶ
2805 525 3108 596 οἰκονόμος,
3153 525 3248 578 ἐπὶ
3289 522 3384 577 τοῦ
3423 521 3593 577 αὐτοῦ
3633 522 3960 594 Μαυρικίου,

712 624 964 687 tyranno,
987 629 1079 668 an.
1112 630 1189 670 Il.

782 705 1022 761 Thomas
1041 707 1308 762 diaconus
1337 714 1390 763 et
1413 707 1734 763 sacellarius
1760 706 1985 780 Majoris
2005 708 2284 775 Ecclesiae,

709 805 975 866 regnante
1007 796 1191 852 Pboca
1228 798 1436 862 eodem,
1476 798 1850 868 pontiﬁcatum
1889 802 2057 870 gessit
2088 817 2175 856 an.
2204 817 2285 866 ιιι,

712 903 890 944 mens.
923 904 983 943 ιι.

785 979 1008 1051 Sergius
1021 981 1286 1038 diaconus
1311 981 1557 1052 ejusdem
1587 982 1864 1039 Ecclesiae.
1889 992 2153 1055 regnante
2183 984 2288 1040 He-

711 1071 882 1124 raclio
908 1081 1157 1142 augusto,
1189 1089 1281 1127 an.
1311 1091 1502 1139 xxvm,
1544 1091 1717 1130 mens.
1753 1091 1848 1129 vu.

781 1159 1024 1231 Pyrrhus
1053 1165 1339 1236 presbyter
1372 1166 1614 1235 ejusdem
1643 1167 1923 1233 Ecclesiae,
1957 1169 2281 1233 monachus,

708 1258 762 1303 et
793 1266 994 1318 praeses
1011 1257 1492 1322 monasteriorum,
1514 1265 1565 1310 et
1581 1257 1745 1312 abbas
1769 1258 2280 1328 Chrysopolitanns,

707 1342 973 1398 seditione
997 1356 1291 1411 commota,
1318 1347 1651 1402 renuntiavit
1680 1367 1693 1402 :
1727 1363 1852 1402 cum
1882 1347 2122 1419 pontifex
2143 1347 2282 1402 fuis-

709 1443 793 1488 set
830 1452 927 1513 ειη.
961 1453 1016 1501 ιι,
1060 1455 1237 1494 mens.
1280 1457 1357 1503 ix,
1383 1441 1577 1496 diei-ns
1609 1458 1685 1495 rx.

774 1521 976 1579 Paulus
989 1527 1275 1597 presbyter
1301 1527 1544 1598 ejusdem
1570 1528 1845 1595 Ecclesiae,
1871 1539 1922 1584 et
1941 1543 2282 1595 (economus,

706 1609 961 1669 Heraclio
991 1627 1254 1684 regnante
1284 1635 1372 1672 an.
1403 1636 1502 1675 xu.

776 1703 1018 1774 Pyrrhus
1050 1707 1246 1763 iterum
1279 1712 1594 1776 restitutus,
1621 1725 1795 1765 mens.
1836 1727 1908 1765 Iv.

773 1796 967 1853 Petrus
994 1799 1256 1857 diaconus
1287 1811 1340 1858 et
1378 1818 1698 1858 mconomus
1725 1803 1966 1871 ejusdem
1995 1804 2274 1868 Ecclesiae,

702 1900 966 1956 regnante
1009 1890 1371 1950 Constantino
1402 1904 1425 1930 ο
1453 1938 1468 1963 ,
1514 1895 1750 1951 Heraclii
1801 1906 2016 1967 nepote,
2054 1913 2145 1951 an.
2177 1914 2274 1961 xu,

704 1990 880 2033 lliCTlS.
914 1996 990 2035 IV.

772 2067 1016 2128 Thomas
1043 2075 1308 2130 diaconus
1335 2086 1390 2133 et
1419 2079 1788 2134 chartularius
1819 2080 2068 2148 ejusdem
2096 2080 2280 2137 Eccle-

702 2161 814 2225 siae,
861 2177 951 2216 an.
982 2180 1251 2228 rx,mens.
1282 2184 1375 2223 vu.

769 2251 1012 2310 Joannes
1046 2259 1333 2329 presbyter
1378 2269 1431 2315 et
1474 2262 1844 2322 chartularius
1882 2265 2125 2335 ejusdem
2174 2267 2278 2321 Ec-

703 2346 902 2412 clesim,
937 2364 1025 2402 an.
1057 2367 1110 2411 v,
1156 2368 1330 2407 mens.
1362 2344 1457 2408 rx.

771 2437 1168 2497 Constantinus
1210 2442 1474 2500 diaconus
1517 2445 1762 2514 ejusdem
1808 2448 2086 2514 Ecclesiae,
2125 2464 2278 2505 vaso-

701 2544 934 2597 rumque
958 2541 1162 2598 custos,
1201 2541 1253 2587 et
1279 2549 1620 2603 meouomus,
1644 2537 1836 2592 eodem
1863 2538 2224 2596 Constantino
2247 2550 2276 2591 ι)

698 2616 1023 2684 imperante,
1053 2636 1176 2677 cum
1214 2624 1589 2692 pontiﬁcatum
1618 2643 1708 2683 an.
1739 2645 1799 2696 ιι,
1828 2645 2006 2686 mens.
2036 2646 2118 2691 ιιι.
2149 2646 2275 2703 ges-

700 2709 885 2772 sisset,
917 2709 1124 2779 ejectus
1151 2721 1258 2766 est.

771 2799 1038 2870 Georgius
1056 2805 1360 2875 presbyter,
1377 2809 1675 2878 syncellus,
1701 2815 1754 2864 et
1781 2825 2039 2866 vasorum
2064 2820 2274 2880 custos,

697 2891 889 2947 eodem
923 2893 1222 2950 Constante
1259 2897 1591 2968 imperatore
1621 2910 1676 2955 et
1707 2900 2094 2970 Constantino,
2131 2903 2277 2958 Con-

697 2984 896 3040 stantis
957 2984 1086 3052 ﬁlio,
1147 3001 1451 3058 cognomen
1502 2990 1723 3047 Barbati
1767 2995 2026 3063 gerentis,
2076 3009 2168 3049 an.
2195 3010 2275 3049 ιιι.

699 3088 875 3127 mens.
909 3089 988 3129 111.

2392 622 2488 674 καὶ
2516 622 2611 674 ἐπὶ
2642 619 2806 672 Φωκᾶ
2826 616 2919 670 τοῦ
2945 617 3231 687 τυράννου,
3257 615 3353 686 ἐτη
3383 619 3474 667 ια’.

2459 711 2662 778 Θωμᾶς
2705 709 2950 770 διάκονος
3002 707 3098 758 καὶ
3155 704 3508 773 σακελλάριος
3555 701 3653 771 τῆς
3709 699 3965 768 Μεγάλης

2403 801 2751 872 Ἐκκλησίας,
2796 801 2890 852 ἐπὶ
2935 798 3027 853 τοῦ
3073 795 3239 850 αὐτοῦ
3291 797 3477 861 Φωκᾶ,
3532 794 3964 865 ἀρχιερατεύσας

2389 895 2484 964 ἐτη
2516 892 2585 962 γ’,
2613 894 2784 963 μῆνας
2818 891 2885 960 β’.

2458 987 2681 1055 Σέργιος
2703 983 2947 1044 διάκονος
2966 982 3066 1050 τῆς
3087 979 3257 1049 αὐτῆς
3291 975 3639 1047 Ἐκκλησίας,
3665 976 3759 1029 ἐπὶ
3801 975 3966 1045 Ἥρα-

2387 1079 2568 1132 κλείόυ
2597 1076 2878 1145 βασιλέως,
2907 1074 3001 1143 ἐτη
3027 1070 3134 1143 κη’,
3177 1073 3351 1142 μῆνας
3374 1071 3439 1135 ζ’.

2458 1172 2674 1241 Πύρρος
2707 1167 3078 1238 πρεσϐύτερος
3113 1167 3210 1236 τῆς
3240 1165 3414 1234 αὐτῆς
3457 1162 3813 1232 Ἐκκλησίας,
3870 1178 3960 1231 μο-

2386 1264 2547 1333 ναχὸς
2583 1262 2677 1314 καὶ
2706 1261 2889 1332 ἄρχων
2931 1257 3040 1310 τῶν
3073 1256 3474 1327 μοναστηρίων,
3523 1256 3618 1308 καὶ
3663 1254 3963 1323 ἡγούμενος

2387 1352 2802 1422 Χρυσοπόλεως,
2829 1349 3070 1410 στάσεως
3099 1347 3402 1415 γενομένης
3432 1346 3794 1416 παρῃτήσατο
3814 1383 3829 1406 ,
3872 1345 3962 1414 ἁρ-

2387 1441 2744 1512 χιερατεύσας
2775 1439 2869 1508 ἔτη
2902 1438 2968 1507 β’,
3003 1437 3178 1507 μῆνας
3209 1434 3274 1498 θ’,
3303 1434 3518 1504 ἡμέρας
3548 1434 3614 1487 ϐ’.

2456 1533 2668 1595 Παῦλος
2709 1529 3078 1600 πρεσϐύτερος
3109 1529 3208 1598 τῆς
3248 1527 3417 1595 αὐτῆς
3474 1523 3831 1593 Ἐκκλησίας,
3877 1525 3965 1573 καὶ

2385 1626 2686 1693 οἰκονόμος,
2721 1624 2813 1675 ἐπὶ
2841 1620 2936 1674 τοῦ
2966 1618 3131 1674 αὑτοῦ
3178 1615 3529 1687 Ἡρακλείου,
3561 1614 3657 1682 ἔτη
3697 1612 3786 1682 ιβ’.

2455 1717 2670 1788 Πύρρος
2706 1715 2868 1769 πάλιν
2896 1710 3266 1778 ἀποκατέστη,
3307 1708 3482 1777 μῆνας
3508 1705 3573 1759 δ’.

2457 1808 2660 1873 Πέτρος
2684 1803 2929 1864 διάκονος
2957 1801 3053 1853 καὶ
3080 1797 3366 1866 οἰκονόμος
3391 1796 3492 1865 τῆς
3532 1794 3701 1862 αὐτῆς
3739 1793 3963 1860 Ἐκκλη-

2385 1895 2525 1957 σίας,
2563 1895 2656 1945 ἐπὶ
2682 1890 3095 1945 Κωνσταντίνου
3120 1888 3187 1952 ⁷³,
3215 1887 3444 1954 ἐκγόνου
3479 1884 3574 1937 τοῦ
3619 1884 3959 1953 Ἡρακλείου,

2381 1989 2474 2056 ἐτη
2506 1986 2592 2057 ιβ’,
2621 1987 2794 2054 μῆνας
2818 1981 2879 2034 6‘-

2450 2080 2651 2149 Θωμᾶς
2679 2077 2924 2138 διάκονος
2966 2074 3064 2128 καὶ
3103 2069 3454 2144 χαρτοφύλαξ
3497 2070 3596 2137 τῆς
3623 2069 3798 2136 αὐτῆς
3840 2069 3960 2120 Ἐκ-

2381 2172 2631 2242 κλησίας,
2666 2169 2760 2236 ἔτη
2795 2164 2860 2230 0',
2905 2165 3079 2235 μῆνας
3113 2163 3178 2228 ζ’.

2463 2263 2712 2330 Ἰωάννης
2740 2258 3112 2329 πρεσϐύτερος
3149 2257 3244 2310 καὶ
3277 2251 3633 2325 χαρτοςρύλαξ
3662 2250 3763 2320 τῆς
3796 2251 3963 2320 αὐτῆς

2392 2353 2736 2422 Ἐκκλησίας,
2768 2351 2860 2420 ἐτη
2889 2357 2951 2414 ε’,
2997 2351 3173 2418 μῆνας
3197 2346 3263 2400 0'.

2450 2443 2860 2502 Κωνσταντίνος
2918 2440 3166 2499 διάκονος
3215 2438 3313 2505 τῆς
3362 2435 3533 2504 αὐτῆς
3603 2430 3958 2498 Ἑκκλησίας,

2379 2534 2474 2591 καὶ
2504 2530 2866 2600 σκευοφύλαξ,
2889 2530 2986 2582 καὶ
3016 2528 3320 2597 οἰκονόμος,
3350 2526 3444 2578 ἐπὶ
3469 2524 3564 2577 τοῦ
3602 2521 3768 2577 αὑτοῦ
3802 2523 3962 2574 Κων-

2379 2626 2653 2680 σταντίνου
2682 2624 2750 2688 ⁷⁸,
2789 2619 3222 2692 ἀρχιερατεύσας
3275 2617 3370 2687 ἐτη
3402 2616 3469 2686 β’,
3523 2616 3701 2686 μῆνας
3740 2612 3813 2682 γ’,
3872 2610 3964 2674 ἐξ·

2377 2718 2603 2788 εϐλήθη.
2920 2802 2944 2808 Δ
2965 2801 2976 2808 ⁸
3244 2799 3256 2808 _
3369 2798 3417 2808 η
3633 2797 3645 2808 _
3913 2792 3926 2808 ν

2446 2808 2718 2878 Γεώργιος
2768 2801 3163 2876 πρεσϐύτερος,
3194 2798 3517 2868 σύγκελλος,
3561 2797 3656 2850 καὶ
3685 2797 3962 2862 σκευοφύ-

2377 2903 2496 2969 λαξ,
2536 2901 2629 2953 ὲπὶ
2660 2896 2753 2952 τοῦ
2776 2895 2943 2951 αὐτοῦ
2982 2893 3357 2955 Κώνσταντος,
3391 2891 3486 2943 καὶ
3528 2890 3623 2940 ἐπὶ
3663 2888 3966 2939 Κωνστανο

2377 2995 2520 3048 τίνου
2561 2990 2655 3044 τοῦ
2703 2988 2822 3043 υἱοῦ
2857 2985 3236 3047 Κώνσταντος,
3287 2980 3384 3036 τοῦ
3435 2979 3808 3048 Πωγωνάτου,
3865 2976 3962 3044 ἐτη

2377 3085 2447 3154 Υ,
2489 3085 2665 3154 μῆνας
2705 3087 2775 3148 γ’·

770 3163 1094 3222 Theodorus
1121 3169 1409 3242 presbyter
1427 3171 1673 3241 ejusdem
1689 3173 1964 3242 Ecclesiae,
1985 3179 2273 3248 syncellus,

2453 3175 2730 3244 Θεόδωρος
2773 3168 3146 3242 πρεσϐύτερος
3205 3165 3305 3236 τῆς
3353 3162 3526 3231 αὐτῆς
3604 3157 3960 3228 Ἐκκλησίας,

697 3265 753 3311 et
785 3273 1040 3312 vasorum
1073 3271 1282 3326 custos,
1312 3265 1473 3320 annis
1497 3282 1557 3329 ιι,
1593 3275 1645 3321 et
1678 3266 1877 3324 deinde
1904 3271 2117 3338 pulsus.

771 3347 1094 3406 Theodorus
1125 3351 1267 3408 idem
1296 3393 1311 3417 ,
1344 3355 1583 3411 Barbato
1611 3358 1801 3412 eodem
1834 3360 2158 3429 imperante,
2189 3377 2278 3418 re-

698 3442 927 3497 stitutus
955 3442 1007 3495 in
1059 3442 1355 3512 integrum,
1417 3453 1679 3515 tanquam
1740 3465 1905 3505 verus
1967 3453 2275 3520 patriarcha

697 3529 1073 3598 pontificatum
1108 3533 1279 3602 gessit
1309 3547 1399 3587 an.
1439 3550 1479 3601 r,
1513 3550 1689 3592 mens.
1723 3554 1780 3592 ι.

760 3621 994 3685 Paulus.
1026 3638 1092 3678 ex
1123 3624 1301 3689 laicis,
1343 3627 1558 3696 primus
1592 3646 1621 3683 a
1660 3633 1910 3700 secretis,
1940 3633 2130 3690 eodem
2169 3635 2274 3690 im-

697 3721 923 3781 perante
957 3712 1213 3780 Barbato,
1255 3729 1350 3771 an.
1380 3714 1454 3772 vl.
1494 3734 1673 3775 mens.
1713 3738 1825 3777 vru.

768 3803 1069 3860 Callinicus
1111 3806 1423 3878 presbyter,
1456 3818 1512 3865 et
1552 3821 1740 3869 custos
1776 3829 2034 3870 vasorum
2064 3817 2118 3870 in
2149 3818 2272 3873 Bla-

2381 3264 2694 3334 σύγκελλος,
2725 3262 2824 3315 καὶ
2853 3255 3215 3327 σκευοφύλαξ,
3257 3253 3352 3325 ἔτη
3391 3252 3458 3324 β’,
3483 3251 3578 3305 καὶ
3613 3248 3906 3318 ἐξεϐλήθη.

2458 3357 2517 3410 '0
2566 3354 2728 3416 αὐτὸς
2779 3351 3056 3420 Θεόδωρος
3110 3347 3204 3400 ἐπὶ
3250 3344 3344 3398 τοῦ
3403 3341 3571 3398 αὑτοῦ
3616 3340 3962 3406 Πωγωνάτου

2375 3446 2746 3514 ἀποκατέστη.
2777 3438 3208 3513 ἀρχιερατεύσας
3231 3437 3306 3500 ὡς
3326 3433 3580 3505 ἀληθινὸς
3609 3429 3963 3499 πατριάρχης

2375 3539 2493 3603 ἔτος
2520 3543 2591 3601 α’,
2629 3537 2802 3604 μῆνας
2838 3540 2894 3588 ι’·
3503 3615 3529 3620 _
3707 3612 3720 3620 ,
3778 3613 3789 3620 ,
3932 3610 3958 3620 -

2444 3628 2654 3690 Παῦλος
2694 3626 2724 3679 ὸ
2755 3623 2867 3678 ἀπὸ
2905 3620 3109 3676 λαῖκῶν
3157 3615 3650 3690 πρωτασηκρῆτις,
3704 3612 3802 3665 ἐπὶ
3863 3612 3960 3664 τοῦ

2375 3721 2539 3779 αὐτοῦ
2569 3717 2931 3787 Πωγωνάτου,
2967 3713 3062 3782 ἐτη
3092 3718 3167 3778 ς’,
3202 3711 3380 3780 μῆνας
3411 3715 3484 3778 η’.

2444 3812 2768 3874 Καλλίνικος
2795 3807 3190 3879 πρεσϐύτερος,
3221 3806 3318 3857 καὶ
3347 3800 3692 3871 σκευοφύλαξ
3715 3799 3963 3868 Βλαχερ-

695 3895 1608 3966 chernis,imperantelustiniano,
1632 3900 1850 3958 Barbati
1884 3904 2013 3973 ﬁlio,
2048 3907 2271 3962 naribus

2378 3906 2500 3969 νῶν,
2533 3906 2626 3958 ἐπὶ
2689 3898 3089 3965 Ἰουστινιανοῦ,
3143 3895 3262 3950 υἱοῦ
3299 3895 3393 3948 τοῦ
3446 3893 3815 3962 Πωγωνάτου,
3864 3889 3960 3943 τοῦ

695 3987 968 4053 mutilato,
1009 4002 1100 4043 an.
1126 4003 1224 4043 xu.

764 4081 942 4150 Cyrus
971 4079 1280 4150 presbyter,
1299 4088 1354 4137 et
1383 4083 1683 4140 monachus
1718 4101 1784 4141 ex
1813 4087 1992 4143 insula
2013 4091 2275 4144 Amastri-

696 4173 782 4235 de,
826 4171 1017 4226 eodem
1063 4171 1376 4228 Iustiniano
1421 4174 1744 4245 imperante,
1799 4179 2038 4250 itemque
2084 4197 2270 4246 an.vt,

692 4264 889 4316 deinde
923 4263 1136 4331 pulsus.

762 4351 1005 4405 Joannes
1040 4351 1325 4417 diaconus,
1375 4363 1429 4408 et
1467 4355 1836 4416 chartularius
1896 4359 2092 4417 domus
2127 4376 2274 4418 ceco-

692 4444 866 4507 nomi,
923 4442 1112 4496 eodem
1152 4442 1452 4514 Philippica
1503 4448 1825 4518 imperante,
1884 4466 1948 4506 ac
1998 4453 2266 4538 Artemio,

2375 3996 2723 4069 ρινοτμήτου,
2750 3994 2844 4062 ἔτη
2879 3991 2964 4060 ιβ’.

2443 4087 2626 4157 Κῦρος
2661 4082 3053 4156 πρεσϐύτερος,
3097 4078 3194 4133 καὶ
3229 4075 3462 4148 μοναχδς
3495 4072 3606 4127 ἀπὺ
3653 4075 3757 4143 τῆς
3789 4073 3959 4142 νήσου

2385 4179 2763 4251 Ἀμάστριδος,
2800 4177 2892 4228 ἐπὶ
2930 4173 3024 4227 τοῦ
3077 4168 3244 4225 αὑτοῦ
3289 4164 3694 4229 Ἰουστινιανοῦ,
3731 4167 3831 4218 καὶ
3867 4165 3960 4217 ἐπὶ

2373 4273 2466 4326 τοῦ
2499 4266 2852 4330 Φιλιππικοῦ,
2885 4265 2979 4335 ἔτη
3016 4262 3093 4327 ς’,
3117 4263 3225 4316 καὶ
3259 4259 3547 4327 ἐξεϐλήθη.

2457 4363 2710 4430 Ἰωάννης
2745 4360 3014 4422 διάκονος,
3070 4355 3166 4408 καὶ
3200 4349 3550 4423 χαρτοφύλαξ
3594 4347 3690 4401 τοῦ
3742 4350 3962 4400 οἰκονοο

2380 4453 2556 4524 μείου,
2586 4451 2679 4502 ἐπὶ
2711 4446 2805 4501 τοῦ
2837 4445 3002 4500 αὑτοῦ
3028 4440 3383 4504 Φιλιππικοῦ,
3417 4441 3513 4492 καὶ
3535 4439 3627 4491 ἐπὶ
3661 4436 3957 4506 ’Δρτεμίου

692 4533 870 4599 primo
918 4547 948 4585 a
999 4533 1248 4598 secretis,
1299 4538 1395 4605 qui
1451 4541 1673 4594 nomine
1715 4550 1922 4597 mutato
1965 4523 2144 4600 dictus
2185 4555 2269 4601 est

2378 4514 2854 4614 πρωταοηκρῆτις,
2884 4535 2981 4589 τοῦ
3021 4529 3518 4604 μετονομασθέντος
3569 4529 3958 4592 ’Δναστασίου,

691 4625 1036 4688 Anastasius,
1066 4639 1156 4680 an.
1195 4642 1275 4682 ιιι.

763 4715 1072 4769 Germanus
1092 4731 1346 4786 magnus,
1374 4726 1531 4774 antea
1545 4721 1728 4792 Cyzici
1747 4723 2056 4794 episcopus,
2073 4725 2268 4783 deinde

693 4806 1358 4876 Constantinopolitauus,
1388 4811 1690 4880 imperante
1731 4817 1920 4871 eodem
1951 4818 2265 4886 Anastasio,

689 4907 741 4949 et
768 4895 1072 4951 Theodosio
1100 4899 1367 4967 Augusto,
1393 4911 1448 4955 et
1479 4901 1680 4970 Leone,
1711 4918 2072 4976 cognomento
2087 4909 2269 4965 Cono-

2371 4637 2466 4706 ιτη
2497 4640 2564 4704 τ.

2446 4724 2725 4796 Γερμανὸς
2754 4723 2783 4775 ὁ
2815 4720 3026 4790 μέγας,ο
3044 4717 3342 4779 ἐπίσκοπος
3380 4714 3625 4778 Κυζίκου
3663 4713 3953 4782 πρότερον,

2374 4813 2494 4871 εἶτα
2528 4807 3173 4872 Κωνσταντινουπόλεως,
3207 4806 3300 4858 ἐπὶ
3346 4801 3441 4855 τοῦ
3479 4801 3644 4855 αὐτοῦ
3689 4801 3958 4852 ’Δναστα-

2374 4910 2512 4974 σίου,
2543 4906 2635 4961 καὶ
2665 4905 2757 4957 ἐπὶ
2779 4901 3057 4955 Θεοδοσίου
3086 4897 3179 4950 τοῦ
3211 4895 3497 4966 βασιλέως,
3525 4893 3617 4945 καὶ
3649 4892 3745 4942 ἐπὶ
3791 4893 3956 4942 Δέον-

690 5003 778 5050 ne,
810 5003 932 5042 cum
957 4989 1332 5057 pontificatum
1364 4993 1624 5059 gessisset
1646 5011 1736 5050 an.
1765 5013 1856 5065 xv,
1887 5000 1956 5054 ab
1984 5000 2270 5071 bocimpio

2378 5018 2461 5062 τος
2498 4998 2592 5051 τοῦ
2636 4997 2728 5049 καὶ
2772 4994 3041 5054 Κόνωνος,
3084 4985 3516 5059 ἀρχιερατεύσας
3571 4983 3668 5052 ἔτη
3725 4989 3785 5033 ιε’
3811 5023 3824 5045 ,
3863 4980 3953 5044 ἐξ-

691 5081 875 5136 Leone
898 5082 1037 5150 Aug.
1072 5082 1281 5152 ejectus
1301 5094 1404 5140 est.

761 5171 1092 5228 Anastasius
1145 5175 1431 5246 presbyter
1477 5185 1533 5233 et
1581 5183 1879 5251 syucellus,
1913 5185 1998 5239 vir
2044 5187 2265 5257 impius,

688 5263 876 5318 eodem
910 5261 1090 5318 Leone
1121 5275 1402 5336 regnante,
1439 5275 1603 5340 atque
1636 5271 1996 5331 Constantino
2029 5277 2264 5333 Caballi-

688 5365 780 5416 no,
807 5366 895 5404 an.
929 5367 1073 5406 xxiv.

758 5445 1150 5503 Constantinus
1218 5448 1523 5505 monachus
1581 5459 1635 5506 et
1694 5453 1984 5524 episcopus
2053 5457 2250 5529 Sylaei,

2371 5091 2572 5163 εϐλήθη
2603 5089 2691 5142 ὑπ’
2721 5086 2886 5140 αὑτοῦ
2914 5084 3007 5137 τοῦ
3037 5079 3272 5143 ἀσεϐοῦς
3308 5076 3575 5148 βασιλέως
3613 5076 3868 5134 Λέοντος.

2452 5187 2800 5246 Ἀναστάσιος
2830 5179 3198 5250 πρεσϐύτερος
3229 5175 3322 5228 καὶ
3358 5171 3677 5240 σύγκελλος,
3705 5173 3734 5222 ὁ
3764 5171 3955 5222 δυσσε-

2371 5283 2490 5350 ϐὴς,
2538 5280 2629 5331 ἐπὶ¹
2657 5275 2750 5329 τοῦ
2783 5273 2948 5327 αὐτοῦ
2978 5273 3226 5334 Λέοντος,
3257 5268 3353 5321 καὶ
3401 5265 3495 5318 ἐπὶ
3533 5265 3952 5317 Κωνσταντίνου

2369 5372 2462 5426 τοῦ
2492 5366 2854 5432 Καϐαλλίνου,
2884 5364 2978 5435 ἐτη
3013 5363 3111 5416 κδ’.

2438 5462 2840 5521 Κωνσταντίνος
2867 5455 3100 5528 μοναχδς
3128 5454 3226 5509 καὶ
3249 5453 3546 5516 ἐπίσκοπος
3579 5450 3676 5504 τοῦ
3702 5450 3951 5507 Euhion,

1965 5613 2202 5673 VARIA‘J
2243 5619 2647 5679 LECTIONES.

772 5703 819 5736 ⁷³
849 5699 1224 5763 Κώνσταντος.
1303 5701 1350 5733 ’⁵
1383 5701 1758 5769 Κώνσταντος.

758 5837 775 5855 ·
810 5818 1116 5872 Cons":.ue.
1196 5828 1220 5866 P
1253 5816 1563 5870 Constante.
