4176 6446
716 377 819 440 919

712 579 1075 633 Constantino
1107 580 1158 632 in
1201 581 1474 650 pm'pltyra
1516 591 1662 647 nato,
1711 593 1765 637 ct
1819 583 1937 653 ipso
1976 582 2285 655 Lacapeno,

708 669 872 724 annis
902 684 1060 732 xxm,
1092 669 1287 724 diebus
1319 686 1444 726 xxv.

780 775 1135 849 Polyeuctus,
1173 781 1364 836 eodem
1418 781 1788 839 Constantino
1835 784 2163 855 imperante,
2225 801 2289 840 ac

707 869 1016 941 Nicephoro
1067 870 1273 941 Phoca,
1326 875 1565 946 itemque
1595 877 1660 942 ad
1700 894 1840 931 xxxv
1881 877 2023 933 diem
2074 894 2105 932 ιι
2139 879 2288 935 desi-

709 968 878 1031 gnato
910 963 1242 1035 imperatore
1271 965 1482 1023 Joanne
1511 967 1781 1039 Zymisce.
1807 968 2032 1024 Prazl‘uit
2061 972 2288 1026 omnino

708 1064 800 1107 an.
834 1069 949 1121 xlv,
992 1071 1168 1111 mens.
1213 1073 1264 1112 ν.

780 1164 1017 1222 Basilius
1033 1165 1500 1237 Scamandrcnus,
1513 1171 1702 1226 eodem
1726 1171 1976 1229 vaisce
1997 1181 2285 1241 regnante,

706 1272 799 1313 an.
834 1275 907 1313 ιν.

777 1366 1053 1423 Antonius
1083 1370 1410 1435 monachus,
1466 1371 1733 1436 Studites,
1768 1371 1959 1427 eodem
2017 1372 2286 1443 Zymisce,

707 1473 771 1511 ac
801 1458 1002 1514 Basilio
1048 1461 1101 1514 in
1135 1463 1412 1533 porphyra
1445 1473 1592 1528 nato,
1633 1463 1911 1534 fratreque
1946 1465 2120 1534 ipsius
2142 1463 2287 1519 Con-

707 1552 957 1606 stantino
986 1552 1405 1622 imperantibus,
1441 1569 1531 1610 an.
1577 1572 1655 1610 γι.

774 1656 1036 1715 Nicolans
1094 1658 1521 1732 Chrysoherges,
1580 1663 1778 1719 iisdem
1828 1665 2115 1737 Augustis,
2165 1680 2287 1721 cum

707 1748 948 1806 Ecclesia
976 1760 1194 1821 pastore
1223 1754 1495 1809 caruisset
1528 1755 1596 1811 ad
1655 1771 1829 1813 annos
1877 1774 1929 1812 tv
1970 1756 2029 1815 S.
2062 1759 2290 1813 Praefuit

715 1858 850 1896 ann.
890 1858 992 1908 xtl,
1020 1858 1196 1900 mens.
1226 1861 1344 1900 vm.

774 1951 1015 2008 Sisinius
1060 1953 1343 2023 magister,
1396 1954 1591 2010 iisdem
1648 1956 2044 2029 imperantibus
2083 1974 2173 2015 an.
2209 1976 2289 2016 ιιι.

776 2060 1005 2128 Sergius
1035 2059 1206 2118 abbas
1256 2061 1706 2133 Manuelicorum,
1740 2067 1936 2125 iisdem
1968 2070 2292 2141 imperanti-

704 2153 825 2219 bus,
861 2167 928 2206 an
957 2169 1050 2207 xx.

771 2259 1099 2320 Eustathius
1140 2266 1349 2335 primus
1383 2269 1827 2341 presbyterorum
1889 2270 2021 2327 aedis
2065 2272 2284 2340 aulica,

702 2357 1065 2425 regnantibus
1095 2358 1288 2414 iisdem
1317 2360 1605 2432 Augustis,
1645 2378 1775 2419 ann.
1812 2380 1886 2420 ιν.

771 2466 997 2522 Alexius
1050 2469 1451 2527 ecclesiarches
1501 2473 1803 2529 mansionis
1851 2472 2152 2541 Studianae,
2182 2477 2285 2533 sub

702 2557 900 2612 iisdem
941 2559 1224 2629 Augustis,
1266 2568 1321 2615 et
1377 2564 1481 2617 sub
1540 2560 1769 2632 imperio
1817 2566 1989 2622 solius
2042 2566 2294 2637 ejusdem

700 2649 1075 2718 Constantini,
1112 2661 1168 2706 et
1221 2652 1455 2709 Romani
1508 2654 1855 2727 Argyropuli,
1904 2669 1958 2714 et
2002 2659 2287 2717 Michaelis

701 2739 1094 2814 Paphlagonis,
1132 2752 1187 2801 et
1217 2744 1501 2802 Michaelis
1534 2746 1817 2816 Calal'atre,
1857 2759 1911 2806 et
1940 2750 2289 2809 Constantini

702 2833 1067 2901 Monomachi,
1096 2851 1189 2892 an.
1226 2853 1340 2892 xix.

774 3051 1000 3108 Michael
1062 3054 1407 3122 Cerularius,
1477 3060 1580 3116 sub
1659 3061 1851 3118 eodem
1923 3062 2289 3119 Constantino

2020 389 2158 448 JUS
2188 388 2635 451 CANONICUM

785 488 1135 559 Theophylnc
1167 507 1248 553 us,
1312 490 1583 560 Lrtcnpcni
1666 492 1829 555 lilius,
1890 491 2287 563 imperantibus

2463 498 2838 568 Θεοφύλακτος
2878 502 2906 551 6

3869 399 3971 463 920

2956 500 3048 552 106
3107 500 3441 570 Λακηναποῦ
3496 503 3631 564 υἱὸς,
3675 501 3771 556 ἐπὶ
3804 506 3974 558 Κων-

2393 592 2675 644 σταντίνου
2703 592 2796 645 τοῦ
2832 592 3373 664 Πορφυρογεννήτου,
3403 593 3496 646 καὶ
3552 594 3641 645 ἐπ’
3666 596 3833 650 αὐτοῦ
3879 596 3971 651 106

2392 681 2750 754 Λακαπηνοῦ,
2778 683 2872 755 ἐτη
2902 682 3009 754 κγ’,
3028 685 3243 756 ἡμέρας
3266 684 3365 740 κε’.

2463 792 2828 860 Πολύευκτος,
2860 794 2954 846 ἐπὶ
3006 791 3102 847 τοῦ
3154 793 3320 848 αὐτοῦ
3388 783 3831 855 Κωνσταντίνου,
3880 799 3973 850 καὶ

2390 883 2705 954 Νικηφόρου
2757 884 2854 939 τοῦ
2906 886 3090 950 Φωκᾶ,
3125 885 3221 938 καὶ
3246 885 3339 939 ἐπὶ
3366 886 3602 956 ἡμέραις
3625 888 3705 954 λε,
3748 891 3848 956 τῆς
3883 889 3978 940 ἀνι

2392 976 2738 1047 αγορεύσεως
2783 977 3030 1032 Ἰωάννου
3070 977 3165 1032 106
3220 978 3535 1051 Τςυμισκῆ,
3572 980 3668 1051 ἐτη
3732 980 3820 1045 ιδ’,
3875 980 3975 1051 μῆο

2390 1086 2486 1133 νας
2516 1076 2579 1123 ε’.

2464 1182 2747 1248 Βασίλειος
2794 1184 2824 1236 6
2856 1183 3300 1255 Σκαμανδρηνὺς,
3358 1184 3456 1239 ἐπὶ
3503 1184 3598 1239 τοῦ
3633 1187 3803 1241 αὑτοῦ
3839 1188 3976 1254 Τζυ-

2395 1277 2589 1345 μισκῆ,
2631 1274 2729 1345 ἐτη
2749 1275 2815 1331 δ’.

2463 1383 2748 1448 Ἀντώνιος
2776 1383 3030 1456 μοναχδς,
3060 1384 3089 1436 6
3130 1384 3444 1455 Στουδίτης,
3512 1387 3608 1441 ἐπὶ
3665 1386 3764 1442 τοῦ
3812 1388 3974 1442 αὐτοῦ

2390 1473 2705 1545 Τζυμισκῆ,
2736 1477 2832 1529 καὶ⁸
2858 1477 2950 1530 ἐπὶ
2972 1475 3256 1530 Βασιλείου
3286 1477 3381 1531 τοῦ
3416 1478 3971 1551 Πορφυροτεννήτου,

2392 1570 2487 1621 καὶ
2528 1568 2943 1622 Κωνσταντίνου
2965 1570 3061 1623 τοῦ
3087 1570 3322 1640 ἀδελφοῦ
3358 1571 3547 1637 αὐτοῦ,
3584 1572 3681 1642 ἐτη
3701 1580 3779 1637 ς’.

2461 1680 2729 1745 Νικόλαος
2756 1683 3222 1754 ὁΧρυσοὸἐργης,
3277 1684 3373 1737 ἐπὶ
3428 1686 3539 1738 τῶν
3574 1683 3759 1738 αὐτῶν
3822 1682 3977 1752 βασι-

2392 1771 2572 1839 λέων,
2623 1772 2720 1842 τῆς
2792 1772 3119 1845 Ἐκκλησιας
3172 1772 3513 1841 ἀποιμάντου
3584 1772 3979 1839 διατελεσιῢης

2326 1857 2368 1949 Β
2399 1864 2492 1935 ἔτη
2525 1864 2568 1918 δ’
2593 1864 2731 1936 πρὸς
2755 1866 2830 1936 τῷ
2864 1865 3075 1936 ἡμίσει,
3117 1866 3213 1937 ἔτη
3245 1864 3337 1935 ιβ’,
3366 1867 3460 1920 καὶ
3500 1866 3674 1937 μῆνας
3705 1864 3778 1937 η’.

2469 1980 2704 2046 Σισίνιος
2732 1982 3056 2053 μάγιστρος,
3093 1982 3186 2035 ἐπὶ
3218 1981 3328 2035 τῶν
3357 1983 3541 2037 αὐτῶν
3576 2023 3591 2048 ,
3626 1983 3721 2055 ἐτη
3745 1982 3819 2052 γ’.

2470 2090 2696 2162 Σέργιος
2718 2092 3024 2163 ἡγούμενος
3060 2091 3171 2146 τῶν
3195 2093 3454 2147 Μανουῇλ
3505 2092 3600 2147 ἐπὶ
3634 2093 3745 2147 τῶν
3772 2094 3977 2159 αὐτῶν,

2400 2184 2498 2255 ἔτη
2531 2182 2601 2239 κ’.

2467 2295 2766 2361 Εὐστάθιος
2791 2296 3009 2366 πρῶτος
3040 2296 3149 2349 τῶν
3176 2294 3562 2364 πρεσϐυτέρων
3606 2295 3702 2349 106
3760 2297 3820 2349 ἐν
3866 2298 3979 2357 τοῖς

2401 2384 2693 2456 βασιλείοις
2721 2386 2874 2451 ναοῦ,
2906 2384 3142 2439 ἐπὶτῶν
3186 2386 3368 2439 αὐτῶν
3427 2385 3710 2457 βασιλέων,
3769 2385 3867 2455 ἔτη
3919 2387 3980 2438 δ’.

2480 2498 2713 2562 Ἀλέξιος
2757 2499 2785 2550 6
2842 2497 3251 2567 ὲκκλησιάρχης
3300 2497 3401 2568 τῆς
3442 2497 3614 2567 μονῆς
3658 2495 3769 2549 τῶν
3815 2497 3983 2550 £100-

2395 2589 2531 2655 δίου,
2562 2590 2655 2643 ἐπὶ
2681 2589 2790 2643 τῶν
2811 2589 2989 2643 αὐτῶν
3014 2588 3304 2659 βασιλέων,
3336 2586 3431 2642 καὶ
3456 2590 3548 2641 ἐπὶ
3578 2588 3677 2657 τῆς
3701 2588 3980 2657 αὐτοκρα-

2392 2683 2581 2753 τορίας
2610 2682 2706 2735 τοῦ
2732 2681 2897 2736 αὐτοῦ
2916 2681 3331 2735 Κωνσταντίνου
3355 2681 3543 2749 μόνου,
3575 2682 3670 2735 καὶ
3697 2679 3983 2750 Ῥωμανοῦ

2393 2774 2487 2828 τοῦ
2533 2772 2973 2843 Ἀργυροπούλου
2998 2813 3013 2838 ,
3055 2773 3148 2825 καὶ
3199 2771 3420 2842 Μιχαὴλ
3459 2771 3551 2824 106
3604 2771 3984 2839 Παφλαγόνος,

2393 2865 2613 2936 Μιχαὴλ
2661 2865 2755 2918 τοῦ
2827 2864 3159 2933 Καλαφάτου
3185 2903 3200 2929 ,
3254 2864 3348 2918 καὶ
3417 2863 3828 2918 Κωνσταντίνου
3885 2862 3983 2916 106

2392 2959 2743 3031 Μονομάχου,
2772 2957 2868 3029 ἔτη
2895 2964 2989 3029 ιη’.

2465 3071 2685 3140 Μιχαὴλ
2722 3071 2750 3123 6
2774 3067 3174 3140 Κηρουλάριος,
3211 3068 3304 3122 ἐπὶ
3353 3067 3449 3120 106
3476 3067 3644 3121 αὐτοῦ
3683 3068 3985 3121 Κωνσταν-

703 3142 1085 3212 Monomacho,
1117 3157 1171 3205 et
1223 3152 1327 3206 sub
1361 3149 1651 3210 Theodora
1707 3156 1760 3210 in
1819 3158 2094 3229 porphyra
2135 3166 2285 3221 nata,

2395 3162 2545 3217 τίνου
2572 3161 2666 3216 τοῦ
2698 3161 3053 3232 Μονομάχου,
3088 3160 3185 3214 καὶ
3215 3161 3309 3213 ἐπὶ
3347 3158 3631 3229 Θεοδώρας
3678 3159 3807 3252 τῆς-
3836 3158 3986 3227 Πορ-

701 3247 759 3295 et
810 3241 913 3296 sub
947 3240 1213 3298 Michaele
1271 3260 1421 3313 sene,
1460 3247 1616 3317 prius
1686 3245 2027 3314 Stratiotico,
2090 3259 2143 3305 et
2187 3249 2287 3307 sub

2396 3254 2822 3325 φυρογεννήτου.
2855 3252 2951 3306 καὶ
2983 3251 3078 3305 ἐπὶ
3129 3250 3350 3322 Μιχαὴλ
3405 3250 3664 3319 γέροντος
3714 3247 3809 3300 106
3871 3248 3985 3301 ἀπὸ

699 3331 926 3388 domino
954 3330 1160 3391 lsaacio
1189 3336 1489 3406 Comneno,
1516 3353 1609 3394 an.
1631 3355 1719 3395 xv.

769 3504 1167 3563 Constantinus
1219 3507 1512 3575 Lichudes,
1551 3511 1799 3583 ejusdem
1834 3515 2041 3569 domini
2096 3512 2289 3569 lsaacii

696 3597 988 3666 Comneni,
1020 3610 1074 3656 et
1111 3599 1318 3657 domini
1343 3602 1692 3661 Constantini
1722 3606 1885 3663 Ducas
1915 3607 2283 3677 temporibus,

700 3706 792 3745 an.
832 3706 887 3746 ιν
921 3691 979 3748 S.

764 3800 1009 3860 Joannes
1038 3802 1376 3874 Xiphilinus,
1414 3807 1663 3875 ejusdem
1705 3810 2051 3868 Constantini
2107 3813 2290 3879 Ducas.

709 3910 778 3951 ac
806 3897 1041 3953 domina:
1078 3897 1358 3969 Eupocize,
1401 3901 1636 3958 Romani
1672 3903 1955 3976 Diogenis,
2012 3907 2292 3965 Michaelis

700 3986 865 4045 Ducat
892 3988 991 4046 ﬁlii
1018 3992 1380 4063 temporibus,
1415 4008 1505 4050 an.
1533 4010 1652 4063 xui,
1683 4012 1857 4053 mens.
1900 4015 1974 4053 νι.

773 4198 1005 4257 Cosmas
1062 4200 1616 4277 Hierosolymttanus,
1676 4208 1924 4278 ejusdem
1980 4210 2286 4276 Michaelis,

704 4299 763 4348 et
794 4291 1090 4363 Nicephori
1124 4294 1447 4363 Botaniatae,
1466 4306 1522 4354 et
1557 4300 1761 4355 domini
1806 4301 1982 4357 Alexii
2022 4303 2287 4360 Comneni

709 4385 1079 4453 temporibus,
1112 4387 1493 4456 pontiﬁcatum
1530 4389 1723 4460 gessit.
1762 4406 1851 4446 an.
1886 4409 1937 4459 ν,
1991 4409 2168 4448 mens.
2197 4409 2288 4459 vr;

712 4473 915 4529 deinde
952 4476 1301 4531 renuntiavit.

773 4579 1111 4650 Eustratius,
1145 4593 1508 4655 cognomento
1528 4585 1782 4653 Garidas,
1806 4590 2051 4660 ejusdem
2081 4592 2291 4651 domini

703 4673 882 4727 Alexii
915 4685 1188 4745 tempore,
1221 4690 1313 4731 an.
1343 4693 1423 4733 ιιι.

770 4762 1028 4820 Nicolaus
1068 4767 1389 4833 monachus,
1445 4772 1854 4839 grammaticus.
1898 4776 1991 4843 qui
2065 4775 2286 4847 Lopha-

701 4856 855 4911 dium
888 4857 1141 4924 incoluit,
1175 4860 1462 4917 ordinatus
1503 4879 1532 4917 a
1586 4863 1693 4919 Deo
1738 4866 2007 4934 pontifex,
2036 4870 2280 4938 ejusdem

701 4952 911 5007 domini
942 4954 1114 5010 Alexii
1149 4966 1415 5027 tempore,
1451 4973 1541 5013 an.
1575 4975 1743 5025 xxv",
1782 4977 1957 5015 mens.
1989 4978 2071 5017 ιιι.

771 5043 1012 5104 Joannes
1032 5048 1447 5107 hieromnemon
1485 5052 2030 5124 (5|‘),cognomento
2062 5058 2287 5114 Chalce-

702 5140 878 5205 donii,
935 5141 1040 5197 sub
1071 5143 1261 5199 eodem
1312 5144 1502 5199 Alexio
1549 5136 1941 5212 Comnenofet
1989 5146 2199 5204 Joanne
2229 5153 2284 5207 in

703 5235 981 5302 porphyra
1014 5240 1164 5299 nato,
1206 5249 1298 5288 an.
1331 5250 1489 5290 χχιιι.

782 5324 892 5383 Leo
922 5327 1189 5399 Stypiota,
1239 5329 1431 5385 eodem
1454 5328 1682 5400 ‘_Joanne
1731 5332 1785 5385 in
1842 5333 2114 5404 porphyra
2154 5346 2281 5391 nato

704 5434 985 5495 regnante,
1023 5441 1114 5481 an.
1148 5441 1263 5490 νιιι,
1298 5441 1474 5482 mens.
1507 5442 1623 5481 vm.

777 5517 1001 5573 Michael
1027 5516 1352 5585 monachus,
1376 5518 1828 5575 exercitationum
1858 5522 1969 5593 (5‘2)
1994 5522 2283 5579 studiosis-

2395 3346 2489 3401 106
2540 3344 2965 3414 Στρατιωτικοῦ,
3017 3344 3110 3397 καὶ
3168 3345 3264 3397 ἐπὶ
3321 3340 3415 3396 106
3467 3338 3757 3411 Κομνηνοῦ
3812 3338 3985 3408 κυροῖ)

2407 3437 2697 3504 Ἰσαακίου,
2724 3436 2819 3506 ἔτη
2857 3444 2938 3494 ιε’.

2464 3549 2871 3611 Κωνσταντῖνος
2893 3550 2921 3601 6
2954 3545 3249 3618 Δειχούδης
3304 3546 3400 3599 ἐπὶ
3437 3545 3531 3597 τοῦ
3587 3543 3755 3597 αὑτοῦ
3811 3544 3985 3610 κυροῦ

2407 3640 2678 3695 ἰσαακίου
2708 3639 2804 3693 τοῦ
2830 3637 3140 3709 Κομνηνοῦ,
3168 3640 3265 3693 καὶ
3284 3637 3378 3690 ἐπὶ
3421 3635 3594 3707 κυροῦ
3627 3636 3986 3690 Κωνστιιντί-

2396 3748 2486 3785 νου
2502 3731 2597 3783 τοῦ
2628 3730 2828 3794 Δούκα,
2864 3730 2957 3800 ἔτη
2991 3730 3031 3782 δ’
3052 3730 3245 3799 ἥμισυ.

2479 3840 2734 3908 Ἰωάννης
2756 3840 2785 3892 6
2816 3838 3112 3907 Ξιφιλῖνος,
3159 3838 3252 3891 ἐπὶ
3276 3836 3371 3890 τοῦ
3402 3835 3566 3889 αὐτοῦ
3624 3835 3987 3888 Κωνσταντί-

2396 3949 2487 3985 νου
2512 3932 2609 3985 τοῦ
2640 3932 2840 3993 Δούκα,
2873 3930 2967 3984 καὶ
3018 3930 3115 3983 ἐπὶ
3162 3930 3262 3998 τῆς
3314 3929 3491 3997 κυρᾶς
3558 3926 3843 3991 Εὐδοκεας,
3891 3930 3991 3980 καὶ

2406 4023 2689 4092 Ῥωμανοῦ
2738 4022 2830 4076 τοῦ
2862 4022 3171 4090 Διογένους,
3202 4022 3298 4074 καὶ
3328 4018 3549 4091 Μιχαὴλ
3580 4018 3701 4071 υἱοῦ
3729 4020 3824 4072 τοῦ
3854 4021 3989 4072 Δού-

2397 4133 2489 4179 κα,
2522 4115 2615 4186 ἔτη
2655 4114 2746 4183 ιγ’,
2777 4117 2953 4187 μῆνας
2988 4120 3065 4179 ς’.

2468 4227 2696 4294 Κοσμᾶς
2730 4227 2758 4278 6
2786 4222 3244 4295 Ἱεροσολυμίτης,
3274 4220 3367 4275 ἐπὶ
3414 4219 3508 4274 106
3542 4220 3707 4274 αὑτοῦ
3742 4221 3990 4291 Μιχαὴλ,

2396 4320 2491 4374 καὶ
2515 4319 2604 4371 ἐπὶ
2634 4318 2950 4387 Νικηφόρου
2979 4316 3073 4369 τοῦ
3105 4314 3485 4376 Βοτανειάτου,
3507 4314 3604 4367 καὶ
3629 4314 3721 4365 ἐπὶ
3758 4314 3853 4366 106
3884 4333 3989 4367 κυ-

2401 4413 2495 4485 ροῦ
2515 4411 2752 4476 Ἀλεξίου
2803 4410 2897 4463 106
2939 4408 3252 4478 Κομνηνοῦ,
3302 4406 3737 4481 ἀρχιερατεύσας
3786 4407 3882 4476 ἔτη
3924 4414 3989 4470 ε’,

2325 4526 2369 4581 D
2404 4506 2577 4575 μῆνας
2606 4501 2681 4568 ς’,
2711 4498 2829 4556 εἶτα
2860 4503 3236 4574 παρῃτήσατο.

2467 4611 2800 4680 Εὑστράτιος
2843 4610 2872 4662 6
2930 4609 3228 4678 τοὺπίκλην
3265 4607 3523 4679 Γαριδὶς,
3555 4606 3653 4659 ἐπὶ
3684 4604 3780 4659 106
3816 4606 3989 4659 αὐτοῦ

2397 4700 2566 4770 κυροῦ
2606 4700 2870 4765 Ἀλεξίου,
2904 4698 3000 4768 ἐτη
3030 4704 3099 4766 γ’.

2465 4790 2733 4859 Νικόλαος
2758 4790 3015 4860 μοναχδς,
3071 4790 3099 4842 6
3144 4787 3561 4858 Γραμματικὸς,
3597 4789 3625 4841 6
3662 4787 3720 4840 ἐν
3760 4785 3841 4857 τῷ
3884 4786 3987 4839 Δο-

2395 4881 2589 4950 φαδίῳ,
2612 4878 3009 4949 θεοπρόὸλητος
3042 4878 3352 4949 ἀρχιερεὺς,
3385 4878 3479 4931 ἐπὶ
3498 4875 3594 4929 106
3617 4877 3787 4930 αὐτοῦ
3809 4876 3986 4948 κυροῦ

2396 4973 2661 5037 Ἀλεξίου,
2689 4972 2783 5043 ἐτη
2816 4972 2921 5036 κζ’,
2951 4970 3126 5041 μῆνας
3161 4968 3232 5036 γ’.

2466 5065 2719 5134 Ἰωάννης
2783 5065 2811 5116 6
2870 5063 3255 5133 ἱερομνήμων,
3328 5063 3356 5113 6
3421 5061 3817 5130 ἐπιλεγόμενος
3886 5060 3982 5114 106

2394 5156 2753 5225 Χαλκηδόνος,
2785 5157 2877 5207 ἐπὶ
2894 5154 2988 5207 τοῦ
3021 5154 3187 5208 αὐτοῦ
3242 5154 3485 5218 Ἀλεξίου
3514 5151 3607 5205 106
3660 5152 3980 5223 Κομνηνοῦ,

2394 5250 2484 5302 καὶ
2519 5248 2769 5301 Ἰωάννου
2822 5246 2917 5300 τοῦ
2947 5248 3488 5319 Πορφυρογεννήτου,
3510 5245 3605 5315 ἐτη
3638 5251 3746 5312 κγ’.

2463 5340 2614 5394 Λέων
2650 5341 2678 5392 6
2708 5339 2942 5409 Στυπῆς,
2970 5337 3181 5392 trs-1106
3216 5337 3381 5391 αὑτοῦ
3424 5338 3675 5392 Ἰωάννου
3718 5337 3816 5392 106
3846 5336 3982 5408 Πορ-

2392 5433 2813 5503 φυρογεννήτου,
2845 5430 2938 5501 ἔτη
2967 5436 3038 5502 η’,
3069 5430 3243 5501 μῆνας
3273 5448 3305 5502 η
3328 5468 3344 5483 .

2462 5524 2681 5594 Μιχαὴλ
2731 5523 2984 5594 μοναχδς,
3018 5524 3047 5576 ὁ
3082 5522 3546 5595 ἀσητικὼτατος,
3590 5523 3620 5575 ὁ
3652 5520 3923 5593 Ὀξειτης,
3950 5522 3979 5574 6

2214 5680 2445 5738 ΝΟΤᾸΞ.

778 5832 911 5901 (δι’)
939 5832 1310 5891 Ecclesiastici
1336 5847 1529 5891 nomen
1560 5836 1742 5903 oliicii,
1771 5838 1833 5893 de
1860 5853 1966 5908 quo
2001 5837 2160 5894 infra.

2455 5840 2566 5908 (ὖέ)
2602 5837 3025 5894 Monnsucarum
3058 5840 3290 5895 Scilicet.
