  <div class='ocr_page' id='page_1' title='image "/cluster/home/n/w/nwhite01/storage/ocr_20150623/119/nnc1.0046980091/468.png"; bbox 0 0 4176 6446; ppageno 0'>
   <div class='ocr_carea' id='block_1_1' title="bbox 236 389 337 457">
    <p class='ocr_par' dir='ltr' id='par_1_1' title="bbox 236 389 337 457">
     <span class='ocr_line' id='line_1_1' title="bbox 236 389 337 457; baseline -0.04 0"><span class='ocrx_word' id='word_1_1' title='bbox 236 389 337 457; x_wconf 77' lang='grc'><strong>921</strong></span> 
     </span>
    </p>
   </div>
   <div class='ocr_carea' id='block_1_2' title="bbox 1504 398 2222 470">
    <p class='ocr_par' dir='ltr' id='par_1_2' title="bbox 1504 398 2222 470">
     <span class='ocr_line' id='line_1_2' title="bbox 1504 398 2222 470; baseline 0.017 -12"><span class='ocrx_word' id='word_1_2' title='bbox 1504 398 2222 470; x_wconf 70' lang='grc' dir='ltr'><strong>ϐΙὶιΈΟΟ-ΒΟΜΑΝΗΜ.</strong></span> 
     </span>
    </p>
   </div>
   <div class='ocr_carea' id='block_1_3' title="bbox 3392 414 3493 475">
    <p class='ocr_par' dir='ltr' id='par_1_3' title="bbox 3392 414 3493 475">
     <span class='ocr_line' id='line_1_3' title="bbox 3392 414 3493 475; baseline 0 0"><span class='ocrx_word' id='word_1_3' title='bbox 3392 414 3493 475; x_wconf 70' lang='lat'><strong>922</strong></span> 
     </span>
    </p>
   </div>
   <div class='ocr_carea' id='block_1_4' title="bbox 237 504 1813 597">
    <p class='ocr_par' dir='ltr' id='par_1_4' title="bbox 237 504 1813 584">
     <span class='ocr_line' id='line_1_4' title="bbox 237 504 1813 584; baseline 0.006 -26"><span class='ocrx_word' id='word_1_4' title='bbox 237 505 468 575; x_wconf 73' lang='grc' dir='ltr'>ἐπίκλην</span> <span class='ocrx_word' id='word_1_5' title='bbox 533 504 851 574; x_wconf 74' lang='grc' dir='ltr'>Κουρκούας</span> <span class='ocrx_word' id='word_1_6' title='bbox 882 548 897 571; x_wconf 93' lang='grc'><strong>,</strong></span> <span class='ocrx_word' id='word_1_7' title='bbox 950 506 1045 561; x_wconf 69' lang='grc' dir='ltr'>ἐπὶ</span> <span class='ocrx_word' id='word_1_8' title='bbox 1124 507 1219 562; x_wconf 84' lang='grc' dir='ltr'><strong>τοῦ</strong></span> <span class='ocrx_word' id='word_1_9' title='bbox 1294 508 1813 584; x_wconf 80' lang='grc' dir='ltr'>Πορφυρογεννήτου</span> 
     </span>
    </p>
   </div>
   <div class='ocr_carea' id='block_1_5' title="bbox 1917 504 3493 597">
    <p class='ocr_par' dir='ltr' id='par_1_5' title="bbox 1921 518 3493 597">
     <span class='ocr_line' id='line_1_5' title="bbox 1921 518 3493 597; baseline 0.005 -24"><span class='ocrx_word' id='word_1_10' title='bbox 1921 518 2117 586; x_wconf 85' lang='lat' dir='ltr'><strong>simus,</strong></span> <span class='ocrx_word' id='word_1_11' title='bbox 2186 521 2372 578; x_wconf 79' lang='lat' dir='ltr'><strong>Oxites</strong></span> <span class='ocrx_word' id='word_1_12' title='bbox 2429 524 2568 593; x_wconf 76' lang='lat'><strong>(33),</strong></span> <span class='ocrx_word' id='word_1_13' title='bbox 2633 534 2997 597; x_wconf 76' lang='lat' dir='ltr'><strong>cognomento</strong></span> <span class='ocrx_word' id='word_1_14' title='bbox 3052 524 3318 586; x_wconf 87' lang='lat' dir='ltr'><strong>Curcuas.</strong></span> <span class='ocrx_word' id='word_1_15' title='bbox 3391 529 3493 581; x_wconf 99' lang='lat' dir='ltr'><strong>sub</strong></span> 
     </span>
    </p>
   </div>
   <div class='ocr_carea' id='block_1_6' title="bbox 233 595 1504 671">
    <p class='ocr_par' dir='ltr' id='par_1_6' title="bbox 233 595 1504 671">
     <span class='ocr_line' id='line_1_6' title="bbox 233 595 1504 671; baseline 0.007 -23"><span class='ocrx_word' id='word_1_16' title='bbox 233 595 496 666; x_wconf 78' lang='grc' dir='ltr'>Μανουήλ</span> <span class='ocrx_word' id='word_1_17' title='bbox 522 596 616 650; x_wconf 89' lang='grc' dir='ltr'><strong>τοῦ</strong></span> <span class='ocrx_word' id='word_1_18' title='bbox 654 597 967 669; x_wconf 81' lang='grc' dir='ltr'>Κομνηνοῦ,</span> <span class='ocrx_word' id='word_1_19' title='bbox 999 598 1094 671; x_wconf 74' lang='grc' dir='ltr'><strong>ἐτη</strong></span> <span class='ocrx_word' id='word_1_20' title='bbox 1133 598 1199 669; x_wconf 86' lang='grc' dir='ltr'><strong>β’,</strong></span> <span class='ocrx_word' id='word_1_21' title='bbox 1227 600 1403 670; x_wconf 86' lang='grc' dir='ltr'>μῆνας</span> <span class='ocrx_word' id='word_1_22' title='bbox 1433 599 1504 671; x_wconf 83' lang='grc' dir='ltr'><strong>η’.</strong></span> 
     </span>
    </p>
   </div>
   <div class='ocr_carea' id='block_1_7' title="bbox 306 760 1812 848">
    <p class='ocr_par' dir='ltr' id='par_1_7' title="bbox 306 760 1812 848">
     <span class='ocr_line' id='line_1_7' title="bbox 306 760 1812 848; baseline 0.003 -20"><span class='ocrx_word' id='word_1_23' title='bbox 306 775 541 845; x_wconf 73' lang='grc' dir='ltr'>Κοσμᾶς</span> <span class='ocrx_word' id='word_1_24' title='bbox 566 775 879 842; x_wconf 75' lang='grc' dir='ltr'>ὁἈττικδς,</span> <span class='ocrx_word' id='word_1_25' title='bbox 920 778 1013 830; x_wconf 66' lang='grc' dir='ltr'><strong>ἐπὶ</strong></span> <span class='ocrx_word' id='word_1_26' title='bbox 1038 776 1133 830; x_wconf 91' lang='grc' dir='ltr'><strong>τοῦ</strong></span> <span class='ocrx_word' id='word_1_27' title='bbox 1164 760 1330 830; x_wconf 82' lang='grc' dir='ltr'>αὑτοῦ</span> <span class='ocrx_word' id='word_1_28' title='bbox 1374 779 1812 848; x_wconf 78' lang='grc' dir='ltr'><strong>ἀρχιερατεύσας</strong></span> 
     </span>
    </p>
   </div>
   <div class='ocr_carea' id='block_1_8' title="bbox 240 862 1812 938">
    <p class='ocr_par' dir='ltr' id='par_1_8' title="bbox 240 862 1812 938">
     <span class='ocr_line' id='line_1_8' title="bbox 240 862 1812 938; baseline 0.002 -20"><span class='ocrx_word' id='word_1_29' title='bbox 240 867 418 935; x_wconf 78' lang='grc' dir='ltr'>μῆνας</span> <span class='ocrx_word' id='word_1_30' title='bbox 448 864 806 938; x_wconf 63' lang='grc' dir='ltr'>ι’,ιὲξεϐλήθη</span> <span class='ocrx_word' id='word_1_31' title='bbox 828 884 842 898; x_wconf 90' lang='grc'><strong>·</strong></span> <span class='ocrx_word' id='word_1_32' title='bbox 876 869 972 920; x_wconf 73' lang='grc' dir='ltr'><strong>καὶ</strong></span> <span class='ocrx_word' id='word_1_33' title='bbox 994 862 1063 937; x_wconf 75' lang='grc' dir='ltr'>ἦν</span> <span class='ocrx_word' id='word_1_34' title='bbox 1088 868 1120 936; x_wconf 87' lang='grc' dir='ltr'><strong>ή</strong></span> <span class='ocrx_word' id='word_1_35' title='bbox 1164 867 1458 938; x_wconf 76' lang='grc' dir='ltr'><strong>Ἐκκλησία</strong></span> <span class='ocrx_word' id='word_1_36' title='bbox 1503 870 1812 937; x_wconf 84' lang='grc' dir='ltr'><strong>χηρεύουσα</strong></span> 
     </span>
    </p>
   </div>
   <div class='ocr_carea' id='block_1_9' title="bbox 237 955 494 1029">
    <p class='ocr_par' dir='ltr' id='par_1_9' title="bbox 237 955 494 1029">
     <span class='ocr_line' id='line_1_9' title="bbox 237 955 494 1029; baseline 0.016 -20"><span class='ocrx_word' id='word_1_37' title='bbox 237 962 416 1029; x_wconf 79' lang='grc' dir='ltr'>μῆνας</span> <span class='ocrx_word' id='word_1_38' title='bbox 444 955 494 1013; x_wconf 81' lang='grc' dir='ltr'><strong>ι’.</strong></span> 
     </span>
    </p>
   </div>
   <div class='ocr_carea' id='block_1_10' title="bbox 306 1050 1809 1121">
    <p class='ocr_par' dir='ltr' id='par_1_10' title="bbox 306 1050 1809 1121">
     <span class='ocr_line' id='line_1_10' title="bbox 306 1050 1809 1121; baseline 0.003 -19"><span class='ocrx_word' id='word_1_39' title='bbox 306 1051 576 1112; x_wconf 77' lang='grc' dir='ltr'><strong>Νικόλαος</strong></span> <span class='ocrx_word' id='word_1_40' title='bbox 623 1050 879 1121; x_wconf 75' lang='grc' dir='ltr'>μοναχδς,</span> <span class='ocrx_word' id='word_1_41' title='bbox 924 1052 952 1105; x_wconf 90' lang='lat'><strong>6</strong></span> <span class='ocrx_word' id='word_1_42' title='bbox 982 1050 1310 1114; x_wconf 71' lang='grc' dir='ltr'>Μουξάλων,</span> <span class='ocrx_word' id='word_1_43' title='bbox 1351 1051 1445 1104; x_wconf 66' lang='grc' dir='ltr'><strong>ἰπὶ</strong></span> <span class='ocrx_word' id='word_1_44' title='bbox 1483 1051 1577 1105; x_wconf 84' lang='grc' dir='ltr'><strong>τοῦ</strong></span> <span class='ocrx_word' id='word_1_45' title='bbox 1620 1052 1809 1118; x_wconf 82' lang='grc' dir='ltr'>αὐτοῦ,</span> 
     </span>
    </p>
   </div>
   <div class='ocr_carea' id='block_1_11' title="bbox 232 1142 1813 1215">
    <p class='ocr_par' dir='ltr' id='par_1_11' title="bbox 232 1142 1813 1215">
     <span class='ocr_line' id='line_1_11' title="bbox 232 1142 1813 1215; baseline 0.004 -22"><span class='ocrx_word' id='word_1_46' title='bbox 232 1142 664 1212; x_wconf 85' lang='grc' dir='ltr'>ἀρχιεπίσκοπος</span> <span class='ocrx_word' id='word_1_47' title='bbox 726 1142 1018 1213; x_wconf 82' lang='grc' dir='ltr'>γενόμενος</span> <span class='ocrx_word' id='word_1_48' title='bbox 1066 1144 1333 1213; x_wconf 85' lang='grc' dir='ltr'>πρότερον</span> <span class='ocrx_word' id='word_1_49' title='bbox 1392 1144 1655 1215; x_wconf 84' lang='grc' dir='ltr'>Κύπρου,</span> <span class='ocrx_word' id='word_1_50' title='bbox 1717 1147 1813 1199; x_wconf 80' lang='grc' dir='ltr'>καὶ</span> 
     </span>
    </p>
   </div>
   <div class='ocr_carea' id='block_1_12' title="bbox 232 1232 1813 1307">
    <p class='ocr_par' dir='ltr' id='par_1_12' title="bbox 232 1232 1813 1307">
     <span class='ocr_line' id='line_1_12' title="bbox 232 1232 1813 1307; baseline 0.004 -25"><span class='ocrx_word' id='word_1_51' title='bbox 232 1234 739 1302; x_wconf 75' lang='grc' dir='ltr'><strong>παραιτησάμενος,</strong></span> <span class='ocrx_word' id='word_1_52' title='bbox 794 1233 869 1295; x_wconf 88' lang='grc' dir='ltr'>ὡς</span> <span class='ocrx_word' id='word_1_53' title='bbox 895 1232 1080 1285; x_wconf 76' lang='grc' dir='ltr'>πολλοὶ</span> <span class='ocrx_word' id='word_1_54' title='bbox 1133 1234 1231 1303; x_wconf 84' lang='grc' dir='ltr'><strong>μὲν</strong></span> <span class='ocrx_word' id='word_1_55' title='bbox 1294 1233 1501 1301; x_wconf 73' lang='grc' dir='ltr'>ἔλεγον,</span> <span class='ocrx_word' id='word_1_56' title='bbox 1553 1236 1648 1288; x_wconf 76' lang='grc' dir='ltr'><strong>καὶ</strong></span> <span class='ocrx_word' id='word_1_57' title='bbox 1689 1237 1813 1307; x_wconf 81' lang='grc' dir='ltr'>’τὴν</span> 
     </span>
    </p>
   </div>
   <div class='ocr_carea' id='block_1_13' title="bbox 232 1321 1813 1394">
    <p class='ocr_par' dir='ltr' id='par_1_13' title="bbox 232 1321 1813 1394">
     <span class='ocr_line' id='line_1_13' title="bbox 232 1321 1813 1394; baseline 0.003 -20"><span class='ocrx_word' id='word_1_58' title='bbox 232 1321 647 1392; x_wconf 76' lang='grc' dir='ltr'>ἀρχιερωσύνην</span> <span class='ocrx_word' id='word_1_59' title='bbox 666 1324 857 1394; x_wconf 79' lang='grc' dir='ltr'>αὐτὴν,</span> <span class='ocrx_word' id='word_1_60' title='bbox 898 1324 1085 1377; x_wconf 74' lang='grc' dir='ltr'>πολλοὶ</span> <span class='ocrx_word' id='word_1_61' title='bbox 1114 1324 1190 1389; x_wconf 75' lang='grc' dir='ltr'><strong>δὲ,</strong></span> <span class='ocrx_word' id='word_1_62' title='bbox 1232 1325 1401 1394; x_wconf 88' lang='grc' dir='ltr'>μόνην</span> <span class='ocrx_word' id='word_1_63' title='bbox 1453 1327 1548 1394; x_wconf 81' lang='grc' dir='ltr'><strong>τήν</strong></span> <span class='ocrx_word' id='word_1_64' title='bbox 1608 1326 1813 1394; x_wconf 81' lang='grc' dir='ltr'>διοίκη-</span> 
     </span>
    </p>
   </div>
   <div class='ocr_carea' id='block_1_14' title="bbox 234 1412 1811 1488">
    <p class='ocr_par' dir='ltr' id='par_1_14' title="bbox 234 1412 1811 1488">
     <span class='ocr_line' id='line_1_14' title="bbox 234 1412 1811 1488; baseline 0.004 -27"><span class='ocrx_word' id='word_1_65' title='bbox 234 1427 322 1462; x_wconf 83' lang='grc' dir='ltr'><strong>σιν</strong></span> <span class='ocrx_word' id='word_1_66' title='bbox 347 1412 456 1465; x_wconf 82' lang='grc' dir='ltr'>τῶν</span> <span class='ocrx_word' id='word_1_67' title='bbox 483 1413 848 1481; x_wconf 81' lang='grc' dir='ltr'><strong>πραγμάτων,</strong></span> <span class='ocrx_word' id='word_1_68' title='bbox 890 1415 985 1467; x_wconf 76' lang='grc' dir='ltr'><strong>καὶ</strong></span> <span class='ocrx_word' id='word_1_69' title='bbox 1035 1414 1127 1466; x_wconf 71' lang='grc' dir='ltr'>ἐπὶ</span> <span class='ocrx_word' id='word_1_70' title='bbox 1181 1415 1478 1484; x_wconf 83' lang='grc' dir='ltr'>τριάκοντα</span> <span class='ocrx_word' id='word_1_71' title='bbox 1533 1415 1673 1469; x_wconf 79' lang='grc' dir='ltr'>ἐπτὰ</span> <span class='ocrx_word' id='word_1_72' title='bbox 1716 1416 1811 1488; x_wconf 77' lang='grc' dir='ltr'>ἐτη</span> 
     </span>
    </p>
   </div>
   <div class='ocr_carea' id='block_1_15' title="bbox 232 1499 1811 1582">
    <p class='ocr_par' dir='ltr' id='par_1_15' title="bbox 232 1499 1811 1582">
     <span class='ocr_line' id='line_1_15' title="bbox 232 1499 1811 1582; baseline 0.001 -27"><span class='ocrx_word' id='word_1_73' title='bbox 232 1502 525 1573; x_wconf 78' lang='grc' dir='ltr'>σχολάσας,</span> <span class='ocrx_word' id='word_1_74' title='bbox 557 1499 676 1558; x_wconf 76' lang='grc' dir='ltr'>εἶτα</span> <span class='ocrx_word' id='word_1_75' title='bbox 706 1503 1036 1582; x_wconf 80' lang='grc' dir='ltr'>ἀνεϐιϐάσθη</span> <span class='ocrx_word' id='word_1_76' title='bbox 1063 1505 1143 1568; x_wconf 84' lang='grc' dir='ltr'><strong>είς</strong></span> <span class='ocrx_word' id='word_1_77' title='bbox 1167 1503 1257 1557; x_wconf 83' lang='grc' dir='ltr'><strong>τὸν</strong></span> <span class='ocrx_word' id='word_1_78' title='bbox 1282 1504 1471 1574; x_wconf 78' lang='grc' dir='ltr'>θρόνον</span> <span class='ocrx_word' id='word_1_79' title='bbox 1528 1505 1625 1575; x_wconf 85' lang='grc' dir='ltr'>τῆς</span> <span class='ocrx_word' id='word_1_80' title='bbox 1655 1507 1811 1559; x_wconf 84' lang='grc' dir='ltr'>Κων-</span> 
     </span>
    </p>
   </div>
   <div class='ocr_carea' id='block_1_16' title="bbox 230 1597 1809 1668">
    <p class='ocr_par' dir='ltr' id='par_1_16' title="bbox 230 1597 1809 1668">
     <span class='ocr_line' id='line_1_16' title="bbox 230 1597 1809 1668; baseline 0.004 -22"><span class='ocrx_word' id='word_1_81' title='bbox 230 1598 748 1661; x_wconf 84' lang='grc' dir='ltr'>σταντινουπόλεως,</span> <span class='ocrx_word' id='word_1_82' title='bbox 778 1598 874 1650; x_wconf 81' lang='grc' dir='ltr'>καὶ</span> <span class='ocrx_word' id='word_1_83' title='bbox 924 1598 1156 1666; x_wconf 80' lang='grc' dir='ltr'>ποιήσας</span> <span class='ocrx_word' id='word_1_84' title='bbox 1194 1598 1416 1667; x_wconf 86' lang='grc' dir='ltr'>χρόνους</span> <span class='ocrx_word' id='word_1_85' title='bbox 1444 1597 1512 1665; x_wconf 84' lang='grc' dir='ltr'><strong>γ’,</strong></span> <span class='ocrx_word' id='word_1_86' title='bbox 1547 1600 1719 1668; x_wconf 85' lang='grc' dir='ltr'>μῆνας</span> <span class='ocrx_word' id='word_1_87' title='bbox 1747 1599 1809 1665; x_wconf 87' lang='grc' dir='ltr'><strong>δ’,</strong></span> 
     </span>
    </p>
   </div>
   <div class='ocr_carea' id='block_1_17' title="bbox 229 1680 1812 1757">
    <p class='ocr_par' dir='ltr' id='par_1_17' title="bbox 229 1680 1812 1757">
     <span class='ocr_line' id='line_1_17' title="bbox 229 1680 1812 1757; baseline 0.003 -22"><span class='ocrx_word' id='word_1_88' title='bbox 229 1680 350 1736; x_wconf 44' lang='grc' dir='ltr'>εντα</span> <span class='ocrx_word' id='word_1_89' title='bbox 391 1687 748 1756; x_wconf 84' lang='grc' dir='ltr'>παρῃτήσασο</span> <span class='ocrx_word' id='word_1_90' title='bbox 778 1686 1115 1755; x_wconf 80' lang='grc' dir='ltr'>ἀμφιϐόλως,</span> <span class='ocrx_word' id='word_1_91' title='bbox 1143 1687 1209 1738; x_wconf 83' lang='grc' dir='ltr'>ὲκ</span> <span class='ocrx_word' id='word_1_92' title='bbox 1258 1685 1378 1755; x_wconf 82' lang='grc' dir='ltr'><strong>βίας</strong></span> <span class='ocrx_word' id='word_1_93' title='bbox 1423 1686 1532 1739; x_wconf 83' lang='grc' dir='ltr'><strong>τῶν</strong></span> <span class='ocrx_word' id='word_1_94' title='bbox 1584 1688 1812 1757; x_wconf 88' lang='grc' dir='ltr'>ἀποσχι-</span> 
     </span>
    </p>
   </div>
   <div class='ocr_carea' id='block_1_18' title="bbox 229 1769 1811 1844">
    <p class='ocr_par' dir='ltr' id='par_1_18' title="bbox 229 1769 1811 1844">
     <span class='ocr_line' id='line_1_18' title="bbox 229 1769 1811 1844; baseline 0.003 -18"><span class='ocrx_word' id='word_1_95' title='bbox 229 1774 468 1828; x_wconf 74' lang='grc' dir='ltr'>σθέντων</span> <span class='ocrx_word' id='word_1_96' title='bbox 494 1778 590 1829; x_wconf 87' lang='grc' dir='ltr'><strong>ἀπ’</strong></span> <span class='ocrx_word' id='word_1_97' title='bbox 624 1776 813 1843; x_wconf 82' lang='grc' dir='ltr'>αὑτοῦ,</span> <span class='ocrx_word' id='word_1_98' title='bbox 840 1776 1048 1830; x_wconf 84' lang='grc' dir='ltr'>πολλῶν</span> <span class='ocrx_word' id='word_1_99' title='bbox 1068 1777 1259 1844; x_wconf 76' lang='grc' dir='ltr'>ὄντων,</span> <span class='ocrx_word' id='word_1_100' title='bbox 1288 1778 1382 1831; x_wconf 78' lang='grc' dir='ltr'>καὶ</span> <span class='ocrx_word' id='word_1_101' title='bbox 1412 1777 1473 1842; x_wconf 79' lang='grc' dir='ltr'>ἐξ</span> <span class='ocrx_word' id='word_1_102' title='bbox 1519 1769 1593 1831; x_wconf 80' lang='grc' dir='ltr'>ὧν</span> <span class='ocrx_word' id='word_1_103' title='bbox 1647 1779 1811 1841; x_wconf 78' lang='grc' dir='ltr'>αὐτὸς</span> 
     </span>
    </p>
   </div>
   <div class='ocr_carea' id='block_1_19' title="bbox 228 1867 660 1937">
    <p class='ocr_par' dir='ltr' id='par_1_19' title="bbox 228 1867 660 1937">
     <span class='ocr_line' id='line_1_19' title="bbox 228 1867 660 1937; baseline 0.014 -20"><span class='ocrx_word' id='word_1_104' title='bbox 228 1870 343 1935; x_wconf 76' lang='grc' dir='ltr'>ἔχει</span> <span class='ocrx_word' id='word_1_105' title='bbox 353 1867 660 1937; x_wconf 87' lang='grc' dir='ltr'>ροτόνησεν.</span> 
     </span>
    </p>
   </div>
   <div class='ocr_carea' id='block_1_20' title="bbox 301 1959 1812 2031">
    <p class='ocr_par' dir='ltr' id='par_1_20' title="bbox 301 1959 1812 2031">
     <span class='ocr_line' id='line_1_20' title="bbox 301 1959 1812 2031; baseline 0.002 -21"><span class='ocrx_word' id='word_1_106' title='bbox 301 1960 555 2024; x_wconf 78' lang='grc' dir='ltr'><strong>Θεόδοτος</strong></span> <span class='ocrx_word' id='word_1_107' title='bbox 583 1960 840 2031; x_wconf 76' lang='grc' dir='ltr'>μοναχὸς,</span> <span class='ocrx_word' id='word_1_108' title='bbox 871 1960 965 2014; x_wconf 74' lang='grc' dir='ltr'>καὶ</span> <span class='ocrx_word' id='word_1_109' title='bbox 999 1960 1303 2031; x_wconf 84' lang='grc' dir='ltr'>ἡγούμενος</span> <span class='ocrx_word' id='word_1_110' title='bbox 1335 1960 1505 2030; x_wconf 83' lang='grc' dir='ltr'>μονῆς</span> <span class='ocrx_word' id='word_1_111' title='bbox 1525 1960 1622 2030; x_wconf 82' lang='grc' dir='ltr'>τῆς</span> <span class='ocrx_word' id='word_1_112' title='bbox 1649 1959 1812 2027; x_wconf 84' lang='grc' dir='ltr'>ἁγίας</span> 
     </span>
    </p>
   </div>
   <div class='ocr_carea' id='block_1_21' title="bbox 227 2051 1813 2125">
    <p class='ocr_par' dir='ltr' id='par_1_21' title="bbox 227 2051 1813 2125">
     <span class='ocr_line' id='line_1_21' title="bbox 227 2051 1813 2125; baseline 0.004 -22"><span class='ocrx_word' id='word_1_113' title='bbox 227 2051 603 2117; x_wconf 76' lang='grc' dir='ltr'>ἀναστάσεως,</span> <span class='ocrx_word' id='word_1_114' title='bbox 628 2053 721 2106; x_wconf 72' lang='grc' dir='ltr'><strong>ἐπὶ</strong></span> <span class='ocrx_word' id='word_1_115' title='bbox 746 2053 841 2106; x_wconf 88' lang='grc' dir='ltr'><strong>τοῦ</strong></span> <span class='ocrx_word' id='word_1_116' title='bbox 870 2051 1035 2106; x_wconf 78' lang='grc' dir='ltr'>αὐτοῦ</span> <span class='ocrx_word' id='word_1_117' title='bbox 1086 2055 1255 2125; x_wconf 86' lang='grc' dir='ltr'>κυροῦ</span> <span class='ocrx_word' id='word_1_118' title='bbox 1288 2054 1548 2125; x_wconf 85' lang='grc' dir='ltr'>Μανουὴλ</span> <span class='ocrx_word' id='word_1_119' title='bbox 1579 2055 1675 2109; x_wconf 84' lang='grc' dir='ltr'><strong>τοῦ</strong></span> <span class='ocrx_word' id='word_1_120' title='bbox 1702 2057 1813 2109; x_wconf 89' lang='lat' dir='ltr'><strong>Ko-</strong></span> 
     </span>
    </p>
   </div>
   <div class='ocr_carea' id='block_1_22' title="bbox 229 2142 740 2213">
    <p class='ocr_par' dir='ltr' id='par_1_22' title="bbox 229 2142 740 2213">
     <span class='ocr_line' id='line_1_22' title="bbox 229 2142 740 2213; baseline 0.008 -18"><span class='ocrx_word' id='word_1_121' title='bbox 229 2142 460 2212; x_wconf 83' lang='grc' dir='ltr'>μνηνοῦ,</span> <span class='ocrx_word' id='word_1_122' title='bbox 493 2143 587 2213; x_wconf 75' lang='grc' dir='ltr'>ἐτη</span> <span class='ocrx_word' id='word_1_123' title='bbox 625 2184 639 2199; x_wconf 93' lang='grc'><strong>.</strong></span> <span class='ocrx_word' id='word_1_124' title='bbox 673 2185 687 2198; x_wconf 93' lang='grc'><strong>.</strong></span> <span class='ocrx_word' id='word_1_125' title='bbox 722 2180 740 2198; x_wconf 84' lang='grc'><strong>.</strong></span> 
     </span>
    </p>
   </div>
   <div class='ocr_carea' id='block_1_23' title="bbox 298 2237 1812 2312">
    <p class='ocr_par' dir='ltr' id='par_1_23' title="bbox 298 2237 1812 2312">
     <span class='ocr_line' id='line_1_23' title="bbox 298 2237 1812 2312; baseline 0.002 -23"><span class='ocrx_word' id='word_1_126' title='bbox 298 2237 597 2304; x_wconf 71' lang='grc' dir='ltr'>Νεόςρυτος,</span> <span class='ocrx_word' id='word_1_127' title='bbox 625 2238 955 2306; x_wconf 79' lang='grc' dir='ltr'>ἐγκλειστος,</span> <span class='ocrx_word' id='word_1_128' title='bbox 983 2242 1011 2294; x_wconf 99' lang='lat'><strong>6</strong></span> <span class='ocrx_word' id='word_1_129' title='bbox 1032 2241 1141 2294; x_wconf 79' lang='grc' dir='ltr'><strong>ἀπὺ</strong></span> <span class='ocrx_word' id='word_1_130' title='bbox 1173 2240 1275 2309; x_wconf 80' lang='grc' dir='ltr'><strong>τῆς</strong></span> <span class='ocrx_word' id='word_1_131' title='bbox 1304 2240 1470 2309; x_wconf 84' lang='grc' dir='ltr'>μονῆς</span> <span class='ocrx_word' id='word_1_132' title='bbox 1503 2239 1602 2310; x_wconf 84' lang='grc' dir='ltr'>τῆς</span> <span class='ocrx_word' id='word_1_133' title='bbox 1640 2239 1812 2312; x_wconf 79' lang='grc' dir='ltr'>Εὐερ-</span> 
     </span>
    </p>
   </div>
   <div class='ocr_carea' id='block_1_24' title="bbox 224 2327 728 2397">
    <p class='ocr_par' dir='ltr' id='par_1_24' title="bbox 224 2327 728 2397">
     <span class='ocr_line' id='line_1_24' title="bbox 224 2327 728 2397; baseline 0.01 -19"><span class='ocrx_word' id='word_1_134' title='bbox 224 2327 457 2394; x_wconf 84' lang='grc' dir='ltr'>γέτιδος,</span> <span class='ocrx_word' id='word_1_135' title='bbox 507 2328 623 2397; x_wconf 82' lang='grc' dir='ltr'>ἔτη.</span> <span class='ocrx_word' id='word_1_136' title='bbox 658 2366 677 2383; x_wconf 91' lang='grc'><strong>.</strong></span> <span class='ocrx_word' id='word_1_137' title='bbox 713 2367 728 2383; x_wconf 93' lang='grc'><strong>.</strong></span> 
     </span>
    </p>
   </div>
   <div class='ocr_carea' id='block_1_25' title="bbox 302 2418 1814 2491">
    <p class='ocr_par' dir='ltr' id='par_1_25' title="bbox 302 2418 1814 2491">
     <span class='ocr_line' id='line_1_25' title="bbox 302 2418 1814 2491; baseline 0.001 -20"><span class='ocrx_word' id='word_1_138' title='bbox 302 2420 612 2491; x_wconf 81' lang='grc' dir='ltr'>Χλιαρηνὸς</span> <span class='ocrx_word' id='word_1_139' title='bbox 662 2422 1094 2485; x_wconf 82' lang='grc' dir='ltr'>Κωνσταντῖνος,</span> <span class='ocrx_word' id='word_1_140' title='bbox 1129 2421 1402 2486; x_wconf 87' lang='grc' dir='ltr'>διάκονος,</span> <span class='ocrx_word' id='word_1_141' title='bbox 1466 2419 1565 2474; x_wconf 73' lang='grc' dir='ltr'><strong>καὶ</strong></span> <span class='ocrx_word' id='word_1_142' title='bbox 1622 2418 1814 2473; x_wconf 86' lang='grc' dir='ltr'>σακελ-</span> 
     </span>
    </p>
   </div>
   <div class='ocr_carea' id='block_1_26' title="bbox 223 2511 631 2581">
    <p class='ocr_par' dir='ltr' id='par_1_26' title="bbox 223 2511 631 2581">
     <span class='ocr_line' id='line_1_26' title="bbox 223 2511 631 2581; baseline 0.007 -18"><span class='ocrx_word' id='word_1_143' title='bbox 223 2511 365 2571; x_wconf 75' lang='grc' dir='ltr'>λίου,</span> <span class='ocrx_word' id='word_1_144' title='bbox 395 2512 487 2581; x_wconf 77' lang='grc' dir='ltr'><strong>ἔτη</strong></span> <span class='ocrx_word' id='word_1_145' title='bbox 520 2546 536 2564; x_wconf 89' lang='grc'><strong>.</strong></span> <span class='ocrx_word' id='word_1_146' title='bbox 570 2552 585 2566; x_wconf 93' lang='grc'><strong>.</strong></span> <span class='ocrx_word' id='word_1_147' title='bbox 616 2552 631 2566; x_wconf 94' lang='grc'><strong>.</strong></span> 
     </span>
    </p>
   </div>
   <div class='ocr_carea' id='block_1_27' title="bbox 298 2602 1263 2674">
    <p class='ocr_par' dir='ltr' id='par_1_27' title="bbox 298 2602 1263 2674">
     <span class='ocr_line' id='line_1_27' title="bbox 298 2602 1263 2674; baseline 0.005 -19"><span class='ocrx_word' id='word_1_148' title='bbox 298 2605 515 2665; x_wconf 74' lang='grc' dir='ltr'>Λουκᾶς</span> <span class='ocrx_word' id='word_1_149' title='bbox 539 2604 565 2655; x_wconf 85' lang='grc' dir='ltr'>ὁ</span> <span class='ocrx_word' id='word_1_150' title='bbox 591 2602 1006 2674; x_wconf 80' lang='grc' dir='ltr'>Χρυσοϐἑργης,</span> <span class='ocrx_word' id='word_1_151' title='bbox 1045 2604 1162 2673; x_wconf 79' lang='grc' dir='ltr'>ἔτη.</span> <span class='ocrx_word' id='word_1_152' title='bbox 1190 2643 1206 2659; x_wconf 92' lang='grc'><strong>.</strong></span> <span class='ocrx_word' id='word_1_153' title='bbox 1248 2644 1263 2661; x_wconf 92' lang='grc'><strong>.</strong></span> 
     </span>
    </p>
   </div>
   <div class='ocr_carea' id='block_1_28' title="bbox 296 2692 1811 2764">
    <p class='ocr_par' dir='ltr' id='par_1_28' title="bbox 296 2692 1811 2764">
     <span class='ocr_line' id='line_1_28' title="bbox 296 2692 1811 2764; baseline -0.003 -16"><span class='ocrx_word' id='word_1_154' title='bbox 296 2695 519 2764; x_wconf 78' lang='grc' dir='ltr'>Μιχαὴλ</span> <span class='ocrx_word' id='word_1_155' title='bbox 561 2695 827 2760; x_wconf 75' lang='grc' dir='ltr'>διάκονος,</span> <span class='ocrx_word' id='word_1_156' title='bbox 897 2697 993 2747; x_wconf 76' lang='grc' dir='ltr'><strong>καὶ</strong></span> <span class='ocrx_word' id='word_1_157' title='bbox 1046 2696 1141 2748; x_wconf 75' lang='grc' dir='ltr'>ἐπὶ</span> <span class='ocrx_word' id='word_1_158' title='bbox 1171 2695 1271 2764; x_wconf 80' lang='grc' dir='ltr'>τῆς</span> <span class='ocrx_word' id='word_1_159' title='bbox 1321 2692 1607 2764; x_wconf 82' lang='grc' dir='ltr'>σακέλλης,</span> <span class='ocrx_word' id='word_1_160' title='bbox 1647 2694 1675 2747; x_wconf 91' lang='lat'><strong>6</strong></span> <span class='ocrx_word' id='word_1_161' title='bbox 1715 2692 1811 2745; x_wconf 87' lang='grc' dir='ltr'><strong>τοῦ</strong></span> 
     </span>
    </p>
   </div>
   <div class='ocr_carea' id='block_1_29' title="bbox 238 2783 1632 2856">
    <p class='ocr_par' dir='ltr' id='par_1_29' title="bbox 238 2783 1632 2856">
     <span class='ocr_line' id='line_1_29' title="bbox 238 2783 1632 2856; baseline -0.001 -15"><span class='ocrx_word' id='word_1_162' title='bbox 238 2788 554 2855; x_wconf 74' lang='grc' dir='ltr'>Ἀγχιάλου,</span> <span class='ocrx_word' id='word_1_163' title='bbox 584 2788 679 2840; x_wconf 57' lang='grc' dir='ltr'><strong>καὶ⁸</strong></span> <span class='ocrx_word' id='word_1_164' title='bbox 703 2787 907 2849; x_wconf 86' lang='grc' dir='ltr'>ῦπατος</span> <span class='ocrx_word' id='word_1_165' title='bbox 936 2788 1045 2840; x_wconf 85' lang='grc' dir='ltr'><strong>τῶν</strong></span> <span class='ocrx_word' id='word_1_166' title='bbox 1082 2788 1407 2855; x_wconf 80' lang='grc' dir='ltr'>φιλοσόφων,</span> <span class='ocrx_word' id='word_1_167' title='bbox 1440 2786 1533 2855; x_wconf 73' lang='grc' dir='ltr'>ἐτη</span> <span class='ocrx_word' id='word_1_168' title='bbox 1563 2783 1632 2856; x_wconf 82' lang='grc' dir='ltr'>η’.</span> 
     </span>
    </p>
   </div>
   <div class='ocr_carea' id='block_1_30' title="bbox 309 2877 1809 2949">
    <p class='ocr_par' dir='ltr' id='par_1_30' title="bbox 309 2877 1809 2949">
     <span class='ocr_line' id='line_1_30' title="bbox 309 2877 1809 2949; baseline -0.003 -18"><span class='ocrx_word' id='word_1_169' title='bbox 309 2879 369 2931; x_wconf 85' lang='grc'>’0</span> <span class='ocrx_word' id='word_1_170' title='bbox 407 2877 636 2947; x_wconf 77' lang='grc' dir='ltr'>μοναχδς</span> <span class='ocrx_word' id='word_1_171' title='bbox 664 2878 939 2947; x_wconf 84' lang='grc' dir='ltr'>Χαρίτων,</span> <span class='ocrx_word' id='word_1_172' title='bbox 968 2881 1067 2948; x_wconf 78' lang='grc' dir='ltr'>τῆς</span> <span class='ocrx_word' id='word_1_173' title='bbox 1099 2879 1270 2949; x_wconf 81' lang='grc' dir='ltr'>μονῆς</span> <span class='ocrx_word' id='word_1_174' title='bbox 1312 2879 1422 2931; x_wconf 85' lang='grc' dir='ltr'><strong>τῶν</strong></span> <span class='ocrx_word' id='word_1_175' title='bbox 1471 2877 1809 2945; x_wconf 84' lang='grc' dir='ltr'>Μαγκάνων,</span> 
     </span>
    </p>
   </div>
   <div class='ocr_carea' id='block_1_31' title="bbox 228 2968 1455 3040">
    <p class='ocr_par' dir='ltr' id='par_1_31' title="bbox 228 2968 1455 3040">
     <span class='ocr_line' id='line_1_31' title="bbox 228 2968 1455 3040; baseline 0.001 -20"><span class='ocrx_word' id='word_1_176' title='bbox 228 2970 407 3040; x_wconf 76' lang='grc' dir='ltr'>μῆνας</span> <span class='ocrx_word' id='word_1_177' title='bbox 436 2968 524 3023; x_wconf 87' lang='grc' dir='ltr'>ια’.</span> <span class='ocrx_word' id='word_1_178' title='bbox 1450 3024 1455 3031; x_wconf 32' lang='grc' dir='ltr'>λ</span> 
     </span>
    </p>
   </div>
   <div class='ocr_carea' id='block_1_32' title="bbox 314 3056 1813 3132">
    <p class='ocr_par' dir='ltr' id='par_1_32' title="bbox 314 3056 1813 3132">
     <span class='ocr_line' id='line_1_32' title="bbox 314 3056 1813 3132; baseline -0.002 -18"><span class='ocrx_word' id='word_1_179' title='bbox 314 3062 372 3114; x_wconf 89' lang='grc' dir='ltr'><strong>Ὀ</strong></span> <span class='ocrx_word' id='word_1_180' title='bbox 405 3063 638 3132; x_wconf 86' lang='grc' dir='ltr'>μοναχδς</span> <span class='ocrx_word' id='word_1_181' title='bbox 684 3062 986 3127; x_wconf 80' lang='grc' dir='ltr'>Θεοδόσιος,</span> <span class='ocrx_word' id='word_1_182' title='bbox 1018 3064 1047 3115; x_wconf 94' lang='lat'><strong>6</strong></span> <span class='ocrx_word' id='word_1_183' title='bbox 1104 3063 1162 3130; x_wconf 76' lang='grc' dir='ltr'><strong>ἐξ</strong></span> <span class='ocrx_word' id='word_1_184' title='bbox 1238 3060 1569 3131; x_wconf 76' lang='grc' dir='ltr'>Ἀντιοχείας</span> <span class='ocrx_word' id='word_1_185' title='bbox 1629 3056 1813 3129; x_wconf 83' lang='grc' dir='ltr'>ὁρμώ-</span> 
     </span>
    </p>
   </div>
   <div class='ocr_carea' id='block_1_33' title="bbox 1916 609 3491 690">
    <p class='ocr_par' dir='ltr' id='par_1_33' title="bbox 1916 609 3491 690">
     <span class='ocr_line' id='line_1_33' title="bbox 1916 609 3491 690; baseline 0.014 -28"><span class='ocrx_word' id='word_1_186' title='bbox 1916 609 2167 667; x_wconf 87' lang='lat' dir='ltr'><strong>Manuele</strong></span> <span class='ocrx_word' id='word_1_187' title='bbox 2231 613 2508 670; x_wconf 90' lang='lat' dir='ltr'><strong>Comneno</strong></span> <span class='ocrx_word' id='word_1_188' title='bbox 2585 616 2641 673; x_wconf 93' lang='lat' dir='ltr'><strong>in</strong></span> <span class='ocrx_word' id='word_1_189' title='bbox 2723 619 2994 690; x_wconf 85' lang='lat' dir='ltr'><strong>porphyra</strong></span> <span class='ocrx_word' id='word_1_190' title='bbox 3052 628 3215 683; x_wconf 89' lang='lat' dir='ltr'><strong>nato,</strong></span> <span class='ocrx_word' id='word_1_191' title='bbox 3289 632 3379 673; x_wconf 89' lang='lat' dir='ltr'><strong>an.</strong></span> <span class='ocrx_word' id='word_1_192' title='bbox 3433 634 3491 683; x_wconf 73' lang='lat' dir='ltr'><strong>tt.</strong></span> 
     </span>
    </p>
   </div>
   <div class='ocr_carea' id='block_1_34' title="bbox 1914 716 2260 760">
    <p class='ocr_par' dir='ltr' id='par_1_34' title="bbox 1914 716 2260 760">
     <span class='ocr_line' id='line_1_34' title="bbox 1914 716 2260 760; baseline 0.017 -7"><span class='ocrx_word' id='word_1_193' title='bbox 1914 716 2092 758; x_wconf 73' lang='grc'><strong>1118115.</strong></span> <span class='ocrx_word' id='word_1_194' title='bbox 2143 720 2260 760; x_wconf 73' lang='lat' dir='ltr'>VIII.</span> 
     </span>
    </p>
   </div>
   <div class='ocr_carea' id='block_1_35' title="bbox 1984 792 3496 871">
    <p class='ocr_par' dir='ltr' id='par_1_35' title="bbox 1984 792 3496 871">
     <span class='ocr_line' id='line_1_35' title="bbox 1984 792 3496 871; baseline 0.004 -23"><span class='ocrx_word' id='word_1_195' title='bbox 1984 792 2214 852; x_wconf 89' lang='lat' dir='ltr'><strong>Cosmas</strong></span> <span class='ocrx_word' id='word_1_196' title='bbox 2247 797 2485 865; x_wconf 80' lang='lat' dir='ltr'><strong>Atticus,</strong></span> <span class='ocrx_word' id='word_1_197' title='bbox 2520 814 2643 853; x_wconf 94' lang='lat' dir='ltr'><strong>cum</strong></span> <span class='ocrx_word' id='word_1_198' title='bbox 2699 799 2806 855; x_wconf 86' lang='lat' dir='ltr'><strong>sub</strong></span> <span class='ocrx_word' id='word_1_199' title='bbox 2841 802 3029 855; x_wconf 86' lang='lat' dir='ltr'><strong>eodem</strong></span> <span class='ocrx_word' id='word_1_200' title='bbox 3075 801 3323 871; x_wconf 86' lang='lat' dir='ltr'><strong>principe</strong></span> <span class='ocrx_word' id='word_1_201' title='bbox 3360 817 3496 870; x_wconf 81' lang='lat' dir='ltr'><strong>pon—</strong></span> 
     </span>
    </p>
   </div>
   <div class='ocr_carea' id='block_1_36' title="bbox 1915 883 3494 961">
    <p class='ocr_par' dir='ltr' id='par_1_36' title="bbox 1915 883 3494 961">
     <span class='ocr_line' id='line_1_36' title="bbox 1915 883 3494 961; baseline 0.004 -22"><span class='ocrx_word' id='word_1_202' title='bbox 1915 883 2184 941; x_wconf 85' lang='lat' dir='ltr'><strong>tilicatum</strong></span> <span class='ocrx_word' id='word_1_203' title='bbox 2221 904 2397 945; x_wconf 87' lang='lat' dir='ltr'><strong>mens.</strong></span> <span class='ocrx_word' id='word_1_204' title='bbox 2452 906 2486 943; x_wconf 78' lang='grc' dir='ltr'><strong>ι</strong></span> <span class='ocrx_word' id='word_1_205' title='bbox 2526 891 2992 958; x_wconf 88' lang='lat' dir='ltr'><strong>administrasset,</strong></span> <span class='ocrx_word' id='word_1_206' title='bbox 3026 894 3237 961; x_wconf 73' lang='lat' dir='ltr'><strong>eiectus</strong></span> <span class='ocrx_word' id='word_1_207' title='bbox 3271 900 3355 948; x_wconf 90' lang='lat' dir='ltr'><strong>est</strong></span> <span class='ocrx_word' id='word_1_208' title='bbox 3387 911 3401 946; x_wconf 90' lang='lat'><strong>:</strong></span> <span class='ocrx_word' id='word_1_209' title='bbox 3438 899 3494 946; x_wconf 88' lang='lat' dir='ltr'><strong>et</strong></span> 
     </span>
    </p>
   </div>
   <div class='ocr_carea' id='block_1_37' title="bbox 1916 976 2890 1037">
    <p class='ocr_par' dir='ltr' id='par_1_37' title="bbox 1916 976 2890 1037">
     <span class='ocr_line' id='line_1_37' title="bbox 1916 976 2890 1037; baseline 0.008 -8"><span class='ocrx_word' id='word_1_210' title='bbox 1916 976 2163 1032; x_wconf 85' lang='lat' dir='ltr'><strong>Ecclesia</strong></span> <span class='ocrx_word' id='word_1_211' title='bbox 2193 980 2354 1033; x_wconf 88' lang='lat' dir='ltr'><strong>vidua</strong></span> <span class='ocrx_word' id='word_1_212' title='bbox 2388 983 2592 1035; x_wconf 90' lang='lat' dir='ltr'><strong>mansit</strong></span> <span class='ocrx_word' id='word_1_213' title='bbox 2623 997 2802 1037; x_wconf 79' lang='lat' dir='ltr'><strong>mens.</strong></span> <span class='ocrx_word' id='word_1_214' title='bbox 2837 999 2890 1037; x_wconf 73' lang='grc' dir='ltr'><strong>τ.</strong></span> 
     </span>
    </p>
   </div>
   <div class='ocr_carea' id='block_1_38' title="bbox 1984 1070 3494 1142">
    <p class='ocr_par' dir='ltr' id='par_1_38' title="bbox 1984 1070 3494 1142">
     <span class='ocr_line' id='line_1_38' title="bbox 1984 1070 3494 1142; baseline 0.005 -20"><span class='ocrx_word' id='word_1_215' title='bbox 1984 1070 2246 1124; x_wconf 90' lang='lat' dir='ltr'><strong>Nicolaus</strong></span> <span class='ocrx_word' id='word_1_216' title='bbox 2280 1074 2601 1138; x_wconf 81' lang='lat' dir='ltr'><strong>monachus,</strong></span> <span class='ocrx_word' id='word_1_217' title='bbox 2646 1073 2876 1135; x_wconf 75' lang='lat' dir='ltr'><strong>Muzalo.</strong></span> <span class='ocrx_word' id='word_1_218' title='bbox 2927 1074 3031 1130; x_wconf 90' lang='lat' dir='ltr'><strong>sub</strong></span> <span class='ocrx_word' id='word_1_219' title='bbox 3081 1073 3271 1129; x_wconf 87' lang='lat' dir='ltr'><strong>eodem</strong></span> <span class='ocrx_word' id='word_1_220' title='bbox 3323 1074 3494 1142; x_wconf 75' lang='lat' dir='ltr'><strong>impe-</strong></span> 
     </span>
    </p>
   </div>
   <div class='ocr_carea' id='block_1_39' title="bbox 1914 1162 3492 1234">
    <p class='ocr_par' dir='ltr' id='par_1_39' title="bbox 1914 1162 3492 1234">
     <span class='ocr_line' id='line_1_39' title="bbox 1914 1162 3492 1234; baseline 0.003 -19"><span class='ocrx_word' id='word_1_221' title='bbox 1914 1170 2115 1225; x_wconf 90' lang='lat' dir='ltr'><strong>ratore,</strong></span> <span class='ocrx_word' id='word_1_222' title='bbox 2184 1162 2363 1217; x_wconf 78' lang='lat' dir='ltr'><strong>factus</strong></span> <span class='ocrx_word' id='word_1_223' title='bbox 2420 1165 2865 1233; x_wconf 70' lang='lat' dir='ltr'><strong>archiepiscopus</strong></span> <span class='ocrx_word' id='word_1_224' title='bbox 2917 1177 3075 1220; x_wconf 89' lang='lat' dir='ltr'><strong>antea</strong></span> <span class='ocrx_word' id='word_1_225' title='bbox 3125 1166 3309 1234; x_wconf 85' lang='lat' dir='ltr'><strong>Cypri,</strong></span> <span class='ocrx_word' id='word_1_226' title='bbox 3366 1179 3492 1219; x_wconf 89' lang='lat' dir='ltr'><strong>cum</strong></span> 
     </span>
    </p>
   </div>
   <div class='ocr_carea' id='block_1_40' title="bbox 1914 1256 3496 1326">
    <p class='ocr_par' dir='ltr' id='par_1_40' title="bbox 1914 1256 3496 1326">
     <span class='ocr_line' id='line_1_40' title="bbox 1914 1256 3496 1326; baseline 0.003 -19"><span class='ocrx_word' id='word_1_227' title='bbox 1914 1256 2310 1321; x_wconf 88' lang='lat' dir='ltr'><strong>renuntiasset,</strong></span> <span class='ocrx_word' id='word_1_228' title='bbox 2344 1264 2403 1310; x_wconf 95' lang='lat' dir='ltr'><strong>ut</strong></span> <span class='ocrx_word' id='word_1_229' title='bbox 2446 1257 2695 1326; x_wconf 89' lang='lat' dir='ltr'><strong>plerique</strong></span> <span class='ocrx_word' id='word_1_230' title='bbox 2742 1258 3017 1321; x_wconf 77' lang='lat' dir='ltr'><strong>dicebant,</strong></span> <span class='ocrx_word' id='word_1_231' title='bbox 3051 1258 3154 1326; x_wconf 83' lang='lat' dir='ltr'><strong>ipsi</strong></span> <span class='ocrx_word' id='word_1_232' title='bbox 3208 1257 3496 1326; x_wconf 73' lang='lat' dir='ltr'><strong>pontiﬁca-</strong></span> 
     </span>
    </p>
   </div>
   <div class='ocr_carea' id='block_1_41' title="bbox 1914 1346 3494 1417">
    <p class='ocr_par' dir='ltr' id='par_1_41' title="bbox 1914 1346 3494 1417">
     <span class='ocr_line' id='line_1_41' title="bbox 1914 1346 3494 1417; baseline 0.003 -18"><span class='ocrx_word' id='word_1_233' title='bbox 1914 1346 2030 1405; x_wconf 85' lang='lat' dir='ltr'><strong>tui:</strong></span> <span class='ocrx_word' id='word_1_234' title='bbox 2074 1355 2133 1401; x_wconf 84' lang='lat' dir='ltr'><strong>ut</strong></span> <span class='ocrx_word' id='word_1_235' title='bbox 2159 1348 2270 1413; x_wconf 84' lang='lat' dir='ltr'><strong>alii,</strong></span> <span class='ocrx_word' id='word_1_236' title='bbox 2326 1348 2429 1401; x_wconf 86' lang='lat' dir='ltr'><strong>soli</strong></span> <span class='ocrx_word' id='word_1_237' title='bbox 2490 1363 2672 1401; x_wconf 86' lang='lat' dir='ltr'><strong>rerum</strong></span> <span class='ocrx_word' id='word_1_238' title='bbox 2715 1347 3203 1408; x_wconf 86' lang='lat' dir='ltr'><strong>administrationi,</strong></span> <span class='ocrx_word' id='word_1_239' title='bbox 3268 1347 3494 1417; x_wconf 85' lang='lat' dir='ltr'><strong>jamque</strong></span> 
     </span>
    </p>
   </div>
   <div class='ocr_carea' id='block_1_42' title="bbox 1912 1438 3493 1496">
    <p class='ocr_par' dir='ltr' id='par_1_42' title="bbox 1912 1438 3493 1496">
     <span class='ocr_line' id='line_1_42' title="bbox 1912 1438 3493 1496; baseline 0.005 -8"><span class='ocrx_word' id='word_1_240' title='bbox 1912 1451 2099 1490; x_wconf 75' lang='lat' dir='ltr'><strong>xxxvii</strong></span> <span class='ocrx_word' id='word_1_241' title='bbox 2161 1452 2250 1492; x_wconf 88' lang='lat' dir='ltr'><strong>an.</strong></span> <span class='ocrx_word' id='word_1_242' title='bbox 2313 1438 2656 1492; x_wconf 90' lang='lat' dir='ltr'><strong>vacationem</strong></span> <span class='ocrx_word' id='word_1_243' title='bbox 2735 1438 3016 1493; x_wconf 77' lang='lat' dir='ltr'><strong>habuisset</strong></span> <span class='ocrx_word' id='word_1_244' title='bbox 3074 1456 3090 1495; x_wconf 87' lang='lat'><strong>:</strong></span> <span class='ocrx_word' id='word_1_245' title='bbox 3148 1441 3365 1495; x_wconf 87' lang='lat' dir='ltr'><strong>tandem</strong></span> <span class='ocrx_word' id='word_1_246' title='bbox 3423 1442 3493 1496; x_wconf 89' lang='lat' dir='ltr'><strong>ad</strong></span> 
     </span>
    </p>
   </div>
   <div class='ocr_carea' id='block_1_43' title="bbox 1913 1528 3490 1603">
    <p class='ocr_par' dir='ltr' id='par_1_43' title="bbox 1913 1528 3490 1603">
     <span class='ocr_line' id='line_1_43' title="bbox 1913 1528 3490 1603; baseline 0.004 -23"><span class='ocrx_word' id='word_1_247' title='bbox 1913 1528 2169 1583; x_wconf 87' lang='lat' dir='ltr'><strong>thronum</strong></span> <span class='ocrx_word' id='word_1_248' title='bbox 2205 1530 2713 1602; x_wconf 82' lang='lat' dir='ltr'><strong>ConstantinOpolis</strong></span> <span class='ocrx_word' id='word_1_249' title='bbox 2743 1539 2966 1587; x_wconf 90' lang='lat' dir='ltr'><strong>evectus</strong></span> <span class='ocrx_word' id='word_1_250' title='bbox 2994 1539 3074 1587; x_wconf 82' lang='lat' dir='ltr'><strong>cst</strong></span> <span class='ocrx_word' id='word_1_251' title='bbox 3105 1551 3117 1587; x_wconf 90' lang='lat'>:</span> <span class='ocrx_word' id='word_1_252' title='bbox 3144 1533 3198 1586; x_wconf 92' lang='lat' dir='ltr'><strong>in</strong></span> <span class='ocrx_word' id='word_1_253' title='bbox 3232 1549 3339 1603; x_wconf 91' lang='lat' dir='ltr'><strong>quo</strong></span> <span class='ocrx_word' id='word_1_254' title='bbox 3366 1549 3490 1587; x_wconf 88' lang='lat' dir='ltr'><strong>cum</strong></span> 
     </span>
    </p>
   </div>
   <div class='ocr_carea' id='block_1_44' title="bbox 1911 1622 3494 1691">
    <p class='ocr_par' dir='ltr' id='par_1_44' title="bbox 1911 1622 3494 1691">
     <span class='ocr_line' id='line_1_44' title="bbox 1911 1622 3494 1691; baseline 0.004 -16"><span class='ocrx_word' id='word_1_255' title='bbox 1911 1622 2181 1689; x_wconf 81' lang='lat' dir='ltr'><strong>exegisset</strong></span> <span class='ocrx_word' id='word_1_256' title='bbox 2225 1638 2397 1679; x_wconf 91' lang='lat' dir='ltr'><strong>annos</strong></span> <span class='ocrx_word' id='word_1_257' title='bbox 2438 1640 2521 1686; x_wconf 84' lang='lat' dir='ltr'><strong>tu,</strong></span> <span class='ocrx_word' id='word_1_258' title='bbox 2577 1640 2753 1679; x_wconf 90' lang='lat' dir='ltr'><strong>mens.</strong></span> <span class='ocrx_word' id='word_1_259' title='bbox 2804 1640 2879 1691; x_wconf 79' lang='lat' dir='ltr'><strong>IV,</strong></span> <span class='ocrx_word' id='word_1_260' title='bbox 2926 1625 3123 1679; x_wconf 88' lang='lat' dir='ltr'><strong>iterum</strong></span> <span class='ocrx_word' id='word_1_261' title='bbox 3160 1628 3494 1681; x_wconf 80' lang='lat' dir='ltr'><strong>renuntiavit</strong></span> 
     </span>
    </p>
   </div>
   <div class='ocr_carea' id='block_1_45' title="bbox 1913 1714 3490 1787">
    <p class='ocr_par' dir='ltr' id='par_1_45' title="bbox 1913 1714 3490 1787">
     <span class='ocr_line' id='line_1_45' title="bbox 1913 1714 3490 1787; baseline 0.005 -22"><span class='ocrx_word' id='word_1_262' title='bbox 1913 1714 2180 1782; x_wconf 77' lang='lat' dir='ltr'><strong>ambigue,</strong></span> <span class='ocrx_word' id='word_1_263' title='bbox 2210 1727 2432 1771; x_wconf 88' lang='lat' dir='ltr'><strong>coactus</strong></span> <span class='ocrx_word' id='word_1_264' title='bbox 2461 1717 2512 1769; x_wconf 92' lang='lat' dir='ltr'><strong>vi</strong></span> <span class='ocrx_word' id='word_1_265' title='bbox 2544 1716 2877 1771; x_wconf 82' lang='lat' dir='ltr'><strong>divulsorum</strong></span> <span class='ocrx_word' id='word_1_266' title='bbox 2914 1717 2982 1769; x_wconf 84' lang='lat' dir='ltr'><strong>ab</strong></span> <span class='ocrx_word' id='word_1_267' title='bbox 3026 1718 3165 1786; x_wconf 90' lang='lat' dir='ltr'><strong>ipso,</strong></span> <span class='ocrx_word' id='word_1_268' title='bbox 3199 1717 3291 1787; x_wconf 92' lang='lat' dir='ltr'><strong>qui</strong></span> <span class='ocrx_word' id='word_1_269' title='bbox 3334 1718 3490 1773; x_wconf 91' lang='lat' dir='ltr'><strong>multi</strong></span> 
     </span>
    </p>
   </div>
   <div class='ocr_carea' id='block_1_46' title="bbox 1911 1788 3305 1877">
    <p class='ocr_par' dir='ltr' id='par_1_46' title="bbox 1911 1788 3305 1877">
     <span class='ocr_line' id='line_1_46' title="bbox 1911 1788 3305 1877; baseline 0.003 -20"><span class='ocrx_word' id='word_1_270' title='bbox 1911 1814 2089 1869; x_wconf 88' lang='lat' dir='ltr'><strong>erant,</strong></span> <span class='ocrx_word' id='word_1_271' title='bbox 2113 1812 2167 1859; x_wconf 90' lang='lat' dir='ltr'><strong>et</strong></span> <span class='ocrx_word' id='word_1_272' title='bbox 2201 1821 2435 1874; x_wconf 89' lang='lat' dir='ltr'><strong>quorum</strong></span> <span class='ocrx_word' id='word_1_273' title='bbox 2478 1806 2693 1877; x_wconf 81' lang='lat' dir='ltr'><strong>aliquos</strong></span> <span class='ocrx_word' id='word_1_274' title='bbox 2726 1788 2961 1877; x_wconf 77' lang='lat' dir='ltr'><strong>ipsemet</strong></span> <span class='ocrx_word' id='word_1_275' title='bbox 2998 1808 3305 1863; x_wconf 86' lang='lat' dir='ltr'><strong>ordinarat.</strong></span> 
     </span>
    </p>
   </div>
   <div class='ocr_carea' id='block_1_47' title="bbox 1984 1984 3489 2053">
    <p class='ocr_par' dir='ltr' id='par_1_47' title="bbox 1984 1984 3489 2053">
     <span class='ocr_line' id='line_1_47' title="bbox 1984 1984 3489 2053; baseline 0.004 -15"><span class='ocrx_word' id='word_1_276' title='bbox 1984 1984 2301 2041; x_wconf 79' lang='lat' dir='ltr'><strong>Theodotus</strong></span> <span class='ocrx_word' id='word_1_277' title='bbox 2350 1986 2671 2053; x_wconf 87' lang='lat' dir='ltr'><strong>monachus,</strong></span> <span class='ocrx_word' id='word_1_278' title='bbox 2723 1997 2777 2043; x_wconf 89' lang='lat' dir='ltr'><strong>et</strong></span> <span class='ocrx_word' id='word_1_279' title='bbox 2816 1989 2984 2044; x_wconf 87' lang='lat' dir='ltr'><strong>abbas</strong></span> <span class='ocrx_word' id='word_1_280' title='bbox 3018 1988 3323 2044; x_wconf 85' lang='lat' dir='ltr'><strong>mansionis</strong></span> <span class='ocrx_word' id='word_1_281' title='bbox 3361 2004 3489 2043; x_wconf 89' lang='lat' dir='ltr'><strong>san-</strong></span> 
     </span>
    </p>
   </div>
   <div class='ocr_carea' id='block_1_48' title="bbox 1911 2073 3492 2143">
    <p class='ocr_par' dir='ltr' id='par_1_48' title="bbox 1911 2073 3492 2143">
     <span class='ocr_line' id='line_1_48' title="bbox 1911 2073 3492 2143; baseline 0.004 -17"><span class='ocrx_word' id='word_1_282' title='bbox 1911 2080 2015 2126; x_wconf 65' lang='lat' dir='ltr'><strong>ctae</strong></span> <span class='ocrx_word' id='word_1_283' title='bbox 2050 2073 2513 2143; x_wconf 82' lang='lat' dir='ltr'><strong>Resurrectionis,</strong></span> <span class='ocrx_word' id='word_1_284' title='bbox 2574 2076 2680 2132; x_wconf 86' lang='lat' dir='ltr'><strong>sub</strong></span> <span class='ocrx_word' id='word_1_285' title='bbox 2728 2077 2920 2133; x_wconf 88' lang='lat' dir='ltr'><strong>eodem</strong></span> <span class='ocrx_word' id='word_1_286' title='bbox 2972 2077 3196 2133; x_wconf 90' lang='lat' dir='ltr'><strong>domino</strong></span> <span class='ocrx_word' id='word_1_287' title='bbox 3246 2077 3492 2133; x_wconf 84' lang='lat' dir='ltr'><strong>Manuelc</strong></span> 
     </span>
    </p>
   </div>
   <div class='ocr_carea' id='block_1_49' title="bbox 1912 2163 2448 2231">
    <p class='ocr_par' dir='ltr' id='par_1_49' title="bbox 1912 2163 2448 2231">
     <span class='ocr_line' id='line_1_49' title="bbox 1912 2163 2448 2231; baseline 0.007 -13"><span class='ocrx_word' id='word_1_288' title='bbox 1912 2163 2214 2231; x_wconf 90' lang='lat' dir='ltr'><strong>Comneno,</strong></span> <span class='ocrx_word' id='word_1_289' title='bbox 2256 2183 2448 2222; x_wconf 90' lang='lat' dir='ltr'><strong>an.....</strong></span> 
     </span>
    </p>
   </div>
   <div class='ocr_carea' id='block_1_50' title="bbox 1982 2256 3489 2332">
    <p class='ocr_par' dir='ltr' id='par_1_50' title="bbox 1982 2256 3489 2332">
     <span class='ocr_line' id='line_1_50' title="bbox 1982 2256 3489 2332; baseline 0.003 -22"><span class='ocrx_word' id='word_1_290' title='bbox 1982 2256 2321 2328; x_wconf 81' lang='lat' dir='ltr'><strong>Ncopbytus,</strong></span> <span class='ocrx_word' id='word_1_291' title='bbox 2363 2258 2635 2327; x_wconf 87' lang='lat' dir='ltr'><strong>inclusus,</strong></span> <span class='ocrx_word' id='word_1_292' title='bbox 2669 2274 2738 2315; x_wconf 79' lang='lat' dir='ltr'><strong>ex</strong></span> <span class='ocrx_word' id='word_1_293' title='bbox 2793 2261 3083 2317; x_wconf 87' lang='lat' dir='ltr'><strong>mansione</strong></span> <span class='ocrx_word' id='word_1_294' title='bbox 3132 2258 3489 2332; x_wconf 77' lang='lat' dir='ltr'><strong>Evergctidis,</strong></span> 
     </span>
    </p>
   </div>
   <div class='ocr_carea' id='block_1_51' title="bbox 1912 2362 2102 2403">
    <p class='ocr_par' dir='ltr' id='par_1_51' title="bbox 1912 2362 2102 2403">
     <span class='ocr_line' id='line_1_51' title="bbox 1912 2362 2102 2403; baseline 0 0"><span class='ocrx_word' id='word_1_295' title='bbox 1912 2362 2102 2403; x_wconf 89' lang='lat' dir='ltr'><strong>an.....</strong></span> 
     </span>
    </p>
   </div>
   <div class='ocr_carea' id='block_1_52' title="bbox 1984 2439 3491 2506">
    <p class='ocr_par' dir='ltr' id='par_1_52' title="bbox 1984 2439 3491 2506">
     <span class='ocr_line' id='line_1_52' title="bbox 1984 2439 3491 2506; baseline -0.002 -11"><span class='ocrx_word' id='word_1_296' title='bbox 1984 2439 2382 2497; x_wconf 85' lang='lat' dir='ltr'><strong>Constantinus</strong></span> <span class='ocrx_word' id='word_1_297' title='bbox 2447 2440 2819 2506; x_wconf 88' lang='lat' dir='ltr'><strong>Chliarenus,</strong></span> <span class='ocrx_word' id='word_1_298' title='bbox 2876 2440 3161 2506; x_wconf 90' lang='lat' dir='ltr'><strong>diaconus,</strong></span> <span class='ocrx_word' id='word_1_299' title='bbox 3195 2450 3249 2495; x_wconf 89' lang='lat' dir='ltr'><strong>et</strong></span> <span class='ocrx_word' id='word_1_300' title='bbox 3305 2440 3491 2496; x_wconf 89' lang='lat' dir='ltr'><strong>sacelli</strong></span> 
     </span>
    </p>
   </div>
   <div class='ocr_carea' id='block_1_53' title="bbox 1913 2532 2443 2599">
    <p class='ocr_par' dir='ltr' id='par_1_53' title="bbox 1913 2532 2443 2599">
     <span class='ocr_line' id='line_1_53' title="bbox 1913 2532 2443 2599; baseline 0.008 -15"><span class='ocrx_word' id='word_1_301' title='bbox 1913 2532 2222 2599; x_wconf 67' lang='lat' dir='ltr'><strong>praefectus,</strong></span> <span class='ocrx_word' id='word_1_302' title='bbox 2255 2548 2443 2589; x_wconf 56' lang='lat' dir='ltr'><strong>an&quot;...</strong></span> 
     </span>
    </p>
   </div>
   <div class='ocr_carea' id='block_1_54' title="bbox 1986 2623 2840 2694">
    <p class='ocr_par' dir='ltr' id='par_1_54' title="bbox 1986 2623 2840 2694">
     <span class='ocr_line' id='line_1_54' title="bbox 1986 2623 2840 2694; baseline 0.001 -18"><span class='ocrx_word' id='word_1_303' title='bbox 1986 2623 2165 2678; x_wconf 89' lang='lat' dir='ltr'><strong>Lucas</strong></span> <span class='ocrx_word' id='word_1_304' title='bbox 2202 2623 2637 2694; x_wconf 80' lang='lat' dir='ltr'><strong>Chrysoberges,</strong></span> <span class='ocrx_word' id='word_1_305' title='bbox 2676 2639 2840 2679; x_wconf 92' lang='lat' dir='ltr'><strong>an....</strong></span> 
     </span>
    </p>
   </div>
   <div class='ocr_carea' id='block_1_55' title="bbox 1985 2712 3497 2784">
    <p class='ocr_par' dir='ltr' id='par_1_55' title="bbox 1985 2712 3497 2784">
     <span class='ocr_line' id='line_1_55' title="bbox 1985 2712 3497 2784; baseline -0.001 -17"><span class='ocrx_word' id='word_1_306' title='bbox 1985 2714 2213 2770; x_wconf 86' lang='lat' dir='ltr'><strong>Michael</strong></span> <span class='ocrx_word' id='word_1_307' title='bbox 2249 2716 2539 2780; x_wconf 84' lang='lat' dir='ltr'><strong>diaconus,</strong></span> <span class='ocrx_word' id='word_1_308' title='bbox 2576 2726 2630 2768; x_wconf 91' lang='lat' dir='ltr'><strong>et</strong></span> <span class='ocrx_word' id='word_1_309' title='bbox 2681 2715 2869 2770; x_wconf 86' lang='lat' dir='ltr'><strong>sacelli</strong></span> <span class='ocrx_word' id='word_1_310' title='bbox 2908 2713 3223 2784; x_wconf 60' lang='lat' dir='ltr'><strong>prafectus,</strong></span> <span class='ocrx_word' id='word_1_311' title='bbox 3256 2712 3497 2767; x_wconf 80' lang='lat' dir='ltr'><strong>Anchia-</strong></span> 
     </span>
    </p>
   </div>
   <div class='ocr_carea' id='block_1_56' title="bbox 1915 2807 3216 2876">
    <p class='ocr_par' dir='ltr' id='par_1_56' title="bbox 1915 2807 3216 2876">
     <span class='ocr_line' id='line_1_56' title="bbox 1915 2807 3216 2876; baseline 0 -15"><span class='ocrx_word' id='word_1_312' title='bbox 1915 2807 2082 2871; x_wconf 85' lang='lat' dir='ltr'><strong>linus,</strong></span> <span class='ocrx_word' id='word_1_313' title='bbox 2114 2818 2167 2862; x_wconf 90' lang='lat' dir='ltr'><strong>et</strong></span> <span class='ocrx_word' id='word_1_314' title='bbox 2202 2824 2450 2862; x_wconf 88' lang='lat' dir='ltr'><strong>summus</strong></span> <span class='ocrx_word' id='word_1_315' title='bbox 2476 2808 2947 2876; x_wconf 88' lang='lat' dir='ltr'><strong>philosophorum,</strong></span> <span class='ocrx_word' id='word_1_316' title='bbox 2974 2822 3063 2861; x_wconf 90' lang='lat' dir='ltr'><strong>an.</strong></span> <span class='ocrx_word' id='word_1_317' title='bbox 3098 2822 3216 2861; x_wconf 81' lang='lat' dir='ltr'><strong>vni.</strong></span> 
     </span>
    </p>
   </div>
   <div class='ocr_carea' id='block_1_57' title="bbox 1986 2897 3494 2967">
    <p class='ocr_par' dir='ltr' id='par_1_57' title="bbox 1986 2897 3494 2967">
     <span class='ocr_line' id='line_1_57' title="bbox 1986 2897 3494 2967; baseline -0.003 -14"><span class='ocrx_word' id='word_1_318' title='bbox 1986 2897 2211 2953; x_wconf 86' lang='lat' dir='ltr'><strong>Charito</strong></span> <span class='ocrx_word' id='word_1_319' title='bbox 2288 2898 2613 2963; x_wconf 88' lang='lat' dir='ltr'><strong>monachus,</strong></span> <span class='ocrx_word' id='word_1_320' title='bbox 2696 2898 2998 2952; x_wconf 86' lang='lat' dir='ltr'><strong>mansionis</strong></span> <span class='ocrx_word' id='word_1_321' title='bbox 3075 2900 3494 2967; x_wconf 82' lang='lat' dir='ltr'><strong>Manganorum,</strong></span> 
     </span>
    </p>
   </div>
   <div class='ocr_carea' id='block_1_58' title="bbox 1914 3005 2203 3044">
    <p class='ocr_par' dir='ltr' id='par_1_58' title="bbox 1914 3005 2203 3044">
     <span class='ocr_line' id='line_1_58' title="bbox 1914 3005 2203 3044; baseline -0.003 -1"><span class='ocrx_word' id='word_1_322' title='bbox 1914 3005 2091 3044; x_wconf 91' lang='lat' dir='ltr'><strong>mens.</strong></span> <span class='ocrx_word' id='word_1_323' title='bbox 2128 3006 2203 3043; x_wconf 75' lang='lat' dir='ltr'><strong>XI.</strong></span> 
     </span>
    </p>
   </div>
   <div class='ocr_carea' id='block_1_59' title="bbox 1988 3080 3495 3154">
    <p class='ocr_par' dir='ltr' id='par_1_59' title="bbox 1988 3080 3495 3154">
     <span class='ocr_line' id='line_1_59' title="bbox 1988 3080 3495 3154; baseline -0.001 -21"><span class='ocrx_word' id='word_1_324' title='bbox 1988 3081 2331 3136; x_wconf 88' lang='lat' dir='ltr'><strong>Theodosius</strong></span> <span class='ocrx_word' id='word_1_325' title='bbox 2379 3081 2703 3143; x_wconf 90' lang='lat' dir='ltr'><strong>monachus,</strong></span> <span class='ocrx_word' id='word_1_326' title='bbox 2761 3080 3033 3135; x_wconf 87' lang='lat' dir='ltr'><strong>oriundus</strong></span> <span class='ocrx_word' id='word_1_327' title='bbox 3086 3095 3151 3134; x_wconf 81' lang='lat' dir='ltr'><strong>ex</strong></span> <span class='ocrx_word' id='word_1_328' title='bbox 3185 3080 3495 3154; x_wconf 56' lang='lat' dir='ltr'><strong>Antiochia,</strong></span> 
     </span>
    </p>
   </div>
   <div class='ocr_carea' id='block_1_60' title="bbox 230 3146 1813 3246">
    <p class='ocr_par' dir='ltr' id='par_1_60' title="bbox 230 3146 1807 3225">
     <span class='ocr_line' id='line_1_60' title="bbox 230 3146 1807 3225; baseline -0.006 -18"><span class='ocrx_word' id='word_1_329' title='bbox 230 3172 416 3225; x_wconf 83' lang='grc' dir='ltr'>μενος,</span> <span class='ocrx_word' id='word_1_330' title='bbox 439 3156 531 3208; x_wconf 70' lang='grc' dir='ltr'><strong>ἐπὶ</strong></span> <span class='ocrx_word' id='word_1_331' title='bbox 574 3154 739 3208; x_wconf 78' lang='grc' dir='ltr'>πολὺν</span> <span class='ocrx_word' id='word_1_332' title='bbox 764 3153 821 3206; x_wconf 81' lang='grc' dir='ltr'>δὲ</span> <span class='ocrx_word' id='word_1_333' title='bbox 846 3153 1036 3224; x_wconf 85' lang='grc' dir='ltr'>χρόνον</span> <span class='ocrx_word' id='word_1_334' title='bbox 1064 3152 1194 3222; x_wconf 55' lang='grc' dir='ltr'><strong>περὶ⁵</strong></span> <span class='ocrx_word' id='word_1_335' title='bbox 1223 3151 1315 3204; x_wconf 81' lang='grc' dir='ltr'><strong>τὸν</strong></span> <span class='ocrx_word' id='word_1_336' title='bbox 1367 3149 1463 3204; x_wconf 86' lang='grc' dir='ltr'><strong>τοῦ</strong></span> <span class='ocrx_word' id='word_1_337' title='bbox 1494 3149 1653 3216; x_wconf 81' lang='grc' dir='ltr'>ἁγίου</span> <span class='ocrx_word' id='word_1_338' title='bbox 1698 3146 1807 3199; x_wconf 79' lang='grc' dir='ltr'><strong>Λῦ-</strong></span> 
     </span>
    </p>
   </div>
   <div class='ocr_carea' id='block_1_61' title="bbox 1917 3146 3496 3246">
    <p class='ocr_par' dir='ltr' id='par_1_61' title="bbox 1917 3173 3496 3246">
     <span class='ocr_line' id='line_1_61' title="bbox 1917 3173 3496 3246; baseline -0.003 -16"><span class='ocrx_word' id='word_1_339' title='bbox 1917 3177 2002 3246; x_wconf 82' lang='lat' dir='ltr'><strong>qui</strong></span> <span class='ocrx_word' id='word_1_340' title='bbox 2028 3176 2189 3245; x_wconf 86' lang='lat' dir='ltr'><strong>longo</strong></span> <span class='ocrx_word' id='word_1_341' title='bbox 2213 3185 2459 3245; x_wconf 88' lang='lat' dir='ltr'><strong>tempore</strong></span> <span class='ocrx_word' id='word_1_342' title='bbox 2491 3173 2848 3229; x_wconf 85' lang='lat' dir='ltr'><strong>monasticam</strong></span> <span class='ocrx_word' id='word_1_343' title='bbox 2881 3181 3204 3227; x_wconf 66' lang='lat' dir='ltr'><strong>eterCuerat</strong></span> <span class='ocrx_word' id='word_1_344' title='bbox 3253 3173 3305 3225; x_wconf 92' lang='lat' dir='ltr'><strong>in</strong></span> <span class='ocrx_word' id='word_1_345' title='bbox 3354 3173 3496 3227; x_wconf 80' lang='lat' dir='ltr'><strong>colle</strong></span> 
     </span>
    </p>
   </div>
   <div class='ocr_carea' id='block_1_62' title="bbox 226 3238 1803 3316">
    <p class='ocr_par' dir='ltr' id='par_1_62' title="bbox 226 3238 1803 3316">
     <span class='ocr_line' id='line_1_62' title="bbox 226 3238 1803 3316; baseline -0.006 -17"><span class='ocrx_word' id='word_1_346' title='bbox 226 3247 435 3314; x_wconf 81' lang='grc' dir='ltr'>ξεντίου</span> <span class='ocrx_word' id='word_1_347' title='bbox 467 3246 651 3315; x_wconf 82' lang='grc' dir='ltr'>βουνὸν</span> <span class='ocrx_word' id='word_1_348' title='bbox 687 3246 934 3316; x_wconf 83' lang='grc' dir='ltr'>ἀσκήσας</span> <span class='ocrx_word' id='word_1_349' title='bbox 960 3283 977 3306; x_wconf 87' lang='grc'><strong>.</strong></span> <span class='ocrx_word' id='word_1_350' title='bbox 999 3244 1118 3313; x_wconf 72' lang='grc' dir='ltr'>ἐτη.</span> <span class='ocrx_word' id='word_1_351' title='bbox 1161 3284 1177 3299; x_wconf 93' lang='grc'><strong>.</strong></span> <span class='ocrx_word' id='word_1_352' title='bbox 1207 3283 1222 3298; x_wconf 94' lang='grc'><strong>.</strong></span> <span class='ocrx_word' id='word_1_353' title='bbox 1269 3238 1390 3296; x_wconf 78' lang='grc' dir='ltr'>εἶτα</span> <span class='ocrx_word' id='word_1_354' title='bbox 1419 3241 1803 3311; x_wconf 80' lang='grc' dir='ltr'>παρῃτήσατο.</span> 
     </span>
    </p>
   </div>
   <div class='ocr_carea' id='block_1_63' title="bbox 312 3326 1808 3402">
    <p class='ocr_par' dir='ltr' id='par_1_63' title="bbox 312 3326 1808 3402">
     <span class='ocr_line' id='line_1_63' title="bbox 312 3326 1808 3402; baseline -0.007 -14"><span class='ocrx_word' id='word_1_355' title='bbox 312 3337 371 3388; x_wconf 87' lang='grc' dir='ltr'><strong>Ὀ</strong></span> <span class='ocrx_word' id='word_1_356' title='bbox 403 3334 761 3402; x_wconf 77' lang='grc' dir='ltr'>Χαρτοφύλαξ</span> <span class='ocrx_word' id='word_1_357' title='bbox 789 3333 884 3387; x_wconf 76' lang='grc' dir='ltr'>καὶ</span> <span class='ocrx_word' id='word_1_358' title='bbox 920 3332 1274 3401; x_wconf 78' lang='grc' dir='ltr'>Ὑπέρτιμος,</span> <span class='ocrx_word' id='word_1_359' title='bbox 1319 3330 1484 3401; x_wconf 82' lang='grc' dir='ltr'>κῦρος</span> <span class='ocrx_word' id='word_1_360' title='bbox 1528 3326 1808 3388; x_wconf 87' lang='grc' dir='ltr'>Βασίλειος</span> 
     </span>
    </p>
   </div>
   <div class='ocr_carea' id='block_1_64' title="bbox 225 3418 1807 3499">
    <p class='ocr_par' dir='ltr' id='par_1_64' title="bbox 225 3418 1807 3499">
     <span class='ocr_line' id='line_1_64' title="bbox 225 3418 1807 3499; baseline -0.006 -16"><span class='ocrx_word' id='word_1_361' title='bbox 225 3431 256 3483; x_wconf 94' lang='lat'><strong>6</strong></span> <span class='ocrx_word' id='word_1_362' title='bbox 295 3427 654 3499; x_wconf 84' lang='grc' dir='ltr'>Καματηρός.</span> <span class='ocrx_word' id='word_1_363' title='bbox 705 3425 1143 3497; x_wconf 79' lang='grc' dir='ltr'>Καθαιρεθέντος</span> <span class='ocrx_word' id='word_1_364' title='bbox 1190 3423 1248 3476; x_wconf 78' lang='grc' dir='ltr'>δὲ</span> <span class='ocrx_word' id='word_1_365' title='bbox 1294 3421 1459 3476; x_wconf 86' lang='grc' dir='ltr'>αὐτοῦ</span> <span class='ocrx_word' id='word_1_366' title='bbox 1487 3460 1503 3485; x_wconf 86' lang='grc'><strong>,</strong></span> <span class='ocrx_word' id='word_1_367' title='bbox 1549 3418 1807 3474; x_wconf 81' lang='grc' dir='ltr'>ἀνεϐιϐά-</span> 
     </span>
    </p>
   </div>
   <div class='ocr_carea' id='block_1_65' title="bbox 229 3522 357 3591">
    <p class='ocr_par' dir='ltr' id='par_1_65' title="bbox 229 3522 357 3591">
     <span class='ocr_line' id='line_1_65' title="bbox 229 3522 357 3591; baseline 0.016 -16"><span class='ocrx_word' id='word_1_368' title='bbox 229 3522 357 3591; x_wconf 82' lang='grc' dir='ltr'>σθη.</span> 
     </span>
    </p>
   </div>
   <div class='ocr_carea' id='block_1_66' title="bbox 309 3606 1808 3683">
    <p class='ocr_par' dir='ltr' id='par_1_66' title="bbox 309 3606 1808 3683">
     <span class='ocr_line' id='line_1_66' title="bbox 309 3606 1808 3683; baseline -0.005 -16"><span class='ocrx_word' id='word_1_369' title='bbox 309 3615 371 3667; x_wconf 89' lang='lat'><strong>&#39;0</strong></span> <span class='ocrx_word' id='word_1_370' title='bbox 410 3614 585 3681; x_wconf 80' lang='grc' dir='ltr'>μέγας</span> <span class='ocrx_word' id='word_1_371' title='bbox 604 3611 978 3681; x_wconf 84' lang='grc' dir='ltr'>σακελλὰριος,</span> <span class='ocrx_word' id='word_1_372' title='bbox 1007 3610 1177 3683; x_wconf 88' lang='grc' dir='ltr'>κῦρος</span> <span class='ocrx_word' id='word_1_373' title='bbox 1216 3608 1466 3679; x_wconf 85' lang='grc' dir='ltr'>Νικήτας</span> <span class='ocrx_word' id='word_1_374' title='bbox 1494 3607 1523 3660; x_wconf 89' lang='lat'><strong>6</strong></span> <span class='ocrx_word' id='word_1_375' title='bbox 1554 3606 1808 3663; x_wconf 79' lang='grc' dir='ltr'>Μουντὰ-</span> 
     </span>
    </p>
   </div>
   <div class='ocr_carea' id='block_1_67' title="bbox 226 3704 914 3777">
    <p class='ocr_par' dir='ltr' id='par_1_67' title="bbox 226 3704 914 3777">
     <span class='ocr_line' id='line_1_67' title="bbox 226 3704 914 3777; baseline -0.003 -16"><span class='ocrx_word' id='word_1_376' title='bbox 226 3724 347 3777; x_wconf 85' lang='grc' dir='ltr'>νης.</span> <span class='ocrx_word' id='word_1_377' title='bbox 375 3704 510 3761; x_wconf 74' lang='grc' dir='ltr'>Εἶτα</span> <span class='ocrx_word' id='word_1_378' title='bbox 536 3709 914 3777; x_wconf 75' lang='grc' dir='ltr'>παρῃτήσατο.</span> 
     </span>
    </p>
   </div>
   <div class='ocr_carea' id='block_1_68' title="bbox 296 3790 1809 3865">
    <p class='ocr_par' dir='ltr' id='par_1_68' title="bbox 296 3790 1809 3865">
     <span class='ocr_line' id='line_1_68' title="bbox 296 3790 1809 3865; baseline -0.005 -14"><span class='ocrx_word' id='word_1_379' title='bbox 296 3798 434 3852; x_wconf 75' lang='grc' dir='ltr'>Μετ’</span> <span class='ocrx_word' id='word_1_380' title='bbox 461 3798 648 3862; x_wconf 79' lang='grc' dir='ltr'>αὐτὸν,</span> <span class='ocrx_word' id='word_1_381' title='bbox 682 3797 711 3849; x_wconf 92' lang='lat'><strong>6</strong></span> <span class='ocrx_word' id='word_1_382' title='bbox 741 3798 798 3850; x_wconf 70' lang='lat' dir='ltr'><strong>tv</strong></span> <span class='ocrx_word' id='word_1_383' title='bbox 832 3797 899 3865; x_wconf 75' lang='grc' dir='ltr'>τῇ</span> <span class='ocrx_word' id='word_1_384' title='bbox 942 3793 1084 3847; x_wconf 79' lang='grc' dir='ltr'>κατὰ</span> <span class='ocrx_word' id='word_1_385' title='bbox 1115 3792 1207 3846; x_wconf 86' lang='grc' dir='ltr'><strong>τὸν</strong></span> <span class='ocrx_word' id='word_1_386' title='bbox 1257 3791 1446 3863; x_wconf 79' lang='grc' dir='ltr'>βουνὸν</span> <span class='ocrx_word' id='word_1_387' title='bbox 1493 3790 1589 3844; x_wconf 85' lang='grc' dir='ltr'><strong>τοῦ</strong></span> <span class='ocrx_word' id='word_1_388' title='bbox 1648 3790 1809 3859; x_wconf 80' lang='grc' dir='ltr'>ἁγίου</span> 
     </span>
    </p>
   </div>
   <div class='ocr_carea' id='block_1_69' title="bbox 226 3882 1815 3958">
    <p class='ocr_par' dir='ltr' id='par_1_69' title="bbox 226 3882 1815 3958">
     <span class='ocr_line' id='line_1_69' title="bbox 226 3882 1815 3958; baseline -0.004 -17"><span class='ocrx_word' id='word_1_389' title='bbox 226 3888 518 3952; x_wconf 77' lang='grc' dir='ltr'>Ᾱὺξεντίου</span> <span class='ocrx_word' id='word_1_390' title='bbox 546 3890 679 3958; x_wconf 81' lang='grc' dir='ltr'>μονῇ</span> <span class='ocrx_word' id='word_1_391' title='bbox 732 3886 842 3938; x_wconf 80' lang='grc' dir='ltr'>τῶν</span> <span class='ocrx_word' id='word_1_392' title='bbox 878 3885 1046 3952; x_wconf 82' lang='grc' dir='ltr'>ἁγίων</span> <span class='ocrx_word' id='word_1_393' title='bbox 1097 3884 1412 3936; x_wconf 83' lang='grc' dir='ltr'>ἀποστόλων</span> <span class='ocrx_word' id='word_1_394' title='bbox 1464 3882 1815 3951; x_wconf 75' lang='grc' dir='ltr'>ἡγεμονεύων</span> 
     </span>
    </p>
   </div>
   <div class='ocr_carea' id='block_1_70' title="bbox 231 3973 1814 4049">
    <p class='ocr_par' dir='ltr' id='par_1_70' title="bbox 231 3973 1814 4049">
     <span class='ocr_line' id='line_1_70' title="bbox 231 3973 1814 4049; baseline -0.006 -17"><span class='ocrx_word' id='word_1_395' title='bbox 231 3978 481 4049; x_wconf 85' lang='grc' dir='ltr'>μοναχῶν</span> <span class='ocrx_word' id='word_1_396' title='bbox 516 3977 791 4041; x_wconf 76' lang='grc' dir='ltr'>Λεόντιος,</span> <span class='ocrx_word' id='word_1_397' title='bbox 819 3976 966 4038; x_wconf 81' lang='grc' dir='ltr'>ὅστις</span> <span class='ocrx_word' id='word_1_398' title='bbox 1003 3974 1099 4027; x_wconf 75' lang='grc' dir='ltr'>καὶ</span> <span class='ocrx_word' id='word_1_399' title='bbox 1126 3974 1374 4035; x_wconf 80' lang='grc' dir='ltr'>διάκονος</span> <span class='ocrx_word' id='word_1_400' title='bbox 1431 3976 1530 4043; x_wconf 77' lang='grc' dir='ltr'>τῆς</span> <span class='ocrx_word' id='word_1_401' title='bbox 1582 3973 1814 4042; x_wconf 80' lang='grc' dir='ltr'>Ἐκκλη-</span> 
     </span>
    </p>
   </div>
   <div class='ocr_carea' id='block_1_71' title="bbox 231 4061 1816 4138">
    <p class='ocr_par' dir='ltr' id='par_1_71' title="bbox 231 4061 1816 4138">
     <span class='ocr_line' id='line_1_71' title="bbox 231 4061 1816 4138; baseline -0.005 -14"><span class='ocrx_word' id='word_1_402' title='bbox 231 4072 353 4133; x_wconf 87' lang='grc' dir='ltr'>σίας</span> <span class='ocrx_word' id='word_1_403' title='bbox 409 4072 625 4138; x_wconf 81' lang='grc' dir='ltr'>γέγονε.</span> <span class='ocrx_word' id='word_1_404' title='bbox 706 4066 819 4120; x_wconf 73' lang='grc' dir='ltr'><strong>Καὶ</strong></span> <span class='ocrx_word' id='word_1_405' title='bbox 871 4065 1194 4130; x_wconf 76' lang='grc' dir='ltr'>διαϐιϐάσας</span> <span class='ocrx_word' id='word_1_406' title='bbox 1260 4068 1436 4136; x_wconf 83' lang='grc' dir='ltr'>μῆνας</span> <span class='ocrx_word' id='word_1_407' title='bbox 1517 4061 1604 4130; x_wconf 81' lang='grc' dir='ltr'>ζ’,</span> <span class='ocrx_word' id='word_1_408' title='bbox 1672 4080 1816 4134; x_wconf 68' lang='grc' dir='ltr'>παρα</span> 
     </span>
    </p>
   </div>
   <div class='ocr_carea' id='block_1_72' title="bbox 230 4163 497 4233">
    <p class='ocr_par' dir='ltr' id='par_1_72' title="bbox 230 4163 497 4233">
     <span class='ocr_line' id='line_1_72' title="bbox 230 4163 497 4233; baseline 0.004 -20"><span class='ocrx_word' id='word_1_409' title='bbox 230 4163 497 4233; x_wconf 80' lang='grc' dir='ltr'>ητήσατο.</span> 
     </span>
    </p>
   </div>
   <div class='ocr_carea' id='block_1_73' title="bbox 299 4245 1802 4321">
    <p class='ocr_par' dir='ltr' id='par_1_73' title="bbox 299 4245 1802 4321">
     <span class='ocr_line' id='line_1_73' title="bbox 299 4245 1802 4321; baseline -0.007 -15"><span class='ocrx_word' id='word_1_410' title='bbox 299 4255 413 4306; x_wconf 70' lang='grc' dir='ltr'><strong>Καὶ</strong></span> <span class='ocrx_word' id='word_1_411' title='bbox 436 4252 556 4321; x_wconf 84' lang='grc' dir='ltr'>μετ’</span> <span class='ocrx_word' id='word_1_412' title='bbox 580 4251 765 4315; x_wconf 75' lang='grc' dir='ltr'>αὐτὸν,</span> <span class='ocrx_word' id='word_1_413' title='bbox 794 4248 1056 4320; x_wconf 67' lang='grc' dir='ltr'>μετετέθη</span> <span class='ocrx_word' id='word_1_414' title='bbox 1088 4250 1117 4301; x_wconf 79' lang='grc' dir='ltr'><strong>ὁ</strong></span> <span class='ocrx_word' id='word_1_415' title='bbox 1155 4246 1503 4318; x_wconf 83' lang='grc' dir='ltr'>πατριάρχης</span> <span class='ocrx_word' id='word_1_416' title='bbox 1571 4245 1802 4316; x_wconf 86' lang='grc' dir='ltr'>Ἰεροσο-</span> 
     </span>
    </p>
   </div>
   <div class='ocr_carea' id='block_1_74' title="bbox 228 4339 1819 4413">
    <p class='ocr_par' dir='ltr' id='par_1_74' title="bbox 228 4339 1819 4413">
     <span class='ocr_line' id='line_1_74' title="bbox 228 4339 1819 4413; baseline -0.006 -16"><span class='ocrx_word' id='word_1_417' title='bbox 228 4345 440 4413; x_wconf 81' lang='grc' dir='ltr'>λύμων,</span> <span class='ocrx_word' id='word_1_418' title='bbox 473 4343 729 4412; x_wconf 79' lang='grc' dir='ltr'>μοναχὸς,</span> <span class='ocrx_word' id='word_1_419' title='bbox 774 4342 940 4412; x_wconf 81' lang='grc' dir='ltr'>κῦρος</span> <span class='ocrx_word' id='word_1_420' title='bbox 1003 4339 1275 4403; x_wconf 85' lang='grc' dir='ltr'>Δοσίθεος,</span> <span class='ocrx_word' id='word_1_421' title='bbox 1314 4341 1396 4401; x_wconf 81' lang='grc' dir='ltr'><strong>εἰς</strong></span> <span class='ocrx_word' id='word_1_422' title='bbox 1441 4339 1501 4389; x_wconf 80' lang='grc' dir='ltr'><strong>τὸ</strong></span> <span class='ocrx_word' id='word_1_423' title='bbox 1550 4352 1819 4408; x_wconf 70' lang='grc' dir='ltr'>πατριαρι</span> 
     </span>
    </p>
   </div>
   <div class='ocr_carea' id='block_1_75' title="bbox 232 4431 1815 4507">
    <p class='ocr_par' dir='ltr' id='par_1_75' title="bbox 232 4431 1815 4507">
     <span class='ocr_line' id='line_1_75' title="bbox 232 4431 1815 4507; baseline -0.003 -19"><span class='ocrx_word' id='word_1_424' title='bbox 232 4440 378 4507; x_wconf 80' lang='grc' dir='ltr'>χεῖον</span> <span class='ocrx_word' id='word_1_425' title='bbox 409 4436 1056 4497; x_wconf 81' lang='grc' dir='ltr'>Κωνσταντινουπόλεως,</span> <span class='ocrx_word' id='word_1_426' title='bbox 1082 4434 1365 4501; x_wconf 74' lang='grc' dir='ltr'>οἰκονομίᾳ</span> <span class='ocrx_word' id='word_1_427' title='bbox 1413 4432 1506 4483; x_wconf 88' lang='grc' dir='ltr'><strong>τοῦ</strong></span> <span class='ocrx_word' id='word_1_428' title='bbox 1532 4431 1815 4500; x_wconf 81' lang='grc' dir='ltr'>βασιλέως,</span> 
     </span>
    </p>
   </div>
   <div class='ocr_carea' id='block_1_76' title="bbox 1908 3264 3243 3324">
    <p class='ocr_par' dir='ltr' id='par_1_76' title="bbox 1908 3264 3243 3324">
     <span class='ocr_line' id='line_1_76' title="bbox 1908 3264 3243 3324; baseline -0.006 -1"><span class='ocrx_word' id='word_1_429' title='bbox 1908 3269 2081 3324; x_wconf 85' lang='lat' dir='ltr'><strong>sancti</strong></span> <span class='ocrx_word' id='word_1_430' title='bbox 2123 3268 2375 3322; x_wconf 79' lang='lat' dir='ltr'><strong>Auxentii</strong></span> <span class='ocrx_word' id='word_1_431' title='bbox 2434 3283 2594 3322; x_wconf 85' lang='lat' dir='ltr'><strong>an....</strong></span> <span class='ocrx_word' id='word_1_432' title='bbox 2629 3265 2848 3319; x_wconf 88' lang='lat' dir='ltr'><strong>tandem</strong></span> <span class='ocrx_word' id='word_1_433' title='bbox 2885 3264 3243 3317; x_wconf 82' lang='lat' dir='ltr'><strong>renuntiavit.</strong></span> 
     </span>
    </p>
   </div>
   <div class='ocr_carea' id='block_1_77' title="bbox 1990 3354 3501 3418">
    <p class='ocr_par' dir='ltr' id='par_1_77' title="bbox 1990 3354 3501 3418">
     <span class='ocr_line' id='line_1_77' title="bbox 1990 3354 3501 3418; baseline -0.001 -8"><span class='ocrx_word' id='word_1_434' title='bbox 1990 3358 2254 3412; x_wconf 91' lang='lat' dir='ltr'><strong>Dominus</strong></span> <span class='ocrx_word' id='word_1_435' title='bbox 2324 3358 2559 3412; x_wconf 85' lang='lat' dir='ltr'><strong>Basilius</strong></span> <span class='ocrx_word' id='word_1_436' title='bbox 2611 3355 2953 3416; x_wconf 88' lang='lat' dir='ltr'><strong>Camaterus,</strong></span> <span class='ocrx_word' id='word_1_437' title='bbox 3004 3354 3393 3418; x_wconf 87' lang='lat' dir='ltr'><strong>chartularius,</strong></span> <span class='ocrx_word' id='word_1_438' title='bbox 3449 3363 3501 3409; x_wconf 87' lang='lat' dir='ltr'><strong>et</strong></span> 
     </span>
    </p>
   </div>
   <div class='ocr_carea' id='block_1_78' title="bbox 1911 3448 3114 3520">
    <p class='ocr_par' dir='ltr' id='par_1_78' title="bbox 1911 3448 3114 3520">
     <span class='ocr_line' id='line_1_78' title="bbox 1911 3448 3114 3520; baseline -0.006 -16"><span class='ocrx_word' id='word_1_439' title='bbox 1911 3449 2269 3520; x_wconf 81' lang='lat' dir='ltr'><strong>hypertimus,</strong></span> <span class='ocrx_word' id='word_1_440' title='bbox 2308 3462 2418 3517; x_wconf 90' lang='lat' dir='ltr'><strong>quo</strong></span> <span class='ocrx_word' id='word_1_441' title='bbox 2456 3448 2728 3517; x_wconf 85' lang='lat' dir='ltr'><strong>deposito,</strong></span> <span class='ocrx_word' id='word_1_442' title='bbox 2756 3453 2979 3499; x_wconf 87' lang='lat' dir='ltr'><strong>evectus</strong></span> <span class='ocrx_word' id='word_1_443' title='bbox 3008 3453 3114 3497; x_wconf 87' lang='lat' dir='ltr'><strong>est.</strong></span> 
     </span>
    </p>
   </div>
   <div class='ocr_carea' id='block_1_79' title="bbox 1982 3619 3495 3691">
    <p class='ocr_par' dir='ltr' id='par_1_79' title="bbox 1982 3619 3495 3691">
     <span class='ocr_line' id='line_1_79' title="bbox 1982 3619 3495 3691; baseline -0.003 -11"><span class='ocrx_word' id='word_1_444' title='bbox 1982 3626 2249 3681; x_wconf 90' lang='lat' dir='ltr'><strong>Dominus</strong></span> <span class='ocrx_word' id='word_1_445' title='bbox 2278 3625 2499 3681; x_wconf 86' lang='lat' dir='ltr'><strong>Nicetas</strong></span> <span class='ocrx_word' id='word_1_446' title='bbox 2535 3624 2843 3689; x_wconf 83' lang='lat' dir='ltr'><strong>Muntanes,</strong></span> <span class='ocrx_word' id='word_1_447' title='bbox 2881 3635 3116 3691; x_wconf 86' lang='lat' dir='ltr'><strong>magnus</strong></span> <span class='ocrx_word' id='word_1_448' title='bbox 3149 3619 3495 3686; x_wconf 87' lang='lat' dir='ltr'><strong>sacellarius,</strong></span> 
     </span>
    </p>
   </div>
   <div class='ocr_carea' id='block_1_80' title="bbox 1912 3716 2405 3787">
    <p class='ocr_par' dir='ltr' id='par_1_80' title="bbox 1912 3716 2405 3787">
     <span class='ocr_line' id='line_1_80' title="bbox 1912 3716 2405 3787; baseline 0.002 -17"><span class='ocrx_word' id='word_1_449' title='bbox 1912 3716 2009 3787; x_wconf 84' lang='lat' dir='ltr'><strong>qui</strong></span> <span class='ocrx_word' id='word_1_450' title='bbox 2043 3716 2405 3771; x_wconf 79' lang='lat' dir='ltr'><strong>renuntiavit.</strong></span> 
     </span>
    </p>
   </div>
   <div class='ocr_carea' id='block_1_81' title="bbox 1983 3800 3501 3872">
    <p class='ocr_par' dir='ltr' id='par_1_81' title="bbox 1983 3800 3501 3872">
     <span class='ocr_line' id='line_1_81' title="bbox 1983 3800 3501 3872; baseline -0.003 -14"><span class='ocrx_word' id='word_1_451' title='bbox 1983 3806 2245 3861; x_wconf 90' lang='lat' dir='ltr'><strong>Leontius</strong></span> <span class='ocrx_word' id='word_1_452' title='bbox 2309 3807 2435 3860; x_wconf 89' lang='lat' dir='ltr'><strong>huic</strong></span> <span class='ocrx_word' id='word_1_453' title='bbox 2478 3805 2767 3868; x_wconf 86' lang='lat' dir='ltr'><strong>successit,</strong></span> <span class='ocrx_word' id='word_1_454' title='bbox 2820 3803 2915 3872; x_wconf 92' lang='lat' dir='ltr'><strong>qui</strong></span> <span class='ocrx_word' id='word_1_455' title='bbox 2989 3801 3386 3857; x_wconf 87' lang='lat' dir='ltr'><strong>monachorum</strong></span> <span class='ocrx_word' id='word_1_456' title='bbox 3445 3800 3501 3854; x_wconf 91' lang='lat' dir='ltr'><strong>in</strong></span> 
     </span>
    </p>
   </div>
   <div class='ocr_carea' id='block_1_82' title="bbox 1914 3896 3505 3963">
    <p class='ocr_par' dir='ltr' id='par_1_82' title="bbox 1914 3896 3505 3963">
     <span class='ocr_line' id='line_1_82' title="bbox 1914 3896 3505 3963; baseline -0.004 -10"><span class='ocrx_word' id='word_1_457' title='bbox 1914 3898 2069 3953; x_wconf 86' lang='lat' dir='ltr'><strong>collis</strong></span> <span class='ocrx_word' id='word_1_458' title='bbox 2106 3899 2278 3952; x_wconf 90' lang='lat' dir='ltr'><strong>sancti</strong></span> <span class='ocrx_word' id='word_1_459' title='bbox 2311 3897 2564 3951; x_wconf 75' lang='lat' dir='ltr'><strong>Auxentii</strong></span> <span class='ocrx_word' id='word_1_460' title='bbox 2620 3896 2901 3949; x_wconf 88' lang='lat' dir='ltr'><strong>mansione</strong></span> <span class='ocrx_word' id='word_1_461' title='bbox 2933 3903 3248 3950; x_wconf 88' lang='lat' dir='ltr'><strong>sanctorum</strong></span> <span class='ocrx_word' id='word_1_462' title='bbox 3282 3902 3505 3963; x_wconf 81' lang='lat' dir='ltr'><strong>aposto-</strong></span> 
     </span>
    </p>
   </div>
   <div class='ocr_carea' id='block_1_83' title="bbox 1916 3985 3502 4053">
    <p class='ocr_par' dir='ltr' id='par_1_83' title="bbox 1916 3985 3502 4053">
     <span class='ocr_line' id='line_1_83' title="bbox 1916 3985 3502 4053; baseline -0.004 -10"><span class='ocrx_word' id='word_1_463' title='bbox 1916 3990 2093 4043; x_wconf 89' lang='lat' dir='ltr'><strong>lorum</strong></span> <span class='ocrx_word' id='word_1_464' title='bbox 2152 3989 2340 4052; x_wconf 86' lang='lat' dir='ltr'><strong>abbas,</strong></span> <span class='ocrx_word' id='word_1_465' title='bbox 2383 3998 2439 4041; x_wconf 91' lang='lat' dir='ltr'><strong>et</strong></span> <span class='ocrx_word' id='word_1_466' title='bbox 2490 3986 2743 4041; x_wconf 67' lang='lat' dir='ltr'><strong>Ecclesiae</strong></span> <span class='ocrx_word' id='word_1_467' title='bbox 2778 3986 3044 4040; x_wconf 89' lang='lat' dir='ltr'><strong>diaconus</strong></span> <span class='ocrx_word' id='word_1_468' title='bbox 3096 3985 3216 4039; x_wconf 80' lang='lat' dir='ltr'><strong>fuit.</strong></span> <span class='ocrx_word' id='word_1_469' title='bbox 3253 3985 3502 4053; x_wconf 84' lang='lat' dir='ltr'><strong>Cumque</strong></span> 
     </span>
    </p>
   </div>
   <div class='ocr_carea' id='block_1_84' title="bbox 1915 4076 2918 4144">
    <p class='ocr_par' dir='ltr' id='par_1_84' title="bbox 1915 4076 2918 4144">
     <span class='ocr_line' id='line_1_84' title="bbox 1915 4076 2918 4144; baseline -0.003 -13"><span class='ocrx_word' id='word_1_470' title='bbox 1915 4092 2093 4131; x_wconf 88' lang='lat' dir='ltr'><strong>mens.</strong></span> <span class='ocrx_word' id='word_1_471' title='bbox 2130 4094 2203 4131; x_wconf 83' lang='lat' dir='ltr'><strong>vn</strong></span> <span class='ocrx_word' id='word_1_472' title='bbox 2227 4077 2527 4144; x_wconf 77' lang='lat' dir='ltr'><strong>exegisset,</strong></span> <span class='ocrx_word' id='word_1_473' title='bbox 2559 4076 2918 4129; x_wconf 81' lang='lat' dir='ltr'><strong>renuntiavit.</strong></span> 
     </span>
    </p>
   </div>
   <div class='ocr_carea' id='block_1_85' title="bbox 1988 4249 3507 4310">
    <p class='ocr_par' dir='ltr' id='par_1_85' title="bbox 1988 4249 3507 4310">
     <span class='ocr_line' id='line_1_85' title="bbox 1988 4249 3507 4310; baseline -0.006 -2"><span class='ocrx_word' id='word_1_474' title='bbox 1988 4254 2122 4310; x_wconf 85' lang='lat' dir='ltr'><strong>Post</strong></span> <span class='ocrx_word' id='word_1_475' title='bbox 2149 4257 2296 4310; x_wconf 91' lang='lat' dir='ltr'><strong>hunc</strong></span> <span class='ocrx_word' id='word_1_476' title='bbox 2328 4255 2587 4310; x_wconf 89' lang='lat' dir='ltr'><strong>dominus</strong></span> <span class='ocrx_word' id='word_1_477' title='bbox 2612 4254 2908 4309; x_wconf 88' lang='lat' dir='ltr'><strong>Dositheus</strong></span> <span class='ocrx_word' id='word_1_478' title='bbox 2955 4251 3282 4309; x_wconf 87' lang='lat' dir='ltr'><strong>monachus.</strong></span> <span class='ocrx_word' id='word_1_479' title='bbox 3317 4249 3507 4303; x_wconf 79' lang='lat' dir='ltr'><strong>Hiero-</strong></span> 
     </span>
    </p>
   </div>
   <div class='ocr_carea' id='block_1_86' title="bbox 1920 4342 3507 4419">
    <p class='ocr_par' dir='ltr' id='par_1_86' title="bbox 1920 4342 3507 4419">
     <span class='ocr_line' id='line_1_86' title="bbox 1920 4342 3507 4419; baseline -0.008 -15"><span class='ocrx_word' id='word_1_480' title='bbox 1920 4349 2255 4419; x_wconf 77' lang='lat' dir='ltr'><strong>solymorum</strong></span> <span class='ocrx_word' id='word_1_481' title='bbox 2314 4348 2644 4417; x_wconf 86' lang='lat' dir='ltr'><strong>patriarcha,</strong></span> <span class='ocrx_word' id='word_1_482' title='bbox 2697 4346 3000 4400; x_wconf 89' lang='lat' dir='ltr'><strong>translatus</strong></span> <span class='ocrx_word' id='word_1_483' title='bbox 3040 4350 3124 4397; x_wconf 88' lang='lat' dir='ltr'><strong>est</strong></span> <span class='ocrx_word' id='word_1_484' title='bbox 3170 4342 3235 4396; x_wconf 90' lang='lat' dir='ltr'><strong>ad</strong></span> <span class='ocrx_word' id='word_1_485' title='bbox 3274 4343 3507 4410; x_wconf 82' lang='lat' dir='ltr'><strong>patriar-</strong></span> 
     </span>
    </p>
   </div>
   <div class='ocr_carea' id='block_1_87' title="bbox 1920 4432 3509 4506">
    <p class='ocr_par' dir='ltr' id='par_1_87' title="bbox 1920 4432 3509 4506">
     <span class='ocr_line' id='line_1_87' title="bbox 1920 4432 3509 4506; baseline -0.008 -12"><span class='ocrx_word' id='word_1_486' title='bbox 1920 4441 2142 4494; x_wconf 89' lang='lat' dir='ltr'><strong>ehatum</strong></span> <span class='ocrx_word' id='word_1_487' title='bbox 2182 4438 2876 4506; x_wconf 64' lang='lat' dir='ltr'><strong>Constantinoliolitanum,</strong></span> <span class='ocrx_word' id='word_1_488' title='bbox 2917 4432 3326 4502; x_wconf 88' lang='lat' dir='ltr'><strong>dispensatione</strong></span> <span class='ocrx_word' id='word_1_489' title='bbox 3360 4433 3509 4500; x_wconf 88' lang='lat' dir='ltr'><strong>prin-</strong></span> 
     </span>
    </p>
   </div>
   <div class='ocr_carea' id='block_1_88' title="bbox 232 4512 1813 4600">
    <p class='ocr_par' dir='ltr' id='par_1_88' title="bbox 232 4523 1813 4598">
     <span class='ocr_line' id='line_1_88' title="bbox 232 4523 1813 4598; baseline -0.003 -18"><span class='ocrx_word' id='word_1_490' title='bbox 232 4526 403 4598; x_wconf 80' lang='grc' dir='ltr'>κυροῦ</span> <span class='ocrx_word' id='word_1_491' title='bbox 447 4527 721 4579; x_wconf 82' lang='grc' dir='ltr'>Ἰσαακίου</span> <span class='ocrx_word' id='word_1_492' title='bbox 749 4527 841 4579; x_wconf 84' lang='grc' dir='ltr'><strong>τοῦ</strong></span> <span class='ocrx_word' id='word_1_493' title='bbox 881 4526 1162 4592; x_wconf 80' lang='grc' dir='ltr'>Ἀγγέλου,</span> <span class='ocrx_word' id='word_1_494' title='bbox 1194 4523 1674 4592; x_wconf 85' lang='grc' dir='ltr'>συνευδοκησὰσης</span> <span class='ocrx_word' id='word_1_495' title='bbox 1718 4525 1813 4576; x_wconf 74' lang='grc' dir='ltr'><strong>καὶ</strong></span> 
     </span>
    </p>
   </div>
   <div class='ocr_carea' id='block_1_89' title="bbox 1917 4512 3506 4600">
    <p class='ocr_par' dir='ltr' id='par_1_89' title="bbox 1918 4521 3506 4600">
     <span class='ocr_line' id='line_1_89' title="bbox 1918 4521 3506 4600; baseline -0.004 -17"><span class='ocrx_word' id='word_1_496' title='bbox 1918 4532 2076 4600; x_wconf 87' lang='lat' dir='ltr'><strong>cipis,</strong></span> <span class='ocrx_word' id='word_1_497' title='bbox 2096 4529 2301 4582; x_wconf 89' lang='lat' dir='ltr'><strong>domini</strong></span> <span class='ocrx_word' id='word_1_498' title='bbox 2335 4527 2531 4581; x_wconf 90' lang='lat' dir='ltr'><strong>lsaacii</strong></span> <span class='ocrx_word' id='word_1_499' title='bbox 2558 4525 2771 4593; x_wconf 86' lang='lat' dir='ltr'><strong>Angeli,</strong></span> <span class='ocrx_word' id='word_1_500' title='bbox 2797 4522 3032 4578; x_wconf 85' lang='lat' dir='ltr'><strong>concilio</strong></span> <span class='ocrx_word' id='word_1_501' title='bbox 3058 4521 3222 4574; x_wconf 87' lang='lat' dir='ltr'><strong>etiam</strong></span> <span class='ocrx_word' id='word_1_502' title='bbox 3253 4534 3506 4578; x_wconf 86' lang='lat' dir='ltr'><strong>assenso.</strong></span> 
     </span>
    </p>
   </div>
   <div class='ocr_carea' id='block_1_90' title="bbox 232 4614 1820 4686">
    <p class='ocr_par' dir='ltr' id='par_1_90' title="bbox 232 4614 1820 4686">
     <span class='ocr_line' id='line_1_90' title="bbox 232 4614 1820 4686; baseline -0.002 -16"><span class='ocrx_word' id='word_1_503' title='bbox 232 4618 331 4686; x_wconf 80' lang='grc' dir='ltr'>τῆς</span> <span class='ocrx_word' id='word_1_504' title='bbox 367 4617 611 4670; x_wconf 83' lang='grc' dir='ltr'>συνόδου.</span> <span class='ocrx_word' id='word_1_505' title='bbox 636 4617 746 4670; x_wconf 73' lang='lat' dir='ltr'><strong>Kai.</strong></span> <span class='ocrx_word' id='word_1_506' title='bbox 770 4617 1049 4671; x_wconf 82' lang='grc' dir='ltr'>διεϐίϐασε</span> <span class='ocrx_word' id='word_1_507' title='bbox 1088 4616 1313 4686; x_wconf 81' lang='grc' dir='ltr'>χρόνους</span> <span class='ocrx_word' id='word_1_508' title='bbox 1342 4653 1356 4668; x_wconf 90' lang='grc'><strong>.</strong></span> <span class='ocrx_word' id='word_1_509' title='bbox 1377 4653 1391 4669; x_wconf 93' lang='grc'><strong>.</strong></span> <span class='ocrx_word' id='word_1_510' title='bbox 1420 4652 1437 4668; x_wconf 96' lang='grc'><strong>.</strong></span> <span class='ocrx_word' id='word_1_511' title='bbox 1469 4616 1565 4667; x_wconf 68' lang='grc' dir='ltr'><strong>καὶ</strong></span> <span class='ocrx_word' id='word_1_512' title='bbox 1597 4614 1820 4668; x_wconf 87' lang='grc' dir='ltr'>κατεϐι-</span> 
     </span>
    </p>
   </div>
   <div class='ocr_carea' id='block_1_91' title="bbox 234 4709 1560 4779">
    <p class='ocr_par' dir='ltr' id='par_1_91' title="bbox 234 4709 1560 4779">
     <span class='ocr_line' id='line_1_91' title="bbox 234 4709 1560 4779; baseline -0.001 -16"><span class='ocrx_word' id='word_1_513' title='bbox 234 4709 432 4779; x_wconf 84' lang='grc' dir='ltr'>ϐἁσθη.</span> <span class='ocrx_word' id='word_1_514' title='bbox 469 4710 581 4763; x_wconf 71' lang='grc' dir='ltr'>Καὶ</span> <span class='ocrx_word' id='word_1_515' title='bbox 620 4711 815 4777; x_wconf 77' lang='grc' dir='ltr'>γέγονε</span> <span class='ocrx_word' id='word_1_516' title='bbox 851 4711 967 4778; x_wconf 78' lang='grc' dir='ltr'>μετ’</span> <span class='ocrx_word' id='word_1_517' title='bbox 1002 4709 1164 4762; x_wconf 75' lang='grc' dir='ltr'>αὑτὸν</span> <span class='ocrx_word' id='word_1_518' title='bbox 1193 4709 1560 4778; x_wconf 75' lang='grc' dir='ltr'>πατριάρχης.</span> 
     </span>
    </p>
   </div>
   <div class='ocr_carea' id='block_1_92' title="bbox 314 4799 1817 4871">
    <p class='ocr_par' dir='ltr' id='par_1_92' title="bbox 314 4799 1817 4871">
     <span class='ocr_line' id='line_1_92' title="bbox 314 4799 1817 4871; baseline -0.003 -16"><span class='ocrx_word' id='word_1_519' title='bbox 314 4803 374 4855; x_wconf 91' lang='grc'>’0</span> <span class='ocrx_word' id='word_1_520' title='bbox 404 4802 579 4871; x_wconf 80' lang='grc' dir='ltr'>μέγας</span> <span class='ocrx_word' id='word_1_521' title='bbox 611 4801 957 4870; x_wconf 79' lang='grc' dir='ltr'>σκευοφύλαξ</span> <span class='ocrx_word' id='word_1_522' title='bbox 982 4801 1255 4870; x_wconf 88' lang='grc' dir='ltr'>Γεώργιος</span> <span class='ocrx_word' id='word_1_523' title='bbox 1295 4803 1323 4853; x_wconf 91' lang='lat'><strong>6</strong></span> <span class='ocrx_word' id='word_1_524' title='bbox 1361 4800 1655 4869; x_wconf 67' lang='grc' dir='ltr'>Ξιφιϊίνος.</span> <span class='ocrx_word' id='word_1_525' title='bbox 1704 4799 1817 4853; x_wconf 75' lang='grc' dir='ltr'><strong>Καὶ</strong></span> 
     </span>
    </p>
   </div>
   <div class='ocr_carea' id='block_1_93' title="bbox 237 4889 1821 4963">
    <p class='ocr_par' dir='ltr' id='par_1_93' title="bbox 237 4889 1821 4963">
     <span class='ocr_line' id='line_1_93' title="bbox 237 4889 1821 4963; baseline -0.003 -18"><span class='ocrx_word' id='word_1_526' title='bbox 237 4893 408 4963; x_wconf 81' lang='grc' dir='ltr'>ζήσας</span> <span class='ocrx_word' id='word_1_527' title='bbox 440 4892 534 4963; x_wconf 76' lang='grc' dir='ltr'><strong>ἔτη</strong></span> <span class='ocrx_word' id='word_1_528' title='bbox 574 4898 649 4957; x_wconf 83' lang='grc' dir='ltr'>ς’,</span> <span class='ocrx_word' id='word_1_529' title='bbox 686 4892 865 4961; x_wconf 80' lang='grc' dir='ltr'>μῆνας</span> <span class='ocrx_word' id='word_1_530' title='bbox 898 4898 953 4955; x_wconf 85' lang='grc' dir='ltr'>ι’,</span> <span class='ocrx_word' id='word_1_531' title='bbox 998 4890 1180 4953; x_wconf 84' lang='grc' dir='ltr'>καλῶς</span> <span class='ocrx_word' id='word_1_532' title='bbox 1217 4891 1312 4943; x_wconf 82' lang='grc' dir='ltr'>καὶ</span> <span class='ocrx_word' id='word_1_533' title='bbox 1357 4891 1640 4959; x_wconf 80' lang='grc' dir='ltr'>θεοφιλῶς,</span> <span class='ocrx_word' id='word_1_534' title='bbox 1684 4889 1821 4958; x_wconf 76' lang='grc' dir='ltr'>πρὸς</span> 
     </span>
    </p>
   </div>
   <div class='ocr_carea' id='block_1_94' title="bbox 235 4977 1815 5054">
    <p class='ocr_par' dir='ltr' id='par_1_94' title="bbox 235 4977 1815 5054">
     <span class='ocr_line' id='line_1_94' title="bbox 235 4977 1815 5054; baseline -0.005 -17"><span class='ocrx_word' id='word_1_535' title='bbox 235 4983 441 5054; x_wconf 77' lang='grc' dir='ltr'>Κύριον</span> <span class='ocrx_word' id='word_1_536' title='bbox 488 4982 811 5050; x_wconf 81' lang='grc' dir='ltr'>ὲξεδήμησε.</span> <span class='ocrx_word' id='word_1_537' title='bbox 843 4980 952 5034; x_wconf 79' lang='grc' dir='ltr'><strong>Καὶ</strong></span> <span class='ocrx_word' id='word_1_538' title='bbox 977 4979 1064 5033; x_wconf 67' lang='grc' dir='ltr'><strong>διὰ</strong></span> <span class='ocrx_word' id='word_1_539' title='bbox 1094 4980 1155 5031; x_wconf 85' lang='grc' dir='ltr'><strong>τὸ</strong></span> <span class='ocrx_word' id='word_1_540' title='bbox 1190 4979 1493 5047; x_wconf 83' lang='grc' dir='ltr'>ἀποδημεῖν</span> <span class='ocrx_word' id='word_1_541' title='bbox 1529 4978 1619 5031; x_wconf 80' lang='grc' dir='ltr'><strong>τὸν</strong></span> <span class='ocrx_word' id='word_1_542' title='bbox 1658 4977 1815 5046; x_wconf 85' lang='grc' dir='ltr'>βασι-</span> 
     </span>
    </p>
   </div>
   <div class='ocr_carea' id='block_1_95' title="bbox 237 5070 1818 5141">
    <p class='ocr_par' dir='ltr' id='par_1_95' title="bbox 237 5070 1818 5141">
     <span class='ocr_line' id='line_1_95' title="bbox 237 5070 1818 5141; baseline -0.002 -17"><span class='ocrx_word' id='word_1_543' title='bbox 237 5072 332 5125; x_wconf 79' lang='grc' dir='ltr'>λέα</span> <span class='ocrx_word' id='word_1_544' title='bbox 366 5073 536 5141; x_wconf 81' lang='grc' dir='ltr'>κῦρον</span> <span class='ocrx_word' id='word_1_545' title='bbox 583 5070 839 5137; x_wconf 78' lang='grc' dir='ltr'>Ἀλέξων,</span> <span class='ocrx_word' id='word_1_546' title='bbox 867 5071 958 5123; x_wconf 83' lang='grc' dir='ltr'><strong>τὸν</strong></span> <span class='ocrx_word' id='word_1_547' title='bbox 986 5071 1216 5139; x_wconf 78' lang='grc' dir='ltr'>ἀδελφὸν</span> <span class='ocrx_word' id='word_1_548' title='bbox 1272 5072 1364 5123; x_wconf 83' lang='grc' dir='ltr'><strong>τοῦ</strong></span> <span class='ocrx_word' id='word_1_549' title='bbox 1401 5070 1571 5140; x_wconf 80' lang='grc' dir='ltr'>κυροῦ</span> <span class='ocrx_word' id='word_1_550' title='bbox 1640 5071 1818 5121; x_wconf 83' lang='grc' dir='ltr'>Ίσαα-</span> 
     </span>
    </p>
   </div>
   <div class='ocr_carea' id='block_1_96' title="bbox 240 5160 1818 5231">
    <p class='ocr_par' dir='ltr' id='par_1_96' title="bbox 240 5160 1818 5231">
     <span class='ocr_line' id='line_1_96' title="bbox 240 5160 1818 5231; baseline -0.003 -15"><span class='ocrx_word' id='word_1_551' title='bbox 240 5165 381 5228; x_wconf 78' lang='grc' dir='ltr'>κίου,</span> <span class='ocrx_word' id='word_1_552' title='bbox 408 5165 490 5225; x_wconf 82' lang='grc' dir='ltr'><strong>εἱς</strong></span> <span class='ocrx_word' id='word_1_553' title='bbox 518 5161 782 5227; x_wconf 81' lang='grc' dir='ltr'>ταξείδιον</span> <span class='ocrx_word' id='word_1_554' title='bbox 832 5162 977 5215; x_wconf 88' lang='grc' dir='ltr'><strong>κατὰ</strong></span> <span class='ocrx_word' id='word_1_555' title='bbox 1028 5161 1202 5227; x_wconf 86' lang='grc' dir='ltr'>δύσιν,</span> <span class='ocrx_word' id='word_1_556' title='bbox 1241 5163 1504 5231; x_wconf 77' lang='grc' dir='ltr'>ἐχήρευεν</span> <span class='ocrx_word' id='word_1_557' title='bbox 1558 5162 1588 5212; x_wconf 89' lang='lat'><strong>6</strong></span> <span class='ocrx_word' id='word_1_558' title='bbox 1633 5160 1818 5231; x_wconf 80' lang='grc' dir='ltr'>θρόνος</span> 
     </span>
    </p>
   </div>
   <div class='ocr_carea' id='block_1_97' title="bbox 245 5249 921 5323">
    <p class='ocr_par' dir='ltr' id='par_1_97' title="bbox 245 5249 921 5323">
     <span class='ocr_line' id='line_1_97' title="bbox 245 5249 921 5323; baseline -0.003 -17"><span class='ocrx_word' id='word_1_559' title='bbox 245 5254 418 5323; x_wconf 82' lang='grc' dir='ltr'>μῆνας</span> <span class='ocrx_word' id='word_1_560' title='bbox 448 5249 515 5322; x_wconf 86' lang='grc' dir='ltr'>β’.</span> <span class='ocrx_word' id='word_1_561' title='bbox 545 5250 680 5306; x_wconf 78' lang='grc' dir='ltr'>Εἶτα</span> <span class='ocrx_word' id='word_1_562' title='bbox 726 5252 921 5321; x_wconf 80' lang='grc' dir='ltr'>γέγονε</span> 
     </span>
    </p>
   </div>
   <div class='ocr_carea' id='block_1_98' title="bbox 323 5342 1815 5413">
    <p class='ocr_par' dir='ltr' id='par_1_98' title="bbox 323 5342 1815 5413">
     <span class='ocr_line' id='line_1_98' title="bbox 323 5342 1815 5413; baseline -0.001 -16"><span class='ocrx_word' id='word_1_563' title='bbox 323 5346 579 5413; x_wconf 67' lang='grc' dir='ltr'>Ἰωάννης</span> <span class='ocrx_word' id='word_1_564' title='bbox 610 5344 856 5404; x_wconf 78' lang='grc' dir='ltr'>διάκονος</span> <span class='ocrx_word' id='word_1_565' title='bbox 881 5343 977 5395; x_wconf 81' lang='grc' dir='ltr'>καὶ</span> <span class='ocrx_word' id='word_1_566' title='bbox 1005 5342 1360 5413; x_wconf 77' lang='grc' dir='ltr'>χαρτοφύλαξ</span> <span class='ocrx_word' id='word_1_567' title='bbox 1394 5345 1422 5395; x_wconf 92' lang='lat'><strong>6</strong></span> <span class='ocrx_word' id='word_1_568' title='bbox 1459 5343 1815 5413; x_wconf 79' lang='grc' dir='ltr'>Καματηρδς,</span> 
     </span>
    </p>
   </div>
   <div class='ocr_carea' id='block_1_99' title="bbox 246 5432 1820 5503">
    <p class='ocr_par' dir='ltr' id='par_1_99' title="bbox 246 5432 1820 5503">
     <span class='ocr_line' id='line_1_99' title="bbox 246 5432 1820 5503; baseline -0.001 -17"><span class='ocrx_word' id='word_1_569' title='bbox 246 5434 337 5488; x_wconf 71' lang='grc' dir='ltr'><strong>ἐπὶ</strong></span> <span class='ocrx_word' id='word_1_570' title='bbox 360 5435 458 5503; x_wconf 77' lang='grc' dir='ltr'>τῆς</span> <span class='ocrx_word' id='word_1_571' title='bbox 496 5434 772 5503; x_wconf 80' lang='grc' dir='ltr'>βασιλείας</span> <span class='ocrx_word' id='word_1_572' title='bbox 813 5433 909 5487; x_wconf 88' lang='grc' dir='ltr'><strong>τοῦ</strong></span> <span class='ocrx_word' id='word_1_573' title='bbox 956 5433 1122 5487; x_wconf 81' lang='grc' dir='ltr'>αὑτοῦ</span> <span class='ocrx_word' id='word_1_574' title='bbox 1164 5432 1331 5503; x_wconf 85' lang='grc' dir='ltr'>κυροῦ</span> <span class='ocrx_word' id='word_1_575' title='bbox 1404 5433 1664 5499; x_wconf 75' lang='grc' dir='ltr'>Ἀλεξίου,</span> <span class='ocrx_word' id='word_1_576' title='bbox 1723 5434 1820 5501; x_wconf 78' lang='grc' dir='ltr'>ἐτη</span> 
     </span>
    </p>
   </div>
   <div class='ocr_carea' id='block_1_100' title="bbox 252 5522 1816 5597">
    <p class='ocr_par' dir='ltr' id='par_1_100' title="bbox 252 5522 1816 5597">
     <span class='ocr_line' id='line_1_100' title="bbox 252 5522 1816 5597; baseline -0.003 -18"><span class='ocrx_word' id='word_1_577' title='bbox 252 5527 409 5597; x_wconf 80' lang='grc' dir='ltr'>μέχρι</span> <span class='ocrx_word' id='word_1_578' title='bbox 430 5525 530 5594; x_wconf 81' lang='grc' dir='ltr'>τῆς</span> <span class='ocrx_word' id='word_1_579' title='bbox 550 5524 807 5589; x_wconf 81' lang='grc' dir='ltr'>ἁλώσεως</span> <span class='ocrx_word' id='word_1_580' title='bbox 833 5525 896 5590; x_wconf 87' lang='grc' dir='ltr'>ε’,</span> <span class='ocrx_word' id='word_1_581' title='bbox 928 5527 1102 5594; x_wconf 83' lang='grc' dir='ltr'>μῆνας</span> <span class='ocrx_word' id='word_1_582' title='bbox 1133 5530 1204 5594; x_wconf 79' lang='grc' dir='ltr'><strong>η’,</strong></span> <span class='ocrx_word' id='word_1_583' title='bbox 1235 5524 1449 5594; x_wconf 80' lang='grc' dir='ltr'>ἡμέρας</span> <span class='ocrx_word' id='word_1_584' title='bbox 1489 5522 1553 5589; x_wconf 81' lang='grc' dir='ltr'>ς’.</span> <span class='ocrx_word' id='word_1_585' title='bbox 1612 5525 1816 5594; x_wconf 74' lang='grc' dir='ltr'>Ἔςησε</span> 
     </span>
    </p>
   </div>
   <div class='ocr_carea' id='block_1_101' title="bbox 1918 4611 3513 4689">
    <p class='ocr_par' dir='ltr' id='par_1_101' title="bbox 1918 4611 3513 4689">
     <span class='ocr_line' id='line_1_101' title="bbox 1918 4611 3513 4689; baseline -0.005 -14"><span class='ocrx_word' id='word_1_586' title='bbox 1918 4622 2160 4689; x_wconf 88' lang='lat' dir='ltr'><strong>Cumque</strong></span> <span class='ocrx_word' id='word_1_587' title='bbox 2212 4633 2479 4673; x_wconf 90' lang='lat' dir='ltr'><strong>annos....</strong></span> <span class='ocrx_word' id='word_1_588' title='bbox 2543 4617 2837 4684; x_wconf 79' lang='lat' dir='ltr'><strong>exegisset,</strong></span> <span class='ocrx_word' id='word_1_589' title='bbox 2918 4611 3249 4669; x_wconf 81' lang='lat' dir='ltr'><strong>deturbatus</strong></span> <span class='ocrx_word' id='word_1_590' title='bbox 3292 4620 3397 4676; x_wconf 88' lang='lat' dir='ltr'><strong>est,</strong></span> <span class='ocrx_word' id='word_1_591' title='bbox 3456 4619 3513 4667; x_wconf 82' lang='lat' dir='ltr'><strong>et</strong></span> 
     </span>
    </p>
   </div>
   <div class='ocr_carea' id='block_1_102' title="bbox 1920 4707 2756 4777">
    <p class='ocr_par' dir='ltr' id='par_1_102' title="bbox 1920 4707 2756 4777">
     <span class='ocr_line' id='line_1_102' title="bbox 1920 4707 2756 4777; baseline -0.008 -12"><span class='ocrx_word' id='word_1_592' title='bbox 1920 4713 2256 4765; x_wconf 84' lang='lat' dir='ltr'><strong>substitutus</strong></span> <span class='ocrx_word' id='word_1_593' title='bbox 2299 4710 2351 4763; x_wconf 94' lang='lat' dir='ltr'><strong>in</strong></span> <span class='ocrx_word' id='word_1_594' title='bbox 2390 4709 2515 4777; x_wconf 85' lang='lat' dir='ltr'><strong>ejus</strong></span> <span class='ocrx_word' id='word_1_595' title='bbox 2557 4707 2756 4761; x_wconf 89' lang='lat' dir='ltr'><strong>locum.</strong></span> 
     </span>
    </p>
   </div>
   <div class='ocr_carea' id='block_1_103' title="bbox 1990 4799 3509 4871">
    <p class='ocr_par' dir='ltr' id='par_1_103' title="bbox 1990 4799 3509 4871">
     <span class='ocr_line' id='line_1_103' title="bbox 1990 4799 3509 4871; baseline -0.005 -15"><span class='ocrx_word' id='word_1_596' title='bbox 1990 4800 2259 4871; x_wconf 85' lang='lat' dir='ltr'><strong>Georgius</strong></span> <span class='ocrx_word' id='word_1_597' title='bbox 2313 4799 2652 4868; x_wconf 76' lang='lat' dir='ltr'><strong>Xiphilinus,</strong></span> <span class='ocrx_word' id='word_1_598' title='bbox 2712 4810 2949 4866; x_wconf 84' lang='lat' dir='ltr'><strong>magnus</strong></span> <span class='ocrx_word' id='word_1_599' title='bbox 2982 4810 3240 4852; x_wconf 80' lang='lat' dir='ltr'><strong>vasorum</strong></span> <span class='ocrx_word' id='word_1_600' title='bbox 3294 4801 3509 4862; x_wconf 84' lang='lat' dir='ltr'><strong>custos,</strong></span> 
     </span>
    </p>
   </div>
   <div class='ocr_carea' id='block_1_104' title="bbox 1921 4885 3512 4962">
    <p class='ocr_par' dir='ltr' id='par_1_104' title="bbox 1921 4885 3512 4962">
     <span class='ocr_line' id='line_1_104' title="bbox 1921 4885 3512 4962; baseline -0.003 -17"><span class='ocrx_word' id='word_1_601' title='bbox 1921 4894 2168 4962; x_wconf 88' lang='lat' dir='ltr'><strong>quicum</strong></span> <span class='ocrx_word' id='word_1_602' title='bbox 2224 4905 2315 4943; x_wconf 89' lang='lat' dir='ltr'><strong>an.</strong></span> <span class='ocrx_word' id='word_1_603' title='bbox 2377 4905 2454 4949; x_wconf 87' lang='lat' dir='ltr'><strong>vl,</strong></span> <span class='ocrx_word' id='word_1_604' title='bbox 2504 4904 2683 4943; x_wconf 88' lang='lat' dir='ltr'><strong>mens.</strong></span> <span class='ocrx_word' id='word_1_605' title='bbox 2719 4903 2778 4950; x_wconf 67' lang='grc' dir='ltr'>ι,</span> <span class='ocrx_word' id='word_1_606' title='bbox 2832 4888 3092 4955; x_wconf 61' lang='lat' dir='ltr'><strong>praeclare</strong></span> <span class='ocrx_word' id='word_1_607' title='bbox 3136 4900 3199 4940; x_wconf 88' lang='lat' dir='ltr'><strong>ac</strong></span> <span class='ocrx_word' id='word_1_608' title='bbox 3256 4885 3512 4954; x_wconf 80' lang='lat' dir='ltr'><strong>religiose</strong></span> 
     </span>
    </p>
   </div>
   <div class='ocr_carea' id='block_1_105' title="bbox 1922 4964 3512 5050">
    <p class='ocr_par' dir='ltr' id='par_1_105' title="bbox 1922 4964 3512 5050">
     <span class='ocr_line' id='line_1_105' title="bbox 1922 4964 3512 5050; baseline -0.006 -12"><span class='ocrx_word' id='word_1_609' title='bbox 1922 4985 2169 5047; x_wconf 76' lang='lat' dir='ltr'><strong>vixisset,</strong></span> <span class='ocrx_word' id='word_1_610' title='bbox 2206 4982 2270 5035; x_wconf 92' lang='lat' dir='ltr'><strong>ad</strong></span> <span class='ocrx_word' id='word_1_611' title='bbox 2310 4964 2595 5035; x_wconf 81' lang='lat' dir='ltr'><strong>Dominum</strong></span> <span class='ocrx_word' id='word_1_612' title='bbox 2633 4981 2903 5050; x_wconf 82' lang='lat' dir='ltr'><strong>migravit.</strong></span> <span class='ocrx_word' id='word_1_613' title='bbox 2933 4980 2999 5033; x_wconf 86' lang='lat' dir='ltr'><strong>Et</strong></span> <span class='ocrx_word' id='word_1_614' title='bbox 3033 4979 3289 5049; x_wconf 89' lang='lat' dir='ltr'><strong>quoniam</strong></span> <span class='ocrx_word' id='word_1_615' title='bbox 3322 4979 3512 5031; x_wconf 86' lang='lat' dir='ltr'><strong>aberat</strong></span> 
     </span>
    </p>
   </div>
   <div class='ocr_carea' id='block_1_106' title="bbox 1921 5053 3509 5144">
    <p class='ocr_par' dir='ltr' id='par_1_106' title="bbox 1921 5053 3509 5144">
     <span class='ocr_line' id='line_1_106' title="bbox 1921 5053 3509 5144; baseline -0.004 -17"><span class='ocrx_word' id='word_1_616' title='bbox 1921 5087 2145 5144; x_wconf 77' lang='lat' dir='ltr'><strong>peregre</strong></span> <span class='ocrx_word' id='word_1_617' title='bbox 2175 5072 2433 5125; x_wconf 89' lang='lat' dir='ltr'><strong>dominus</strong></span> <span class='ocrx_word' id='word_1_618' title='bbox 2468 5072 2690 5125; x_wconf 81' lang='lat' dir='ltr'><strong>Alexius</strong></span> <span class='ocrx_word' id='word_1_619' title='bbox 2720 5071 2885 5140; x_wconf 84' lang='lat' dir='ltr'><strong>Aug.,</strong></span> <span class='ocrx_word' id='word_1_620' title='bbox 2918 5071 3128 5125; x_wconf 92' lang='lat' dir='ltr'><strong>domini</strong></span> <span class='ocrx_word' id='word_1_621' title='bbox 3158 5068 3347 5123; x_wconf 91' lang='lat' dir='ltr'><strong>lsaacii</strong></span> <span class='ocrx_word' id='word_1_622' title='bbox 3394 5053 3509 5121; x_wconf 68' lang='lat' dir='ltr'><strong>fra-</strong></span> 
     </span>
    </p>
   </div>
   <div class='ocr_carea' id='block_1_107' title="bbox 1918 5160 3511 5230">
    <p class='ocr_par' dir='ltr' id='par_1_107' title="bbox 1918 5160 3511 5230">
     <span class='ocr_line' id='line_1_107' title="bbox 1918 5160 3511 5230; baseline -0.001 -15"><span class='ocrx_word' id='word_1_623' title='bbox 1918 5171 2024 5227; x_wconf 89' lang='lat' dir='ltr'><strong>ter,</strong></span> <span class='ocrx_word' id='word_1_624' title='bbox 2057 5164 2110 5215; x_wconf 92' lang='lat' dir='ltr'><strong>in</strong></span> <span class='ocrx_word' id='word_1_625' title='bbox 2140 5163 2485 5230; x_wconf 82' lang='lat' dir='ltr'><strong>expeditione</strong></span> <span class='ocrx_word' id='word_1_626' title='bbox 2519 5162 2845 5216; x_wconf 91' lang='lat' dir='ltr'><strong>occidentali</strong></span> <span class='ocrx_word' id='word_1_627' title='bbox 2877 5163 3094 5215; x_wconf 80' lang='lat' dir='ltr'><strong>:earuit</strong></span> <span class='ocrx_word' id='word_1_628' title='bbox 3142 5175 3243 5213; x_wconf 87' lang='lat' dir='ltr'><strong>suo</strong></span> <span class='ocrx_word' id='word_1_629' title='bbox 3276 5160 3511 5230; x_wconf 84' lang='lat' dir='ltr'><strong>patriar-</strong></span> 
     </span>
    </p>
   </div>
   <div class='ocr_carea' id='block_1_108' title="bbox 1921 5252 3262 5310">
    <p class='ocr_par' dir='ltr' id='par_1_108' title="bbox 1921 5252 3262 5310">
     <span class='ocr_line' id='line_1_108' title="bbox 1921 5252 3262 5310; baseline -0.004 0"><span class='ocrx_word' id='word_1_630' title='bbox 1921 5256 2021 5310; x_wconf 90' lang='lat' dir='ltr'><strong>cha</strong></span> <span class='ocrx_word' id='word_1_631' title='bbox 2064 5256 2298 5309; x_wconf 86' lang='lat' dir='ltr'><strong>thronus</strong></span> <span class='ocrx_word' id='word_1_632' title='bbox 2336 5255 2617 5309; x_wconf 89' lang='lat' dir='ltr'><strong>mensibus</strong></span> <span class='ocrx_word' id='word_1_633' title='bbox 2644 5270 2705 5307; x_wconf 87' lang='lat' dir='ltr'><strong>ll.</strong></span> <span class='ocrx_word' id='word_1_634' title='bbox 2735 5254 2930 5308; x_wconf 80' lang='lat' dir='ltr'><strong>Postea</strong></span> <span class='ocrx_word' id='word_1_635' title='bbox 2968 5252 3140 5306; x_wconf 79' lang='lat' dir='ltr'><strong>factus</strong></span> <span class='ocrx_word' id='word_1_636' title='bbox 3178 5262 3262 5306; x_wconf 81' lang='lat' dir='ltr'><strong>est</strong></span> 
     </span>
    </p>
   </div>
   <div class='ocr_carea' id='block_1_109' title="bbox 1998 5342 3504 5409">
    <p class='ocr_par' dir='ltr' id='par_1_109' title="bbox 1998 5342 3504 5409">
     <span class='ocr_line' id='line_1_109' title="bbox 1998 5342 3504 5409; baseline -0.003 -9"><span class='ocrx_word' id='word_1_637' title='bbox 1998 5346 2239 5401; x_wconf 78' lang='lat' dir='ltr'><strong>Joannes</strong></span> <span class='ocrx_word' id='word_1_638' title='bbox 2291 5348 2550 5401; x_wconf 86' lang='lat' dir='ltr'><strong>diaconus</strong></span> <span class='ocrx_word' id='word_1_639' title='bbox 2607 5352 2660 5399; x_wconf 90' lang='lat' dir='ltr'><strong>et</strong></span> <span class='ocrx_word' id='word_1_640' title='bbox 2713 5344 3106 5409; x_wconf 86' lang='lat' dir='ltr'><strong>chartularius,</strong></span> <span class='ocrx_word' id='word_1_641' title='bbox 3161 5342 3504 5404; x_wconf 88' lang='lat' dir='ltr'><strong>Camaterus,</strong></span> 
     </span>
    </p>
   </div>
   <div class='ocr_carea' id='block_1_110' title="bbox 1927 5433 3500 5506">
    <p class='ocr_par' dir='ltr' id='par_1_110' title="bbox 1927 5433 3500 5506">
     <span class='ocr_line' id='line_1_110' title="bbox 1927 5433 3500 5506; baseline -0.005 -15"><span class='ocrx_word' id='word_1_642' title='bbox 1927 5438 2117 5491; x_wconf 88' lang='lat' dir='ltr'><strong>eodem</strong></span> <span class='ocrx_word' id='word_1_643' title='bbox 2178 5438 2369 5490; x_wconf 83' lang='lat' dir='ltr'><strong>Alexio</strong></span> <span class='ocrx_word' id='word_1_644' title='bbox 2423 5438 2752 5506; x_wconf 86' lang='lat' dir='ltr'><strong>imperante,</strong></span> <span class='ocrx_word' id='word_1_645' title='bbox 2810 5435 3133 5506; x_wconf 69' lang='lat' dir='ltr'><strong>[metuitque</strong></span> <span class='ocrx_word' id='word_1_646' title='bbox 3187 5433 3253 5487; x_wconf 85' lang='lat' dir='ltr'><strong>ad</strong></span> <span class='ocrx_word' id='word_1_647' title='bbox 3285 5440 3500 5501; x_wconf 86' lang='lat' dir='ltr'><strong>captam</strong></span> 
     </span>
    </p>
   </div>
   <div class='ocr_carea' id='block_1_111' title="bbox 1929 5520 3500 5601">
    <p class='ocr_par' dir='ltr' id='par_1_111' title="bbox 1929 5520 3500 5601">
     <span class='ocr_line' id='line_1_111' title="bbox 1929 5520 3500 5601; baseline -0.006 -16"><span class='ocrx_word' id='word_1_648' title='bbox 1929 5546 2101 5601; x_wconf 86' lang='lat' dir='ltr'><strong>usque</strong></span> <span class='ocrx_word' id='word_1_649' title='bbox 2128 5530 2339 5596; x_wconf 84' lang='lat' dir='ltr'><strong>urbem,</strong></span> <span class='ocrx_word' id='word_1_650' title='bbox 2381 5544 2471 5583; x_wconf 90' lang='lat' dir='ltr'><strong>au.</strong></span> <span class='ocrx_word' id='word_1_651' title='bbox 2502 5545 2555 5594; x_wconf 77' lang='grc' dir='ltr'><strong>ν,</strong></span> <span class='ocrx_word' id='word_1_652' title='bbox 2600 5544 2774 5583; x_wconf 86' lang='lat' dir='ltr'><strong>mens.</strong></span> <span class='ocrx_word' id='word_1_653' title='bbox 2810 5542 2926 5593; x_wconf 85' lang='lat' dir='ltr'><strong>vm,</strong></span> <span class='ocrx_word' id='word_1_654' title='bbox 2967 5525 3114 5581; x_wconf 88' lang='lat' dir='ltr'><strong>dicb.</strong></span> <span class='ocrx_word' id='word_1_655' title='bbox 3139 5539 3233 5580; x_wconf 81' lang='lat' dir='ltr'><strong>vit.</strong></span> <span class='ocrx_word' id='word_1_656' title='bbox 3259 5520 3410 5577; x_wconf 74' lang='lat' dir='ltr'><strong>Vixit</strong></span> <span class='ocrx_word' id='word_1_657' title='bbox 3444 5530 3500 5575; x_wconf 86' lang='lat' dir='ltr'><strong>ct</strong></span> 
     </span>
    </p>
   </div>
   <div class='ocr_carea' id='block_1_112' title="bbox 1776 5705 2001 5762">
    <p class='ocr_par' dir='ltr' id='par_1_112' title="bbox 1776 5705 2001 5762">
     <span class='ocr_line' id='line_1_112' title="bbox 1776 5705 2001 5762; baseline 0.013 -3"><span class='ocrx_word' id='word_1_658' title='bbox 1776 5705 1978 5762; x_wconf 64' lang='lat' dir='ltr'><strong>NOTJE</strong></span> <span class='ocrx_word' id='word_1_659' title='bbox 1989 5748 2001 5762; x_wconf 91' lang='lat'><strong>.</strong></span> 
     </span>
    </p>
   </div>
   <div class='ocr_carea' id='block_1_113' title="bbox 320 5796 1803 5871">
    <p class='ocr_par' dir='ltr' id='par_1_113' title="bbox 320 5796 1803 5871">
     <span class='ocr_line' id='line_1_113' title="bbox 320 5796 1803 5871; baseline -0.008 -12"><span class='ocrx_word' id='word_1_660' title='bbox 320 5802 431 5869; x_wconf 82' lang='lat'><strong>(3&#39;5)</strong></span> <span class='ocrx_word' id='word_1_661' title='bbox 460 5800 538 5856; x_wconf 80' lang='lat' dir='ltr'><strong>Ex</strong></span> <span class='ocrx_word' id='word_1_662' title='bbox 570 5799 746 5857; x_wconf 86' lang='lat' dir='ltr'><strong>insula</strong></span> <span class='ocrx_word' id='word_1_663' title='bbox 769 5797 939 5861; x_wconf 77' lang='lat' dir='ltr'><strong>Oxea.</strong></span> <span class='ocrx_word' id='word_1_664' title='bbox 965 5815 1087 5871; x_wconf 69' lang='lat' dir='ltr'><strong>quae</strong></span> <span class='ocrx_word' id='word_1_665' title='bbox 1116 5797 1508 5856; x_wconf 65' lang='lat' dir='ltr'><strong>monasterium</strong></span> <span class='ocrx_word' id='word_1_666' title='bbox 1549 5796 1803 5851; x_wconf 66' lang='lat' dir='ltr'><strong>habebat.</strong></span> 
     </span>
    </p>
   </div>
  </div>
