4176 6446
689 380 802 444 923
2005 381 2040 440 Ι
2047 379 2142 440 US
2172 377 2615 441 CANONICUM
3853 375 3953 440 921

687 505 810 564 post
844 506 1059 568 captam
1094 497 1287 553 urbem
1313 495 1474 551 annis
1506 510 1565 562 η,
1605 495 1840 551 mensib.
1877 509 1937 558 ιι,
1971 493 2119 549 dieb.
2154 509 2261 548 xiv.

2381 494 2427 549 Βέ
2458 495 2552 548 καὶ
2586 492 2726 564 μετὰ
2757 496 2857 564 τὴν
2883 492 3086 548 ἅλωσιν
3141 491 3243 563 τῆς
3285 489 3532 562 μεγάλης
3571 489 3781 552 πόλεως
3832 490 3955 560 χρά-

687 589 754 643 Ει
787 602 943 660 capta
970 590 1071 677 fuit
1103 589 1235 642 urbs
1270 587 1383 659 (54)
1415 586 1722 642 indictione
1749 585 2004 656 septima,
2053 584 2143 640 die
2171 600 2266 639 xm

2381 602 2494 648 νους
2534 583 2600 655 β’,
2643 584 2820 656 μῆνας
2857 584 2923 656 β’,
2981 584 3198 655 ἡμέρας
3248 582 3331 640 ιδ’.
3370 583 3567 651 Γέγονε
3596 583 3713 653 δέή
3755 582 3955 642 ἅλωσις

687 680 909 748 Aprilis.
974 674 1104 733 Post
1154 677 1345 732 urbem
1403 693 1538 732 vero
1591 686 1827 747 captam,
1872 674 2020 746 quod
2067 674 2269 729 accidit

2381 677 2514 730 κατὰ
2558 677 2658 746 τὴν
2700 676 2745 740 ζ’
2793 676 3123 740 ἰνδικτιῶνα,
3183 678 3250 746 τῇ
3316 674 3402 744 ιγ’,
3473 675 3571 729 τοῦ
3647 674 3951 744 ’Δπριλῑου.

693 786 844 825 antro
879 769 1066 823 mundi
1096 783 1238 824 vrcro
1273 784 1409 824 IDCC.
1461 784 1560 836 xu,
1598 769 1857 839 quoniam
1906 768 1997 822 hic
2031 768 2271 838 patriar-

691 862 790 915 cha
831 862 884 914 in
941 859 1332 930 Didymoticho
1359 859 1500 914 diem
1531 858 1764 923 obierat,
1796 859 2010 914 vacavit
2037 859 2272 913 thronus

689 967 893 1005 annum
951 968 1143 1017 unum,
1210 967 1387 1008 mens.
1443 966 1496 1014 x,
1539 957 1729 1018 postea
1787 950 1966 1006 factus
2021 958 2107 1007 est
2173 963 2271 1020 pa-

691 1041 954 1095 triarcha.

767 1133 1030 1186 Dominus
1053 1132 1283 1187 Michae.
1313 1133 1644 1197 baurianus,
1668 1146 1900 1203 magnus
1926 1131 2272 1197 saeeilarius,

693 1223 748 1275 in
786 1225 996 1278 oriente
1036 1224 1355 1294 designatus
1385 1225 1453 1278 ab
1482 1225 1810 1296 imperatore
1841 1223 2064 1278 domino
2097 1222 2277 1278 Theo-

692 1316 826 1370 doro
872 1316 1125 1371 Lascare.
1185 1317 1499 1388 Habuitque
1551 1317 1734 1373 sedem
1766 1317 1981 1379 Nicseaa,
2042 1329 2278 1385 cumque

691 1406 938 1477 pontifex
976 1409 1171 1464 fuisset
1205 1410 1478 1463 annis.....
1523 1425 1794 1464 mcns.....
1837 1408 2146 1465 diebus.....
2183 1407 2279 1461 de-

691 1500 880 1554 cessit.
910 1499 986 1554 Ac
1029 1502 1237 1578 vaeavit
1292 1503 1521 1555 thronus
1568 1517 1743 1559 mens.
1801 1518 1832 1556 x
1865 1502 1923 1567 S,
1970 1509 2276 1572 propterea,

692 1592 838 1660 quod
881 1593 1176 1661 imperator
1231 1593 1284 1646 in
1338 1609 1526 1661 agrum
1579 1592 1947 1649 Thracensem
1999 1593 2279 1663 profectus

691 1693 856 1739 esset.
893 1683 988 1738 Die
1017 1700 1142 1738 vero
1174 1701 1238 1738 xx
1295 1686 1660 1756 Septembris.
1712 1687 2012 1742 indictione
2051 1695 2109 1750 ll,
2147 1685 2279 1738 feria

693 1777 895 1843 prima,
940 1777 1292 1832 renuntiatus
1319 1785 1426 1833 est.

763 1869 1030 1923 Dominus
1075 1868 1399 1924 Theodorus
1455 1871 1740 1933 lrenieus,
1801 1867 2175 1923 chartularius
2227 1835 2355 1922 etB

695 1976 990 2029 supremus
1023 1960 1497 2030 philosomiorum,
1534 1961 1624 2031 qui
1657 1969 1710 2015 et
1741 1961 1942 2028 Cupas,
1972 1975 2096 2014 cum
2137 1973 2281 2013 anno

695 2067 806 2105 uno
830 2053 1167 2120 pontificatui
1201 2052 1539 2121 praefuisset,
1579 2067 1642 2107 ac
1669 2050 1907 2107 mensib.
1930 2065 2000 2113 ιν,
2022 2050 2171 2105 dieb.
2201 2063 2278 2113 ill,

694 2142 969 2207 decessit,
1029 2157 1150 2195 cum
1215 2143 1514 2211 imperator
1573 2141 1628 2195 in
1700 2142 1919 2210 regione
1981 2138 2279 2193 Thracensi

691 2235 936 2303 degeret.
989 2233 1414 2302 Maudatumque
1473 2233 1575 2286 fuit
1630 2233 2042 2304 magistratibus
2094 2242 2121 2282 ιι
2188 2247 2282 2301 pa-

694 2325 980 2387 triarehzc,
1026 2325 1347 2392 ca‘terisque
1403 2321 1776 2393 pontificibus,
1832 2332 1906 2391 ut
1941 2322 1994 2375 in
2057 2321 2280 2391 scriptis

696 2415 1002 2468 sententias
1033 2422 1396 2484 exponerent.
1426 2413 1606 2483 Atque
1636 2413 1743 2468 hoc
1770 2413 1930 2482 jussu
1961 2413 2282 2480 designatus

698 2511 783 2556 cst
811 2501 1100 2565 Maximus,
1125 2504 1292 2557 abbas
1313 2504 1618 2559 mansionis
1642 2519 1836 2558 somno
1860 2504 2279 2558 abstinentium.

697 2595 947 2664 Cumque
978 2596 1236 2665 princeps
1262 2595 1428 2649 etiam
1466 2595 1801 2659 advenisset,
1840 2595 1910 2650 ab
1944 2595 2037 2649 illo
2065 2609 2283 2665 quoque

699 2689 1049 2742 renuntiatus
1109 2697 1214 2751 est,
1263 2687 1351 2742 die
1410 2698 1520 2741 xvu
1581 2688 1886 2745 mensis....
1934 2687 2151 2744 Potitus
2199 2699 2285 2744 est

699 2780 1017 2850 pontiﬁcatu
1051 2779 1283 2833 mensib.
1315 2794 1431 2846 vm,
1464 2795 1626 2849 quem
1657 2781 1872 2849 excepit

776 2873 1043 2927 Dominus
1079 2872 1296 2928 Manuel
1331 2872 1745 2943 Charitopulus,
1778 2873 1940 2928 annis

773 2967 902 3020 Inde
929 2966 1013 3018 vir
1043 2973 1293 3029 sanctus,
1337 2965 1605 3021 Arsenius
1647 2965 2010 3031 Autorianus,
2044 2979 2153 3036 quo
2187 2982 2286 3022 ex-

703 3057 883 3128 pulso,
916 3057 1094 3112 factus
1121 3065 1207 3112 est

2371 769 2527 823 Μετὰ
2581 768 2639 821 δέ
2686 767 2784 838 τὴν
2805 767 3039 836 ζᾶλωσιν
3068 768 3170 838 τῆς
3212 768 3457 839 μεγάλης
3491 767 3725 830 πόλεως,
3764 767 3823 816 ἐν
3855 765 3958 816 ἔτει

2373 861 2540 933 ,ςψιβ’
2571 860 2893 932 γενομένην,
2919 862 3044 915 ἐπεὶ
3064 863 3093 915 6
3117 861 3462 932 πατριάρχης
3509 853 3664 923 οὗτος
3703 860 3763 910 ἐν
3807 857 3960 910 Διδυο

2377 955 2612 1026 μοτείχῳ
2643 954 3024 1024 ἐτελεύτησεν,
3057 955 3322 1025 ἐχήρευεν
3351 954 3380 1006 6
3403 952 3594 1022 θρόνος
3617 949 3812 1022 χρόνον
3844 950 3959 1012 ἕνα,

2377 1049 2552 1118 μῆνας
2588 1053 2638 1101 t'.
2671 1045 2808 1101 Εἶτα.
2834 1048 3054 1115 ἐγένετο
3086 1046 3459 1116 πατριάρχης.

2457 1139 2515 1192 Ὀ
2548 1139 2724 1209 μέγας
2755 1138 3136 1208 σακελλάριος,
3173 1136 3341 1205 κῦρος
3367 1133 3589 1205 Μιχαὴλ
3633 1135 3661 1186 6
3721 1133 3960 1200 Σαυρια-

2375 1231 2485 1299 νὺς,
2521 1233 2580 1287 ἐν
2623 1234 2688 1304 τῇ
2713 1232 2946 1303 ἀνατολῇ
2974 1230 3308 1302 προϐληθεὶς
3351 1227 3499 1300 παρά
3552 1227 3646 1279 τοῦ
3695 1225 3965 1296 βασιλέως

2377 1325 2546 1396 κυροῦ
2597 1324 2875 1396 Θεοδώρου
2933 1323 3027 1376 τοῦ
3090 1323 3362 1391 Λασκάρη
3403 1340 3417 1355 ·
3471 1321 3566 1375 καὶ
3599 1320 3858 1372 ἐκάθισεν
3885 1319 3964 1379 ei;

2377 1419 2633 1485 Νίκαιαν,
2663 1414 3096 1487 ἀρχιερατεύσας
3138 1413 3194 1466 δὲ
3241 1413 3466 1483 χρόνους
3502 1451 3517 1466 .
3542 1451 3556 1466 .
3584 1453 3596 1466 .
3635 1411 3816 1481 μῆνας
3847 1450 3860 1460 .
3902 1447 3918 1462 .
3946 1446 3965 1463 .

2378 1511 2593 1580 ἡμέρας
2613 1546 2628 1562 .
2665 1549 2678 1563 .
2705 1547 2719 1562 .
2747 1507 3087 1577 ἐτελεύτησε.
3130 1507 3240 1560 Καὶ
3261 1506 3530 1574 ἐχήρευεν
3575 1505 3604 1557 6
3642 1502 3836 1572 θρόνος
3866 1503 3973 1571 μῆ-

2379 1618 2474 1664 νας
2505 1599 2557 1664 ι’,
2593 1601 2904 1671 καὶῆμισυ,
2928 1600 3020 1654 διὰ
3058 1599 3119 1651 τὸ
3149 1599 3240 1652 τὸν
3275 1597 3501 1668 βασιλέα
3544 1596 3853 1664 ἀποδημεῖν
3891 1598 3970 1654 εις

2379 1692 2441 1744 τὸ
2485 1691 2818 1762 Θρᾳκήσιον.
2850 1691 2959 1744 Καὶ
3017 1693 3160 1744 κατά
3186 1690 3284 1760 τὴν
3317 1695 3366 1742 κ’
3417 1687 3512 1740 τοῦ
3565 1684 3964 1754 Σεπτεμϐρίου,

2381 1779 2480 1847 τῆς
2518 1779 2559 1846 β’
2595 1777 2948 1841 ξνδικτιῶνος,
2976 1777 3161 1848 ήμέρᾳ
3189 1776 3400 1847 πρώτῃ,
3436 1775 3769 1845 προεϐλήθη.
3817 1833 3823 1837 ,

2464 1871 2523 1922 '0
2553 1869 2903 1940 χαρτοφύλαξ
2929 1872 3021 1922 καὶ
3057 1867 3262 1931 ὕπατος
3308 1869 3417 1922 τῶν
3453 1867 3762 1936 φιλοσόφων
3799 1866 3969 1934 κῦρος

2380 1962 2654 2033 Θεόδωρος
2684 1965 2712 2016 6
2751 1963 3025 2032 εἰρηνικὸς
3046 2004 3060 2026 ,
3101 1963 3130 2014 6
3162 1961 3257 2014 aut
3287 1961 3537 2025 Κουπᾶς,
3566 1961 3659 2012 καὶ
3704 1962 3972 2029 ἀρχιερα-

2381 2054 2576 2117 τεύσας
2628 2055 2822 2125 χρόνον
2851 2053 2968 2117 ἕνα,
3007 2055 3180 2122 μῆνας
3206 2053 3268 2116 δ’,
3308 2053 3524 2122 ἡμέρας
3567 2058 3640 2120 γ’,
3675 2050 3969 2116 ἐτελεύτη-

2384 2167 2476 2203 σεν
2500 2165 2512 2179 ·
2539 2147 2690 2208 ὄντος
2711 2145 2806 2199 τοῦ
2836 2144 3102 2215 βασιλέως
3135 2146 3192 2197 ἐν
3231 2145 3310 2214 τῷ
3341 2145 3540 2214 θέματι
3597 2141 3708 2194 τῶν
3746 2142 3974 2211 Θρακη-

2385 2241 2538 2294 σίων.
2587 2239 2916 2310 Ὠρεσθησαν
2945 2238 3000 2290 δὲ
3031 2237 3082 2290 οἱ
3108 2237 3372 2307 ἄρχοντες
3433 2234 3530 2288 τοῦ
3593 2234 3972 2304 πατριάρχου,

2383 2334 2477 2386 καὶ
2547 2334 2594 2384 οἱ
2657 2332 2957 2402 ἀρχιερεῖς,
3011 2330 3305 2398 ἐγγράφως
3361 2327 3798 2397 γνωμοδοτῆσαι.
3860 2326 3976 2380 Καὶ

2384 2422 2698 2493 προεϐλήθη
2752 2421 2841 2476 διὰ
2891 2422 3330 2491 προστάγματος,
3354 2421 3605 2488 Μάξιμος
3636 2421 3662 2472 6
3703 2419 3978 2486 καθηγού-

2387 2534 2549 2584 μενος
2594 2515 2763 2585 μονῆς
2797 2515 2906 2568 τῶν
2931 2515 3300 2584 Ἀκοιμήτων.
3332 2512 3608 2575 Ἐλθόντος
3631 2513 3687 2565 δὲ
3736 2514 3831 2564 καὶ
3880 2510 3978 2563 τοῦ

2386 2605 2671 2678 βασιλέως,
2728 2604 3039 2677 προεϐλήθη
3095 2607 3191 2659 καὶ⁵
3257 2605 3388 2676 παρ’
3439 2603 3626 2670 αὑτοῦ,
3675 2602 3818 2656 κατά
3870 2599 3975 2672 τὴν

2387 2698 2565 2764 ιζ’τοῦ
2597 2741 2609 2754 .
2648 2739 2662 2752 .
2693 2737 2709 2752 .
2754 2697 2944 2768 μηνός.
2992 2696 3411 2769 ’Δρχιεράτευσε
3440 2699 3615 2768 μῆνας
3656 2701 3728 2765 η’,
3771 2692 3890 2766 μεθ’
3916 2694 3982 2748 ὃν

2457 2876 2643 2944 Κῦρος
2674 2873 2936 2945 Μανουὴλ
2965 2875 2992 2927 6
3025 2871 3460 2944 Χαριτόπουλος,
3491 2869 3586 2940 ἔτη
3618 2909 3635 2923 .
3666 2908 3681 2923 .
3715 2910 3729 2924 .

2460 2967 2591 3022 Εἶτα
2623 2970 2650 3022 6
2678 2968 2834 3036 ἅγιος
2890 2966 3166 3034 Ἀρσένιος
3212 2966 3241 3018 6
3281 2961 3678 3034 Δὺτωρειανός.
3743 2959 3983 3030 Ἐκϐλη-

2389 3063 2577 3124 θέντος
2613 3061 2668 3114 δὲ
2692 3059 2880 3120 αὑτοῦ,
2892 3058 3112 3125 ἐγένετο

780 3149 1143 3218 Nieephorus,
1213 3157 1372 3203 antea
1446 3148 1692 3216 pontifex
1760 3149 2092 3219 Ephesinus.
2165 3149 2282 3216 Quo

2457 3155 2793 3223 Νικηφόρος,
2825 3153 2854 3205 6
2883 3150 3016 3222 πρὶν
3053 3148 3304 3218 Ἐφέσου.
3329 3139 3405 3200 Οὗ
3439 3145 3837 3210 ἀποθανόντος,
3873 3143 3989 3196 πά-

706 3253 948 3303 mortuo,
1003 3255 1198 3295 rursus
1245 3241 1514 3296 Arsenius
1547 3249 1768 3299 evectus
1813 3251 1918 3307 est,
1973 3242 2286 3314 iterumque

707 3331 924 3401 pulsus.
958 3329 1096 3385 Hinc
1121 3331 1433 3401 patriarcha
1466 3330 1647 3388 factus

779 3423 1106 3489 Germanus,
1177 3425 1475 3495 episcopus
1552 3423 2096 3492 Adrianopolitanus.
2169 3421 2288 3490 Quo

707 3516 903 3586 eiecto,
944 3515 1198 3572 thronum
1234 3515 1481 3571 ascendit

777 3605 1049 3674 Josephus
1103 3607 1276 3662 abbas
1303 3606 1531 3672 Galesii,
1563 3606 1650 3660 vir
1677 3614 1731 3663 et
1777 3605 2122 3662 admirabilis
2141 3605 2289 3674 vitae,

710 3709 763 3756 et
788 3699 1159 3756 confessionis
1185 3713 1393 3755 corona
1427 3707 1680 3756 ornatus.

993 3920 1269 3977 OFFICIA
1301 3919 1595 3977 MAJORIS
1623 3920 2006 3977 ECCLESIA'I.

1386 4033 1533 4090 Ordo
1566 4035 1617 4091 1.

715 4149 740 4201 1
785 4147 1011 4216 Magnus
1041 4161 1382 4204 (economus.

713 4239 750 4293 2
791 4238 1018 4306 Magnus
1050 4237 1394 4293 sacellarius.

714 4331 751 4383 5
788 4328 1016 4397 Magnus
1046 4343 1301 4383 vasorum
1329 4336 1540 4385 custos.

715 4421 752 4474 4
790 4419 1016 4488 Magnus
1048 4419 1435 4475 chartularius.

717 4509 752 4562 5
793 4508 992 4563 Sacelli
1029 4508 1341 4579 praafertus.

719 4599 753 4656 6
792 4601 1011 4656 Primus
1039 4600 1320 4657 defensor.

1394 4690 1538 4747 Ordo
1570 4690 1627 4745 Ξ.

723 4784 756 4837 7
791 4783 1232 4839 Protonotarius.

723 4877 757 4931 8
794 4875 1116 4945 Logotheta.

726 4967 760 5022 9
798 4968 1129 5023 Castrensis.

729 5055 797 5109 10
837 5056 1283 5116 Referendarius.

729 5148 792 5202 Η
835 5149 880 5202 Α
915 5154 1346 5208 commentariis.

1393 5245 1537 5299 Ordo
1567 5245 1622 5300 5.

736 5333 802 5389 12
841 5333 1284 5392 Hieromnemon.

2393 3249 2477 3301 λιν
2506 3249 2535 3300 6
2563 3246 2718 3314 ἅγιος
2773 3241 3108 3314 ἀνεϐιϐάσθη
3176 3240 3484 3312 ’Λρσένιος,
3523 3237 3620 3292 καὶ
3675 3237 3841 3292 πάλιν
3894 3234 3992 3300 ἐξ-

2394 3337 2623 3408 ιϐλήθη.
2652 3334 2764 3390 Καλ⁵
2795 3335 3020 3404 γέγονεν

2474 3427 2536 3481 '0
2577 3426 3076 3497 ’Δδριανουπόλεως
3122 3422 3426 3494 Γερμανός.
3478 3421 3656 3475 Αὑτοῦ
3695 3420 3752 3474 δὲ
3785 3419 3992 3489 ἐκϐλη-

2396 3521 2604 3585 θέντος,
2631 3518 2862 3587 ἀνῆλθεν
2891 3518 2970 3580 si;
3005 3516 3096 3570 τὸν
3132 3515 3320 3585 θρόνον

2480 3611 2680 3679 Ἰωσὴφ
2718 3612 2747 3663 6
2768 3609 2863 3663 τοῦ
2891 3607 3160 3678 Γαλησὶου
3191 3606 3520 3678 ἡγούμενος,
3575 3604 3715 3675 ἀνὴρ
3768 3603 3995 3671 θαυμα-

2401 3698 2527 3760 στὸς
2566 3699 2658 3752 τὸν
2721 3699 2856 3769 βίον,
2918 3698 3012 3750 καὶ
3043 3696 3335 3766 ὁμολογίας
3397 3695 3650 3765 στεφάνῳ
3707 3708 3997 3763 κεκοσμη-

2405 3792 2589 3861 μένος.

2471 3927 2562 3980 ΤΔ
2605 3924 2741 3978 ΤΗΣ
2786 3921 3121 3978 ΜΕΓΑΛΗΣ
3157 3919 3562 3973 ΕΚΚΑΗΣΙΔΣ
3613 3917 3919 3971 ΟΦΦΙΚΙΑ.

3058 4034 3179 4098 Τάε
3185 4053 3235 4100 ις
3274 4032 3348 4086 a’.

2405 4155 2451 4209 α’
2491 4156 2518 4208 ὁ
2551 4157 2725 4223 μέγας
2749 4150 3058 4217 οἰκονόμος.

2408 4247 2452 4316 β’
2489 4247 2517 4297 6
2544 4244 2715 4314 μέγας
2748 4241 3122 4312 σακελλάριος.

2406 4341 2454 4402 γ’
2493 4335 2521 4387 6
2545 4335 2721 4404 μέγας
2757 4330 3122 4399 σκευοφύλαξ.

2407 4429 2448 4482 δ’
2493 4428 2521 4480 6
2554 4426 2728 4496 μέγας
2761 4421 3129 4494 χαρτοφύλαξ.

2329 4522 2374 4578 D
2402 4524 2443 4571 ε’
2481 4520 2508 4570 6
2537 4513 2844 4568 σακελλίου.

2408 4610 2462 4677 ς’
2489 4612 2517 4663 6
2537 4607 2934 4680 πρωτέκδικος.

3062 4694 3239 4762 τάξις
3263 4689 3348 4760 βο

2407 4791 2449 4855 ζ’
2491 4792 2519 4844 6
2548 4789 3003 4861 πρωτονοτάριος.

2408 4890 2458 4952 η’
2491 4885 2519 4936 6
2552 4881 2865 4950 λογοθέτης.

2412 4971 2456 5025 θ’
2489 4974 2518 5024 6
2547 4973 2919 5040 κανστρῑσιος.

2414 5063 2446 5116 ι’
2490 5065 2518 5115 6
2558 5064 2687 5132 ρεφε
2697 5060 2996 5131 ρενδάριος.

2416 5160 2486 5209 ια’
2523 5157 2552 5208 6
2582 5151 3178 5224 ὑπομνηματογράφος.

3053 5242 3228 5311 Τάεις
3253 5238 3325 5316 τί.

2419 5335 2487 5407 ιβ’
2521 5340 2548 5390 6
2589 5335 2982 5408 Ἱερομνήμων.

2033 5468 2270 5526 ἾΑΒΙᾹΖ
2327 5467 2709 5525 LECTIONES

807 5568 835 5608 ς
855 5559 1124 5628 οῇῖεἱανὶἱε
1139 5598 1152 5610 .

2244 5667 2479 5726 NOTAE.

814 5765 926 5837 ‘35)
966 5767 1002 5819 Α
1033 5764 1285 5824 Flanilris
1320 5775 1371 5822 et
1397 5766 1639 5824 Venetis.
