4176 6446
716 395 817 456 927

2021 396 2053 456 J
2063 396 2156 456 US
2179 393 2624 458 CANONICUM

3869 392 3971 456 998

715 515 898 568 locum
928 513 1175 569 binarius
1199 512 1400 568 subiit:
1425 512 1671 569 laborem
1695 511 1926 567 multum
1961 519 2016 566 ct
2040 512 2280 566 studium

2408 514 2702 580 ιπέστησαν
2732 513 2798 578 ⁷⁸,
2855 513 2948 568 καὶ
2984 514 3068 579 είς
3117 513 3211 568 τὸν
3275 514 3438 568 τόπον
3481 514 3580 584 τῆς
3643 513 3901 582 ἐνότητος
3947 514 3975 562 ὁ

716 605 811 674 qui
871 619 976 661 nos
1049 613 1451 675 praecesserunt
1514 606 1658 660 beati
1723 606 1870 661 Petri
1941 619 2292 660 successores

717 695 1107 762 adhibuerunt,
1161 705 1222 751 ut
1269 698 1506 752 schisma
1539 696 1606 751 de
1651 698 1831 753 medio
1887 696 2191 761 tolleretur,
2239 704 2293 752 et

720 785 918 840 unitati
952 785 1234 852 Ecclesia,
1261 789 1354 856 qui
1387 803 1445 842 se
1475 787 1545 842 ab
1576 803 1638 842 ea
1688 795 2036 858 separarunt,
2095 788 2292 843 redde-

719 888 932 932 rentur.
960 878 1324 944 Quamobrem
1383 890 1436 935 et
1465 895 1588 945 nos,
1623 883 1713 950 qui
1748 882 1849 935 hoc
1893 889 2137 950 tempore
2164 895 2294 949 apo-

721 971 932 1024 stolica:
958 973 1104 1024 sedis
1165 987 1352 1025 curam
1399 975 1760 1040 suscepimus,
1824 982 1883 1027 ut
1948 972 2057 1028 Deo
2117 974 2296 1042 placet

725 1063 982 1118 omnibus
1005 1062 1291 1128 Ecclesiis,
1321 1081 1442 1133 qua:
1463 1074 1588 1119 sunt
1616 1066 1756 1118 intra
1789 1075 2058 1120 terrarum
2081 1067 2292 1126 orbem.

721 1154 1088 1218 constituere;
1148 1156 1402 1224 quamvis
1457 1157 1601 1208 beati
1660 1155 1808 1209 Petri
1855 1157 2150 1211 virtutibus
2198 1171 2296 1226 par

721 1243 856 1298 nihil
896 1243 1216 1309 habeamus,
1258 1247 1565 1301 ministerio
1592 1256 1775 1302 tamen
1824 1249 1971 1318 fungi
2026 1249 2292 1316 cogimur.

721 1333 803 1386 Ad
837 1334 888 1387 id
923 1335 1260 1391 credidimus
1287 1337 1702 1405 attendendum,
1745 1355 1812 1393 ne
1839 1354 2298 1395 connumeremur

724 1425 891 1494 (quod
928 1427 1095 1492 absit)
1161 1427 1250 1490 iis,
1306 1444 1443 1496 quos
1505 1445 1602 1498 per
1652 1431 1970 1498 prophetam
2034 1430 2298 1487 Dominus

722 1517 1092 1584 reprehendit,
1129 1519 1346 1589 dicens:
1387 1520 1541 1585 Quod
1570 1522 1800 1589 ejectum
1835 1529 1941 1585 est,
1979 1538 2087 1577 non
2122 1524 2298 1578 intro-

723 1607 999 1672 duxistis;
1038 1609 1184 1678 quod
1246 1610 1547 1676 inﬁrmum,
1585 1628 1692 1666 non
1726 1615 2018 1668 sanavistis
2052 1623 2106 1668 et
2152 1617 2296 1684 quod

724 1699 909 1767 periit,
942 1714 1052 1752 non
1090 1701 1460 1768 quaesivistis;
1493 1710 1545 1756 et
1591 1704 1734 1772 quod
1768 1705 2133 1768 confractum,
2192 1724 2297 1761 non

723 1791 1033 1860 ohligastis.
1063 1793 1301 1862 Ideoque
1332 1793 1398 1847 ad
1428 1795 1887 1850 introductionem
1924 1797 2217 1852 liberorum
2245 1801 2297 1853 in

726 1884 908 1936 locum
979 1883 1241 1939 Ecclesiae
1304 1896 1359 1940 et
1438 1887 1664 1940 unitatis
1715 1899 1758 1952 τ,
1822 1891 2300 1959 inventionemque

727 1977 943 2030 amissae
969 1977 1245 2032 drachma:
1294 1993 1690 2048 properemus:
1724 1990 1778 2035 et
1829 1984 2131 2050 apostolico
2166 2001 2303 2055 prse-

724 2076 885 2136 cepto
943 2068 1156 2122 incitati
1210 2071 1258 2132 ',
1316 2071 1368 2123 in
1415 2085 1510 2124 eos
1560 2073 1652 2141 qui
1704 2072 1967 2127 doctrina:
2020 2089 2301 2130 sermones

727 2167 1128 2227 aspernantur,
1171 2171 1230 2217 ut
1292 2176 1618 2231 persuasum
1677 2164 1974 2218 habeamus
2005 2167 2298 2231 moderari,

725 2258 780 2301 et
813 2249 1052 2303 ﬁdeliutn
1085 2249 1515 2307 admonitionem
1551 2256 1870 2323 tempestive
1922 2255 2302 2326 intempestive

729 2339 954 2393 factam.
991 2339 1054 2394 Et
1086 2341 1236 2396 illius
1268 2343 1520 2413 exemplo
1575 2345 1775 2408 edocti,
1813 2345 1906 2415 qui
1943 2356 2062 2400 erat
2113 2350 2302 2417 gloria:

728 2430 1018 2496 Dominus,
1051 2439 1106 2487 et
1129 2434 1312 2488 omnia
1345 2435 1397 2488 in
1438 2450 1534 2489 sua
1567 2443 1834 2505 potestate
1887 2437 2115 2501 habens,
2148 2439 2303 2493 incli-

727 2537 863 2577 nare
895 2522 1021 2576 fecit
1047 2525 1240 2589 cmlos,
1305 2535 1358 2580 et
1391 2527 1707 2582 descendit:
1767 2538 2098 2600 acceptaque
2156 2533 2297 2586 servi

731 2614 905 2668 forma
973 2616 1218 2684 seipsum
1275 2618 1600 2683 exinauivit,
1664 2626 1722 2671 ut
1784 2621 1904 2673 ovis
1951 2622 2154 2676 amissa
2201 2637 2301 2677 suo

729 2707 878 2775 gregi
916 2708 1319 2762 restitueretur.
1359 2709 1531 2775 Unde,
1561 2709 1730 2764 frater
1792 2711 1844 2764 in
1884 2710 2126 2776 Christo,
2158 2715 2294 2768 dile-

728 2800 966 2852 ctionem
992 2808 1137 2855 tuam
1173 2801 1256 2856 his
1284 2801 1480 2856 litteris
1505 2802 1886 2867 admonemus,
1922 2815 1979 2858 ut
2002 2805 2142 2860 hanc
2185 2822 2299 2860 rem

729 2890 1024 2960 diligenter
1057 2908 1240 2948 cures.
1267 2894 1401 2948 Nam
1432 2909 1536 2947 una
1565 2895 1678 2948 sola
1708 2903 1792 2949 est
1818 2897 2083 2962 Ecclesia,
2119 2906 2172 2951 et
2194 2914 2300 2952 una

732 2981 849 3035 sola
883 2983 1339 3037 sanctiﬁcationis
1379 2999 1526 3048 arca,
1563 2985 1614 3037 in
1646 3001 1809 3054 quain
1860 3002 2303 3058 unumquemque

732 3073 972 3127 ﬁdelium
1012 3074 1272 3129 ediluvio
1303 3077 1510 3129 servari
1548 3085 1791 3145 oportet:
1834 3086 1888 3131 et
1942 3079 2086 3132 circa
2141 3082 2301 3134 unio-

2393 605 2579 668 δυῖκὸς
2600 603 2886 675 ἐπεισῆλθε
2921 624 2935 638 ο
2965 608 3132 661 πολὺν
3153 607 3323 660 κόπον
3354 608 3448 660 καὶ
3495 604 3732 674 σπουδὴν
3781 604 3831 656 oi
3869 603 3975 672 πρὸ

2395 697 2554 767 ἡμῶν
2591 698 2828 767 διάδοχοι
2853 697 2947 750 τοῦ
2973 699 3242 771 μακαρίου
3268 698 3478 767 Πέτρου
3529 698 3858 764 ἀπένειμαν,
3889 694 3974 745 ἵνα

2397 791 2492 842 καὶ
2540 790 2602 842 τὸ
2651 791 2856 860 σχίσμα
2905 791 3045 861 ἀρθῇ
3123 793 3188 844 ἐκ
3246 791 3436 860 μέσου,
3487 790 3584 842 καὶ
3638 791 3705 858 τῇ
3762 787 3975 855 ἐνότητι

2395 882 2494 950 τῆς
2526 883 2858 954 Ἐκκλησίας
2897 886 2946 936 οί
2998 884 3092 936 ἀπ’
3138 886 3309 955 αὐτῆς
3352 884 3580 946 ἐαυτοῦς
3631 881 3976 950 χωρίσαντες

2397 975 2723 1030 ἀπώοθῶσι.
2759 977 2849 1029 Διὸ
2879 977 2973 1036 καὶ
3005 978 3222 1046 ἡμεῖςοί
3255 977 3348 1030 τοῦ
3377 977 3470 1029 νῦν
3503 974 3697 1045 καιροῦ
3721 971 3818 1026 τοῦ
3843 973 3976 1023 ἀπο·

2399 1066 2646 1119 στολικοῦ
2677 1068 2867 1136 θρόνου
2888 1069 2985 1139 τὴν
3012 1068 3263 1138 φροντίδα
3285 1069 3592 1134 δεξάμενοι,
3635 1065 3711 1127 ὡς
3757 1064 3836 1131 τῷ
3860 1061 3978 1130 Θεῷ

2399 1160 2623 1230 ἀρέσκει
2649 1159 2982 1214 διατίθεσθαι
3002 1162 3200 1224 πάσαις
3221 1163 3337 1222 ταῖς
3353 1158 3707 1229 Έκκλησίαις
3735 1159 3858 1217 ταῖς
3876 1154 3977 1208 ὑπὸ

2397 1251 2498 1322 τὴν
2550 1254 2874 1324 οἰκουμένην
2903 1252 3112 1318 οὔσαις,
3151 1255 3198 1306 εί
3222 1253 3316 1306 καὶ
3334 1254 3455 1315 ταῖς
3479 1253 3667 1322 χάρισι
3680 1248 3774 1301 τοῦ
3803 1265 3980 1316 μακα-

2403 1345 2519 1414 ρίου
2547 1345 2757 1415 Πέτρου
2793 1344 2960 1414 μηδέν
2983 1361 3036 1396 τι
3062 1343 3242 1406 ἰσάζον
3272 1343 3491 1414 ἔχομεν,
3512 1340 3649 1402 τέως
3676 1335 3978 1406 βιαζόμεθα

2400 1435 2498 1506 τὴν
2530 1436 2806 1489 διακονίαν
2837 1435 3102 1491 ἐκτελεῖν.
3127 1435 3269 1504 Πρὸς
3308 1433 3468 1486 τοῦτο
3497 1431 3725 1491 ἑαυτοὺς
3776 1428 3978 1496 ἠγάγο-

2405 1544 2504 1596 μεν
2550 1527 2842 1596 προσέχειν
2902 1528 3098 1598 μήπως
3137 1523 3634 1594 συναριθμηθῶμεν
3683 1522 3844 1589 (ὅπερ
3905 1519 3979 1586 μὴ

2401 1617 2634 1687 γένοιτο)
2659 1620 2717 1672 ἐν
2745 1619 2822 1687 τῷ
2839 1618 3055 1688 ἀριθμῷ
3080 1617 3172 1679 οὓς
3191 1615 3442 1678 ὀνειδίζει
3465 1617 3493 1667 ὁ
3528 1613 3734 1682 Κύριος
3773 1610 3862 1663 διὰ
3889 1607 3979 1660 τοῦ

2404 1711 2708 1780 προφήτου,
2741 1709 2936 1776 λέγων,
2987 1709 3060 1761 Τὸ
3093 1707 3357 1778 ἐκϐληθέν
3392 1707 3492 1760 οὐκ
3537 1702 3890 1772 είσηγάγετε,
3922 1699 3983 1751 τὸ

2404 1801 2630 1864 ἀσθενές
2668 1802 2768 1854 οὐκ
2847 1799 3275 1871 ἐθεραπεὺσατε,
3334 1799 3429 1851 καὶ
3465 1798 3526 1849 τὸ
3553 1792 3834 1854 ἀπολωλὸς
3884 1790 3984 1842 οὐκ

2403 1892 2723 1962 ἐζητήσατε,
2757 1893 2853 1944 καὶ⁸
2871 1892 2931 1944 τὸ
2949 1891 3272 1944 συνθλασθὲν
3293 1890 3393 1942 οὐκ
3407 1887 3775 1956 ἐδεσμεύσατε
3806 1884 3872 1936 ’⁷.
3894 1881 3983 1950 Τῷ

2402 2002 2484 2037 τοι
2518 1986 2652 2054 πρὸς
2676 1986 2773 2052 τὴν
2795 1985 3003 2049 εἴσαξιν
3045 1983 3154 2036 τῶν
3183 1984 3390 2035 τέκνων
3421 1980 3558 2050 πρὸς
3579 1979 3671 2031 τδν
3689 1977 3854 2030 τόπον
3884 1973 3984 2040 τῆς

2403 2077 2701 2144 ἐκκλησίας
2724 2079 2789 2141 ⁷⁸,
2816 2077 2910 2130 καὶ
2932 2077 3029 2146 τὴν
3056 2073 3277 2143 εὕρεσιν
3300 2074 3400 2142 τῆς
3417 2069 3800 2138 ἀπολλυμένης
3821 2069 3987 2136 δραχο

2408 2169 2515 2238 μῆς
2551 2171 2900 2239 σπεύσωμεν,
2956 2167 3051 2220 καὶ
3083 2167 3178 2235 τῷξ
3207 2164 3553 2233 ἀποστολικῷ
3599 2161 3989 2234 προστάγματι

2407 2258 2827 2327 συνωθούμενοι,
2889 2257 3025 2328 πρὸς
3084 2257 3130 2289 ⁷³³
3160 2256 3285 2318 τοὺς
3309 2255 3420 2308 τῶν
3485 2255 3585 2322 τῆς
3637 2249 3989 2310 διδασκαλίας

2403 2349 2575 2414 λόγων
2600 2347 2956 2418 ἀμελοῦντας,
3022 2336 3331 2400 ἐπιστατεῖν
3365 2347 3513 2414 ἡμᾶς
3566 2343 3774 2396 πείθειν
3804 2340 3873 2404 ⁸⁸,
3893 2342 3991 2392 καὶ

2402 2439 2788 2509 τὴννουθεσίαν
2808 2438 2938 2509 [τῶν
2970 2435 3201 2508 πιστῶν]
3234 2437 3508 2506 εὐκαίρως
3525 2435 3591 2499 ⁸¹,
3613 2435 3860 2501 ἀκαίρως
3895 2429 3992 2482 καὶ

2402 2531 2480 2599 τῷ
2501 2530 2906 2598 παραδείγματι
2949 2530 3158 2582 ἐκείνου
3195 2529 3558 2596 διδαχθέντες,
3591 2527 3650 2588 ὃς
3685 2521 3755 2592 ἦν
3787 2523 3994 2590 Κύριος

2402 2621 2501 2689 τῆς
2525 2621 2706 2688 δόξης,
2730 2620 2826 2671 καὶ
2844 2621 3024 2672 πάντα
3055 2621 3112 2671 ἐν
3127 2622 3194 2688 τῇ
3219 2619 3325 2688 ἰδίᾳ
3353 2617 3572 2685 ἐξουσία
3597 2616 3755 2684 ἔχων,
3782 2614 3997 2666 ἔκλινεν

2404 2713 2552 2780 ὅμως
2577 2710 2840 2778 οὐρανοὺς
2875 2710 2972 2762 καὶ
3009 2709 3267 2777 κατῆλθε,
3322 2708 3420 2760 καὶ
3474 2706 3666 2758 ἑαυτὸν
3733 2705 3995 2766 ἐκένωσε,

2408 2799 2620 2871 μορφὴν
2641 2799 2827 2853 δούλου
2862 2799 3061 2864 λαϐὼν,
3085 2798 3176 2854 ἴνα
3210 2801 3277 2869 τῇ
3304 2798 3411 2866 ίδίᾳ
3450 2798 3657 2867 ποίμνῃ
3697 2795 3758 2848 τὸ
3785 2795 3996 2846 ἀπολω-

2404 2893 2493 2955 λὸς
2516 2892 2786 2961 πρόϐατον
2808 2891 3068 2960 ἀποδοθῇ.
3102 2889 3296 2942 Ἔνθεν
3311 2887 3628 2956 τοι,ἀδελφὲ
3661 2889 3719 2937 ἐν
3749 2885 3997 2955 Χριστῷ⁹

2404 2985 2504 3054 τὴν
2535 2982 2755 3051 ἀγάπην
2792 2998 2884 3034 σου
2916 2982 2960 3013 ⁶¹
2993 2981 3082 3034 διὰ
3138 2980 3247 3033 τῶν
3300 2981 3586 3048 παρόντων
3642 2979 4000 3046 γραμμάτων

2406 3075 2806 3146 παραινοῦμεν,
2835 3075 2922 3126 ἵνα
2947 3075 3013 3125 ἀκ
3027 3073 3193 3143 ριϐῶς
3226 3073 3551 3141 φροντίσῃς,
3587 3073 3714 3124 ἐπεὶ
3750 3071 3852 3138 μία
3881 3073 4003 3121 ἐστὶ

685 3177 688 3180 ν
731 3175 857 3214 nem
900 3165 1020 3232 ejus
1055 3165 1231 3219 modis
1262 3165 1519 3220 omnibus
1565 3165 1818 3220 labores:
1863 3176 2061 3236 tuaque
2108 3171 2305 3238 cogitet

2418 3167 2551 3235 μόνη
2599 3164 2915 3231 Ἐκκλησία,
2937 3161 3031 3215 καὶ
3060 3162 3157 3229 μία
3190 3162 3326 3230 μόνη
3360 3162 3392 3229 ἡ
3421 3160 3514 3212 τοῦ
3572 3158 3852 3227 ἀγιασμοῦ
3909 3177 4000 3210 κι-

731 3255 1023 3324 prudentia
1075 3257 1404 3311 utEcclesia
1435 3257 1527 3311 Dei
1569 3274 1675 3313 non
1732 3260 1905 3328 possit
1955 3260 2129 3316 divisa
2182 3279 2315 3317 cou-

737 3345 960 3410 sistere,
998 3357 1057 3400 ut
1101 3363 1317 3403 omnem
1363 3350 1597 3403 animam
1634 3350 1910 3405 viventem
1958 3367 1988 3406 e
2029 3357 2316 3421 praesentis

732 3434 924 3489 diluvii
981 3439 1259 3507 procellis,
1310 3440 1453 3493 intra
1520 3455 1682 3493 unam
1737 3456 1922 3496 arcam
1979 3443 1998 3478 ί
2057 3442 2316 3498 Ecclesia:

732 3530 1054 3598 congregari
1111 3539 1367 3599 oporteat
1412 3530 1480 3584 ad
1538 3531 1756 3586 beatum
1807 3537 2024 3590 Petrum
2071 3537 2314 3589 omnium

734 3619 976 3673 ﬁdelium
1042 3624 1493 3691 gubernatorem.
1564 3621 1852 3677 Traditum
1925 3631 2008 3678 est
2076 3641 2314 3693 quonam

735 3709 903 3766 modo
952 3713 1128 3766 sancti
1189 3712 1380 3768 Patres
1401 3726 1448 3778 υ,
1507 3713 1694 3769 divino
1748 3714 1956 3784 Spiritu
1998 3716 2315 3784 illuminati,

736 3801 980 3856 omnium
1064 3801 1434 3859 Ecclesiarum
1527 3807 1823 3875 primatum
1907 3820 2316 3865 sacrosanctam

738 3893 1044 3948 Romanam
1081 3895 1381 3952 Ecclesiam
1433 3898 1685 3955 absolute
1731 3901 1983 3955 obtinere
2027 3902 2314 3970 iusserint.

735 3991 792 4038 et
821 3984 887 4038 ad
938 3985 1062 4053 ejus
1123 3989 1456 4042 sententiam
1507 3991 1754 4044 omnium
1808 3991 2078 4061 judicium
2124 3993 2317 4048 referri

738 4080 1202 4147 prazscripserint.
1237 4080 1300 4134 Et
1334 4083 1401 4136 ad
1451 4083 1744 4137 tollendam
1779 4085 1844 4138 de
1879 4084 2060 4140 medio
2090 4086 2317 4140 divisio-

737 4184 886 4234 nem,
945 4170 1011 4224 ad
1061 4172 1321 4226 unionem
1390 4173 1668 4238 Ecclesia,
1719 4175 1786 4230 ad
1870 4175 2314 4244 conjunctionem

740 4256 902 4311 divisi
945 4259 1194 4326 parietis,
1244 4269 1469 4329 propter
1521 4261 1612 4316 Dei
1660 4261 2037 4331 dilectionem,
2099 4274 2319 4334 propter

739 4347 939 4402 anima:
968 4351 1223 4413 salutem,
1257 4359 1310 4404 et
1347 4359 1568 4420 propter
1598 4353 1913 4406 lruitionem
1955 4354 2164 4423 gloriae,
2192 4369 2319 4424 qua:

741 4453 850 4490 non
887 4442 1198 4504 marcescit,
1251 4443 1539 4510 vigilanter
1593 4442 1836 4498 adverte.
1883 4444 2124 4497 Primum
2174 4444 2315 4513 apud

2419 3259 2610 3318 ϐωτὸς,
2637 3259 2716 3316 είς
2745 3257 2812 3325 ἢν
2841 3256 2936 3308 ἕνα
2954 3255 3190 3308 ἕκαστον
3214 3255 3326 3305 τῶν
3365 3253 3572 3305 πιστῶν
3605 3252 3685 3303 δεῖ
3737 3251 3848 3303 ἀπὸ
3901 3251 4001 3302 τοῦ

2417 3347 2801 3417 κατακλυσμοῦ
2839 3347 3080 3416 σωθῆναι
3108 3361 3122 3375 ⁶
3146 3345 3244 3398 καὶ
3281 3345 3417 3414 πρὸς
3442 3345 3539 3412 τὴν
3571 3344 3803 3412 ἐνότητα
3826 3341 4002 3409 αὐτῆς

2419 3442 2554 3492 πᾶσι
2579 3438 2803 3508 τρόποις
2834 3437 3104 3508 κοπιάσῃς
3137 3452 3153 3466 ο
3182 3436 3278 3488 καὶ
3307 3433 3719 3502 διαὶογισάτωή
3754 3433 3821 3501 σὴ
3862 3433 4001 3500 φρό-

2416 3548 2573 3600 νησις
2607 3531 2724 3592 πῶς
2758 3531 2791 3598 ἡ
2825 3527 3124 3596 Ἐκκλησία
3153 3525 3249 3579 τοῦ
3299 3525 3435 3577 Θεοῦ
3475 3523 3535 3576 οὐ
3566 3522 3792 3574 δύναται
3849 3536 3949 3572 συν
3977 3548 4001 3558 -

2421 3621 2668 3675 ίστασθαι
2706 3619 3012 3690 διῃρημένη
3043 3636 3058 3650 ο
3099 3620 3282 3671 πᾶσαν
3309 3614 3485 3686 ψυχὴν
3519 3614 3701 3678 ζῶσαν
3755 3613 3865 3666 ἀπὸ
3905 3614 4006 3681 τῆς

2416 3712 2718 3784 τρικυμίας
2741 3710 2834 3762 τοῦ
2870 3709 3138 3778 παρόντος
3180 3705 3572 3774 κατακλυσμοῦ
3626 3705 3836 3758 ἔσωθεν
3903 3705 4005 3772 τῆς

2423 3805 2550 3873 μιᾶς
2584 3801 2820 3855 κιϐωτοῦ
2849 3801 2895 3832 ⁸⁸
2927 3801 3024 3868 τῆς
3064 3799 3394 3867 Ἐκκλησίας
3413 3795 3494 3850 δεῖ
3521 3797 4003 3863 ωναθροισθῆναι·

2417 3896 2513 3948 ἐπὶ
2530 3893 2607 3964 τῷ
2637 3893 2892 3965 μακαρίῳ
2918 3893 2962 3924 ⁸⁸
2987 3892 3200 3962 Πέτρῳ,
3230 3891 3307 3960 τῷ
3326 3889 3632 3959 κυϐερνήτῃ
3649 3889 3871 3941 πάντων
3895 3889 4006 3941 τῶν

2419 3987 2652 4048 πιστῶν,
2687 3982 2996 4054 παρεδόθη·
3041 3983 3157 4044 πῶς
3210 3982 3258 4033 οί
3308 3981 3452 4047 ἆγιοι
3513 3980 3777 4047 Πατέρες,
3842 3978 3894 4029 οἱ
3927 3978 4006 4044 τῷ

2419 4080 2547 4150 θείῳ
2607 4077 2888 4146 Πνεύματι
2944 4075 3370 4142 πεφωτισμένοι.
3431 4072 3621 4124 πασῶν
3690 4071 3802 4122 τῶν
3873 4071 4002 4120 Ἐκ-

2418 4166 2658 4237 κλησιῶν
2698 4166 2768 4217 τά
2797 4164 3043 4232 πρωτεῖα
3066 4160 3257 4222 ἁπλῶς
3317 4157 3416 4228 τὴν
3477 4158 3629 4227 ίεράν
3681 4158 3779 4210 καὶ
3837 4158 4005 4224 ἁγίαν

2430 4259 2710 4328 Ῥωμαίαν
2754 4254 3082 4324 Ἐκκλησίαν
3158 4253 3304 4321 ἔχειν
3363 4249 3656 4303 ἐκέλευσαν
3706 4251 3806 4301 καὶ
3865 4251 4006 4319 πρδς

2416 4355 2517 4424 τὴν
2557 4351 2730 4418 αὐτῆς
2762 4348 2989 4418 γνώμην
3020 4345 3240 4398 πάντων
3265 4343 3364 4414 τὴν
3400 4343 3584 4412 κρίσιν
3611 4341 4005 4393 τετυπώκασιν

2420 4444 2713 4513 ἀναφέρειν
2745 4457 2759 4471 ’
2793 4441 2887 4493 καί⁵
2925 4438 3061 4508 πρὸς
3089 4438 3150 4488 τὸ
3205 4435 3412 4489 ἀνελεῖν
3471 4435 3569 4502 τὴν
3623 4433 3891 4502 διαίρεσιν
3941 4436 4005 4484 ἐκ

741 4514 998 4598 teipsum,
1034 4531 1234 4588 deinde
1282 4535 1334 4586 in
1395 4535 1540 4598 aliis,
1581 4547 1856 4604 quatenus
1911 4537 2094 4588 divina
2142 4537 2305 4603 gratia

2425 4536 2518 4589 τοῦ
2556 4535 2742 4605 μέσου,
2777 4533 2912 4603 πρὸς
2939 4530 3036 4598 τὴν
3057 4528 3284 4597 ἑνότητα
3309 4526 3406 4593 τῆς
3445 4523 3793 4594 Ἐκκλησίας,
3864 4524 4006 4592 πρὸς

742 4621 996 4689 largitur,
1023 4622 1089 4676 da
1123 4637 1347 4691 operam
1385 4633 1445 4676 ut
1473 4640 1605 4694 grex
1633 4641 1754 4679 cum
1789 4624 2031 4679 Ecclesia
2062 4626 2312 4679 uniatur:

741 4720 794 4763 et
827 4710 919 4780 qui
943 4713 1132 4780 seipsae
1155 4711 1469 4767 Dominicas
1499 4730 1635 4770 oves
1697 4716 2052 4778 conﬁtentur,
2085 4716 2149 4769 ad
2198 4731 2321 4786 gre-

740 4817 864 4870 gem
922 4803 1068 4858 beati
1115 4802 1264 4858 Petri
1308 4813 1682 4870 revertantur,
1737 4808 1829 4875 qui
1887 4807 2102 4860 Domini
2156 4807 2320 4876 jussu

743 4909 935 4948 corum
979 4910 1165 4948 curam
1221 4898 1484 4965 suscepit.
1537 4896 1648 4951 Nos
1689 4897 1908 4967 quidem
1951 4898 2004 4950 in
2047 4897 2152 4951 hoc
2208 4913 2316 4951 non

744 4987 1131 5055 temporariatn
1161 4988 1378 5042 laudem
1400 4998 1734 5057 spectamus,
1765 5005 1874 5043 non
1898 4999 2310 5056 praetereuntem

2415 4628 2515 4698 τὴν
2585 4623 2837 4688 σύζευξιν
2907 4621 3003 4673 τοῦ
3074 4617 3406 4689 διῃρημένου
3464 4616 3696 4684 τείχους,
3753 4615 3840 4666 διὰ
3906 4614 4006 4683 τὴν

2418 4717 2513 4769 τοῦ
2544 4714 2678 4767 Θεοῦ
2715 4713 2960 4780 ἀγάπην,
2984 4711 3072 4762 διά
3102 4708 3200 4777 τὴν
3223 4709 3322 4777 τῆς
3350 4709 3447 4775 σῆς
3471 4704 3648 4773 ψυχῆς
3704 4705 4004 4772 σωτηρίαν,

2420 4808 2515 4861 καὶ
2561 4807 2649 4860 διά
2698 4805 2797 4874 τὴν
2837 4801 3145 4856 ἀπόλαυσιν
3205 4801 3305 4867 τῆς
3394 4799 3717 4867 ἀμαράντου
3819 4797 4003 4864 δόξης,

2425 4900 2743 4971 ἐγρηγόρως
2796 4896 3068 4965 πρόσχες·
3119 4893 3215 4945 καὶ
3262 4891 3478 4961 πρῶτον
3541 4890 3698 4958 παρά
3767 4889 4002 4955 σεαυτῷ,

2424 4989 2721 5060 μετέπειτα
2768 4986 2825 5038 δὲ
2877 4985 2972 5038 ἐπί
3009 4985 3120 5046 τοῖς
3185 4980 3386 5047 ἄλλοις,
3460 4979 3594 5049 ὅσην
3664 4979 3712 5011 ⁸⁸
3775 4979 3810 5048 ἡ
3885 4978 4007 5031 θεία

2021 5153 2245 5208 νΑΒΙᾸΞ
2285 5151 2690 5208 LECTIONES.

820 5287 865 5318 "
886 5287 1093 5357 ἀπέστη

753 5357 993 5426 ἐπείγειν
1018 5358 1309 5426 εὐκαίρως.

754 5425 802 5460 ⁸¹
843 5425 1061 5498 μακρὰν
1101 5425 1356 5481 ἀπελθεῖν
1383 5427 1521 5481 όδόν.

1102 5305 1181 5341 σε.
1255 5289 1298 5320 ⁷⁷
1321 5286 1676 5354 ἐδεσμήσατε.
1721 5294 1724 5298 ’
1749 5287 1795 5318 ⁷⁸
1826 5287 1960 5356 πρὸς
1988 5286 2086 5352 τὴν
2113 5284 2339 5360 ένότητα
2368 5285 2465 5353 τῆς
2489 5283 2843 5360 ξΕκΑκλησίας.
2921 5283 3035 5360 "ﬁ;
3063 5297 3136 5360 πρ

1402 5350 1455 5388 δ”
1479 5350 1544 5425 τῇ
1570 5358 1755 5427 ἀγάπῃ
1791 5350 1903 5412 σου.
1980 5357 2024 5388 ³⁸
2044 5350 2435 5424 διαλογίσηταιζ
2488 5354 2652 5422 “cii:
2679 5350 2867 5420 τιμίας
2905 5350 3160 5402 κιϐωτοῦ.

2921 5281 2965 5312 το
3063 5279 3216 5347 πρὸς.
3279 5279 3325 5310 ⁸⁸
3347 5279 3542 5332 πείθει.
3620 5279 3663 5310 ⁸⁸
3700 5281 4004 5345 νουθεσίαν,

3241 5350 3288 5381 ⁸³
3313 5349 3428 5410 πῶς
3456 5349 3531 5417 τῷ
3566 5367 3699 5418 μακ.
3781 5351 3827 5381 ³⁶
3871 5353 4005 5403 ἴσον.

837 5568 861 5597 ι’
898 5557 1173 5635 liberorum
1208 5559 1276 5612 ad
1323 5560 1578 5612 unitatem
1620 5558 1896 5635 Ecclesia,
1946 5559 2405 5635 inventionemque.
2487 5569 2507 5596 ³
2553 5567 2660 5635 tum
2717 5555 3006 5635 apostolico
3069 5564 3322 5623 prmcepto
3392 5553 3628 5635 impulsi:
3669 5572 3771 5622 quo
3802 5558 4008 5635 iis,in

760 5629 1015 5682 doctrinm
1054 5630 1203 5681 verba
1236 5632 1554 5698 negligenter
1621 5641 1830 5687 curant.
1879 5631 2076 5681 instare
2105 5630 2366 5691 lim-tatur,
2411 5638 2458 5681 et
2517 5629 2927 5680 admonitionem
2979 5642 3164 5693 urgere
3217 5629 3530 5698 trutpeslit'e.
3598 5629 4007 5698 iitlernpntire:

764 5712 874 5751 tum
923 5699 1067 5750 illius
1116 5701 1365 5757 excuti-lo.
1483 5699 1501 5735 ί
1559 5699 1922 5753 venerabilem.

765 5772 998 5824 Omnium
1055 5770 1307 5837 ﬁdelium,
1352 5771 1552 5822 trndi:a
1604 5772 1670 5821 sit
1719 5785 1729 5796 ·

2027 5712 2050 5736 υ
2121 5701 2424 5766 congregari
2474 5707 2767 5770 oporteat:
2833 5713 2933 5765 quo
3003 5691 3155 5749 uiou'o
3224 5694 3373 5746 beato
3437 5691 3616 5758 Petro,
3663 5695 4009 5763 gubernatori

1794 5787 2015 5837 quonam
2046 5771 2196 5822 modo
2227 5771 2415 5823 sancti.
