4176 6446
679 433 778 497 931

1966 418 1998 478 ,ἶ
2011 417 2107 477 US
2142 410 2584 474 CANONICUM

3814 397 3921 462 932

678 542 846 614 papa?
888 537 1016 608 quid
1050 537 1226 604 ima-go
1267 534 1489 588 amissa:
1531 529 1851 584 drachma?
1886 525 1996 580 Nos
2050 526 2193 580 enim
2219 539 2249 578 e

2381 522 2557 577 ιᾶλλον
2579 520 2671 572 καὶ
2703 515 2958 587 φεύξεται
2986 512 3081 567 ἀπ’
3103 510 3298 574 αὐτῆς.
3341 509 3406 562 Τί
3424 508 3518 562 οὖν
3542 508 3680 579 πρὸς
3707 510 3857 578 ἡμᾶς
3887 512 3920 578 ἡ

679 637 930 688 sinu.tuo
960 627 1230 683 excidisse
1276 639 1562 694 negamus,
1591 629 1646 676 et
1709 623 1945 676 ﬁliorum
2001 618 2244 688 appella-

680 726 905 785 tionem,
935 727 1026 773 aut
1048 718 1378 788 pastoralem
1426 729 1614 769 curam
1669 729 1776 768 non
1833 711 2157 780 refugimus,
2187 718 2247 764 ut

679 819 786 870 tale
816 813 1126 869 convicium
1168 811 1327 865 nobis
1359 807 1738 877 exprobretur.
1792 804 1933 858 Tuto
1957 812 2140 859 autem
2182 817 2246 856 ac

680 909 932 970 lirmiter,
964 905 1057 962 Dei
1095 904 1268 974 gratia
1313 903 1569 956 stetimus
1600 911 1622 938 ε
1648 900 1701 952 in
1749 900 1890 952 beati
1923 897 2069 950 Petri
2116 911 2249 950 con-

681 1001 939 1054 fessione.
973 998 1038 1052 Et
1071 1010 1230 1066 quem
1273 995 1363 1048 ille
1389 992 1677 1047 confessus
1703 999 1809 1055 est,
1832 999 1887 1043 et
1913 987 2245 1058 praedicavit,

678 1092 1007 1145 conﬁtemur
1038 1098 1092 1141 et
1147 1085 1540 1155 praedicamus;
1584 1082 1720 1137 nihil
1771 1096 1836 1135 ex
1895 1079 2250 1150 synodalibus

680 1193 996 1237 sanctorum
1030 1178 1253 1232 Patrum
1313 1177 1550 1231 decretis
1587 1175 1933 1237 innovantes,
1968 1185 2064 1225 nec
2111 1169 2252 1238 adji-

681 1276 890 1327 cit‘llles
932 1270 1265 1340 evangelicis
1297 1279 1348 1322 et
1383 1267 1697 1335 apostolicis
1737 1264 1939 1326 verbis,
1973 1264 2036 1317 ad
2085 1276 2251 1316 unum

681 1367 892 1434 apicem
928 1346 1120 1431 usque,
1159 1362 1241 1414 vel
1284 1360 1393 1413 iota
1443 1373 1634 1411 unum.
1681 1356 1979 1410 Didicimus
2039 1356 2182 1408 enim
2222 1367 2252 1405 a

683 1458 924 1526 gentium
953 1469 1222 1525 praecone,
1253 1467 1419 1521 quam
1443 1453 1626 1521 gravis
1649 1450 1958 1518 impendeat
1983 1449 2046 1502 iis
2073 1461 2254 1515 pinna,

683 1549 776 1616 qui
811 1549 937 1600 talia
967 1546 1188 1598 audent.
1233 1543 1349 1597 Etsi
1420 1545 1565 1597 enim
1589 1558 1711 1611 ego,
1736 1540 1957 1610 (inquit)
1984 1541 2066 1593 vel
2096 1553 2259 1607 ange-

684 1641 769 1693 lus
800 1638 868 1692 de
897 1638 1037 1692 coelo
1087 1635 1497 1689 annuntiaverit
1539 1632 1693 1686 vobis
1749 1641 1946 1700 praeter
1996 1632 2069 1696 id,
2113 1629 2258 1699 quod

685 1730 1000 1798 accepistis,
1035 1729 1322 1781 anathema
1356 1736 1493 1779 esto.
1532 1723 1645 1777 lloc
1697 1731 2025 1785 metuentes,
2087 1720 2260 1773 viviﬁ-

685 1836 806 1873 cam
863 1829 916 1873 et
977 1819 1319 1871 incruentam
1362 1815 1597 1868 hostiam
1636 1812 1680 1875 ί,
1736 1823 1792 1866 ut
1847 1814 1938 1881 qui
1987 1813 2196 1879 accepit
2227 1823 2257 1862 a

687 1912 916 1966 Domino
946 1909 1104 1964 nobis
1140 1907 1385 1968 tradidit,
1417 1907 1499 1960 sic
1525 1905 1849 1960 exhibemus
1879 1913 1943 1956 ετ
1979 1902 2260 1956 Judaicain

688 2003 909 2072 quidem
972 2000 1362 2061 humilitatem,
1411 2007 1466 2051 et
1527 1997 1662 2066 legis
1704 1997 1952 2050 umbram
2003 2009 2263 2063 superas-

690 2094 989 2148 cendentes
1015 2093 1081 2158 h;
1115 2106 1238 2144 cum
1263 2089 1393 2143 Jesu
1418 2100 1623 2150 autem,
1660 2097 1713 2141 et
1737 2089 1856 2155 ejus
1902 2085 2184 2154 discipulis
2207 2085 2263 2138 in

691 2182 946 2239 sublimis
973 2180 1164 2250 gratiae
1195 2178 1455 2248 palatium
1490 2177 1922 2231 conscendentes
1948 2194 1960 2228 :
1989 2183 2042 2230 et
2070 2189 2263 2244 panem

691 2273 1068 2332 comedentes,
1101 2286 1210 2324 non
1247 2267 1579 2331 aﬂlictionis,
1609 2269 1692 2336 (ut
1718 2269 1802 2321 lex
1833 2266 1952 2334 ait),
1985 2266 2081 2320 sed
2129 2264 2265 2318 laeti-

695 2367 803 2430 tiae,
841 2373 897 2418 et
928 2378 1023 2417 cor
1051 2376 1239 2418 revera
1300 2361 1736 2416 conﬁrmantem.
1781 2356 1938 2422 Quod
1980 2357 2026 2411 si
2067 2365 2125 2409 ut
2173 2371 2269 2424 pa-

696 2467 878 2515 stores
919 2455 994 2509 illi
1032 2454 1396 2522 desipuimus,
1430 2451 1597 2522 (quod
1641 2451 1806 2513 absit,
1839 2465 1939 2503 nec
1971 2459 2180 2501 tantum
2214 2447 2268 2499 in

693 2562 797 2601 nos
830 2547 1009 2615 possit
1041 2545 1339 2613 malignus)
1372 2544 1438 2596 de
1468 2543 1671 2611 quibus
1695 2539 1962 2593 Jeremias
2005 2538 2270 2608 propheta

696 2638 1006 2691 lamentans
1040 2634 1153 2686 ait:
1194 2633 1518 2686 Sacerdotes
1568 2645 1677 2686 non
1710 2630 2005 2684 dixerunt:
2039 2628 2140 2682 Ubi
2187 2633 2274 2679 est

697 2723 1078 2781 Uominus?et
1108 2725 1200 2794 qui
1235 2723 1337 2794 legi
1367 2722 1744 2786 adhaerebant,
1771 2721 2122 2774 nesciverunt
2155 2732 2268 2770 me:

696 2826 752 2871 et
780 2825 1028 2885 pastores
1069 2815 1123 2868 in
1158 2830 1244 2868 me
1287 2814 1438 2883 impii
1492 2811 1739 2867 fuerunt.
1785 2809 1843 2864 Si
1878 2811 2016 2863 tales
2067 2808 2165 2861 tibi
2197 2808 2277 2860 vi-

697 2906 995 2968 debantur,
1037 2903 1384 2958 sanctissime
1415 2901 1596 2968 Pater,
1627 2914 1859 2971 quonam
1895 2905 2052 2968 pacto
2087 2909 2276 2966 posses

701 3012 804 3052 nos
833 2997 990 3052 aliter
1019 2995 1326 3058 nominare,
1355 3008 1518 3063 quam
1549 3008 1679 3047 oves
1701 3001 1970 3056 errantes,
2000 2999 2054 3044 et
2077 2987 2281 3042 drach-

699 3104 846 3143 niam
887 3088 1177 3158 perditam,
1210 3097 1264 3141 et
1289 3086 1588 3140 multorum
1645 3085 1854 3139 dierum
1911 3090 2185 3137 mortuum
2223 3083 2278 3136 in

2348 612 2630 684 παραϐολὴ
2687 610 2782 662 τοῦ
2843 605 3207 676 πλανηθέντος
3285 602 3579 672 προϐάτου,
3648 601 3922 667 ἀγιώτατε

2348 709 2542 772 πάπα;
2575 706 2641 757 Τί
2686 704 2744 756 δὲ
2795 703 2827 772 ἠ
2881 697 3045 753 εἰκὼν
3091 700 3188 766 τῆς
3234 693 3578 755 ἀπολωλυίας
3631 692 3883 760 δραχμῆς
3911 732 3924 754 ,

2357 800 2552 868 Ἡμεῖς
2571 797 2680 866 γὰρ
2708 794 2830 848 οὔτε
2861 790 3193 852 ἐκπεσόντας
3236 789 3464 850 ἑαυτοὺς
3517 784 3627 838 τῶν
3657 784 3768 836 σῶν
3803 782 3929 835 κόλ-

2349 909 2468 944 πων
2500 889 2704 959 φαμὲν,
2737 885 2862 939 οὔτε
2901 885 3000 955 τὴν
3055 883 3278 950 υίότητα
3327 880 3360 948 ἢ
3407 879 3508 948 τὴν
3563 873 3930 945 ποιμαντικὴν

2350 982 2757 1050 ἀποφεύγομεν,
2789 979 2876 1030 ἵνα
2897 978 2991 1030 καὶ
3021 974 3194 1036 οὕτως
3218 968 3610 1039 όνειδιζώμεθα
3633 984 3648 1000 ο
3685 967 3930 1033 ἑστήκα-

2355 1094 2455 1147 μεν
2489 1076 2566 1139 δὲ,
2600 1072 2735 1125 Θεοῦ
2765 1072 2970 1140 χάριτι,
3006 1068 3098 1121 ἐπὶ
3127 1067 3227 1135 τῆς
3254 1063 3347 1119 τοῦ
3401 1060 3677 1132 μακαρίου
3719 1059 3931 1126 Πέτρου

2352 1165 2645 1237 ὁμολογίας
2666 1165 2709 1194 ’³
2748 1159 3004 1229 ἀσφαλῶς
3026 1176 3080 1212 τε
3111 1159 3204 1212 καὶ
3252 1154 3517 1214 άκλινῶς’
3551 1153 3647 1205 καὶ
3693 1152 3755 1203 ὃν
3787 1149 3934 1202 ἐκεῖ-

2355 1277 2442 1323 νος
2471 1257 2790 1327 ὡμολόγησε
2815 1253 2912 1305 καὶ
2965 1250 3258 1318 ἐκήρυξεν,
3294 1243 3673 1316 ὁμολογοῦμέν
3727 1258 3789 1292 τε
3839 1242 3936 1292 καὶ

2357 1351 2706 1422 κηρύσσομεν
2739 1350 2754 1378 ί
2793 1344 2867 1414 μὴ
2917 1343 3254 1404 καινίζοντές
3330 1356 3382 1392 τι
3434 1338 3540 1391 τῶν
3589 1337 3701 1396 τοῖς
3757 1333 3940 1400 ἁγίοις

2357 1441 2603 1511 Πατράσι
2625 1435 2914 1496 συνοδικῶς
2941 1432 3299 1498 δεδογμένων,
3323 1430 3397 1498 μὴ
3420 1427 3806 1500 προστιθέντες
3827 1427 3941 1485 τοῖς

2360 1531 2739 1599 εύαγγελικοῖς
2767 1527 2861 1579 καὶ
2889 1523 3267 1583 άποστολικοῖς
3295 1519 3500 1586 λόγοις,
3540 1518 3669 1588 ἀχρι
3690 1516 3784 1568 καὶ
3810 1516 3941 1584 μιᾶς

2359 1622 2610 1690 κεραίας,
2639 1620 2672 1690 ἢ
2710 1618 2842 1670 ἰῶτα
2867 1615 3004 1676 ἑνός.
3038 1612 3348 1681 Ἐμάθομεν
3377 1608 3488 1676 γὰρ
3513 1602 3760 1659 οἷόνέστι
3791 1603 3942 1672 παρὰ

2360 1714 2438 1783 τῷ
2460 1714 2662 1782 κήρυκι
2697 1709 2808 1762 τῶν
2838 1707 3010 1759 ἐθνῶν
3047 1705 3183 1774 βαρὺ
3211 1704 3270 1755 τὸ
3321 1698 3731 1770 ὲπικρεμασθὲν
3763 1695 3943 1748 ἐπιτί-

2369 1823 2489 1874 μιον
2521 1805 2634 1865 τοῖς
2657 1802 2724 1855 τά
2764 1798 2990 1853 τοιαῦτα
3025 1796 3291 1865 τολμῶσι.
3322 1794 3443 1847 Κᾶν
3470 1792 3581 1862 γὰρ
3597 1790 3708 1856 ἐγὼ
3729 1786 3942 1858 (φησὶν)

2364 1899 2396 1968 ἢ
2429 1896 2660 1964 ἄγγελος
2717 1891 2776 1956 ὲξ
2810 1889 3043 1961 ούρανοῦ
3108 1885 3527 1954 εὐαγγελίζηται
3584 1883 3713 1950 ὑμῖν
3752 1877 3884 1948 παρ’
3917 1876 3947 1930 6

2365 1987 2726 2055 παρελάϐετε,
2763 1984 3012 2052 ἀνάθεμα
3057 1981 3218 2034 ἔστω.
3265 1976 3435 2031 Τοῦτο
3455 1973 3806 2043 φοϐούμενοι,
3850 1973 3950 2021 καὶ

2367 2079 2463 2149 τὴν
2496 2076 2758 2141 ζωοποιὸν
2785 2074 2880 2127 καὶ
2904 2072 3244 2140 ἀναίμακτον
3298 2066 3487 2121 θυσίαν
3523 2066 3596 2128 ὼς
3629 2063 3658 2114 6
3700 2061 3951 2130 παραλα-

2367 2170 2480 2223 ϐὼν
2502 2170 2610 2222 ἀπὸ
2639 2168 2732 2221 τού
2769 2165 2976 2237 Κυρίου
3008 2163 3327 2234 παρέδωκεν
3385 2161 3537 2229 ⁴ἡμῖν,
3587 2155 3761 2217 οὕτως
3823 2154 3952 2204 ἐπι-

2366 2263 2674 2332 τελοῦμεν·
2748 2261 2847 2329 τὴν
2913 2258 3011 2326 μὲν
3063 2253 3369 2324 Ἰουδαῖκὴν
3415 2251 3794 2317 ταπεινότητα,
3853 2246 3953 2298 καὶ

2367 2355 2468 2425 τὴν
2501 2353 2592 2408 τοῦ
2641 2353 2807 2422 νόμου
2867 2351 3025 2403 σκιάν
3067 2346 3614 2418 ύπεραναϐαίνοντες,
3656 2343 3735 2402 είς
3789 2340 3846 2391 δὲ
3894 2338 3956 2388 τὸ

2372 2444 2619 2514 ὑπερῴον
2641 2444 2740 2513 τῆς
2779 2440 2988 2510 ὑψηλῆς
3036 2440 3258 2508 χάριτος
3320 2435 3456 2505 μετά
3498 2431 3592 2485 τοῦ
3635 2428 3813 2499 Ἰησοῦ
3859 2427 3959 2480 καὶ

2371 2537 2480 2590 τῶν
2505 2535 2670 2589 αὑτοῦ
2692 2532 2949 2604 μαθητῶν
2976 2530 3360 2590 ἀναϐαίνοντες
3395 2543 3409 2558 ·
3429 2526 3527 2578 καὶ
3553 2525 3716 2593 ἄρτον
3744 2521 3959 2574 ἐσθίον-

2372 2646 2484 2693 τες,
2518 2628 2640 2696 ούχὶ
2675 2626 2768 2678 τὸν
2805 2627 2905 2694 τῆς
2959 2621 3277 2684 κακώσεως,
3327 2618 3403 2682 ὡς
3460 2619 3488 2670 6
3547 2616 3710 2684 νόμος
3763 2612 3958 2682 φησὶν,

2376 2720 2513 2774 ἀλλά
2546 2721 2637 2771 τὸν
2660 2719 2761 2786 τῆς
2797 2714 3158 2783 εὐφροσύνης,
3191 2712 3288 2765 καὶ
3344 2711 3514 2770 ὅντως
3540 2708 3768 2776 καρδίαν
3822 2721 3958 2771 στης

2381 2811 2619 2882 ρίζοντα.
2652 2809 2714 2862 El
2747 2809 2804 2860 δὲ
2839 2807 2982 2860 κατὰ
3011 2807 3137 2867 τοὺς
3173 2802 3439 2873 ποιμένας
3467 2800 3714 2860 ἐκείνους
3776 2799 3964 2864 ἠφρο-

2379 2900 2696 2971 νευσάμεθα
2738 2898 2786 2966 (6
2823 2899 2899 2968 μὴ
2949 2897 3180 2965 γένοιτο,
3214 2895 3348 2963 μηδὲ
3387 2896 3466 2954 εἰς
3528 2889 3780 2943 τοσοῦτον
3835 2887 3964 2939 καθ’

2377 2995 2536 3064 ἡμῶν
2566 2990 3084 3063 ίσχύσῃόπονηρὸς)
3117 2989 3246 3058 περὶ
3286 2979 3360 3039 ὧν
3396 2986 3425 3036 6
3459 2984 3748 3052 προφήτης
3793 2979 3965 3048 Ἱερε-

2385 3087 2511 3164 μίας
2535 3084 2747 3155 θρηνῶν
2786 3081 3001 3149 ἔλεγεν·
3045 3081 3108 3132 Oi.
3135 3080 3301 3148 ἱερεῖς
3326 3075 3424 3128 οὐκ
3473 3071 3642 3135 εἷπον,
3676 3070 3779 3122 ποῦ
3845 3069 3968 3120 ἔστι

700 3180 958 3250 sepulcro
982 3178 1298 3250 jacentem?
1358 3175 1560 3233 Verum
1609 3192 1678 3232 ne
1711 3191 1829 3231 eam
1858 3175 1925 3230 de
1961 3174 2122 3230 nobis
2167 3174 2277 3244 opi-

2383 3159 2592 3245 Κύριος
2623 3190 2638 3240 ;
2665 3172 2762 3225 xui.
2809 3172 2857 3223 οί
2888 3169 3238 3240 ἀντεχόμενοι
3265 3164 3360 3218 τοῦ
3420 3164 3609 3232 νόμου,
3675 3162 3775 3213 οὐκ
3827 3159 3968 3227 ἠπί-

701 3273 926 3326 nionem
958 3270 1265 3340 concipias.
1298 3267 1484 3338 Neque
1505 3268 1648 3323 enim
1676 3268 1822 3322 aliud
1875 3266 2131 3321 novimus
2156 3267 2279 3321 [un-

702 3362 1045 3426 damentum,
1079 3375 1245 3430 quam
1301 3361 1448 3431 quod
1483 3359 1860 3414 substructum
1903 3365 2007 3412 est.
2051 3355 2283 3411 Eadem-

703 3470 813 3526 que
856 3465 1068 3519 tecum,
1127 3454 1490 3526 praedicamus
1535 3461 1589 3506 et
1647 3451 1910 3506 docemus
1961 3465 2062 3520 ego
2136 3450 2285 3519 iique

705 3563 923 3610 omnes,
977 3547 1074 3614 qui
1131 3547 1197 3600 ad
1260 3561 1512 3616 magnam
1568 3545 2040 3614 apostolicamque
2099 3543 2283 3596 sedem

706 3637 1378 3707 Constantinopolitanam
1422 3638 1783 3708 pertinemus.
1861 3632 1927 3686 Et
1981 3649 2146 3699 unus,
2193 3633 2286 3701 qui

711 3732 766 3786 in
801 3733 1050 3801 utrisque
1089 3731 1351 3787 Ecclesiis
1372 3738 1652 3801 personat,
1682 3744 1866 3784 sermo
1926 3727 2086 3781 ﬁdei:
2115 3727 2288 3781 idem-

711 3840 818 3895 que
851 3823 1196 3880 sacriﬁcatur
1247 3837 1443 3892 agnus,
1498 3821 1588 3889 qui
1636 3820 1778 3873 tollit
1826 3826 2047 3887 peccata
2102 3815 2291 3870 mundi

713 3916 995 3980 Christus,
1052 3913 1196 3968 inter
1261 3912 1633 3967 occidentales
1681 3911 1984 3970 antistites,
2053 3909 2146 3977 qui
2191 3907 2294 3961 sub

717 4014 873 4059 tuum
924 4003 1232 4074 principale
1283 4003 1502 4057 culmen
1549 4011 1741 4071 agunt,
1798 4011 1852 4054 et
1899 4015 2020 4062 nos,
2075 3999 2170 4066 qui
2227 3998 2294 4050 ab

718 4096 935 4150 oriente
989 4095 1105 4150 sole
1157 4092 1382 4147 sublimi
1435 4103 1453 4132 ι
1504 4089 2117 4158 ConstantinOpolitana
2168 4087 2297 4141 sede

720 4185 1359 4252 sacerdotiiaccepimus
1390 4180 1782 4251 splendorem:
1826 4178 2080 4249 quamvis
2129 4191 2296 4246 parva

719 4277 972 4346 qumdam
999 4274 1326 4330 offendicula
1360 4273 1414 4326 in
1439 4272 1619 4326 medio
1643 4269 1929 4339 interjccta
1950 4283 2050 4322 nos
2082 4281 2301 4336 separa-

721 4370 858 4432 rint,
888 4377 941 4422 ct
963 4383 1028 4421 ex
1070 4383 1178 4421 uno
1207 4364 1512 4434 eodemque
1547 4363 1744 4433 spiritu
1773 4365 1972 4416 multos
2004 4360 2228 4414 fecerint
2251 4358 2265 4406 i
2285 4399 2298 4412 .

728 4459 858 4525 Quae
891 4459 1117 4513 omnino
1165 4458 1355 4511 tollere
1405 4455 1473 4508 de
1525 4455 1726 4519 medio,
1777 4460 1832 4507 et
1882 4453 2030 4506 velut
2074 4450 2298 4520 lapides,

2387 3267 2581 3320 σταντό
2605 3279 2703 3334 με’
2739 3263 2834 3315 καὶ
2882 3261 2932 3312 οἱ
2974 3260 3235 3328 ποιμένες
3289 3257 3519 3326 ἠσέϐουν
3581 3255 3660 3316 είς
3716 3253 3838 3323 έμέ.
3901 3252 3970 3304 Ei

2385 3357 2615 3412 τοιοῦτοί
2661 3373 2742 3408 σοι
2771 3351 2936 3424 ἦμεν,
2958 3351 3234 3420 ἀγιώτατε
3257 3350 3463 3418 Πάτερ,
3513 3347 3631 3409 πῶς
3675 3345 3741 3399 ἂν
3789 3344 3974 3406 ἄλλως

2388 3446 2535 3521 εἶχες
2567 3447 2856 3517 ὀνομάζειν
2888 3447 3039 3515 ἡμᾶς
3097 3442 3401 3514 ῆπρόϐατα
3443 3438 3804 3508 πλανηθέντα,
3874 3438 3976 3489 καὶ

2390 3539 2644 3612 δραχμὴν
2677 3537 3090 3606 ἀφανισθεῖσαν,
3127 3537 3224 3588 καὶ
3255 3533 3449 3602 νεκρὸν
3478 3534 3534 3583 ὲν
3581 3531 3742 3599 τάφῳ
3777 3529 3977 3597 κείμε-

2392 3649 2483 3684 νον
2523 3629 2864 3698 πολυήμερον
2898 3645 2913 3692 ;
2951 3626 3115 3679 ’Λλλά
3164 3623 3239 3694 μὴ
3265 3621 3438 3685 οὕτως
3469 3623 3580 3674 οἴου
3620 3621 3749 3688 περὶ
3787 3618 3974 3688 ἡμῶν.

2395 3725 2532 3779 Ούτε
2563 3727 2669 3795 γὰρ
2695 3721 2946 3791 θεμέλιον
2960 3719 3120 3773 ἄλλον
3148 3717 3373 3784 οἴδαμεν
3400 3714 3550 3783 παρά
3581 3715 3674 3765 τὸν
3694 3711 3977 3780 κείμενον,

2396 3818 2488 3870 καὶ
2521 3817 2586 3868 τὰ
2618 3813 2758 3867 αὑτά
2803 3829 2885 3864 σοι
2923 3807 3304 3879 πρεσϐεύομεν
3343 3804 3439 3855 καὶ
3476 3802 3801 3869 διδάσκομεν
3865 3800 3984 3864 ἐγώ

2397 3923 2456 3958 τε
2483 3904 2578 3956 καὶ
2601 3904 2802 3964 πάντες
2829 3901 2879 3952 oi
2914 3897 3009 3950 τοῦ
3052 3895 3294 3965 μεγάλου
3320 3895 3414 3946 καὶ
3444 3888 3810 3945 άποστολικοῦ
3875 3890 3982 3956 τῆς

2400 3991 3028 4050 Κωνσταντινουπόλεως
3059 3988 3250 4054 θρόνου
3281 4001 3294 4013 ³
3316 3985 3410 4037 καὶ
3439 3979 3522 4046 εἷς
3551 3985 3607 4034 ὲν
3634 3982 3982 4049 άμςοτέραις

2400 4088 2521 4147 ταῖς
2559 4082 2910 4152 Ἐκκλησίαις
2937 4077 3322 4146 ὀλαλούμενος
3346 4076 3504 4143 λόγος
3549 4073 3650 4141 τῆς
3691 4073 3934 4130 πίστεως
3970 4090 3984 4104 ·

2401 4177 2497 4230 καὶ
2533 4177 2562 4227 6
2590 4173 2752 4235 αὐτὸς
2785 4171 2955 4241 ἀμνὸς
2971 4169 3183 4232 θύεται,
3220 4169 3248 4219 6
3288 4165 3382 4218 τοῦ
3432 4167 3639 4234 κόσμου
3674 4165 3848 4232 αῐρων
3885 4165 3989 4233 τὴν

2402 4267 2695 4338 ἁμαρτίαν,
2730 4263 2985 4334 Χριστὸς,
3019 4261 3076 4314 εν
3127 4276 3187 4312 τε
3224 4262 3337 4320 τοῖς
3392 4258 3538 4310 κατά
3589 4257 3744 4308 δύσιν
3798 4256 3990 4324 ἀρχιε-

2409 4357 2580 4427 ρεῦσι,
2608 4358 2718 4417 τοῖς
2745 4354 2848 4406 ὑπὸ
2872 4354 2969 4422 τὴν
2998 4352 3095 4421 σὴν
3116 4347 3652 4416 τελοῦσικορυφαίαν
3682 4346 3988 4416 ἀκρότητα,

2410 4449 2504 4502 καὶ
2533 4450 2667 4517 ἡμῖν
2693 4448 2806 4508 τοῖς
2832 4443 2892 4508 ἐξ
2922 4445 3078 4513 ἡλίου
3123 4443 3439 4510 ἀνίσχοντος
3498 4438 3593 4490 τοῦ
3629 4436 3839 4506 ὑψηλοῦ
3889 4438 3992 4504 τῆς

724 4551 882 4620 juxta
915 4550 1298 4620 propheticum
1325 4561 1660 4610 sermonem,
1689 4561 1719 4600 e
1749 4547 1834 4599 via
1869 4544 2155 4615 projicere,
2179 4543 2273 4596 uni

2411 4511 3038 4598 Κωνσταντινουπόλεως
3080 4534 3271 4604 θρόνου
3299 4530 3610 4600 δεχομένοις
3643 4529 3742 4588 τὰς
3770 4526 3876 4594 τῆς
3917 4528 3994 4577 ἱε-

727 4652 1006 4712 tatemque
1031 4641 1403 4696 Ecclesiarum
1437 4637 1556 4692 sine
1577 4637 1906 4691 oﬁ‘endiculo
1942 4635 2298 4698 constituere,

733 4743 844 4788 tua:
879 4732 1190 4787 sanctitatis
1219 4731 1360 4784 erit:
1392 4745 1513 4798 qua:
1559 4728 1766 4782 Christi
1798 4726 2048 4796 exemplo
2097 4724 2242 4778 velut
2272 4740 2302 4778 e

732 4822 878 4875 caelo
926 4819 1298 4889 prospiciens,
1334 4815 1592 4872 distantia
1641 4817 1699 4870 in
1749 4831 1918 4868 unum
1969 4827 2305 4883 congregare

730 4913 847 4967 vult
875 4912 899 4950 ιι
923 4919 976 4966 et
1011 4917 1210 4980 potest.
1240 4907 1352 4964 Nos
1412 4908 1558 4961 enim
1591 4905 1787 4977 pauci1
1833 4921 2046 4969 sumus,
2069 4913 2121 4960 et
2141 4917 2307 4974 parvo

736 5003 887 5076 gregi
920 5016 1249 5073 pratsumus,
1270 5000 1601 5054 mediocrem
1631 4998 1874 5069 quidem,
1906 5007 1959 5052 et
2004 5005 2065 5051 ut
2094 5004 2304 5066 guttam

733 5094 953 5148 dicendi
1028 5091 1342 5146 facultatem
1431 5090 1737 5152 habentes,
1824 5089 2046 5144 virtutis
2124 5097 2306 5141 autem

733 5182 1103 5253 nequidquam
1169 5179 1518 5251 participes:
1573 5181 1736 5234 etiam
1802 5180 1848 5234 si
1891 5187 1982 5233 tua
2039 5180 2307 5234 sanctitas

733 5272 1045 5346 [contrarii]
1076 5271 1434 5343 persuasione
1473 5270 1723 5341 decepta,
1779 5269 2013 5324 maxima
2059 5269 2308 5340 quaedam

2414 4632 2660 4702 ρωσύνης
2691 4629 2865 4696 αὐγάς
2901 4643 2915 4657 ο
2950 4628 2998 4678 εἰ
3026 4625 3122 4679 καί
3144 4642 3267 4677 τινα
3323 4623 3532 4692 βραχέα
3581 4622 3995 4689 προσκόμματα

2409 4730 2489 4787 εἰς
2536 4725 2700 4794 μέσον
2734 4722 3150 4792 παραρριψέντα
3188 4718 3480 4785 διέστησαν
3514 4715 3683 4783 ἡμᾶς,
3724 4715 3819 4766 καὶ
3861 4712 3996 4764 πολ-

2410 4820 2536 4882 λοὺς
2571 4816 2926 4883 πεποιήκασι,
2959 4814 3085 4874 τοὺς
3113 4810 3232 4873 ένδς
3261 4810 3356 4863 καὶ
3377 4806 3472 4860 τοῦ
3504 4806 3672 4860 αὐτοῦ
3734 4807 3998 4874 Πνεύμα-

2412 4930 2525 4974 τος.
2562 4911 2630 4963 Ἀ
2663 4908 2881 4969 πάντως
2919 4905 3124 4969 ἐξελεῖν
3155 4904 3219 4956 ὲκ
3237 4902 3333 4955 τοῦ
3365 4901 3553 4971 μέσου,
3585 4901 3682 4952 καὶ⁸
3710 4898 3787 4960 ὠς
3809 4898 3999 4959 λίθους

2412 5001 2566 5062 τινὰς
2594 5000 2657 5050 ὲκ
2683 4997 2780 5066 τῆς
2805 4993 2924 5048 ὁδοῦ
2966 4990 3268 5062 διαρρῖψαι,
3320 4987 3465 5040 κατὰ
3516 4986 3606 5038 τὸν
3651 4982 4000 5052 προφητικὸν

2413 5091 2594 5158 λόγον,
2627 5088 2718 5140 καὶ
2759 5085 3113 5155 ἀπρόσκοπον
3170 5081 3269 5151 τὴν
3337 5079 3567 5148 ἑνότητα
3619 5075 3728 5128 τῶν
3763 5071 4002 5137 Ἐκκλη-

2424 5182 2554 5235 σιῶν
2584 5178 2951 5247 καταστῆσαι,
2988 5177 3090 5245 τῆς
3138 5172 3239 5241 σῆς
3286 5171 3440 5224 ἔσται
3493 5166 3830 5235 ἁγιωσύνης,
3901 5163 3999 5229 τῆς

2419 5270 2862 5344 χριστομιμήτως
2887 5265 2962 5329 ὡς
2982 5264 3043 5331 ἐξ
3066 5261 3295 5335 ούρανοῦ
3344 5255 3772 5327 διακυπτούσης.
3809 5252 3908 5307 καὶ
3935 5253 4003 5303 τὰ

2077 5427 2310 5483 VARIE
2351 5422 2766 5482 LECTIONES.

807 5599 854 5632 ⁹⁰
885 5599 1081 5669 πάτερ.

817 5748 842 5777 θ
891 5750 1114 5791 stamus.
1193 5734 1215 5775 ί
1258 5737 1603 5806 sacriﬁcium.
1719 5736 1744 5775 ε
1777 5738 1853 5789 sic
1873 5737 2172 5805 perﬁcimus
2210 5751 2227 5789 :

752 5808 761 5817 _
817 5748 842 5777 θ
891 5750 1114 5817 stamus.
1143 5734 1215 5817 ’ί
1258 5737 1630 5817 ςᾳετίρείμηι..
1719 5736 1744 5775 ε
1777 5738 1853 5816 sic
1873 5737 2172 5817 perﬁcimus
2210 5751 2227 5789 :
2303 5736 2331 5775 ιλ
2365 5732 2792 5817 transcendent“
2826 5746 2844 5784 :

745 5808 762 5861 ἑ
804 5820 852 5862 et
886 5809 1077 5864 multo;
1100 5806 1384 5877 effecerint,
1413 5809 1504 5878 qui
1539 5807 1696 5862 unius
1720 5817 1768 5862 et
1790 5807 2019 5875 ejusdem
2044 5809 2264 5875 spiritus
2291 5823 2496 5860 sumus.

1169 5596 1340 5662 "ﬁni
1368 5597 1435 5666 τῇ
1468 5594 1562 5649 τοῦ
1600 5596 1876 5668 μακαρίου
1923 5596 2133 5668 Πέτρου
2159 5595 2440 5666 ὁμολογίᾳ.

2929 5732 2943 5771 i
2977 5730 3067 5799 qui
3111 5727 3178 5782 ad
3206 5726 3371 5781 solem
3404 5726 3655 5799 orientem
3683 5739 3715 5776 a
3763 5719 4005 5799 εκξίὶσηδ.

2582 5806 2606 5844 ι
2632 5805 2894 5871 dirempta
2929 5793 3102 5855 demto
3137 5800 3385 5868 capulare
3423 5798 3551 5852 vult.
3639 5793 3654 5834 ι
3690 5793 3864 5858 parvi.
