4176 6446
765 385 876 448 935

2090 385 2125 445 J
2135 385 2228 445 US
2268 385 2409 448 CAN
2422 386 2723 450 ONICUM
3947 397 4037 460 936

767 498 1078 554 diiierentia
1129 497 1279 552 nulla
1330 496 1435 550 erit
1487 505 1809 566 agnatorum
1869 503 1923 551 et
1969 505 2352 566 cognatorum,

2459 499 2554 552 καὶ
2587 499 2822 569 διαφορά
2851 517 2934 562 τις
2965 499 3064 552 ούκ
3097 498 3253 551 ἔσται
3299 498 3548 566 ἀγνάτων
3600 499 3694 554 καὶ
3764 507 4036 570 acervatos

764 590 857 658 qui
914 587 1166 643 videlicet
1196 603 1289 657 per
1337 603 1519 641 mares
1583 597 1676 641 aut
1723 588 1952 644 feminas
1995 588 2356 654 descendunt,

765 681 1006 746 septimo
1051 679 1330 735 affinitatis
1381 681 1553 749 gradu
1601 680 1950 736 intermedio.
1988 679 2137 736 Talis
2192 682 2360 751 igitur

764 782 1082 827 contractus
1150 771 1265 837 ﬁet,
1319 787 1431 831 nec
1492 772 1836 841 prohibetur,
1901 772 1971 827 iis
2025 773 2356 839 rationibus,

764 878 902 932 quas
952 864 1168 933 legibus
1199 873 1252 918 et
1283 864 1587 918 canonibus
1639 864 1814 918 innixi
1861 864 2124 921 diximus.
2173 865 2358 921 Mense

767 957 1101 1028 Septembri,
1160 958 1402 1014 indictus
1464 956 1703 1013 Basilius
1739 959 1963 1014 humilis
1982 970 2031 1027 ι,
2063 958 2355 1017 Thessalo-

765 1067 922 1106 lthiB.

867 1177 1150 1241 ΝῙΕΕΤΛΕ
1201 1183 1774 1241 METROPOLITANI
1823 1184 2246 1251 HERACLEE,

987 1296 1268 1366 Responsa
1290 1298 1359 1350 ad
1391 1284 1796 1351 Constantinum
1825 1297 2141 1362 episcopum.

847 1410 1226 1482 Interrogatio.
1286 1413 1369 1464 An
1443 1411 1537 1480 qui
1615 1412 1682 1463 ad
1755 1410 2027 1463 secundas
2099 1408 2355 1463 convolat

765 1505 1008 1573 nuptias,
1044 1505 1296 1574 accipere
1343 1504 1522 1573 possit
1559 1502 1761 1573 bigami
1793 1501 2167 1572 precationem
2203 1517 2234 1556 a
2268 1517 2354 1556 re-

764 1597 946 1666 gionis
973 1596 1242 1650 antistite.

837 1698 1145 1768 Responsio.
1211 1697 1416 1752 Exacta
1471 1695 1694 1766 quidem
1753 1696 2046 1767 disciplina
2100 1697 2350 1766 bigamos

769 1803 1038 1843 coronare
1071 1805 1180 1842 non
1213 1790 1364 1842 novit
1403 1807 1417 1842 :
1468 1804 1679 1860 magna;
1713 1797 1893 1844 autem
1926 1787 2182 1843 Ecclesiae
2215 1804 2351 1842 con-

762 1883 998 1937 suetudo
1021 1882 1136 1935 haec
1164 1896 1274 1935 non
1307 1881 1585 1944 observat,
1611 1881 1703 1935 sed
1736 1881 1970 1950 bigamis
1989 1882 2152 1934 etiam
2187 1894 2352 1949 spon-

766 1976 977 2029 salitias
1010 1990 1249 2029 coronas
1304 1974 1582 2042 imponit:
1623 1989 1722 2027 nec
1772 1975 1917 2026 ullus
1965 1988 2206 2041 unquam
2258 1988 2353 2043 per

765 2083 886 2123 eam
938 2082 1160 2121 causam
1219 2067 1504 2118 incusatus
1575 2071 1681 2117 est.
1736 2063 1968 2132 Ideoque
2021 2064 2350 2117 calumniam

765 2178 872 2215 non
931 2159 1253 2214 formidabit
1294 2160 1609 2228 quisquam,
1683 2158 1729 2212 si
1788 2159 1922 2214 tales
1979 2161 2351 2213 coronaverit.

764 2251 880 2306 Nisi
918 2253 1063 2320 quod
1115 2265 1322 2304 annum
1367 2265 1534 2302 unum
1583 2257 1675 2302 aut
1710 2250 1942 2302 alterum
1979 2263 2008 2301 a
2066 2265 2352 2304 sacrorum

765 2343 1157 2411 mysteriorum
1202 2338 1594 2394 communione
1655 2340 1830 2394 arceri
1882 2340 2116 2394 debeant
2168 2357 2182 2392 :
2251 2357 2354 2395 nec

761 2447 912 2494 eum,
968 2432 1062 2500 qui
1116 2433 1484 2500 precationem
1549 2432 1821 2500 concepit,
1881 2429 2045 2483 simul
2099 2445 2223 2483 cum
2285 2430 2353 2485 iis

764 2524 947 2578 cibum
982 2539 1200 2579 sumere
1230 2535 1478 2594 oporteat
1507 2525 1556 2578 ί.

835 2613 1100 2684 Interrog.
1154 2615 1239 2669 An
1299 2615 1536 2684 puellam
1578 2621 1829 2684 Oporteat
1879 2613 2128 2682 accipere
2185 2614 2352 2668 alium

764 2704 967 2770 virum,
1009 2719 1134 2758 cum
1178 2705 1262 2758 vir
1314 2705 1438 2774 ejus
1487 2713 1572 2758 est
1607 2707 1663 2758 in
1708 2710 2025 2758 extraneam
2074 2703 2352 2772 regionem

765 2794 1068 2862 profectus,
1101 2795 1283 2865 ibique
1316 2796 1681 2850 concubinam
1729 2801 1945 2859 nactus,
2006 2801 2060 2847 et
2105 2792 2222 2863 ipsa
2255 2793 2357 2847 viri

762 2886 1001 2939 reditum
1029 2888 1204 2942 tribus
1234 2888 1394 2942 annis
1425 2887 1784 2956 exspectavit.

836 2976 993 3046 Resp.
1027 2977 1131 3032 Hic
1186 2980 1402 3048 quidem
1443 2995 1472 3034 a
1501 2980 1805 3034 concubina
1849 2978 2109 3044 discedet,
2164 2995 2265 3036 nec
2289 2980 2357 3036 ab

766 3086 937 3125 uxore
969 3071 1314 3140 separabitur
1349 3091 1362 3126 :
1401 3070 1496 3126 sed
1545 3087 1649 3126 nec
1690 3071 1808 3141 ipsa
1837 3071 1906 3124 ad
1957 3072 2094 3127 alias
2127 3071 2357 3127 festina~

765 3161 846 3256 bit
878 3164 1116 3232 nuptias.
1144 3162 1341 3218 Libera
1364 3166 1511 3218 enim
1559 3174 1664 3229 est,
1701 3172 1763 3218 ut
1819 3165 2000 3235 inquit
2029 3163 2351 3236 Apostolus,
2380 3194 2426 3256 ο

764 3253 887 3308 viro
925 3262 1163 3320 mortuo,
1203 3270 1310 3309 non
1341 3262 1524 3310 autem
1559 3268 1625 3310 eo
1651 3256 1884 3310 vivente.

841 3435 1107 3507 Interrog.
1196 3434 1384 3490 Puella
1439 3435 1689 3506 quadam
1761 3435 1940 3489 virum
2007 3435 2237 3505 accepit,
2299 3447 2354 3493 et

768 3530 1175 3599 sponsaliorum
1229 3527 1373 3584 facta
1429 3536 1513 3583 est
1571 3529 1814 3598 precatio
1864 3537 1920 3583 et
1991 3528 2348 3584 benedictio:

767 3637 894 3675 cum
926 3622 1167 3676 carnalis
1189 3637 1297 3676 non
1329 3619 1717 3676 intervenisset
1749 3619 1964 3688 copula,
1995 3620 2079 3673 vir
2111 3621 2167 3674 in
2197 3636 2354 3676 suam

769 3728 988 3767 socrum
1045 3714 1331 3783 prolapsus
1376 3719 1493 3778 est,
1553 3712 1946 3784 gravidamque
2000 3713 2152 3767 fecit.
2203 3712 2346 3780 Quid

769 3803 1079 3859 faciendum
1108 3812 1194 3860 est
1222 3805 1245 3857 ?

839 3896 998 3966 Resp.
1055 3895 1132 3949 De
1200 3896 1301 3949 hac
1359 3895 1541 3966 specie
1591 3901 1646 3950 et
1707 3893 1864 3964 prius
1920 3894 2351 3963 respondimus:

767 4004 913 4041 nunc
946 3996 1126 4041 autem
1160 3987 1306 4055 quod
1342 3986 1604 4055 suppetit,
1659 3984 2115 4054 respondebimus
2147 4001 2161 4036 :
2189 3985 2353 4039 licere

767 4080 887 4132 viro
915 4092 1071 4133 suam
1109 4092 1338 4132 uxorem
1372 4077 1576 4130 habere
1608 4092 1622 4129 :
1653 4075 1749 4130 sed
1783 4075 2030 4145 procula
2071 4089 2232 4130 socru
2271 4090 2355 4129 re-

771 4171 1103 4225 movendum
1134 4185 1280 4235 esse,
1316 4170 1387 4223 ob
1422 4169 1620 4222 malam
1653 4168 2130 4232 consuetudinem,
2157 4183 2225 4222 ne
2240 4183 2354 4222 am-

769 4264 916 4333 plius
948 4262 1018 4318 ab
1048 4276 1112 4316 ea
1140 4263 1471 4332 pelliciatur.

841 4461 1110 4532 Interrog.
1151 4459 1210 4515 Si
1247 4476 1355 4531 qua
1382 4459 1581 4514 mulier
1616 4469 1774 4530 partu
1832 4457 2003 4522 edito,
2045 4459 2352 4513 calumnie-

2461 593 2570 644 τῶν
2593 593 2650 658 ἐξ
2671 592 3062 664 άῤῥενογονίας
3087 591 3287 662 δηλαδὴ
3317 593 3411 645 καὶ
3441 592 3787 662 θηλυγονίας,
3817 596 4034 665 ἑϐδόμου

2461 685 2520 749 ἐξ
2585 686 2903 756 ἀγχιστείας
2967 685 3400 754 μεσολαϐοὗντος
3450 686 3684 756 βαθμοῦ.
3763 689 4033 741 Ἐντεῦθεν

2493 776 2518 794 τ
3054 779 3079 788 -
3697 779 3708 794 .
3815 780 3828 796 .
3951 781 3963 793 .

2459 793 2558 829 oov
2591 777 2816 847 γένηται
2843 779 2902 830 τὸ
2934 795 3177 830 τοιουτον
3210 778 3589 849 συνάλλαγμα,
3623 795 3719 831 και
3774 798 3837 832 ου
3870 798 4034 833 κωλυ-

2462 867 2688 938 θήσεται
2725 869 2849 922 καθ’
2883 869 2976 932 οὓς
3014 870 3224 938 ἔφαμεν
3249 872 3508 941 τρόπους,
3537 869 3723 938 νόμοις
3756 871 3852 924 καὶ
3882 874 4034 924 κανό-

2460 977 2544 1012 σιν
2563 963 2660 1013 ὲπε
2670 961 2985 1030 ρειδόμενοι.
3008 964 3157 1033 Μηνὶ
3173 964 3554 1034 Σεπτεμϐρίῳ,
3581 967 3959 1036 ὲπινεμήσεως
3975 963 4034 1030 θ’,

2459 1048 2738 1114 Βασίλειος
2757 1056 2786 1106 ὁ
2815 1055 3074 1118 ταπεινὸς
3103 1054 3529 1124 Θεσσαλονίκης.

2598 1193 2872 1246 ΝΙΚΗΤΑ
2907 1195 3458 1248 ΜΗΤΡΟΠΟΑΙΤΟΥ
3487 1197 3905 1250 ΗΡΑΚΛΕΙΑΣ.

2499 1308 2869 1376 Ἇποκρίσεις
2927 1311 3080 1378 πρὸς
3119 1312 3586 1366 Κωνσταντῖνον
3639 1312 4004 1366 ἐπίσκοπον.

2531 1418 2876 1488 Ἐρώτησις.
2912 1422 3053 1485 Τοὺς
3081 1423 3161 1485 εἰς
3190 1423 3444 1493 δεύτερον
3496 1423 3834 1478 πνοικέσιον
3888 1427 4042 1495 ἐρχο-

2459 1500 2655 1580 μένους
2691 1513 2738 1564 εί
2768 1512 2849 1565 δεῖ
2873 1511 3058 1566 λαϐεῖν
3088 1514 3187 1586 τὴν
3211 1513 3306 1568 τού
3328 1514 3562 1585 διγάμου
3583 1516 3750 1586 εὐχὴν
3776 1519 3929 1588 παρὰ
3949 1516 4038 1570 τοῦ

2455 1603 2596 1654 κατὰ
2623 1603 2808 1672 χώραν
2838 1606 3160 1677 ἀρχιερέως.

2527 1689 2887 1758 Ἀπόκρισις.
2932 1693 2994 1746 Ἦ
3027 1695 3126 1763 μὲν
3159 1695 3416 1766 ἀκρίϐεια
3459 1698 3586 1760 τοὺς
3637 1698 3909 1770 διγάμους
3948 1700 4042 1752 οὐκ

2455 1775 2562 1834 οἶδε
2587 1783 2908 1850 στεφανοῦν,
2934 1787 2968 1855 ἡ
2992 1785 3048 1837 δὲ
3068 1787 3125 1838 ἐν
3140 1789 3444 1858 τῇ”μεγάλῃ
3461 1789 3759 1860 Ἐκκλησία
3786 1792 4041 1860 συνήθεια

2457 1872 2524 1925 τὰ
2553 1873 2780 1927 τοιαῦτα
2807 1875 2868 1926 ού
2916 1880 3317 1948 παρατηρεῖται
3345 1893 3360 1907 ·
3380 1879 3516 1931 ἀλλὰ
3538 1881 3632 1932 καὶ
3655 1884 3766 1943 τοῖς
3791 1873 4042 1949 διγάμοις

2455 1965 2579 2027 τοὺς
2608 1967 2914 2034 νυμφικοὺς
2947 1969 3246 2035 στεφάνους
3275 1970 3553 2039 ἐπιτίθησι
3573 1988 3587 2001 ·
3615 1973 3708 2024 καὶ
3743 1973 3925 2034 οὐδεὶς
3951 1976 4039 2026 οὔ·

2454 2056 2644 2108 δὲποτε
2674 2057 2760 2111 διὰ
2791 2058 2948 2111 τοῦτο
2968 2061 3253 2132 ἐνεκλήθη.
3287 2061 3451 2115 Ὥστε
3500 2063 3624 2116 ούδέ
3658 2082 3740 2126 τις
3800 2065 4044 2134 φοϐηθή-

2458 2169 2612 2206 σεται
2689 2154 2751 2205 τὸ
2813 2155 3113 2225 ἐπίκλημα,
3162 2158 3290 2219 τοὺς
3335 2160 3612 2222 τοιούτους
3665 2163 4040 2227 στεφανώσας.

2457 2243 2604 2313 Πλὴν
2634 2244 2945 2314 ὀφείλουσιν
2973 2246 3070 2298 ἕνα
3098 2248 3131 2317 ἢ
3159 2248 3251 2300 καὶ
3288 2246 3540 2318 δεύτερον
3568 2251 3817 2304 ἐνιαυτὸν
3875 2252 4046 2302 κωλυ-

2457 2334 2621 2403 θῆναι
2645 2337 2743 2403 τῆς
2767 2337 2877 2389 τῶν
2898 2337 3072 2404 ἁγίων
3123 2338 3443 2406 μυστηρίων
3497 2339 3854 2410 μεταλήψεως
3884 2358 3898 2370 ·
3951 2340 4044 2392 καὶ

2456 2427 2576 2480 οὐδὲ
2592 2427 2684 2480 τὸν
2709 2429 3135 2499 ίερολογήσαντα
3159 2431 3266 2501 χρὴ
3294 2429 3711 2502 συνεστιαθῆναι
3735 2433 3974 2495 τούτοις.

2542 2609 2660 2676 Ἔρ.
2698 2609 2761 2662 Εί
2787 2608 2869 2661 δεῖ
2896 2609 3067 2680 κόρην
3122 2609 3308 2663 λαϐεῖν
3333 2610 3521 2680 ἕτερον
3584 2610 3777 2681 ἄνδρα,
3823 2610 3923 2664 τοῦ
3956 2612 4047 2664 άν-

2456 2699 2581 2770 δρὸς
2601 2700 2773 2770 αὐτῆς
2801 2702 3119 2770 ἀπάραντος
3143 2704 3221 2764 είς
3247 2702 3556 2772 ἀλλοδαπὴν
3583 2701 3789 2772 χώραν,
3818 2706 4045 2755 κάκεῖσε

2459 2792 2746 2863 παλλακὴν
2791 2794 3163 2863 κτησαμένου,
3197 2796 3292 2847 καὶ
3331 2794 3502 2864 αὐτῆς
3550 2797 4047 2866 πρυσκαρτερησά-

2459 2901 2559 2955 σης
2597 2885 2696 2955 τὴν
2719 2887 2812 2938 τοῦ
2843 2887 3034 2956 ἀνδρὸς
3059 2887 3241 2956 ἄφιξιν
3278 2887 3503 2957 χρόνους
3533 2891 3705 2954 τρεῖς.

2531 2977 2662 3031 Ἀπ.
2711 2977 2770 3030 Ὀ
2793 2978 3036 3039 τοιοῦτος
3059 2979 3157 3048 τῆς
3187 2979 3287 3048 μὲν
3322 2978 3608 3048 παλλακῆς
3650 2980 4045 3049 ἀποστήσεται,

2458 3070 2556 3140 τῆς
2577 3070 2636 3122 δὲ
2661 3071 2918 3138 γυναικὸς
2946 3072 3007 3123 οὐ
3069 3070 3496 3140 χωρισθήσεται.
3543 3071 3705 3124 Ἀλλά
3749 3073 3845 3123 καὶ
3906 3072 4047 3126 αὖτίς

2460 3163 2597 3233 πρὸς
2618 3162 2805 3232 ἕτερον
2846 3161 3023 3233 γάμον
3048 3163 3149 3215 οὐκ
3211 3164 3524 3216 άπονεύσει.
3591 3163 3882 3233 Ἐλευθέρα
3939 3165 4047 3233 γάρ

2455 3256 2602 3308 ἐστιν
2625 3255 2716 3323 (ὣς
2743 3272 2908 3324 φησιν
2924 3256 2952 3306 ὀ
2970 3255 3317 3327 Ἀπόστολος)
3338 3255 3700 3316 ἀποθανόντος
3711 3255 3804 3307 τοῦ
3826 3256 4047 3326 ἀνδρς,

2454 3347 2656 3411 ζῶντος
2678 3346 2756 3412 δὲ,
2788 3348 2890 3399 οὐκ
2921 3346 3022 3400 ἔτι.

2540 3440 2659 3507 Ἐρ.
2697 3439 2847 3510 Κόρη
2871 3455 2954 3501 τις
2979 3438 3273 3511 ἀνελάϐετο
3304 3439 3494 3508 ἄνδρα,
3524 3438 3618 3491 καὶ
3649 3438 3878 3506 γέγονεν
3913 3441 4048 3510 εὐχὴ

2458 3533 2753 3602 μνηστείας
2793 3534 2886 3585 καὶ
2914 3531 3210 3603 ίερολογία,
3240 3533 3370 3586 ἄνευ
3403 3531 3504 3601 τῆς
3553 3533 3877 3600 συναφείας.
3938 3519 4048 3586 Εἶθ’

2452 3628 2595 3680 οὕτω
2656 3627 2981 3697 περιέπεσεν
3026 3628 3054 3678 ὁ
3096 3626 3236 3697 ἀνὴρ
3289 3628 3369 3688 είς
3398 3625 3497 3696 τὴν
3527 3623 3694 3678 αὑτοῦ
3742 3625 4045 3697 πενθερὰν,

2454 3722 2548 3772 καὶ
2586 3721 2964 3791 ὲνεγάστρωσε
2994 3722 3222 3790 ταύτην.
3245 3719 3312 3772 Τί
3341 3718 3423 3771 δεῖ
3453 3721 3666 3781 ποιεῖνς

2538 3900 2667 3953 Ἀπ.
2705 3898 2842 3968 Περὶ
2887 3897 3090 3968 ταύτης
3119 3896 3221 3968 τῆς
3257 3895 3570 3958 ὑποθέσεως
3625 3896 3724 3949 καὶ
3779 3898 4052 3968 πρότερον

2454 3990 2836 4060 άπεκρίθημεν
2870 4030 2885 4053 ,
2944 3991 3040 4043 καὶ
3081 3989 3177 4042 νῦν
3224 3989 3284 4041 δὲ
3342 3989 3404 4040 τὸ
3455 3989 3868 4058 παριστάμενον
3919 3993 4052 4057 ἡμῖν

2456 4080 2900 4151 ἀποκρινυύμεθα
2930 4096 2943 4110 °
2977 4082 3059 4132 ὅτι
3103 4079 3133 4132 6
3159 4079 3299 4150 ἀνὴρ
3332 4079 3431 4149 τὴν
3460 4079 3656 4130 ἑαυτοῦ
3689 4081 3787 4147 μὲν
3813 4084 4052 4145 γυναῖκα

2457 4173 2599 4244 ἔχειν
2635 4173 3145 4244 συγχωρηθήσεται,
3176 4172 3275 4241 τῆς
3302 4172 3358 4224 δὲ
3389 4170 3660 4239 πενθερᾶς
3723 4174 4059 4240 μακρυνθή-

2459 4284 2631 4331 σεται,
2654 4266 2742 4318 διὰ
2768 4264 2863 4334 τὴν
2899 4263 3110 4333 φαύλην
3144 4262 3436 4331 συνήθειαν
3465 4278 3479 4291 ο
3515 4262 3599 4314 ῐνα
3635 4261 3712 4331 μὴ
3766 4263 3876 4314 {me
3916 4265 4054 4315 ταί-

2455 4377 2553 4430 της
2575 4359 2670 4414 καὶ
2701 4358 2781 4410 ἔτι
2809 4359 3053 4427 ἕλκηται.

2541 4452 2653 4518 ‘Ep.
2716 4449 2844 4502 Ἐάν
2865 4466 2948 4510 τις
2995 4448 3133 4518 γυνὴ
3171 4445 3408 4500 τεκοῦσα
3479 4446 3728 4510 παιδίον,
3781 4446 4052 4514 διαϐάλλῃ

771 4566 862 4612 tur
899 4556 1266 4618 sacerdotem,
1337 4552 1495 4622 quasi
1528 4567 1595 4607 ex
1647 4566 1713 4605 eo
1746 4551 2040 4621 pepererit,
2109 4551 2238 4620 quid
2273 4551 2355 4604 ta-

2465 4543 2641 4613 ίερέα,
2677 4541 2752 4603 ὡς
2785 4541 2842 4606 ἐξ
2883 4541 3049 4593 αὐτοῦ
3089 4541 3325 4593 τεκοῦσα
3347 4539 3525 4604 τοῦτο,
3550 4541 3603 4593 τί
3643 4541 3725 4591 δεῖ
3764 4542 4048 4606 γενέσθαι,

769 4647 1023 4702 ciendum
1052 4647 1099 4701 si
1126 4645 1510 4716 probationum
1544 4644 1612 4696 sit
1634 4641 1862 4711 inopia?
1887 4656 1954 4694 an
1972 4641 2357 4711 jusjurandum

775 4737 1054 4809 praestabit
1091 4736 1310 4795 mulier.
1378 4742 1441 4787 ut
1503 4733 1763 4786 sacerdos
1811 4729 2114 4800 periculum
2158 4730 2359 4799 gradus

772 4826 966 4878 subeat
995 4826 1018 4876 ?

841 4918 998 4987 Resp.
1022 4917 1263 4970 Crimina
1291 4930 1399 4968 non
1430 4928 1525 4982 per
1555 4911 1890 4966 calumniam
1923 4920 1949 4948 ιι
1980 4919 2072 4964 aut
2104 4925 2362 4966 exsecra-

771 5010 974 5062 tionem
1007 5007 1315 5068 diluuntur,
1347 5005 1442 5059 sed
1493 5003 1787 5071 inculpata
1814 5002 1940 5054 vita:
1973 5001 2191 5055 testium
2225 5016 2355 5056 voce

765 5097 1129 5167 jurejurando
1203 5095 1527 5149 conﬁrmata
1583 5093 2034 5146 demonstrantur
2070 5099 2119 5144 ν.
2184 5091 2356 5145 Mere-

772 5191 895 5243 trici
937 5198 1117 5242 autem
1168 5190 1314 5240 nulla
1347 5187 1485 5240 ﬁdes
1523 5185 1773 5239 habenda
1823 5202 1836 5237 :
1874 5183 1968 5237 sed
2016 5183 2359 5253 relinquatur

771 5287 1032 5342 sacerdos
1069 5285 1280 5356 judicio
1323 5283 1439 5350 Dei,
1474 5281 1569 5351 qui
1616 5271 1799 5337 statim
1848 5279 2112 5334 ultionem
2159 5290 2243 5335 est
2272 5279 2356 5333 fa-

772 5390 986 5435 ςιυτιις.

843 5472 1108 5543 lnterrog.
1164 5470 1341 5526 Vidua
1395 5467 1670 5540 quaedam,
1740 5478 2053 5537 germanam
2121 5463 2351 5530 habens,

2464 4635 2698 4702 ἀπορίας
2736 4633 2900 4705 οὔσης
2932 4631 3302 4696 άποδείξεωνς
3371 4631 3679 4684 Ἐκτελέσει
3737 4632 3832 4683 τὸν
3887 4634 4054 4698 ὁρκον

2463 4728 2496 4796 η
2528 4726 2689 4794 γυνὴ,
2719 4725 2815 4779 καὶ
2845 4723 3175 4778 κινδυνεύσει
3206 4726 3284 4787 εἰς
3311 4723 3402 4775 τὸν
3443 4722 3652 4792 βαθμὸν
3690 4725 3720 4775 ὁ
3761 4724 3978 4794 ἱερεύς

2534 4906 2655 4958 ’Λπ.
2722 4904 2804 4956 Τὰ
2852 4904 3176 4974 ἐγκλήματα
3214 4905 3274 4956 οὐ
3332 4904 3421 4956 διὰ
3485 4906 3895 4972 συκοφαντικοῦ
3959 4909 4053 4958 καί

2461 4998 2666 5049 τελείου
2695 4996 2932 5054 λύονται,
2968 4997 3104 5050 ἀλλὰ
3128 4997 3217 5050 διὰ
3244 4997 3428 5065 φωνῆς
3460 4996 3756 5066 μαρτύρων
3789 5000 4072 5068 ἁδ;αδὶή-.

2464 5105 2572 5140 των
2590 5089 2738 5160 ὅρκῳ
2770 5089 3585 5158 πιστουμένηςάποδείκνυνται.
3625 5090 3706 5157 Τῇ
3760 5090 3818 5140 δὲ
3877 5092 4053 5162 πόρνη

2465 5179 2720 5248 οὐδαμῶς
2760 5180 3088 5248 προσεκτέον
3123 5195 3139 5212 ⁶
3175 5180 3291 5232 ἀλλ’
3317 5180 3497 5232 ὲάσθω
3533 5181 3562 5232 ὁ
3615 5181 3798 5250 ἱερεὺς
3845 5186 3912 5251 τῇ
3961 5184 4053 5235 τοῦ

2466 5271 2602 5324 Θεοῦ
2657 5271 2857 5342 κρίσει,
2925 5272 3021 5324 καὶ
3062 5272 3226 5335 αὐτὸς
3276 5273 3491 5343 ποιήσει
3545 5271 3644 5342 τὴν
3680 5274 3970 5344 ἐκδίκησιν
3999 5292 4055 5330 εν

2466 5364 2642 5433 τάχεα

2539 5459 2660 5526 Ἑρ.
2694 5458 2730 5509 Γ
2738 5463 2832 5527 avi;
2862 5474 2942 5518 τις
2968 5458 3135 5526 χήρα,
3158 5456 3357 5526 ἔχουσα
3388 5455 3733 5525 αὖταδέλφην
3783 5459 4054 5511 τεκοῦσαν

2059 5644 2294 5700 νΑιυΑε
2321 5641 2727 5700 LECTIONES.

842 5799 862 5826 ι
899 5785 1113 5839 humilis
1143 5785 1418 5852 episcopus
1445 5783 1687 5840 Thcssal.
1769 5784 1789 5822 ί
1834 5785 2065 5852 nuptiali
2099 5801 2280 5838 eorum
2313 5786 2544 5840 convivio
2586 5785 2852 5838 interesze.
2930 5789 2958 5816 ιι
2985 5797 3086 5834 non
3129 5797 3221 5847 per
3254 5780 3619 5848 juramenmm
3667 5778 3732 5831 de
3757 5781 4051 5834 cubum-iu.

769 5874 932 5912 moue
980 5875 1069 5908 ver
1091 5857 1388 5909 absolutum
1420 5857 1794 5914 iuramentum.
1878 5866 1898 5892 ν
1933 5859 2247 5921 probantur.
