4176 6446
139 382 254 445 937

142 498 241 549 δύο
296 497 492 558 παῖδας
536 495 793 565 ἄρρενας,
863 493 1084 560 γέγονεν
1140 491 1394 559 ἀνάδοχος

146 591 306 654 ἁγίου
353 588 727 658 βαπτίσματος
751 584 1164 639 Κωνσταντίνου
1208 581 1557 653 στρατιώτου.
1604 585 1729 637 Πει-

149 684 313 751 pint
340 680 473 748 γοῦν
507 679 762 749 ήάδελφὴ
801 679 897 746 τῆς
923 679 1094 746 χήρας
1125 677 1334 746 Μαρία,
1365 674 1727 729 ἀναλαϐέσθαι

145 777 223 835 εἱς
253 774 352 828 ἕνα
387 774 492 826 τῶν
523 771 722 840 ἑαυτῆς
770 770 899 823 υἱῶν
946 769 1222 837 θυγατέρα
1290 768 1381 821 τοῦ
1441 768 1728 820 Κωνσταν-

145 885 170 917 τ
184 868 319 918 ἔνου.
663 927 668 932 ι

219 959 344 1012 Ἀστ.
377 958 450 1011 Οὐ
475 957 745 1011 κωλύεται
781 958 813 1026 ἡ
864 957 1053 1027 Μαρία
1105 956 1383 1024 θυγατέρα
1441 954 1533 1007 τοῦ
1576 956 1727 1006 Κων-

149 1051 456 1115 σταντίνου,
509 1050 569 1103 ὃν
636 1051 669 1118 ἡ
708 1049 1014 1118 αὑταδὲλφη
1075 1047 1245 1115 αὐτῆς
1281 1048 1388 1100 ἀπὸ
1428 1047 1522 1100 τοῦ
1573 1047 1728 1114 ἁγίου

148 1141 528 1210 βαπτίσματος
579 1140 888 1205 ἀνεδέξατο,
952 1139 1052 1210 υίῴ
1096 1139 1268 1209 αὐτῆς
1313 1139 1589 1210 ἁρμόσαι·
1639 1141 1731 1191 καὶ

145 1233 391 1298 γενέσθω
412 1234 474 1286 τὸ
498 1233 740 1287 τοιοῦτον
775 1233 1151 1303 συνάλλαγμα.

228 1325 352 1393 Ἑρ.
382 1325 444 1378 Et
476 1326 566 1378 τὸν
616 1328 680 1378 ὲκ
733 1325 982 1396 διγάμων
1033 1325 1297 1395 τεχθέντα
1344 1325 1424 1378 δεῖ
1480 1323 1730 1394 γενέσθαι

148 1421 328 1489 ἱερέα.

214 1512 350 1565 Ἀπ.
389 1510 445 1564 Ὀ
501 1512 563 1563 ὲκ
608 1511 854 1580 διγάμων
907 1509 1257 1580 ἠτριγάμων
1300 1511 1332 1580 ἢ
1396 1509 1732 1578 πολυγάμων

145 1603 492 1672 ἀποτεχθεὶς,
524 1603 619 1655 ἐὰν
646 1603 738 1655 τὸν
761 1604 962 1655 οίκείον
996 1601 1112 1672 βίον
1139 1601 1320 1664 καλῶς
1360 1600 1611 1670 διεξάγῃ,
1669 1600 1730 1652 οῦ

143 1695 416 1748 κωλύεται
448 1693 769 1766 ἱερωθῆναι.
827 1695 902 1746 Οὐ
934 1693 1040 1764 γὰρ
1091 1693 1586 1764 προκριματίζεται
1642 1691 1731 1743 διὰ

139 1803 270 1848 τους
300 1803 500 1853 γονεις.

172 1917 585 1972 ΔΗΜΗΤΡΙΟΥ
624 1919 764 1970 ΤΟΥ
794 1918 1328 1982 ΧΩΜΑΤΗΝΟΥΨ,
1387 1917 1698 1971 ΑΡΧΙΕΠΙ-

564 1989 847 2042 ΣΚΟΠΟΥ
874 1989 1322 2043 ΒΟΥΛΓΔΡΙΑΣ.

415 2106 496 2160 A'.
565 2105 706 2174 Περὶ
752 2103 1004 2174 βαθμῶν
1071 2103 1450 2172 συγγενείας.

224 2219 284 2272 '0
319 2220 419 2290 μὲν
452 2219 632 2287 λόγος,
658 2219 717 2271 ὃν
737 2220 944 2289 ᾐτήσω,
967 2220 1100 2288 ἡμῖν
1125 2217 1422 2286 τιμιώτατε
1473 2219 1731 2283 δέσποτα,

141 2311 235 2361 καὶ
269 2309 380 2360 τῶν
409 2309 626 2378 ἀληθῶν
652 2307 971 2378 προσγενῶν
999 2308 1066 2359 τὰ
1125 2307 1246 2360 λίαν
1285 2307 1622 2377 ὑπερέχοντά
1671 2326 1729 2361 τε

142 2402 238 2454 καὶ
281 2402 576 2472 κράτιστα,
612 2400 806 2453 οῦκουν
843 2400 1022 2470 ῥᾴδιος
1051 2399 1171 2450 οὐδὲ
1220 2399 1468 2470 εὐχερὴς,
1535 2400 1735 2468 μᾶλλον

140 2493 196 2546 δὲ
225 2493 425 2562 πολλῆς
451 2493 707 2561 δεόμενος
773 2492 870 2562 τῆς
897 2490 1352 2561 ἐπιστημονικῆς,
1380 2492 1444 2544 ὲκ
1474 2492 1581 2545 τῶν
1639 2493 1732 2546 τοῦ

143 2587 313 2655 νόμου
346 2585 730 2655 ἀκριὸασμῶν,
774 2586 868 2638 καὶ
901 2585 1116 2655 πείρας.
1177 2585 1269 2638 καὶ
1315 2583 1594 2652 γνώσεως,
1656 2587 1735 2649 είς

140 2677 422 2746 τηλεφανῆ
489 2674 677 2727 τούτου
708 2675 1003 2743 σαφήνειαν
1048 2675 1138 2724 καὶ
1170 2673 1533 2742 παράστασιν,
1562 2671 1647 2724 διὰ
1677 2673 1736 2725 to

143 2767 264 2820 κατ’
295 2767 460 2819 αὐτὸν
481 2766 725 2818 πο.κίλον
752 2782 814 2818 τε
871 2767 968 2817 καὶ
1014 2764 1351 2834 πολυσχιδές.
1401 2764 1592 2817 Ἔνθεν
1645 2771 1737 2820 καὶ

144 2859 523 2928 ἀνεϐαλλόμην
560 2858 630 2911 τὰ
665 2859 894 2911 πλεῖστα
926 2857 1061 2929 πρὸς
1089 2857 1148 2910 τὸ
1188 2857 1518 2928 ἐγχείρημα.
1583 2857 1737 2912 Ἐπεὶ

144 2953 200 3004 δὲ
237 2952 498 3015 καθάπαξ
523 2951 770 3019 γίνεσθαί
813 2967 895 3003 σοι
925 2949 1196 3020 πειθήνιοι
1225 2936 1285 3003 ἓν
1339 2951 1552 3014 ἑαυτοῖς
1612 2954 1736 3004 ὲκυ·

149 3044 430 3113 οὼσεμεν,
495 3044 583 3097 διά
635 3058 693 3094 τε
740 3042 802 3094 τὸ
860 3044 958 3111 τῆς
1018 3044 1352 3113 συγγενικῆς
1405 3045 1736 3116 οἰκειότητος

145 3138 554 3207 ἀπαραίτητον,
611 3136 705 3188 καὶ
730 3135 817 3188 διὰ
863 3136 962 3205 τὴν
1013 3135 1164 3190 θείαν
1217 3137 1459 3206 ἐντολὴν,
1523 3138 1620 3208 τὴν
1659 3137 1737 3206 τῷ

148 3229 397 3280 αἰτοῦντι
457 3229 562 3279 πᾶν
623 3227 803 3280 ὁτιοῦν
857 3227 1274 3282 διακελεύουσαν
1311 3231 1398 3261 ⁸⁷⁸
1429 3229 1619 3282 τούτου
1676 3229 1740 3296 δὴ

145 3321 308 3375 lux:
349 3319 426 3389 τῷ
453 3320 607 3388 λόγῳ,
623 3317 717 3371 τοῦ
744 3319 880 3372 Θεοῦ
916 3319 1314 3390 θαρρήσαντες,
1347 3320 1427 3391 τῷ
1473 3322 1569 3374 καλ⁵
1630 3325 1740 3384 τοῖς

145 3415 370 3480 ἀσόςοις
388 3414 483 3464 καί
511 3414 898 3483 ἀγραμμάτοις
934 3413 1151 3466 σύνεσιν
1181 3416 1275 3467 καὶ
1309 3415 1503 3484 σοφίαν
1523 3415 1735 3467 τελείαν

147 3510 464 3577 παρέχοντι,
503 3510 599 3560 καὶ
627 3507 786 3574 λόγον
813 3509 870 3560 ἐν
903 3507 1104 3572 ἀνοίξει
1132 3507 1227 3560 τοῦ
1281 3509 1570 3577 στόματος,
1642 3509 1740 3559 οὐκ

143 3598 680 3667 ἁποδυσχεραίνομεν
713 3596 848 3665 πρὸς
881 3597 942 3648 τὸ
968 3597 1180 3665 αἴτημα
1211 3613 1224 3625 '
1281 3595 1469 3662 σαφῶς
1530 3595 1728 3656 εἰδότες

145 3689 216 3751 ὡς
247 3689 422 3757 εἴπερ
455 3706 536 3750 τις
585 3690 731 3757 ἡμᾶς
763 3687 1004 3756 ἀμαθίας
1027 3689 1120 3739 καὶ
1147 3687 1350 3756 τόλμης
1381 3686 1736 3755 ἐγγραψαιτο,

145 3775 226 3828 διὰ
257 3776 318 3827 τὸ
346 3778 448 3843 τῆς
476 3776 675 3840 λέξεως
698 3775 834 3845 ὁμοῦ
877 3775 1132 3840 ἀκαλλὲς,
1159 3777 1253 3828 καὶ
1289 3776 1388 3843 τῆς
1426 3777 1632 3838 ἑννοίας
1678 3776 1740 3828 τὸ

146 3867 354 3931 ἀτελὲς,
387 3867 728 3936 συγγνώμων
763 3867 919 3930 αὖθις
977 3868 1131 3919 ἐσται
1186 3869 1342 3937 ἡμῖν,
1367 3868 1442 3932 ὡς
1487 3869 1585 3921 οὑκ
1642 3869 1737 3935 ἀφ⁹

145 3959 358 4012 ἑαυτῶν
387 3959 678 4029 ὁρμηθεῖσι
707 3959 842 4028 πρὸς
870 3959 930 4011 τὸ
963 3958 1294 4028 ἐγχείρημα,
1323 3958 1460 4012 ἀλλά
1517 3960 1578 4012 τὸ
1635 3961 1734 4028 τῆς

145 4050 486 4120 ἀκραιφνοῦς
535 4050 860 4117 συγγενείας
904 4051 998 4102 καὶ
1050 4050 1382 4120 εἰλικρινοῦς
1442 4048 1736 4112 διαθέσεως

147 4143 588 4211 είσπράττουσιν.
649 4140 791 4193 Ἀλλ’
821 4144 878 4192 ὲν
904 4142 1110 4202 τούτοις
1150 4142 1248 4210 μὲν
1300 4143 1360 4192 τὸ
1411 4141 1569 4209 λόγου
1601 4157 1736 4210 προ-

146 4237 346 4301 οίμιον.
396 4235 654 4301 Ἀρκτέον
671 4233 729 4285 δὲ
758 4230 826 4284 τὰ
849 4235 945 4302 τῆς
971 4234 1241 4301 αἰτήσεως
1271 4232 1464 4296 οὕτως·
1509 4233 1734 4301 Ἠθέλη-

151 4343 244 4388 σας
280 4325 476 4394 μαθεῖν
506 4324 566 4386 ἐξ
600 4324 779 4393 ἡμῶν,
804 4325 953 4386 ὅπως
980 4341 1038 4376 τε
1072 4325 1142 4376 τὰ
1167 4324 1261 4376 τοῦ
1295 4326 1486 4392 γένους
1536 4326 1734 4395 βαθμι-

149 4417 370 4470 ὁοῦυται
411 4416 705 4484 πρόσωπα,
733 4415 825 4466 καὶ
847 4414 968 4467 τίνα
1001 4414 1100 4484 μὲν
1125 4416 1189 4466 ὲκ
1209 4415 1415 4469 τούτων
1443 4417 1579 4486 πρὸς
1621 4433 1736 4469 κοι-

149 4511 347 4563 νωνίαν
373 4506 555 4576 γάμου
621 4504 943 4566 κωλύονται,
1005 4505 1128 4557 τίνα
1178 4506 1236 4558 δὲ
1295 4502 1450 4569 αὖθις
1475 4523 1734 4577 παραχω-
1769 4535 1810 4589 D

149 4603 371 4673 ροῦνται
395 4597 783 4663 συνάπτεσθαι,
815 4597 888 4659 ὡς
911 4597 1302 4667 ἀνεπιτίμητα.
1334 4599 1452 4651 Καὶ
1475 4599 1537 4669 δὴ
1592 4602 1734 4653 κατά

147 4696 245 4761 τὴν
302 4691 530 4746 ἐνοῦσαν
574 4692 711 4760 ἡμῖν
753 4689 956 4756 γνῶσιν
1003 4691 1099 4742 καὶ¹
1162 4695 1379 4760 πεῖραν,
1434 4692 1526 4743 τοῦ
1595 4690 1731 4743 Θεοῦ

147 4786 382 4846 δΜντος
414 4785 588 4853 ίσχὺν,
630 4785 695 4835 ὲκ
732 4781 842 4835 τῶν
867 4783 1106 4852 νομικῶν
1148 4784 1384 4850 ὲδαφίων
1423 4785 1492 4836 τὰ
1544 4784 1734 4854 λεχθη-

150 4879 354 4946 σόμενα
376 4875 786 4944 ἀναλεγόμενοι,
848 4873 1018 4926 ταῦτα
1072 4873 1245 4937 οὓτως
1275 4876 1679 4946 ἀποκρινόμεθα

158 4970 222 5023 Ἡ
271 4970 364 5022 τοῦ
394 4969 582 5036 γένους
615 4969 772 5038 σειρά
798 4967 945 5036 τρισὶ
971 4967 1276 5036 συνείρεται
1321 4968 1527 5031 τάξεσι,
1559 4971 1623 5036 τῇ
1668 4984 1726 5019 τε

146 5063 254 5114 τῶν
289 5060 551 5113 ἀνιόντων
579 5058 846 5128 δηλονότι,
869 5059 976 5110 τῶν
1007 5059 1322 5121 κατιόντων,
1368 5060 1464 5111 καὶ
1505 5060 1612 5114 τῶν
1663 5062 1727 5111 ὲκ

149 5153 404 5223 πλαγίου.
476 5152 743 5215 ’Λνιὸντες
802 5151 858 5206 δέ
906 5153 1068 5216 εἰσιν,
1120 5152 1175 5204 οἴ
1220 5168 1278 5204 τε
1337 5154 1513 5218 γονεῖς
1540 5155 1627 5206 καὶ
1676 5154 1724 5205 ot

147 5249 366 5300 πάπποι
399 5243 492 5295 καὶ
522 5243 573 5295 οί
603 5242 928 5311 πρόπαπποι
958 5259 970 5274 ο
992 5244 1275 5304 κατιόντες
1306 5243 1383 5308 δὲ,
1429 5247 1477 5297 ot
1513 5245 1722 5308 παῖδες,

151 5343 243 5394 καὶ
275 5341 323 5392 οἱ
353 5336 417 5403 ἐξ
437 5335 619 5393 αὐτῶν
646 5334 958 5405 τικτόμενοι
978 5335 1189 5402 ἔκγονοι
1251 5337 1345 5389 καὶ
1395 5337 1720 5407 δισέκγονοι,

1396 365 2106 431 ΟΠΕΕΟ-ΠΟΜΑΧΠΜ.

1469 489 1577 542 ἀπὸ
1634 488 1726 538 τοῦ
1764 495 1802 546 Α
1834 498 1953 552 qme
1997 482 2206 551 peperit
2245 481 2382 531 duo:
2433 479 2573 534 filios
2627 493 2827 541 mares.
2867 494 2931 533 ex
2993 489 3182 536 sancto
3239 484 3412 553 impii.

3302 361 3406 422 938

1833 585 2006 630 smatc
2045 573 2462 628 Constantinum
2490 574 2713 628 militem
2745 576 3002 646 suscepit.
3039 576 3209 631 Maria
3239 579 3412 634 vidum

1835 683 1992 724 soror
2066 670 2154 720 uni
2219 667 2452 719 ﬁliorum
2530 677 2759 721 conatur
2837 668 2999 724 filiam
3059 670 3411 727 Constantini

1834 762 2029 831 nnptui
2069 761 2335 828 accipere.

1907 939 2066 1009 Resp.
2102 940 2216 994 Non
2271 941 2592 1011 prohibetur
2630 943 2795 998 Maria
2839 946 3002 998 filiani
3040 947 3410 1014 Constantini,

1833 1046 1996 1102 quem
2029 1032 2148 1102 ejus
2197 1049 2454 1102 germana
2505 1051 2536 1089 e
2584 1050 2743 1091 sacro
2800 1037 3124 1107 baptismate
3170 1044 3411 1110 sustulit,

1838 1125 1948 1181 lilio
1979 1143 2078 1181 suo
2104 1128 2464 1199 cavxjungere,
2523 1139 2577 1185 et
2607 1132 2700 1186 fiat
2727 1132 3039 1203 hujusmodi
3072 1146 3411 1194 contractus.

1909 1307 2287 1380 Interrogatio.
2314 1311 2392 1362 An
2413 1312 2604 1379 possit.
2639 1312 2730 1382 qui
2764 1323 2925 1370 natus
2949 1325 3029 1372 est
3068 1335 3131 1373 ex
3160 1320 3415 1392 bigamis,

1836 1401 2092 1454 sacerdos
2123 1400 2254 1454 ﬁeri.

1909 1491 2062 1559 Resp.
2097 1495 2197 1559 Qui
2235 1511 2265 1548 a
2291 1495 2545 1561 bigamis,
2572 1505 2666 1552 aut
2691 1499 2964 1569 trigamis,
3002 1503 3080 1556 vel
3115 1505 3417 1576 polygamis

1837 1585 2158 1653 parentibus
2192 1596 2512 1655 procreatus
2544 1600 2649 1657 est,
2680 1591 2723 1646 si
2755 1593 2920 1647 vitam
2957 1593 3242 1651 honestam
3271 1609 3416 1669 agat,

1838 1689 1946 1727 non
2007 1674 2329 1742 prohibetur
2378 1680 2689 1734 consecrari
2732 1694 2798 1749 x;
2862 1694 3117 1752 parentes
3185 1688 3330 1742 enim
3368 1691 3418 1745 ci

1839 1780 1946 1819 non
1977 1765 2336 1835 praajudicant
2370 1772 2415 1802 ι’

1910 1897 2237 1954 DEMETRII
2270 1901 2670 1958 CHOMATENI
2719 1916 2767 1968 1,
2823 1907 3348 1969 ARCIHEPISGOPI

2421 1974 2822 2032 BULGARIE.

2183 2086 2224 2140 1.
2286 2087 2361 2141 De
2415 2091 2666 2158 gradibus
2722 2096 3073 2162 cognationis.

1913 2197 2071 2256 Ratio
2127 2202 2372 2273 quidem,
2431 2220 2595 2274 quam
2666 2209 2898 2278 petiisti,
2964 2213 3422 2270 reverendissime

1839 2290 2081 2358 domine,
2133 2305 2186 2348 et
2237 2296 2380 2349 inter
2405 2312 2563 2352 veros
2606 2309 2870 2368 cognatos
2906 2302 2960 2355 in
3001 2304 3193 2371 primis
3223 2307 3424 2362 eximie

1847 2394 1900 2440 et
1934 2387 2161 2456 optime,
2208 2403 2316 2441 non
2349 2388 2548 2454 facilis,
2599 2407 2699 2447 nec
2749 2395 3022 2464 expedita,
3057 2397 3150 2451 sed
3196 2415 3258 2453 ex
3299 2400 3426 2453 dili-

1840 2479 1989 2548 genti
2017 2480 2196 2550 legum
2235 2485 2693 2551 perscrutatione,
2744 2489 3102 2556 experientia,
3139 2502 3193 2544 et
3234 2494 3424 2561 cogni-

1842 2572 2008 2638 tione,
2046 2573 2116 2627 ad
2170 2573 2468 2630 dilucidam
2518 2581 2968 2648 perspicuitatem
3025 2592 3079 2637 et
3131 2585 3425 2641 exhibitio-

1841 2678 1962 2717 ncm
1999 2673 2046 2729 ι,
2111 2665 2339 2720 multam
2377 2668 2560 2736 potius
2620 2672 2934 2739 scientiam,
2993 2686 3218 2744 promer
3269 2693 3424 2732 suam

1839 2755 2160 2811 varietatem
2232 2767 2286 2813 et
2331 2760 2809 2832 multiplicitatem,
2862 2769 3111 2837 requirit.
3157 2768 3311 2825 Unde
3348 2769 3428 2824 fa-

1842 2853 2091 2910 ctutn,ut
2117 2865 2227 2903 rem
2276 2852 2496 2921 aggredi
2521 2852 2614 2908 diu
2647 2855 2974 2912 distulerim.
2998 2860 3102 2915 Sed
3137 2870 3426 2932 postquam

1843 2940 1939 2994 tibi
1986 2942 2354 3012 obsequentes
2393 2962 2517 3002 esse
2569 2950 2736 3004 semel
2794 2952 2954 3008 nobis
3013 2958 3423 3025 proposuimus,

1841 3047 1964 3086 cum
2028 3045 2250 3106 propter
2300 3038 2730 3095 inexcusabilem
2781 3046 3126 3114 cognationis
3206 3053 3429 3121 propin-

1843 3123 2131 3191 quitatem,
2188 3138 2300 3182 tum
2369 3131 2440 3184 ob
2492 3131 2736 3187 divinam
2803 3140 3247 3208 praeceptionem,
3306 3160 3425 3213 qua:

1845 3217 2064 3284 quidvis
2115 3221 2322 3286 pClt'llli
2356 3220 2488 3278 dare
2543 3225 2698 3294 jubet
2753 3245 2766 3281 :
2812 3229 2915 3284 hac
2965 3247 3098 3287 sane
3151 3235 3219 3290 de
3259 3251 3427 3292 causa

1845 3309 2184 3365 confidentes
2217 3315 2384 3368 verbo
2422 3316 2534 3379 Dei,
2567 3319 2658 3388 qui
2691 3329 2743 3372 et
2785 3321 3169 3390 insipientibus
3204 3335 3257 3382 et
3288 3329 3423 3384 illit-

1846 3405 2039 3458 teratis
2119 3405 2556 3477 intelligentiam,
2617 3413 3024 3486 perfectamque
3102 3421 3426 3491 sapientiam

1845 3498 2069 3565 praebet.
2119 3509 2172 3553 et
2222 3500 2277 3553 in
2316 3502 2431 3556 oris
2467 3516 2725 3571 apertura
2783 3523 3112 3576 sermonem,
3152 3514 3218 3567 ad
3271 3524 3422 3570 tuam

1844 3589 2159 3656 petitionem
2212 3607 2320 3646 non
2381 3593 2701 3651 hazsilamus
2733 3609 2759 3637 ε
2802 3615 2816 3651 :
2851 3611 3038 3669 aperte
3082 3603 3341 3670 scientes,
3379 3608 3424 3662 si

1844 3681 1968 3750 quis
1998 3683 2066 3736 ob
2093 3684 2426 3739 elocutionis
2460 3687 2869 3745 deformitatem
2907 3695 3070 3748 simul
3110 3705 3164 3750 et
3197 3700 3428 3754 medita-

1844 3770 2047 3825 tionem
2083 3773 2456 3842 imperfectam
2488 3795 2590 3833 nos
2622 3780 2911 3850 imperitiae
2948 3786 3299 3858 audaciaque
3329 3807 3428 3846 ac-

1843 3871 2019 3923 cuset,
2063 3864 2178 3918 vice
2205 3881 2360 3921 versa
2391 3868 2549 3922 nobis
2583 3873 2796 3925 veniam
2833 3873 3110 3941 daturum,
3137 3879 3281 3946 quod
3315 3897 3424 3936 non

1845 3970 1871 4006 a
1907 3954 2062 4009 nobis
2092 3955 2225 4024 ipsis
2259 3956 2327 4009 ad
2377 3957 2522 4013 hunc
2562 3971 2816 4016 conatum
2851 3965 3062 4020 incitati
3103 3970 3296 4033 simus,
3328 3972 3424 4027 sed

1843 4055 2012 4100 arctze
2060 4050 2408 4117 cognationis
2470 4053 2783 4124 sincerique
2822 4057 3052 4114 affectus
3101 4076 3424 4132 peragamus

1843 4138 2103 4192 ollieium.
2141 4138 2244 4194 Sed
2282 4141 2334 4194 in
2389 4143 2474 4197 his
2507 4145 2725 4212 quidem
2766 4149 3031 4204 orationis
3071 4157 3421 4220 prommium.

1841 4228 1999 4295 Quod
2056 4239 2238 4286 autem
2293 4234 2359 4287 ad
2415 4237 2731 4304 petitionem
2792 4242 3006 4306 attinet,
3065 4243 3282 4298 initium
3343 4248 3423 4300 sic

1843 4324 2170 4377 sumendqu
2203 4337 2286 4380 est
2329 4343 2343 4380 :
2376 4329 2586 4383 discere
2615 4330 2697 4384 vis
2730 4347 2760 4384 a
2792 4335 2969 4399 nobis,
2996 4351 3232 4405 quonam
3261 4342 3424 4394 modo

1841 4431 1939 4484 per
1969 4417 2172 4484 gradus
2209 4430 2577 4475 numerentur
2602 4425 2822 4492 generis
2869 4441 3137 4495 persouze,
3169 4444 3419 4499 quaenam

1841 4507 2006 4561 exiis
2054 4509 2120 4561 ad
2171 4512 2486 4578 nuptiarum
2535 4514 2932 4582 prohibeantur
2980 4521 3320 4586 societatem,
3364 4534 3421 4578 et

1839 4615 1960 4668 qua:
1991 4616 2185 4656 rursus
2213 4604 2470 4674 conjungi
2505 4614 2657 4659 extra
2684 4610 3165 4677 reprehensionem
3190 4614 3418 4681 permit-

1838 4701 2045 4746 tantur.
2093 4692 2282 4764 Itaque
2333 4697 2636 4751 secundum
2683 4713 2825 4763 eam,
2864 4716 2984 4770 quae
3039 4703 3199 4758 nobis
3251 4706 3419 4771 inest,

1837 4782 2208 4850 cognitionem
2238 4794 2291 4838 et
2320 4788 2736 4855 experientiam,
2765 4788 2873 4845 Deo
2899 4800 3222 4861 suggerente
3251 4796 3418 4861 vires,

1839 4888 1904 4926 ex
1957 4874 2226 4943 legalibus
2262 4877 2655 4945 fundamentis,
2705 4899 2828 4951 quze
2872 4884 3102 4940 dicenda
3137 4897 3288 4950 sunt,
3323 4889 3420 4944 de-

1840 4975 2164 5034 cerpentes;
2227 4970 2344 5024 hzec
2385 4973 2785 5041 respondemus
2824 4977 2888 5030 ad
2948 4979 3096 5033 hunc
3146 4979 3416 5036 modum:

1832 5057 2188 5127 Cognationis
2214 5063 2490 5117 vinculum
2516 5066 2697 5121 tribus
2722 5069 3076 5140 conjungitur
3103 5073 3418 5140 ordinibus,

1832 5152 2250 5210 ascendentium
2293 5157 2567 5224 videlicet,
2599 5161 3072 5229 descendentium,
3103 5176 3158 5220 et
3198 5182 3418 5254 eorum.

1832 5245 1928 5312 qui
1989 5255 2117 5300 sunt
2181 5263 2209 5301 a
2266 5250 2456 5306 latere.
2507 5253 2880 5310 Ascendentes
2936 5268 3064 5312 sunt
3112 5245 3414 5330 genitores,

1833 5341 2028 5408 avique
2101 5352 2153 5393 et
2192 5344 2431 5410 proavi;
2474 5346 2871 5403 descendentes
2928 5358 3138 5419 autem,
3193 5352 3311 5417 filii,
3366 5362 3420 5407 et

1441 5479 1674 5534 VARIAS
1718 5482 2122 5541 LECTIONES.

218 5625 262 5654 ³⁵
297 5619 710 5690 Χωματειανοῦ,
791 5619 834 5650 θ’
868 5618 975 5670 πᾶν
997 5619 1025 5671 ὃ
1053 5637 1102 5671 τι
1121 5620 1214 5672 οῦν
1234 5620 1415 5674 δοῦναι
1454 5623 1660 5680 διακελ.

219 5747 246 5776 ι
287 5736 534 5790 sacerdos
556 5733 821 5817 ordinari.
892 5736 1383 5817 x‘nantparentmn
1436 5753 1598 5817 caiisa
1635 5742 1843 5800 nullum
1873 5745 2247 5817 prajudicium
2294 5745 2540 5803 sustinet.
2616 5756 2646 5796 γ
2705 5744 3069 5807 Chomatiam.
3146 5760 3170 5791 ι
3232 5754 3414 5809 decla-

154 5811 414 5867 rationem
493 5817 517 5844 ι
549 5803 690 5857 liaud
719 5813 931 5872 gravate
978 5806 1282 5872 petitionem
1315 5809 1668 5868 admittimus.

475 5901 746 5963 ΡΑτιιοι..
793 5901 911 5963 Gn.
942 5900 1161 5964 CXIX.

2950 5909 3022 5973 30
