4176 6446
799 419 910 492 939
2102 419 2236 480 JUS
2277 418 2717 480 CANONICUM
3954 417 4047 480 9l0

796 542 888 612 qui
929 555 994 594 ex
1051 540 1116 594 iis
1171 542 1477 589 nascuntur
1529 542 1776 602 nepotes,
1821 543 2282 604 pronepotesque,
2328 545 2365 587 Cl

2484 534 2580 587 καὶ
2605 537 2651 587 oi
2683 533 2887 586 τούτων
2917 533 3172 602 ἀπόγονοι
3197 547 3209 562 ⁸
3244 533 3356 601 οἵγε
3387 532 3494 604 μὴν
3520 537 3582 586 ὲκ
3615 536 3872 602 πλαγίου,
3906 537 4048 600 θεῖα,

797 634 1115 702 abnepotes.
1168 627 1271 694 Qui
1305 635 1486 680 autem
1538 632 1667 682 sunt
1713 641 1775 679 ex
1816 635 2155 686 transverso,
2193 628 2372 695 patrui

795 729 878 783 vel
951 722 1228 788 avunculi,
1298 719 1394 774 lilii
1447 718 1674 772 fratrum
1753 732 2118 780 sororumve,
2176 733 2377 772 conso-

796 822 967 883 brini,
999 829 1052 873 et
1099 815 1303 871 centeri.
1353 813 1779 868 Ascendentium
1823 813 2010 883 igitur,
2048 820 2101 865 et
2144 811 2375 865 descen-

795 916 1064 976 dentium,
1118 910 1184 963 ad
1241 908 1554 977 nuptiarum
1605 905 1921 960 societatem
1967 904 2286 973 conjunctio
2320 904 2374 957 in

795 1007 1068 1063 inﬁnitqu
1099 1003 1220 1074 lege
1249 999 1590 1070 prohibetur.
1629 995 1773 1050 Patri
1816 997 1960 1050 enim
2008 996 2090 1050 vel
2122 1010 2242 1059 avo,
2289 995 2373 1048 vel

797 1115 1022 1172 proavo,
1058 1107 1153 1151 aut
1197 1094 1356 1149 matri
1391 1093 1476 1147 vel
1528 1091 1681 1153 aviae,
1721 1090 1802 1144 vel
1848 1089 2104 1158 proavim,
2155 1089 2374 1158 nuptias

794 1211 917 1249 cum
953 1193 1062 1246 ﬁlio
1091 1189 1171 1242 vel
1197 1199 1398 1256 nepOte
1447 1191 1816 1254 pronepoleve
1858 1182 2008 1235 nullo
2039 1182 2205 1235 modo
2240 1195 2373 1235 con-

794 1285 1013 1339 trahere
1059 1281 1206 1335 licet.
1264 1277 1372 1331 Nec
1427 1290 1618 1330 rursus
1673 1273 1843 1339 ﬁlius,
1901 1273 1982 1327 vel
2038 1287 2224 1341 nepos,
2281 1280 2374 1324 aut

795 1390 1090 1444 pronepos,
1136 1371 1274 1442 patri
1313 1368 1397 1422 vel
1444 1365 1627 1431 matri,
1663 1374 1757 1419 aut
1803 1379 1904 1418 avo
1951 1362 2032 1418 vel
2068 1363 2226 1425 στῆσε,
2278 1372 2373 1415 art

791 1481 998 1538 proavo
1023 1466 1104 1519 vel
1129 1461 1365 1534 proaviae
1397 1459 1769 1528 coniungitur.
1790 1455 1934 1510 Ordo
1956 1461 2135 1509 autent
2158 1469 2368 1518 eorum,

791 1562 886 1633 qui
921 1569 1048 1615 sunt
1096 1573 1160 1612 ex
1210 1564 1550 1616 transverso,
1589 1551 1656 1606 ad
1701 1550 1993 1618 septimum
2038 1562 2213 1618 usque
2244 1562 2369 1616 gra-

791 1654 920 1706 dum
970 1646 1396 1721 prohibitionem
1450 1643 1681 1706 habens,
1731 1639 1930 1693 exinde
1976 1638 2234 1708 conjungi
2276 1651 2371 1690 vo-

791 1745 1030 1800 lentibus
1059 1739 1475 1812 permissionem
1510 1750 1539 1788 a
1572 1735 1689 1805 lege
1719 1733 1888 1788 sumit
1936 1741 1990 1787 et
2038 1733 2366 1786 libertatem.

791 1841 963 1894 Porro
998 1834 1200 1905 gradus
1229 1846 1256 1884 a
1291 1829 1577 1899 cOgnatica
1619 1828 1792 1896 stirpe
1828 1824 2044 1878 initium
2070 1831 2364 1882 sumentes,

2480 627 2714 697 ἀνεψιοὶ,
2741 625 3043 694 ὲξάδελφοι,
3089 627 3183 678 καὶ
3219 628 3268 678 oi
3309 627 3506 679 λοιποί.
3555 627 3617 679 Ἡ
3668 628 3769 698 μὲν
3819 624 3912 681 οὖν
3952 631 4048 680 td»,

2479 722 2736 774 ἀνιόντων
2796 720 2889 773 καὶ
2949 720 3243 772 κατιόντων
3313 721 3449 788 πρὸς
3512 720 3693 790 γάμου
3773 721 4047 773 κοινωνίαι

2481 812 2799 883 συναρμογὴ
2833 814 2908 875 είς
2933 814 3230 881 ἀπέραντον
3256 813 3404 881 παρὰ
3430 811 3523 864 τοῦ
3546 815 3710 882 νόμου
3728 811 4047 866 κεκώλυται.

2479 905 2552 956 Ού
2589 907 2694 974 γάρ
2711 907 2895 973 πατρί,
2928 905 2958 973 ἦ
2988 904 3270 973 πάππρ,ἢ
3301 907 3642 972 προπάππῳ,
3673 903 3782 956 εἴτε
3811 904 4051 972 μητρὶ,ἤ

2481 997 2685 1070 μάμμῃ
2704 1036 2719 1061 ,
2747 997 2780 1068 ἢ
2813 999 3122 1067 προμάμμῃ
3146 997 3260 1047 ἐστὶ
3284 995 3502 1063 θεμιτὸν
3533 996 3710 1064 γάμον
3737 996 4055 1061 συναλλάξαι

2480 1091 2618 1162 μετὰ
2667 1091 2812 1157 υίοῦ,
2844 1093 2876 1161 ἢ
2907 1095 3168 1159 ἐκγόνου,
3218 1093 3247 1160 ἦ
3309 1093 3640 1159 δισεκγόνου,
3694 1092 3754 1144 τὸ
3805 1093 4054 1145 σύνολον*

2476 1184 2598 1238 οὔτε
2636 1187 2742 1256 μὴν
2786 1186 2847 1239 τὸ
2879 1185 3149 1240 ἀνάπαλιν
3182 1185 3346 1256 υἱδςῆ
3385 1187 3605 1251 ἔκγονος
3651 1185 3684 1254 ἢ
3721 1185 4056 1251 δισέκγονος,

2479 1278 2647 1348 πατρὶ
2696 1277 2726 1346 ἢ
2791 1277 2960 1347 μητρὶ
2987 1278 3018 1346 ἢ
3049 1279 3258 1346 πάππῳ
3287 1276 3319 1346 ἢ
3373 1278 3575 1346 μάμμη
3611 1278 3642 1346 ἢ
3674 1279 3996 1348 πριπάππιρ
4027 1279 4057 1347 ἥ

2477 1371 2812 1443 προμάμμῃ.
2861 1371 2922 1422 'H
2953 1369 3059 1421 τῶν
3091 1373 3154 1421 ἐκ
3186 1369 3416 1436 πλαγίου
3445 1369 3520 1428 δὲ,
3556 1370 3718 1438 μέχρι
3765 1373 3862 1422 καὶ
3917 1370 4059 1422 είδο-

2478 1479 2578 1531 μου
2611 1461 2820 1531 βαθμοῦ
2842 1461 2939 1530 τὴν
2971 1461 3206 1513 κώλυσιν
3241 1461 3460 1529 ἔχουσα,
3493 1462 3675 1514 ἔκτοτε
3730 1463 3842 1523 τοῖς
3883 1461 4062 1530 βουλον

2477 1555 2660 1624 μένοις
2690 1555 3056 1609 συνάπτεσθαι
3099 1555 3160 1606 τὸ
3203 1554 3392 1607 ἄνετον
3426 1555 3576 1624 παρὰ
3610 1553 3706 1607 τοῦ
3731 1555 3902 1624 νόμου
3934 1556 4060 1620 λαμ-

2473 1646 2626 1701 ϐάνει
2685 1650 2780 1701 καὶ
2829 1649 3246 1716 ἀνεμπόδιστον.
3299 1650 3361 1700 Ol
3425 1647 3623 1718 βαθμοὶ
3669 1647 3921 1715 μέντοιγε
3957 1647 4057 1700 ἀπὸ

2475 1741 2802 1807 συγγενικῆς
2828 1740 3106 1811 ριζουχίας
3158 1740 3524 1810 λαμϐάνοντες
3584 1737 3680 1808 τὴν
3748 1739 3948 1808 ἀρχὴν,
4000 1739 4058 1788 ὲκ

2472 1833 2580 1884 τῶν
2616 1831 2890 1902 βαθμίδων
2933 1832 3030 1899 τῆς
3066 1832 3331 1898 κλίμακος
3377 1829 3798 1899 ὠνομάσθησαν.
3851 1829 4057 1895 Ὥσπερ

789 1931 916 1985 dicti
979 1935 1108 1984 sunt
1165 1926 1231 1979 ad
1285 1922 1698 1978 similitudinem
1745 1919 2013 1989 graduum
2073 1916 2365 1994 scalarum.

2472 1922 2580 1991 γάρ
2611 1901 2665 1974 αἱ
2700 1901 2956 1990 βαθμῖδες
2983 1918 3041 1984 ἐξ
3067 1920 3321 1972 ἐπιπέδου
3350 1921 3492 1982 τινὸς
3547 1919 3646 1988 τὴν
3699 1919 3875 1988 ἀρχὴν
3923 1919 4057 1983 λαμ-

787 2023 922 2077 Nam
976 2015 1434 2091 quemadmodum
1475 2011 1676 2082 gradus
1726 2011 1792 2064 de
1841 2011 2000 2079 plano
2033 2008 2248 2062 initium
2278 2021 2367 2059 su-

791 2125 1020 2177 mentes,
1061 2121 1115 2166 et
1147 2109 1212 2162 ad
1265 2107 1526 2161 ulteriora
1583 2105 2020 2175 progredientes,
2077 2113 2365 2155 ascensum

787 2217 842 2264 et
873 2208 1196 2261 descensum
1224 2199 1522 2253 terminant
1559 2214 1570 2250 :
1607 2198 1686 2250 sic
1713 2203 1765 2250 et
1795 2196 1847 2248 hi
1875 2194 2098 2264 gradus,
2130 2199 2188 2246 ut
2231 2190 2364 2242 rami

785 2298 1009 2369 quidam
1048 2293 1212 2348 simul
1245 2292 1353 2344 nati
1397 2303 1425 2340 a
1461 2288 1642 2341 radice
1696 2287 1852 2354 primi
1884 2285 2146 2353 genitoris
2177 2295 2366 2351 proce-

773 2394 1002 2452 dentes,
1032 2385 1415 2454 cognationem
1468 2380 1777 2450 perﬁciunt.
1823 2376 2062 2445 Singula:
2106 2387 2236 2442 ergo
2274 2387 2365 2442 ge-

786 2486 1097 2541 nerationes
1141 2493 1308 2532 unum
1361 2474 1586 2546 gradum
1627 2471 1855 2525 faciunt.
1891 2468 2050 2522 Pater
2091 2468 2253 2535 igitur
2299 2467 2363 2517 ad

789 2577 957 2630 ﬁlium
995 2570 1144 2625 nullo
1182 2568 1342 2620 modo
1373 2565 1652 2634 gradatur,
1705 2571 1986 2630 promereri
2034 2559 2176 2628 quod
2210 2556 2361 2610 radix

784 2668 949 2739 hujus
973 2672 1055 2720 est
1086 2671 1140 2717 et
1168 2659 1519 2730 principium,
1558 2669 1806 2723 unusque
1836 2653 2034 2722 gradus
2065 2652 2205 2705 ﬁlius
2239 2664 2362 2703 cum

786 2770 940 2830 patre
982 2770 1104 2810 esse
1160 2759 1435 2806 censetur.
1482 2747 1597 2800 Duo
1634 2755 1811 2799 autem
1840 2744 2106 2814 germani,
2140 2743 2264 2810 quia
2296 2755 2362 2790 ex

784 2851 1000 2907 duabus
1031 2843 1455 2917 progrediuntur
1483 2837 1950 2906 generationibus,
1977 2835 2116 2888 duos
2147 2847 2364 2902 quoque

784 2941 990 3015 gradus
1042 2937 1270 2991 iaciunt.
1321 2932 1562 2998 Quaeque
1621 2929 1766 2983 enim
1818 2927 2099 2998 generatio
2152 2925 2363 2992 (quem-

784 3013 1080 3088 admodum
1125 3023 1385 3092 diximus)
1423 3021 1650 3092 gradum
1685 3034 1849 3072 unum
1898 3016 2043 3069 facit.
2077 3013 2361 3066 Patrueles

782 3142 912 3182 vero
958 3131 1012 3178 et
1044 3117 1382 3179 conatibrini,
1410 3113 1592 3185 quarti
1625 3118 1753 3166 sunt
1787 3111 2008 3179 gradus,
2036 3116 2088 3160 et
2109 3105 2363 3160 similiter

2473 2011 2754 2072 ϐάνουσαι,
2789 2013 2883 2066 καὶ
2916 2014 2992 2073 είς
3029 2011 3094 2064 τά
3122 2011 3310 2081 πρόσω
3348 2009 3765 2076 προϐαίνουσαι,
3821 2010 3922 2078 τὴν
3973 2009 4058 2060 ἄν.

2469 2101 2585 2153 οδον
2631 2103 2787 2171 ἥτὴν
2826 2103 3051 2155 κάθοδον
3116 2102 3582 2171 συμπεραίνουσι-ι
3609 2117 3622 2130 ⁸
3677 2100 3819 2152 οὕτω
3877 2103 3970 2152 καὶ
4008 2101 4052 2151 οἱ

2472 2192 2671 2263 βαθμοὶ
2697 2197 2770 2256 ti);
2823 2198 2885 2246 ἐκ
2933 2195 3088 2265 ῥίζης
3154 2195 3412 2262 ὀμοερυεῖς
3459 2191 3641 2244 κλάδοι
3687 2191 3781 2243 τοῦ
3842 2192 4053 2260 πρώτου

2470 2288 2795 2354 γεννήτορος
2862 2287 3165 2356 προϊόντες,
3196 2287 3294 2353 τὴν
3330 2285 3652 2350 συγγένειαν
3717 2285 4056 2354 ἀπαρτίζου-

2471 2393 2576 2430 σιν.
2640 2378 2875 2444 Ἐκάστη
2924 2377 3017 2429 οὖν
3064 2377 3320 2444 γέννησις
3375 2377 3472 2428 ἕνα
3539 2376 3744 2443 βαθμὸν
3785 2377 4054 2428 ἁποτεὶεῗ,

2473 2468 2660 2538 Πατὴρ
2686 2467 2814 2534 γοῦν
2852 2468 2984 2538 πρὸς
3017 2469 3132 2520 υἱὸν
3167 2468 3416 2538 οὐδαμιῖς
3462 2465 3879 2535 βαθμιδοῦνται,
3925 2468 4056 2520 καθο

2471 2557 2704 2628 ὁτιξρίζα
2726 2559 2917 2611 τούτου
2952 2559 3213 2610 πέλεικαὶ
3255 2559 3527 2628 καταρχή.
3570 2552 3662 2619 Εἷς
3686 2559 3742 2610 δὲ
3796 2559 4002 2626 βαθμδέ
4035 2561 4058 2610 6

2467 2651 2576 2711 υἱὶς
2606 2651 2742 2718 πρὸς
2775 2653 2866 2702 τὶν
2891 2651 3104 2721 πατέρα
3127 2650 3418 2717 λογίζεται.
3446 2649 3513 2701 UE
3539 2666 3601 2716 γε
3644 2649 3749 2719 μὴν
3775 2650 3870 2702 δύο
3931 2650 4058 2701 αἰτ-

2468 2741 2704 2811 άδελφοι,
2762 2742 2894 2796 διότι
2929 2745 2992 2795 ἐκ
3041 2743 3135 2795 δύο
3178 2744 3486 2810 γεννήσεων
3545 2743 3929 2811 προέρχονται,
3975 2745 4060 2794 καὶ

2464 2833 2558 2886 δύο
2614 2834 2933 2887 ἀποτελοῦσι
2994 2833 3254 2904 βαθμούς.
3324 2833 3558 2900 Ἐκάστη
3621 2834 3730 2901 γάρ
3804 2836 4059 2901 γέννησις

2468 2927 2563 2994 (ὡς
2591 2928 2827 2997 εἴρηται)
2858 2920 3062 2996 βαθμὸν
3090 2927 3184 2979 ἕνα
3216 2927 3490 2980 ἀποτελεῖ.
3532 2928 3593 2980 Οἱ
3651 2927 3838 2994 μέντοι
3874 2943 4057 2995 πρωτο

2466 3021 2745 3088 εξάδελφοι
2801 3019 3062 3089 τετάρτου
3122 3018 3327 3088 βαθμοῦ
3362 3021 3744 3089 τυγχάνουσιν,
3794 3019 4059 3081 ὡσαύτως

2466 3113 2561 3164 καὶ
2597 3113 2646 3165 οἱ
2699 3111 3070 3178 δισεξάδελφοι
3124 3112 3282 3164 ἕκτου
3332 3113 3454 3164 κατ’
3492 3111 3784 3178 ἀναλογίαν
3827 3128 4058 3179 καταρι-

783 3218 992 3275 sobrini
1021 3215 1211 3269 eadem
1241 3211 1455 3263 ratione
1485 3217 1722 3266 servata,
1755 3202 1891 3255 sexti
1926 3199 2129 3270 gradus
2159 3212 2361 3251 conuu-

2470 3203 2733 3274 θμοῦνται
2769 3203 2978 3274 βαθμοῦ
3005 3221 3017 3234 ·
3055 3205 3103 3255 oi
3132 3203 3187 3256 δέ
3218 3221 3282 3271 γε
3330 3204 3763 3275 τρισεξάδελφοι,
3817 3221 4058 3257 τοιουτοο

785 3319 1092 3368 mcrautur.
1147 3303 1460 3370 Eodemque
1527 3295 1689 3350 modo
1743 3293 1946 3353 octavi,
2009 3289 2361 3345 sobrinarum

783 3403 902 3456 ﬁlii.
953 3397 1103 3451 Talis
1154 3394 1318 3462 igitur
1352 3387 1606 3460 cognatio
1661 3395 1888 3440 vocatur
1935 3398 2003 3438 ex
2051 3381 2362 3450 sanguine:

786 3496 914 3548 hinc
940 3503 991 3544 et
1032 3484 1419 3558 prohibitionis
1445 3481 1739 3536 terminum
1775 3479 1840 3531 ad
1871 3477 2162 3546 septimum
2195 3487 2366 3542 usque

781 3583 1011 3657 gradum
1041 3580 1229 3633 sortita
1261 3584 1368 3638 est,
1419 3583 1478 3626 ut
1517 3571 1798 3626 studiosus
1827 3570 2041 3624 discere
2084 3575 2261 3635 potest
2296 3578 2364 3619 ex

785 3681 962 3750 legum
1020 3669 1399 3726 voluminibus
1447 3675 1502 3720 et
1551 3663 1909 3736 synodalibus
1959 3657 2366 3750 constitutioni-

785 3749 912 3823 bus.
940 3764 1050 3819 Lex
1082 3762 1227 3816 enim
1261 3759 1293 3814 5
1314 3755 1473 3811 titulo
1500 3754 1571 3809 28
1631 3755 1756 3808 libr.
1789 3752 1818 3791 δ
1848 3753 1927 3806 sic
1955 3750 2030 3804 ait
2059 3767 2073 3804 :
2101 3749 2248 3803 Inter
2271 3761 2366 3802 eas

788 3869 1074 3929 personas.
1102 3865 1225 3921 quae
1257 3857 1386 3905 sunt
1415 3861 1446 3900 a
1497 3847 1688 3910 latere,
1728 3852 1812 3899 est
1843 3843 2092 3912 quadam
2121 3839 2364 3910 prohibi-

790 3950 886 4003 tio.
919 3945 1055 4000 Nam
1088 3942 1273 3999 fratris
1322 3939 1404 3994 vel
1435 3937 1644 3993 sororis
1699 3934 1863 3988 ﬁliam
1892 3947 2118 3987 uxorem
2165 3932 2365 3984 ducere

784 4056 900 4097 non
955 4039 1104 4102 licet,
1156 4048 1256 4090 nec
1302 4045 1494 4087 eorum
1552 4037 1768 4098 neptem
1803 4045 1813 4080 :
1845 4025 2008 4080 simili
2055 4024 2215 4079 modo
2263 4037 2364 4077 nec

787 4131 970 4202 patrui
1015 4124 1366 4188 avunculive,
1405 4123 1584 4176 amita:
1635 4125 2015 4174 materterteve
2053 4115 2244 4179 ﬁliam,
2309 4113 2364 4168 id

781 4233 889 4286 est,
942 4217 1330 4276 consobrinam
1385 4227 1610 4268 meam:
1646 4209 1741 4266 sed
1800 4224 1974 4278 neque
2024 4207 2170 4262 ﬁlius
2212 4220 2364 4260 meus

785 4327 980 4370 eorum
1022 4315 1263 4377 neptem,
1313 4302 1404 4374 qui
1469 4299 1678 4357 sobrini
1746 4298 2110 4368 appellantur.
2165 4295 2229 4348 Et
2289 4296 2364 4348 ita

779 4405 1006 4476 quidem
1053 4397 1512 4455 consobrinorum
1568 4391 1729 4454 ﬁlios,
1780 4389 2038 4442 nimirum
2087 4386 2361 4451 sobrinos,

785 4497 880 4565 qui
939 4500 1068 4550 sunt
1114 4490 1254 4545 sexti
1311 4484 1535 4557 gradus,
1589 4483 1984 4553 prohibiturum
2047 4481 2362 4549 nuptiarum

2467 3299 2681 3367 τρῦπως
2704 3297 2914 3362 ὀγδόου.
2951 3297 3016 3349 Ἤ
3035 3296 3259 3364 τοιαύτη
3289 3298 3467 3348 τοίνυν
3489 3299 3777 3365 συγγένεια
3805 3297 4058 3350 καλεῖται

2467 3389 2526 3454 ἐξ
2559 3391 2810 3458 αἳματος.
2839 3389 3030 3442 Ἔνθεν
3058 3389 3232 3442 καὶτὸ
3261 3390 3361 3458 τῆς
3383 3389 3676 3450 κωλύσεως
3703 3391 3853 3460 ὄριον
3888 3393 4055 3458 μέχρι

2465 3481 2559 3533 τοῦ
2608 3481 2836 3550 ἑϐδόμου
2879 3480 3087 3550 βαθμοῦ
3144 3481 3546 3550 ἐκληρώσατο·
3606 3481 3681 3544 ὡς
3740 3483 3890 3534 ἔστιν
3941 3485 4058 3546 ἐξὸν

2467 3588 2604 3624 κατα
2617 3572 2805 3641 μαθεῖν
2836 3573 2924 3624 τὸν
2951 3571 3231 3643 φιλομαθῆ
3261 3574 3369 3624 ἀπό
3393 3590 3451 3625 τε
3498 3574 3597 3643 τῆς
3635 3574 3868 3642 νομικῆς
3898 3590 4056 3644 περιο
4090 3583 4098 3588 ·

2465 3661 2681 3731 λήψεως
2703 3663 2796 3716 καὶ
2820 3666 2919 3732 τῆς
2949 3664 3232 3733 συνοδικῆς
3280 3664 3602 3728 διατάξεως.
3677 3665 3736 3718 '0
3795 3665 3898 3734 μὲν
3949 3671 4059 3733 γαρ

2467 3753 2627 3822 νόμος
2657 3756 2714 3805 ἐν
2744 3760 2784 3805 ε’
2814 3754 2975 3820 τίτλῳ
2997 3755 3090 3807 τού
3124 3754 3210 3823 κη’
3235 3754 3441 3822 βιϐλίου
3475 3754 3618 3806 οὕτω
3643 3755 3800 3821 φησι,
3831 3754 4056 3819 Μεταξὺ

2465 3844 2572 3896 τῶν
2607 3846 2672 3896 ἐκ
2705 3843 2932 3912 πλαγίου
2976 3845 3283 3916 προσώπων
3329 3846 3445 3897 ἐστι
3504 3863 3588 3910 τις
3627 3847 3884 3908 κώλυσις.
3949 3848 4061 3915 Τὴν

2466 3939 2576 4008 γὰρ
2609 3939 2703 3991 τοῦ
2731 3938 2961 4007 ἀδελφοῦ
2999 3957 3100 4008 μου
3133 3939 3164 4008 ἢ
3200 3939 3296 4007 τῆς
3328 3938 3567 4007 ἀδελφῆς
3621 3956 3720 4007 μου
3775 3940 4058 4007 θυγατέρα

2466 4030 2764 4098 λαμϐάνειν
2794 4031 2930 4102 πρὸς
2953 4033 3130 4099 γάμον
3176 4032 3238 4082 οὐ
3273 4030 3449 4099 θέμις,
3508 4031 3630 4082 οὐδὲ
3689 4031 3788 4099 τὴν
3850 4032 4060 4082 τούτων

2469 4123 2698 4190 δγγόνην
2719 4139 2734 4155 ⁶
2767 4125 2968 4192 ὁμοίως
2989 4123 3112 4175 οὐδὲ
3139 4123 3238 4190 τὴν
3272 4123 3548 4190 θυγατέρα
3578 4121 3671 4173 τοῦ
3705 4122 3850 4173 θείου
3891 4123 3923 4191 ἦ
3955 4122 4059 4187 τῆς

2467 4210 2638 4277 θείας,
2698 4215 2947 4267 τουτέστι
2992 4214 3092 4282 τὴν
3146 4214 3444 4283 ἑξαδελφην
3499 4231 3623 4282 μου.
3672 4213 3819 4266 Ἀλλ’
3881 4214 4060 4265 τιδιὸ

2469 4303 2584 4367 υίὸς
2611 4322 2712 4374 μου
2737 4305 2835 4374 τὴν
2862 4305 3097 4373 ὲκγόνην
3126 4306 3328 4364 αὐτῶν,
3359 4306 3558 4366 οἵτινες
3585 4304 3844 4370 λέγονται
3906 4305 4057 4357 δισσ-

2471 4395 2742 4464 ξάδελφοι.
2781 4396 2891 4448 Καὶ
2912 4396 3054 4449 οὕτω
3081 4396 3179 4464 μὲν
3212 4397 3336 4458 τοὺς
3355 4396 3466 4448 τῶν
3493 4395 3801 4462 ὲξαδέλςρων
3835 4397 4056 4458 παῖδας,

2467 4487 2635 4556 ἦγουν
2658 4489 2784 4550 τοὺς
2844 4489 3279 4555 δισεξαδέλφους,
3314 4489 3512 4550 οἵτινές
3543 4491 3683 4542 εἰσιν
3730 4490 3895 4540 ἕκτου
3937 4489 4060 4555 βαθ-

783 4590 1035 4650 limitem,
1085 4581 1310 4638 Novella
1355 4579 1472 4648 ipsa
1524 4579 1789 4647 posuerit.
1846 4573 2122 4642 Septimus
2178 4581 2358 4626 autem

2473 4576 2594 4646 μοῦ,
2651 4578 2710 4629 τὸ
2762 4594 2871 4630 των
2917 4578 3317 4645 κεκωλυμένων
3363 4579 3557 4645 γάμων
3605 4580 3636 4646 ἡ
3676 4579 3848 4643 νεαρὰ
3915 4579 4057 4648 αῐτη

785 4679 1010 4750 gradus.
1075 4676 1205 4744 quia
1265 4671 1485 4727 silentio
1553 4667 1865 4736 praeteritus
1921 4665 2120 4727 fuerat,
2180 4665 2358 4718 locum

785 4779 1093 4840 acceperat,
1132 4781 1230 4820 nec
1261 4762 1328 4817 ad
1360 4761 1676 4830 nuptiarum
1710 4759 2028 4813 societatem
2051 4755 2359 4810 vetabatur.

787 4863 988 4917 Verum
1020 4856 1302 4930 synodalis
1343 4851 1605 4923 cognitio,
1639 4849 1780 4904 facta
1829 4857 2073 4918 tempore
2127 4847 2363 4903 sanctis-

783 4951 908 5008 simi
946 4949 1093 5003 illius
1126 4945 1472 5016 patriarchae,
1497 4939 1706 4996 domini
1744 4938 1925 5003 Luem,
1953 4946 2010 4990 ut
2058 4946 2272 5004 turpem
2307 4945 2361 4990 et

784 5045 1152 5103 inhonestum,
1181 5039 1328 5092 hunc
1356 5035 1646 5102 septimum
1699 5030 1953 5102 gradum,
1989 5037 2211 5098 propter
2239 5043 2363 5099 per-

786 5146 1050 5190 sonarum
1087 5129 1521 5200 proximitatem,
1557 5124 1851 5194 prohibitis
1881 5135 1936 5176 et
1965 5121 2174 5175 illicitis
2204 5120 2363 5189 adju-

783 5226 1006 5287 dicavit,
1048 5231 1102 5278 et
1155 5237 1218 5275 ex
1276 5219 1717 5274 Christianorum
1766 5213 1999 5269 abscidit
2053 5212 2358 5282 republica.

784 5316 938 5372 Hane
971 5324 1150 5369 autem
1183 5310 1499 5384 synodalem
1533 5309 1804 5361 actionem
1841 5306 2061 5360 Novella
2088 5305 2360 5360 constitu-

787 5409 860 5461 tio
891 5407 1240 5474 imperatoris
1280 5402 1465 5472 inclyti
1503 5410 1555 5454 et
1587 5398 2120 5470 Porphyrogenneta:
2151 5395 2359 5451 domini

786 5498 1053 5553 blanuelis
1086 5497 1380 5551 subsecuta
1401 5502 1505 5559 est,
1530 5502 1584 5549 et
1603 5508 1724 5564 qua:
1745 5495 1959 5548 decreta
1990 5501 2120 5546 sunt
2149 5499 2358 5553 sancte,

786 5589 1159 5644 conﬁrmavit.

2470 4667 2713 4720 τέθεικεν
2742 4667 3038 4736 δροθέσιον.
3085 4667 3142 4720 ’0
3169 4667 3223 4720 δὲ
3253 4666 3480 4738 ἕϐδομος
3516 4667 3748 4737 βαθμος,
3768 4669 3859 4720 διὰ
3888 4671 3948 4721 τὸ
3998 4674 4058 4721 ἐκ

2468 4757 2674 4812 τούτων
2704 4759 3222 4828 παρασιωπηθῆναι,
3258 4760 3440 4828 χώραν
3465 4759 3763 4827 ἐλάμϐανε,
3825 4765 3923 4814 καὶ
3981 4768 4059 4820 εἰς

2470 4851 2649 4920 γάμου
2674 4852 2960 4904 κοινωνίαν
2986 4852 3086 4903 οὐκ
3117 4849 3406 4905 ἐκωλύετο.
3451 4850 3514 4903 ’ίι
3566 4851 3622 4904 δέ
3673 4868 3738 4918 γε
3800 4854 4056 4922 συνοδιλὴ

2466 4942 2776 5009 διάγνωσις,
2815 4943 2846 5012 ἡ
2876 4941 2968 4996 ἐπὶ
2990 4942 3090 5010 τῆς
3119 4943 3421 5012 ἐφημερίας
3449 4943 3716 5012 γενομένη
3751 4944 3849 4996 τοῦ
3882 4949 4051 5011 ἁγιω-

2469 5035 2630 5087 τάτου
2654 5035 2860 5087 ἐκείνου
2887 5037 3229 5105 πατριάρχου
3256 5035 3444 5103 κυρίου
3489 5037 3694 5098 Λουκί,
3719 5036 3794 5099 ὡς
3825 5041 4056 5106 ais-[pr

2470 5125 2564 5175 καὶ
2591 5123 2796 5192 ἂσεμον
2825 5127 2918 5178 καὶ
2947 5125 3139 5178 τοῦτον
3165 5125 3256 5177 τὸν
3286 5125 3516 5194 ἕϐδομον
3555 5127 3762 5194 suam»
3781 5169 3794 5186 ,
3831 5128 3921 5179 δια
3955 5133 4052 5197 τὴι

2465 5218 2572 5268 τῶν
2602 5217 2907 5285 προσώπων
2962 5217 3259 5287 ἐγγύτητα,
3292 5221 3402 5279 τοῖς
3433 5220 3911 5287 ἀπηγορευμένςις
3959 5224 4055 5274 καὶ

2466 5308 2980 5377 ἀποτετραμμένοις
3004 5309 3268 5378 ἐνέκρινε,
3297 5310 3389 5361 καὶ
3414 5310 3514 5378 τῆς
3560 5310 3665 5360 τῶν
3699 5311 4052 5379 Χριστιανῶν

2462 5398 2738 5459 πολιτείας
2767 5399 3042 5466 ἐξέκοψεν.
3087 5401 3520 5470 Ἐπηκολούθησε
3577 5401 3631 5452 δὲ
3689 5405 3752 5470 τῇ
3798 5404 4049 5472 συνοδικῇ

2459 5490 2632 5562 ταύτῃ
2672 5490 2865 5560 πράξει
2894 5495 2986 5544 καὶ
3021 5496 3214 5560 νεαρὸν
3252 5494 3530 5562 θέσπισμα
3560 5493 3651 5544 τοῦ
3687 5496 3742 5544 ἐν
3798 5494 4051 5562 βασιλεῦ-

2459 5600 2544 5634 σιν
2575 5585 2821 5652 ἀοιδίμου
2849 5586 2938 5635 καὶ
2966 5587 3499 5654 πορσυρογεννήτου.
3539 5584 3732 5653 κυρίου
3760 5585 4047 5656 Maximini,

2457 5677 2551 5726 καί
2581 5677 2647 5727 τά
2681 5673 3027 5744 ψηφισθέντα
3058 5675 3334 5745 ἐκύρωσεν
3366 5675 3645 5745 ἀσφαλῶς.

2062 5787 2298 5842 VARI/ﬁ
2339 5791 2742 5848 LECTIUNES.

849 5887 883 5932 ε’
912 5885 1123 5943 Sciliret
1167 5884 1541 5940 Basilicarum.
