4176 6446
157 404 268 468 9ίὶ
1451 388 1722 449 FALISCI)
1754 383 2161 444 ROMANUM.

235 511 462 563 Ἐκτοτε
496 526 587 561 ουν
647 509 807 577 μέχρι
851 508 942 559 καὶ
996 506 1088 558 νῦν
1134 505 1182 556 οἰ
1227 503 1594 570 κεκωλυμένοι
1625 498 1728 550 τῶν
1764 506 1801 555 Α

158 604 217 666 ἐξ
255 603 483 671 αἵματος
526 598 748 669 βαθμῶν
777 598 881 660 ἓως
924 595 1016 650 τοῦ
1049 596 1276 665 ἑϐδόμου
1330 591 1537 662 βαθμοῦ
1567 608 1737 642 κατα-

159 698 440 763 ληγουσιν.
475 691 608 744 Οὐδὲ
663 693 769 761 γὰρ
799 685 911 742 οἷον
937 705 997 741 τε
1032 689 1149 740 ἐστι
1179 685 1366 740 λαϐεῖν
1411 684 1502 735 τὸν
1557 681 1733 746 δισεξ-

158 785 390 852 άδεὶφον
418 781 514 851 τὴν
543 781 634 833 τοῦ
669 779 1050 846 δισεξαδέλφου
1081 776 1245 830 αὑτοῦ
1296 772 1592 841 θυγατέρα,
1645 772 1740 822 ἀν-

156 875 319 943 εψιὰν
373 872 559 924 τούτου
604 871 976 940 τυγχάνουσαν
1006 908 1019 920 .
1082 867 1154 920 Τὸ
1184 867 1341 937 φύσει
1389 865 1593 918 δίκαιον
1649 862 1742 915 καὶ

156 965 434 1035 εὐπρεπὲς
472 964 565 1016 καὶ
608 963 826 1032 σεμνὸν,
858 961 1044 1032 ὥσπερ
1089 962 1212 1014 τινὰ
1247 959 1484 1030 χαλινὸν,
1520 961 1547 1010 6
1580 956 1740 1026 νόμος

154 1061 269 1120 τοῖς
289 1058 485 1126 γάμοις
521 1056 787 1124 ἐπέθηκεν
809 1070 820 1082 ·
854 1053 926 1115 ὡς
954 1053 1017 1106 ἂν
1044 1052 1232 1106 τούτου
1266 1052 1509 1120 ἐχόμενοι
1535 1050 1583 1101 0!
1617 1065 1740 1099 συν·

157 1151 533 1210 ἀλλάττοντες,
576 1147 669 1216 μὴ,
735 1145 808 1205 ὡς
880 1145 1045 1206 ἵππος
1092 1143 1184 1194 καὶ
1237 1143 1477 1212 ἡμίονος.
1531 1136 1609 1202 οἷς
1645 1140 1741 1191 οὐκ

159 1242 277 1294 εστι
317 1241 552 1302 σύνεσις,
587 1239 676 1288 ἐπὶ
706 1237 764 1288 τὸ
801 1235 1058 1302 συγγενὲς
1085 1234 1470 1303 χρεμετίζωσι.
1497 1232 1578 1283 Τὰ
1618 1231 1744 1299 μέν-

157 1351 238 1385 τοι
286 1335 543 1384 ἐπέκεινα
603 1327 694 1381 τοῦ
736 1328 961 1397 ἑϐδόμου
997 1328 1182 1378 τούτου
1221 1325 1429 1396 βαθμοῦ
1481 1324 1742 1392 πρόσωπα

159 1423 453 1483 ἀκωλύτως
529 1420 837 1472 ἐλεύσονται
891 1417 1026 1483 προς
1093 1419 1286 1483 γάμων
1369 1415 1737 1482 συναρμογὴν.

158 1512 252 1572 Εἰς
279 1511 388 1578 γὰρ
416 1508 514 1577 τὴν
546 1508 602 1573 ἐξ
626 1508 852 1575 αἵματος
885 1504 1224 1572 συγγένειαν,
1260 1503 1334 1564 ὡς
1371 1501 1741 1570 προέκκειται,

157 1603 186 1653 ὁ
211 1600 439 1668 ’ἕϐδομος
479 1597 680 1665 βαθμὸς
711 1597 808 1664 τῆς
837 1594 947 1646 τῶν
980 1594 1174 1662 γάμων
1230 1590 1513 1652 κοινωνίας
1568 1589 1745 1641 κωλυ-

163 1691 316 1742 τικδν
347 1693 494 1759 δριον
521 1690 751 1756 πέφηνε.
785 1686 866 1737 Τά
901 1685 999 1753 μὲν
1033 1684 1124 1737 οῦν
1147 1686 1273 1752 περὶ
1302 1683 1400 1750 τῆς
1433 1683 1489 1746 ἐξ
1518 1681 1744 1748 αἵματος

164 1782 504 1848 συγ-(ειεῖας,
534 1780 588 1829 ὲν
619 1777 846 1838 τούτοις.
892 1776 1040 1828 Ἐπεὶ
1064 1775 1118 1827 δὲ
1143 1775 1236 1827 καὶ
1259 1777 1290 1843 ἡ
1310 1772 1589 1841 ἀγχιστεία
1608 1771 1743 1822 κατά

3308 375 3410 435 sta

1916 494 2123 546 ιίιὶιηίυ
2153 491 2316 560 igitur
2345 491 2409 541 ad
2445 489 2544 542 ΙΙος
2570 501 2740 556 usque
2774 494 3012 556 tempus,
3035 486 3183 538 vetiti
3211 487 3413 556 gradus-

1846 586 2128 655 sanguinis
2178 582 2242 635 ad
2292 583 2579 649 septimum
2626 579 2852 646 gradum
2901 579 3176 634 desinunt.
3227 577 3412 646 Nequa:

1844 680 1984 732 enim
2021 678 2144 729 licet
2176 674 2400 728 εοὶηίιιο
2428 671 2634 726 sobrini
2667 672 2750 725 sui
2791 671 2951 722 ﬁliai"
2985 675 3256 740 accipere,
3290 687 3413 723 cum

1845 769 1916 818 sit
1945 767 2105 834 hujus
2136 763 2351 833 ἀνεψιά.
2399 763 2549 827 Quod
2583 771 2774 815 natura
2807 761 3014 827 justum
3045 770 3148 822 est,
3193 763 3413 824 dt-ceus,

1844 866 1898 910 et
1939 857 2246 918 honestum,
2298 854 2445 909 velut
2487 852 2700 906 frenum
2753 852 3047 922 quoddam,
3088 853 3168 905 lex
3212 854 3416 922 nuptiis

1845 947 2123 1014 adhibuit;
2163 957 2219 1000 ut
2251 948 2336 1002 his
2357 945 2560 1000 detenti
2593 946 3003 1008 contrahentes,
3041 956 3146 998 non
3169 953 3418 1013 utequus

1847 1046 1938 1091 aut
1995 1038 2195 1102 mulus,
2241 1038 2444 1106 quibus
2483 1051 2591 1090 non
2629 1044 2711 1089 est
2747 1037 3076 1100 intellectus,
3125 1036 3191 1091 ad
3247 1052 3419 1105 genus

1846 1144 2005 1184 suum
2051 1129 2318 1182 hinniaut.
2351 1127 2481 1192 Quae
2526 1142 2653 1180 vero
2689 1126 2946 1192 deinceps
3007 1142 3254 1194 persona:
3291 1134 3421 1180 sunt

1847 1228 1966 1289 post
2000 1220 2288 1289 septimum
2326 1219 2468 1270 hunc
2508 1219 2756 1283 gradum,
2785 1217 2904 1270 sine
2943 1217 3307 1285 prohibitione
3352 1219 3418 1270 ad

1847 1312 2158 1379 nuptiarum
2191 1308 2438 1378 copulam
2490 1307 2802 1374 precedent.
2846 1306 2980 1361 Nam
3033 1306 3098 1360 ad
3141 1310 3421 1378 sanguinis

1845 1403 2223 1471 cognationem
2273 1400 2380 1468 (ut
2428 1399 2676 1466 Superius
2720 1399 2955 1467 positum
3007 1401 3108 1466 est)
3161 1401 3423 1468 septimus

1847 1491 2049 1560 gradus
2081 1491 2394 1559 nuptiarum
2416 1489 2694 1543 societatis
2732 1489 3128 1557 probibitorius
3156 1490 3423 1544 terminus

1846 1582 2123 1652 apparuit.
2153 1583 2216 1634 Et
2236 1582 2349 1635 hate
2380 1583 2444 1635 de
2473 1581 2754 1650 sanguinis
2783 1582 3130 1650 cognatione.
3151 1582 3422 1646 Quoniam

1847 1682 2027 1726 autem
2059 1681 2109 1725 et
2143 1671 2374 1726 affinitas
2404 1671 2560 1738 juxta
2591 1671 2815 1739 legalem
2843 1670 3191 1739 disciplinam
3217 1681 3261 1737 τ,
3302 1686 3426 1739 per—

1847 1778 2106 1818 sonarum
2133 1776 2228 1831 per
2263 1763 2483 1831 nuptias
2515 1762 2929 1830 coiijunctarum
2963 1763 3422 1831 propinquitatem

163 1874 260 1940 τὴν
293 1872 524 1938 νομικὴν
575 1868 859 1937 ἀκρίϐειαν
911 1868 1218 1937 προσώπων
1249 1867 1381 1934 ἡμῖν
1434 1864 1739 1931 οίκειότητα

1850 1856 1965 1908 sine
2009 1854 2334 1922 cognatiOue
2376 1853 2655 1915 conciliat,
2694 1869 2723 1905 n
2768 1868 2868 1920 que
2903 1853 3040 1906 hanc
3075 1855 3193 1906 sine
3231 1854 3429 1908 defini-

166 1966 401 2032 ἒμποιεί,
438 1967 498 2014 ἐκ
513 1962 706 2030 γάμων
728 1959 1088 2028 συνημμένων
1113 1957 1240 2010 ἄνευ
1266 1956 1601 2023 συγγενείας,
1621 1954 1739 2006 οὐδὲ

166 2057 370 2122 ταύτην
403 2055 462 2105 τὸ
496 2053 588 2104 τοῦ
615 2054 780 2119 νόμου
812 2049 1036 2118 ἀκριϐὲς
1070 2047 1283 2116 ἀφῆκεν
1313 2049 1582 2118 ἀόριστον.
1631 2046 1742 2113 Φη-

169 2147 219 2197 σὶ
245 2147 357 2213 γάρ
386 2145 443 2194 ὲν
472 2150 518 2207 γ’
549 2141 831 2208 κεφαλαιῳ
846 2139 940 2190 τοῦ
961 2140 1132 2190 ἀναπε
1146 2139 1460 2207 ξωνημένου
1495 2133 1534 2186 ε’
1560 2134 1741 2186 τίτλου

165 2235 254 2285 τοῦ
317 2231 401 2302 κη’
457 2231 686 2300 βιϐλίου,
743 2230 960 2283 ταῦτα·
995 2229 1236 2298 Πενθερά
1293 2226 1497 2296 ὲστὶνή
1539 2227 1740 2296 μήτηρ,

168 2327 261 2380 καὶ
293 2327 324 2392 ἡ
359 2326 581 2392 μάμμη.
634 2325 725 2376 καὶ
779 2324 812 2392 ἡ
847 2324 1157 2393 προμάμμη
1188 2321 1288 2389 τῆς
1316 2319 1563 2388 γαμετῆς
1616 2337 1736 2386 μου.

172 2419 262 2469 ναὶ
289 2418 544 2484 οὐδεμίαν
598 2415 776 2468 αὐτῶν
805 2413 1084 2483 λαμϐάνω.
1142 2414 1254 2465 Καὶ
1308 2411 1490 2480 νύμφη
1523 2411 1739 2479 λέγεται

169 2508 324 2578 ἢτοῦ
385 2506 523 2571 υἱοῦ,
562 2507 651 2558 καὶ
707 2503 801 2556 τοῦ
835 2505 1080 2571 ἐκγόνου,
1127 2503 1218 2555 καὶ
1270 2501 1362 2554 τοῦ
1409 2503 1738 2571 προεκγόνι..

169 2601 384 2670 γαμετή
418 2617 430 2629 ·
461 2600 555 2651 καὶ
589 2597 828 2668 προγόνη
859 2596 1074 2664 λέγεται
1107 2615 1136 2664 ι,
1173 2594 1231 2658 ἐξ
1262 2594 1420 2648 ἄλλου
1472 2593 1738 2663 θυγάτηρ,

169 2694 261 2744 καὶ
292 2690 516 2757 ὲκγόνη,
550 2691 642 2741 καὶ
669 2688 976 2756 προεκγόνη
1008 2687 1105 2754 τῆς
1158 2685 1407 2753 γαμετῆς
1469 2701 1571 2752 μου
1604 2702 1615 2714 '
1648 2687 1741 2737 καὶ

167 2782 426 2850 οὐδεμίαν
451 2780 630 2832 αὐτῶν
660 2779 943 2847 λαμϐάνω.
979 2777 1060 2830 Τὰ
1085 2775 1308 2829 τοιαῦτα
1330 2773 1461 2843 γοῦν
1477 2775 1741 2845 πρόσωπα

169 2874 415 2940 τετάρτῳ
445 2869 957 2940 περιλαμϐανόμενα
976 2865 1170 2937 βαθμῷ
1195 2867 1285 2918 τὸν
1315 2868 1489 2934 γάμον
1532 2865 1737 2934 ἔχουσι,

172 2965 316 3016 κατὰ
345 2961 444 3029 τὴν
473 2959 696 3029 νεαρὰν,
727 2956 1143 3026 ἀσυγχώρητον.
1201 2955 1407 3025 Ὥσπερ
1435 2955 1491 3007 δὲ
1539 2956 1598 3007 ὲν
1630 2956 1742 3017 τοῖς

171 3055 229 3120 ἐξ
275 3055 514 3123 αἵματος
543 3051 772 3122 βαθμοῖς
814 3053 842 3103 6
887 3048 1113 3117 ἕϐδομος
1158 3047 1364 3116 βαθμὸς
1399 3046 1494 3117 (ὡς
1536 3045 1742 3100 ἄνωθεν

171 3147 442 3215 εἴρηται)
497 3145 585 3195 διὰ
643 3143 704 3195 τὸ
752 3141 1021 3210 εὐπρεπὲς
1065 3140 1158 3192 καὶ
1192 3139 1387 3207 σεμνδν
1440 3136 1742 3191 κεκώλυται

171 3237 403 3304 ὕστερον
430 3250 443 3262 ·
475 3232 617 3285 οὕτω
647 3231 742 3284 καὶ
770 3233 828 3284 ἐν
857 3233 970 3293 τοῖς
998 3229 1058 3293 ἐξ
1089 3232 1404 3298 ἀγχιστείας
1435 3231 1462 3280 6
1497 3229 1744 3298 πέμπτος

173 3328 263 3379 καὶ
297 3329 324 3377 6
357 3327 516 3385 ἕκτος
550 3324 686 3392 μετά
721 3323 893 3374 ταῦτα
921 3321 1072 3392 παρὰ
1125 3320 1216 3372 τοῦ
1262 3322 1318 3372 ἐν
1344 3320 1517 3386 ἁγίοις
1547 3337 1744 3388 πατρι-

171 3418 344 3485 άρχου
375 3415 644 3467 Σισιννίου
678 3411 984 3481 ἐπετιμήθη
1021 3427 1034 3441 ·
1076 3411 1169 3462 καὶ
1215 3409 1468 3479 δηλοῦται
1502 3410 1571 3462 τὰ
1620 3411 1747 3479 περὶ

173 3506 381 3557 τούτων
430 3503 645 3572 τρανῶς
697 3504 756 3554 ὲν
785 3501 863 3571 τῷ
891 3501 1021 3569 παρ’
1051 3500 1216 3554 αὑτοῦ
1242 3500 1516 3553 ἐντεθέντι
1547 3501 1696 3569 τόμῳ
1731 3517 1743 3531 ο

175 3598 270 3648 καὶ
303 3595 448 3646 οὕτω
481 3593 640 3661 μέχρι
674 3591 768 3645 τοῦ
819 3593 978 3644 ἕκτου
1029 3590 1239 3660 βαθμοῦ
1269 3594 1316 3643 οί
1369 3591 1740 3660 κεκωλυμένοι

175 3687 282 3737 τῶν
341 3685 400 3747 ἐξ
434 3683 748 3751 ἀγχιστείας
790 3681 986 3750 γάμων
1048 3680 1578 3751 καταλαμϐάνονται.
1645 3683 1749 3735 Δύο

175 3778 284 3846 γάρ
309 3776 572 3842 ἀδελφοὺς
601 3774 694 3827 δύο
723 3773 944 3841 πρώτας
970 3772 1283 3839 ὲξαδέλφας,
1315 3774 1346 3842 ἢ
1391 3773 1450 3825 τὸ
1479 3774 1747 3826 ἀνάπαλιν

175 3866 268 3918 δύο
323 3865 575 3933 πρώτους
612 3864 933 3928 ὲξαδὲλφους
989 3861 1082 3913 δύο
1144 3860 1382 3928 ἀδελφάς
1430 3861 1613 3914 λαϐεῖν
1670 3864 1748 3925 είς

179 3957 377 4024 γάμον,
424 3954 704 4007 ἀδύνατον.
752 3951 815 4004 Oi
857 3950 955 4020 μὲν
999 3951 1107 4018 γὰρ
1137 3949 1231 4002 δύο
1268 3949 1477 4020 πρῶτοι
1532 3950 1750 4014 ὲξάδελ·

179 4062 288 4113 φοι,
327 4043 590 4112 τετάρτου
617 4041 725 4093 εἰσὶ
758 4038 968 4107 βαθμοῦ
997 4055 1010 4069 ·
1043 4040 1092 4090 oi
1114 4037 1171 4091 δέ
1196 4055 1257 4105 γε
1277 4039 1369 4090 δύο
1405 4039 1748 4108 αὑτάδελφοι,

178 4137 432 4204 δευτέρου
464 4150 477 4162 ·
536 4135 630 4185 καὶ
685 4133 770 4184 διὰ
832 4130 929 4198 τὴν
954 4131 1060 4182 τῶν
1111 4130 1416 4198 προσώπων
1475 4129 1750 4197 ἐγγύτητα

177 4227 409 4287 οὺδόλως
443 4227 577 4293 πρὶς
607 4224 783 4290 γάμου
819 4219 1068 4290 ἔρχεσθαι
1127 4220 1408 4271 κοινωνίαν
1435 4220 1746 4289 συνεχωρή-

181 4318 373 4387 θησαν.
435 4317 533 4370 Ἐκ
566 4317 673 4384 γὰρ
713 4316 806 4366 δύο
856 4313 1134 4382 τεσσάρων
1160 4312 1315 4372 ’ἑκτος
1362 4310 1568 4380 βαθμὺς
1616 4327 1751 4376 συμ-

183 4410 521 4478 περαίνεται,
553 4411 645 4460 καί
681 4409 741 4458 τὸ
775 4405 1041 4459 ἀνάπαλιν
1077 4420 1089 4434 ·
1132 4405 1225 4456 καὶ
1255 4403 1342 4455 διά
1378 4402 1535 4453 τοῦτο
1575 4402 1753 4454 κεκώ-

1852 1945 2432 2013 “onereliquitexacta
2455 1945 2587 2014 legis
2619 1943 2927 2014 disciplina.
2956 1945 3206 2001 Aitenint
3228 1947 3281 2002 in
3314 1947 3346 2000 5
3371 1963 3421 2001 c.

1847 2036 2088 2103 praedicti
2122 2036 2154 2089 5
2188 2037 2328 2089 tituli
2383 2036 2481 2106 28,
2517 2037 2638 2090 libri
2686 2053 2804 2106 qum
2850 2047 3195 2107 sequuntur:
3223 2043 3424 2095 Socrus

1844 2136 1926 2179 est
1946 2137 2140 2188 mater,
2159 2129 2207 2167 ἐί
2248 2135 2323 2175 aut
2342 2137 2372 2195 ',
2395 2137 2446 2181 et
2469 2128 2689 2196 proavia
2712 2131 2896 2182 uxoris
2916 2145 3078 2183 tut-:e:
3108 2133 3423 2202 nullamque

1844 2234 2030 2271 carum
2073 2213 2306 2288 accipe.
2342 2219 2595 2274 Etnurus
2634 2220 2836 2273 dicitur
2872 2221 3061 2287 iilii,et
3100 2225 3333 2293 nepotis,
3371 2233 3425 2279 et

1845 2325 1993 2378 pron.
2017 2311 2158 2377 potis
2187 2326 2344 2364 uxor.
2368 2311 2428 2364 Et
2450 2311 2694 2382 privigna
2713 2312 2938 2377 dicitur,
2959 2329 3024 2367 ex
3046 2315 3149 2368 alio
3169 2326 3421 2385 suscepta

1847 2399 1976 2462 lilia,
2012 2402 2318 2469 neptisque,
2339 2408 2392 2453 et
2423 2390 2702 2468 proneptis
2732 2401 2918 2454 uxoris
2948 2417 3080 2455 mere
3107 2420 3118 2455 :
3143 2413 3194 2455 et
3221 2406 3423 2458 nullam

1848 2506 2036 2544 earum
2070 2507 2294 2544 uxorem
2332 2491 2562 2560 accipio.
2589 2489 2751 2545 Tales
2780 2493 2942 2562 igitur
2960 2508 3206 2562 persona:
3229 2507 3424 2565 quarto

1845 2583 2014 2651 gradu
2075 2583 2510 2650 comprehensae,
2563 2597 2669 2636 non
2706 2583 2908 2639 habent
2955 2587 3108 2654 juxta
3146 2589 3424 2642 Novellant

1843 2675 2060 2741 nuptias
2085 2674 2398 2741 permissas.
2424 2671 2891 2739 Quemadmmiuin
2922 2687 3101 2730 autem
3133 2684 3182 2731 in
3208 2683 3430 2752 sangui-

1844 2765 1932 2816 nis
1974 2762 2235 2831 gradibus
2267 2763 2553 2832 septimus,
2589 2765 2608 2832 (
2642 2772 2700 2816 ut
2745 2766 3000 2833 superius
3047 2770 3252 2823 dictum
3303 2774 3427 2842 est)

1844 2865 2065 2924 pr0pter
2091 2855 2346 2908 decorum
2369 2863 2422 2908 et
2447 2855 2808 2919 honestatem,
2832 2859 3047 2912 tandem
3078 2862 3277 2917 vetitus
3305 2874 3425 2930 est;

1844 2947 1924 3001 sic
1976 2947 2029 3000 in
2079 2944 2338 3016 gradibus
2370 2944 2650 3001 afﬁnitatis
2683 2989 2698 3013 ,
2742 2950 2968 3018 quintus
2995 2959 3049 3005 et
3077 2963 3265 3009 sextus
3302 2968 3428 3025 post

1843 3036 1958 3092 haec
1986 3049 2016 3090 a
2035 3047 2229 3091 sancto
2262 3038 2571 3104 patriarcha
2595 3037 2837 3094 Sisinnio
2866 3057 3112 3098 censura:
3144 3046 3430 3113 subjectus

1773 3160 1817 3221 ε
1846 3135 1933 3182 est
1964 3143 1979 3186 ;
2007 3137 2066 3180 ut
2095 3137 2284 3197 aperte
2317 3127 2633 3183 declaratur
2668 3132 2722 3184 in
2763 3133 2885 3201 ejus
2925 3135 3206 3191 decisione
3226 3136 3276 3202 (³,
3307 3155 3431 3208 qua:

1852 3216 1919 3271 de
1936 3216 2021 3270 bis
2038 3216 2282 3286 exposita
2297 3218 2585 3288 est.Atque
2605 3221 2676 3272 ita
2694 3220 2759 3274 ad
2781 3231 2994 3277 sextum
3012 3239 3185 3296 usque
3198 3229 3428 3297 gradum

1854 3305 2142 3375 prohibita;
2191 3306 2336 3362 inter
2389 3306 2577 3364 affines
2619 3312 2824 3380 nuptis:
2865 3317 3428 3384 comprehenduntur.

1855 3395 2065 3450 Etenim
2089 3395 2206 3451 ﬁerl
2242 3401 2569 3468 non'potest,
2603 3408 2662 3454 ut
2698 3402 2808 3456 duo
2834 3403 3035 3460 fratres
3069 3409 3204 3463 duas
3235 3425 3435 3466 conso-

1855 3487 2067 3551 brinas,
2109 3495 2202 3540 aut
2229 3489 2348 3543 vice
2381 3505 2538 3545 versa
2569 3494 2675 3547 duo
2703 3495 3019 3550 consobrini
3055 3497 3191 3554 duas
3213 3514 3432 3560 sorores

1856 3593 2055 3633 uxores
2081 3571 2312 3632 ducant.
2330 3581 2466 3633 Nam
2496 3584 2810 3638 consobrini
2835 3596 2962 3639 sunt
2993 3591 3175 3657 quarti
3204 3592 3430 3660 gradus,

1854 3670 2094 3736 germani
2131 3679 2335 3733 autem,
2374 3673 2605 3728 secundi
2635 3690 2648 3729 :
2704 3683 2757 3730 et
2793 3685 3017 3746 propter
3069 3695 3431 3750 personarum

1856 3761 2313 3828 propinquitatem
2340 3765 2405 3816 ad
2436 3766 2747 3834 nuptiarum
2773 3771 3090 3826 societatem
3120 3776 3305 3830 venire
3329 3791 3427 3831 ne-

1858 3864 2126 3919 quaquam
2154 3854 2402 3920 permissi
2430 3861 2576 3909 sunt.
2605 3857 2646 3909 E
2669 3855 2884 3911 duobus
2914 3862 3060 3913 enim
3092 3868 3145 3915 et
3171 3875 3424 3931 quatuor,

1859 3950 2048 3994 sextus
2073 3943 2277 4010 gradus
2301 3947 2642 4007 terminatur,
2673 3955 2727 3998 et
2757 3961 2786 4000 e
2814 3963 3081 4004 converso
3116 3969 3129 4004 :
3171 3941 3240 4006 ob
3280 3969 3426 4007 eam-

1859 4044 1968 4099 que
2004 4046 2228 4085 causam
2265 4035 2467 4088 vetitus
2504 4045 2610 4089 est.
2649 4037 2962 4107 Eodemque
3003 4042 3162 4095 modo
3205 4054 3434 4112 patruus

1859 4137 1954 4176 seu
1984 4126 2309 4188 avunculus,
2355 4136 2407 4178 et
2444 4127 2630 4181 fratris
2687 4133 2959 4184 sororisve
3000 4135 3162 4196 titius,
3193 4153 3426 4188 (1111180-

1857 4213 2078 4268 roribus
2104 4215 2330 4269 alterius
2364 4220 2707 4285 cognationis
2741 4231 2764 4258 θ
2798 4203 3175 4278 t-oltilultiaICm
3209 4236 3427 4281 contra-

1858 4317 2007 4359 ctum
2068 4305 2207 4358 inire
2267 4308 2644 4375 prohibentur.
2695 4310 2770 4363 Ex
2814 4312 2893 4365 bis
2953 4316 3097 4366 enim
3180 4320 3428 4384 personis

1860 4400 2091 4467 quintus
2115 4400 2317 4468 gradus
2346 4401 2654 4455 coniicitur.
2694 4402 2826 4455 Nam
2866 4419 3090 4474 patruus
3125 4425 3216 4463 seu
3260 4429 3428 4465 arun-

181 4500 355 4550 λυται·
383 4497 641 4558 ὡσαύτως
667 4498 758 4547 καὶ
776 4496 916 4556 θεῖος
938 4495 1031 4546 καὶ
1055 4494 1268 4558 ἀνεψιὸς
1286 4493 1419 4562 πρὸς
1448 4492 1540 4544 δύο
1569 4492 1746 4561 ἑτέρου

1863 4493 2019 4545 culus
2046 4495 2110 4542 ad
2146 4492 2332 4545 fratris
2372 4497 2647 4548 sororisve
2687 4497 2855 4550 lilium
2882 4540 2893 4560 ,
2935 4503 3154 4554 tertium
3201 4507 3427 4570 gradum

183 4591 371 4657 γένους
419 4587 758 4653 αύταδέλφας
819 4585 1053 4655 γαμικὸν
1087 4586 1340 4652 συνιστᾷν
1401 4583 1751 4651 συνάλλαγμα

184 4680 505 4733 κωλύονται.
557 4678 811 4743 Πέμπτος
841 4675 945 4744 γὰρ
972 4675 1035 4726 ἐκ
1067 4673 1271 4725 τούτων
1299 4673 1408 4723 τῶν
1444 4673 1752 4742 προσώπων

187 4771 392 4839 βαθμὺς
454 4771 760 4835 συνάγεται.
841 4767 898 4817 '0
947 4766 1044 4833 μὲν
1101 4765 1207 4830 γὰρ
1257 4763 1396 4825 θεῖος
1462 4764 1597 4832 πρὸς
1665 4762 1755 4815 τὸν

185 4864 404 4932 ἀνεψιὸν
432 4861 616 4930 τρίτον
680 4860 867 4928 ἐπέχει
914 4858 1140 4926 βαθμὸν.
1183 4858 1249 4908 Ai
1279 4858 1335 4910 δέ
1385 4873 1447 4924 γε
1477 4857 1570 4908 δύο
1625 4857 1757 4907 αύτ-

185 4954 430 5019 άδελφαι.
466 4953 598 5020 πρὸς
639 4949 873 5019 ἀλλήλας
905 4948 1170 5016 δεύτερον.
1221 4947 1376 4997 Ούτω
1434 4946 1610 4997 τοίνυν
1665 4946 1759 4997 καὶ

187 5048 263 5108 είς
315 5044 414 5112 τὴν
468 5042 843 5108 ἑξαγχιστείας
901 5038 1224 5104 συγγένειαν
1280 5037 1441 5104 μέχρι
1508 5037 1755 5104 πέμπτου

187 5140 280 5190 καὶ
344 5136 504 5188 Ξκτου
565 5131 774 5201 βαθμοῦ
836 5131 898 5182 τὺ
953 5129 1252 5182 κωλυτικὸν
1307 5129 1452 5196 ὃριον
1505 5127 1753 5195 ἕστηκεν.

192 5229 348 5280 Ἐστι
399 5227 454 5278 δὲ
484 5227 576 5276 καί
623 5225 805 5291 ἕτερος
856 5223 1012 5284 ἕκτος
1072 5220 1274 5288 βαθμὸς
1333 5220 1391 5281 ἐξ
1445 5219 1758 5287 ἀγχιστείας

189 5320 361 5379 άλλως
396 5317 760 5382 συναγόμενος
792 5329 805 5342 ·
856 5313 914 5364 ὃν
941 5309 1213 5364 ἀκώλυτον
1247 5307 1384 5363 εἶναι
1415 5310 1757 5361 παντάπασιν

189 5413 221 5482 ἡ
254 5428 311 5464 τε
355 5410 445 5463 τοῦ
483 5410 734 5478 ῥηθέντος
764 5407 926 5473 νόμου
961 5405 1156 5474 σιωπὴ,
1187 5405 1245 5456 ού
1281 5404 1442 5471 μόνον
1490 5404 1566 5466 δὲ,
1623 5403 1757 5454 ἀλλὰ

189 5504 278 5554 καὶ
333 5501 680 5568 θεσπίσματα
728 5497 1001 5567 βασιλικὰ,
1058 5497 1152 5549 καὶ
1203 5496 1427 5567 πράξεις
1483 5495 1757 5549 συνοδικαὶ

1856 4582 2065 4636 obtinet
2102 4600 2116 4637 :
2148 4585 2268 4637 due
2291 4596 2467 4638 autem
2496 4600 2717 4642 sorores
2748 4591 2812 4643 ad
2853 4607 2909 4645 se
2943 4593 3194 4659 invicem,
3228 4611 3429 4650 secun-

1857 4670 2115 4738 dutn.:Sic
2145 4672 2310 4742 igitur
2334 4683 2386 4728 et
2409 4674 2462 4728 in
2489 4678 2812 4744 cognatione
2835 4681 3136 4747 allinitatis,
3169 4685 3234 4738 ad
3267 4690 3429 4755 quin-

1857 4771 1970 4816 tum
2007 4772 2330 4833 sextumque
2359 4767 2586 4836 gradum
2620 4784 2813 4839 usque,
2853 4774 3249 4842 prohibitorius
3280 4780 3431 4831 stetit

1861 4855 2150 4912 terminus.
2209 4856 2478 4911 Craterum
2534 4861 2674 4914 alius
2726 4863 2888 4915 etiam
2944 4880 3027 4918 est
3071 4882 3137 4919 ex
3173 4866 3430 4922 affinitate

1862 4947 2082 5016 gradus,
2143 4947 2302 5002 aliter
2349 4950 2659 5005 collectus:
2709 4968 2867 5021 quem
2921 4957 3243 5023 permissum
3307 4973 3429 5014 esse

1862 5039 2011 5091 omni
2041 5040 2223 5105 modo,
2264 5055 2372 5095 non
2402 5049 2612 5096 tantum
2649 5047 2918 5114 praedicta:
2963 5049 3096 5117 legis
3129 5051 3429 5115 silentium,

1863 5131 1958 5186 sed
1997 5140 2050 5186 et
2071 5135 2489 5191 constitutiones
2515 5136 2896 5207 imperatoriae,
2925 5144 3239 5198 etactioncs
3266 5158 3433 5213 syno-

1863 5222 2016 5278 dales
2045 5237 2233 5278 notum
2269 5229 2523 5282 onmibus
2558 5228 2822 5284 fecerunt.
2867 5231 3100 5286 Patruus
3143 5235 3286 5286 enim
3337 5248 3430 5286 seu

1865 5317 2188 5379 avunculus,
2207 5326 2259 5371 et
2283 5317 2466 5373 fratris
2499 5321 2774 5376 sororisve
2801 5323 2962 5387 ﬁlius,
2991 5324 3148 5377 tertio
3165 5327 3432 5377 exsistet:-

1869 5417 1948 5460 tes
1981 5409 2172 5476 gradu,
2204 5425 2326 5464 cum
2354 5413 2518 5465 amita
2551 5421 2930 5475 materterare,
2968 5425 3020 5469 et
3073 5415 3258 5468 fratris
3289 5429 3436 5467 soro-

1867 5500 2010 5552 risve
2043 5500 2148 5554 tilia
2184 5517 2279 5570 per
2315 5505 2536 5574 nuptias
2570 5508 2829 5575 copulati,
2877 5521 3218 5576 nequaquam
3252 5508 3429 5578 pmnis

1480 5628 1707 5685 VARL’E
1751 5633 2152 5692 LECTIONES.

263 5771 287 5804 ε
313 5761 685 5820 subtilitatem.
761 5759 788 5800 ἀ
821 5761 1036 5830 scripto,
1089 5763 1248 5829 quod.
1331 5773 1353 5802 ο
1384 5766 1607 5831 generis.
