4176 6446
749 435 856 499 95.3

2059 436 2194 496 JUS
2219 432 2665 495 CANONICUM

3900 433 4003 494 91%

777 547 954 601 bnoxia
989 559 1107 601 -ιιηι
1139 561 1279 613 ;non
1303 547 1447 600 enim
1475 547 2312 620 jud'caturillicitnshujusmod]

2431 547 2595 598 πᾶσιν
2637 544 2962 616 ἐγνώρισαν.
3015 544 3167 607 Θεῖος
3221 545 3329 615 γάρ
3387 544 3482 597 καὶ
3528 544 3768 614 ἀνεψιὸς,
3829 547 3997 613 τρίτα.

766 647 1073 702 ontrattus,
1113 638 1256 706 quod
1306 637 1370 691 ad
1412 647 1626 693 sextum
1664 640 1888 709 gradum
1925 642 2169 696 externis
2200 655 2322 709 por-

733 730 962 799 rigatur.
1025 728 1211 799 Neque
1267 730 1456 784 eadem
1517 728 1746 783 fratrum
1801 732 2151 799 proximitas,
2198 745 2320 801 quae

733 826 908 891 patrui
957 824 1281 878 avnnculive
1337 840 1457 878 cum
1517 822 1705 879 fratris
1757 826 2034 880 sororisve
2081 825 2214 886 filio,
2263 832 2317 878 et

730 916 1045 970 consobrini
1076 917 1417 986 aliorumque
1439 927 1818 988 cognatorum.
1847 917 1950 972 Sed
1974 933 2036 972 ex
2063 932 2172 971 uno
2191 918 2314 986 qui-

733 1007 851 1060 dem
902 1006 1050 1062 fonle
1109 1008 1266 1076 primi
1323 1009 1588 1078 genitoris
1655 1010 1974 1080 procedunt,
2052 1005 2314 1077 paulatim

733 1103 914 1150 autem
962 1097 1030 1150 ab
1068 1097 1299 1150 invi-rem
1346 1099 1709 1168 elongantur,
1763 1098 1926 1152 veluti
1975 1097 2030 1151 in
2069 1097 2316 1152 diversos

733 1187 889 1242 scissi
941 1187 1170 1242 rivulos.
1213 1189 1310 1244 Est
1355 1199 1408 1244 et
1455 1191 1559 1242 aIia
1603 1191 1816 1260 species
1868 1190 2212 1261 cognationis
2251 1203 2316 1243 ex

731 1279 1010 1343 aflinitate,
1059 1294 1180 1350 quae
1237 1281 1492 1352 gradibus
1554 1282 1772 1351 quidem
1828 1299 1936 1338 non
1982 1283 2314 1345 continetur,

727 1379 1022 1442 propterea
1074 1372 1219 1441 quod
1263 1373 1427 1426 trium
1462 1387 1721 1442 generum
1757 1374 1918 1429 habet
1947 1377 2312 1445 complexum.

730 1463 1134 1518 Prohibitarum
1155 1471 1336 1519 autem
1377 1479 1734 1534 personarum
1768 1473 1974 1519 tantum
2009 1467 2091 1521 lex
2131 1470 2310 1522 nomi-

732 1555 902 1607 natim
935 1555 1269 1610 mentionem
1306 1557 1532 1621 laciens,
1563 1565 1856 1624 sequentes
1884 1565 2038 1610 extra
2069 1559 2313 1625 prohibi-

727 1647 929 1701 tionem
957 1658 1016 1701 et
1056 1647 1468 1702 accusationem
1495 1647 1642 1701 sivit.
1676 1645 1888 1700 Etenim
1919 1647 1952 1698 4
1983 1647 2106 1712 c.5,
2132 1649 2216 1702 tit.
2243 1648 2312 1701 28

729 1739 821 1793 lib.
850 1739 932 1792 sic
964 1738 1132 1792 aitad
1171 1737 1397 1791 verbum
1425 1755 1438 1790 :
1474 1734 1661 1805 Neque
1699 1751 1844 1803 eam,
1887 1752 2009 1806 quae
2041 1735 2146 1791 fuit
2177 1752 2312 1792 uxor

727 1830 962 1900 privigni
998 1829 1124 1894 mei,
1160 1829 1392 1898 accipio,
1440 1843 1618 1899 neque
1652 1843 1885 1883 noverca
1918 1831 2092 1882 virum
2136 1847 2311 1899 quon-

2420 637 2575 700 ὅντες
2617 637 2851 709 βαθμιῦ,
2879 638 3000 708 θείᾳ
3032 638 3120 690 καὶ
3151 637 3348 707 ἀνεψιᾷ
3390 636 3450 702 ἐξ
3476 637 3668 706 ἐτέρου
3695 637 3890 704 γένους
3919 655 3998 689 τοι.

2422 724 2584 778 αὑτὸν
2621 725 2871 796 ἐχούσαις
2905 725 3108 795 βαθμὸν
3163 726 3419 794 γαμικῶς
3473 727 3894 794 συναπτόμενοι,
3923 727 4005 776 οὐ-

2419 816 2585 879 δόλως
2615 815 2997 885 ἐπιτιμῶνται.
3041 815 3174 869 Οὐδὲ
3209 817 3319 885 γὰρ
3359 815 3619 884 ἀθέμιτον
3665 815 3728 867 τὸ
3767 815 4006 867 τοιοῦτον

2423 907 2776 978 συνάλλαγμα
2805 907 3067 977 κρίνεται,
3099 907 3174 970 ὠς
3203 909 3281 970 είς
3311 908 3467 959 ἕκτον
3500 908 3707 978 βαθμὸν
3744 910 3808 960 ἐκ
3841 911 4004 978 τριιίιν

2419 1000 2514 1052 καὶ
2533 999 2702 1070 τριῶν
2734 999 3094 1068 ἀναγόμενον.
3142 1000 3274 1052 Οὐδὲ
3323 1001 3431 1068 γὰρ
3465 1001 3495 1060 ἠ
3546 1001 3682 1070 αὑτὴ
3713 999 3827 1052 τῶν
3858 1001 4006 1053 ἀδελ-

2419 1090 2533 1159 φῶ)
2565 1090 2800 1158 ὲγγύτης
2832 1092 2927 1144 καὶ
2963 1093 2994 1162 ή
3023 1092 3115 1144 τοῦ
3142 1091 3294 1145 θείου
3334 1092 3470 1165 πρὸς
3499 1093 3590 1144 τὸν
3621 1092 3866 1161 ἀνεψιὸν,
3916 1095 4004 1144 καὶ

2420 1182 2451 1250 ἡ
2484 1180 2575 1234 τοῦ
2607 1181 2903 1250 ὲξαδέλφου
2929 1183 3026 1235 καὶ
3057 1183 3165 1235 τῶν
3189 1183 3363 1236 ἄλλων
3417 1182 3694 1250 συγγενῶν
3716 1197 3732 1212 °
3797 1184 3916 1235 ἀλλ’
3947 1186 4006 1234 ἐκ

2423 1275 2522 1342 μὲν
2560 1273 2744 1344 πηγῆς
2776 1275 2904 1344 μιᾶς
2933 1274 3026 1326 τοῦ
3053 1271 3272 1342 πρώτου
3313 1275 3636 1345 γεννήτορος
3667 1272 4003 1343 ἐξέρχονται,

2419 1366 2559 1419 κατά
2594 1367 2792 1439 μικρὸν
2840 1366 2896 1418 δὲ
2952 1365 3200 1436 ἀλλήλων
3251 1366 3641 1437 μακρύνουσιν,
3685 1367 3881 1436 ῶσπερ
3930 1371 4004 1428 εἰς

2417 1457 2710 1529 διαφόρους
2767 1457 3076 1530 σχιζόμενοι
3144 1458 3373 1528 ῥύακας.
3433 1460 3588 1512 Ἐστι
3640 1460 3695 1513 δὲ
3747 1461 3842 1511 καὶ
3879 1459 4004 1512 ἄλλο

2421 1545 2560 1611 εἶδος
2601 1551 2923 1616 συγγενείας
2983 1548 3041 1613 ἐξ
3086 1548 3420 1618 ἀγχιστείας,
3457 1549 3596 1620 ὅπερ
3633 1549 3863 1619 βαθμςῖς
3909 1551 4002 1617 μὲν

2426 1639 2681 1708 οὐδαμῶς
2711 1640 3050 1710 περιέχεται,
3085 1640 3172 1692 διά
3211 1639 3272 1693 τὸ
3302 1640 3622 1710 συμπλοκὴν
3659 1641 3827 1709 τριῶν
3862 1641 4003 1711 ἔχειν

2415 1731 2588 1796 γενῶν
2625 1747 2639 1761 ·
2679 1732 3077 1800 κεκωλυμένων
3129 1733 3186 1785 δὲ
3225 1732 3402 1802 μόνων
3462 1731 3771 1803 προσώπων
3812 1734 3995 1802 ῥητῶς

2415 1821 2443 1869 ό
2474 1820 2634 1889 νόμος
2673 1821 2957 1891 μνησθεὶς,
2997 1823 3066 1873 τὰ
3095 1821 3224 1890 ἑξῆς
3251 1821 3506 1875 ἀκώλυτα
3563 1823 3655 1875 καὶ
3685 1823 3996 1890 ἀνέγκλητα

727 1924 847 1976 dam
883 1936 994 1976 sua:
1018 1922 1302 1993 privignae,
1333 1921 1550 1990 accipit.
1577 1919 1641 1973 Et
1665 1921 1777 1974 haec
1803 1921 2017 1988 quidem
2048 1921 2310 1977 habemus

2418 1910 2615 1962 είασεν.
2677 1910 2764 1961 Ἑν
2813 1911 2920 1980 γὰρ
2970 1910 3046 1978 τῷ
3076 1910 3115 1962 δ’
3147 1912 3431 1981 κεφαλαίῳ
3461 1913 3555 1964 τοῦ
3605 1911 3644 1964 ε’
3674 1913 3857 1964 τίτλου
3904 1930 3996 1963 του

728 2015 792 2067 de
845 2015 1170 2084 cognatione
1215 2028 1278 2068 ex
1340 2012 1629 2081 sanguine,
1674 2021 1728 2066 et
1781 2011 2044 2064 afﬁnitate
2102 2029 2114 2064 :
2155 2019 2207 2064 et
2253 2020 2312 2062 ut

728 2105 978 2174 equidem
1009 2105 1268 2168 arbitror,
1297 2104 1450 2174 juxta
1471 2111 1720 2158 exactam
1742 2103 1883 2172 juris
1913 2103 2255 2172 disciplinam
2294 2120 2307 2154 :

729 2193 982 2262 quamvis
1024 2191 1274 2260 plu-ima:
1315 2193 1596 2245 canonica:
1643 2198 1694 2243 et
1740 2193 1927 2244 civiles
1973 2193 2305 2252 sanctiones,

725 2286 876 2353 quod
932 2284 984 2336 in
1030 2284 1326 2336 tnultorum
1385 2296 1643 2334 versuum
1684 2282 1886 2350 scripta
1917 2281 2309 2346 diffundantur,

726 2376 835 2429 sint
867 2375 1249 2444 praetermissae
1290 2372 1444 2438 Quod
1475 2379 1653 2426 autem
1680 2383 1733 2426 et
1764 2372 1938 2440 major
1962 2373 2218 2441 cognatio
2239 2386 2306 2424 ex

736 2465 971 2535 spiritali
1009 2464 1399 2534 consequentia
1438 2479 1692 2526 nascens,
1736 2463 1881 2516 inter
1927 2477 2026 2515 nos
2068 2463 2185 2530 pios
2217 2462 2305 2514 in-

727 2557 956 2614 tercedit
985 2575 996 2609 :
1036 2559 1100 2612 de
1127 2570 1190 2610 ea
1225 2556 1304 2610 sic
1349 2556 1646 2610 summarie
1677 2552 2042 2607 tractandum.

2414 2006 2498 2067 κη’
2533 1999 2738 2068 βιϐλίου
2772 2003 2936 2069 φησὶν
2967 2001 3244 2069 αύτολεξεὶ
3267 2004 3465 2056 οὑτωσί
3499 2021 3511 2034 ·
3541 2005 3676 2056 Οὐδὲ
3724 2005 3825 2074 τὴν
3872 2005 4001 2056 ποτὲ

2411 2094 2644 2159 γυναῖκα
2675 2092 2934 2161 λαμϐάνω
2967 2094 3061 2146 τοῦ
3108 2096 3372 2162 προγόνου
3430 2115 3553 2165 μου,
3619 2097 3741 2149 οὔτε
3805 2100 3836 2166 ὴ
3897 2116 3998 2165 μη-

2411 2183 2573 2251 τρυιὰ
2605 2181 2870 2250 λαμϐάνει
2915 2184 3003 2235 τὸν
3032 2186 3322 2252 γενόμενον
3355 2187 3522 2257 ἄνδρα
3571 2191 3671 2256 τῆς
3723 2188 4001 2256 προγόνης

2416 2275 2608 2346 αὐτῆς.
2669 2276 2778 2329 Καὶ
2805 2275 2947 2329 οὕτω
2980 2277 3078 2346 μὲν
3115 2278 3312 2347 ἔχομεν
3345 2279 3472 2348 περὶ
3530 2278 3628 2346 τῆς
3678 2277 3736 2341 ἐξ
3771 2278 4002 2346 αἵματος

2415 2368 2508 2419 καὶ
2538 2366 2852 2437 ἀγχιστείας
2903 2369 3221 2435 συγγενείας
3253 2386 3268 2399 ο
3306 2370 3423 2434 καὶ,
3469 2370 3543 2431 ὡς
3573 2363 3824 2439 ἐγῷμαι,
3884 2373 4001 2440 ἐχο-

2417 2459 2595 2529 μένως
2628 2458 2729 2528 τῆς
2755 2459 3042 2528 ἀκριϐείας
3077 2475 3090 2489 ·
3117 2462 3164 2512 εί
3207 2460 3301 2512 καὶ
3328 2460 3396 2512 τὰ
3427 2461 3658 2512 πλεῖστα
3691 2460 3803 2513 τῶν
3833 2479 4001 2515 κανοο

2413 2553 2579 2604 νικῶν
2608 2555 2702 2605 καὶ
2750 2551 2993 2622 νομικῶν
3026 2552 3416 2622 θεσπισμάτων
3443 2554 3500 2605 ὲν
3547 2553 3780 2615 τούτοις.
3816 2553 3908 2608 διὰ
3937 2562 4000 2610 τὸ

726 2655 824 2724 τῆς
860 2652 1237 2732 πολυγραιφίας
1283 2651 1624 2720 πολύστιχον,
1667 2650 2122 2718 κατελείφθησαν.
2178 2649 2302 2702 Ὅτι
2340 2647 2520 2701 δὲκαὶ
2559 2648 2762 2716 μείζων
2787 2649 3078 2717 συγγένεια
3137 2650 3201 2700 ὲκ
3235 2648 3611 2717 πνευματικῆς
3679 2647 4001 2704 ἀκολουθίας

725 2749 1112 2803 ἀνακύπτουσα
1145 2751 1199 2799 ὲν
1232 2749 1359 2818 ήμῑν
1400 2751 1508 2810 τοῖς
1545 2747 1792 2800 εὐσεϐέσι
1830 2746 2140 2816 μεσολαϐεῖ,
2204 2748 2298 2800 καὶ⁴
2334 2744 2463 2815 περὶ
2496 2744 2699 2814 ταύτης
2734 2745 2911 2815 χρεὼν
2931 2744 3074 2797 οὕτω
3107 2743 3399 2798 διαλαϐεῖν.

801 2844 992 2897 Canon
1043 2841 1110 2896 56
1157 2841 1348 2911 synodi
1397 2839 1428 2893 6
1458 2878 1472 2903 ,
1521 2841 1585 2894 de
1630 2840 1943 2908 hujusmodi
1979 2840 2308 2910 cognatione

727 2938 844 2992 btec
876 2935 1198 3006 promulgat
1238 2952 1251 2987 :
1298 2933 1573 2998 Quoniam
1624 2933 1885 3003 spiritalis
1938 2933 2307 2996 necessitudo,

718 3039 826 3080 seu
859 3021 1114 3084 aﬂinitas,
1150 3034 1438 3088 corporum
1473 3019 1868 3088 conjunctione
1904 3017 2076 3085 major
2097 3026 2179 3072 est
2209 3036 2222 3070 :
2251 3017 2306 3070 in

732 3113 1008 3170 nonnullis
1041 3121 1223 3165 autem
1257 3109 1392 3164 locis
1420 3111 1780 3178 cognovimus
1803 3109 2089 3176 quosdam,
2119 3109 2209 3180 qui
2243 3123 2309 3162 ex

733 3215 928 3263 sancto
966 3211 1020 3258 et
1053 3203 1278 3257 salutari
1328 3202 1653 3270 baptismate
1690 3201 1927 3255 infantes
1974 3201 2306 3269 suscipiunt,

2495 2836 2553 2889 Ὀ
2596 2835 2682 2899 νς’
2709 2837 2888 2888 κανὼν
2935 2836 3034 2906 τῆς
3071 2842 3123 2900 ς’
3177 2837 3394 2889 συνόδου
3425 2837 3552 2906 περὶ
3610 2837 3712 2905 τῆς
3741 2838 4002 2908 τοιαύτης

2415 2927 2733 2994 συγγενείας
2753 2928 2924 2980 ταῦτα
2953 2928 3262 2999 διαγορεύει
3300 2945 3314 2959 ο
3359 2929 3577 2999 Ἐπειδὴ
3615 2930 3820 2999 μείζων
3853 2933 4003 2984 ἐστὶν

2414 3021 2447 3089 ή
2489 3018 2630 3072 κατά
2656 3019 2872 3088 πνεῦμα
2909 3020 3177 3088 οἰκειότης
3211 3020 3310 3089 τῆς
3357 3021 3464 3072 τῶν
3510 3023 3778 3090 σωμάτων
3831 3039 4001 3076 συνα-

2411 3112 2590 3179 φείας,
2623 3111 2868 3181 ἔγνωμεν
2903 3112 2958 3163 δὲ
2994 3112 3052 3162 ἐν
3075 3129 3182 3164 τισι
3216 3113 3400 3175 τόποις
3434 3114 3585 3176 τινας
3613 3117 3673 3166 ὲκ
3716 3115 3810 3166 τοῦ
3844 3117 4003 3182 ἁγίου

2416 3203 2509 3254 καὶ
2557 3202 2933 3272 σωτηριώδους
2992 3202 3363 3272 βαπτίσματος
3417 3206 3612 3267 παῖδας
3671 3206 4005 3275 ἀναδεχομέο

732 3309 920 3368 postea
951 3309 1173 3367 quoque
1203 3308 1326 3347 cum
1366 3293 1634 3346 matribus
1665 3293 1881 3347 illorum
1918 3292 2096 3345 viduis
2126 3289 2311 3345 matri-

2421 3310 2565 3354 νους,
2613 3295 2707 3345 καὶ
2771 3295 2909 3362 μετά
2957 3293 3116 3345 τοῦτο
3143 3295 3268 3356 ταῖς
3332 3295 3557 3348 ἐκείνων
3619 3297 3858 3365 μητράσι
3910 3315 4007 3366 χη·

728 3390 971 3445 monium
1031 3385 1401 3440 contrahere:
1459 3383 1773 3443 statuimus,
1820 3391 1878 3435 ut
1931 3383 1985 3435 in
2029 3391 2309 3452 posterum

724 3481 860 3534 nihil
899 3481 992 3532 tiat
1028 3474 1320 3544 ejusmodi.
1366 3471 1422 3526 Si
1450 3473 1543 3542 qui
1568 3482 1747 3526 autem
1790 3471 1808 3509 ί
1868 3487 1964 3542 per
1993 3483 2310 3542 praesentem

728 3585 994 3626 canonem
1046 3568 1149 3622 hoc
1185 3565 1364 3620 facere
1403 3565 1725 3634 deprehensi
1759 3564 1980 3628 fuerint,
2022 3566 2058 3618 ii
2093 3565 2312 3632 quidem

734 3661 908 3732 primo
940 3660 1006 3714 ab
1023 3660 1124 3713 hoc
1153 3658 1342 3711 illicito
1375 3664 1430 3711 et
1473 3656 1678 3724 injnsto
1719 3655 2072 3709 matrimonio
2107 3658 2132 3693 ⁸
2171 3656 2315 3710 desi-

734 3763 927 3810 stant:
962 3751 1162 3805 deinde
1198 3757 1251 3804 et
1284 3748 1675 3801 fornicatorum
1715 3747 1888 3815 poenis
1927 3745 2310 3814 subjiciantur.

725 3846 867 3899 Cum
906 3844 1074 3912 igitur
1113 3855 1350 3910 pra:sens
1386 3854 1561 3892 canon
1597 3838 1858 3906 majorem
1896 3846 2051 3891 vocet
2097 3839 2313 3906 spirita-

731 3937 839 3990 lem
876 3936 1284 4004 cognationem,
1303 3946 1466 4000 quam
1489 3931 1763 3983 carnalem
1791 3946 1803 3985 :
1839 3945 2062 3984 necesse
2087 3930 2309 3992 habent,

730 4029 823 4097 qui
863 4040 956 4095 per
983 4039 1102 4078 eam
1137 4022 1370 4076 devincti
1403 4029 1554 4081 sunt.
1583 4021 1636 4072 in
1671 4029 1749 4073 tot
1779 4021 1980 4089 gradus
2005 4023 2312 4073 veneratio-

729 4131 855 4170 nem
883 4117 1002 4184 ejus
1049 4123 1104 4166 et
1131 4112 1302 4166 decus
1347 4110 1658 4172 observare,
1690 4121 1821 4176 quot
1866 4120 1920 4163 et
1951 4125 2014 4164 ex
2048 4111 2313 4178 sanguine

735 4205 1100 4276 cognationis.
1140 4202 1273 4256 Nam
1313 4201 1444 4264 Deo,
1482 4202 1679 4268 inquit,
1712 4217 1812 4269 per
1849 4200 2116 4270 baptisma
2135 4203 2312 4255 inter-

731 4299 979 4360 cedente,
1009 4308 1198 4348 eorum
1223 4291 1418 4344 anima:
1450 4289 1890 4358 conjunguntur,
1915 4297 1967 4342 et
1991 4304 2130 4342 unus
2150 4289 2314 4341 homo

738 4392 814 4452 tit,
840 4388 935 4456 qui
971 4401 1035 4440 ex
1065 4399 1223 4439 sacro
1260 4383 1587 4452 baptismate
1620 4380 1880 4434 infantem
1919 4381 2184 4446 suscepit,
2207 4383 2313 4433 hu-

734 4480 934 4548 jusque
975 4476 1244 4531 naturalis
1276 4486 1449 4543 pater.
1495 4472 1652 4527 Unde
1688 4481 1742 4526 et
1782 4483 2182 4540 consequenter
2217 4486 2312 4525 eo-

735 4586 857 4624 rum
901 4568 1078 4633 liberi,
1115 4569 1313 4621 fratres
1345 4565 1727 4627 nominantur,
1767 4564 2222 4632 quemadmodum
2259 4574 2314 4617 et

735 4663 836 4726 illi,
861 4669 1172 4729 compatres
1216 4677 1229 4712 :

740 4757 1123 4823 prolucuntur
1151 4763 1420 4818 persona},
1453 4747 1794 4816 cognationis
1819 4762 1882 4800 ex
1907 4747 2172 4816 sanguine
2197 4763 2315 4804 sor-

745 4844 958 4897 tiuntur
995 4841 1406 4910 appellationes.

2417 3384 2702 3454 ρευούσαις
2777 3387 3012 3454 γαμικὸν
3081 3385 3540 3448 συναλλάττοντας
3610 3389 3951 3441 συνοικέσιον
3990 3406 4002 3418 ’

2413 3475 2690 3545 ὁρίζομεν,
2754 3477 2862 3528 ἀπὸ
2909 3477 3002 3528 τοῦ
3047 3477 3314 3545 παρόντος
3371 3477 3538 3547 μηδὲν
3583 3477 3827 3531 τοιοῦτον
3869 3495 4010 3548 πρα-

2416 3567 2636 3636 χθῆναι.
2692 3568 2752 3618 Εί
2785 3567 2841 3618 δέ
2887 3583 3031 3629 τινες
3066 3568 3160 3620 καὶ
3202 3569 3478 3636 μετά·τδν
3525 3569 3768 3637 παρόντα
3802 3572 4010 3622 κανόνα

2415 3659 2719 3726 φωραθεῖεν
2778 3658 2934 3712 τοῦτο
2998 3659 3297 3723 ποιοῦντες,
3361 3660 3736 3731 πρωτοτύπως
3802 3661 3904 3730 μὲν
3959 3663 4008 3713 οι

2413 3749 2643 3805 τοιοῦτοι
2715 3749 3136 3819 ἀφιστάσθωσαν
3175 3750 3292 3824 ,τοῦ
3361 3753 3603 3804 τοιούτου
3677 3754 4007 3820 παρανόμου

2419 3843 2777 3903 συνοικεσίου,
2831 3843 3027 3893 ἔπειτα
3069 3843 3126 3894 δὲ
3166 3845 3260 3895 καὶ
3311 3846 3424 3903 τοῖς
3479 3845 3588 3894 τῶν
3627 3847 4009 3912 πορνειαόντων

2417 3933 2712 4000 ἐπιτιμίοις
2773 3932 3254 4000 ὑποϐληθήτωσαν.
3319 3933 3442 3984 Ὀτι
3493 3934 3670 3985 τοίνυν
3723 3934 3751 3984 ὁ
3817 3935 4010 4003 παρὼν

2416 4025 2595 4076 κανὼν
2632 4025 2851 4090 μείζονα
2900 4026 3056 4075 καλεῖ
3086 4025 3183 4092 τὴν
3231 4026 3612 4093 πνευματικὴν
3680 4029 4010 4092 συγγένειαν

2417 4116 2566 4184 παρά
2595 4117 2694 4183 τὴν
2725 4115 3016 4183 σαρκικὴν,
3050 4115 3299 4182 ἀνάγκην
3340 4116 3557 4183 ἔχουσιν
3593 4118 3644 4167 oi
3681 4116 3771 4167 διὰ
3798 4117 4010 4186 ταύτης

2423 4206 2774 4266 συνδεθέντες
2825 4209 2902 4267 εἰς
2957 4205 3241 4265 τοσούτους
3297 4205 3540 4275 βαθμοὺς
3599 4212 3889 4277 συντηρεῖν
3951 4209 4012 4259 τδ

2415 4298 2618 4365 ταύτης
2653 4297 2948 4365 σεϐάσμιον
2981 4297 3074 4348 καὶ
3125 4297 3416 4366 εὐπρεπὲς,
3474 4299 3553 4359 είς
3596 4298 3756 4359 ὅσους
3804 4301 3900 4350 καὶ
3950 4299 4013 4350 τδ

2416 4387 2518 4454 τῆς
2547 4387 2604 4449 ἐξ
2633 4386 2861 4454 αἵματος
2885 4387 3222 4452 συγγενείας.
3247 4389 3343 4438 Διά
3363 4387 3469 4454 γὰρ
3494 4387 3585 4438 τοῦ
3608 4386 4010 4456 βαπτίσματος,

2419 4478 2578 4542 Θεοῦ,
2603 4480 2758 4546 φησί,
2785 4475 3129 4543 μεσάζοντος,
3156 4480 3212 4529 αἱ
3230 4477 3400 4546 ψυχαὶ
3420 4478 3597 4529 αὐτῶν
3615 4480 4007 4544 συνάπτονται,

2419 4569 2514 4622 καὶ
2558 4562 2639 4630 είς
2667 4567 2969 4636 ἄνθρωπος,
3003 4568 3051 4631 ὅ,
3095 4583 3150 4618 τε
3186 4569 3248 4618 ὲκ
3277 4567 3371 4619 τοῦ
3420 4568 3576 4633 ἀγίου
3627 4567 4010 4638 βαπτίσματος

1287 4657 1540 4712 similiter
1579 4665 1631 4710 et
1662 4671 1783 4724 quae
1817 4671 1883 4710 ex
1918 4656 2002 4709 his
2051 4657 2310 4724 deinceps

2418 4662 2505 4713 τὸν
2527 4661 2690 4713 παῖδα
2716 4661 3028 4728 δεξάμενος,
3047 4658 3140 4710 καὶ
3161 4660 3189 4709 ό
3207 4659 3347 4710 κατά
3373 4660 3548 4728 σάρκα
3573 4659 3767 4710 τούτου
3796 4660 4008 4728 τρτὴρ,

2415 4754 2674 4818 γίνονται.
2713 4751 2877 4802 Ὅθεν
2919 4749 3227 4810 ἀκολούθως
3266 4749 3360 4800 καὶ
3413 4751 3462 4801 ol
3526 4749 3734 4801 τούτων
3796 4751 4010 4815 παῖδες,

2420 4843 2640 4911 ἀδελφοὶ
2681 4843 3060 4911 ὀνομάζονται,
3104 4841 3248 4893 καθά
3310 4842 3406 4894 καὶ
3450 4842 3666 4904 ἐκεῖνοι,
3699 4841 4012 4911 σύντεκνοι,

748 4931 1020 4998 Ὡσαύτως
1080 4935 1172 4985 καί
1227 4931 1295 4983 τὰ
1328 4933 1391 4984 ὲκ
1455 4929 1658 4983 τούτων
1707 4931 2058 5001 καταγόμενα
2119 4933 2319 5004 ἑφεξῆς
2393 4938 2658 5007 πρόσωπα
2713 4935 2812 4998 τὰς
2866 4935 2965 5004 τῆς
3020 4934 3078 5001 ιε
3133 4933 3365 5004 αἵματος
3413 4934 3734 5002 συγγενείας
3788 4935 4015 5006 κλήσεις

742 5024 1226 5098 μεταλαγχάνουσι,
1255 5027 1348 5076 καὶ
1386 5024 1526 5074 εἰσὶν
1570 5021 1786 5091 ἀληθῶς
1839 5025 1932 5076 καὶ
1963 5023 2320 5092 ὀνομάζονται
2357 5028 2659 5098 συγγενεῖς.

806 5117 1060 5186 Suntque
1105 5128 1250 5177 vere,
1305 5121 1359 5165 et
1412 5114 1762 5165 nominantur
1822 5116 2062 5184 cognati.
2120 5116 2314 5172 Sancti

741 5210 884 5264 enim
928 5205 1164 5275 Spiritus
1213 5203 1433 5256 uniendi
1479 5213 1717 5272 potestas
1778 5219 1970 5259 omnes
2006 5207 2320 5261 conciliavit

743 5303 796 5353 in
827 5311 1007 5351 veram
1041 5297 1524 5365 propinquitatem,
1559 5306 1679 5364 quae
1710 5296 2086 5350 contractibus
2113 5297 2318 5354 illicitis

745 5388 1008 5443 confundi
1047 5404 1151 5440 non
1199 5395 1396 5455 potest.
1449 5385 1853 5442 Prohibitortus
1889 5404 2018 5458 ergo
2053 5392 2320 5446 terminus

751 5484 804 5533 in
839 5481 958 5545 hac,
987 5490 1045 5533 ut
1077 5481 1130 5532 in
1159 5479 1443 5548 sanguinis
1472 5483 1832 5549 cognatione,
1858 5495 2031 5549 usque
2057 5480 2123 5533 ad
2153 5481 2320 5546 septi-

750 5588 894 5625 mtnn
940 5573 1166 5638 gradum
1203 5571 1587 5624 observabitur
1659 5571 1754 5624 Est
1807 5579 1862 5624 et
1913 5571 2015 5624 alia
2064 5571 2318 5640 cognatio

2505 5117 2568 5170 Ἦ
2601 5117 2710 5186 γὰρ
2742 5115 2837 5169 τοῦ
2876 5116 3032 5183 ἁγίου
3068 5115 3381 5185 Πνεύματος
3403 5114 3634 5183 ἑνωτικὴ
3670 5114 3911 5182 δύναμις
3931 5118 4016 5176 είς

2425 5207 2654 5274 γνησίαν
2684 5207 2958 5276 ἐγγύτητα
2987 5206 3194 5268 πάντας
3223 5206 3589 5275 συνήρμοσεν,
3621 5205 3690 5274 ήν
3722 5205 4015 5259 συνθολοῦ-

2428 5297 2551 5348 σθαι
2577 5297 3020 5365 συναλλάγμασιν
3041 5297 3301 5365 ἀθέσμοις
3350 5298 3525 5364 πάντη
3578 5297 3864 5350 ἀδύνατον.
3904 5299 4015 5351 Πα-

2431 5390 2877 5460 ρατηρηθήσεται
2927 5390 2983 5442 δὲ
3044 5391 3104 5441 ἐν
3141 5389 3315 5459 ταύτῃ
3378 5388 3438 5440 τὸ
3467 5389 3773 5441 κωλυτικδν
3839 5392 4013 5459 ὅριον,

2429 5482 2572 5533 κατά
2605 5481 2701 5549 τὴν
2733 5482 2791 5546 εξ
2821 5481 3053 5549 αἵματος
3072 5481 3414 5548 συγγένειαν,
3453 5481 3617 5548 μέχρι
3651 5480 3749 5532 καὶ
3781 5481 4015 5550 ἑϐδόμου

2431 5572 2661 5642 βαθμοῦ.
2694 5574 2848 5624 Ἐυτι
2875 5573 2929 5626 δε
2960 5575 3053 5625 καὶ
3100 5573 3259 5642 ἑτέρα
3319 5572 3612 5640 συγγένεια
3651 5572 3742 5624 διὰ
3788 5572 4010 5635 θέσεως,

2027 5723 2266 5778 ΥΑΒΙᾹΞ
2300 5724 2707 5782 LECTIONES.

830 5849 844 5887 ί
889 5851 1053 5901 latum
1087 5847 1220 5901 hunc
1250 5864 1362 5917 pos;
1412 5862 1695 5904 canorum.

1778 5849 1801 5888 ⁸
1833 5846 1896 5899 ab
1932 5847 2028 5900 hac
2074 5849 2280 5914 aviaria
2315 5849 2720 5905 Cohabitstione.
