4176 6446
677 427 780 492 GH

1981 431 2117 488 JUS
2159 431 2606 492 CANONICUM

3837 435 3940 501 5&3

680 542 720 595 ll
780 541 1096 620 Beatissimi
1129 564 1188 600 ac
1213 549 1537 620 sanctissimi
1565 550 1943 616 archiepiscopi
1970 549 2256 617 Bulgariw,

2370 552 2425 605 Β.
2463 555 2569 606 Τοῦ
2612 552 3057 619 μακαριωτάτου
3081 553 3179 604 καὶ
3209 551 3532 618 ἁ;·ιωτάτου
3558 554 3942 620 ἁρχιεπισκό-

756 615 958 667 domini
1003 617 1256 671 Demetrii
1289 619 1595 672 Chomateni
1635 629 1695 684 ω,
1744 615 1814 672 ad
1855 615 2256 673 Constantinum

752 683 1063 768 Cabasilam
1099 690 1554 759 archiepiscopum
1589 692 1886 759 metropolis
1923 690 2259 761 Dyrrhachii,

751 773 1135 824 responswnes.

749 915 1070 971 Obedientia
1103 925 1158 973 et
1184 918 1400 988 pigritia
1427 928 1453 956 υ
1480 933 1574 972 seu
1610 919 1872 973 timiditas
1906 919 2261 974 adhaeserunt

682 1007 812 1061 mihi
850 1016 1095 1078 repente,
1123 1009 1370 1063 divinum
1399 1010 1532 1064 mihi
1565 1018 1619 1064 et
1646 1025 1861 1065 sacrum
1891 1020 2075 1081 caput,
2107 1019 2261 1082 post-

679 1113 842 1164 quam
873 1100 1098 1154 admissi
1132 1111 1236 1154 tuae
1264 1101 1648 1169 amplitudinis
1675 1102 1990 1173 dignitatem
2019 1111 2044 1138 ο
2073 1103 2139 1155 ad
2178 1117 2261 1155 me

678 1190 746 1242 de
797 1190 1124 1257 quibusdam
1177 1191 1707 1264 interrogationibus
1757 1193 1920 1262 paulo
1969 1203 2093 1246 ante
2147 1191 2258 1245 fre-

677 1289 1029 1347 quentantem
1054 1293 1099 1336 P.
1139 1282 1294 1349 Quod
1343 1300 1520 1354 neque
1553 1285 1685 1338 mihi
1728 1286 1926 1339 licebat
1964 1285 2065 1339 hoc
2107 1299 2259 1338 recu-

677 1387 824 1436 s-tre,
863 1380 922 1425 ut
963 1373 1396 1442 probescienti,
1435 1375 1895 1444 interrogationes
1944 1376 2258 1443 responsio-

679 1462 842 1516 nibus
883 1474 1284 1520 consentaneas
1334 1481 1398 1519 ex
1449 1467 1782 1520 necessitate
1826 1476 1853 1515 tt
1909 1466 2205 1533 procedere
2244 1484 2256 1520 :

679 1552 794 1606 sive
837 1561 895 1606 ut
936 1553 1124 1609 decuit
1163 1556 1277 1611 sive
1318 1558 1543 1626 sequius
1584 1557 1722 1612 f0rte
1761 1557 1984 1626 prolatae
2022 1560 2152 1612 sint.
2195 1557 2259 1612 Et

680 1645 752 1696 ita
798 1644 994 1698 horum
1045 1656 1342 1718 utrumque
1381 1663 1409 1702 a
1452 1650 1680 1716 meipso.
1720 1658 1776 1703 ut
1815 1649 2070 1714 facerem,
2099 1649 2258 1704 velte-

680 1742 892 1789 menter
919 1739 1203 1792 contendit
1233 1750 1252 1776 τ
1293 1757 1308 1796 ι
1353 1741 1422 1792 ita
1461 1748 1519 1792 ut
1550 1741 1615 1792 iis
1649 1741 2023 1795 conterminus
2053 1740 2257 1804 ﬁerem,

678 1827 831 1880 nullo
865 1829 1117 1884 videlicet
1147 1830 1315 1894 facto,
1341 1833 1424 1886 vel
1456 1833 1736 1888 exaudito.
1766 1833 2082 1890 Obedientia
2113 1834 2257 1888 enim

2441 643 2558 678 που
2585 626 2975 690 Βουλγαριάς,
3007 623 3216 690 κυρίου
3239 625 3571 689 Δημητρίου
3599 625 3703 676 τοῦ
3740 628 3940 692 Χωμα-

2438 696 2623 755 τηνοῦ
2646 694 2711 753 ’⁸,
2773 693 2925 758 πρὸς
2955 692 3416 746 Κωνσταντῑτοον
3459 695 3944 759 ἀρχιδ-πίσκρπογ

2436 765 2547 829 τῆς
2573 763 3000 831 μητροπόλεως
3037 764 3391 831 Δυρῤαχίου,
3417 765 3523 816 τὸν
3565 767 3940 825 Καεάσιῖαν,

2433 836 2801 902 ἀποκρίσεις.

2448 927 2692 996 ’Υπακοὴ
2725 928 2816 978 καὶ
2847 925 3022 986 ὄκνος,
3073 926 3247 976 είτςυν
3294 923 3485 985 δειλία,
3536 925 3944 992 παρεπέγτζσαν

2366 1039 2456 1090 μοι
2515 1019 2762 1084 ἐξάπινα,
2827 1016 3089 1074 θεσπεσία
3149 1034 3241 1084 μοι
3285 1017 3379 1067 καὶ
3434 1015 3554 1083 ξερα
3616 1017 3946 1084 κειταλὴ,τδ

2364 1114 2500 1183 πρός
2534 1129 2598 1181 με
2642 1111 2953 1178 περίτινων
2975 1109 3228 1160 πεύσεων
3283 1106 3500 1176 πρωῖζὰ
3542 1109 3809 1174 φοιτῆσαν
3867 1109 3945 1159 εἰς

2377 1207 2658 1277 δεξαμένῳ
2688 1206 2904 1273 ἀξίωμα
2933 1204 3032 1272 τῆς
3075 1207 3174 1272 σῆς
3220 1202 3577 1270 τελειότητος.
3613 1201 3742 1254 Ὀτι
3811 1201 3945 1268 μηὶὲ

2363 1298 2491 1367 ἐξῆν
2535 1315 2623 1366 μοι
2655 1295 2812 1348 τοῦτο
2839 1292 3452 1362 ἀποδιοπομπήσασθαι,
3506 1286 3616 1350 οἷα,
3685 1290 3745 1342 εἰ)
3781 1291 3944 1341 εἰδότι

2363 1386 2688 1446 ἀκολούθους
2707 1386 2803 1446 τὰς
2834 1384 3135 1454 ἐρωτήσεις
3172 1382 3232 1448 ἐξ
3281 1383 3529 1449 ἀνάγκης
3559 1383 3676 1443 ταῖς
3709 1380 3944 1448 ἀποκρί-

2365 1497 2481 1532 σεσι
2527 1479 2844 1549 προϐαίνειν
2871 1495 2882 1508 ·
2926 1477 3027 1530 κᾶν
3122 1477 3262 1530 κατὰ
3313 1476 3511 1544 μοῖραν
3549 1476 3582 1544 ἢ
3634 1477 3731 1542 οὐχ
3768 1473 3946 1535 οὕτως

2365 1572 2746 1641 προέρχωνται
2777 1571 2927 1634 ἴσως.
2952 1572 3062 1623 Καὶ
3094 1569 3238 1622 οὕτω
3261 1567 3453 1621 τούτου
3503 1568 3765 1637 ἑκάτερον
3810 1571 3948 1636 πρὶς

2365 1663 2554 1716 ἑαυτοῦ
2588 1681 2652 1732 με
2680 1664 2898 1730 ποιῆσαι
2932 1661 3158 1731 σφόδρα,
3201 1659 3630 1729 ἐφιλονείκησεν,
3685 1658 3761 1720 ὡς
3794 1659 3949 1724 γενέ-

2368 1756 2490 1808 σθαι
2521 1773 2587 1823 με
2620 1754 2826 1806 τούτων
2855 1752 3128 1824 μεθόριον,
3159 1753 3388 1822 μηδενὸς
3449 1751 3691 1818 δηλονότι
3719 1750 3948 1817 γινόμε-

2368 1867 2477 1912 νον,
2507 1849 2538 1917 ἢ
2575 1847 2928 1916 ἀκουόμενον.
2965 1845 3028 1898 Ἦ
3062 1844 3163 1914 μὲν
3200 1844 3310 1912 γὰρ
3355 1843 3592 1913 ὑπακοὴ,
3625 1841 3726 1910 τῆς
3751 1857 3947 1894 ταπει-

681 1919 948 1973 mirabilis
981 1922 1259 1978 exsistens
1294 1933 1484 1994 partus
1521 1925 1861 1986 humilitatis.
1889 1925 1955 1978 ad
1985 1925 2260 1996 dignitatis

2369 1941 2705 2009 νοφροσύνης
2743 1937 2876 1992 οὖσα
2921 1938 3227 2006 θαυμάσιον
3283 1935 3606 2004 ἀποκύημα,
3656 1934 3792 2003 πρὸς
3845 1933 3950 2001 τὴν

681 2023 766 2061 me
813 2012 1205 2078 permovebat'
1238 2015 1552 2070 comitatem
1597 2017 2000 2087 benignamque
2037 2031 2262 2083 suscep-

681 2100 884 2153 tionem
918 2117 934 2147 :
966 2102 1238 2157 dubitatio
1260 2107 1276 2140 ί
1315 2105 1603 2172 suadebat,
1629 2116 1685 2161 ut
1714 2107 1776 2160 ad
1802 2117 2027 2162 conatus
2052 2110 2263 2178 magni-

681 2193 924 2248 tudinem
955 2204 1007 2250 et
1038 2197 1414 2253 difﬁcultatem
1459 2202 1813 2270 respicerem,
1857 2212 1907 2256 et
1956 2203 2027 2255 ita
2079 2203 2264 2256 horre-

679 2301 818 2350 rem,
867 2289 1374 2360 dcsponderemque
1428 2294 1672 2346 animum
1727 2311 1738 2346 :
1788 2305 1937 2349 certe
1987 2296 2150 2349 etiam
2195 2293 2260 2348 ad

681 2382 1223 2450 impudentissimum
1254 2387 1702 2455 reprehensorem
1737 2390 2098 2455 suspicerent,
2125 2403 2262 2456 quo-

681 2476 846 2530 modo
883 2478 1058 2533 soleat
1115 2479 1279 2533 etiam
1333 2494 1436 2536 ea.
1492 2497 1613 2548 qua:
1670 2481 1817 2550 tangi
1872 2497 1978 2533 non
2039 2480 2260 2545 debent,

680 2577 1049 2626 contrectare.
1089 2571 1227 2626 Hinc
1271 2588 1370 2641 ego
1413 2574 1696 2626 amborum
1733 2571 2044 2640 tmjusmodi
2080 2579 2261 2625 extre-

683 2677 896 2714 morum
931 2678 1126 2716 novam
1159 2665 1470 2717 mistionem
1496 2663 2262 2732 demonstravi,quemadmo-

683 2754 811 2804 dum
857 2769 920 2807 ex
963 2755 1155 2808 timido
1205 2766 1258 2810 et
1303 2757 1509 2810 audace
1562 2755 1879 2809 Aristotelis
1923 2755 2262 2823 compositus

678 2853 762 2897 est
811 2845 1182 2914 θρασύδειλος.
1235 2849 1412 2914 Atque
1452 2848 1523 2900 ita
1568 2855 1822 2901 neutrum
1857 2846 1910 2900 in
1946 2862 2004 2900 se
2039 2861 2262 2901 servare

680 2940 734 2990 in
777 2940 1012 2993 solidum
1058 2943 1399 3010 periclitatus
1431 2957 1574 3004 sum,
1611 2943 1757 2995 velut
1791 2941 1857 2995 ad
1894 2941 2260 2996 obedientiam

679 3032 996 3102 tigrescens
1040 3043 1094 3088 et
1140 3035 1415 3104 pigritiam
1455 3050 1550 3102 per
1597 3035 1965 3088 obedientiam
2015 3036 2262 3088 exsusci-

680 3135 804 3179 tans
843 3130 893 3177 ιι.
970 3125 1108 3178 Cum
1175 3140 1302 3180 vero
1370 3126 1478 3179 nati
1541 3126 1658 3180 suis
1732 3125 1980 3195 patribus
2053 3125 2263 3179 similes

2368 2032 2459 2084 τοῦ
2492 2031 2800 2099 ἀξιώματός
2829 2049 2894 2099 με
2940 2030 3228 2100 παρεκίνει
3269 2027 3682 2098 φιλοφροσύνην
3729 2043 3787 2078 τε
3853 2029 3950 2078 καὶ

2365 2121 2611 2184 δεξίωσιν
2646 2139 2655 2149 ·
2695 2122 2723 2172 ό
2777 2121 2831 2172 δέ
2882 2138 2943 2186 γε
3001 2121 3158 2183 ὄκνος
3195 2118 3528 2171 ἀποϐλέπειν
3574 2115 3758 2168 ἔπειθε
3807 2116 3949 2183 πρὸς

2365 2213 2424 2264 τὸ
2477 2212 2712 2280 ἐργῶδες
2763 2213 2854 2261 καὶ
2915 2211 3306 2272 δυσεξανυστον
3345 2207 3440 2260 τοῦ
3489 2206 3946 2275 ἐπιχειρήματος,

2371 2304 2464 2354 καὶ
2497 2302 2668 2364 οὕτως
2689 2301 2947 2371 ὀρρωδεῖν
2985 2302 3080 2352 καὶ
3112 2298 3496 2352 συστέλλεσθαι
3534 2314 3548 2327 ·
3591 2297 3682 2349 ναὶ
3724 2296 3783 2348 δὲ
3853 2296 3949 2348 καὶ

2365 2394 2526 2445 αὐτὸν
2562 2395 2697 2445 ὑποε
2749 2393 2968 2443 τττεσθαι
3001 2392 3093 2443 τὸν
3143 2390 3532 2443 ἀναιδέστατον
3595 2389 3811 2457 μῶμον,
3871 2388 3949 2448 ὡς

2364 2486 2520 2538 εἴωθε
2585 2485 2678 2537 καὶ
2742 2484 2919 2536 αὑτιῖν
2973 2483 3081 2535 τῶν
3122 2481 3421 2550 ἀψαύστων
3447 2478 3946 2548 ἐπιλαμϐάνεσθαι.

2377 2576 2656 2630 Ἐντεῦθεν
2687 2577 2794 2643 ἐγὼ
2815 2576 3094 2642 ἑκατέρων
3133 2576 3360 2626 τουτωνὶ
3390 2573 3496 2626 τῶν
3525 2573 3710 2641 ἄκρων
3763 2573 3952 2640 μίγμα

2363 2687 2414 2720 τι
2446 2668 2635 2720 καινὸν
2675 2668 3000 2736 ἀναπέφηνα
3027 2683 3042 2696 ο
3074 2667 3133 2718 ὃν
3162 2667 3362 2734 τρόπον
3389 2667 3452 2718 ἐκ
3479 2665 3574 2717 τοῦ
3622 2664 3798 2716 δειλοῦ
3852 2663 3953 2714 καὶ

2363 2761 2457 2813 τοῦ
2481 2760 2712 2831 θρασέος
2746 2761 2773 2811 ό
2826 2760 2968 2814 κατὰ
3016 2759 3399 2829 Ἀριστοτέλην
3445 2757 3704 2825 συνετέθη
3744 2755 3951 2824 θρασύ-

2363 2851 2556 2915 δειλος.
2583 2853 2692 2904 Καὶ
2722 2851 2865 2904 οὕτω
2897 2850 3193 2920 μηδέτερον
3224 2849 3528 2913 ἀποσώζειν
3582 2848 3720 2916 πρὸς
3752 2847 3952 2899 ἑαυτου

2365 2942 2496 3012 πρὸς
2519 2942 2812 3011 ὁλόκληρον
2841 2941 3252 2994 κεκινδύνευκα.
3278 2937 3386 2995 Οἷα
3412 2940 3510 3009 τὴν
3563 2940 3663 3007 μὲν
3698 2938 3954 3004 ὑπακοὴν

2365 3034 2563 3098 ὀκνῶν,
2599 3034 2692 3086 τὸν
2721 3034 2778 3086 δὲ
2803 3034 2960 3086 ὖκνον
2981 3037 3047 3103 τῇ
3084 3035 3300 3102 ὑπακοῇ
3353 3031 3668 3100 καταργῶν.
3715 3029 3868 3080 Ἐπεὶ
3893 3027 3954 3079 δὲ

2365 3129 2432 3181 τὰ
2461 3130 2776 3196 γεννήματα
2800 3127 2915 3188 τοῖς
2949 3127 3178 3186 οἰκείοις
3230 3125 3503 3189 πατράσιν
3559 3121 3795 3174 ἐοικέναι
3849 3136 3955 3170 πε-

677 3232 798 3270 esse
847 3218 1078 3278 soleant.
1129 3233 1196 3273 en
1247 3228 1438 3274 noster
1489 3220 1578 3273 hic
1630 3219 1794 3279 fetus.
1848 3229 1953 3273 tua:
2001 3219 2260 3273 videlicet

2366 3220 2626 3287 φύκασιν,
2657 3219 2765 3272 ἰδοὺ
2802 3219 2984 3271 καὶτὸ
3005 3219 3276 3287 ἡμέτερον
3305 3217 3454 3267 τουτὶ
3492 3214 3704 3282 κύημα,
3735 3212 3798 3263 τὸ
3849 3212 3956 3278 τῆς

681 3310 964 3377 petitionis
997 3311 1437 3381 implementum,
1469 3322 1527 3365 ut
1560 3328 1617 3367 se
1652 3313 1832 3374 habet,
1873 3310 2054 3380 prodit
2081 3329 2092 3362 :
2123 3325 2260 3363 con-

679 3401 1032 3456 sistentiam'
1069 3401 1291 3472 quidem
1319 3410 1412 3454 aut
1438 3403 1800 3456 substantiam
1830 3418 1894 3456 ex
1924 3400 2254 3464 obedientia,

679 3493 908 3547 formam
941 3505 1119 3550 autem
1147 3509 1211 3548 ex
1247 3496 1600 3548 cunctatione
1634 3496 1863 3548 sortitus
1893 3509 1902 3542 :
1933 3493 2000 3546 ab
2021 3507 2083 3545 ea
2113 3492 2257 3544 enim

679 3585 744 3636 ad
799 3585 1058 3652 pallorem
1103 3593 1185 3638 est
1251 3586 1553 3647 coloratus,
1608 3593 1667 3636 ut
1716 3597 1907 3637 eorum
1969 3595 2118 3636 more
2167 3579 2257 3648 qui

681 3676 895 3739 timent,
943 3686 1133 3730 Caveat
1171 3691 1431 3730 revocare
1475 3691 1723 3746 gressum
1751 3684 1776 3711 ι
1809 3692 1838 3726 ει
1871 3674 2010 3727 facie
2044 3689 2255 3736 eorum,

679 3772 769 3836 qui
802 3768 855 3822 in
887 3770 1136 3823 oratione
1163 3779 1192 3818 γ
1227 3779 1280 3823 et
1312 3769 1364 3822 in
1395 3779 1626 3838 utraque
1666 3767 1934 3837 sapientia
1963 3766 2258 3820 maximam

683 3862 1084 3928 propositarum
1120 3863 1486 3931 qtmstiunum
1536 3862 1642 3913 vim
1687 3861 1862 3915 sortiti
1916 3869 2065 3912 sunt.
2103 3857 2259 3922 Quod

679 3953 723 4003 si
773 3965 878 4021 qua
923 3952 1064 4006 forte
1106 3953 1225 4006 laus
1257 3968 1320 4005 ex
1355 3949 1654 4017 improviso
1686 3948 1911 4017 palloris
1946 3944 2263 3999 deformita-

682 4056 789 4097 tem
824 4045 877 4097 in
908 4044 1163 4098 ruborem
1195 4043 1321 4096 huic
1350 4041 1667 4103 mutaverit,
1693 4047 1751 4092 ut
1780 4039 2006 4108 pulchra
2039 4037 2175 4089 facie
2209 4043 2263 4088 et

682 4134 922 4203 gratiosa
960 4133 1354 4203 conspiciatur,
1392 4140 1444 4187 et
1473 4131 1685 4184 fiducia:
1723 4127 2102 4183 convenientis
2137 4139 2263 4194 par-

687 4229 885 4295 ticeps,
917 4227 1055 4296 aequi
1097 4227 1334 4296 bonique
1370 4224 1745 4278 consulamus.
1779 4220 1949 4286 Quem
1984 4218 2132 4274 enim
2170 4231 2265 4285 pa-

685 4331 820 4374 trem
856 4321 936 4388 (ut
968 4320 1231 4389 sapientis
1260 4318 1571 4373 Salomonis
1601 4314 1767 4369 verbo
1801 4310 1940 4380 utar)
1975 4310 2120 4364 filius
2155 4321 2262 4361 non

684 4413 924 4466 oblectat
955 4411 1387 4466 formosissimus
1412 4420 1463 4464 et
1489 4407 1756 4479 sapiens?
1796 4405 1900 4460 Sed
1932 4407 1975 4459 si
2012 4415 2267 4472 perman-

685 4505 820 4558 ειη-ῆι
847 4505 1010 4574 (proh
1038 4503 1394 4556 immutabilis
1422 4499 1763 4567 deformitas)
1788 4511 2014 4552 necesse
2041 4497 2264 4549 omnino

684 4595 810 4659 erit,
849 4593 915 4649 ad
954 4602 1241 4664 paternum
1285 4593 1429 4646 hunc
1476 4592 1762 4647 convertiIl
1809 4591 2014 4651 sinum,
2054 4598 2114 4643 ut
2155 4589 2265 4643 illic

684 4689 753 4739 de
786 4685 964 4739 medio
1005 4685 1244 4748 sublata,
1276 4685 1420 4752 quod
1458 4700 1562 4737 non
1592 4693 1853 4737 cernatur
1876 4691 1925 4745 ⁸,
1957 4680 2259 4751 turpitudi-

685 4780 772 4833 nis
800 4779 987 4832 saltem
1022 4778 1374 4846 opprobrium
1411 4778 1729 4832 abscondat.
1906 4848 1909 4851 _

759 4865 1232 4936 Interrogatio.An
1261 4876 1509 4936 Oporteat
1545 4883 1692 4929 eum,
1718 4867 1810 4936 qui
1835 4866 2041 4921 electus
2066 4874 2174 4929 est,
2211 4873 2265 4920 et

687 4959 927 5028 suscepit
968 4960 1312 5028 dignitatem,
1343 4961 1733 5031 amplexusque
1763 4966 1868 5024 est,
1900 4957 2180 5013 transferri
2210 4959 2264 5012 in

688 5053 849 5104 aliam
885 5054 1200 5121 episcopen.

766 5141 884 5196 lies.
955 5141 1068 5196 Hoc
1116 5144 1441 5197 canonicqu
1495 5144 1709 5211 quidem
1767 5158 1874 5196 nou
1929 5152 2036 5205 est,
2088 5157 2264 5210 neque.

2365 3311 2464 3378 σῆς
2493 3311 2738 3378 δηλονότι
2764 3312 3030 3378 αἰτήσεως
3058 3309 3352 3378 πλήρωμα,
3378 3307 3454 3366 ὼς
3489 3305 3598 3372 ἄρα
3665 3307 3757 3354 καὶ
3810 3303 3950 3369 ἔχει,

2363 3405 2594 3470 πρόεισι,
2625 3403 2719 3470 τὴν
2758 3402 2854 3471 μὲν
2880 3401 3140 3454 σύστασιν
3172 3400 3533 3469 ἧῦπόστασιν
3573 3399 3636 3447 ὲκ
3677 3397 3780 3463 τῆς
3842 3397 3954 3444 it:-

2361 3496 2553 3563 ακοῆς,
2585 3495 2644 3547 τὸ
2679 3495 2736 3546 δὲ
2771 3495 3078 3563 μόρφασμα
3113 3494 3177 3542 ἐκ
3208 3492 3301 3543 τοῦ
3325 3491 3484 3542 ὄκνου
3506 3490 3688 3556 λαχόν.
3721 3487 3954 3554 Κέχρωο

2363 3604 2482 3638 σται
2516 3588 2623 3657 γὰρ
2653 3587 2758 3638 ὑπὸ
2784 3586 2976 3638 τούτου
3006 3586 3143 3655 πρὸς
3179 3579 3382 3654 ὢχρον.
3428 3584 3517 3643 Ὠς
3573 3579 3953 3636 εὐλαῦεῖσθαι,

2363 3681 2505 3732 κατὰ
2553 3682 2679 3742 τοὺς
2745 3678 3136 3747 φοϐουμένους.
3179 3677 3272 3730 καὶ
3320 3674 3642 3742 ἀναπόδομα
3668 3674 3714 3705 ”
3747 3673 3954 3740 χωρεῖν

2365 3775 2472 3825 ἀπὸ
2501 3773 2797 3842 προσώπου
2828 3771 2938 3823 τῶν
2966 3771 3230 3838 μεγίστην
3279 3768 3553 3837 λαχόντων
3582 3769 3641 3818 ὲν
3673 3765 3820 3832 λόγῳ
3855 3765 3956 3816 καὶ

2368 3864 2528 3931 σοφία
2576 3862 2810 3930 ἑκατέρα
2868 3859 3366 3931 προϐεϐλημένων,
3430 3856 3614 3926 ἰσχύν.
3671 3855 3732 3906 ΕΞ
3784 3854 3844 3904 δέ
3867 3869 3956 3911 τις

2369 3957 2589 4018 ἔπαινος
2617 3955 2746 4016 ἴσως
2774 3955 2838 4003 ὲκ
2855 3951 3168 4020 παραϐόλου
3203 3949 3268 4015 τὸ
3297 3948 3407 4000 ἀπὸ
3439 3947 3533 4000 τοῦ
3564 3945 3746 4014 ὦχρου
3772 3945 3958 4011 εἰδεχ-

2369 4048 2457 4108 θὲς
2489 4047 2568 4107 εἰς
2599 4043 2821 4113 ἔρευθος
2848 4041 3009 4094 τοῦτο
3045 4040 3360 4110 μεταϐαλεῖ,
3387 4039 3464 4100 ὡς
3493 4037 3759 4108 ὁραθῆναι
3792 4035 3959 4087 τοῦτο

2368 4141 2461 4191 καὶ
2498 4137 2874 4205 καλλιπάρηον
2907 4134 3044 4203 ἅμα,
3084 4133 3177 4185 καὶ
3221 4121 3484 4201 χαροπδν,
3517 4131 3610 4182 καὶ
3634 4126 3958 4198 παρρησίας

2365 4231 2464 4297 τῆς
2497 4226 2842 4298 καθηκούσης
2877 4225 3125 4294 μέτοχον,
3183 4222 3524 4291 αιἀπῲημεν
3559 4221 3642 4273 ἄν.
3673 4219 3812 4270 Τίνα
3842 4219 3957 4287 γὰρ

2370 4322 2582 4388 πατέρα
2619 4317 2700 4385 (τὸ
2735 4315 2828 4368 τοῦ
2860 4316 3022 4382 σοφοῦ
3061 4315 3407 4382 Σολομῶντος
3456 4311 3651 4378 εἰπεῖν)
3687 4310 3803 4368 υἱὸς
3858 4311 3957 4360 εὑ-

2370 4410 2594 4480 φαίνειί
2629 4409 2722 4461 καὶ
2753 4407 3041 4468 κάλλιστος
3065 4407 3159 4458 καὶ
3194 4405 3391 4472 σοφόςς
3425 4404 3488 4455 ΕΞ
3535 4403 3591 4455 δὲ
3639 4403 3959 4470 παραμενεῖ

2367 4500 2528 4554 τοῦτο
2547 4497 2668 4570 (φεῦ
2698 4500 2758 4551 τὸ
2790 4497 3101 4568 δύσμορφον
3122 4496 3524 4562 ἀναλλοίωτον),
3551 4495 3704 4546 πᾶσι
3735 4496 3956 4560 ἀνάγκη

2374 4593 2509 4663 πρὸς
2534 4593 2623 4644 τὸν
2651 4589 2902 4661 πατρῷον
2930 4590 3089 4642 τοῦτο
3146 4589 3345 4641 κόλπον
3375 4586 3826 4655 ἁποστραςνῆναι,
3878 4585 3955 4645 ὡς

2374 4685 2440 4736 ἂν
2481 4685 2660 4735 ἐκεῖσε
2693 4681 3012 4749 ἀφανισθὲν,
3049 4680 3114 4732 ἐκ
3147 4698 3211 4747 γε
3259 4680 3354 4734 τοῦ
3418 4680 3494 4748 μὴ
3545 4676 3805 4747 ὁρᾶσθαι,
3864 4677 3958 4726 τὸν

2369 4775 2501 4844 γοῦν
2539 4775 2630 4827 τοῦ
2665 4774 2888 4843 αἴσχους
2915 4773 3220 4842 ὀνειδισμὸν
3249 4773 3678 4842 ἀποκρύπτοιτο.

2453 4864 2787 4932 Ἐρώτησις.
2819 4865 2882 4917 Εἰ
2918 4865 3001 4917 δεῖ
3035 4864 3127 4916 τὸν
3155 4864 3501 4934 ψηφισθέντα
3525 4903 3540 4925 ,
3589 4861 3683 4912 καὶ
3721 4857 3957 4911 καταδε-

2370 4958 2622 5027 ξάμενον,
2655 4959 2748 5010 καὶ
2777 4958 3163 5028 ἀσπασάμενον
3182 4998 3198 5019 ,
3247 4957 3610 5027 μετατεθῆναι
3641 4957 3722 5014 εἰς
3751 4953 3954 5020 ἑτέραν

2372 5053 2694 5116 ἐπισκοπὴν.

2458 5145 2576 5194 Ἀπ.
2610 5141 2778 5194 Τοῦτο
2799 5141 3082 5194 κανονικὸν
3111 5141 3208 5211 μὲν
3237 5142 3338 5196 οὐκ
3365 5143 3531 5205 ἔστιν,
3563 5142 3684 5195 οὔτε
3716 5146 3828 5213 μὴν
3857 5145 3956 5213 τῆς

1967 5262 2197 5316 νΑιιιίΕ
2238 5260 2638 5317 LECTIONES.

762 5404 804 5433 ’³⁸
829 5402 1271 5470 Χωματεισανοῧ.
1352 5403 1396 5432 ¹⁶⁹
1424 5404 1524 5454 ἀνὰ
1550 5404 1681 5457 πόδα
1721 5406 1840 5473 μέν.

763 5533 801 5558 ιη
864 5518 1220 5571 Chomatiani.
1313 5530 1338 5556 ιι
1392 5522 1676 5574 cunctatio.

1755 5532 1774 5551 θ
1838 5533 1941 5574 tute
1990 5519 2324 5588 perfectionis
2360 5521 2683 5587 petitionem.

693 5591 837 5642 surio
873 5591 1225 5642 conrenientes
1275 5593 1637 5656 responsiones
1675 5592 1743 5642 ad
1779 5594 2222 5660 interrogationes
2264 5591 2457 5658 requiri
2494 5604 2510 5640 :

1924 5406 1936 5435 ¹
1978 5405 2091 5462 υἱός
2117 5404 2217 5455 οὐκ
2249 5403 2554 5472 εὐφραίνει.

2763 5529 2788 5567 P
2820 5520 2961 5570 hand
3022 5519 3095 5570 ita
3143 5519 3348 5587 pridem
3397 5521 3634 5570 missam.
3714 5532 3739 5569 -t
3773 5540 3953 5574 nece:-

2590 5599 2608 5622 τ
2650 5599 2805 5654 atque
2840 5593 2915 5641 ita
2951 5590 3137 5642 horum
3183 5599 3465 5655 utrumque
3515 5590 3847 5642 ulumrnter
3887 5596 3959 5644 ad

693 5678 818 5712 suos
859 5676 938 5710 me
979 5669 1153 5723 partes
1195 5665 1468 5712 traducere
1505 5665 1768 5714 contendit
1799 5681 1814 5714 .'
1849 5676 1901 5714 ut
1948 5658 1999 5713 in
2037 5663 2266 5728 conﬁnio
2307 5662 2460 5728 quasi
2511 5658 2722 5710 tandem
2757 5662 3026 5722 hazrerem,
3067 5665 3237 5712 neutri
3270 5662 3514 5710 addictus
3549 5677 3612 5710 ac
3653 5664 3832 5713 neutri
3861 5680 3960 5726 pa-

696 5749 836 5782 γογιδ.

698 5891 731 5921 ι.
757 5883 912 5925 meet.
995 5880 1016 5917 δ’
1049 5870 1313 5924 doctrina.
1399 5883 1415 5906 ι
1447 5875 1649 5927 reverti.

916 5741 936 5766 ³
981 5731 1047 5780 ad
1084 5732 1345 5792 petitionis
1383 5749 1462 5784 nte
1491 5737 1814 5800 permovehat
1852 5734 2251 5790 admissionem,
2293 5732 2688 5796 benignumque.

695 5801 923 5853 bnndam
958 5800 1195 5867 efﬁciens.
1250 5810 1298 5852 et
1372 5806 1755 5856 cunctationem
1807 5820 1896 5865 per
1947 5803 2295 5856 obedientiam
2340 5801 2586 5855 abolens.’
2651 5810 2673 5834 '
2705 5812 2878 5852 ortum
2920 5803 3149 5866 quidem.

1732 5887 1752 5913 α
1788 5873 2026 5927 Sub/atus
2064 5890 2126 5926 e.r
2165 5891 2221 5925 eo
2263 5873 2398 5940 quod
2432 5890 2528 5924 non
2574 5882 2838 5924 cernatur.

2772 5733 2787 5764 ί
2835 5732 3100 5783 cunctatio
3177 5744 3200 5770 υ
3246 5730 3380 5783 velut
3411 5730 3706 5782 obedientiu
3728 5743 3954 5784 cuncta-

3232 5810 3252 5835 ¹
3292 5815 3478 5853 mnms
3521 5803 3611 5860 sit,
3645 5815 3693 5853 et
3719 5819 3953 5865 gressum
