4176 6446
212 425 321 489 949

1478 424 2193 495 ϐΗΕΟΟ-ΒΟΜΛΝΒΜ.

3378 430 3485 493 950

211 534 494 603 ἔγγράφου
522 530 554 602 ἦ
593 534 844 602 ἀγράφου
877 533 1343 605 ἐκκλησιαστικῆς
1402 533 1753 605 παραδόσεως
1781 550 1794 562 ο

1915 536 2143 604 ςειοῖριω,
2183 547 2275 591 aut
2318 550 2427 590 non
2464 536 2682 606 scriptae
2711 536 3104 593 ecclesiastica:
3148 536 3482 592 traditionis.

214 626 429 694 γίνεται
453 625 511 678 δὲ
552 623 837 689 πολλάκις,
873 625 1137 696 βασιλέως
1176 626 1514 690 κελεύοντος,
1544 626 1634 680 διά
1683 643 1805 681 τινα

213 717 532 787 οἰκονομίαν
578 718 967 772 λυσιτελοῦσιν
1027 721 1203 790 κοινῇ.
1253 719 1383 788 Καὶ,
1401 720 1595 788 γέγονε
1647 720 1806 773 τοῦτο

216 809 310 860 ἰπὶ
359 810 473 860 τῶν
528 809 753 878 ἡμερῶν
812 810 906 865 τοῦ
978 810 1224 879 ἀοιδίμου
1286 811 1554 880 βασιλέως
1613 810 1804 881 κυρίου

218 902 483 972 Ηανουὴλ
509 904 606 954 καὶ
640 903 1168 975 Πορφυρογεννήτου,
1201 906 1511 976 Κομνηνοῦ.
1547 905 1655 959 Τοῦ
1700 905 1807 976 γὰρ

222 994 545 1060 σοφωτάτου
599 995 811 1048 ἐκείνου
875 996 1175 1050 Εὑσταθίου
1234 997 1327 1051 τοῦ
1389 998 1532 1051 κατὰ
1590 997 1809 1068 Φλῶρον

220 1087 475 1140 διακόνου
526 1087 678 1151 ὄντος
724 1088 825 1157 τῆς
867 1089 1114 1161 μεγάλης
1164 1091 1517 1161 Ἐκκλησίας,
1549 1095 1643 1145 καὶ
1683 1092 1811 1162 μαῖ-

223 1194 415 1246 στορος
444 1179 553 1232 τῶν
584 1182 849 1250 ρητόρων,
876 1184 955 1246 είς
984 1182 1082 1254 τὴν
1121 1184 1447 1255 Ἐκκλησίαν
1467 1185 1575 1238 τῶν
1593 1185 1810 1239 Λυκίων

232 1270 472 1338 Μυρέων
506 1256 893 1343 ψηφισθέντὸς,
912 1274 1006 1327 καὶ
1034 1277 1495 1347 καταδεξαμένου,
1524 1278 1619 1332 κα)⁵
1635 1280 1813 1332 ἀσπα-

223 1365 486 1431 σαμένου,
551 1365 647 1417 καὶ
698 1365 801 1436 ἤδη
851 1367 1114 1439 καὶπρὸς
1142 1370 1243 1440 τὴν
1292 1370 1629 1440 χειροτονίαν
1671 1371 1811 1424 ἑτοι-

224 1453 529 1522 μα38ἐντος
561 1495 577 1521 ,
621 1458 956 1530 πρόσταγμα
1007 1460 1104 1514 τοῦ
1164 1463 1469 1531 μακαρίτου
1547 1462 1811 1533 βασιλέως

220 1545 435 1600 ἐκείνου
466 1549 720 1620 πρδςζτὴν
745 1551 967 1605 σύνοδον
990 1554 1459 1627 καταπεφοίτηκε,
1493 1554 1811 1610 διακελευό-

223 1654 410 1706 μενον,
440 1639 697 1705 δέξασθαι
732 1643 941 1713 ταύτην
984 1644 1421 1716 παραιτούμενον
1464 1648 1557 1701 τὸν
1605 1650 1814 1704 Εὐστά-

224 1725 365 1791 θιον,
403 1733 781 1799 προσαγαγεῖν
804 1732 862 1785 δὲ
892 1732 1085 1789 τοῦτον
1107 1737 1190 1799 είς
1226 1736 1325 1806 τὴν
1358 1738 1684 1808 περίκλυτον
1706 1740 1814 1793 τῶν

224 1818 673 1873 Θεσσαλονικέων
697 1824 1052 1895 μητρόπολιν,
1079 1827 1155 1892 ὡς
1173 1829 1427 1897 τηνικάδε
1449 1830 1811 1900 χηρεύουσαν.

225 1908 309 1961 Τὰ
328 1909 555 1963 τοιαῦτα
584 1907 699 1976 οὖν,
731 1913 807 1976 ὡς
837 1914 1086 1986 εῖπομεν,
1111 1918 1358 1983 κέλευσις
1384 1920 1519 1991 μόνη
1557 1921 1812 1992 βασιλικὴ

226 1997 462 2068 δύναμιν
498 1999 613 2070 ἔχει
645 2003 1041 2073 μεταλλάττειν
1092 2024 1152 2060 τε
1192 2012 1287 2063 καὶ
1337 2016 1709 2082 καινοτομεῖν.
1754 2015 1812 2067 Ὀ

230 2089 489 2159 βασιλεὺς
521 2094 651 2164 γάρ,
702 2089 794 2151 οἷα
843 2099 1019 2163 κοινὸς
1048 2100 1155 2153 τῶν
1194 2102 1533 2173 Ἐκκλησιῶν
1582 2106 1811 2175 ὲπιστηυ

228 2186 519 2255 μονάρχης
554 2189 650 2243 καὶ
680 2188 757 2243 ὢν
786 2191 883 2245 καὶ
914 2193 1337 2266 ὀνομαζόμενος,
1369 2199 1465 2252 καὶ
1506 2198 1812 2263 συνοδικαῖς

225 2274 481 2345 γνώμαις
513 2279 817 2347 ἐπιστατεῖ,
842 2282 939 2338 καὶ
967 2285 1028 2339 τὸ
1052 2286 1219 2359 κύρος
1234 2288 1463 2352 ταύταις
1491 2289 1776 2362 χαρίζεται
1795 2309 1817 2323 ι

226 2367 700 2438 ἐκκλησιαστικάς
721 2374 907 2440 τάξεις
962 2378 1241 2448 ῥυθμίζει,
1274 2380 1369 2435 καὶ
1400 2382 1686 2452 νομοθετεῖ
1713 2384 1814 2455 βίῳ

226 2460 324 2512 καὶ
364 2461 615 2535 πολιτείᾳ
657 2467 765 2519 τῶν
796 2467 891 2522 τοῦ
914 2468 1180 2541 βήματος,
1213 2473 1311 2526 καὶ
1365 2475 1474 2546 μὴν
1504 2476 1599 2530 καὶ
1629 2476 1815 2541 δίκαις

227 2553 557 2609 ἔπισκόπων
593 2558 687 2611 καὶ¹
716 2559 1019 2632 κληρικῶν,
1056 2564 1152 2617 καὶ
1188 2567 1326 2635 πρός
1365 2583 1428 2635 γε
1460 2568 1814 2638 χηρευουσῶν

226 2641 431 2713 ψήφοις
473 2643 835 2716 Ἐκκλησιῶν.
877 2649 1095 2720 Ἐνάγει
1127 2654 1185 2708 δὲ
1233 2657 1329 2709 καὶ⁵
1372 2657 1487 2711 ἀπὸ
1532 2658 1814 2723 ἐλάττονος

230 2736 399 2804 τιμῆς
450 2738 533 2800 είς
565 2739 811 2808 μείζονα,
862 2743 1062 2816 δηλαδὴ
1096 2747 1208 2800 άπὸ
1244 2749 1562 2805 ἐπισκοπῶν
1593 2754 1672 2815 είς
1706 2770 1814 2822 μη-

228 2827 513 2892 τρόπολιν,
539 2829 572 2900 ἢ
602 2831 798 2901 ἀνδρὸς
825 2835 1027 2906 ἀρετὴν
1059 2836 1092 2908 ἦ
1130 2838 1287 2893 πόλιν
1315 2841 1509 2910 τιμῶν.
1541 2841 1729 2896 Ταῦτα
1757 2844 1815 2897 δὲ

231 2918 409 2972 πάντα
442 2922 574 2992 ῥᾷόν
611 2927 728 2977 ἐστι
756 2927 1095 2997 καταμαθεῖν
1135 2931 1227 2984 τὸν
1258 2933 1536 3003 φιλομαθῆ
1587 2936 1699 2989 άπό
1749 2952 1814 3005 γε

234 3012 337 3080 τῆς
366 3013 477 3065 τῶν
508 3015 671 3085 ίερῶν
699 3021 792 3071 καὶ
837 3019 995 3073 θείων
1039 3024 1281 3077 κανόνων
1320 3027 1685 3097 περιλήψεως,
1723 3031 1815 3081 καὶ¹

230 3105 337 3156 ἀπὸ
388 3107 492 3175 τῆς
543 3108 977 3167 Ἰουστινιανείου
1036 3118 1237 3186 νεαρᾶς
1285 3118 1647 3187 νομοθεσίας,
1680 3132 1685 3169 l
1715 3124 1816 3192 τῆς

230 3198 493 3266 κειμένης
516 3200 573 3251 ὲν
595 3201 702 3271 ὅλῳ
729 3203 805 3273 τῷ
835 3206 1001 3275 τρίτῳ
1032 3206 1217 3278 βιϐλίῳ
1245 3211 1352 3262 τῶν
1387 3211 1687 3266 Βασιλικῶν
1707 3231 1720 3245 °
1746 3217 1816 3268 τά

232 3291 364 3356 περὶ
417 3293 737 3347 ἐπισκόπων
794 3298 889 3349 καὶ
960 3297 1270 3368 κληρικῶν,
1335 3306 1428 3356 καὶ
1496 3308 1809 3376 προνομίων

229 3380 435 3445 αὐτῶν,
465 3386 559 3439 καὶ
590 3384 706 3454 βίου
730 3392 1140 3457 καταστάσεως,
1177 3398 1273 3448 καὶ
1324 3395 1491 3450 δικῶν
1524 3399 1808 3467 ἔγκλημα·

229 3478 401 3524 stitth
450 3490 509 3524 τε
570 3478 664 3529 καὶ
733 3482 1093 3549 χρηματικῶν
1140 3487 1220 3547 εἰς
1272 3487 1471 3551 πλάτος
1511 3490 1810 3561 διαλαμϐά-

232 3575 400 3612 νοντι.
438 3562 569 3627 Καὶ,
593 3565 668 3629 ὡς
709 3568 837 3632 ἔπος
868 3574 1063 3637 εἰπεῖν,
1094 3574 1235 3645 πλὴν
1268 3577 1428 3646 μόνου
1472 3581 1565 3631 τοῦ
1597 3583 1811 3652 ἱερουρ-

232 3651 371 3739 γεῖν,
402 3653 471 3705 τά
509 3655 670 3710 λοιπά
711 3661 1076 3731 ἀρχιερατικὰ
1109 3670 1380 3736 προνόμια
1430 3673 1616 3739 σαφῶς
1663 3651 1811 3727 εἰκο-

231 3738 369 3805 νίζει
425 3744 455 3795 ὁ
509 3745 762 3815 βασιλεὺς
804 3753 888 3820 ἐφ’
922 3749 1004 3818 οἷς
1046 3759 1277 3828 πράττει
1323 3761 1570 3831 νομίμως
1614 3781 1673 3817 τε
1717 3768 1815 3820 καὶ

234 3838 561 3928 κανονικῶς.
590 3841 831 3915 Εὕρηται
854 3846 910 3900 δὲ
939 3851 1033 3901 καὶ
1054 3852 1111 3904 ὲν
1136 3849 1201 3905 ιϐ’
1222 3852 1366 3922 λόγῳ
1388 3854 1481 3923 τῆς
1514 3856 1815 3928 Ἰουδαϊκῆς

230 3924 620 4019 ἀρχαιολογίας
645 3934 880 3989 Φλαὸίου
912 3938 1195 4010 Ἰωσήπου,
1236 3944 1526 4015 ὑπογραφὴ
1554 3924 1813 4019 βασιλικὴ

229 4015 403 4107 ουτως
436 4018 652 4089 ἔχουσα·
682 4026 933 4098 Τιϐέριος
962 4032 1228 4098 Κλαύδιος
1262 4037 1478 4107 Καῖσαρ
1510 4015 1808 4104 Σεϐαστὸς,

231 4105 576 4214 Ιῖερμαινὸςέ,
621 4116 912 4188 ἀρχιερεὺς
950 4123 1225 4192 μέγιστος,
1274 4105 1624 4200 δημαρχικῆς
1658 4130 1812 4196 ἔξου-

236 4212 381 4288 σιας,
410 4211 615 4267 υπατος
640 4211 1038 4280 χειροτονηθεὶς
1066 4214 1127 4268 τὸ
1154 4216 1429 4288 δεύτερον.
1458 4221 1577 4273 "Ut:
1600 4217 1692 4274 οὖν
1718 4224 1811 4275 καὶ

233 4285 472 4355 Χριστὸς
494 4291 700 4363 Κυρίου
728 4300 758 4349 ὁ
780 4302 917 4354 κατὰ
943 4306 1170 4374 καιροὺς
1198 4285 1449 4377 βασιλεύς
1469 4313 1607 4377 ἐστι,
1642 4314 1729 4367 διά
1751 4315 1811 4366 τὸ

232 4377 576 4476 χρίσμαᾷτῆς
613 4385 908 4455 βασιλείας·
933 4398 959 4448 ό
980 4395 1037 4450 δὲ
1064 4398 1321 4470 Χριστὸς,
1352 4405 1446 4457 καὶ
1472 4404 1602 4468 θεὸς
1629 4407 1809 4476 ἡμῶν,

1909 627 1993 683 Fit
2037 642 2219 684 autem
2278 646 2443 701 saepe,
2495 629 2724 700 jubeute
2770 631 3040 702 principe,
3100 646 3197 701 per
3245 630 3484 700 aliquam

1906 720 2373 791 dispensationem
2400 723 2428 763 δ
2462 723 2680 793 publice
2713 722 3111 780 condncentem
3144 742 3157 779 :
3193 734 3246 778 et
3280 723 3484 779 factum

1907 822 1990 868 est
2033 825 2279 878 tempore
2320 816 2507 887 inclyti
2561 817 2910 888 imperatoris
2955 817 3162 871 domini
3216 815 3487 871 Manuelis

1907 910 2170 966 Comneni
2210 911 2765 986 Pr0phyrogenneta3.
2798 912 2934 969 Cum
2965 913 3110 968 enim
3142 911 3488 983 sapientissio

1911 1020 2033 1059 mus
2060 1006 2640 1078 illeEustathius.qni.
2673 1006 2974 1062 secundum
3002 1004 3248 1063 Florum.
3280 1018 3489 1074 magna!

1911 1095 2168 1151 Ecclesia:
2205 1097 2473 1153 diaconus
2498 1105 2552 1151 et
2584 1098 2866 1151 rhetorum
2903 1096 3185 1167 magister,
3215 1094 3267 1148 in
3300 1092 3489 1147 Eccle-

1912 1185 2045 1239 siam
2074 1186 2364 1257 Lyciorum
2400 1190 2710 1262 Myreorum
2742 1188 2953 1243 electus
2977 1199 3146 1252 esset,
3179 1195 3234 1242 et
3261 1186 3489 1241 electio-

1913 1294 2033 1333 nem
2099 1280 2433 1345 admisisset,
2501 1281 2957 1351 amplexatusque
3007 1278 3221 1343 fuisset,
3264 1279 3489 1347 jamque

1914 1371 1980 1425 ad
2020 1373 2420 1427 ordinationem
2466 1382 2689 1443 paratus
2744 1390 2757 1424 :
2808 1372 2990 1443 jussio
3039 1371 3179 1425 beati
3226 1370 3493 1440 principis

1915 1464 2060 1519 illius
2094 1465 2159 1517 ad
2206 1464 2476 1535 synodum
2524 1465 2745 1534 prodiit,
2797 1479 2902 1533 qua
2946 1462 3386 1533 praecipiebatur,
3436 1470 3493 1514 nt

1917 1555 2279 1612 Eustathius"-
2330 1557 2397 1611 ad
2445 1556 2707 1626 inclytam
2759 1553 3338 1610 Thessalonicensium
3383 1566 3497 1605 me-

1914 1648 2192 1719 tropolim,
2240 1666 2402 1719 quam
2460 1650 2742 1719 suscipere
2808 1647 3121 1706 recusabat.
3183 1644 3494 1710 accederet,

1917 1751 2100 1811 utpote
2128 1750 2258 1797 t-unc
2290 1750 2593 1796 vacantem.
2626 1742 2752 1796 Sola
2783 1741 2970 1812 igitur,
3007 1747 3064 1793 ttt
3090 1739 3354 1801 diximus,
3389 1737 3494 1789 itn-

1918 1834 2194 1905 peratoria
2241 1834 2417 1902 jussio
2478 1834 2723 1887 mutandi
2784 1834 2897 1887 haec
2944 1830 3355 1899 innovandiqne
3401 1843 3499 1897 po-

1916 1933 2167 1979 testatem
2201 1924 2384 1979 habet.
2436 1924 2737 1993 Imperator
2765 1924 2935 1984 enim,
2969 1931 3027 1976 ut
3056 1922 3363 1976 communis
3396 1919 3499 1990 Ec-

1917 2016 2209 2071 elesiarutn
2242 2016 2725 2086 ὲπιστημονάρχης
2764 2015 3039 2070 exsistens
3068 2020 3121 2066 et
3157 2012 3496 2075 nominatus,

1917 2106 2275 2179 synodalibus
2336 2116 2533 2176 praeest
2583 2106 2895 2167 sententiis,
2950 2112 3004 2159 et
3058 2104 3229 2158 robur
3284 2103 3496 2158 trihnit.

1916 2198 2336 2254 Ecclesiasticos
2366 2199 2594 2254 ordines
2623 2198 2924 2267 componit,
2958 2207 3012 2251 et
3046 2196 3215 2264 legem
3249 2196 3343 2249 dat
3372 2195 3497 2248 vita:

1917 2290 2229 2360 politiaeque
2252 2305 2467 2351 eorum.
2489 2289 2581 2359 qui
2612 2289 2770 2344 altari
2798 2289 3045 2343 serviunt
3071 2306 3084 2341 :
3113 2289 3215 2343 hoc
3240 2287 3500 2357 amplius,

1912 2383 2187 2455 jndiciisd
2232 2383 2619 2454 episcopormn
2672 2383 3137 2451 clericorumqne,
3191 2388 3246 2436 et
3294 2394 3497 2435 vacan-

1926 2478 2062 2531 tium
2121 2475 2493 2531 Ecclesiarum
2549 2474 2825 2545 suffragiis
2865 2486 2915 2529 ε.
2967 2475 3010 2530 Ε
3072 2474 3287 2527 minore
3333 2474 3495 2527 etiam

1918 2567 2125 2623 honore
2159 2567 2225 2621 ad
2268 2566 2533 2637 majorem
2577 2566 2814 2631 reducit,
2849 2564 2917 2621 ab
2948 2564 3204 2633 episcopo
3247 2564 3498 2619 videlicet

1916 2662 1970 2716 in
2002 2660 2369 2730 metropolim,
2411 2658 2495 2714 vel
2546 2659 2648 2713 viri
2688 2660 2945 2712 virtutem
2982 2658 3064 2711 vel
3100 2657 3375 2711 civitatem
3410 2670 3499 2709 or-

1917 2768 2077 2808 nans.
2104 2751 2228 2805 llam
2266 2760 2446 2806 autem
2480 2752 2666 2806 omnia
2702 2751 2951 2807 studioso
2987 2749 3146 2805 facile
3171 2757 3256 2802 est
3285 2748 3499 2803 discere

1917 2860 1981 2899 ex
2014 2859 2300 2898 sacrorum
2330 2844 2759 2912 divinorumque
2812 2855 3087 2896 canonum
3132 2839 3496 2906 comprehen-

1917 2938 2072 2992 sione
2100 2935 2146 3001 ί,
2171 2944 2224 2991 et
2252 2934 2597 2991 Jsustinianea
2643 2936 2859 2990 novella
2896 2933 3288 2989 constitutione
3313 2933 3359 2992 ⁸,
3392 2945 3495 3000 po-

1917 3029 2021 3085 sita
2056 3029 2110 3082 in
2147 3037 2260 3082 toto
2296 3029 2438 3082 libro
2467 3028 2637 3083 tertio
2662 3027 3045 3082 Basilicarum.
3080 3024 3180 3091 Qui
3213 3040 3335 3093 qua:
3366 3032 3501 3079 sunt

1918 3122 1985 3175 de
2033 3121 2312 3191 episcopis
2352 3129 2407 3174 et
2445 3120 2684 3184 clericis,
2733 3134 3033 3188 eorumque
3090 3116 3414 3186 privilegiis.
3446 3127 3499 3168 et

1844 3245 1887 3304 ο
1922 3214 2043 3268 vitze
2088 3222 2254 3277 statu,
2298 3222 2351 3267 et
2397 3214 2576 3267 causis
2622 3211 3001 3265 criminalibns
3041 3218 3095 3264 et
3142 3208 3495 3279 pecuniariis.

1920 3302 2036 3356 fuse
2066 3302 2335 3370 disputat.
2379 3302 2442 3355 lit
2471 3303 2550 3368 (nt
2580 3316 2690 3356 uno
2718 3302 2886 3356 verbo
2908 3300 3112 3366 dicam)
3144 3300 3263 3353 solo
3289 3299 3499 3353 sacrifi-

1918 3394 2080 3448 candi
2113 3404 2343 3462 excepto
2376 3393 2700 3456 ministerio,
2750 3393 2958 3463 reliqua
3010 3390 3340 3458 pontificalia
3389 3390 3503 3459 pri-

1919 3487 2113 3557 vilegia
2172 3488 2469 3556 imperator
2526 3493 2919 3554 repraesentat,
2977 3484 3194 3553 quando
3262 3483 3501 3549 legitime

1917 3580 2290 3649 canoniceqne
2326 3579 2474 3634 facit.
2514 3579 2901 3649 lnveniturque
2934 3579 3147 3633 decimo
3179 3592 3325 3631 nono
3358 3577 3499 3629 libro

1917 3670 2271 3727 Iudaicarum
2290 3672 2676 3742 antiquitatmn
2694 3670 2864 3726 Flavii
2893 3658 3137 3740 Iosephi,
3162 3668 3501 3739 subscriptio

1918 3764 2219 3834 imperialis
2243 3766 2322 3819 sic
2352 3765 2596 3818 habens:
2628 3760 2878 3816 Tiberius
2904 3761 3163 3816 Claudius
3185 3761 3367 3815 Caesar
3390 3761 3503 3813 Au-

1920 3864 2134 3926 gustus,
2169 3854 2551 3917 Germanicus,
2587 3853 2831 3923 pontifex
2864 3854 3156 3912 maximus,
3202 3849 3502 3903 trihnnitia:

1920 3930 2242 4018 potestatis,
2298 3947 2489 4001 consul
2549 3957 2768 4000 creatus
2826 3944 3047 3999 iterum.
3113 3944 3269 4009 Quod
3334 3942 3503 4011 igitur

1923 4048 2120 4093 ttnctus
2162 4038 2375 4092 Domini
2419 4038 2490 4091 sit
2535 4044 2588 4091 et
2621 4038 2686 4101 is,
2714 4037 2807 4106 qui
2853 4051 2953 4105 pro
2984 4046 3228 4104 tempore
3268 4042 3353 4087 est
3397 4034 3501 4085 im-

1922 4142 2142 4202 perator
2179 4142 2402 4201 pr0pter
2444 4130 2763 4184 unctionem
2812 4128 3026 4198 imperii
3058 4142 3071 4178 :
3118 4126 3370 4181 Christus
3408 4139 3504 4176 au-

1921 4232 2051 4287 tem,
2096 4235 2150 4277 et
2188 4223 2329 4277 Deus
2362 4232 2570 4286 noster,
2600 4237 2724 4276 cum
2768 4222 2912 4284 aliis,
2938 4230 2993 4274 et
3029 4218 3272 4289 pontifex
3318 4222 3505 4270 noster

1924 4316 2099 4369 factus
2131 4324 2234 4379 est,
2269 4323 2321 4369 et
2360 4312 2722 4383 praedicatur;
2777 4314 2973 4368 merito
3012 4320 3063 4367 et
3122 4310 3239 4380 ipse
3284 4309 3506 4379 pontifi-

1921 4407 2131 4461 calibus
2161 4407 2453 4460 decoratur
2482 4403 2695 4473 gratiis.

235 4471 378 4567 μετά
404 4474 511 4527 τῶν
545 4479 743 4547 ἄλλων,
774 4487 867 4538 καὶ
913 4491 1202 4560 ἀρχιερεὺς
1253 4497 1435 4565 ἡμῶν,
1472 4501 1565 4552 καὶ
1618 4471 1810 4567 γέγονὲ
1853 4500 1947 4552 καὶ
1982 4498 2425 4567 ἁνακηρύττεται
2453 4471 2746 4561 (εὐλόγως
2784 4491 2881 4545 καὶ
2949 4490 3113 4553 αὐτὸς
3189 4490 3508 4558 ἀρχιερατι-

231 4564 353 4627 κοῖς
380 4578 810 4643 κατακοσμεῖται
829 4583 1182 4653 χαρίσμασιν.

316 4662 532 4771 'E.'p..EAi
553 4670 676 4771 δέον
709 4675 830 4728 ἐστὶ
858 4680 951 4732 καὶ
984 4683 1043 4735 ὲν
1071 4685 1184 4747 τοῖς
1222 4691 1522 4758 πορφυροῖς
1546 4691 1808 4761 ἀρχιερα-

1992 4701 2373 4771 Interrogatio.
2397 4698 2480 4753 An
2506 4704 2938 4753 consentaneum
2960 4693 3033 4749 sit
3058 4695 3101 4733 8‘
3124 4692 3178 4746 in
3210 4691 3504 4759 purpureis

230 4758 407 4819 τικοίς
439 4758 715 4829 ἐσθήμασι
751 4768 998 4839 τεθῆναι,
1030 4775 1285 4849 καθάπερ
1314 4782 1409 4833 καὶ
1441 4784 1497 4833 ὲν
1529 4758 1651 4847 τοῖς
1687 4758 1814 4836 λευ-

232 4851 351 4910 κοῖς
508 4854 611 4921 μὲν
631 4857 710 4925 τῷ
741 4864 1008 4934 στιχαρίῳ
1062 4871 1189 4932 τοὺς
1224 4873 1525 4942 ποταμοὺς,
1558 4878 1615 4928 ἐν
1646 4877 1703 4930 δὲ
1736 4878 1815 4947 τῷ

232 4940 796 5037 Ψςιιγολίῳσταυρούς
829 4970 843 4985 ·
896 4957 992 5010 καὶ
1021 4959 1071 5012 εί
1102 4959 1185 5014 δεῖ
1221 4964 1315 5016 καὶ
1358 4940 1670 5036 πορφύρεον
1719 4940 1812 5037 ye-

235 5029 428 5087 νέσθαι
458 5036 684 5094 σάκκον.

319 5123 452 5178 ’Δπ.
506 5128 581 5182 Τὸ
619 5131 742 5197 ἔθος
775 5136 876 5206 τῆς
928 5140 1253 5214 Ἐκκλησίας
1294 5148 1365 5203 τὰ
1410 5152 1666 5221 πορφυρᾶ
1716 5151 1815 5221 ἀρ-

234 5222 535 5288 χιερατικὰ
578 5225 698 5279 θεῖα
741 5229 1029 5303 ἐσθήματα
1059 5237 1206 5291 ἁπλᾶ
1240 5239 1491 5309 βούλεται
1521 5242 1684 5308 εἶναι,
1721 5247 1815 5297 καὶ

232 5314 407 5381 χωρὶς
436 5319 756 5392 προσθήκης
774 5324 881 5377 τῶν
912 5329 1219 5401 εἰρημένων
1249 5335 1510 5404 ποταμῶν
1534 5337 1625 5390 καὶ
1652 5356 1813 5391 σταυ-

1921 4794 2326 4867 pontificalibus
2354 4789 2697 4844 vestimentis
2715 4789 2863 4857 poni.
2885 4784 3350 4856 quemadmodum
3375 4794 3425 4837 et
3446 4782 3499 4835 in

1921 4889 2060 4943 albis
2092 4904 2104 4939 :
2138 4887 2190 4939 in
2224 4882 2537 4954 στιχαρίῳιι
2578 4883 2797 4950 quidem
2833 4878 3079 4939 flumina.
3111 4878 3165 4931 in
3201 4873 3495 4943 φαινολὶῳὶ

1920 4991 2099 5033 autem
2150 4991 2361 5032 cruces.
2420 4972 2484 5027 Et
2530 4990 2596 5028 an
2648 4986 2959 5043 purpureus
3010 4984 3204 5023 saccus
3252 4967 3365 5020 fleri
3407 4965 3503 5018 de-

1922 5072 2065 5126 beat.

1996 5162 2116 5219 Res.
2159 5161 2514 5217 Consuetudo
2548 5159 2804 5214 Ecclesia:
2850 5172 3122 5228 purpurea
3167 5152 3500 5224 pontiﬁcalia

1925 5255 2245 5308 indumenta
2293 5254 2484 5319 simpla
2532 5252 2643 5303 vult
2688 5267 2830 5313 esse,
2862 5259 2913 5304 et
2950 5250 3068 5302 sine
3112 5246 3499 5316 pmedictornm

1924 5346 2208 5399 ﬂuminum
2249 5345 2610 5412 cruciumque
2657 5342 2981 5412 adjectionc.
3042 5338 3273 5393 Saccmn
3320 5345 3498 5388 autem

1535 5453 1767 5510 YARLE
1804 5456 2210 5513 LECTIONES.

305 5526 327 5556 ⁸
354 5527 424 5578 Γε
432 5544 463 5595 ρ
471 5532 722 5598 μανικὸς.

307 5645 335 5685 b
378 5656 592 5720 propter
614 5650 847 5720 aliquam
893 5656 1174 5709 rationem.

239 5716 782 5791 ηιιηαίοιιὶεεηείιιηι
844 5727 1190 5791 ηιρινοροίίηι,
1232 5739 1353 5781 tum
1383 5716 1671 5786 rotantem.

240 5789 291 5828 ι’
314 5801 445 5849 opus
480 5790 567 5841 sit.
647 5793 671 5830 δ
699 5794 845 5858 palla
954 5795 962 5829 ί
1002 5789 1213 5864 perula.

1256 5671 1276 5694 ί·
1314 5670 1365 5710 ut
1394 5661 1679 5727 reciperent
1708 5661 2046 5717 E'tstatliiunt
2078 5666 2154 5717 illi
2194 5669 2605 5729 renuntiantem,
2684 5675 2730 5713 ρι
2777 5669 3121 5729 perducerent
3150 5660 3217 5711 a’l
3246 5660 3501 5713 inrlutam

1256 5746 1353 5781 nm‘
1383 5744 1671 5785 romule-ut.
1785 5734 1808 5771 ἀ
1854 5734 2057 5785 litibus.
2180 5746 2200 5773 ο
2233 5736 2592 5785 elei-tionibus.
2676 5732 2690 5773 ί
2733 5735 3010 5785 columine.
3095 5735 3116 5771 ⁸
3150 5729 3498 5785 lcuislhti-mo'.

1877 5736 2057 5787 ilibus.

2180 5746 2200 5773 ο
2233 5736 2592 5790 elei-tionibus.
2676 5732 2690 5773 ί
2733 5735 3010 5787 volumine.
3095 5735 3116 5771 ⁸
3150 5729 3498 5795 lcgislhti-mo'.
