4188 6446
180 446 287 511 957
1452 450 2169 517 GBECO‘ROMANUM.
3339 465 3444 529 958

182 559 522 629 Πνεύματος.
571 561 691 616 Ὅτι
716 561 811 616 καὶ
846 562 875 614 ό
905 560 1096 632 Σωτὴρ
1124 562 1178 614 ἐν
1203 562 1474 632 δακτύλῳ,
1508 566 1733 617 τουτέστ

1866 568 1957 620 sed
1997 569 2313 632 carnaliter,
2342 583 2520 637 neque
2546 572 3012 640 supramundane,
3050 574 3146 630 sed
3176 580 3453 636 mundana

182 655 258 721 τῷ
287 655 428 723 ἀγίῳ
460 655 758 725 Πνεύματι,
786 655 853 709 τὰ
876 657 1127 726 δαιμόνια
1160 657 1443 711 ἐκϐάλλειν
1472 658 1608 728 πρὸς
1633 660 1743 721 τοὺς

1872 656 2059 708 annuli
2108 657 2524 726 appellationem
2572 660 2994 728 accipientibus,
3030 665 3212 719 Studio
3256 680 3455 735 magno

184 747 428 811 ἀπειθεῖς
480 749 664 815 ἔλεγεν
708 749 1015 813 Ἰουδαίους,
1056 752 1105 803 οἳ
1157 750 1492 813 Βεελζεϐοὺλ,
1539 750 1743 821 ἐκερτό-

1868 743 2182 798 affectatum
2216 755 2300 799 est
2336 748 2539 801 annulo
2576 758 2811 816 gestare,
2856 760 3042 820 utpote
3086 752 3450 809 Ecclesiarum

186 855 315 905 μουν
351 838 496 907 ἔχειν
528 840 709 892 αὐτόν.
750 840 858 892 Καὶ
908 840 997 892 τὸν
1038 838 1402 894 ἐπανελθόντα
1441 840 1498 892 δὲ
1551 840 1743 893 ἄσωτοι

1867 838 2107 906 sponsis.
2145 836 2377 907 Ideoque
2410 856 2585 909 neque
2621 842 2721 894 hoc
2755 842 2863 896 illis
2897 854 3081 896 notam
3117 846 3287 899 inurit

184 930 293 980 υἱὸν
348 931 617 1000 δακτυλίῳ
675 931 862 1001 χρυσῷ
909 935 1325 1001 ἐπεκόσμησεν·
1378 935 1498 987 ὅλον
1549 930 1752 1001 δηλαδὴ
1788 931 1974 983 τοῦτον
2016 931 2309 994 ἐκτελέσας
2346 935 2901 1003 πνευματικὸν,ἁντὶῖ
2948 938 3230 1006 σαρκικοῦ.
3303 938 3430 1001 Τοῖς

180 1037 239 1086 γε
271 1023 381 1089 μὴν
411 1024 660 1084 Λατίνοις
702 1023 765 1075 οὐ
797 1024 1203 1093 πνευματικῶς,
1244 1024 1380 1077 ἀλλὰ
1432 1022 1745 1093 σαρκικῶς,
1785 1022 1892 1074 οὐδ’
1921 1024 2328 1092 ύπερκοσμίως,
2365 1024 2500 1078 ἀλλὰ
2561 1028 2838 1093 κοσμικῶς
2868 1027 2967 1098 τὴν
3022 1028 3115 1081 τοῦ
3182 1029 3435 1081 δακτυλίο

182 1115 553 1181 προσηγορίαν
595 1114 1117 1182 ἐκλαμϐανομένοις,
1152 1113 1618 1184 περισπούδαστον
1667 1113 1874 1180 γίνεται
1899 1112 1958 1163 τὸ
1995 1114 2436 1185 δακτυλιοφορεῖν
2463 1153 2478 1177 ,
2516 1115 2591 1178 ὡς
2652 1115 2758 1168 τῶν
2832 1118 3167 1188 Ἐκκλησιών
3236 1119 3440 1189 δήπου-

182 1204 271 1254 θεν
306 1205 635 1274 μνήστορσιν
670 1222 684 1237 ·
715 1207 838 1258 ὅθεν
872 1206 992 1258 ούδέ
1024 1205 1183 1258 τοῦτο
1211 1206 1515 1276 προσάπτει
1541 1205 1748 1275 μέμψιν
1782 1204 1987 1265 αὐτοῖς.

259 1298 607 1363 Ἐρώτησις.
642 1298 701 1349 lii
728 1298 1009 1369 πρόκριμα
1042 1299 1116 1367 τῷ
1175 1300 1420 1369 ἀρχιερεῖ
1465 1300 1525 1353 τὸ
1576 1300 1742 1369 είσέρ.

174 1387 364 1453 χεσθαι
400 1390 477 1450 εἰς
510 1389 605 1449 τὰς
635 1390 932 1452 Λατινικὰς
962 1389 1276 1458 ἐκκλησίας,
1307 1392 1399 1443 καὶ
1431 1393 1755 1460 προσκυνεῖν

174 1478 346 1545 ἡνίκα
375 1478 439 1531 ἂν
468 1479 837 1550 προσκληθείη
872 1480 1001 1550 παρ’
1027 1480 1229 1533 αὐτῶν.
1264 1482 1371 1533 Καὶ
1412 1484 1459 1532 εἰ
1518 1478 1755 1547 μεταδώ-

176 1583 259 1619 σει
289 1568 501 1629 τούτοις
554 1570 988 1633 κατακλαυστοῦ,
1031 1573 1160 1624 ὅταν
1201 1572 1279 1633 είς
1316 1570 1412 1640 τὴν
1455 1570 1615 1637 ἁγίαν
1664 1570 1757 1622 καὶ

169 1659 469 1727 καθολικὴν
493 1661 787 1729 ἐκκλησίαν
812 1663 869 1713 ἐν
896 1665 963 1731 τῇ
991 1663 1303 1732 λειτουργίᾳ
1321 1663 1753 1731 παραγίνωνται.

253 1748 389 1805 Ἀπ.
417 1751 570 1813 Τινὲς
593 1752 701 1805 τῶν
732 1753 979 1804 Λατίνων
1005 1754 1349 1822 εὑρίσκονται
1386 1754 1459 1822 μὴ
1515 1752 1749 1805 καθόλου

165 1842 552 1911 διαφερόμενοι
568 1843 704 1911 πρὸς
733 1844 796 1895 τὰ
815 1842 941 1896 καθ’
961 1845 1104 1914 ἡμᾶς
1127 1844 1243 1915 ἔθη,
1268 1844 1334 1897 τά
1374 1862 1431 1897 τε
1451 1843 1758 1913 δογματικὲ

168 1934 265 1985 καὶ
291 1938 363 1984 τὰ
390 1934 824 2001 ἐκκλησιαστικά
856 1951 871 1966 ·
914 1937 1003 1988 καὶ
1026 1937 1182 1999 είσὶν,
1240 1936 1315 1999 ὼς
1357 1937 1422 1990 ἀν
1450 1953 1532 1999 τις
1599 1936 1748 2007 εἴπῃ,

166 2030 313 2081 κατᾶ
344 2028 503 2080 τοῦτο
526 2028 1077 2100 ἐπαμφοτερίζοντες.
1124 2031 1333 2098 Ὠσπερ
1366 2029 1550 2081 τοίνυν
1580 2029 1641 2082 τὸ
1658 2031 1750 2082 ἀν-

166 2118 629 2187 τισκλτρύνεσθαι
676 2122 785 2180 τοῖς
857 2120 1063 2172 ἐπίπαν
1112 2119 1530 2190 διαφερομένοις
1593 2122 1747 2191 ἡμῖν,

164 2210 465 2277 ἐξαιρέτως
489 2210 582 2262 ἐπὶ
614 2208 694 2278 τῷ
723 2208 952 2277 δόγματι
975 2211 1073 2276 τῆς
1108 2210 1203 2262 τοῦ
1236 2209 1393 2277 ἁγίου
1434 2210 1749 2280 Πνεύματος

168 2299 578 2369 ἐκπορεύσεως,
608 2299 847 2368 καθῆκον
878 2300 970 2352 καὶ
998 2300 1143 2353 ὅσιον
1168 2315 1183 2331 ⁸
1212 2299 1353 2353 οὕτω
1384 2301 1444 2353 τὸ
1473 2318 1751 2364 συγκατα-

162 2392 377 2445 ϐαίνειν
408 2394 523 2454 τοῖς
558 2392 631 2463 μὴ
664 2393 944 2456 τοιούτοις,
984 2392 1077 2445 καὶ
1120 2394 1496 2464 συνέρχεσθαι,
1531 2395 1593 2446 οὐ
1618 2410 1749 2464 προ-

162 2483 345 2549 κρινεί
371 2480 449 2551 τῷ
478 2482 745 2551 ἀρχιερεῖ,
772 2481 847 2544 ὡς
874 2481 1187 2550 οἰκονομίαν
1212 2483 1635 2553 πεπιστευμένῳ
1657 2484 1751 2536 καὶ

164 2572 552 2641 μετερχομένῳ
572 2574 673 2641 τὴν
699 2572 1015 2642 πρέπουσαν
1040 2575 1339 2644 οἰκονόμοις
1358 2575 1569 2645 ψυχῶν.
1588 2576 1750 2629 Ὅθεν

162 2662 258 2714 καὶ
307 2678 389 2724 εις
436 2664 533 2724 τὰς
575 2663 870 2732 ἐκκλησίας
913 2664 1094 2718 αὐτῶν
1152 2666 1522 2737 προσκληθεὶς
1570 2660 1746 2733 οὗτος,

159 2753 559 2815 ἀνενδοιάστως
595 2753 863 2821 ἀφίξεται.
889 2755 1010 2807 Τῶν
1038 2755 1207 2822 ἀγίων
1257 2756 1367 2825 γὰρ
1394 2757 1615 2811 είκόνων
1637 2759 1746 2811 είσὶ

164 2844 266 2896 καὶ
317 2840 466 2898 οὗτοι
532 2847 929 2914 προσκυνηταὶ,
1000 2848 1097 2899 καὶ
1125 2849 1182 2900 ἐν
1237 2850 1349 2910 τοῖς
1395 2852 1514 2902 κατ’
1550 2849 1751 2913 αὐτοὺς

161 2939 313 2997 ναοῖς
348 2936 743 3005 ἀναστηλοῦσιν
773 2939 965 3001 αὐτάς.
995 2938 1107 2991 Καὶ
1154 2939 1450 3009 προθύμως
1513 2958 1749 3011 προσερ-

159 3028 417 3097 χομένοις
445 3029 657 3091 τούτοις
695 3029 991 3099 μεταδώσει
1017 3032 1416 3095 κατακλαστοῦ,
1444 3034 1572 3084 ὅταν
1596 3035 1653 3085 ἐν
1681 3038 1745 3103 τῇ

159 3116 430 3185 καθολικῇ
464 3117 731 3187 ἐκκλησίᾳ
762 3119 1195 3187 παραγένωνται.
1238 3118 1303 3172 Ἦ
1358 3122 1583 3191 τοιαύτη
1636 3122 1745 3189 γάρ

1940 1296 2321 1365 Interrogatio.
2367 1298 2448 1350 An
2489 1298 2867 1368 praejudicium
2927 1301 3182 1362 antistiti,
3232 1304 3438 1371 ingredi

1865 1388 2183 1441 Latinorum
2241 1389 2526 1452 ecclesias,
2568 1400 2621 1443 et
2684 1392 2757 1443 ibi
2831 1391 3086 1455 adorare,
3118 1408 3243 1446 cum
3279 1396 3346 1447 ab
3376 1394 3441 1449 iis

1863 1488 2119 1531 evocatus
2149 1476 2332 1532 fuerit.
2385 1477 2447 1530 Et
2494 1494 2560 1531 an
2610 1479 2675 1531 iis
2702 1478 3060 1533 t'ractionctni
3113 1481 3438 1545 distribuet,

1865 1583 1986 1621 cum
2011 1569 2060 1621 in
2083 1578 2271 1623 sancta
2295 1577 2349 1623 et
2375 1571 2642 1625 catholica
2672 1571 2915 1626 Ecclesia
2948 1579 3103 1627 Sacro
3134 1574 3441 1628 ministerio

1864 1658 2236 1714 interfuerint.

1928 1749 2046 1804 Res.
2088 1749 2406 1805 Latinorum
2453 1751 2697 1821 quidam,
2745 1770 2849 1809 non
2889 1756 3116 1808 omnino
3160 1771 3186 1808 a
3238 1758 3441 1810 nostris

1862 1843 2128 1905 moribus,
2164 1854 2272 1895 tam
2307 1843 2655 1912 dogmaticis,
2683 1862 2846 1914 quam
2880 1849 3296 1910 ecclesiasticis,
3329 1850 3439 1903 dif-

1793 1902 1831 1955 Β
1868 1932 2011 1985 ferre
2030 1933 2446 2001 compcriunlur
2482 1952 2494 1987 :
2536 1945 2588 1989 et
2627 1946 2752 1989 sunt
2777 1940 2859 2003 (ut
2904 1939 3102 1990 dixerit
3140 1940 3435 2010 quispiam)

1852 2021 1904 2073 in
1944 2037 2009 2075 eo
2064 2023 2331 2091 ancipites
2383 2024 2429 2078 ιι.
2478 2024 2947 2090 Quemadmodum
3026 2029 3192 2096 igitur
3238 2029 3307 2083 iis
3352 2046 3455 2083 te-'

1853 2113 2070 2178 luctari,
2105 2115 2197 2183 qui
2235 2130 2463 2183 prorsus
2497 2134 2524 2170 a
2560 2118 2715 2171 nobis
2741 2120 3099 2183 dissentiunt,
3125 2122 3432 2189 prtesertim

1858 2204 1910 2256 in
1942 2204 2195 2273 dogmate
2224 2208 2290 2259 de
2325 2209 2500 2261 sancti
2536 2208 2772 2276 Spiritus
2811 2216 3187 2278 proccssione,
3233 2227 3438 2265 conm--

1853 2295 2008 2349 niens
2038 2306 2120 2350 cst
2151 2308 2203 2350 ct
2232 2314 2483 2351 sanctum
2514 2316 2528 2354 :
2555 2301 2635 2353 sic
2674 2300 2727 2353 in
2761 2302 2898 2354 idem
2930 2316 3053 2353 cum
3088 2316 3191 2353 non
3233 2303 3436 2357 talibus

1850 2387 2188 2441 descendere
2234 2400 2288 2439 et
2328 2390 2623 2442 convenire
2655 2388 2697 2450 1,
2746 2407 2852 2442 non
2908 2393 3284 2459 przejudicabit
3334 2408 3432 2446 an-

1852 2478 2030 2540 tistiti,
2059 2480 2149 2544 qui
2190 2480 2452 2533 creditam
2500 2480 2962 2547 dispensationem
3018 2483 3432 2538 convenientem

1852 2567 2158 2620 animarum
2199 2568 2653 2635 gubernatoribus
2692 2578 2930 2623 exercet.
2977 2569 3344 2635 Quamobrem
3377 2580 3430 2627 et

1852 2658 1941 2712 hic
1970 2659 2024 2712 in
2054 2661 2318 2713 ccclesms
2346 2678 2533 2715 eorum
2567 2663 2901 2728 accersitus,
2942 2663 3067 2716 sine
3096 2664 3434 2719 dubitatione

1854 2752 2063 2805 veniet.
2082 2751 2404 2804 Sanctarum
2440 2754 2583 2805 enim
2627 2754 2923 2819 imaginum
2961 2764 3093 2808 sunt
3127 2763 3179 2807 et
3220 2755 3274 2807 hi
3312 2756 3428 2808 cul-

1852 2851 2024 2907 tores,
2059 2853 2111 2899 et
2150 2845 2203 2898 in
2242 2845 2359 2899 suis
2392 2845 2607 2913 templis
2638 2861 2731 2898 eas
2759 2847 2996 2915 erigunt.
3024 2847 3086 2899 Iit
3113 2850 3430 2902 accedenti-

1851 2938 1958 2990 bus
2019 2937 2089 2991 iis
2150 2937 2479 2990 traeiionem
2547 2946 2800 3007 prompte
2864 2938 3146 3006 largietur,
3196 2954 3318 2993 cum
3375 2943 3429 2995 in

1853 3026 2102 3081 Eccles‘a
2147 3027 2415 3079 catholica
2454 3026 2709 3080 aderunt.
2757 3026 3079 3093 liujusmodi
3111 3030 3256 3081 enirn
3296 3046 3432 3083 cou-

1851 3114 2086 3169 suetudo
2141 3125 2466 3184 potestatem
2523 3118 2687 3170 habet
2738 3118 3002 3185 paulatim
3058 3134 3154 3173 eos
3204 3122 3432 3174 omnino

159 3211 426 3282 συνήθεια
458 3212 689 3280 δύναμιν
721 3212 996 3282 ἔχεικατὰ
1030 3214 1223 3284 μικρὸν
1250 3215 1582 3283 μεθελκύσαι
1641 3217 1732 3267 αὑ-

1848 3206 2155 3259 :ittrahendi
2207 3207 2270 3259 ad
2324 3221 2515 3261 sacros
2568 3215 2787 3259 nostros
2829 3223 3009 3261 mores
3049 3217 3103 3261 ct
3140 3210 3418 3278 dogmata.

154 3306 284 3367 τοὺς
308 3303 541 3357 καθόλου
580 3304 716 3372 πρὸς
741 3304 807 3357 τὰ
844 3305 963 3358 καθ’
999 3308 1146 3375 ἡμᾶς
1192 3308 1313 3375 ἱερὰ
1369 3306 1465 3374 ἔθη
1507 3307 1601 3359 καὶ
1651 3307 1740 3360 66-

156 3411 365 3462 γματα.
399 3393 703 3449 Πυκνοῦται
726 3396 780 3448 δέ
809 3397 901 3448 καὶ
925 3398 957 3463 ἡ
1002 3396 1199 3448 Ἰταλία
1245 3395 1401 3449 θείων
1432 3396 1743 3449 ἀποστόλων

158 3488 254 3539 καὶ
281 3487 580 3555 μαρτύρων
610 3490 759 3551 ναοῖς
783 3502 799 3518 ⁸
831 3481 905 3540 ὧν
950 3489 1246 3558 κορυφαῖος
1273 3488 1299 3538 ὁ
1321 3488 1379 3540 ἐν
1418 3489 1485 3557 τῇ
1550 3487 1738 3558 Ῥώμῃ

162 3577 492 3645 περίκλυτος
533 3576 627 3630 τοῦ
682 3578 740 3630 ἐν
797 3578 1115 3638 ἀποστόλοις
1170 3578 1470 3647 κορυφαίου
1530 3578 1737 3647 Πέτρου

161 3670 304 3731 ναός.
347 3668 438 3720 Ἐν
471 3666 551 3732 οἷς
581 3670 839 3739 ἡμέτεροι
871 3670 1244 3739 εἰσερχόμενοι
1282 3668 1343 3722 ἐκ
1381 3687 1440 3720 τε
1466 3671 1564 3733 τῆς
1589 3671 1739 3739 ἱερα-

154 3760 312 3827 τικῆς
348 3759 568 3829 μερίδος
605 3760 699 3811 καὶ
727 3759 826 3827 τῆς
857 3759 1071 3827 λαῖκῆς,
1101 3760 1406 3828 προσευχάς
1435 3776 1492 3811 τε
1522 3759 1740 3812 ποιοῦν-

157 3867 243 3903 ται
265 3850 408 3918 πρὸς
460 3849 616 3915 Θεὸν,
645 3851 740 3902 καὶ
770 3852 882 3912 τοῖς
920 3851 979 3901 ἐν
1008 3850 1191 3912 αὐτοῖς
1213 3850 1538 3920 τιμωμένοις
1565 3850 1741 3915 ἁγίοις

156 3938 251 4005 τὴν
276 3937 541 4006 σχετικὴν
565 3937 939 4007 προσκύνησιν
991 3939 1084 3989 καὶ¹
1128 3938 1293 4006 τιμὴν
1354 3936 1692 4005 ἀπονέμουσι
1725 3950 1738 3964 ο

157 4029 246 4077 καὶ
273 4027 568 4095 πρόκριμα
603 4025 853 4079 ἐντεῦθεν
879 4026 1108 4090 οὐδόλως
1148 4027 1493 4095 ὑφίστανται,
1523 4026 1607 4094 ἐφ’
1657 4020 1737 4089 οἷς

158 4120 361 4188 δηλαδὴ
393 4118 501 4170 ὑπὸ
536 4119 662 4180 τοὺς
690 4118 955 4181 Λατίνους
982 4119 1090 4171 είσὶ
1112 4121 1281 4180 ναοῖς.
1310 4116 1655 4187 Μεμνήμεθα
1679 4117 1739 4169 δὲ

155 4209 230 4272 ὡς
263 4211 561 4277 γεγόνασιν
587 4211 880 4280 ἐρωτήσεις
914 4209 1019 4279 πρὸ
1050 4209 1187 4261 ἐτῶν
1227 4210 1328 4279 ἤδη
1365 4209 1564 4262 ἱκανῶν
1590 4209 1741 4278 παρά

157 4301 392 4368 Μάρκου
429 4298 524 4350 τοῦ
545 4299 642 4364 τῆς
665 4298 813 4358 ὁσίας
855 4299 1075 4366 μνήμης
1104 4298 1445 4367 πατριάρχου
1479 4296 1733 4363 Ἀλεξαν-

155 4388 335 4457 δρείας
371 4402 387 4416 ⁸
445 4389 542 4439 καὶ
599 4388 687 4439 ἐπ’
734 4389 925 4449 αὑταῖς
978 4387 1298 4455 ἀποκρίσεις
1318 4385 1595 4455 Θεοδώρου
1650 4383 1741 4436 τοῦ

159 4478 468 4547 μακαρίτου
498 4478 835 4547 πατριάρχου
887 4478 1216 4546 Ἀντιοχείας
1266 4477 1360 4528 τοῦ
1392 4475 1692 4544 Βαλσαμών
1723 4492 1738 4506 ·

155 4563 240 4631 αἷς
269 4569 685 4638 συντεταγμένη
712 4565 780 4639 ἦν
811 4568 907 4620 καὶ
941 4569 1070 4637 περὶ
1102 4568 1348 4621 Λατίνων
1377 4568 1740 4636 αἰχμαλώτων

158 4660 447 4730 ἐρώτησις,
469 4664 515 4712 εἰ
543 4661 649 4731 χρὴ
671 4661 870 4731 δηλαδὴ
893 4661 1117 4723 τούτους
1147 4660 1549 4730 προσδέχεσθαι
1591 4677 1742 4730 παρ-

156 4753 509 4815 ουτιαζοντας
544 4755 622 4813 εἰς
669 4753 766 4813 τὰς
804 4752 1097 4812 καθολικάς
1144 4751 1461 4820 ἐκκλησίας,
1514 4752 1607 4803 καὶ
1638 4749 1742 4821 ζη-

154 4841 388 4904 τοῦντας
454 4841 891 4910 μεταλαμϐάνειν
957 4843 1066 4893 τῶν
1126 4841 1288 4893 θείων
1357 4842 1733 4911 ἀγιασμάτων.

155 4930 263 4981 Καὶ
294 4928 609 4991 ἀκολούθως
644 4929 737 4980 ἐπὶ
766 4928 942 4998 ταύτῃ
967 4930 1279 4997 ἀπόκρισις,
1316 4929 1543 4982 καθόλου
1591 4932 1735 4982 απα-

154 5020 463 5090 γορεύουσα
493 5021 619 5082 τοὺς
648 5020 971 5089 εἰρημένους
994 5020 1257 5081 Λατίνους
1286 5020 1375 5072 διὰ
1405 5022 1602 5090 χειρῶν
1628 5023 1736 5075 τῶν

154 5111 277 5162 καθ’
314 5112 465 5179 ἡμᾶς
528 5111 719 5180 ἱερέων
757 5110 854 5178 τῆς
909 5109 1060 5172 θείας
1100 5109 1386 5173 κοινωνίας
1428 5109 1731 5174 ἀξιοῦσθαι.

157 5200 321 5262 Ἠτις
348 5202 415 5269 δὴ
446 5201 740 5268 ἀπόκρισις
772 5201 863 5252 τὸν
895 5202 1095 5253 οἰκεῖον
1138 5202 1297 5266 λόγον
1357 5200 1733 5270 συγκροτοῦσα

157 5295 263 5345 ἀπὸ
293 5293 395 5361 τῆς
423 5293 575 5356 θείας
627 5293 667 5345 Γ
674 5292 875 5361 ραφῆς,
898 5292 979 5361 τῷ
1015 5291 1278 5361 Κυριακῷ
1330 5292 1524 5360 ἐκείνῳ
1571 5292 1737 5361 ἐχρή-

161 5399 291 5436 σατο
317 5386 524 5453 ῥήματι
545 5400 560 5414 ·
598 5384 657 5435 '0
691 5382 764 5452 μὴ
796 5380 871 5434 ὢν
904 5382 1103 5450 (λέγον)
1138 5383 1254 5448 μετ’
1280 5379 1438 5449 ἐμοῦ,
1465 5380 1583 5434 κατ’
1602 5380 1735 5451 ἐμοῦ

159 5478 274 5528 ἐστι
312 5491 329 5507 ’
376 5476 473 5527 καὶ
498 5477 527 5527 ὀ
562 5475 640 5545 μὴ
670 5476 919 5541 συνάγων
952 5474 1069 5544 μετ’
1104 5472 1263 5542 ἐμοῦ,
1298 5472 1604 5540 σκορπίζει.
1651 5474 1729 5541 Τῇ

158 5564 380 5638 τοιαύτῃ
414 5565 781 5634 δὲάποκρίσει
802 5563 1106 5633 τηνικαῦτα
1130 5562 1313 5615 πολλοὶ
1360 5562 1468 5614 τῶν
1515 5563 1725 5630 ἐλλογί-

1842 3295 2102 3364 Repletur
2131 3308 2309 3350 autem
2342 3306 2393 3352 et
2427 3300 2576 3352 Italia
2606 3298 2920 3353 divinorum
2962 3302 3333 3368 apostolorum
3365 3308 3419 3353 ct

1844 3398 2141 3459 martyrum
2184 3391 2422 3457 templis.
2467 3390 2616 3443 Inter
2649 3406 2771 3459 qnte
2806 3406 3079 3444 summum
3110 3391 3319 3444 obtinet
3350 3392 3429 3445 Io-

1848 3495 1974 3533 cuin
2024 3480 2211 3533 Roma:
2252 3484 2515 3550 inclytum
2561 3483 2705 3535 Petri
2748 3483 3117 3549 apostolorum
3151 3485 3426 3552 corypbtci

1843 3572 2121 3640 templum.
2147 3571 2202 3623 In
2234 3588 2353 3639 qua:
2379 3579 2650 3624 nostrates
2684 3572 3078 3639 ingredientes,
3108 3579 3214 3623 tam
3247 3574 3425 3627 eccle-

1843 3662 2050 3715 siastici
2084 3662 2321 3724 ordinis,
2356 3677 2521 3729 quam
2563 3662 2709 3725 laici,
2739 3673 2861 3715 vota
2900 3661 3107 3715 faciunt
3139 3663 3203 3714 ad
3237 3662 3428 3728 Deum,

1842 3760 1895 3805 et
1937 3756 2163 3819 sanctis,
2215 3756 2306 3824 qui
2348 3757 2400 3810 in
2454 3758 2535 3813 eis
2584 3761 2862 3823 coluntur,
2913 3760 3149 3813 debitam
3198 3776 3425 3813 venera-

1845 3842 2044 3897 tionem
2100 3853 2152 3897 et
2204 3845 2460 3900 honorem
2531 3852 2809 3903 exhibent.
2884 3849 2994 3905 Nec
3048 3851 3428 3919 prtejudicium

1844 3933 1970 3987 inde
2015 3935 2183 3988 ullum
2230 3939 2527 4003 sustinent,
2560 3955 2683 3994 cum
2721 3940 2967 3994 videlicet
3012 3942 3063 3993 in
3107 3940 3427 3993 Latinorum

1844 4032 1974 4078 sunt
2026 4026 2266 4095 templis.
2331 4028 2678 4085 Meminimus
2732 4041 2913 4085 autem
2965 4032 3428 4101 interrogationes

1846 4113 2025 4169 factas
2058 4132 2178 4172 esse
2212 4128 2335 4172 ante
2368 4121 2565 4174 multos
2588 4121 2703 4189 jam
2736 4137 2908 4177 annos
2943 4138 2970 4174 a
3008 4122 3192 4176 Marco
3223 4132 3431 4177 sancta:

1849 4207 2131 4261 memoria:
2168 4208 2479 4275 patriarcha
2524 4210 2914 4275 Alexandrino,
2945 4221 2996 4265 et
3034 4214 3425 4281 responsiones

1844 4297 1908 4349 ad
1952 4312 2087 4360 eas,
2142 4297 2413 4352 Theodori
2477 4301 2854 4367 Balsamonis,
2906 4304 3048 4357 beati
3112 4303 3432 4371 patriarcha:

1846 4389 2171 4443 Antiochiae.
2205 4390 2416 4456 Quibus
2450 4393 2652 4446 inserta
2686 4404 2801 4446 erat
2834 4403 2886 4446 et
2920 4394 2986 4448 de
3017 4393 3226 4449 Latinis
3256 4396 3427 4463 capti-

1844 4481 1926 4532 vis
1955 4481 2311 4550 interrogatio
2346 4498 2359 4534 :
2396 4499 2463 4535 an
2505 4494 2752 4551 oporteat
2790 4484 3038 4538 videlicet
3081 4500 3173 4537 eos
3212 4487 3419 4538 admit-

1846 4580 1979 4632 tere,
2014 4571 2057 4624 si
2102 4587 2160 4625 se
2200 4572 2250 4623 in
2284 4572 2568 4626 catholicis
2630 4574 2879 4627 ecclesiis
2925 4584 3337 4641 repraesentem,
3371 4584 3426 4628 et

1843 4669 2091 4729 qttagrant
2144 4663 2453 4716 divinarum
2511 4664 3074 4717 sanctificationnni'!n
3129 4667 3422 4733 participes

1845 4750 1983 4813 ﬁeri,
2019 4759 2074 4803 et
2108 4759 2510 4819 consequenter
2551 4752 2617 4805 ad
2656 4753 2795 4806 hanc
2844 4753 2981 4806 facta
3025 4756 3339 4821 responsio,
3373 4753 3424 4805 iu

1844 4844 2160 4896 universum
2196 4844 2553 4902 interdicens,
2586 4859 2654 4897 ne
2686 4843 2929 4912 praadicli
2967 4845 3141 4897 Latini
3181 4859 3276 4914 per
3311 4859 3426 4896 ma-

1845 4949 1948 4988 nus
1977 4942 2292 4987 nostrorum
2328 4935 2676 4988 sacerdotum
2705 4936 2943 4987 divinam
2973 4937 3419 4989 communionem

1845 5034 2179 5079 mereantur.
2207 5024 2337 5089 Quae
2360 5040 2490 5077 sane
2521 5024 2809 5093 responsio
2842 5026 3117 5094 propriam
3150 5026 3419 5078 rationem

1846 5117 2089 5184 allegans
2124 5131 2187 5168 ex
2223 5132 2378 5169 sacra
2421 5117 2726 5184 Scriptura,
2759 5116 3043 5170 Dominico
3082 5118 3172 5169 illo
3209 5131 3306 5169 usa
3337 5124 3421 5169 est

1840 5206 2043 5258 verbo:
2077 5205 2180 5269 Qui
2235 5221 2340 5259 non
2387 5214 2471 5259 est
2524 5208 2749 5277 (inquit)
2808 5223 3042 5271 mecum,
3094 5215 3286 5259 contra
3334 5220 3420 5258 me

1840 5302 1929 5349 est
1968 5309 1982 5345 :
2022 5302 2077 5349 et
2117 5295 2209 5364 qui
2261 5310 2369 5348 nou
2418 5296 2624 5364 colligit
2673 5310 2910 5361 mecum,
2947 5294 3233 5364 dispergit.
3281 5292 3418 5347 IIuic

1843 5393 2027 5437 autem
2064 5399 2331 5454 responso
2363 5386 2609 5454 praeclari
2644 5387 2799 5440 multi
2833 5386 2932 5439 viri
2965 5394 3095 5439 tunc
3138 5401 3243 5438 non
3289 5390 3419 5438 sunt

1841 5474 2144 5545 suﬂ‘ragati,
2185 5483 2246 5527 ut
2288 5477 2431 5542 quod
2473 5477 2703 5530 multum
2739 5477 2963 5531 duritiei
3003 5485 3055 5529 et
3091 5474 3415 5530 acerbitatis

1837 5565 2083 5630 haberet,
2127 5581 2225 5620 nec
2268 5567 2643 5622 convenientis
2679 5566 3089 5637 reprehensioni
3134 5565 3405 5619 Latinica-

1464 5722 1695 5778 vanu:
1736 5723 2132 5780 LECTIONES.

231 5833 250 5888 .i
298 5851 487 5903 panem
543 5838 793 5904 fractum.
872 5840 896 5878 ι
930 5838 1215 5891 neutram.

1300 5836 1419 5890 1sic
1471 5853 1571 5890 non
1606 5838 1797 5893 talibus
1852 5849 2007 5893 semel
2053 5838 2467 5892 accommodare.

2588 5850 2620 5868 "‘
2654 5847 3130 5892 Mtrrumcntorum.
