4188 6446
118 426 224 494 961

1368 416 2056 481 GR/ECO-ROMANUM

3255 416 3361 479 96?.

124 540 371 609 κρατεῖν.
408 537 437 588 ὀ
485 534 579 587 τοῦ
615 535 820 605 κόσμου
876 532 1102 604 φωστὴρ
1150 534 1179 585 ό
1230 534 1402 604 μέγας
1462 532 1708 597 Θεσπίζει

1834 545 2007 599 t‘gettt,
2054 529 2300 582 obtinere
2330 545 2345 593 ;
2381 526 2655 581 luminare
2680 525 2866 581 mundi
2898 539 3125 595 magnus
3162 533 3397 585 sanetvit

125 630 429 691 Βασίλειος.
502 630 669 681 Ὅταν
739 626 870 695 γοῦν
920 626 1020 687 τας
1068 624 1319 685 τοιαύτας
1376 625 1710 695 χειροτονίας

126 721 223 771 οὐκ
269 717 614 787 ὲπιγινὼσκῃ
655 719 682 769 ὁ
725 715 1013 785 νόμοςτῆς
1051 713 1401 781 Ἐκκλησίας,
1434 713 1525 766 διὰ
1552 712 1712 766 τοῦτο

124 812 239 862 οὐδὲ
289 813 453 879 ἡμεῖς
490 807 765 877 δυνάμεθα
796 809 895 877 τὴν
940 808 998 858 ὲν
1035 805 1207 875 ταύτῃ
1247 804 1535 876 συνήθειαν
1573 821 1713 871 γνω-

128 901 399 970 ματεζσαι
445 900 521 963 ὡς
559 898 781 969 βεϐαίαν
815 899 1057 968 κρατεῖν.
1131 897 1194 951 Εἰ
1227 896 1334 966 γὰρ
1381 897 1474 950 κα)⁵
1524 895 1709 965 μακρὶέ

126 1000 251 1057 iam;
305 998 479 1055 tnta,
533 993 649 1045 ἀλλ’
697 992 797 1045 οὐκ
852 992 1076 1058 οἴδαμεν
1111 990 1357 1059 ἀκριϐῶς
1420 991 1469 1041 εἰ
1505 989 1598 1041 καὶ
1647 990 1705 1040 ὲν

128 1086 396 1152 συνοόιγῷ
442 1084 776 1153 δικαστηρίῳ
810 1081 1131 1152 κρατηθεῖσα
1161 1079 1490 1149 ἐϐεϐαιώθη.
1541 1080 1713 1133 Ἐκεί-

125 1194 225 1244 νην
276 1176 390 1244 γὰρ
442 1174 541 1241 τὴν
583 1174 802 1243 μακρὰν
858 1172 1146 1243 συνήθειαν
1197 1170 1420 1240 βεϐαίαν
1466 1170 1517 1224 oi
1559 1170 1712 1240 νόμοι

124 1269 414 1337 τυγχάνειν
444 1267 865 1329 διντκελεύονται,
906 1266 1002 1335 τὴν
1032 1264 1457 1333 δοκιμασθεῖσαν
1508 1266 1568 1317 ὲν
1629 1264 1711 1314 δι-

124 1360 411 1429 καστηρίῳ
473 1359 571 1413 καί
622 1357 978 1427 κυρωθεῖσαν.
1054 1356 1167 1425 Τὴν
1224 1356 1297 1425 μὴ
1359 1356 1615 1425 τοιαύτην
1656 1354 1713 1407 δὲ

140 1450 452 1521 ὁλοσχερῶς
548 1448 981 1503 ἀποϐάλλονται.
1065 1446 1453 1516 Ἔξετασθῆναι
1538 1446 1715 1498 τοίνυν

130 1538 312 1607 χοεὼν
359 1540 409 1589 εί
443 1538 539 1591 καὶ
590 1540 623 1607 ὴ
652 1540 916 1609 εἰρημένη
945 1538 1207 1608 συνήθεια
1247 1537 1346 1605 τῆς
1386 1535 1718 1605 χειροτονίας

127 1631 236 1683 τῶν
304 1630 495 1700 ἱερέων
571 1630 864 1692 συνοδικῶς
926 1627 1241 1701 ὲγυμνάσθη
1306 1626 1400 1679 καὶ
1456 1625 1708 1697 ἐκυρώθη

126 1722 279 1774 ποτὲ.
336 1720 456 1774 Κᾶν
488 1721 588 1789 μὲν
619 1720 809 1788 γέγονε
863 1718 1043 1784 τοῦτο,
1091 1717 1363 1789 κρατείτω
1398 1718 1490 1771 καὶ
1536 1718 1615 1779 είς
1656 1715 1719 1768 τὸ

126 1812 253 1881 ἑξῆς
291 1827 307 1842 ·
349 1812 400 1863 εἰ
425 1811 482 1863 δὲ
528 1810 625 1881 μὴ.
656 1810 867 1881 ἀνάγκη
903 1813 968 1880 τῇ
1022 1811 1142 1880 ἱερᾷ
1178 1811 1272 1863 καὶ
1321 1809 1532 1879 μεγάλῃ
1594 1824 1719 1860 συν-

1816 620 2072 675 Basilius.
2106 618 2337 684 Quantlo
2371 619 2535 688 igitur
2563 617 2876 686 ltujusmodi
2907 618 3281 673 ordinationes
3313 622 3396 674 les

1816 710 2075 766 Ecclesiae
2134 726 2241 764 non
2304 710 2612 777 agroverit,
2676 709 2895 761 obeam
2932 724 3045 763 rem
3072 725 3248 779 neque
3298 728 3399 766 nos

1816 818 2112 874 possumus
2147 810 2425 864 statuere,
2471 800 2591 869 ejus
2631 802 3090 857 consuetudinem
3138 811 3397 871 tauquam

1816 896 2024 950 ﬁrmam
2050 895 2317 949 obtinere.
2393 894 2507 947 Etsi
2544 893 2688 946 enim
2725 892 2866 946 forte.
2894 893 3049 962 longa
3084 904 3188 956 est,
3222 896 3401 949 nesci-

1817 1004 1939 1042 mus
1964 1003 2088 1043 vere
2116 1003 2245 1041 num
2288 985 2532 1057 synodali
2566 986 2826 1054 applausu
2850 982 3061 1051 judicio
3080 985 3399 1039 conﬁrmata

1815 1079 2003 1134 fuerit.
2041 1081 2187 1132 Illam
2232 1079 2376 1133 enim
2411 1078 2627 1147 longam
2676 1075 3139 1131 consuetudinem
3189 1076 3399 1130 [inuam

1817 1184 1940 1223 esse
1972 1170 2117 1238 leges
2148 1169 2365 1237 jubent,
2398 1183 2521 1235 qua:
2559 1167 2771 1235 judicio
2800 1167 3138 1222 contradicto
3174 1169 3368 1237 probat

1818 1260 2284 1329 corroborataque
2309 1259 2493 1313 fuerit.
2517 1257 2648 1323 Qua'
2676 1267 2857 1311 autem
2880 1260 3003 1312 talis
3030 1275 3136 1313 non
3156 1269 3259 1323 est,
3279 1274 3399 1313 eam

1818 1352 1980 1419 plane
2016 1351 2293 1419 rejiciunt.
2333 1347 2724 1418 inquirendum
2756 1359 2840 1402 est
2872 1346 3061 1417 igitur,
3097 1363 3223 1400 num
3266 1363 3402 1415 prae~

1819 1444 1964 1498 dicta
1990 1444 2353 1498 creandorum
2385 1441 2738 1496 saccrdomm
2773 1439 3118 1494 consuetudo
3143 1442 3403 1510 synodica

1821 1534 2125 1602 disceptata
2156 1541 2211 1587 et
2252 1533 2464 1585 lirmata
2500 1530 2664 1584 fuerit
2695 1544 2956 1599 unquam.
2997 1529 3078 1596 Et,
3109 1531 3152 1583 si
3189 1532 3294 1584 hoc
3322 1530 3403 1583 ia-

1820 1636 1969 1679 ctum
2014 1625 2085 1678 sit
2111 1664 2126 1688 ,
2151 1622 2333 1677 valeat
2364 1623 2527 1676 etiam
2553 1622 2607 1675 in
2635 1629 2936 1690 posterum.
2974 1622 3069 1675 Sin
3103 1623 3304 1685 minus,
3336 1621 3404 1675 ad

1822 1728 2034 1768 sacram
2065 1727 2427 1784 magnamque
2456 1710 2724 1783 synodum
2760 1712 2823 1765 de
2852 1725 2915 1764 ea
2964 1710 3153 1765 referri
3181 1724 3404 1765 necesse

1824 1816 1928 1869 est,
1987 1813 2038 1858 u'
2073 1805 2215 1874 quod
2250 1805 2295 1857 ei
2353 1802 2621 1872 placuerit
2657 1803 2770 1856 liat.
2815 1801 2949 1854 Nam
2979 1816 3099 1870 qua:
3139 1801 3405 1869 synodica

130 1866 342 1971 τὰ
404 1866 541 1971 περὶ.
586 1866 791 1969 ταύτης
843 1866 1215 1970 όνεζεχθῖιναι,
1271 1866 1416 1953 ὥστε
1444 1866 1532 1951 τὸ..
1556 1898 1713 1963 δόξαν

1828 1866 2167 1947 t-onsiderata
2192 1901 2243 1945 et
2274 1866 2492 1961 cognita
2515 1899 2664 1956 sunt,
2689 1890 2913 1945 meliora
2939 1866 3248 1945 etillrmiora
3273 1898 3401 1945 sunt

130 1991 315 2059 ἐκείνῃ
350 1989 625 2056 γενέσθαι.
661 1989 745 2043 Τὰ
786 1990 1074 2053 συνοδικῶς
1108 1991 1216 2061 γὰρ
1245 1989 1591 2056 σκεπτόμενα
1622 1989 1716 2041 καὶ

128 2079 619 2146 διαγιιοωσκόμενα.
672 2078 782 2132 τῶν
848 2079 1161 2147 καταμόνας
1211 2077 1717 2150 γνωματευομένων

131 2170 421 2238 κρείττονά
441 2171 547 2222 εἱσι
580 2172 673 2221 καὶ
699 2169 1151 2239 ἐπικρατέστερα.

198 2262 318 2328 Ἔρ.
364 2262 676 2315 Θάπτονται
706 2260 976 2330 ὀρθόδοξοι
1008 2261 1269 2330 Ῥωμαῖοι
1304 2262 1360 2314 ἐν
1386 2264 1712 2323 Λατινικαῖς

132 2353 452 2422 ἐκκλησίαις
508 2354 836 2423 ψαλλόμενοι
895 2355 1047 2421 παρὰ
1073 2369 1130 2404 τε
1171 2352 1458 2421 Ῥωμαίων
1488 2355 1581 2406 καὶ
1604 2355 1716 2406 Λα-

130 2445 291 2497 τίνων
342 2448 399 2497 ὲν
444 2446 650 2515 ταυτῷ.
712 2446 818 2498 Καὶ
872 2445 1091 2498 Λατῖνοι
1150 2443 1206 2495 δὲ
1259 2443 1715 2515 ἀποθνήσκοντες,

137 2538 400 2600 ὡσαύτως
459 2538 752 2606 ψάλλονται
792 2537 925 2606 ὁμοῦ
956 2536 1105 2605 παρὰ
1155 2536 1441 2605 Ῥωμαίων
1478 2540 1568 2590 καὶ
1610 2540 1718 2590 Λα-

133 2631 293 2684 τίνων
328 2631 679 2701 ἁδιακρῐτως.
740 2629 1043 2699 Ἐπιτίμιον
1088 2628 1261 2694 ἔστιν,
1289 2630 1320 2699 ἢ
1352 2628 1410 2681 οὔ
1444 2646 1460 2696 ;

216 2725 350 2777 ‘Az.
408 2723 512 2775 Δύο
569 2723 676 2775 εἰσὶ
722 2722 978 2793 προφανῆ
1034 2720 1129 2773 καὶ
1178 2721 1408 2789 μεγάλα,
1466 2723 1720 2777 ποιοῦντα

134 2814 401 2885 διαφορὰν
440 2814 604 2882 μέσον
641 2813 797 2883 ἡμῶν
831 2816 926 2866 καὶ
959 2814 1067 2865 τῶν
1103 2813 1369 2867 Λατίνων.
1401 2815 1472 2866 Τὸ
1504 2814 1721 2885 πρῶτον

137 2914 231 2958 καὶ
258 2908 466 2976 μεῖζον,
502 2907 560 2959 τὸ
595 2906 838 2976 περὶτοῦ
865 2906 1018 2974 ἁγίου
1065 2906 1374 2976 Πνεὺματος
1403 2908 1578 2976 δόγμα
1608 2923 1622 2937 ·
1661 2908 1723 2960 τὸ

136 2998 388 3068 δεύτερον
440 2998 517 3061 ὁὶ,
558 3001 652 3050 καὶ
689 3000 748 3050 οὐ
808 2998 901 3049 τοῦ
942 2998 1054 3051 ἴσου
1076 2998 1258 3066 λόγου,
1288 2999 1396 3051 τῶν
1424 3000 1651 3068 ἀζύμων
1687 3002 1720 3070 ἡ

142 3087 455 3158 προσφορά..
528 3088 591 3141 Ἦ
638 3089 735 3156 τῆς
774 3089 997 3159 Γραφῆς
1044 3091 1101 3142 δὲ
1150 3090 1473 3159 ἀνάγνωσις,
1535 3091 1634 3160 τῆς
1666 3109 1722 3144 τε

1818 1985 1889 2040 iis
1920 2024 1937 2051 ,
1976 1999 2099 2054 quae
2134 1985 2203 2037 ab
2235 1998 2344 2037 uno
2370 1983 2763 2039 decernuntur.

1890 2267 2273 2340 Interrogatio.
2294 2266 2593 2323 Ortbodoxi
2616 2265 2848 2323 Romani
2866 2267 2919 2321 in
2942 2265 3204 2322 Latinicis
3230 2270 3403 2324 eccle-

1820 2363 1918 2419 siis
1950 2364 2295 2431 sepeliuntur
2315 2404 2329 2428 ,
2359 2362 2635 2417 decantati
2677 2378 2705 2416 a
2736 2362 3001 2416 Romanis
3017 2372 3068 2415 ct
3096 2360 3308 2418 Latinis
3331 2364 3404 2418 si-

1821 2456 1952 2511 mul.
1980 2460 2107 2509 Item
2124 2455 2302 2509 Latini
2330 2456 2649 2518 morientes,
2669 2468 2695 2506 a
2719 2451 2981 2507 Romanis
2994 2461 3046 2507 et
3069 2453 3274 2507 Latinis
3294 2468 3403 2507 una

1819 2546 2154 2601 carminibus
2216 2546 2533 2600 indistincte
2582 2544 2965 2600 celebrantur:
3016 2558 3266 2599 censura:
3300 2546 3403 2601 hoc

1820 2638 2113 2692 obnoxium
2146 2646 2251 2702 est,
2272 2638 2502 2691 annon?

1891 2727 2009 2783 Res.
2048 2728 2166 2782 Duo
2202 2738 2331 2782 surt
2369 2726 2660 2782 manifesta
2700 2734 2756 2781 et
2798 2740 2991 2796 magna
3027 2744 3042 2781 :
3098 2740 3222 2796 quae
3262 2724 3405 2781 inter

1824 2834 1925 2873 nos
1980 2829 2035 2873 et
2094 2818 2324 2874 Latinos
2380 2819 2591 2873 faciunt
2632 2817 3016 2873 diﬂ‘ercntiam.
3058 2818 3302 2872 Primum
3352 2826 3406 2873 et

1826 2911 2025 2979 majus,
2094 2913 2343 2967 doctrina
2408 2914 2475 2966 de
2528 2920 2719 2966 sancto
2783 2910 3013 2987 Spiritu.
3090 2912 3404 2965 Secundum

1828 3011 2033 3067 autem,
2064 3019 2164 3058 nec
2193 3005 2329 3057 tanti
2364 3004 2645 3067 momenti,
2676 3018 2988 3072 azymorum
3013 3003 3234 3057 oblatio.
3259 3004 3408 3058 Scri-

1828 3107 2001 3163 pfura:
2033 3103 2213 3148 autem
2244 3096 2425 3159 lectio,
2455 3096 2656 3149 veteris
2686 3105 2739 3148 et
2774 3102 2946 3157 novae,
2973 3094 3098 3147 item
3134 3093 3405 3161 precatio-

141 3178 378 3239 παλαιᾶς
428 3177 525 3230 καὶ
561 3177 663 3244 τῆς
717 3177 860 3241 νέας,
904 3181 997 3231 καὶ
1043 3181 1099 3231 αί
1160 3182 1484 3250 προσευχαὶ,
1526 3184 1619 3235 καὶ
1664 3184 1720 3236 αἱ

1828 3202 1924 3241 nes
1956 3196 2012 3240 et
2041 3187 2238 3241 musici
2268 3194 2486 3250 cantus,
2531 3194 2585 3239 et
2619 3186 2803 3238 divina
2840 3185 3058 3254 templa,
3095 3184 3406 3237 vtineratio-

139 3266 419 3340 μελῳδίαι,
447 3268 537 3318 καὶ
557 3267 607 3319 οι
631 3266 759 3319 θεῖοι
773 3270 911 3333 ναοὶ,
937 3272 1031 3321 καὶ
1052 3272 1106 3321 αἱ
1136 3272 1527 3342 προσκυνήσεις
1551 3272 1643 3327 τοῦ
1666 3292 1724 3326 τε

141 3358 321 3427 τιμίου
356 3358 591 3427 σταυροῦ
622 3361 713 3410 καὶ
751 3359 857 3411 τῶν
887 3361 1056 3424 ἁγίων
1094 3362 1341 3427 εἰκόνων,
1395 3365 1550 3416 κοινὰ
1599 3365 1725 3417 τού-

141 3468 248 3511 τοις
279 3450 394 3502 εῖσὶ
419 3453 514 3501 καὶ
541 3452 693 3519 ἡμῖν.
734 3452 851 3505 Dim
902 3453 1108 3522 ἀπᾷδον
1138 3454 1338 3516 τοίνυν,
1371 3454 1491 3507 οὐδὲ
1534 3458 1599 3525 τῇ
1635 3458 1723 3508 εὑ-

150 3538 333 3607 σεϐεῖα
365 3539 614 3591 ὁπωσοῦν
650 3540 1068 3610 λυμαινόμενον,
1109 3544 1169 3594 τὸ
1202 3543 1505 3597 θάπτεσθαι
1557 3545 1726 3599 Λατί-

142 3646 258 3691 νους
290 3631 352 3681 ἑν
396 3630 728 3699 Ῥωμαϊκοῖς
792 3635 960 3695 ναοῖς,
1022 3634 1113 3685 καὶ
1167 3632 1463 3701 ψάλλεσῦαι
1524 3636 1728 3704 ὁμοθυ-

150 3724 320 3791 μαδὸν
359 3724 515 3792 παρά
571 3739 632 3775 τε
681 3724 973 3793 Ῥωμαίων
1017 3726 1110 3778 καὶ
1137 3726 1382 3779 Λατίνων
1430 3727 1729 3796 ἱερουργῶν

147 3816 450 3883 νεκριμαῖα
476 3814 720 3867 Λατίνων
766 3816 861 3867 καὶ
900 3815 1207 3885 Ῥωμαίων.
1267 3815 1404 3868 Οὔτε
1434 3818 1541 3885 γὰρ
1571 3818 1599 3869 ὁ
1646 3819 1731 3869 τό-

149 3921 245 3966 πος
298 3904 429 3965 τοὺς
460 3904 812 3968 ἀπελθόντας,
840 3907 989 3973 παρὰ
1025 3905 1144 3975 Θεῷ
1172 3908 1317 3957 ποιεῖ
1344 3906 1687 3976 ἁποϐλήτους
1713 3924 1728 3938 °

148 3996 238 4047 καὶ
267 3997 300 4063 ἡ
336 3997 423 4046 ἐπ’
457 3995 639 4057 αὐτοῖς
664 3995 955 4065 ψαλμῳδξα
978 3996 1087 4049 τῶν
1133 3999 1398 4059 Λατίνων,
1431 3999 1531 4050 οὐκ
1583 3998 1731 4050 ἔστιν

148 4086 360 4155 ὶθνικὴ,
402 4087 519 4139 ἀλλ’
560 4088 625 4139 ὲκ
657 4086 765 4139 τῶν
822 4088 946 4141 καθ’
974 4090 1120 4157 ἡμᾶς
1171 4088 1331 4141 θείων
1386 4090 1635 4158 Γραφῶν.
1670 4091 1731 4143 El

148 4176 202 4230 ει
248 4192 334 4239 τις
400 4177 527 4238 iam;
578 4176 777 4230 ἄτοπον
828 4179 1041 4247 ἡγεῖται
1119 4180 1180 4233 τὸ
1224 4179 1510 4249 γινόμενον
1567 4182 1731 4245 οὕτω,

149 4268 378 4319 αὐτόθεν
407 4268 629 4336 εὑρήσει
660 4270 750 4322 τὸν
774 4268 1034 4338 λογισμὸν
1062 4271 1249 4323 τοῦτον
1276 4273 1524 4339 μάταιον.
1560 4273 1735 4325 Πολλὰ

150 4358 260 4426 γὰρ
284 4358 516 4427 σώματα
552 4358 661 4411 τῶν
712 4361 883 4428 ἁγίων
914 4362 964 4413 οἱ
997 4360 1163 4414 πάλαι
1211 4363 1352 4415 κατὰ
1382 4365 1609 4433 καιροὺς
1636 4365 1735 4432 τῆς

159 4450 424 4510 ἀσεϐείας
483 4449 544 4501 τὸ
590 4454 790 4520 κράτος
850 4452 1065 4520 ἔχοντες
1120 4452 1463 4521 θνησιμαίοις
1524 4453 1737 4523 ἀλόγοις

155 4540 489 4608 παρέμιξαν,
534 4542 627 4593 καὶ
685 4542 745 4595 ἐν
792 4542 977 4604 τόποις
1024 4541 1285 4613 βορϐόρου
1345 4548 1560 4612 μεστοῖς
1613 4548 1734 4600 ἐνα-

156 4631 432 4699 πὲρῤιψαν
466 4645 480 4659 ⁸
525 4631 696 4699 ἀλλ’ἢ
722 4632 981 4704 δεδομένη
1028 4636 1139 4697 τοῖς
1174 4636 1347 4701 ἁγίοις
1402 4636 1580 4705 χάρις,
1645 4638 1734 4689 ὲν-

154 4719 346 4772 τεῦθεν
404 4718 683 4789 ansam;
723 4721 929 4789 ἔμεινε.
997 4722 1107 4776 Καὶ
1155 4723 1333 4775 αὐτῶν
1384 4724 1589 4793 ἐστινὴ
1623 4725 1735 4779 ἄνω

164 4810 557 4880 Ἰερςυσαλὴμ,
619 4812 653 4880 ἡ
702 4811 811 4865 τῶν
878 4814 1237 4883 πρωτοτόκων
1306 4816 1733 4887 μητρόπο).ις,ή

156 4904 266 4958 τῶν
312 4908 538 4973 πραέων
575 4904 668 4972 γῆ,
726 4906 793 4956 τὰ
843 4907 1177 4974 ἡγαπημένα
1230 4908 1581 4977 σκηνώματα.
1635 4908 1738 4961 Εὑ-

162 4996 442 5066 ρίσκονται
474 4996 528 5047 δὲ
577 4997 670 5047 καὶ
718 4996 993 5050 δυσσεϐὦν
1027 4998 1292 5067 βασιλέων
1330 5001 1489 5067 τάφοι
1539 5001 1597 5051 ὲν
1624 5002 1737 5062 τοῖς

159 5088 283 5139 καθ’
332 5088 481 5155 ἡμᾶς
532 5086 709 5151 ἁγίοις
760 5091 929 5153 ναοῖς,
987 5088 1061 5151 ὡς
1132 5089 1229 5142 καὶ
1278 5091 1371 5142 τοῦ
1420 5091 1737 5161 ταραϐατου

172 5175 487 5238 Ἰονλιανοῦ,
539 5179 596 5230 ὲν
634 5178 711 5245 τῷ
748 5178 861 5247 ναῷ
889 5179 996 5230 τῶν
1044 5178 1215 5245 ἁγίων
1242 5182 1335 5231 καὶ
1366 5182 1740 5250 πανευφὴμων

161 5270 498 5332 ἀποστόλων,
533 5270 678 5323 κατὰ
704 5272 800 5340 τὴν
834 5271 1245 5325 Κωνσταντινού
1260 5272 1406 5324 πολιν
1434 5290 1446 5303 ·
1509 5275 1602 5325 καὶ
1634 5275 1739 5341 μὴν

164 5360 260 5411 καὶ
298 5361 474 5412 ἀλλων
506 5361 812 5425 κακοδόξων
842 5363 899 5414 ὲν
938 5362 1146 5431 ἑτέροις
1198 5365 1363 5425 ναοῖς·
1402 5364 1495 5415 καὶ
1540 5364 1601 5415 οὑ
1640 5364 1737 5414 λυ-

167 5454 368 5505 σιτελεῖ
412 5454 620 5519 τούτοις
661 5458 695 5525 ἡ
726 5457 904 5509 ἐκεῖσε
957 5458 1125 5527 ταφή.
1182 5456 1350 5509 Μένει
1404 5457 1512 5524 γὰρ
1559 5456 1737 5508 αὐτῶν

1831 3293 2038 3344 nesque
2085 3278 2338 3347 pretiosa:
2390 3277 2573 3330 crucis
2620 3287 3046 3343 sanctarumque
3083 3275 3401 3343 imaginum,

1832 3365 1939 3421 illis
1970 3375 2099 3419 sunt
2133 3369 2417 3421 nobiscum
2454 3368 2788 3420 communia.
2822 3363 2939 3418 Non
2975 3373 3059 3420 est
3095 3366 3260 3433 igitur
3290 3366 3405 3419 dis-

1829 3469 2175 3523 sentaneum,
2221 3474 2398 3527 neque
2442 3459 2696 3527 pietatem
2744 3458 2854 3510 ullo
2896 3455 3056 3509 modo
3100 3455 3404 3519 otl‘endens,

1830 3548 2058 3604 Latinos
2081 3550 2300 3618 sepeliri
2336 3550 2387 3603 in
2423 3548 2684 3603 Romanis
2714 3548 2954 3617 templis,
2979 3555 3033 3600 et
3068 3554 3179 3600 uta
3211 3546 3409 3598 Roma-

1832 3642 1915 3695 nis
1946 3639 2268 3709 Latinisque
2300 3640 2771 3694 sacrilicatoribus
2809 3639 3179 3690 Romanorum
3213 3646 3267 3690 et
3305 3634 3409 3689 La-

1832 3735 2069 3785 tinorum
2120 3732 2323 3785 mortui
2374 3732 2622 3785 unanimi
2674 3738 2942 3783 concentu
2973 3739 2993 3765 ι’
3040 3729 3409 3783 celebrentur.

1834 3822 2022 3891 Neque
2052 3824 2195 3877 enim
2240 3824 2392 3877 locus
2433 3821 2562 3875 facit
2604 3829 2851 3874 mortuos
2894 3818 3033 3887 apud
3078 3821 3243 3872 lleum
3280 3819 3409 3887 reji-

1834 3914 2093 3968 cicmtos:
2140 3920 2193 3964 et
2242 3910 2561 3963 Latinorum
2616 3910 2682 3963 de
2742 3908 2810 3961 iis
2855 3908 3152 3975 psalmodia
3182 3920 3288 3958 non
3324 3915 3410 3961 est

1836 4018 2063 4072 pagana,
2092 4003 2185 4056 sed
2204 4018 2267 4056 ex
2300 4001 2499 4054 divinis
2529 4010 2577 4063 ³,
2608 4008 2792 4052 nostra
2824 4000 3117 4059 sententia,
3146 3998 3412 4066 Scriptu-

1837 4094 1932 4145 ris.
1968 4090 2123 4155 Quod
2170 4090 2216 4145 si
2254 4091 2376 4158 quis
2422 4089 2560 4141 forte
2604 4103 2716 4141 rem
2760 4087 3071 4153 bujusmodi
3116 4086 3409 4139 absurdam

1837 4192 2009 4251 putet,
2038 4182 2179 4235 banc
2208 4181 2677 4235 ratiocinationem
2709 4193 2899 4230 vanam
2926 4178 3071 4231 illico
3089 4178 3410 4246 comperiet.

1837 4275 1940 4339 Qui
1972 4274 2117 4326 enim
2153 4271 2431 4340 quondam
2472 4270 2775 4339 impietatis
2814 4270 3099 4337 imperium
3132 4282 3231 4321 suo
3274 4274 3412 4321 tem-

1840 4381 1969 4436 pore
2002 4367 2020 4401 ⁸
2057 4367 2437 4426 obtinuerunt,
2476 4364 2645 4415 multa
2685 4370 3002 4416 sanctorum
3033 4377 3261 4430 corpora
3290 4361 3417 4413 mis-

1842 4464 2075 4511 cuerunt
2128 4456 2426 4510 bestiarum
2484 4454 2835 4516 morticiniis,
2888 4462 2941 4506 et
2988 4455 3041 4505 in
3088 4452 3203 4505 loca
3251 4466 3411 4506 emno

1840 4548 1995 4617 plena
2019 4547 2386 4616 projecerunt.
2416 4543 2519 4597 Sed
2538 4544 2663 4597 data
2692 4544 2899 4598 sanctis
2930 4544 3101 4613 gratia
3129 4543 3255 4597 inde
3285 4543 3415 4597 illa».

1840 4652 1900 4692 sa
1930 4638 2154 4691 mansit.
2187 4635 2497 4702 Eorumque
2536 4641 2621 4689 est
2660 4634 2915 4701 superius
2953 4631 3279 4696 Jerusalem,
3304 4631 3416 4701 pri-

1841 4730 2239 4799 mosenitorum
2277 4726 2618 4795 metmpolis,
2655 4724 2866 4778 mitium
2897 4733 3041 4778 terra
3063 4765 3076 4787 ,
3114 4724 3306 4777 dilecta
3335 4732 3415 4776 ta-

1840 4819 2159 4873 bernacula.
2190 4816 2482 4886 lmpiorum
2512 4826 2692 4869 autem
2727 4829 2910 4885 regum
2944 4814 3217 4881 sepulcra,
3248 4812 3414 4866 etiam

1842 4911 1896 4963 in
1938 4910 2142 4963 nostris
2174 4910 2379 4962 sanctis
2413 4908 2631 4976 templis
2662 4907 3034 4970 inveniuntur,
3062 4912 3120 4959 ut
3148 4912 3416 4973 apostata:

1836 4999 2059 5063 Juliani,
2086 4999 2140 5053 in
2176 5000 2378 5067 templo
2409 5006 2725 5051 sanctorum
2752 5006 2807 5051 et
2834 4996 3249 5051 benedictorum
3280 5008 3415 5062 apo-

1838 5094 2127 5155 stolorum,
2185 5105 2354 5161 prope
2400 5088 2939 5159 Constantinopolim
2969 5096 2997 5125 ιι
3030 5104 3045 5141 :
3097 5096 3152 5141 et
3184 5087 3413 5139 aliorum

1837 5198 2107 5252 perversae
2141 5182 2265 5236 ﬁdei
2300 5184 2352 5234 in
2399 5182 2523 5236 aliis
2558 5181 2799 5251 templis,
2846 5181 3045 5251 quibus
3078 5178 3191 5231 illic
3230 5176 3416 5244 sepul-

1838 5285 1951 5329 tum
1972 5275 2139 5331 fuisse
2162 5291 2270 5329 non
2296 5274 2536 5345 prodest.
2555 5273 2752 5327 Eorum
2770 5272 2915 5327 enim
2936 5277 3117 5324 manet
3140 5268 3415 5337 impietas.

1842 5374 1897 5419 et
1953 5382 2143 5420 eorum
2200 5374 2283 5420 est
2344 5366 2485 5434 ignis
2547 5373 2789 5419 aeternus
2854 5362 3113 5432 gehennae
3138 5368 3184 5413 '.
3230 5357 3418 5412 Restat

1848 5457 2011 5523 igitur
2041 5472 2164 5512 esse
2193 5456 2679 5526 irreprehensibile
2709 5454 3150 5511 Christianorum
3182 5450 3235 5503 in
3269 5446 3418 5500 Lati-

1473 5614 1703 5669 VARl/l.
1740 5613 2135 5668 LECTIONES.

250 5760 270 5787 τ
314 5751 502 5823 ria-nia?
532 5752 850 5805 unanimiter
886 5770 929 5805 Ct
952 5764 1168 5807 nuntur.
1244 5764 1264 5791 ⁸
1295 5769 1359 5807 ex
1412 5755 1602 5807 nostris
1634 5754 1800 5809 sacris
1824 5752 2133 5823 Scripturis.

184 5829 435 5888 regnante
485 5822 761 5888 imperium
791 5825 1091 5877 oatinebant
1120 5841 1137 5878 :

2216 5756 2235 5791 ί
2270 5755 2371 5819 Qui
2410 5756 2549 5809 enim
2572 5752 2837 5822 quondam
2872 5747 3141 5819 impietate
3202 5760 3419 5820 pagana

1214 5835 1239 5863 υ
1300 5824 1779 5893 Constantinopoli.
1855 5834 1882 5865 ν
1974 5826 2241 5893 supplicii.
