4188 6446
786 385 886 445 967

791 587 942 648 licet,
978 594 1090 637 tam
1133 591 1360 653 pr0pter
1395 584 1784 638 neCessitatem
1823 579 2009 645 oﬂicii,
2059 596 2225 650 quam
2286 583 2370 635 fu-

790 693 910 733 rum
966 674 1216 738 insidias,
1267 674 1353 729 vel
1414 673 1786 737 cili-actorum,
1846 672 2153 727 aliorumve
2206 673 2379 727 scele-

789 779 1060 823 ratorum.
1090 767 1189 822 Cui
1223 779 1403 822 autem
1439 767 1563 820 talis
1594 781 1729 820 cura
1762 781 1871 820 non
1896 765 2187 833 incumbit,
2223 765 2373 819 nullo

788 860 952 914 modo
985 861 1036 913 id
1075 874 1403 913 concessum
1433 865 1536 912 est.
1567 856 1763 911 (libum
1800 871 1929 911 vero
1977 869 2197 910 sumere
2228 855 2371 908 intra

789 952 1073 1020 templum,
1102 966 1207 1004 non
1243 951 1419 1003 solum
1443 948 1663 1024 quodie.
1700 947 1796 1004 sed
1834 961 1933 1001 nec
1964 961 2062 1016 per
2092 947 2261 1013 vices,
2298 961 2365 1000 ne

790 1042 1130 1112 ipsiquidcm
1158 1041 1359 1094 aadituo
1408 1041 1766 1109 permittitur.
1815 1040 1881 1093 Et
1914 1040 2030 1094 hmc
2084 1042 2373 1111 perspicue

788 1129 1032 1188 declarat
1068 1135 1153 1188 lex
1176 1133 1555 1189 ecclesiastica
1611 1141 1664 1186 et
1715 1131 1916 1187 civilis.
1974 1132 2371 1189 Ecclesiastica

788 1226 1030 1296 quidem,
1064 1227 1118 1281 in
1146 1225 1316 1281 variis
1343 1225 1650 1279 canonibus
1676 1241 1690 1277 :
1720 1223 1816 1279 sed
1850 1223 1905 1277 iu
1946 1225 2137 1295 primis
2173 1225 2228 1278 in
2282 1238 2373 1279 ca-

784 1334 932 1373 none
958 1318 1024 1373 ’ῖό
1045 1319 1395 1374 cecnmenica:
1422 1328 1589 1372 sextae
1624 1318 1816 1389 synodi
1863 1318 1981 1371 hinc
2010 1318 2178 1373 edicit
2204 1334 2217 1371 :
2251 1316 2371 1371 Non

787 1421 1005 1481 oportet
1035 1413 1091 1465 in
1130 1410 1433 1466 Dominicis
1481 1411 1639 1479 locis,
1671 1412 1755 1466 vel
1788 1412 2062 1477 ecclesiis,
2106 1426 2202 1466 eas
2253 1428 2374 1482 qua:

786 1504 1050 1558 dicuntur
1100 1517 1324 1573 agapas,
1348 1502 1402 1557 id
1429 1510 1514 1557 est
1555 1504 1870 1568 cliaritates,
1913 1502 2111 1567 facere,
2138 1511 2191 1559 et
2224 1504 2373 1560 intus

787 1596 841 1649 in
868 1595 984 1650 :ede
1019 1595 1330 1661 comedere,
1362 1603 1415 1648 et
1452 1593 1740 1649 accubitus
1777 1601 2049 1654 sternere.
2070 1594 2173 1660 Qui
2194 1604 2371 1649 autem

786 1689 894 1741 hoc
922 1687 1043 1741 ausi
1109 1686 1335 1751 fuerint,
1407 1686 1494 1740 vel
1551 1696 1799 1750 cessent,
1858 1686 1944 1741 vel
1996 1694 2371 1755 segregentur.

788 1781 1115 1832 Act-ubitnm
1151 1786 1332 1847 autem
1362 1777 1564 1830 dicitur
1591 1778 1772 1833 omnis
1823 1778 1942 1832 lec1i
1976 1785 2273 1846 apparatus
2316 1777 2369 1831 in

2076 380 2217 440 JUS
2247 376 2688 439 CANONICUM

866 495 1015 562 Iiesp.
1048 493 1306 547 Habitare
1360 492 1605 546 divinum
1641 490 1899 560 templum
1958 491 2091 545 solis
2156 490 2372 545 mdituis
2403 499 2446 554 Α

3949 383 4051 445 9ῦ5

2562 492 2693 546 'Ax.
2723 490 2797 543 T6
2844 492 3028 562 μένειν
3066 490 3216 555 ἐντὸς
3260 490 3355 544 τοῦ
3417 490 3564 545 θείου
3609 488 3741 545 ναοῦ
3775 496 4057 563 νεωκᾶροις

2482 582 2665 652 μόνοις
2705 583 2942 646 ἀνεῖται,
2978 582 3069 635 διά
3100 598 3159 635 τε
3204 582 3303 647 τάς
3349 584 3657 650 ἀναγκαίας
3707 584 3885 653 τούτῳ
3922 586 4057 654 ὑπη-

2481 675 2689 744 ρεσίας,
2723 673 2818 727 καὶ
2856 674 2923 727 δι’
2954 673 3250 745 ἐπιϐουλὴν
3282 674 3554 740 κλεπτῶν,
3594 674 3625 743 ἧ
3676 677 4054 746 τοιχωρύχων,

2477 764 2510 835 ἧ
2546 764 2749 835 ἐτέρων
2784 764 3098 817 κακοποιῶν
3119 780 3133 793 ·
3159 762 3305 835 ἄλλῳ
3335 765 3392 818 δέ
3417 782 3546 830 τινι,
3580 764 3656 836 μὴ
3689 768 4056 836 περικειμένῳ

2475 855 2735 925 τοιαύτην
2768 856 3047 926 φροντίδα,
3073 855 3340 911 ἐνδέδοται
3365 856 3639 928 οὐδαμῶς.
3666 859 3737 911 Το
3758 857 3815 911 δὲ
3850 858 4056 910 ἐσθίειν

2476 946 2624 1000 ἔνδον
2658 946 2810 1011 ναοῦ,
2860 947 2958 1016 οὐχ
3008 949 3155 1011 ὅπως
3212 948 3335 1002 καθ’
3372 948 3631 1018 ἑκάστην,
3671 949 3786 1001 ἀλλ’
3837 950 3965 1003 οὐδὲ
4001 952 4057 1005 ἐκ

2474 1037 2885 1107 διαλειμμάτων
2912 1037 3160 1091 ὁπωσοῦν
3194 1040 3302 1091 τινὶ
3328 1080 3343 1103 ,
3372 1038 3489 1094 ἀλλ’
3521 1040 3632 1092 οὐδ’
3659 1039 3808 1109 αὐτῷ
3862 1058 4055 1109 συγκε-

2476 1126 2720 1199 χώρηται
2760 1130 3035 1200 νεωκόρῳ.
3064 1131 3172 1183 Καὶ
3202 1130 3269 1183 τὰ
3291 1131 3420 1199 περὶ
3442 1130 3640 1184 τούτου
3686 1132 3905 1202 τρανῶς
3946 1133 4055 1187 δια-

2478 1222 2761 1289 σαφοῦσιν,
2808 1223 2836 1276 ὅ
2868 1240 2927 1274 τε
2972 1222 3431 1292 ἐκκλησιαστικὸς
3458 1204 3621 1293 νόμος
3652 1224 3746 1276 καὶ
3784 1227 3813 1277 6
3845 1225 4053 1278 πολιτι-

2476 1313 2593 1377 κός.
2638 1314 2695 1366 Ὀ
2729 1313 2827 1383 μὲν
2870 1313 3355 1382 ἐκκλησιαστικὸς,
3415 1315 3475 1367 ἐν
3510 1315 3788 1385 διαφόροις
3813 1318 4058 1373 κανόσιν.

2488 1406 2647 1459 Ἀλλὰ
2674 1406 2737 1477 δὴ
2777 1408 2869 1459 καὶ
2901 1406 2958 1460 ἐν
2988 1406 3065 1477 τῷ
3097 1406 3167 1460 οδ⁹
3200 1408 3299 1477 τῆς
3324 1410 3709 1479 οὶκουμενικῇς
3747 1417 3801 1474 ς’
3839 1412 4056 1464 συνόδου

2475 1496 2648 1550 ταῦτα
2676 1497 3005 1568 διαγορεύει,
3025 1500 3106 1553 ὅτι
3139 1500 3212 1552 Οὐ
3240 1500 3322 1553 δεῖ
3352 1502 3411 1554 ἐν
3435 1505 3549 1563 τοῖς
3580 1504 3908 1569 Κυριακοῖς,
3946 1503 3978 1574 ἢ
4003 1506 4056 1556 ἐν

2475 1580 2595 1653 ταῖς
2630 1589 2952 1661 ἐκκλησίαις
2987 1593 3084 1656 τὰς
3118 1593 3423 1664 λεγομένας
3458 1595 3683 1662 ἀγάπας
3730 1601 3933 1662 ποιεῖν,
3970 1598 4059 1651 καὶ

2475 1681 2623 1733 ἔνδον
2652 1682 2710 1734 ἐν
2735 1681 2814 1751 τῷ
2844 1684 2979 1752 οίκῳ
3005 1684 3232 1744 ἐσθίειν,
3266 1686 3360 1737 καὶ
3396 1684 3663 1739 ἀκούὸιτα
3700 1689 4055 1757 στρωννύειν.

2475 1773 2537 1825 Ol
2588 1772 2646 1827 δὲ
2677 1772 2838 1827 τοῦτο
2892 1775 3070 1827 ποιεῖν
3107 1775 3438 1844 τολμῶντες,
3482 1778 3515 1849 ἢ
3567 1780 3981 1835 παυσάσθωσαν
4023 1780 4056 1849 ἢ

788 1871 958 1923 altqu
992 1878 1213 1923 erectus
1243 1877 1297 1923 ct
1329 1869 1529 1923 mollis.
1570 1869 1833 1922 Accumbo
1878 1870 2022 1924 enim
2056 1868 2199 1938 apud
2222 1868 2369 1922 Lati-

2483 1865 2967 1936 καθαιρείσθωσαν.
3014 1867 3329 1922 ’Δκούὸιτον
3355 1870 3411 1923 δὲ
3447 1871 3665 1939 λέγεται
3697 1874 3848 1927 ἆπαν
3882 1893 4053 1947 στρω-

787 1979 889 2018 nos
917 1963 1096 2032 jacco.
1165 1962 1431 2015 Similiter
1474 1972 1528 2014 et
1579 1964 1631 2015 in
1675 1962 2035 2031 nonagesimo
2080 1964 2369 2017 Is‘canone

789 2057 925 2111 haec.
968 2055 1096 2115 Eos,
1132 2055 1224 2125 qui
1250 2042 1334 2109 vel
1364 2070 1487 2108 cum
1524 2069 1698 2108 uxore
1736 2056 2166 2121 cohabitant,vcl
2233 2057 2367 2110 alio—

786 2147 918 2218 quin
984 2147 1465 2202 indiscriminatim
1534 2150 1636 2195 l“
1679 2161 1836 2202 sacra
1885 2148 2003 2202 loca
2053 2148 2369 2202 communia

788 2241 999 2295 laeiunt
1034 2241 1123 2279 δ”*
1174 2247 1227 2293 et
1253 2241 1607 2308 contemptim
1653 2240 1708 2293 in
1751 2254 1813 2293 ea
1866 2239 2371 2305 alIiciuntur,etsic

789 2333 842 2385 in
866 2333 947 2387 eis
971 2339 1291 2400 permanent
1313 2332 1476 2385 etiam
1500 2347 1564 2385 ex
1608 2331 1698 2398 iis,
1729 2346 1851 2401 qua:
1880 2333 2081 2387 suntin
2141 2347 2371 2387 venera-

787 2423 991 2476 bilibus
1034 2423 1275 2492 templis,
1337 2421 1860 2478 catcchumenorum
1930 2424 2310 2479 mansionibus
2342 2424 2367 2462 ιι

786 2514 1007 2568 extrudi
1038 2514 1319 2585 jubemus.
1349 2514 1407 2569 Si
1438 2516 1564 2584 quis
1600 2524 1694 2570 aut
1722 2516 1837 2571 hzec
1886 2532 1994 2571 non
2046 2518 2367 2581 servaverit,

786 2606 1056 2675 siquidem
1084 2607 1155 2660 sit
1206 2605 1464 2669 clericus,
1510 2605 1858 2675 deponatur:
1918 2607 1961 2661 si
2016 2621 2145 2662 vero
2175 2607 2369 2670 laicus,

788 2704 1124 2767 segregetur.
1158 2695 1266 2750 Lex
1296 2705 1477 2751 autem
1504 2698 1685 2751 civilis
1717 2699 1772 2751 in
1823 2698 2004 2767 capite
2059 2697 2371 2763 undecimo,

789 2788 953 2843 titulo
979 2788 1175 2857 primo,
1215 2788 1339 2842 libri
1372 2788 1548 2857 quinti
1573 2787 1847 2844 Basilicon
1887 2790 2000 2845 haec
2035 2791 2131 2844 ait.
2185 2788 2373 2861 Usque

793 2876 860 2930 ad
896 2878 1145 2932 ecclesia:
1176 2878 1463 2940 terminos,
1494 2877 1586 2945 qui
1620 2885 1750 2931 sunt
1786 2886 1913 2932 ante
1957 2878 2138 2933 forum
2193 2881 2373 2951 publi-

790 2984 915 3022 cum
950 2968 1309 3022 securitatem
1345 2968 1605 3034 habeant,
1639 2970 1739 3039 qui
1791 2970 2109 3041 profugiunt
2132 2971 2207 3035 δ’,
2233 2973 2375 3027 inte--

791 3061 1043 3115 rioribus
1083 3068 1300 3117 utentes
1346 3062 1603 3127 lavacris,
1643 3073 1737 3117 aut
1787 3062 1982 3129 hortis,
2020 3074 2117 3118 aut
2157 3063 2375 3119 habita-

795 3154 1056 3218 tionibus,
1083 3155 1163 3209 vel
1183 3156 1439 3221 stabulis,
1467 3163 1563 3209 aut
1613 3156 1939 3225 porticibus.
1971 3156 2375 3214 Prohibeantur

794 3254 976 3300 autem
1010 3247 1064 3300 in
1102 3248 1307 3317 templo
1335 3248 1521 3302 cibum
1563 3264 1809 3314 sumere,
1844 3250 1933 3304 vel
1977 3250 2239 3306 dormire.
2270 3251 2376 3307 Sed

793 3352 839 3388 ei
868 3335 1088 3390 Novella
1120 3338 1524 3407 septuagesima
1553 3339 1718 3393 tertia
1765 3340 2140 3410 imperatoris,
2169 3340 2379 3395 domini

795 3427 995 3482 Luis
1020 3428 1357 3499 pliilosOphi,
1430 3431 1686 3486 similiter
1714 3434 1870 3502 punit
1892 3447 2008 3499 eos,
2044 3435 2146 3502 'qui
2174 3447 2379 3488 conce-

794 3520 935 3583 dunt
964 3523 1045 3576 vel
1082 3522 1136 3577 in
1181 3524 1616 3579 catecliumeniis
1674 3523 2095 3580 habitationem.
2128 3525 2209 3580 Ex
2250 3541 2381 3580 con-
2416 3600 2419 3603 ἱ

799 3613 1060 3682 ιιρριίοηθ
1130 3613 1247 3653 δ’·
1282 3615 1453 3685 igitur
1510 3615 1828 3685 hnjusmodi
1916 3617 2379 3671 constitutionum

794 3703 945 3757 mimi
971 3703 1137 3757 modo
1196 3703 1553 3759 interdictum
1614 3713 1721 3771 est,
1753 3705 1895 3761 intra
1921 3706 2381 3776 templumcibum

795 3812 1041 3861 sumere,
1074 3807 1129 3851 et
1151 3796 1420 3852 habitare.

873 3969 1254 4040 Interrogatio.
1277 3968 1334 4025 In
1358 3971 1721 4041 dignitatibus
1740 3973 2244 4028 ecclesiasticorum
2268 3974 2384 4028 olli-

797 4062 1036 4124 ciorum,
1074 4061 1199 4130 quis
1224 4060 1436 4130 primus
1470 4068 1577 4127 est,
1607 4069 1661 4115 et
1692 4062 1817 4131 quis
1847 4061 2146 4127 secundus,
2181 4069 2233 4117 et
2261 4064 2386 4132 quis

800 4153 1019 4218 tertius,
1054 4161 1107 4205 et
1136 4152 1261 4221 quis
1294 4151 1553 4222 deinceps
1582 4168 1773 4208 eorum
1804 4152 1939 4208 ordo
1964 4153 1988 4206 ἲ

872 4240 997 4296 Res.
1032 4242 1110 4295 Ex
1146 4242 1370 4311 antiqua
1400 4242 1698 4299 traditione
1748 4245 1965 4315 primus
2014 4252 2101 4300 est
2149 4258 2386 4313 magnus

805 4334 1156 4403 dispensator
1196 4334 1238 4385 ὶ.
1270 4333 1583 4399 Secundus,
1648 4336 1741 4405 qui
1793 4342 1994 4406 protest
2051 4350 2260 4405 magna:
2294 4352 2386 4392 sa-

804 4423 987 4487 cellaz,
1026 4423 1078 4476 id
1111 4431 1215 4489 est,
1243 4438 1474 4495 magnus
1496 4425 1836 4480 sacellarius.
1882 4423 2123 4488 Tertius,
2157 4440 2386 4497 magnus

2475 1958 2613 2027 μνῆς
2644 1958 3083 2029 κατασκεύασμα
3116 1962 3197 2023 είς
3231 1960 3364 2029 ὕψος
3393 1963 3633 2032 ἠρμένον
3664 1967 3761 2019 καὶ
3798 1968 4059 2035 μαλακόν.

2483 2050 2786 2119 ’Λκούμόω
2814 2052 2923 2123 γὰρ
2950 2050 3121 2122 παρὰ,
3138 2052 3389 2118 Λατίνοις
3411 2054 3815 2123 τὸ,ἀναπίπτω.
3832 2062 4061 2132 Ὀμοίως

2471 2139 2527 2193 δὲ
2562 2141 2657 2194 καὶ
2694 2140 2750 2193 ἐν
2778 2139 2855 2212 τῷ
2884 2142 2959 2206 οξ¹
2990 2142 3177 2195 κανόνι
3207 2142 3403 2220 ταῦτα·
3455 2146 3651 2216 Τοὺςῆ
3686 2155 3904 2220 γαμετῇ
3946 2171 4062 2205 την.

2471 2232 2773 2297 οικοῦντας,
2826 2233 2860 2305 ἢ
2889 2233 3062 2296 ἄλλως
3103 2216 3435 2304 ἀδιακρίτως
3468 2238 3592 2302 τιὺς
3654 2241 3837 2311 ἱεροὺς
3867 2245 4063 2298 τόπους

2471 2323 2943 2391 κοινοποιοῦντας,
2991 2328 3088 2381 καὶ
3142 2330 3636 2399 καταφρονητικῶς
3684 2334 3818 2403 περὶ
3868 2338 4063 2401 αὐτοὺς

2473 2416 2713 2487 ἔχοντας,
2730 2418 2825 2472 καὶ
2840 2418 3017 2483 οὕτως
3029 2421 3087 2473 ἐν
3102 2420 3285 2485 αὐτοῖς
3302 2424 3738 2493 καταμένοντας,
3760 2426 3862 2481 καὶ
3880 2429 3945 2480 ἐκ
3960 2431 4063 2482 τῶν

2472 2510 2531 2562 ἐν
2566 2512 2680 2573 τοῖς
2720 2509 3039 2579 σεϐασμίοις
3094 2517 3240 2577 ναοῖς
3281 2519 3761 2586 κατηχούμενείων
3783 2523 4063 2592 προστάσ-

2476 2616 2643 2670 σομεν
2674 2600 3018 2667 ἐξωθεῖσθαι.
3048 2604 3109 2657 ΕΞ
3134 2604 3192 2658 δὲ
3234 2608 3309 2677 μή
3345 2624 3429 2670 τις
3462 2608 3623 2662 τοῦτο
3653 2612 4063 2680 παραφυλάξει,

2475 2692 2651 2761 εἰμὲν
2705 2691 2966 2763 κληρικὺς
3025 2695 3135 2765 εἴη,
3198 2696 3610 2768 καθαιρείσθωο
3662 2702 3711 2753 εί
3762 2701 3821 2754 δὲ
3856 2703 4064 2765 lcizig,

2476 2783 2841 2853 ἁφοριξέσθω.
2872 2785 2999 2839 ’0δὲ
3018 2803 3081 2854 γε
3106 2787 3381 2852 πολιτικὸς
3402 2790 3563 2859 νόμος
3582 2794 3639 2844 ἐν
3675 2794 3964 2864 κεςαλαὲῳ
4002 2803 4069 2847 ια’

2474 2875 2566 2928 τοῦ
2598 2883 2644 2928 α’
2695 2877 2895 2942 τίτλου,
2928 2877 3019 2930 τοῦ
3049 2885 3090 2931 ε’
3126 2877 3332 2947 βιϐλίου
3389 2881 3499 2933 τῶν
3555 2881 3868 2936 Βασιλικῶν
3896 2886 4069 2939 ταῦτα

2480 2984 2636 3037 φησιν
2664 2968 2842 3037 Μέχρι
2886 2969 2997 3021 τῶν
3048 2969 3155 3039 πρὸ
3194 2970 3294 3039 τῆς
3365 2972 3629 3042 δημοσίας
3688 2976 3900 3044 ἀγορᾶς
3932 2978 4068 3046 ὅρων

2475 3056 2574 3127 τῆς
2603 3057 2901 3128 ἐκκλησίας
2945 3060 3004 3112 τὸ
3034 3062 3274 3129 ἀσφαλὲς
3306 3063 3583 3132 ἐχέτωσαν
3606 3068 3654 3117 oi
3715 3070 4066 3135 προσφυγόν-

2478 3163 2589 3211 τες,
2625 3150 2736 3209 τοῖς
2776 3149 3076 3217 ἐνδοτέροις
3107 3151 3379 3221 λουτροῖς,
3413 3151 3445 3221 ἢ
3485 3156 3704 3222 κήποις,
3754 3153 3787 3223 ἦ
3826 3156 4063 3224 οἰκήμ-

2483 3255 2589 3300 σιν,
2618 3239 2651 3309 ἢ
2678 3239 2887 3304 αὐλαῖς,
2924 3240 2957 3310 ἢ
2989 3244 3174 3305 στοαῖς
3215 3242 3490 3313 χρώμενοι
3516 3261 3527 3274 ·
3575 3246 3983 3299 κωλυέσθωσαν
4013 3248 4068 3300 Et

2480 3329 2638 3393 ἐντὸς
2672 3330 2768 3383 τοῦ
2797 3331 2926 3384 ναοῦ
2956 3331 2989 3401 ἢ
3023 3333 3225 3386 ἐσθίειν
3261 3335 3293 3405 ἤ
3324 3334 3546 3389 ὑπνοῦν,
3606 3336 3770 3390 ’Δλλά
3798 3339 3897 3389 καὶ
3919 3341 3953 3407 ἡ
3990 3336 4067 3405 ογ⁹

2483 3422 2654 3492 νεαρὰ
2682 3422 2776 3475 τοῦ
2811 3423 3081 3493 βασιλέως
3121 3426 3310 3495 κυρίου
3358 3427 3589 3489 Λέοντος
3639 3427 3734 3480 τοῦ
3774 3429 4067 3497 φιλοσόνθου

2482 3515 2799 3585 παρομοίως
2840 3514 3059 3580 κολάζει
3110 3519 3205 3570 καὶ
3255 3519 3381 3581 τοὺς
3413 3520 3819 3589 ἐπιτρέποντας
3858 3521 3966 3589 τὴν
3989 3522 4066 3583 εἰς

2480 3607 2550 3659 τά
2577 3609 3018 3677 κατηχουμενεῖα
3046 3611 3387 3679 κατοίκησιν.
3451 3610 3546 3662 Ἐκ
3577 3614 3676 3681 τῆς
3717 3612 4073 3682 περιλὴψεως

2482 3697 2575 3753 οῦν
2600 3701 2709 3753 τῶν
2736 3702 2996 3756 τοιούτων
3027 3703 3417 3774 θεσπισμάτων
3461 3706 3927 3775 ἀπηγορευμένον
3958 3707 4073 3759 ἐστὶ

2486 3792 2862 3858 παντάπασιν,
2910 3795 3007 3846 καὶ
3051 3794 3114 3847 τὸ
3169 3794 3395 3860 ἐσθίειν,
3440 3796 3538 3848 καὶ
3593 3796 3652 3848 τὲ
3707 3796 3899 3866 μένειν
3929 3798 4073 3851 ἔνδον

2487 3882 2634 3937 θείου
2667 3884 2796 3936 ναοῦ
2809 3924 2820 3939 .

2570 3973 2690 4041 Ἑρ.
2728 3975 2819 4029 Ἐν
2870 3976 2985 4039 τοῖς
3020 3976 3363 4048 άρχοντικοῖς
3387 3976 3880 4047 ἐκκλησιαστικοῖς
3908 3981 4074 4045 ἀξιώ-

2492 4083 2626 4135 μασι
2668 4066 2753 4129 τίς
2786 4066 3023 4136 πρῶτος,
3062 4070 3157 4120 καὶ
3187 4067 3271 4130 τίς
3314 4068 3590 4139 δεύτερος,
3628 4072 3724 4123 καὶ
3758 4072 3846 4133 τίς
3873 4072 4072 4141 spiro:

2488 4159 2583 4209 καὶ
2620 4157 2736 4220 πῶς
2767 4156 2965 4225 ἐφεξῆς
3002 4159 3035 4227 ὴ
3074 4158 3283 4211 τούτων
3306 4159 3459 4225 τάξις
3488 4178 3503 4225 ;

2572 4248 2702 4302 ‘Ax.
2770 4248 2903 4301 Ἀπὸ
2972 4249 3074 4318 μὲν
3141 4250 3381 4312 παλαιᾶς
3441 4253 3801 4318 παραδόσεως
3854 4254 4075 4322 πρῶτος

2489 4344 2637 4396 ἐστιν
2665 4344 2693 4396 6
2737 4345 2909 4412 μέγας
2949 4346 3261 4415 οἰκονόμος·
3302 4346 3581 4418 δεύτερος,
3619 4350 3648 4400 6
3680 4350 3778 4400 ἐπὶ
3835 4349 3939 4419 τῆς
3974 4368 4075 4419 με·

2489 4435 2662 4506 γάλης
2690 4436 2981 4506 σακέλλης,
3011 4437 3181 4507 ἦγουν
3227 4441 3255 4491 6
3291 4441 3468 4509 μέγας
3518 4439 3918 4511 σακελλάριοςδ
3960 4443 4080 4510 τρίς

812 4515 1047 4567 sacrista
1082 4510 1128 4566 i.
1157 4512 1423 4579 Quartus,
1473 4515 1868 4586 chartopliylax
1904 4515 1952 4569 Ιι.
1984 4515 2245 4581 Quintus,
2292 4516 2379 4588 qui

2495 4545 2608 4591 τος,
2636 4529 2664 4579 ὁ
2688 4529 2863 4595 μέγας
2900 4528 3244 4596 σκευοφύλαξ
3263 4547 3277 4560 ο
3303 4530 3587 4602 τέταρτος,
3628 4534 3656 4584 6
3683 4510 4045 4603 χαρτοφύλαξ
4064 4550 4080 4565 ’

812 4613 1014 4674 praeest
1046 4619 1225 4672 parvae
1268 4606 1505 4670 sacella,
1548 4606 1600 4660 id
1628 4617 1711 4661 est
1757 4608 2108 4663 sacellarius.
2165 4607 2387 4677 Sextus,

807 4695 1106 4765 primarius
1131 4702 1286 4750 actor
1314 4692 1355 4761 ι,
1388 4696 1481 4765 qui
1512 4703 1565 4750 et
1595 4698 1925 4752 exocataceli
1950 4697 2099 4753 dicur
2120 4707 2229 4755 tur.
2266 4701 2387 4757 Pri-

806 4788 968 4853 marii
1004 4795 1184 4842 autem
1208 4789 1450 4843 auctoris
1475 4787 1711 4843 oﬂicium
1742 4806 1867 4845 cum
1893 4800 2052 4846 antea
2083 4794 2389 4849 essetinter

819 4878 1105 4947 inferiora,
1146 4890 1335 4950 postea
1388 4884 1443 4934 in
1479 4880 1713 4935 aliorum
1743 4883 1993 4937 ordinem
2021 4893 2283 4938 statutum
2303 4893 2390 4941 est

811 4988 841 5025 a
880 4974 1051 5026 beata:
1105 4976 1385 5028 memoria:
1419 4974 1735 5043 patriarcha
1770 4973 2389 5044 Constantinopolitano

811 5063 1048 5135 Georgio
1068 5065 1369 5136 Xiphilino.
1404 5066 1560 5120 Hanc
1589 5075 1774 5121 autem
1802 5068 2071 5122 actionem
2096 5068 2395 5123 subsecuta

813 5167 898 5213 est
933 5158 1198 5228 praeclara
1229 5160 1501 5213 sententia
1535 5160 1711 5215 sancti
1762 5161 2172 5230 metropolitani
2215 5160 2393 5218 Thes-

811 5252 1084 5306 salonices
1118 5250 1406 5317 Eustathii,
1432 5252 1483 5306 id
1518 5253 1752 5307 laudans
1778 5261 1832 5307 et
1885 5254 2179 5320 extollens,
2208 5263 2267 5309 ut
2294 5255 2386 5325 ju—

814 5350 897 5397 ste
934 5350 991 5398 et
1021 5354 1178 5398 extra
1209 5343 1693 5414 reprehensionem
1730 5343 1932 5399 factum
1960 5362 1974 5410 ;
1998 5361 2123 5401 cum
2152 5346 2399 5416 quidam,

815 5435 908 5504 qui
935 5436 1204 5491 actionem
1242 5451 1353 5491 non
1377 5436 1760 5501 admittebant,
1784 5447 1913 5493 tunc
1936 5440 2401 5496 contradicerent.

2499 4619 2771 4689 πέμπτος,
2835 4620 2865 4671 6
2912 4620 3007 4672 ἐπὶ
3036 4620 3137 4686 τῆς
3209 4622 3413 4689 μικρᾶς
3477 4622 3771 4691 σακέλλης,
3822 4624 3993 4692 ἤγουν
4057 4626 4086 4678 6

2502 4710 2861 4780 σακελλάριος
2882 4725 2897 4741 ·
2927 4714 3021 4762 καὶ
3051 4710 3233 4773 ἕκτος,
3261 4712 3290 4762 6
3319 4713 3696 4781 πρωτέκδικος
3722 4730 3738 4743 ·
3762 4714 3967 4777 οἵτινες
3987 4719 4086 4769 καὶ

2501 4803 2916 4872 ἐξωκατάκηλοι
2971 4802 3248 4869 λέγονται.
3311 4805 3387 4858 Τὸ
3438 4803 3532 4857 τοῦ
3589 4806 3972 4874 πρωτειιδίκον
4025 4808 4086 4859 δέ

2498 4894 2754 4962 ὀφφίκιον
2785 4895 2842 4946 ἐν
2877 4897 2989 4957 τοῖς
3018 4892 3422 4964 ὐποδεὸηκόσιν
3467 4896 3526 4948 ὃν
3566 4895 3831 4963 ἔκπαλαι,
3857 4897 4088 4967 ὕστερον

2498 4988 2609 5049 τοῖς
2629 4984 2957 5053 ὑπερέχουσι
2981 4985 3253 5055 συνετάγη
3282 4987 3434 5056 παρα
3456 4986 3549 5039 τοῦ
3568 4992 3668 5058 τῆς
3687 4990 3970 5058 μακαρίας
3988 4991 4090 5058 λή-

2502 5077 2637 5143 ξεως
2659 5076 3003 5145 πατριάρχου
3034 5076 3665 5142 Κωνσταντινουπόλεως
3685 5080 3964 5150 Γεωργίου
3991 5081 4091 5134 τοῦ

2501 5168 2804 5237 Ξιφιλίνου.
2859 5169 2937 5237 Τῇ
2970 5168 3168 5239 πράξει
3209 5169 3267 5223 δέ
3316 5171 3492 5245 ταύτῃ
3553 5174 3969 5244 ἐπηκολούθησε
3995 5178 4087 5228 κατ

2500 5259 2697 5329 γνώμη
2729 5261 2957 5328 γενναία
2979 5259 3074 5313 τοῦ
3123 5262 3181 5312 ἐν
3218 5262 3396 5329 ἁγίοις
3440 5266 3851 5335 μητροπολίτου
3880 5266 4089 5320 85m-

2505 5350 2723 5421 λονίκης
2778 5350 3103 5414 Εὐσταθίου,
3151 5351 3455 5406 ἐπαινοῦσα
3505 5356 3601 5408 καὶ
3661 5357 3971 5428 ἐξαίρουσα
4026 5358 4085 5415 (ἢ

2506 5440 2756 5507 γεγονὸς,
2790 5443 2865 5502 ὡς
2896 5439 3135 5506 εὐλόγως
3166 5442 3262 5493 καὶ
3313 5442 3625 5513 ἀμέμπτως
3680 5447 3957 5516 πραχθέν.
3988 5441 4088 5499 Οἷα

2095 5603 2335 5661 VARIE.
2400 5606 2805 5665 LECTIONES.

905 5738 1384 5830 'itepl‘uagesimo
1411 5758 1570 5797 nono.
1650 5744 1675 5784 ⁸
1696 5742 2075 5830 “:promiscue.
2156 5751 2181 5790 ⁸
2198 5753 2261 5773 ‘“
2291 5752 2620 5830 profanant._
2676 5755 2706 5830 h_
2734 5755 3068 5830 stationibus.
3143 5759 3194 5799 δ’
3221 5755 3401 5830 ιικὶαά
3424 5758 3706 5815 ecclesiam
3726 5758 4091 5830 confugerunt.

818 5812 892 5851 δ’·
919 5815 1197 5868 sententia.
1282 5816 1298 5855 ί
1336 5830 1653 5871 «canamus.

1737 5825 1752 5868 t
1799 5833 2041 5873 ratorum
2075 5831 2274 5878 custos.
2353 5824 2379 5863 II
2412 5824 2792 5882 chartulariur.

2914 5827 2934 5868 ι
2958 5831 3161 5899 primus
3197 5827 3442 5885 defence?
