4188 6446
170 449 281 515 969

1448 437 2168 506 ’ῦῐὶᾸνῈΟΟ-ΒΟΜΛΝΗΜ.

3331 433 3433 497 9⁸70

174 556 482 628 τηνικαῦτα
537 556 701 610 τινῶν
734 552 1125 619 ἀντειπόντων,
1176 551 1249 614 ὡς
1284 551 1360 623 μὴ
1409 552 1749 625 ἀποδεξαμέ-

1873 553 1988 609 ?ost
2036 546 2440 616 exocatacelos,
2474 549 2688 619 primus
2719 553 2804 604 est
2851 548 3261 618 protonotsrius
3299 563 3311 599 :
3349 561 3435 600 se-

180 666 288 702 νων
314 648 416 718 τὴν
449 647 671 716 πρᾶξιν.
704 646 864 703 Μετὰ
896 644 1022 705 τοὺς
1052 642 1502 713 ὲξωκατακήλους
1526 642 1583 696 δὲ
1607 645 1757 715 ντρι1’›⁴

177 742 271 806 τός
303 743 458 795 ἐστιν
484 744 513 795 6
536 738 973 812 πρωτονοτάριος
997 755 1011 770 ο
1030 735 1304 807 δεύτερος,
1323 738 1350 790 6
1370 736 1759 807 ύπομνηματο·

176 834 394 903 γράφος
413 848 428 864 ’
460 832 665 903 τρίτος,
693 831 722 883 6
748 829 1039 900 λογοθέτης
1065 845 1078 859 ·
1112 829 1390 901 τέταρτος,
1442 831 1471 883 ὁ
1500 830 1757 899 κανστρί-

180 941 297 987 ato;
321 941 338 955 ·
372 924 648 993 πέμπτος,
680 923 709 975 6
754 920 1106 992 ἱερομνήμων
1128 936 1141 950 ’
1197 920 1376 984 ἕκτος,
1410 919 1439 971 6
1473 920 1758 990 ραιφερεν-

172 1018 401 1089 δάριοςν
438 1015 689 1085 ἕϐδομος,
723 1014 753 1068 6
794 1013 888 1066 ἐπὶ
911 1012 1020 1065 τῶν
1065 1010 1309 1080 γονάτων
1330 1028 1342 1040 ·
1382 1009 1592 1079 ὄγδοος,
1617 1014 1644 1066 6
1666 1014 1761 1066 ἐπὶ

177 1114 281 1175 τῆς
318 1109 475 1179 ἱερᾶς
506 1106 898 1168 καταστάσεως
918 1120 932 1135 ⁸
959 1104 1201 1168 ἐννατος,
1229 1104 1257 1156 6
1284 1104 1723 1174 ὑπομιμνήσκων
1741 1120 1756 1135 ·

178 1201 434 1266 δέκατος,
472 1201 501 1252 6
532 1198 627 1251 ἐπὶ
656 1198 768 1251 τῶν
800 1196 1076 1267 σεκρέτων
1098 1210 1112 1224 ·
1137 1195 1445 1259 ἑνδέκατος,
1482 1198 1509 1248 6
1530 1194 1623 1248 ἐπὶ
1651 1195 1762 1249 τῶν

180 1293 458 1365 κρίσεων·
505 1291 829 1355 δωδέκατος,
857 1292 886 1342 6
933 1287 1266 1359 δευτερεύων
1310 1286 1417 1341 τῶν
1460 1287 1759 1342 διακόνων·

181 1385 307 1455 μετ’
339 1383 541 1446 αὐτοὺς
570 1383 620 1435 οἱ
660 1384 810 1452 τρεῖς
850 1380 1140 1451 δστιάριοι,
1187 1381 1281 1433 καὶ⁸
1321 1380 1438 1449 μετ’
1477 1379 1676 1442 αὐτοὺς
1713 1380 1762 1432 οι

178 1480 337 1549 τρεῖς
382 1476 645 1546 ἄρχοντες
668 1474 780 1527 τῶν
829 1472 1192 1543 Ἐκκλησιῶν.
1237 1469 1306 1525 Ἦ
1336 1470 1677 1543 προχείρισες
1703 1470 1761 1524 δὲ

179 1566 276 1619 τοῦ
309 1565 722 1636 δευτερεύοντος
750 1564 853 1617 τῶν
884 1565 1159 1618 διακόνων
1194 1562 1293 1632 οὐχ
1319 1562 1505 1627 ἁπλῶς
1531 1562 1760 1631 γίνεται,

180 1657 323 1709 ἀλλὰ
337 1657 462 1711 κατ’
486 1656 738 1726 ἐκλογήν.
774 1658 956 1709 Δεῖται
978 1654 1086 1726 γὰρ
1128 1654 1189 1709 τὸ
1218 1653 1458 1708 τοιοῦτον
1505 1653 1763 1723 ὸφφίκιον

179 1750 379 1820 ἀνδρὸς
413 1748 601 1803 ἱκανοῦ
633 1750 727 1802 καὶ
752 1748 1060 1821 ἐπιτηδείου
1084 1750 1164 1811 εἰς
1178 1748 1239 1802 τὸ
1254 1747 1562 1820 ἐκπληροῦν
1580 1747 1763 1817 ἀμέμ-

187 1858 345 1903 πτως
372 1841 472 1904 τὰς
511 1839 863 1911 ἁρμοζούσας
903 1840 1083 1912 τούτῳ
1123 1839 1417 1903 διακονίας.
1454 1838 1625 1891 Αὐτοῦ
1650 1838 1764 1909 γάρ

1861 644 2096 709 cundus,
2165 640 2451 698 actuarius
2490 658 2505 695 :
2544 642 2757 707 tertius,
2818 641 3095 712 logotheta
3129 657 3143 696 :
3176 646 3432 710 quartus,

1861 735 2197 793 castrensis:
2225 736 2473 807 quintus,
2508 748 2789 791 sacrorum
2812 734 3143 790 memorialis
3176 750 3189 787 :
3222 740 3434 795 sextus,

1865 828 2281 885 referendarius
2324 828 2731 900 :scptimuspa
2758 827 2989 898 genibus
3044 842 3059 880 :
3106 833 3356 892 octavus,
3403 840 3433 877 a

1865 934 2026 975 sacro
2082 919 2277 974 ordine
2312 928 2399 973 ιιιε
2450 935 2652 985 nonus,
2707 917 3026 975 memoriam
3079 932 3379 987 suggerens
3416 933 3435 971 :

1863 1008 2135 1073 decimus,
2161 1020 2189 1060 a
2209 1007 2439 1062 secretis
2461 1015 2489 1044 ιι
2522 1025 2537 1061 :
2572 1007 2917 1071 undecimus,
2943 1020 2974 1060 a
2995 1004 3220 1075 judiciis
3253 1022 3268 1059 :
3299 1003 3438 1060 duo-

1864 1098 2132 1165 decimus,
2171 1098 2535 1155 secundarius
2572 1096 2951 1151 diaconorum.
2980 1096 3113 1151 Post
3141 1110 3237 1151 eos
3274 1095 3441 1150 ostia-

1866 1192 1931 1245 rii
1973 1198 2086 1247 tres
2151 1191 2506 1261 magistratus
2564 1188 2951 1244 Ecclesiarnm.
3005 1188 3223 1245 Creatio
3251 1196 3439 1244 autem

1867 1283 2179 1339 secundarii
2208 1282 2427 1337 diaconi
2474 1296 2582 1337 non
2618 1280 2676 1335 ﬁt
2716 1280 3043 1350 simpliciter
3099 1280 3193 1335 scd
3250 1279 3439 1335 habito

1867 1374 2109 1431 delectu.
2154 1372 2479 1442 ilnjusntodi
2505 1388 2742 1442 namque
2780 1371 3017 1438 cilicium
3070 1372 3301 1441 requirit
3360 1372 3441 1426 vi-

1866 1481 1985 1521 rum
2014 1473 2198 1536 aptum
2222 1473 2274 1518 et
2299 1465 2575 1531 idoneum,
2599 1467 2691 1535 qui
2722 1466 3103 1522 convenientia
3130 1464 3442 1521 ministeria

1870 1557 2149 1625 incu'apatc
2185 1557 2475 1627 adimpleat
2554 1558 2684 1627 Ejus
2736 1557 2883 1611 enim
2921 1566 3005 1612 est
3044 1557 3354 1628 principum
3386 1563 3444 1612 et

1870 1648 2179 1704 antistitum
2206 1658 2328 1715 post
2360 1650 2669 1718 ingressum
2702 1649 3034 1715 benedictio,
3059 1650 3114 1703 in
3150 1648 3436 1718 supplica-

1869 1740 2154 1795 tionibus‘
2202 1740 2556 1811 Evangelium
2612 1750 2853 1811 portare,
2912 1742 3335 1798 eonnexionesr
3386 1748 3446 1798 et

1874 1833 2228 1903 repetitiones
2261 1835 2313 1888 in
2342 1835 2424 1890 eis
2455 1834 2639 1890 facere
2679 1851 2693 1890 :
2728 1850 2973 1904 :empora
2999 1836 3226 1891 absente
3269 1833 3448 1890 archi-

184 1938 341 1989 ἔστιν
367 1936 402 2005 ἡ
440 1903 601 2003 μετά.
619 1933 717 2005 τὴν
750 1932 953 1986 εῐσοδον
975 1903 1223 2003 εύιρημια
1246 1932 1355 1985 τῶν
1383 1930 1648 2001 βασιλέων
1668 1903 1765 1984 καὶ

1873 1923 2107 1979 diacono
2158 1926 2291 1980 dare
2332 1926 2606 1989 diaconis,
2642 1927 2732 1995 qui
2760 1926 2979 1982 amboni
3016 1927 3266 1980 serviunt
3302 1936 3350 1991 τι,
3384 1934 3441 1981 et

180 2026 297 2079 τῶν
328 2025 673 2096 ἀρχιερέων·
728 2023 792 2076 τὸ
852 2024 912 2075 ὲν
947 2024 1072 2086 ταῖς
1124 2023 1299 2083 λιταῖς
1358 2020 1651 2090 βαστάζειν
1702 2018 1764 2073 τὸ

182 2116 543 2184 Εὐαγγέλιον,
580 2113 676 2167 καὶ
702 2112 803 2177 τὰς
852 2113 912 2166 ὲν
956 2114 1145 2175 αὐταῖς
1180 2113 1457 2176 συναπτὶις
1488 2112 1582 2165 καὶ
1608 2111 1764 2181 αἰτή-

184 2224 301 2271 σεις
340 2207 549 2259 ποιεῖν⁶
594 2215 677 2271 το,
710 2206 944 2267 ἀπόντος
1006 2203 1102 2257 τοῦ
1142 2204 1529 2275 άρχιδιακόνου
1554 2202 1762 2256 διδόναι

182 2300 415 2368 κισροῦς
448 2300 559 2361 τοῖς
591 2299 649 2350 ἑν
680 2296 758 2367 τῷ
791 2296 1003 2367 ἅμϐωνι
1035 2295 1324 2359 διακόνοις,
1353 2296 1450 2349 καὶ
1487 2294 1622 2349 ἄλλα
1645 2293 1767 2347 τινὰ

182 2391 383 2444 τούτου
413 2390 775 2460 ὑστερήματα
831 2387 1164 2460 ἐκπληροῦν.
1214 2388 1374 2443 Κατὰ
1424 2387 1586 2442 τοῦτο
1635 2386 1767 2456 γοῦν

183 2484 281 2535 καὶ
315 2482 540 2550 λέγεται
577 2480 935 2550 δευτερεύων,
969 2482 1069 2551 οὐχ
1106 2481 1189 2534 δτι
1242 2480 1556 2553 δευτερεύει
1591 2480 1650 2535 ἑν
1696 2480 1764 2550 τῇ

192 2573 351 2639 τάξει
396 2572 505 2625 τῶν
533 2571 814 2625 διακόνων.
845 2569 1249 2641 Τοιαύτηνμὲν
1272 2571 1365 2624 οῦν
1395 2574 1427 2639 ἡ
1460 2570 1768 2641 παλαιτέρα

186 2662 497 2733 ταράδονσις
521 2657 634 2731 εἶχε
658 2661 757 2732 τὴν
785 2662 895 2716 τῶν
924 2662 1284 2733 ἀρχοντικξων
1316 2662 1469 2728 τάξιν
1498 2663 1594 2716 καὶ
1635 2660 1767 2714 στάν

190 2772 300 2808 σιν.
355 2754 481 2805 Ὅτι
517 2753 573 2805 δὲ
616 2753 675 2805 αἱ
712 2750 920 2806 τούτων
980 2752 1274 2823 σφραγῖδες
1321 2752 1417 2805 τοῦ
1463 2751 1771 2823 Θελήματος

186 2844 301 2897 τῶν
354 2843 658 2914 ἀρχιερέων
717 2842 1066 2913 ἒξήρτηνται,
1127 2843 1376 2912 διάφοροι
1410 2842 1468 2896 δέ
1524 2845 1630 2896 εἰσι
1674 2843 1771 2896 καὶ

187 2936 317 2996 ταῖς
344 2934 593 3002 γνὼμα;ς
625 2933 720 2987 καὶ
749 2935 870 2995 ταῖς
906 2931 1152 3003 ὀρέξεσιν
1179 2934 1229 2986 οἱ
1256 2933 1552 3003 ἀρχιερεῖς,
1578 2931 1769 2987 τούτου

188 3026 360 3096 χάριν
384 3024 643 3093 συνεχὲθη
664 3026 698 3095 ή
740 3024 889 3089 τάξις
920 3027 952 3094 ἡ
980 3024 1205 3079 παλαιά.
1240 3025 1553 3079 Κάντεῦθεν
1577 3024 1701 3079 οὐδὲ
1736 3029 1770 3096 ἡ

193 3116 389 3178 στάσις
429 3116 537 3168 τῶν
562 3116 917 3185 ἁρχοντικίων
950 3117 1042 3169 ἐπὶ
1072 3116 1171 3185 τῆς
1201 3116 1463 3187 ἱδρύσεως
1518 3117 1757 3187 ἔμεινεν,

192 3208 335 3261 ἀλλά
358 3209 785 3279 μετακεκίνηται
816 3210 957 3261 κατᾶ
985 3208 1048 3261 τὸ
1075 3212 1185 3269 τοῖς
1204 3208 1521 3281 ἀρχιερεῦσι
1550 3208 1765 3265 δοκοῦν.
1798 3247 1843 3311 C

207 3302 277 3355 Ἦ
312 3302 576 3371 σύγχυσις
621 3300 679 3354 δὲ
743 3301 881 3372 αῦτη
919 3302 978 3355 ὲν
1022 3304 1131 3363 τοῖς
1188 3300 1397 3354 πλείοσι
1437 3301 1664 3365 τούτων,
1697 3301 1773 3365 ὡς

194 3393 386 3462 νόμος,
408 3392 594 3444 λοιπὸν
620 3393 1017 3460 ἐπεκράτησεν.
1047 3391 1171 3443 ’Ότι
1205 3391 1262 3444 δὲ
1293 3391 1350 3444 ὲν
1375 3390 1585 3455 τούτοις
1621 3390 1772 3460 εὑρί-

202 3483 431 3536 σκονταί
457 3500 602 3546 τινες
638 3483 854 3553 μέτοχοι
883 3480 1133 3536 ὁπωσοῦν
1163 3482 1359 3552 πείρας
1393 3482 1775 3551 ἐκκλησιαστι-

198 3576 329 3642 κῆς,
363 3573 430 3626 τὰ
494 3574 593 3643 μὲν
641 3574 738 3643 τῆς
791 3572 1167 3643 ὑπερεχούσης
1219 3570 1428 3634 τάξεως
1455 3571 1776 3641 αρχοντίκια

197 3666 295 3718 ἐπὶ
345 3664 447 3733 τῆς
476 3664 683 3727 οἰκείας
723 3664 908 3733 μένε.ν
947 3663 1078 3716 ὲῶσι
1113 3662 1524 3726 καταστάσεως,
1556 3662 1589 3731 ἢ
1626 3661 1771 3731 ἱδρύ-

201 3772 377 3817 σεως·
405 3756 472 3810 τά
498 3758 555 3809 δὲ
587 3758 687 3827 τῆς
709 3756 967 3824 δευτέρας
995 3757 1044 3809 εἰ
1074 3758 1169 3809 καὶ
1190 3754 1597 3825 μετατιθὲασιν,
1626 3755 1778 3822 ὅμως

200 3850 261 3900 ὠ
293 3849 469 3918 χωρὶς
483 3849 705 3915 εὐλόγου
734 3849 914 3910 αἰτίας
944 3846 1100 3901 τοῦτο
1117 3846 1395 3909 ποιοῦντες
1416 3845 1777 3915 καταλαμϐά-

202 3954 412 3998 mutas,
462 3936 496 4006 ἢ
553 3936 754 4006 ἀρετὴν
817 3935 1017 4005 δηλαδὴ
1077 3934 1370 4003 τιμῶντες,
1426 3934 1459 4003 ἢ
1513 3933 1692 4000 λόγον,
1744 3932 1777 4003 ἢ

202 4025 375 4093 ἄλλην
403 4025 802 4093 ἐπαινουμένην
835 4024 1138 4094 ἐνέργειαν.
1164 4024 1292 4090 Οἴγε
1319 4022 1423 4093 μὴν
1458 4024 1775 4077 παντάπασι

204 4118 404 4186 πείρας
456 4118 749 4188 άμέθεκτοι
782 4120 875 4170 καὶ
904 4119 1168 4186 ἀνεπιστή
1181 4133 1359 4186 μονες,
1395 4115 1466 4172 τὰ
1487 4116 1602 4172 ἄνω
1628 4116 1777 4171 κάτω

205 4211 497 4271 ποιοῦντες
529 4209 877 4279 εὑρίσκονται
900 4198 919 4241 δ
941 4208 1036 4262 καὶ
1066 4210 1100 4277 ἡ
1123 4207 1391 4277 παροιμία
1421 4206 1629 4269 τούτοις
1649 4206 1782 4275 ὁμό-

208 4302 416 4362 στολος.
467 4301 580 4353 ἄνω
614 4299 871 4368 ποταμῶν
904 4299 1103 4368 χωρεῖν
1154 4299 1390 4365 λέγουσα
1423 4296 1523 4359 τὰς
1579 4296 1782 4367 πηγὰς,

206 4394 298 4445 καὶ
330 4394 401 4445 τά
430 4393 582 4461 παρὰ
626 4391 903 4452 Ἰουδαίοις
934 4390 1352 4459 δευτερόπρωτα
1390 4388 1656 4450 σάϐϐατα,
1688 4388 1785 4440 καὶ

209 4482 365 4551 παρὰ
403 4483 516 4542 τοῖς
548 4480 741 4541 δεινοῖς
775 4481 1056 4545 σοςισταῖς
1077 4479 1144 4529 τὰ
1168 4477 1551 4547 πρωούστερα.
1593 4474 1785 4545 Χρεὼν

1874 2015 1926 2068 in
1960 2016 2090 2070 aliis
2122 2017 2450 2084 quibusdam
2507 2017 2677 2071 vicem
2719 2018 2841 2087 ejus
2866 2019 3145 2088 supplere.
3180 2018 3262 2072 Ob
3291 2032 3443 2073 eam-

1871 2122 1977 2176 que
2013 2122 2239 2163 causam
2274 2108 2481 2162 dicitur
2526 2110 2911 2173 secundarius,
2941 2126 3049 2165 non
3080 2111 3222 2180 quod
3261 2109 3315 2165 in
3345 2124 3441 2165 or-

1869 2198 2378 2256 dinetliaconorum
2412 2201 2485 2255 sit
2518 2201 2816 2257 secundus.
2872 2201 3058 2257 Talem
3110 2202 3275 2271 igitur
3324 2202 3441 2257 oili-

1870 2291 2083 2344 ciorum
2116 2291 2365 2346 ordinem
2396 2302 2449 2347 et
2477 2301 2682 2347 statum
2708 2293 2991 2364 antiquior
3035 2292 3225 2348 habuit
3277 2294 3446 2349 tradi.

1872 2378 1972 2435 tio.
2009 2380 2113 2434 Sed
2133 2396 2257 2435 cum
2285 2381 2480 2435 horutn
2517 2383 2694 2452 sigilla
2727 2392 2749 2421 τ
2781 2383 3051 2452 pendeant
3073 2399 3135 2438 ex
3166 2385 3444 2440 voluntate

1873 2470 2183 2527 antistitum
2208 2479 2260 2537 ',
2298 2487 2530 2542 quorum
2562 2474 2849 2528 sententia:
2878 2481 2930 2529 et
2957 2475 3263 2532 voluntates
3289 2476 3449 2532 diffe-

1873 2574 2019 2630 runt,
2052 2574 2341 2635 propterea
2373 2576 2530 2623 vetus
2562 2567 2828 2623 confusus
2880 2579 2962 2624 est
2991 2570 3145 2624 ordo.
3203 2570 3445 2637 Indeque

1877 2672 1977 2710 nec
2005 2657 2311 2713 ciliciorum
2343 2659 2639 2713 conditio"
2681 2659 2734 2714 in
2762 2676 2861 2715 sua
2901 2661 3163 2716 ﬁrmitate
3215 2663 3443 2726 mansit,

1876 2746 1971 2803 sed
2021 2747 2179 2817 juxta
2228 2748 2523 2817 praesulum
2577 2750 2834 2819 placitum
2897 2751 3224 2805 lalel‘aetata
3256 2764 3283 2790 ιι
3320 2751 3446 2816 fuit,

1876 2839 2133 2895 confusio
2172 2848 2355 2895 autem
2390 2841 2507 2909 ipsa
2541 2841 2593 2895 in
2624 2858 2811 2897 eorum
2844 2844 3031 2898 nmltis
3052 2846 3289 2915 vigorem
3325 2854 3447 2899 tan-

1877 2928 2000 2984 dem
2035 2928 2169 3000 legis
2195 2930 2455 2984 oblinuit.
2482 2929 2641 2996 Quod
2671 2939 2852 2987 autem
2888 2933 2939 2987 in
2967 2933 3033 2989 iis
3065 2934 3444 3002 inveniuntur,

1878 3020 1974 3090 qui
2011 3028 2290 3090 utcunque
2340 3030 2469 3075 sunt
2517 3024 2907 3078 ecclesiastica:
2934 3026 3286 3095 experientiae
3323 3042 3450 3096 par-

1879 3113 2093 3183 ticipes,
2128 3113 2510 3170 entinentioris
2544 3115 2763 3184 quidem
2801 3116 3007 3172 ordinis
3031 3117 3205 3172 ofﬁcia
3234 3119 3286 3171 in
3322 3134 3449 3187 pro-

1882 3204 2003 3275 prio
2032 3212 2177 3260 statu
2214 3219 2310 3260 seu
2352 3204 2606 3261 ﬁrmitate
2630 3215 2664 3246 τ
2690 3220 2911 3262 ntanere
2951 3208 3143 3265 sinunt
3176 3225 3188 3263 :
3227 3209 3450 3265 inferio-

1879 3292 1957 3349 ris
1978 3301 2185 3360 aulem,
2220 3294 2329 3349 etsi
2360 3304 2592 3362 mutent,
2622 3303 2804 3353 tamen
2837 3312 2945 3353 non
2971 3300 3089 3354 sine
3114 3299 3263 3369 justa
3285 3315 3452 3356 causa

1879 3383 1935 3439 id
1972 3384 2152 3440 facere
2199 3385 2709 3456 deprehenduntur,
2770 3389 2952 3444 virtuti
3004 3398 3132 3460 puta
3185 3391 3453 3445 honorem

1881 3476 2169 3541 habentes,
2217 3478 2302 3533 vel
2352 3478 2567 3534 dicendi
2600 3481 2809 3548 peritia:
2838 3494 2886 3547 ι,
2919 3482 3004 3536 vel
3057 3480 3148 3536 alii
3190 3482 3454 3537 laudabili

1881 3566 2148 3624 facultati.
2184 3569 2290 3635 Qui
2345 3587 2479 3627 vero
2527 3573 2878 3642 experientim
2898 3574 3124 3629 omnino
3181 3575 3349 3631 rudes
3401 3582 3457 3628 et

1879 3661 2139 3732 imperiti,
2182 3678 2305 3732 quae
2336 3678 2577 3731 sursum,
2615 3664 2871 3721 deorsum
2915 3680 3074 3737 agere
3108 3665 3457 3737 comperiun-

1883 3761 1974 3806 lur
1994 3771 2009 3806 :
2032 3761 2084 3808 et
2104 3755 2459 3824 proverbium
2474 3755 2552 3811 iis
2583 3758 2860 3819 convenit,
2887 3756 3178 3813 ﬂuviorum
3198 3758 3457 3828 inquiens

1883 3842 2066 3898 fontes
2096 3858 2314 3899 sursum
2345 3860 2654 3901 recurrere.
2686 3846 2820 3900 [tem
2859 3844 3173 3900 Judzeornm
3206 3846 3456 3902 secunda

1882 3935 2058 4005 prima
2085 3935 2330 4001 sabbata,
2363 3942 2419 3990 et
2453 3935 2700 4007 gravium
2731 3946 2760 3986 γ
2796 3937 3175 4007 sophistarum
3224 3939 3457 4007 prothy-

1881 4033 2028 4080 stera
2058 4035 2103 4080 ι.
2139 4024 2490 4095 Frequentati
2530 4040 2659 4097 ergo
2697 4040 2879 4082 mores
2911 4038 2935 4066 α
2965 4025 3094 4081 mihi
3137 4027 3256 4082 sine
3284 4027 3455 4083 dubio

1881 4116 2145 4186 sequendi
2179 4117 2452 4172 videnlur.
2489 4116 2645 4182 Quod
2694 4117 2740 4172 si
2773 4117 2904 4186 quid
2956 4117 3010 4171 in
3051 4118 3134 4171 his
3184 4119 3453 4173 innovare

1883 4221 2106 4262 necesse
2134 4208 2227 4272 sit,
2264 4207 2425 4276 justis
2452 4207 2518 4262 de
2565 4208 2748 4262 causis
2808 4222 2918 4261 non
2970 4221 3069 4277 pro
3112 4207 3455 4277 singulorum

1887 4298 2116 4353 arbitrio
2150 4298 2204 4353 id
2236 4298 2570 4354 faciendum.
2622 4300 2762 4354 Sunt
2791 4310 2972 4355 autem
3019 4307 3072 4355 et
3098 4299 3206 4354 alia
3258 4300 3457 4365 oﬂicia,

1885 4403 2005 4458 qua:
2034 4388 2415 4445 sacerdotibus
2463 4389 2699 4444 maxime
2741 4398 3072 4461 congruunt,
3132 4392 3455 4457 catechista,

1886 4477 2387 4548 orphanotrophus,
2443 4489 2676 4548 quatuor
2714 4476 3061 4545 defensores,
3106 4479 3457 4555 luminarius,

206 4574 299 4621 ουν
336 4568 466 4636 ἐμοὶ
512 4566 681 4631 δοκεῖ,
718 4569 828 4627 τοῖς
874 4565 1087 4627 πολλοῖς
1136 4564 1314 4617 ἔθεσιν
1366 4566 1770 4635 ἀναντιρρήτως

1888 4568 2281 4633 nutnmidator,
2311 4577 2366 4623 et
2406 4568 2631 4624 circitor
2669 4569 2720 4622 ιι.
2754 4567 3041 4623 Leotorum
3073 4570 3249 4627 oﬂicia
3287 4572 3401 4628 haec
3438 4590 3456 4627 :

207 4658 561 4713 ἀκολουθεῖν
599 4660 649 4711 εἰ
674 4658 731 4711 δέ
760 4674 811 4710 τι
839 4659 934 4711 καὶ
959 4660 1298 4727 καινοτομεῖν
1325 4658 1540 4729 ἀνάγκη
1568 4658 1626 4709 ὲν
1653 4656 1780 4710 τού-

219 4768 346 4813 .οις,
411 4750 471 4812 ἐξ
520 4749 757 4816 εὐλόγων
800 4750 1007 4813 αἰτιῶν,
1066 4750 1180 4802 ἀλλ’
1235 4750 1335 4802 ούκ
1363 4750 1427 4802 ὲκ
1460 4748 1779 4819 Θελημάτων

218 4844 364 4895 ἰδίων
387 4842 549 4894 τοῦτο
574 4843 764 4895 ποιεῖν.
796 4841 914 4894 Εἰσὶ
934 4842 990 4894 δὲ
1032 4842 1128 4893 καὶ
1159 4840 1323 4911 ἕτερα
1353 4840 1603 4909 ὀφφίκια,
1634 4840 1779 4911 ἅπερ

217 4934 455 5003 μάλιστα
484 4935 595 4994 τοῖς
642 4932 873 5003 ;ερεῦσιν
922 4931 1289 5001 άρμόζουσινο
1332 4934 1359 4984 6
1389 4932 1475 4984 ὲτῖ
1530 4931 1638 4984 τῶν
1684 4949 1785 4984 κα-

211 5027 521 5096 τηχήσεων,
570 5025 598 5075 6
652 5023 1076 5093 ὀρφανοτρόφος.
1110 5025 1159 5075 οἱ
1184 5022 1448 5091 τέσσαρες
1478 5022 1703 5088 ικδικοιζ·
1755 5023 1785 5074 6

214 5118 401 5187 ἄρχων
443 5118 551 5167 τῶν
594 5114 809 5184 φώτων,
841 5117 868 5169 6
892 5116 1282 5185 νουμμοδότης,
1310 5117 1405 5168 καὶ
1428 5118 1457 5168 6
1494 5115 1782 5183 περιοδεύ-

214 5211 334 5279 τῆς.
383 5208 773 5276 Ἀνατνωστῶν
801 5208 857 5261 δὲ
875 5209 1125 5277 ὀφφίκια,
1150 5208 1339 5263 ταῦτα.
1375 5208 1433 5261 Ὀ
1463 5209 1783 5278 δομέστικος

215 5300 309 5353 τοῦ
332 5300 510 5367 δεξιοῦ
528 5298 712 5371 χοροῦ,
733 5300 761 5351 6
777 5300 1095 5370 δομὼτικως
1116 5299 1210 5353 τοῦ
1241 5299 1553 5372 ἀριστεροῦ,
1586 5299 1781 5354 λαοσυ-

1889 4659 2227 4715 domesticus
2255 4660 2432 4715 dextri
2460 4659 2638 4725 chori,
2674 4659 3009 4715 domesticus
3041 4661 3251 4717 sinistri
3283 4679 3297 4717 :
3351 4678 3457 4734 po-

1888 4751 2004 4822 puli
2047 4758 2270 4805 coactor
2296 4760 2319 4790 ο
2353 4751 2607 4806 similiter
2641 4768 2655 4805 :
2702 4752 3037 4808 domesticus
3085 4761 3394 4819 cantorum,
3426 4771 3458 4810 a

1890 4842 2216 4913 quibusdam
2250 4841 2554 4911 appellatus
2600 4843 2934 4912 protopsalta
2968 4860 2983 4897 :
3018 4843 3347 4912 primicerus
3375 4846 3456 4900 le-

1893 4946 2126 4998 ctorum,
2178 4932 2467 5003 praefectus
2527 4934 2902 4988 contaciorum
2937 4932 2989 4999 d,
3020 4943 3457 5004 protocanonar-

1892 5026 2051 5090 chus,
2084 5032 2139 5080 et
2163 5024 2482 5079 chartularii
2508 5039 2713 5094 magnas
2735 5025 2970 5091 sacellas,
3002 5028 3336 5097 armariique
3362 5042 3457 5081 va-

1890 5131 2099 5170 sorum.
2161 5114 2364 5169 Theori
2440 5122 2659 5180 autem,
2723 5113 2854 5186 [seu
2917 5114 3335 5185 observatores]
3402 5125 3457 5171 et

1887 5206 2159 5277 deputati,
2190 5215 2245 5263 et
2273 5204 2549 5271 camisati,
2586 5220 2697 5261 non
2724 5215 2848 5261 sunt
2884 5206 3081 5272 ofﬁcia,
3148 5206 3241 5262 sed
3286 5206 3456 5262 mini-

1886 5299 2051 5355 steria
2085 5297 2153 5355 iis
2193 5298 2259 5353 ad
2288 5298 2459 5355 altare
2490 5313 2708 5355 sacrum
2744 5298 3013 5368 iniuncta.
3050 5297 3285 5356 Theoris
3310 5300 3455 5355 enim

1503 5476 1736 5532 VARIE
1780 5476 2182 5533 LECTIONES.

290 5639 328 5660 ·
360 5629 641 5697 ρηείεειιιε
693 5643 857 5703 sacris
888 5628 1156 5703 stationis.
1228 5637 1254 5665 ιι
1294 5629 1571 5703 ργᾳξιεειιιε
1605 5636 1944 5703 secretorum.
2021 5638 2042 5660 °
2074 5622 2318 5703 litaniis:
2363 5632 2411 5703 ’ν
2431 5621 2677 5677 collectas
2706 5633 2756 5703 et
2794 5639 2991 5693 preces.
3068 5622 3213 5703 {qui
3248 5624 3460 5703 sunt‘in

221 5712 487 5770 suggestu.
569 5708 589 5735 ³
623 5698 1080 5770 confirmatione».
1142 5709 1162 5736 ³
1192 5700 1521 5770 pontiﬁcum.

222 5775 425 5825 ctrintz.
502 5778 529 5816 1
566 5778 858 5821 acutorum.

223 5848 582 5911 songregator.
657 5836 1067 5906 dpugillarium.

545 5933 816 5993 ΡΑτιιοι..
852 5932 966 5995 Gn.
1003 5932 1223 5997 CXIX.

1604 5698 1620 5732 ί
1663 5698 1845 5751 statio.
1922 5703 1948 5729 υ
1985 5702 2213 5747 mutata.

940 5715 1067 5751 mea.
1142 5714 1162 5736 ⁵
1192 5714 1521 5767 ροιιημςιιηι.
1607 5714 1620 5732 ⁸
1663 5714 1845 5751 ειαιιο.
1925 5714 1948 5729 ⁸⁵
1985 5714 2213 5747 mutata.
2300 5714 2313 5729 '
2358 5714 2413 5746 ιη
2456 5714 2553 5746 sua
2593 5714 2819 5748 natione
2862 5714 2951 5747 sea
2986 5714 3236 5747 σειειοηε.
3313 5714 3457 5768 ιαμ-

940 5777 961 5804 ι
1001 5766 1182 5829 priora
1210 5768 1420 5822 ultima.
1498 5780 1523 5809 ι
1555 5766 1951 5837 Frequentism
1980 5779 2100 5833 ergo
2133 5764 2557 5838 consuetudines.
2637 5767 2665 5808 δ
2696 5764 2954 5819 visitator.
3034 5773 3056 5802 ε
3086 5763 3337 5818 εοιιεειον
3354 5774 3472 5819 stu

2292 5701 2319 5729 τ
2358 5692 2413 5746 in
2456 5710 2553 5746 sua
2593 5694 2819 5748 statione
2862 5710 2951 5747 sea
2986 5694 3236 5747 sessione.
3313 5692 3457 5743 xdo-

3040 5924 3115 5988 31
