4188 6446
233 431 343 497 977

1531 415 2226 483 ΟΡιᾸΞΟΟ-ΒΟΜΑΝΗΜ.

3388 405 3493 470 978

230 559 318 603 τος
354 538 742 610 ἀξιωθήσεται,
775 537 852 604 ώς
871 534 1128 605 δέξασθαι
1159 533 1362 605 ταύτην
1383 531 1689 604 ἀμέμπτως
1716 531 1795 585 δυ-

1917 528 2242 599 templorum
2276 524 2711 590 consecratione,
2776 523 2952 579 aliove
3004 518 3179 592 ipsius
3237 534 3378 585 usu;
3410 522 3484 585 ei,

233 635 482 702 νάμενος.
518 634 580 686 El
614 633 810 696 σπάνις
832 632 889 686 δέ
920 632 1037 683 ἐστι
1068 629 1239 700 μύρου
1292 627 1349 680 ἐν
1396 643 1455 680 τε
1494 627 1606 688 τοῖς
1639 625 1804 688 θείοις

229 722 593 794 βαπτίσμασι,
621 726 714 779 καὶ
737 726 794 776 ὲν
831 725 896 793 τῇ
925 723 1033 776 τῶν
1061 722 1205 776 ναῶν
1233 718 1584 791 καθιερώσει,
1616 718 1712 771 καὶ
1744 719 1803 770 ὲν

227 815 360 886 ἀλλῃ
392 816 584 869 τούτου
603 817 814 886 χρήσει,
842 815 920 884 τῷ
948 812 1320 883 εύρισκομένω
1353 808 1620 879 ὀλιγοστῷ
1651 807 1806 878 μύρῳ

1912 620 2073 690 cujus
2109 617 2411 689 pauxillum
2447 617 2727 672 inventum
2758 626 2862 681 est,
2895 613 3256 669 commiscere
3305 613 3484 665 oleum

1913 712 2272 768 conceditur:
2311 718 2370 763 ut
2401 709 2473 763 ita
2502 708 2838 778 suppletum,
2865 709 2937 763 iis
2976 709 3068 778 qui
3100 721 3242 776 opus
3267 703 3489 766 habent,

1915 803 2149 858 sulliciat
2177 801 2244 856 ad
2276 800 2773 856 sanctificationem
2800 798 3150 869 implendam.

228 907 772 976 συγκαταμίγνύσθαι
797 908 972 960 ἔλαιον
991 902 1544 975 συγκεχώρηται·ώς
1569 900 1636 955 ἂν
1665 898 1805 952 οὕτω
1843 895 2166 965 πληθυνυὲν,
2213 893 2426 966 ἀρκέσῃ
2485 890 2836 963 ἐκπληρῶσαι
2903 889 2992 943 τὸν
3051 890 3320 959 ἀγιασμὸν
3379 890 3492 951 τοῖς

226 995 502 1064 δεομένοις
533 998 720 1050 αὑτοῦ.

309 1089 657 1156 Ἐρώτησις.
702 1091 761 1142 Εἰ
791 1090 965 1152 ἔξεστι
994 1091 1106 1152 τοῖς
1151 1089 1456 1159 Ἀρμένιοις
1492 1089 1549 1141 ὲν
1582 1080 1669 1148 αἷς
1709 1082 1808 1136 πό-

226 1178 374 1230 λεσιν
413 1179 619 1230 οἰκοῦσι
641 1180 781 1231 κατά
812 1181 993 1232 πᾶσαν
1019 1180 1201 1231 ἄδειαν
1232 1179 1435 1242 κτίζειν
1488 1175 1804 1245 ἐκκλησίας,

224 1273 318 1319 καὶ
349 1268 461 1320 εἴτε
491 1269 596 1339 χρὴ
623 1269 948 1336 κωλύεσθαι,
969 1272 1001 1341 ἢ
1023 1272 1116 1341 ὲᾷν
1146 1270 1344 1334 αὐτοὺς
1378 1271 1553 1323 ποιεῖν
1579 1269 1654 1330 ώς
1678 1267 1801 1336 βού-

223 1375 430 1412 ιιονται.

309 1450 444 1503 Ἀπ.
468 1450 556 1503 Ἐν
577 1454 694 1514 ταῖς
719 1453 1061 1523 Χριστιανῶν
1079 1452 1284 1524 χώραις
1307 1453 1633 1519 καὶπέλεσιν
1663 1449 1807 1503 ἐνδέ-

220 1540 371 1592 eam
405 1543 505 1610 μὲν
532 1543 771 1612 ἀρχῆθεν
802 1546 972 1597 οἰκεῖν
1009 1545 1102 1598 καὶ
1125 1545 1552 1614 ἀλλογλώσσους,
1577 1543 1668 1595 καὶ
1691 1544 1807 1596 ἐτε-

225 1633 496 1702 ροδόξους,
553 1636 722 1704 ἤγουν
778 1637 1089 1702 Ἰουδαίους,
1141 1635 1482 1706 Ἀρμενίους,
1527 1635 1804 1706 Ἰσμαηλι-

220 1743 341 1790 τας,
386 1727 737 1797 Ἀγαρηνοὺς,
772 1732 866 1782 καὶ
891 1729 1111 1792 λοιποὺς
1166 1732 1440 1793 τοιούτους
1467 1747 1480 1760 ·
1513 1730 1650 1799 πλὴν
1704 1731 1806 1782 οὐκ

219 1816 424 1887 ἀναμὶξ
470 1821 607 1886 μετὰ
638 1820 744 1872 τῶν
786 1821 1150 1890 Χριστιανῶν,
1193 1822 1330 1876 ἀλλὰ
1357 1822 1798 1892 κεχωρισμένως.

1987 1074 2157 1129 Inter.
2185 1076 2264 1128 An
2298 1075 2458 1128 liceat
2479 1073 2775 1137 Armeniis,
2811 1073 2864 1126 in
2897 1072 3097 1141 quibus
3157 1078 3325 1140 agunt
3347 1073 3485 1126 civi-

1912 1167 2130 1230 tatibus
2165 1166 2335 1220 libere
2363 1164 2637 1219 aedificare
2663 1163 2951 1226 ecclesias,
2991 1171 3044 1217 et
3069 1178 3134 1217 an
3163 1163 3490 1234 prohibendi

1911 1259 2042 1323 sint,
2083 1272 2150 1312 an
2191 1265 2353 1328 prout
2382 1254 2659 1311 voluerint
2687 1253 2891 1319 facere,
2930 1252 3166 1308 sinendi.

1976 1438 2094 1494 Res.
2159 1435 2239 1493 Ab
2270 1439 2428 1494 initio
2458 1449 2484 1476 ο
2528 1437 2752 1508 quidem
2819 1436 3098 1492 indultum
3157 1444 3265 1502 est,
3318 1445 3378 1490 ut
3428 1437 3485 1491 in

1904 1528 2346 1586 Christianorum
2396 1531 2715 1602 regionibus
2763 1537 2786 1566 °
2822 1538 2878 1586 et
2910 1530 3227 1585 civitatibus
3257 1529 3484 1584 diversae

1905 1621 2107 1692 lingua:
2138 1629 2191 1676 et
2250 1623 2531 1694 religionis
2591 1624 2843 1680 homines
2898 1623 3230 1688 habitarent,
3288 1630 3484 1692 utputa

1908 1711 2108 1778 Judaei,
2141 1715 2403 1780 Armenii,
2439 1715 2742 1782 lsmaelitae,
2793 1715 3051 1786 Agareni,
3115 1724 3169 1769 et
3207 1715 3300 1769 alii
3334 1715 3485 1783 ejus-

1909 1809 2057 1865 modi
2091 1825 2200 1864 non
2261 1810 2574 1880 promiscue
2615 1817 2821 1872 tamen,
2878 1810 2974 1863 sed
3032 1809 3285 1864 seorsim.
3326 1807 3486 1862 Unde

225 1908 390 1961 Ὅθεν
423 1911 516 1962 καὶ
548 1912 900 1980 ἀφορίζονται
956 1913 1108 1966 τόποι
1143 1915 1351 1987 ἑκάστῃ
1379 1914 1585 1966 τούτων
1633 1913 1795 1983 φυλῇ,

1905 1903 2069 1958 etiam
2104 1903 2295 1957 harum
2319 1902 2561 1957 tribuum
2589 1912 2618 1952 ν
2649 1902 2849 1972 cuique
2880 1901 3022 1955 intra
3073 1901 3370 1967 civitatem,
3398 1902 3485 1955 vel

220 1999 329 2050 εἴτε
358 2001 508 2063 ἐντὸς
539 2003 764 2065 πόλεων,
797 2003 909 2055 εἴτε
949 2003 1130 2067 ἐκτός.
1162 2004 1324 2056 Ὥστε
1380 2003 1592 2067 τούτοις
1624 2005 1797 2072 ἐμπε-

223 2091 607 2158 ριγράερεσθαι,
644 2096 738 2146 καὶ
773 2095 846 2164 μὴ
881 2095 1137 2147 ἐπέκεινα
1168 2096 1374 2150 τούτων
1420 2095 1521 2158 τὰς
1553 2096 1797 2166 οἰκήσεις

221 2182 776 2239 αὐτῶνὲκτείνεσθαι.
821 2187 1197 2258 Ἑπινενόηται
1227 2187 1282 2240 δὲ
1312 2187 1470 2240 τοῦτο
1495 2191 1608 2250 τοῖς
1630 2189 1798 2242 πάλαι

220 2272 552 2343 βασιλεῦσιν,
587 2275 661 2339 ώς
692 2273 866 2346 οἶμαι,
908 2279 1074 2348 τριῶν
1104 2281 1308 2333 ἕνεκεν.
1370 2280 1520 2344 Ἐνδς
1549 2281 1671 2348 μὲν,
1707 2281 1797 2334 ἵνα

226 2365 306 2436 τῷ
335 2367 692 2440 ἑστενωμένῳ
733 2372 825 2423 καὶ
864 2373 1235 2443 ἀφωρισμένῳ
1272 2373 1372 2441 τῆς
1398 2373 1600 2426 τούτων
1644 2375 1797 2445 οίκή-

221 2471 381 2519 σεως,
423 2459 773 2528 λαμϐάνωσιν
802 2463 1077 2533 αἴσθησιν,
1107 2464 1182 2526 ώς
1214 2464 1508 2536 ἀπόϐλητοι
1564 2466 1652 2520 διὰ
1696 2466 1796 2538 τὴν

219 2549 342 2600 κατ’
375 2551 572 2613 αὐτοὺς
599 2553 813 2622 αἰρεσιν
843 2555 1139 2623 κρίνονται.
1183 2557 1400 2627 Ἐτέρου
1424 2558 1502 2624 δὲ,
1537 2558 1621 2611 ῖνα
1654 2560 1796 2613 κατὰ

224 2640 443 2707 μικρὸν,
477 2642 564 2694 διὰ
594 2644 654 2694 τὸ
680 2645 886 2714 συχνῶς
916 2645 1122 2715 ὁμιλεῖν
1141 2649 1632 2714 τοῖςΧριστιανοῖς,
1658 2649 1797 2713 πρὸς

222 2731 516 2796 μετάθεσιν
550 2735 997 2789 ἀπαλλάττωνται
1027 2751 1039 2764 ·
1073 2738 1122 2789 εί
1166 2737 1261 2790 καὶ
1305 2737 1378 2808 μὴ
1407 2739 1630 2802 πάντες,
1660 2739 1795 2794 ἀλλά

218 2821 362 2883 τινὲς
394 2823 516 2888 μὲν,
551 2825 706 2889 δσους
745 2827 808 2896 δὴ
867 2828 899 2897 ἡ
947 2829 1190 2899 σωτηρία
1233 2831 1508 2899 ἠγάπησε.
1539 2833 1649 2886 Καὶ
1700 2833 1794 2886 τοῦ

217 2912 431 2981 τρίτου,
457 2915 544 2968 ἵνα
567 2918 693 2980 τοὺς
718 2922 960 2990 καρποὺς
992 2921 1099 2972 τῶν
1130 2922 1576 2992 ἐπιτηδευμάτων
1613 2925 1793 2978 αὐτῶν

219 3006 266 3054 οἱ
298 3008 440 3056 κατὰ
475 3006 588 3072 βίον
612 3009 904 3079 χρῄζοντες
954 3012 1132 3065 αὐτῶν
1161 3013 1563 3083 ἀποφέρωνται.
1601 3015 1794 3069 Τοίνυν

221 3093 316 3145 καὶ
345 3097 396 3146 οἱ
442 3095 738 3167 Ἀρμένιοι,
769 3104 818 3153 εί
849 3106 907 3154 ἐν
955 3104 1124 3173 τόπῳ,
1155 3105 1285 3156 ἔνθα
1338 3106 1792 3176 περιγράφονται,

220 3188 315 3238 καὶ
342 3193 503 3252 ναοὺς
537 3193 798 3258 κτίζουσι,
839 3198 931 3249 καὶ
977 3198 1045 3250 τὰ
1078 3199 1176 3266 τῆς
1199 3199 1462 3268 αἱρέσεως
1500 3202 1680 3255 αὐτῶν
1703 3203 1798 3256 ὲκ-

1905 2003 2081 2059 extra,
2109 1994 2214 2049 loci
2246 1995 2684 2050 determinantur
2718 2011 2731 2048 :
2785 2004 2844 2050 ut
2895 1995 2981 2050 his
3015 1994 3482 2050 circumscriban-

1907 2095 2014 2151 tur,
2054 2101 2156 2141 nec
2189 2087 2428 2143 ulterius
2451 2102 2641 2142 eorum
2671 2087 3045 2142 habitationes
3089 2086 3480 2142 extendantur.

1905 2175 2043 2231 Illud
2073 2185 2256 2232 autem
2319 2192 2349 2230 a
2402 2178 2681 2234 veteribus
2727 2177 3070 2248 principibus
3112 2176 3480 2245 excogitatum

1903 2276 2007 2333 est,
2041 2270 2240 2333 tribus,
2282 2278 2343 2323 ut
2380 2270 2600 2339 opinor,
2628 2269 2695 2324 de
2723 2269 2932 2324 causis.
2988 2267 3107 2322 Una
3141 2266 3382 2337 quidem,
3421 2276 3482 2321 ut

1902 2370 1970 2413 ex
1992 2359 2347 2415 habitationis
2390 2361 2658 2430 angustiis
2692 2368 2745 2413 et
2772 2359 3144 2414 definitionem
3175 2369 3224 2424 ιι,
3251 2373 3476 2414 sensum

1905 2451 2144 2520 capiant,
2187 2467 2245 2507 se
2272 2460 2492 2522 propter
2516 2452 2767 2508 haeresim
2799 2449 3134 2522 rejiciendos
3161 2450 3397 2519 judicari
3431 2460 3476 2504 τ.

1906 2542 2027 2596 Alia
2064 2553 2266 2609 autem,
2306 2553 2363 2598 ut
2391 2553 2616 2614 propter
2651 2543 2990 2613 frequentem
3049 2558 3172 2599 cum
3203 2541 3475 2596 Chrisua-

1904 2633 1991 2690 nis
2019 2636 2476 2690 consuetudinem
2527 2635 2792 2704 paulatim
2829 2634 2896 2689 ad
2935 2633 3294 2688 mutationem
3343 2646 3478 2687 con-

1902 2733 2223 2781 vertantur:
2251 2727 2295 2780 si
2324 2741 2431 2780 non
2466 2740 2678 2792 omnes,
2712 2727 2880 2796 aliqui
2905 2727 3122 2791 saltem,
3151 2739 3290 2795 quos
3324 2723 3475 2778 salus

1902 2815 2176 2870 dilexerit.
2240 2816 2422 2874 Tertia
2482 2819 2690 2886 etiam,
2757 2827 2816 2872 ut
2873 2818 3159 2874 industriae
3225 2818 3472 2887 ipsorum

1903 2907 2114 2964 fructus
2148 2911 2410 2978 referant,
2464 2912 2556 2982 qui
2609 2913 2677 2966 iis
2709 2909 2778 2965 ad
2831 2911 2998 2964 vitam
3054 2923 3193 2978 opus
3245 2907 3472 2962 habent.

1901 3001 2146 3056 Armenii
2194 3017 2348 3072 ergo,
2407 3003 2454 3056 si
2489 3017 2600 3072 quo
2661 3003 2784 3058 loco
2847 3000 3254 3070 circumscripti
3321 3007 3472 3062 sunt,

1903 3094 2097 3162 templa
2122 3093 2416 3159 aedificant,
2441 3103 2494 3149 et
2525 3094 2734 3150 faciunt
2761 3109 2882 3164 quae
2908 3095 2977 3149 ad
3016 3094 3266 3150 haeresim
3320 3093 3474 3162 ipso-

1902 3199 2024 3238 rum
2059 3186 2354 3255 pertinent,
2383 3195 2539 3241 extra
2590 3188 2928 3242 calumniam
2975 3200 2996 3226 ι
3029 3193 3272 3241 manent.
3327 3184 3472 3240 Idem

219 3277 456 3342 τελοῦσι,
501 3282 756 3349 μενοῦσιν
790 3289 1186 3358 ἀνεπηρέαστοι
1213 3304 1228 3318 ’
1257 3292 1316 3342 τὸ
1370 3291 1498 3344 αὐτὸ
1527 3293 1636 3362 γὰρ
1702 3294 1795 3347 καὶ

1900 3280 2045 3334 enim
2070 3288 2123 3334 et
2151 3278 2353 3336 Judzeis
2384 3281 2532 3348 licet,
2563 3290 2617 3337 et
2644 3281 2960 3344 lsmaelitis,
3009 3281 3102 3351 qui
3147 3280 3476 3336 Christiani-

231 3366 504 3432 Ἰουδαίοις
563 3375 819 3442 πρόσεστι
873 3380 967 3429 καὶ
1000 3379 1390 3448 Ίσμαηλίταις,
1425 3385 1668 3437 οἰκοῦσιν
1737 3387 1795 3440 ἐν

219 3459 411 3510 πόλεσι
438 3462 872 3530 Χριστιανικαῖς.
901 3469 961 3520 Εἰ
993 3469 1048 3520 δὲ
1073 3470 1199 3532 τοὺς
1228 3472 1385 3540 ὅρους
1403 3472 1794 3543 ὑπερϐαίνουσι

217 3549 317 3615 τῆς
346 3552 732 3624 ἀφορισθείσης
755 3557 938 3620 αὐτοῖς
963 3561 1351 3631 συνοικήσεως,
1381 3563 1442 3614 ού
1501 3564 1662 3633 μόνον
1693 3568 1793 3620 αύ-

218 3643 302 3693 τοὶ
337 3645 764 3718 κωλυθήσονται,
792 3649 927 3704 ἀλλὰ
975 3652 1068 3705 καὶ
1095 3655 1162 3707 τά
1215 3656 1622 3727 οἰκοδομήματα
1672 3661 1794 3713 τού-

219 3749 348 3798 των,
380 3738 542 3790 ὁποῖα
587 3740 631 3792 δ’
663 3743 729 3793 ἂν
779 3743 874 3796 καὶ
916 3737 1041 3810 ὦσι,
1083 3751 1656 3819 καταστραφήσονται.
1717 3753 1792 3808 Τὸ

217 3825 326 3892 γάρ
360 3825 566 3888 άνέτως
591 3827 736 3897 ἔχειν
759 3833 851 3883 καὶ
900 3833 1398 3904 εύπαρῤησιάστως
1429 3838 1486 3892 ὲν
1518 3843 1630 3902 τοῖς
1669 3856 1787 3894 τοι·

217 3911 420 3974 ούτοις,
441 3916 607 3968 πάλαι
629 3917 943 3975 ἀπώλεσαν.

302 4001 648 4090 Ἐρώτησις.
691 4007 753 4059 Τί
791 4011 1046 4078 σημαίνει
1071 4011 1132 4064 τὺ
1171 4013 1244 4084 μὴ
1274 4015 1659 4090 ἐλευθεροϐοᾷν
1697 4021 1790 4076 τὸν

213 4087 400 4140 δοῦλον
436 4107 451 4118 ·
473 4092 611 4162 ὅπερ
639 4096 749 4156 τοῖς
779 4096 1044 4163 δουλικοῖς
1072 4100 1396 4173 ώνητηρίοις
1415 4087 1471 4158 οῖ
1493 4087 1788 4162 ταῆελλίω-

219 4195 308 4242 ve;
352 4183 649 4253 ἐγγράφειν
679 4187 926 4243 εἰώθασι.

296 4363 435 4416 Ἀπ.
474 4365 539 4416 Ἡ
567 4365 671 4420 τῶν
705 4368 1220 4441 καταδουλουμένων
1254 4373 1555 4446 ἀνθρώπων
1577 4378 1789 4434 δουλεία

211 4453 467 4506 τοσοῦτον
494 4459 605 4516 τοῖς
643 4461 1000 4526 κεκτημένοις
1026 4463 1364 4530 ἐμπέφυκεν,
1403 4465 1480 4529 ώς
1512 4469 1588 4538 μὴ
1631 4470 1790 4523 δύνα-

213 4545 337 4597 σθαι
370 4547 495 4607 τοὺς
527 4547 744 4609 δούλους
799 4548 872 4618 μὴ
905 4551 1063 4615 μόνον
1088 4553 1146 4604 ὲν
1173 4554 1358 4617 αὐτοῖς
1397 4559 1508 4619 τοῖς
1565 4560 1786 4628 μέτροις

1900 3375 1995 3426 c'as
2027 3371 2277 3427 civitates
2307 3373 2579 3428 incolunt.
2617 3374 2775 3440 Quod
2798 3375 2842 3428 si
2892 3373 3132 3429 definitae
3177 3374 3284 3429 sibi
3319 3373 3473 3427 habi-

1897 3461 2124 3518 tationis
2164 3463 2526 3533 egrediuntur
2580 3466 2870 3532 terminos,
2930 3482 3040 3522 non
3091 3467 3196 3537 ipsi
3255 3473 3468 3520 tantum

1896 3551 2335 3620 prohibebuntur
2359 3594 2374 3620 ,
2408 3556 2504 3610 sed
2527 3565 2582 3611 et
2609 3556 2841 3611 :editicia
2898 3571 3114 3622 eorum,
3150 3557 3472 3627 qualiacun-

1896 3659 2002 3713 que
2030 3642 2252 3713 fuerint,
2283 3647 2593 3703 diruentur.
2628 3647 3027 3720 lndulgentiam
3057 3649 3201 3707 enim
3251 3648 3466 3715 talium,

1894 3744 1944 3792 et
1977 3736 2275 3808 licentiam,
2301 3739 2633 3810 jampridem
2657 3741 2988 3798 amiserunt.

1915 4051 1923 4059 -
1965 4016 2228 4086 Inlerrog.
2263 4016 2405 4084 Quid
2437 4017 2712 4090 signiﬁcat
2761 4030 2980 4073 servum
3023 4029 3134 4071 non
3182 4013 3467 4086 ἐλευθερο-

1891 4107 2023 4179 6οᾷν
2075 4108 2153 4181 [id
2215 4119 2320 4174 est,
2389 4113 2443 4164 in
2513 4111 2822 4165 libertatem
2887 4106 3252 4180 proclamare]
3319 4109 3466 4178 quod

1889 4198 2275 4255 instrumentis
2295 4200 2634 4271 emptionum
2662 4215 2947 4258 servorum
2972 4199 3292 4256 tabelliones
3319 4199 3467 4256 inse-

1888 4305 2012 4348 rere
2040 4292 2240 4347 solent.

1963 4380 2081 4435 Res.
2119 4380 2436 4446 Hominum,
2475 4383 2570 4453 qui
2597 4385 2653 4438 t'n
2687 4383 2966 4452 mancipio
3013 4394 3166 4450 sunt,
3223 4385 3466 4442 servitus

1891 4472 2027 4527 adeo
2061 4475 2476 4542 possessoribus
2517 4474 2767 4539 inhaeret,
2811 4484 2871 4530 ut
2915 4477 3059 4532 servi
3091 4492 3202 4533 non
3256 4487 3466 4532 tantum

1889 4562 1944 4614 in
1976 4562 2110 4631 ipsis
2175 4565 2457 4620 servitutis
2507 4567 2803 4621 momentis
2835 4581 3022 4622 vocem
3055 4570 3072 4606 ι
3108 4568 3362 4637 ingenuis
3409 4576 3467 4624 et

212 4637 309 4703 τῆς
347 4637 592 4696 δουλείας
624 4642 806 4709 φωνὴν
858 4643 1036 4710 αἴρειν
1076 4647 1457 4714 προσήκουσαν
1510 4649 1779 4716 εὐγενέσι,

1899 4654 2080 4710 liberis
2114 4657 2530 4710 convenientem
2568 4657 2832 4712 adversus
2859 4659 3112 4714 dominos
3137 4661 3324 4715 tollere
3355 4676 3465 4716 non

213 4725 305 4777 καὶ
343 4725 690 4795 ἐλευθερίοις,
724 4729 864 4781 κατὰ
896 4730 1002 4782 τῶν
1051 4732 1349 4794 δεσποτῶν,
1383 4735 1498 4788 ἀλλ’
1544 4739 1653 4790 οὐδ’
1699 4741 1786 4807 ἂν,

213 4818 258 4867 εἰ
294 4817 392 4868 καὶ
413 4817 720 4887 ἐλευθερίας
735 4821 1031 4887 ἀξιωθεῖεν,
1063 4823 1162 4893 τὴν
1194 4827 1445 4895 τοιαύτην
1497 4829 1790 4885 ἀναλαϐεῖν

214 4910 396 4976 φωνὴν
425 4909 666 4964 πώπικτε.
707 4912 865 4965 Ὅθεν
899 4917 991 4967 καὶ
1018 4918 1289 4986 ἐπιτίμιον
1304 4923 1402 4988 τῆς
1424 4922 1790 4993 ὲλευθεροφω-

215 5006 331 5068 νίας
347 5007 549 5075 ταύτης
566 5009 613 5058 οἱ
647 5007 1110 5081 ἀπελεύθεροιτὴν
1141 5014 1505 5069 ἀναδούλωσιν
1536 5019 1782 5087 ἐκληρώ-

215 5114 396 5150 σαντο.
419 5098 528 5150 Καὶ
556 5100 825 5168 μάρτυρες
848 5103 1059 5172 οἱνόμοι
1089 5106 1135 5155 οἱ
1168 5105 1408 5170 παλαιοὶ,
1437 5110 1531 5160 καὶ
1561 5111 1699 5163 αὐτὰ
1716 5112 1781 5182 δὴ

210 5191 279 5244 τά
307 5190 478 5258 νεαρὰ
498 5191 590 5242 τοῦ
623 5193 932 5259 σοφωτάτου
989 5197 1046 5247 ἐν
1085 5196 1360 5264 βασιλεῦσι
1410 5199 1778 5270 θεσπίσματα,

213 5282 370 5336 ἅτινα
397 5285 522 5344 τοὺς
547 5284 602 5334 ιν
627 5284 815 5355 ἀγνοίᾳ
843 5287 950 5338 τῶν
976 5289 1326 5358 κεκτημένων
1350 5292 1569 5357 δούλους
1592 5295 1785 5366 κληρι-

212 5375 339 5435 κους
364 5374 677 5440 γεγονότας,
708 5378 802 5428 καὶ
829 5378 886 5429 τδ
903 5378 1001 5446 τῆς
1031 5379 1326 5450 ἱερωσύνης
1353 5369 1546 5452 σεμνὸν
1571 5386 1783 5456 ἀξίωμα

211 5467 696 5538 περιϐαλομένους,
729 5470 760 5540 ἢ
809 5471 898 5522 τὸν
930 5473 1214 5540 μοναδικὸν
1246 5475 1358 5545 βίον
1381 5477 1780 5548 ἀνῃρημένους,

1893 4747 2127 4814 possint,
2193 4748 2288 4802 sed
2342 4763 2442 4803 nec
2479 4751 2524 4804 si
2580 4750 2828 4806 libertate
2878 4752 3064 4806 donati
3119 4752 3253 4814 sint,
3301 4754 3464 4806 talem

1893 4853 2134 4907 unquam
2196 4839 2463 4908 recipiant
2524 4856 2736 4895 vocem.
2779 4842 3016 4911 Ideoque
3077 4843 3263 4898 liberae
3312 4843 3466 4900 vocis

1892 4929 2053 4997 hujus
2083 4944 2300 4998 pcenam
2327 4931 2571 4985 libertini
2603 4935 2785 4988 sortiti
2830 4942 2982 4995 sunt.
3013 4935 3143 4989 dum
3181 4935 3237 4990 in
3285 4937 3465 4990 servi-

1891 5026 2058 5074 tutem
2095 5032 2441 5077 revocantur.
2485 5023 2655 5095 Leges
2695 5027 2859 5081 etiam
2913 5027 2966 5081 id
2995 5035 3270 5083 testantur
3313 5039 3467 5083 vete-

1890 5127 1980 5168 res
2003 5121 2056 5166 et
2079 5114 2386 5194 principum
2412 5118 2811 5186 sapientissimi
2841 5121 3070 5176 novella:
3099 5123 3231 5192 ipsa:
3253 5122 3466 5176 consti-

1896 5205 2158 5267 tutiones.
2189 5224 2310 5276 quae
2333 5224 2524 5266 servos
2551 5210 2790 5266 dominis
2821 5213 3204 5282 ignorantibus
3232 5213 3464 5270 clericos

1884 5293 2087 5358 factos,
2115 5308 2168 5352 et
2204 5303 2570 5358 venerabilem
2604 5305 2896 5360 sacerdotii
2945 5306 3264 5376 dignitatem
3294 5306 3459 5362 indu-

1886 5395 1993 5452 tos,
2029 5396 2514 5449 autmonasticam
2579 5397 2745 5452 vitam
2788 5400 3092 5469 amplexos,
3146 5400 3230 5455 vel
3291 5400 3458 5469 (quod

1887 5483 2067 5552 majus
2127 5485 2233 5555 est)
2290 5487 2359 5542 ad
2415 5489 2784 5560 episcopalem
2854 5492 3086 5563 gradum
3148 5501 3457 5562 provectos,

1537 5629 1620 5684 VA
1631 5630 1769 5685 [ιιίΕ
1809 5631 2214 5695 LECTIONES.

284 5775 310 5803 ι
340 5765 457 5829 jam
481 5767 629 5822 alim.
703 5779 723 5799 °
747 5771 888 5828 aqris
989 5781 1014 5822 Ρ
1044 5774 1336 5826 nationum.

214 5838 374 5890 positi
404 5848 549 5892 sinit.

703 5779 723 5799 °
747 5771 888 5832 aqris

1415 5784 1442 5824 ει
1474 5778 1757 5831 secretione
1788 5791 2129 5848 cognoscant.

673 5843 682 5861 '
727 5856 825 5893 non
861 5850 1060 5895 tantum
1100 5847 1414 5901 durant-ibus
1451 5849 1718 5903 servitutis
1764 5843 1948 5905 sva'tt't's
1994 5867 2182 5907 vocem.

2209 5789 2230 5819 τ
2267 5799 2372 5856 pro~
2402 5786 2636 5843 reticulis
2672 5788 2871 5846 haberi.
2954 5800 2974 5831 '
3015 5801 3169 5848 extra
3201 5793 3456 5866 injuria»
