4188 6446
182 423 278 494 981

1469 415 2179 480 ϐΒίΕΕΟ-ΒΟΜΑΝΠΜ.

3315 411 3426 477 932

179 540 257 605 τῷ
288 537 460 608 πατρὶ
486 536 520 607 ἢ
547 537 607 607 τῇ
642 532 828 606 μητρὶ,
860 531 1042 604 Δῶρον
1077 529 1104 584 δ
1143 530 1238 582 ἐὰν
1270 528 1327 595 ἐξ
1362 529 1492 598 ἐμοῦ
1524 529 1740 596 ὼςελη-

1858 527 1996 594 Quos
2030 529 2324 583 liberorum
2343 538 2367 567 ει
2388 527 2731 584 inveniebant
2759 525 3012 581 Pharisazi
3033 525 3224 596 opibus
3251 525 3424 580 abun-

184 627 308 700 θῇς.
339 627 514 681 Τοῦτο
547 627 603 681 δὲ
640 625 895 695 τοιαύτην
924 623 1038 693 ἔχει
1064 623 1164 693 τὴν
1193 621 1512 692 ἑρμηνείανο
1541 623 1648 686 Οὓς
1682 623 1749 676 ἂν

179 719 290 773 τῶν
325 717 534 770 παίδων
586 716 840 787 εὕρισκον
870 716 920 768 οῖ
971 715 1255 785 Φαρισαῖοι
1297 713 1752 783 περιουσιαξομέ-

180 829 304 874 νους
325 812 360 880 ἢ
389 810 498 863 ἀπὸ
531 810 714 862 κόπων
749 808 918 871 ἰδίων,
952 807 984 877 ἦ
1021 805 1130 860 ἀπὸ
1183 806 1498 875 φιλοτιμίας
1530 805 1628 874 τῆς
1654 805 1748 859 τύ-

179 919 304 971 me.
338 899 372 970 ἦ
403 897 620 953 ὁθενοῦν
649 897 892 962 ἄλλοθεν,
925 897 1210 952 ἐπαίδευον
1249 898 1446 952 αὐτοὺς
1471 896 1750 960 εὐσεϐείας

178 993 535 1062 προσχήματι
558 991 867 1045 ἀνατιθέναι
892 989 970 1059 τῷ
989 989 1106 1060 Θεῷ
1134 990 1166 1060 ἦ
1190 991 1372 1043 πᾶσαν
1398 989 1495 1057 τὴν
1524 1005 1750 1058 περιουο

181 1083 311 1136 σίαν
342 1081 545 1146 αὐτῶν,
575 1081 690 1152 ῆτδ
721 1082 972 1135 πλεῖστον
1022 1082 1214 1148 αὐτῆς.
1265 1081 1374 1133 Καὶ
1407 1079 1501 1133 ἐὰν
1555 1080 1754 1142 ἐνδεεῖς

177 1169 321 1244 ἦσαν
348 1173 400 1227 οί
442 1173 646 1227 τούτων
689 1175 889 1241 γονεῖς,
935 1174 1028 1228 καὶ
1061 1172 1273 1226 ἐδέοντο
1303 1171 1401 1240 τῆς
1447 1171 1596 1242 παρὰ⁵
1648 1172 1754 1224 τῶν

180 1264 396 1317 παίδων
436 1262 796 1334 προμηθείας,
847 1264 1127 1316 ἐδίδασκον
1177 1263 1372 1327 αὐτοὺς
1405 1263 1585 1332 λέγειν
1620 1266 1755 1335 πρὸς

178 1358 307 1417 τοὺς
343 1358 546 1422 γονεῖς,
579 1356 656 1419 ὡς
706 1355 928 1423 εὔλογόν
966 1373 1019 1408 τι
1071 1357 1163 1408 καὶ
1215 1357 1612 1426 ἀπαραίτητον,
1661 1359 1756 1410 καὶ

179 1449 517 1516 ἀποτρέπειν
546 1447 786 1510 ἐκείνους
819 1448 1130 1516 δυνάμενον,
1164 1449 1242 1500 ὅτι
1303 1449 1543 1516 Κορϐἄν,
1602 1465 1758 1500 τουτο

175 1538 297 1591 ἐστι
331 1537 505 1607 δῶρον
531 1538 942 1608 ἀνατεθειμένον
969 1541 1083 1591 ἐστὶ
1132 1539 1211 1608 τῷ
1243 1538 1382 1608 Θεῷ,
1411 1539 1439 1590 ὃ
1476 1539 1657 1609 ζητεῖς
1697 1538 1758 1602 ἐξ

180 1629 316 1698 ἐμοῦ
371 1630 744 1702 ὠφεληθῆναι,
799 1632 916 1701 ἦτοι
972 1631 1251 1702 κερδᾶναι.
1311 1631 1398 1694 Ὠς
1450 1633 1512 1684 ἐκ
1563 1630 1756 1684 τούτου

181 1722 570 1776 συστέλλεσθαι
610 1723 708 1791 μὲν
732 1723 856 1786 τοὺς
882 1724 1082 1789 γονεῖς,
1114 1723 1206 1775 τὸν
1243 1722 1376 1776 Θεὸν
1409 1723 1520 1776 δεῖν
1562 1739 1756 1794 προτι-

181 1813 393 1880 μᾶσθαι
429 1813 831 1880 γινώσκοντας
866 1814 988 1876 τοὺς
1009 1814 1064 1867 δὲ
1095 1814 1425 1884 Φαρισαίους
1462 1813 1634 1877 ἀδεῶς
1659 1814 1752 1866 τού

1855 619 2069 681 dantes,
2104 628 2199 672 aut
2227 635 2290 674 ex
2330 619 2610 674 laboribus
2644 619 2906 689 propriis,
2955 625 3050 672 aut
3097 617 3424 673 liberalitate

1854 710 2108 775 fortunat,
2143 719 2236 764 aut
2275 710 2517 774 aliunde,
2551 711 2774 779 pietatis
2819 717 3112 780 praetextu,
3152 706 3425 762 docebant

1854 817 1950 858 eos
1983 805 2104 857 b‘ut
2136 811 2302 858 totam
2340 817 2493 858 suam
2543 803 2931 863 substantiam,
2992 801 3076 854 vel
3131 799 3422 853 maximam

1855 900 1973 969 ejus
2002 905 2237 968 partem,
2274 894 2383 950 Deo
2417 896 2736 949 tribuerent.
2765 893 2830 946 Et
2864 895 2991 948 licet
3020 894 3209 962 inopes
3240 901 3427 948 essent

1856 997 2110 1062 parentes
2143 1004 2352 1053 eorum,
2393 988 2812 1056 indigerentque
2880 985 3178 1039 liberorum
3235 985 3424 1055 provi-

1857 1082 2065 1147 dentia,
2113 1081 2470 1136 instituebant
2490 1093 2537 1145 ο,
2562 1089 2616 1133 ιιι
2639 1079 2956 1150 parentibus
2979 1077 3246 1140 dicerent,
3269 1077 3426 1146 quasi

1854 1175 2064 1244 justum
2099 1171 2379 1242 quidpiam
2433 1179 2485 1222 ct
2540 1169 2929 1232 inexcusabile,
2993 1177 3047 1222 et
3107 1166 3252 1236 quod
3307 1167 3426 1219 illos

1858 1271 2048 1336 posset
2089 1276 2368 1326 revocare,
2401 1261 2618 1314 Corban
2657 1259 2733 1330 (id
2776 1268 2882 1322 est,
2935 1274 3138 1314 munus
3189 1267 3274 1313 εει
3323 1257 3428 1310 Deo

1859 1353 2186 1427 repositum)
2236 1350 2380 1422 quod
2430 1350 2666 1422 requiris
2701 1363 2729 1402 a
2765 1364 2850 1404 me
2903 1350 3201 1418 percipere,
3239 1347 3291 1402 id
3325 1354 3428 1412 est,

1860 1445 2183 1502 lucrifacere
2212 1443 2262 1499 ά.
2288 1444 2359 1500 Ut
2388 1459 2451 1499 ex
2483 1459 2548 1499 eo
2587 1451 2841 1512 parentes
2867 1441 3106 1512 quidem,
3136 1442 3228 1510 qui
3263 1439 3429 1494 Deum

1862 1537 2065 1593 scirent
2097 1533 2497 1606 prtefcrcndum
2527 1548 2670 1597 esse,
2698 1531 2884 1586 animo
2917 1530 3131 1599 dejcclo
3168 1528 3430 1598 reprime-

1860 1636 2050 1682 rentur
2100 1624 2405 1679 :I‘harisati
2458 1632 2639 1677 autem
2707 1622 2941 1677 licenter
2968 1619 3248 1688 deinceps,
3311 1630 3432 1687 qua:

1862 1715 2098 1786 reposita
2131 1711 2315 1775 erant,
2344 1711 2704 1776 devorarent;
2752 1717 2939 1780 utpote
2967 1707 3062 1778 qui
3097 1707 3298 1762 liberos
3341 1705 3430 1758 de-

1862 1796 2126 1878 ciperent,
2174 1802 2679 1875 persuaderenlque
2713 1817 2811 1856 sua
2842 1799 2952 1856 Deo
2993 1797 3247 1854 dedicnre
3275 1809 3320 1863 ο,
3347 1805 3433 1850 at-

178 1903 375 1957 λοιποῦ
398 1904 710 1958 κατεσθίειν
732 1906 799 1957 τα
835 1905 995 1975 δῆθεν
1045 1905 1439 1973 ἁνατεθειμὲνα
1461 1921 1473 1933 ·
1507 1899 1596 1956 οἷα
1623 1905 1751 1966 τους

1859 1917 1966 1972 que
1989 1900 2064 1953 ita
2097 1905 2355 1969 parentes
2382 1896 2572 1965 inopes
2602 1901 2981 1956 contemnere,
3031 1889 3428 1959 simpliciorum

177 1997 382 2059 παῖδας
425 1997 525 2066 μὲν
573 1997 900 2060 ἀπατῶντας
956 1999 1048 2052 καὶ
1095 1997 1498 2067 συμπείθοντας
1541 1997 1574 2050 Ξι
1605 1991 1752 2065 εἶχεν

1862 1992 2154 2048 facultates
2186 1989 2250 2043 ad
2288 2003 2347 2043 se
2371 1987 2710 2040 attrahentes
2739 1999 2872 2039 voce
2906 1981 3148 2038 Corban.

176 2089 454 2158 δήπουθεν
476 2094 738 2164 ὁφιερούν
776 2094 856 2164 τῷ
884 2094 1025 2164 Θεῷ,
1064 2092 1466 2156 καὶοῦτωτοὺς
1507 2092 1750 2160 πατέρας
1790 2088 2120 2157 πενομένους
2166 2083 2533 2153 περιφρονεῖν,
2579 2081 2714 2150 πρὸς
2757 2079 2983 2141 ἑαυτοὺς
3055 2076 3110 2128 δὲ
3145 2077 3240 2136 τὰς
3310 2072 3418 2126 τῶν

178 2183 564 2256 ἀτελεστέρων
601 2187 916 2255 περιουσίας
949 2185 1343 2254 ἐφελκομένους
1371 2183 1458 2237 δια
1474 2184 1572 2247 τῆς
1605 2182 1784 2251 φωνῆς
1813 2180 1905 2233 τού
1942 2179 2188 2246 Κορϐοῖν.

249 2276 602 2344 Ἐρώτησις.
635 2279 699 2329 Ai
752 2277 900 2347 παρὰ.
924 2276 1017 2329 τοῦ
1059 2276 1358 2346 μακαρίτου
1417 2274 1758 2343 πατριάρχου

193 2367 530 2436 Ἀντιοχείας
559 2367 859 2437 Θεοδώρου,
889 2368 984 2420 τοῦ
1012 2367 1402 2437 ὲπιλεγομένου
1432 2363 1758 2434 Βαλσαμὼν,

178 2461 466 2526 γεγονυῖαι
497 2459 824 2530 ἀποκρίσεις
860 2460 994 2530 πρὸς
1042 2461 1139 2522 τὰς
1185 2459 1482 2528 ἐρωτήσεις
1528 2457 1757 2526 Μάρκου

177 2549 274 2602 τοῦ
303 2551 607 2604 ὁσιωτάτου
631 2551 971 2621 πατριάρχου
1020 2549 1448 2618 Ἀλεξανδρείας,
1472 2548 1758 2619 εὑρίσκονο

181 2639 272 2692 ταί
305 2657 464 2704 τινας
500 2640 871 2710 παρεκϐάσεις
905 2641 1223 2710 ποιούμεναι
1260 2640 1316 2693 ἔν
1341 2656 1400 2692 τε
1446 2638 1756 2699 κανονικαῖς

182 2731 278 2783 καὶ
304 2733 557 2800 νομικαῑς
589 2732 888 2795 διατάξεσι.
926 2734 1016 2814 Δεῖ
1050 2726 1144 2784 οὖν
1173 2731 1400 2793 ταύταις
1438 2730 1750 2800 προσέχειν,

180 2819 339 2890 ἣοε;

247 2915 373 2967 Ἀπ.
414 2913 474 2967 Ὀ
513 2915 657 2984 ἱερὸς
684 2908 840 2978 οὗτος
865 2915 1028 2988 ἀνὴρ,
1062 2918 1091 2969 ὁ
1134 2916 1484 2985 Ἀντιοχείας,
1547 2915 1749 2985 τρίϐων

183 3004 284 3072 μὲν
315 3000 385 3074 ἦν
423 3007 481 3069 ἐς
534 3005 762 3076 ἀκριϐὲς
805 3006 914 3058 τῶν
967 3006 1240 3077 νομικῶντ
1302 3008 1398 3061 καὶ
1448 3007 1749 3060 κανονικῶν

181 3095 668 3166 νομοθετημάτων,
722 3097 818 3150 καὶ
863 3099 1015 3167 παρά
1060 3099 1224 3152 πᾶσιν
1256 3099 1314 3151 ἐν
1348 3099 1560 3162 τούτοις
1605 3115 1760 3170 περι-

179 3186 444 3258 ᾳδόμενος
467 3203 484 3219 ·
524 3189 594 3242 τὰ
623 3189 807 3259 μέντοι
836 3191 1244 3260 συγγράμματα
1265 3191 1477 3254 τούτου,
1500 3193 1599 3246 ὅσα
1622 3194 1761 3263 πρὸς

185 3279 449 3334 κανονικά
470 3281 566 3334 καὶ
594 3281 796 3350 νομικά
825 3280 1090 3352 λήμματα
1121 3281 1510 3354 ἐξηνέχθησαν,
1566 3285 1666 3337 οὒκ
1700 3287 1757 3348 ἐς

1931 2268 2100 2324 Inter.
2136 2270 2179 2322 A
2206 2268 2364 2322 beato
2398 2267 2415 2304 ί
2453 2261 2762 2336 patriarcha
2809 2257 3114 2313 Antiochia:
3143 2255 3433 2311 Theodoro

1859 2356 2185 2427 cognomine
2216 2353 2532 2416 Balsamon,
2568 2350 2726 2405 factae
2756 2347 3144 2416 responsiones
3171 2345 3236 2399 ad
3269 2345 3436 2400 inter—

1860 2448 2176 2517 rogationes
2208 2446 2321 2516 ('55)
2355 2443 2542 2508 Marci,
2577 2438 2917 2496 sanctissimi
2960 2436 3303 2492 Alexandriae
3335 2450 3433 2506 pa-

1860 2538 2137 2602 triarchae,
2159 2532 2581 2604 comperiantur
2605 2530 2878 2600 quasdam
2909 2526 3377 2597 transgressiones
3406 2524 3436 2565 ⁸

1863 2629 2046 2685 facere
2069 2629 2122 2682 in
2142 2625 2426 2682 canonicis
2443 2632 2496 2678 et
2517 2621 2774 2676 civilibus
2794 2615 3286 2673 constitutionibus
3321 2632 3334 2667 :
3364 2628 3433 2668 an

1865 2722 1932 2777 iis
1972 2718 2357 2776 adhaerendum
2385 2716 2475 2781 sit,
2518 2712 2724 2768 necne?

1931 2915 2051 2970 Res.
2072 2912 2292 2968 Divinus
2311 2910 2401 2965 ille
2415 2908 2518 2972 vir,
2534 2903 2836 2960 Antiochia:
2852 2901 3185 2972 patriarcha,
3205 2915 3435 2970 magnus

1860 3009 2078 3079 quidem
2112 3014 2230 3062 erat
2264 3003 2510 3059 civilium
2539 3006 2595 3054 et
2647 2995 3038 3051 canonicarum
3076 2993 3433 3048 constitutio-

1863 3117 1990 3157 num
2031 3107 2325 3161 veterator,
2341 3107 2396 3153 et
2428 3096 2497 3151 ab
2525 3096 2779 3150 omnibus
2814 3088 2872 3134 3"
2896 3096 2950 3148 in
2975 3091 3061 3144 his
3082 3088 3392 3144 celebratus
3419 3105 3432 3140 :

1861 3192 1980 3261 ejus
2009 3202 2190 3246 autem
2215 3190 2444 3260 scripta,
2474 3202 2596 3260 qua:
2632 3189 2698 3243 ad
2730 3189 2996 3244 canonica
3037 3193 3092 3242 et
3123 3184 3304 3239 civilia
3336 3197 3434 3254 po-

1865 3284 2064 3340 stulata
2097 3283 2122 3322 ιι
2149 3282 2291 3337 edita
2329 3290 2481 3348 sunt,
2521 3295 2630 3335 non
2657 3281 2710 3335 in
2742 3279 3019 3340 omnibus,
3052 3275 3196 3347 quod
3232 3275 3433 3328 mirum

182 3370 244 3423 τδ
268 3372 380 3424 πᾶν
409 3371 696 3439 ἀκριϐείας
728 3373 965 3443 ιχόμενα
999 3375 1449 3442 καταφαίνονται,
1485 3376 1548 3428 τὸ
1580 3377 1750 3446 παρά-

1863 3384 1983 3441 est,
2030 3379 2441 3430 accurationem
2472 3373 2675 3428 habere
2727 3379 3032 3426 cernuntur
3067 3388 3080 3424 ι
3131 3367 3229 3424 sed
3264 3366 3432 3421 veluti

179 3461 330 3526 δοξον
352 3479 365 3490 ·
404 3461 521 3515 ἀλλ’
553 3462 867 3534 ὡσπερανεὶ
895 3466 958 3518 ὲκ
983 3464 1155 3535 λήθης
1193 3465 1431 3534 μάλιστα
1487 3465 1582 3519 καὶ
1618 3483 1758 3537 παρ-

180 3554 427 3622 οράσεως
465 3555 746 3623 προϊόντα,
785 3555 877 3609 καί
909 3571 1012 3608 που
1047 3557 1143 3609 καὶ
1168 3557 1256 3625 ἐφ’
1287 3557 1478 3610 ἑαυτὸν
1522 3557 1744 3627 μεριζό-

183 3661 350 3710 μενα·
380 3645 476 3698 καὶ
500 3645 601 3698 οὐκ
635 3645 702 3700 ἀν
727 3661 811 3709 τις
858 3645 1098 3714 ὲφιστῶν
1139 3646 1376 3710 τούτοις,
1415 3647 1515 3700 οὐκ
1545 3649 1756 3718 ἀπορή-

184 3752 352 3800 σειεν,
408 3737 682 3807 εὑρίσκων
734 3741 801 3808 τῇ
855 3739 1067 3791 ἐκείνου
1121 3739 1379 3808 ἀκριϐείᾳ
1434 3740 1503 3793 τὰ
1561 3740 1756 3792 ἑαυτοῦ

184 3829 597 3920 συγγράμματα
621 3829 698 3898 μὴ
722 3831 1103 3920 συντρέχοντα.
1155 3829 1297 3897 Ἐγὼ
1345 3831 1403 3882 δὲ
1428 3831 1518 3883 καὶ
1555 3831 1756 3895 ζῶντος

182 3919 395 3972 ἐκείνου
430 3919 643 3972 πολλῶν
673 3919 738 3972 ὲν
784 3921 1358 3976 Κωνσταντινουπὸλει
1402 3922 1756 3992 νομοτριϐου-

183 4013 366 4078 μένων
411 4012 646 4080 ἀκήκοα,
680 4013 1206 4083 ἐπιλαμϐανομένων
1239 4015 1401 4069 τινῶν
1441 4015 1534 4069 τοῦ
1563 4016 1757 4085 ἀνδρὸς

179 4103 391 4154 ἐκείνου
416 4103 946 4174 γνωμοδοτημάτων,
976 4105 1053 4168 ὡς
1082 4106 1158 4176 μὴ
1193 4107 1336 4160 κατά
1359 4110 1554 4178 μοῖραν
1579 4107 1757 4173 ἐξενεο

182 4193 442 4260 χθέντων,
483 4193 540 4244 ἓν
568 4211 624 4246 τε
655 4196 897 4249 κανόνων
930 4197 1273 4267 ἑρμηνείαις,
1298 4199 1394 4251 καὶ
1426 4200 1626 4268 νέμων,
1660 4199 1757 4252 καὶ

180 4283 368 4348 ἄλλοις
424 4287 649 4339 τοιοῖσδε
695 4286 1059 4357 συντάγμασι.
1110 4290 1371 4344 Λείπεται
1420 4290 1514 4344 οὖν
1580 4293 1756 4345 εἰπεῖν

182 4376 330 4445 ἡμᾶς
360 4375 505 4428 κατά
532 4376 686 4445 λόγον
716 4379 925 4442 εἰκότα,
961 4380 1036 4444 ὡς
1064 4381 1135 4434 τὰ
1172 4383 1436 4452 εἰρημένα
1467 4383 1756 4452 συγγράμ-

185 4483 334 4535 ματα
355 4468 562 4519 ἐκεῖνον
597 4467 994 4536 ἀναγινώσκειν
1038 4471 1238 4540 χρεὼν,
1272 4471 1365 4524 τὸν
1418 4472 1665 4542 ἀκριϐῶς
1696 4472 1757 4526 eo

180 4557 546 4628 πολυσχεδὲς⁸
574 4558 672 4628 τῆς
691 4561 921 4630 νοιμκῆς
943 4562 1329 4631 ἐπιστάμενον,
1351 4563 1760 4634 καὶέπιστημόν

178 4666 284 4711 νως
315 4651 429 4712 ταῖς
444 4650 776 4704 πολυειδέσιν
809 4650 1132 4717 ἑλίξεσιτῶν
1159 4653 1458 4706 κανονικῶν
1476 4656 1754 4723 ἐγγυμνα-
1789 4698 1832 4746 η

180 4741 420 4810 σαμενον
440 4742 801 4812 περιλήψεων.
835 4743 894 4796 '0
926 4743 1168 4807 τοιοῦτος
1193 4745 1436 4816 ἀκριϐῶς
1458 4745 1668 4799 εἴσεται
1694 4747 1756 4799 τό
1792 4735 1809 4752 ⁸

178 4849 235 4886 τε
265 4833 674 4904 ἀνεπιλήπτως.
709 4837 802 4889 καὶ
826 4836 887 4889 τὸ
911 4838 986 4908 μὴ
1014 4837 1274 4902 ὡσαύτως
1305 4841 1362 4890 ἐν
1381 4839 1588 4900 τούτοις
1613 4855 1753 4906 γρα-

181 4926 350 4996 φῆναι
386 4927 736 4996 φαινόμενον.
763 4929 866 4982 Τόν
889 4946 952 4996 γε
987 4929 1094 5000 μὴν
1133 4931 1208 5000 μὴ
1243 4933 1501 5000 τοιαύτην
1521 4932 1750 5001 αὐχοῦν-

179 5031 247 5070 τα
285 5018 500 5089 πεῖραν,
536 5017 799 5089 μηδαμῶς
833 5019 1014 5083 αὐτοῖς
1063 5020 1274 5089 ὁμιλεῖν
1301 5037 1313 5050 ·
1370 5021 1457 5075 ἵνα
1490 5022 1566 5092 μὴ
1604 5023 1747 5076 κατὰ

1859 3481 1924 3522 ex
1963 3465 2235 3521 oblivione
2262 3465 2495 3520 maxime
2540 3472 2594 3519 et
2628 3462 3098 3518 inconsiderantia
3131 3458 3434 3530 proceden-

1861 3558 1954 3623 tia,
1987 3557 2114 3612 alibi
2139 3559 2305 3612 etiam
2340 3558 2393 3612 in
2425 3557 2624 3626 scipsis
2653 3556 2852 3610 divisa.
2877 3554 2988 3609 Nec
3018 3553 3085 3609 de
3107 3568 3171 3607 eo
3196 3551 3432 3615 dubitet,

1860 3651 1953 3719 qui
1978 3649 2271 3719 diligenter
2300 3648 2692 3715 considerarit,
2729 3646 3017 3702 inveniens
3070 3644 3189 3713 ejus
3226 3643 3430 3719 scripta

1859 3743 2158 3814 diligentia:
2197 3745 2210 3783 ἱ
2246 3757 2354 3796 non
2423 3741 2835 3811 respondentia.
2871 3738 2983 3808 Ego
3032 3745 3213 3791 autem
3269 3718 3433 3791 etiam

1859 3834 1953 3888 illo
1979 3834 2100 3887 vivo
2124 3834 2327 3890 multos
2347 3832 2529 3886 audivi
2555 3829 3030 3904 Constantinopoli
3066 3829 3434 3899 lcgisperitos,

1859 3926 1950 3996 qui
1996 3929 2261 3996 quasdam
2316 3924 2418 3980 viri
2481 3925 2632 3978 illius
2685 3921 3021 3994 opinioncst’
3063 3920 3433 3992 reprehende-

1859 4026 2000 4082 rent,
2056 4017 2202 4087 quod
2249 4031 2358 4072 non
2405 4023 2590 4070 essent
2649 4022 2797 4069 recte
2850 4014 3067 4069 emissae
3101 4012 3125 4051 ιε
3164 4013 3216 4065 in
3269 4026 3434 4066 cano-

1859 4125 1990 4164 num
2033 4117 2087 4164 et
2127 4109 2304 4179 legum
2355 4105 2928 4178 interpretationibus,
2977 4116 3030 4159 ct
3075 4103 3200 4158 aliis
3237 4102 3432 4171 hujus-

1859 4199 2006 4255 modi
2062 4199 2456 4254 voluminibus.
2529 4199 2718 4254 Restat
2789 4197 2977 4266 igitur,
3042 4204 3099 4249 ut
3151 4192 3433 4249 verisimili

1861 4297 2069 4350 ratione
2098 4294 2366 4357 dicamus,
2425 4293 2683 4362 praedicta
2715 4291 2918 4361 scripta
2942 4289 3012 4344 ab
3037 4304 3101 4343 eo
3132 4289 3233 4358 legi
3268 4300 3429 4355 oporo

1861 4396 1995 4451 tere,
2017 4386 2111 4455 qui
2136 4391 2324 4440 exacte
2355 4381 2811 4454 jurisprudentia:
2836 4379 3298 4450 multiplicitatem
3333 4391 3434 4430 no-

1860 4477 1959 4544 vit,
1995 4477 2127 4532 etin
2165 4476 2333 4530 variis
2365 4474 2757 4528 canonicornm
2801 4481 3044 4526 textuum
3086 4467 3430 4522 anfractibus

1859 4567 2020 4622 docte
2066 4567 2402 4622 exercitatus
2451 4573 2558 4620 est.
2611 4563 2762 4618 Talis
2823 4563 2907 4616 vir
2961 4567 3216 4615 accurate
3271 4559 3428 4622 sciet,

1861 4659 1988 4729 quid
2018 4667 2168 4712 extra
2195 4656 2698 4726 reprehensionem,
2725 4654 2855 4724 quid
2884 4667 2990 4707 non
3011 4667 3074 4706 eo
3105 4650 3266 4705 modo
3293 4649 3432 4704 scri-

1861 4761 2013 4822 ptum
2043 4757 2324 4820 appareat.
2373 4748 2509 4802 Eum
2554 4762 2708 4812 sane,
2739 4746 2832 4815 qui
2867 4745 2960 4800 tali
3006 4760 3113 4800 non
3165 4741 3431 4814 glorietur

1859 4841 2216 4912 experientia,
2274 4840 2425 4895 nullo
2469 4838 2633 4894 modo
2665 4853 2788 4893 cum
2827 4837 2894 4892 iis
2947 4833 3209 4906 congredi
3267 4846 3430 4901 opor-

1859 4945 1933 4990 tet
1979 4933 2022 5000 ι,
2056 4948 2124 4988 ne
2155 4931 2374 4987 rudium
2412 4938 2782 4986 mercatorum
2810 4943 2986 4988 more.
3022 4928 3076 4981 in
3103 4924 3222 4980 auri
3253 4930 3308 4978 et
3341 4939 3428 4977 ar-

1852 5026 2000 5097 genti
2031 5025 2264 5095 specicm
2285 5023 2634 5090 habentibus,
2660 5027 2713 5076 et
2745 5019 3052 5085 subteratis,
3081 5032 3144 5073 ac
3179 5003 3424 5072 stanneis

1409 5156 1644 5212 VARle
1707 5158 2106 5217 LECTlONES.

247 5246 266 5276 ⁷
298 5243 368 5297 τε
382 5242 490 5296 τῶν
521 5243 779 5315 νομικῶν.
854 5245 1231 5317 ⁸πολυσχιδὲς.

248 5370 273 5398 ι
307 5358 517 5411 liberos.

176 5505 310 5565 quod
345 5501 504 5568 cupis
527 5513 590 5549 ea:
625 5514 704 5552 me
754 5501 1220 5568 commodicapcre.
1305 5514 1327 5539 ε
1365 5502 1634 5555 dedicata.

180 5637 389 5691 tentias.
474 5637 499 5675 ¹ί
535 5637 774 5706 prolata'.

859 5643 873 5677 ι
912 5640 966 5692 in
1019 5642 1096 5695 eis
1141 5643 1342 5694 versari
1409 5651 1636 5710 oportet.

595 5357 623 5397 ιι
658 5375 744 5412 eos
802 5357 1077 5427 docebant,
1119 5371 1175 5414 ut
1212 5361 1422 5428 pietatis
1477 5373 1733 5425 praetextu
1783 5374 1970 5419 totam.

178 5427 509 5502 recusabtte,
566 5430 803 5498 quodque
858 5442 1027 5502 posset
1090 5435 1164 5484 eis
1213 5427 1530 5500 ’ablegendis
1607 5436 1836 5502 sufﬁcere

252 5505 310 5579 ert
345 5505 505 5579 cupis.
527 5513 606 5579 ea}.
625 5514 704 5552 me
729 5505 1220 5579 .commodicapcre.
1305 5514 1327 5539 ε
1365 5505 1634 5555 dedicata.
1717 5505 1735 5542 ί
1779 5507 1820 5557 Α
1861 5506 2026 5559 beata!
2058 5507 2343 5559 memoriat.

176 5568 384 5638 quidem
420 5567 689 5638 subtiliter
721 5568 891 5638 legum
940 5581 985 5622 et
1015 5567 1275 5624 canonum
1308 5581 1532 5633 statuta,
1565 5581 1613 5626 et
1663 5584 1739 5629 est
1775 5575 1839 5629 ab
1872 5576 2134 5629 omnibus.

2050 5377 2072 5404 ο
2111 5375 2281 5419 tamen
2333 5366 2410 5420 sic
2474 5383 2560 5420 eos
2621 5364 2951 5422 erudiebant,
3021 5369 3099 5415 ut.
3175 5359 3199 5398 ά
3236 5369 3286 5413 et
3347 5363 3415 5414 ir-

1903 5451 1920 5488 :
1984 5434 2197 5489 Corban
2265 5445 2381 5501 est,
2431 5436 2486 5489 id
2551 5445 2648 5498 est,
2701 5451 2890 5488 unmus
2951 5431 3056 5485 Deo
3105 5428 3424 5491 dedicatum,

2462 5507 2870 5577 Iidr'gv'essioncs.
2984 5505 3014 5577 F
3044 5503 3309 5577 tractabat
3335 5501 3424 5554 ille

2211 5577 2236 5615 ιι
2268 5568 2579 5630 ίεηιηιαια.’
2663 5579 2672 5614 ί
2706 5575 2991 5630 subtilitati
3019 5574 3136 5627 viri.
3258 5568 3273 5620 i
3305 5587 3425 5624 seu...

1669 5733 1876 5790 ΝΟΤίΕ

253 5818 362 5882 (55‘
395 5818 486 5874 Hic
546 5827 671 5874 sunt
725 5822 916 5877 ultimo
971 5824 1090 5878 loco
1132 5827 1322 5887 twn-sitm
1377 5828 1428 5882 in
1482 5828 1583 5883 hoc
1622 5829 1735 5886 ius.)
1778 5829 1916 5883 libro
1951 5826 2111 5885 (infra
2141 5825 2244 5881 col.
2289 5823 2463 5884 l05ll.
