4188 6446
176 412 315 477 1001

1444 412 2156 475 ΟἰὶᾸΞΟΟ-ΒΟΜᾹΝΗΜο

3306 426 3439 487 1002

177 533 343 593 σξαις.
385 530 506 583 Τῶν
545 529 601 584 δέ
636 528 892 583 τοιούτων
920 529 1038 583 οὐδὲ
1084 530 1138 584 αἱ
1188 532 1496 600 προσφοραὶ
1543 529 1751 595 δεκταί,

1863 514 1969 583 Sed
1997 535 2051 581 ct
2078 529 2169 597 qui
2192 528 2257 582 ad
2288 541 2352 583 ea
2384 528 2727 584 observanda
2750 532 3197 606 emendandaque
3216 535 3441 609 mdepu-

171 625 277 683 ἱως
308 624 376 677 ἂν
400 620 821 693 διορθώσωνται.
866 621 1027 675 ’Δλλά
1066 621 1158 675 καὶ
1187 623 1235 675 οί
1266 621 1684 691 ἐπιτεταγμένοι
1707 623 1752 653 ³³

172 715 459 783 ἐπιτηρεῖν
490 713 556 767 τὰ
595 711 842 780 τοιαῦτα,
874 714 969 767 καὶ
1010 712 1278 781 διορθοῦν,
1320 716 1370 767 εἰ
1419 712 1494 783 μὴ
1545 712 1753 765 τοιοῦτο

173 808 413 872 ποιοῦσι,
471 806 568 859 καὶ⁵
615 806 769 858 αὐτοὶ
805 808 915 870 τοῖς
967 807 1133 877 ἰεροῖς
1187 807 1404 860 κανόσιν
1458 804 1751 859 ὑπεύθυνοι

172 901 439 967 γίνονται.
490 899 553 951 Εἰ
585 898 641 952 δέ
672 915 758 960 τις
789 898 1014 968 εὐπορεῖ
1043 898 1160 960 ἐνὸς
1198 898 1386 952 δούλου
1420 898 1452 969 ἢ
1489 896 1749 962 δουλίδος,

170 994 374 1063 ἀπορεῖ
419 993 475 1046 δέ
508 993 693 1061 ἕτερον
724 992 1055 1063 κτήσασθαι,
1091 990 1227 1061 πρὸς
1260 992 1321 1044 τὸ
1366 990 1622 1057 συζεῦξαι
1656 990 1754 1044 αύ-

168 1085 320 1145 τοὺς,
350 1084 443 1135 καὶ
473 1081 561 1134 διὰ
589 1081 745 1135 τοῦτο
772 1083 1023 1152 ἀνέχεται
1050 1080 1109 1134 ὃν
1134 1082 1244 1152 ἔχει
1273 1081 1319 1114 ³⁸
1359 1082 1462 1135 ὑπὸ
1490 1082 1589 1151 τὴν
1615 1080 1752 1134 ἰδίαν

170 1173 446 1237 ἐξουσίαν,
489 1175 620 1227 ἴστω
654 1173 730 1236 ὡς
770 1171 930 1227 τοῦτο
958 1173 1058 1227 ούκ
1103 1173 1355 1227 ἐκϐάλλει
1406 1173 1608 1236 αὐτοὺς
1653 1173 1750 1242 τῆς

172 1264 633 1333 ἐκκλησιαστικῆς
678 1264 773 1316 καὶ
821 1264 1111 1333 κανονικῆς
1158 1265 1566 1334 ἐπιτιμήσεως·
1617 1252 1751 1317 ἀλκὰ

172 1352 266 1403 καὶ
312 1352 479 1415 αὐτὸς
509 1351 779 1414 παντοίως
812 1351 1069 1405 αἰτείσθω
1092 1351 1137 1383 ³⁵
1180 1349 1391 1414 διδάξαι
1436 1348 1527 1401 τὸν
1554 1350 1750 1401 οἰκεῖον

170 1443 393 1511 οἰκέτην
428 1445 747 1512 σωφρονεῖν,
782 1443 815 1514 ἢ
866 1442 1109 1496 κωλύσαι
1136 1443 1180 1475 ³⁸
1219 1443 1319 1512 τὴν
1367 1440 1625 1511 πορνείαν
1662 1440 1751 1493 διὰ

170 1535 379 1604 τρόπου
416 1534 636 1598 παντὸς,
698 1534 864 1604 γάμῳ
915 1534 1064 1597 ὅπως
1111 1533 1310 1603 δήποτε
1369 1531 1633 1596 συζεύξας
1690 1532 1750 1585 τὸ

172 1624 439 1694 πορνεῦον
466 1625 764 1695 πρόσωπον
785 1638 800 1653 ⁸
830 1629 923 1677 καὶ
953 1624 1124 1689 οὕτως
1159 1624 1300 1679 ἔστω
1328 1624 1619 1688 ἀνεύθυνος
1645 1623 1713 1677 ³⁷.

251 1716 316 1769 Ἡ
372 1717 707 1787 ὑπογραφίγ
762 1716 821 1769 '0
893 1717 1292 1788 μητροπολίτης
1353 1716 1752 1786 Θεσσαλονίκης

172 1808 442 1878 Νικήτας.

1859 624 1956 677 tati
1981 632 2112 678 sunt
2138 632 2186 690 η,
2214 625 2321 680 nisi
2345 624 2397 679 id
2419 624 2675 690 iecerint,
2698 629 2872 684 sacris
2895 632 3203 689 canonibus
3217 633 3441 689 obnoxii

1855 723 2043 769 erunt.
2101 714 2257 781 Quod
2316 718 2364 772 si
2420 718 2507 772 cui
2548 719 2621 774 sit
2656 719 2890 777 facultas
2941 722 3173 779 habendi
3219 742 3440 783 servum

1858 821 2049 872 unum,
2096 808 2174 861 vel
2218 809 2497 872 ancillam.
2530 812 2675 867 desit
2720 822 2903 869 autem
2951 814 3185 873 facultas
3213 821 3442 876 alterius

1855 900 2234 970 comparandi,
2259 908 2317 956 ut
2343 916 2442 958 eos
2456 904 2835 975 conjungat,et
2861 908 2931 964 ob
2961 909 3015 965 id
3052 911 3295 983 indulget
3320 918 3369 969 ei
3392 925 3439 981 ο,

1854 1005 2014 1059 quem
2042 990 2097 1046 in
2138 1006 2235 1047 sua
2274 1002 2548 1063 potestate
2582 995 2746 1052 habet
2783 1014 2796 1051 :
2830 1001 2971 1054 sciat
3001 1000 3151 1072 ipsos
3179 1018 3288 1060 non
3320 1006 3444 1062 ideo

1853 1081 2079 1138 liberari
2107 1084 2178 1139 ab
2204 1085 2585 1141 ecclesiastica
2610 1098 2664 1142 et
2685 1092 2951 1145 canonica
2974 1108 3229 1152 censura.
3262 1095 3367 1152 Sed
3391 1106 3447 1153 et

1854 1172 1969 1241 ipse
1986 1172 2213 1228 omnino
2242 1181 2460 1229 tenetur
2481 1176 2680 1233 docere
2709 1193 2933 1234 servum
2966 1198 3124 1238 suum
3154 1187 3445 1244 continen-

1853 1270 1935 1317 ter
1952 1263 2136 1334 agere,
2164 1272 2261 1319 aut
2290 1266 2441 1320 omni
2473 1268 2635 1323 modo
2662 1270 3052 1327 scortationem
3082 1276 3373 1344 prohibere
3391 1288 3440 1343 Ρ,

1852 1353 2058 1421 nuptiis
2084 1363 2364 1424 utcunque
2386 1356 2729 1427 conjungens
2757 1369 3087 1419 scortantem
3108 1380 3399 1436 personam
3423 1387 3438 1436 ;

1852 1451 2019 1513 atque
2056 1445 2131 1498 ita
2166 1456 2322 1501 extra
2356 1448 2575 1519 culpam
2601 1458 2720 1505 esto
2748 1461 2798 1505 ιι.

1926 1696 2271 1771 Snbscriplio
2305 1720 2317 1755 :
2353 1700 2573 1761 Nicetas
2628 1708 3087 1779 metropolitanus
3142 1713 3440 1774 Thcssalo-

1856 1803 2011 1842 ΠΙΩὲΙὲ.

185 1922 535 1989 ἰ’ῗρωτήσεις
565 1924 660 1977 καί
709 1924 1060 1992 ἀποκρίσεις
1100 1923 1391 1992 διάφοροι,
1445 1924 1751 1991 γενόμεναι

1861 1898 2312 1992 Ιηιςνιςοααιίοιεεε
2342 1916 2390 1959 et
2423 1910 2785 1992 responsiones
2816 1916 3056 1992 diversa',
3091 1935 3123 1970 α
3154 1924 3314 1975 variis
3346 1941 3443 1979 an-

242 1997 405 2078 καρὰ
444 1995 743 2078 διαφόρων·
775 1995 1097 2078 ἀρχιερέωρ⁸
1129 1996 1280 2062 πρὸς
1326 1995 1432 2078 spy-
1461 1994 1757 2078 χᾳρτοφιξ-

238 2068 405 2116 λακα
434 2066 642 2131 κύριον
670 2066 957 2132 Νικήταν,
1010 2066 1117 2118 τὸν
1165 2067 1453 2132 γεγονότα
1484 2066 1756 2132 ἀρχιεπί-

239 2151 483 2187 σκοποι·
512 2133 625 2202 τῆς
645 2138 1073 2202 μητροπόλεως
1113 2135 1593 2202 Θεσσαλονίκης.

251 2251 574 2318 Ἐρώτησις
605 2251 822 2319 πρώτη.
855 2251 1109 2313 Διάκονος
1135 2249 1481 2319 ὀφφικιάλιος
1516 2268 1753 2321 κατηγο-

176 2342 382 2409 ρηθεὶς,
423 2344 504 2395 ὃτι
549 2340 827 2413 προέδωκέ
870 2358 922 2393 τι
967 2341 1223 2411 ἀκίνητον
1273 2342 1371 2411 τῆς
1407 2340 1752 2411 Ἐκκλησίας,

173 2433 481 2503 ἐπετιμήθη
515 2432 667 2504 παρά
708 2431 801 2485 τοῦ
854 2432 1253 2502 μητροπολίτου
1276 2448 1291 2463 ·
1345 2429 1694 2500 ἐτελεύτησεν
1729 2430 1756 2480 ὁ

177 2526 600 2596 μητροπολίτης,
632 2520 795 2594 ἦλθεν
819 2527 845 2577 ὁ
878 2523 1085 2593 ἔτερος,
1118 2524 1211 2576 καὶ
1242 2524 1389 2575 εἴασε
1411 2522 1598 2576 τοῦτον
1637 2523 1758 2574 ἐπι-

174 2615 541 2685 τετιμημένον
561 2631 573 2642 ’
608 2614 702 2668 καὶ
730 2614 921 2684 ἐρωτῶ
949 2616 997 2667 εἰ
1031 2615 1257 2667 δυνατόν
1290 2615 1405 2666 ἐστι
1437 2611 1625 2665 τοῦτον
1659 2612 1753 2665 λυ-

176 2706 330 2776 θῆναι
361 2707 496 2776 παρ’
526 2706 685 2777 ἡμῶν
716 2705 808 2758 τοῦ
848 2705 1149 2775 ἐπιτιμίου.

250 2799 569 2867 Ἐρώτησις
634 2798 701 2868 β’.
745 2798 1051 2868 Κληρικὸς,
1100 2797 1280 2850 λαϐὼν
1350 2798 1603 2865 γυναῖκα,
1663 2797 1752 2848 καὶ

179 2892 657 2961 μνηστευσάμενος
677 2889 870 2959 αὐτὴν,
896 2890 991 2942 καὶ
1016 2889 1112 2950 τὰς
1141 2889 1307 2959 εύχάς
1333 2889 1434 2957 τῆς
1460 2887 1753 2958 μνηστείας

176 2984 486 3054 δεξάμενος,
512 2981 826 3050 συνεγένετο
856 2981 1048 3053 ταύτῃ.
1082 2976 1217 3035 Εἶτα
1260 2980 1641 3052 ἐχειροτονήθη
1675 2979 1753 3030 ἱε-

180 3075 319 3141 ρεὺς,
350 3073 592 3137 ἐλπίζων
622 3074 703 3127 ὅτι
737 3075 793 3126 αἰ
824 3073 981 3142 εὐχαὶ
1020 3075 1116 3142 τῆς
1167 3073 1462 3143 μνηστείας
1492 3071 1751 3142 ἀρκοῦσιν

176 3168 246 3226 εἰς
280 3165 481 3235 γάμον,
516 3163 838 3232 ἀγνοοῦντος
884 3166 977 3216 καὶ
1022 3163 1114 3215 τοῦ
1163 3163 1487 3233 ἀρχιερέως,
1528 3164 1609 3215 ὅτι
1650 3164 1751 3215 οὐκ

1928 1975 2186 2049 tistitibns
2236 1976 2398 2049 factm
2441 1975 2541 2049 ,αα
2598 1981 2871 2036 dominum
2927 1975 3172 2042 Nicetam
3234 1975 3445 2049 charta-

1929 2045 2229 2127 phqlacem,
2259 2048 2349 2115 qui
2369 2047 2471 2114 fuit
2495 2050 2922 2121 archiepiscopus
2942 2062 3247 2127 metropolis
3284 2045 3444 2120 Thcs-

1928 2117 2213 2171 salonices.

1931 2228 2291 2302 Interrogatio
2352 2237 2547 2303 prima.
2608 2235 2884 2296 Diaconus
2942 2243 3221 2314 oﬂicialis,
3277 2265 3443 2307 accu-

1858 2328 2050 2387 satus,
2098 2325 2242 2392 quod
2301 2340 2395 2394 per
2449 2329 2813 2387 collusionem
2870 2336 3118 2393 amiserit
3172 2355 3285 2397 rem
3342 2344 3444 2400 Ec-

1856 2410 2040 2465 clesia:
2072 2411 2427 2484 immobilem,
2461 2432 2711 2475 censura:
2739 2424 3442 2503 ecclesiasticmsubjectus

1856 2514 1940 2559 est
1974 2520 2002 2559 a
2038 2510 2461 2577 metropolitano
2492 2528 2507 2567 :
2548 2513 2683 2568 obiit
2712 2520 3185 2587 mctropolitanus,
3222 2539 3443 2585 succes-

1857 2597 1928 2663 sit
1971 2599 2132 2665 alius,
2169 2600 2258 2670 qui
2292 2616 2416 2655 eum
2450 2605 2502 2657 in
2546 2608 2725 2674 pronis
2757 2624 2880 2664 esse
2911 2612 3061 2666 sivit.
3102 2613 3321 2682 Quaero,
3369 2634 3438 2672 an

1856 2688 1944 2744 hic
1985 2705 2014 2743 a
2046 2691 2206 2747 nobis
2251 2708 2412 2763 poena
2444 2697 2650 2753 absolvi
2692 2703 2884 2770 possit.

1930 2779 2125 2836 Interr.
2145 2784 2199 2837 2.
2224 2783 2469 2841 Clericus
2490 2805 2712 2845 uxorem
2734 2795 2963 2863 ducens,
2982 2798 3299 2866 precatione
3318 2809 3440 2856 tan-

1858 2882 1970 2927 tum
1987 2879 2393 2945 sponsaliorum
2419 2893 2698 2952 suscepta,
2722 2902 2844 2939 cum
2869 2903 2929 2942 ea
2961 2904 3289 2960 congressus
3310 2905 3395 2950 est
3421 2911 3435 2948 :

1854 2965 2050 3022 deinde
2085 2981 2306 3024 creatus
2334 2980 2418 3027 est
2454 2976 2737 3042 sacerdos,
2765 2977 3000 3034 credens
3032 2985 3435 3050 sponsaliorum

1855 3075 2049 3130 preces
2078 3062 2144 3117 ad
2176 3065 2397 3133 nuptias
2428 3068 2699 3134 sutlicere,
2734 3085 2856 3124 cum
2890 3074 3120 3131 antistes
3162 3077 3440 3146 ignoraret

1857 3154 2127 3221 perfectas
2152 3157 2371 3226 nuptias
2395 3174 2503 3214 non
2533 3159 2704 3217 fuisse
2734 3173 3075 3224 contractas.
3114 3167 3310 3226 Postea
3335 3188 3440 3227 nu-

177 3228 387 3322 ἐγένετο
437 3228 640 3320 τέλειος
677 3256 852 3325 γάμος
875 3294 889 3309 .
942 3254 1096 3308 Μετὰ
1127 3228 1285 3307 τούτο
1326 3228 1486 3308 ἔλαϐε
1531 3254 1748 3318 καὶτὰς

1858 3246 2092 3314 ptiarum
2149 3250 2311 3304 etiam
2364 3254 2735 3321 precationem
2796 3261 3027 3329 accepit.
3088 3261 3304 3330 Quaero,
3367 3281 3435 3319 an

178 3348 332 3417 εὐχὰς
369 3346 467 3400 τοῦ
499 3348 712 3416 γςίὶμου⁹
749 3347 842 3400 καὶ
875 3346 1063 3416 ἐρωτῶ
1100 3348 1147 3398 εί
1187 3346 1392 3414 ὀφείλει
1423 3347 1744 3417 ἱερουργεῖν,

177 3440 206 3507 ἧ
259 3439 521 3510 στῆναιη
556 3439 651 3508 τῆς
704 3438 1052 3510 ἱερουργίας,
1098 3438 1129 3508 ἢ
1177 3433 1566 3509 ἐπίτιμηθῆνειι
1614 3438 1749 3507 προς

178 3532 372 3602 καιρόν.

251 3623 569 3691 Ἐρώτησις
603 3628 674 3690 γ’.
720 3622 778 3675 Ὀ
818 3622 1297 3693 ὁευτερογαμήσας
1358 3624 1650 3687 δεποτάτος
1700 3624 1747 3675 εἰ

175 3712 368 3781 ﬁssile:
412 3714 474 3767 ἐν
506 3714 583 3783 τῷ
632 3712 808 3784 καιρῷ
848 3713 947 3783 τῆς
1003 3715 1210 3768 εἰσόδου
1260 3716 1644 3770 συνεισοδεύειι
1672 3716 1747 3786 τῷ

178 3806 431 3875 ἀρχιερεῖ.

258 3899 603 3967 Ἀπόκρισις
637 3900 857 3967 πρώτη.
919 3898 977 3951 '0
1014 3900 1448 3970 κατηγορηθεὶς,
1503 3902 1610 3953 εἴτε
1655 3902 1745 3954 καὶ

179 3989 373 4056 ἁπλῶς,
404 3992 517 4043 εῖτε
548 3989 643 4043 καὶ
674 3990 816 4043 κατά
856 3990 1054 4060 νόμους
1085 3990 1395 4062 διαὸληθεὶς
1434 3992 1527 4044 ἐπὶ
1557 3995 1621 4063 τῇ
1650 3991 1743 4045 τοῦ

180 4083 445 4151 κτήματος
476 4083 576 4151 τῆς
628 4081 958 4150 Ἐκκλησῐας
991 4082 1272 4155 προδοσίᾳ,
1322 4084 1381 4136 ού
1416 4085 1601 4153 μέντοι
1652 4087 1745 4138 καὶ

177 4174 468 4244 ἐλεγχθεὶς,
508 4176 557 4228 εἰ
594 4176 688 4228 καὶ
729 4175 887 4245 εἰάθη
922 4176 1403 4246 ἐπι-τετιμημένος,
1447 4176 1540 4230 τοῦ
1574 4179 1746 4232 ἐπιτι-

180 4268 444 4336 μήσαντος
468 4267 631 4321 αὑτὸν
660 4266 749 4321 διὰ
778 4267 874 4336 τὴν
908 4267 1165 4337 τοιαύτην
1199 4269 1533 4339 κατηγορίαν
1558 4270 1743 4323 τελευ-

177 4361 451 4427 τήσαντος,
489 4358 583 4412 καὶ
628 4361 780 4429 παρὰ
810 4362 919 4411 τῶν
956 4359 1075 4429 μετ’
1112 4358 1275 4413 αὑτὸν
1320 4359 1412 4412 δύο
1444 4361 1741 4431 ἀρχιερέων

179 4451 261 4502 καὶ
303 4451 384 4503 ἔτι
437 4450 897 4521 ἐπιτετιμημένος
947 4451 1113 4521 μέχρι
1158 4449 1252 4503 τοῦ
1280 4450 1411 4502 νῦνο
1467 4452 1614 4521 ὅμως
1649 4453 1742 4505 ἐὰν

1856 3338 2051 3393 debeat
2087 3355 2243 3396 sacra
2273 3342 2575 3409 celebrare,
2605 3362 2698 3402 aut
2732 3364 2762 3403 a
2793 3351 3164 3411 celebratione
3200 3356 3437 3413 desiste-

1855 3441 1936 3493 re,
1973 3438 2066 3482 aut
2102 3434 2495 3501 temporalibus
2527 3438 2706 3507 poenis
2740 3444 3007 3497 coerceri.

1925 3608 2122 3664 lnterr.
2177 3611 2229 3667 3.
2281 3614 2362 3667 An
2406 3614 2721 3685 deputatus,
2760 3620 2851 3689 qui
2907 3624 3175 3679 secundas
3214 3628 3434 3699 nuptias

1852 3705 2151 3769 contraxit,
2185 3705 2380 3762 debeat
2429 3717 2671 3780 tempore
2706 3713 2965 3771 introitus
2999 3718 3161 3775 simul
3202 3720 3435 3779 introire

1853 3809 1976 3849 cum
2009 3798 2279 3854 antistite.

1924 3886 2213 3956 Responsio
2242 3893 2435 3959 prima.
2465 3893 2567 3961 Qui
2600 3895 2884 3954 incusatus
2914 3907 2999 3955 est
3021 3940 3033 3964 ,
3072 3904 3187 3960 sive
3221 3907 3435 3979 simpli-

1851 3978 2007 4044 citer,
2040 3978 2081 4032 si
2096 3994 2153 4032 ve
2180 3981 2480 4035 secundum
2514 3984 2662 4053 leges
2690 3990 3041 4047 accusatione
3070 3978 3343 4064 instituta,
3361 4001 3433 4055 ob

1849 4068 2205 4124 collusionem
2233 4073 2297 4127 de
2329 4074 2537 4143 praedio
2561 4074 2823 4133 Ecclesia:
2851 4078 3074 4149 factam,
3110 4100 3217 4141 non
3246 4094 3431 4145 tamen

1849 4160 2010 4213 etiam
2049 4161 2355 4229 convictus,
2388 4165 2491 4219 etsi
2547 4167 2650 4221 sub
2689 4169 2867 4237 pinnis
2898 4171 3044 4234 (cum
3088 4174 3135 4230 is
3174 4177 3267 4247 qui
3299 4194 3429 4249 pro-

1849 4259 1969 4318 pter
2003 4249 2160 4304 talem
2198 4254 2603 4311 accusationem
2639 4272 2732 4312 eas
2761 4257 3118 4330 irrogaverat,
3167 4266 3239 4319 sit
3289 4283 3430 4324 mor-

1848 4343 1997 4411 tuus)
2046 4344 2269 4400 relictus
2300 4344 2483 4411 fuerit,
2518 4355 2572 4401 et
2615 4364 2644 4403 a
2691 4350 2901 4407 duobus
2925 4391 2941 4416 ,
2980 4355 3073 4425 qui
3119 4368 3242 4425 post
3276 4360 3427 4415 illum

1848 4433 2089 4498 fuerunt,
2112 4435 2470 4501 antistitibus,
2490 4438 2671 4509 sitque
2699 4441 2961 4498 hactenus
2989 4447 3091 4500 sub
3116 4448 3183 4505 iis
3207 4466 3221 4503 :
3245 4460 3427 4508 tamen

176 4538 337 4603 οὐδεὶς
375 4541 579 4611 ἐλέγχῃ
610 4542 773 4594 αὑτὸν
814 4539 933 4593 οὐδέ
970 4539 1084 4606 νῦν,
1124 4540 1247 4593 οὔτε
1278 4540 1441 4603 αὐτὸς
1488 4541 1741 4610 ὁμολογεί

1852 4527 1890 4578 si
1924 4542 2069 4581 nunc
2099 4528 2283 4582 nullus
2309 4545 2432 4583 eum
2474 4532 2787 4598 convincat,
2836 4550 2937 4589 nec
2982 4537 3215 4595 fateatur
3241 4546 3428 4613 prodi-

179 4630 264 4700 τὴν
292 4631 605 4702 προδοσίαν,
637 4631 862 4684 δύναται
884 4630 1112 4700 λυθῆναι
1142 4632 1294 4701 παρὰ
1319 4630 1413 4684 τοῦ
1437 4630 1530 4685 νῦν
1549 4634 1736 4704 ἀρχιε-

180 4721 303 4789 ρέως
346 4722 535 4786 αὑτοῦ,
584 4724 679 4776 καὶ
720 4718 860 4775 εἷναι
908 4725 966 4775 ἐν
1016 4726 1083 4793 τῇ
1133 4724 1309 4793 οἰκείᾳ
1342 4725 1611 4794 ἐνεργείᾳ,
1645 4728 1738 4777 καὶ

178 4813 399 4881 ἐνεργεῖν
434 4816 530 4869 καὶ
570 4814 635 4866 τὰ
663 4814 754 4867 τοῦ
796 4814 1047 4881 ὀφφικίου
1073 4814 1260 4868 αὐτοῦ.

237 4905 361 4959 ’Ax.
396 4906 463 4975 β’.
509 4905 567 4958 '0
613 4906 668 4959 δὲ
727 4906 792 4976 τῇ
844 4906 1020 4976 οἰκείᾳ
1070 4907 1279 4976 μνηστῇ
1337 4907 1442 4979 πρὸ
1487 4908 1583 4976 τῆς
1644 4907 1735 4960 τοῦ

178 4997 338 5065 γάμου
378 4998 684 5069 ἰερολογίας
740 4998 999 5068 κληρικδς
1057 4999 1374 5065 συναφθεὶς,
1433 5003 1482 5053 εἰ
1533 5000 1737 5071 καὶμὴ

180 5087 245 5149 ὡς
272 5091 689 5159 κλεψιγαμήσας
722 5090 1019 5154 λογίζεται,
1060 5089 1146 5143 διὰ
1176 5090 1233 5143 τὸ
1264 5091 1504 5160 νομίζειν
1530 5093 1609 5145 ὅτι
1636 5094 1734 5165 ἀρ-

178 5180 255 5231 κεῖ
293 5182 439 5252 αὐτῷ
472 5182 611 5252 πρὸς
646 5182 746 5250 τὴν
798 5180 899 5251 τῆς
932 5181 1175 5251 μνηστῆς
1222 5183 1520 5250 συνάφειαν
1575 5185 1606 5255 ἡ
1642 5185 1739 5254 τῆς

185 5272 463 5339 μνηστείας
517 5273 810 5338 συνάζιεεια⁹
849 5271 964 5324 ἀλλ’
994 5273 1076 5323 ὅτι
1123 5272 1385 5341 ἠγνόησεν
1419 5274 1554 5337 ὅλως
1594 5275 1737 5346 ἅπερ

1852 4621 2078 4684 tionem,
2106 4631 2285 4689 potest
2315 4635 2343 4672 a
2372 4636 2473 4675 suo
2508 4624 2774 4690 antistite,
2812 4627 2902 4694 qui
2939 4644 3085 4683 nunc
3114 4642 3220 4699 est,
3246 4635 3428 4691 absol—

1850 4712 1899 4763 vi
1932 4727 1946 4773 ;
1981 4721 2034 4765 et
2061 4727 2182 4767 esse
2215 4713 2267 4765 in
2303 4714 2524 4783 proprio
2582 4715 2911 4784 ministerio,
2977 4719 3263 4795 oﬂicioque
3324 4744 3426 4783 suo

1849 4802 2021 4872 fungi.

1918 4893 2071 4961 Resp.
2106 4895 2162 4950 ἓ.
2186 4895 2434 4952 Clericus
2460 4906 2666 4963 autem,
2684 4901 2919 4970 quicum
2946 4918 3043 4960 sua
3066 4921 3267 4977 sponsa
3298 4922 3425 4966 ante

1848 4990 2159 5058 nuptiarum
2185 4992 2658 5046 consecrationem
2678 4994 2832 5057 coiit,
2852 4995 2977 5050 licet
3007 5014 3115 5054 non
3135 5011 3425 5058 censeatur

1845 5084 2216 5139 clandestinas
2253 5095 2273 5122 τ
2303 5086 2645 5143 contraxisse
2689 5087 2944 5158 nUptias,
2996 5093 3121 5161 quia
3174 5094 3425 5150 subicere

1844 5177 2123 5232 existimet
2162 5177 2563 5248 sponsaliorum
2609 5180 3051 5249 conjunctionem
3100 5185 3166 5239 ad
3208 5201 3423 5255 sponsa:

1843 5274 2091 5343 c0pulam
2129 5289 2141 5323 :
2192 5271 2319 5341 quia
2371 5279 2551 5325 tamen
2592 5273 2816 5327 omnino
2865 5273 3135 5342 ignoravit
3170 5291 3257 5342 ea,
3301 5294 3422 5348 quin

1460 5438 1695 5495 VARUE
1739 5437 2144 5495 LECTIONES.

242 5580 279 5611 ³³
300 5580 347 5631 οἱ
376 5581 842 5651 ἐπιτετραμμένοι
882 5650 885 5651 ν
937 5580 1143 5651 διορᾷν.

238 5777 269 5799 ⁸
294 5769 736 5839 inspiciendoque.
814 5779 839 5807 η
870 5772 1182 5827 mandatum
1210 5774 1419 5828 habent.

476 5939 745 5999 ΡΑτιιοι..
790 5941 905 5999 Gn.
954 5941 1180 6003 CXIX.

1270 5584 1311 5615 ”
1338 5582 1593 5652 ἀνέχεται
1657 5586 1941 5656 πορνεύειν
1971 5584 2031 5636 ὃν
2081 5584 2213 5654 ἔχει,
2244 5585 2368 5655 ἣῆν
2399 5584 2532 5655 ἔχει.

187 5650 379 5702 ³⁷ἐσται
407 5649 724 5712 ἀνεύθυνος.
753 5650 900 5720 Μηνὶ
932 5649 1317 5727 Σεπτ-εμῦρίῳ,
1348 5649 1846 5725 ἐπινεμήσεωςῖακ

2611 5587 2652 5623 ³⁵
2679 5586 3009 5640 ἀπαιτεῖται.
3089 5585 3133 5616 ³⁸
3159 5583 3415 5638 κωλύσει.

1929 5655 1971 5684 ³⁸
2000 5656 2031 5723 ἢ
2061 5656 2343 5723 ἐκστῆναι.

1497 5786 1515 5805 ⁸
1547 5778 1752 5845 patitur
1784 5778 2010 5850 scortari
2056 5792 2170 5831 eum
2210 5792 2405 5850 eamne,
2447 5794 2597 5847 quem
2636 5796 2850 5850 quamve
2903 5781 2955 5833 in
2997 5798 3095 5834 sua
3162 5788 3420 5849 potestate

181 5838 334 5896 habet.
374 5838 381 5839 ί
412 5853 436 5891 P
462 5839 771 5911 prohibebit.
848 5851 875 5889 tt
901 5844 1196 5898 addendum
1230 5844 1406 5902 Mense
1421 5838 1719 5917 seoléiitbri,
1780 5849 2061 5903 indictione
2117 5864 2193 5903 ιι.

2296 5858 2316 5886 ι’
2350 5847 2592 5915 furtivas.

3014 5945 3088 6008 3'2
