4188 6446
753 444 886 507 1003

2043 443 2180 503 JUS
2220 442 2664 507 CANONICUM

3873 454 4009 517 Ιίτῦί

743 560 922 628 ipsum
952 567 1058 608 non
1087 550 1344 622 ignorare
1379 558 1644 622 eportmt,
1674 550 1743 605 ob
1773 564 1892 604 eam
1920 566 2143 608 causam
2174 569 2310 622 pne-

2420 556 2583 609 αὑτὸν
2613 558 2711 610 οὐκ
2742 558 2910 627 ἐχρῆν
2932 558 3165 626 ἀγνοεῖν,
3195 558 3280 611 διὰ
3303 558 3463 612 τοῦτο
3488 562 4009 633 προκριςιατίζεται,

738 648 1003 721 judicium
1054 645 1281 715 patitur,
1315 645 1418 699 etsi
1467 652 1589 714 post
1634 642 2058 711 ordinationem,
2093 646 2319 701 benedi-

742 745 975 800 rtionem
1006 739 1322 811 nuptiarum
1350 737 1674 807 susceperit.
1705 736 1825 793 Duo
1846 740 1990 793 enim
2021 740 2315 809 ignoravit,

740 844 791 889 et
824 834 995 889 solam
1024 832 1429 903 sponsaliorum
1454 831 1821 899 precationem
1846 846 1951 887 non
1978 831 2226 889 sullicere
2251 833 2315 887 ad

739 914 1017 997 copulam,
1050 934 1103 979 et
1124 930 1247 993 post
1277 921 1680 977 ordinationem
1718 923 2100 980 benedictione
2127 924 2316 994 conju-

740 1016 846 1086 gali
897 1028 1007 1069 non
1074 1012 1277 1066 initiari
1335 1028 1687 1083 quemquam.
1737 1013 1923 1067 Dicam
1975 1021 2029 1067 et
2074 1014 2315 1082 tertium,

742 1106 1009 1160 neminem
1044 1104 1136 1174 qui
1172 1118 1297 1159 cum
1344 1118 1543 1173 sponsa
1576 1110 1702 1158 ante
1736 1105 1955 1175 nuptias
1987 1120 2316 1178 congressus

742 1200 833 1263 sit,
857 1196 1209 1251 ordinatione
1243 1194 1468 1265 dignum
1505 1194 1717 1250 haberi.

812 1289 967 1357 Resp.
1003 1289 1059 1342 5.
1090 1287 1389 1357 Deputatus
1416 1302 1570 1355 vero,
1604 1289 1696 1360 qui
1740 1291 2013 1348 secundas
2048 1294 2318 1349 contraxit

742 1384 984 1453 nuptias,
1033 1393 1262 1434 servans
1306 1378 1390 1449 (ut
1436 1378 1656 1449 Opinor)
1694 1380 1879 1435 biuubi
1914 1383 2149 1451 priorem
2198 1398 2315 1453 pa:-

740 1487 886 1535 naiu,
918 1484 1037 1538 quae
1078 1468 1125 1522 ei
1169 1469 1435 1523 canonice
1478 1469 1731 1539 imposita
1772 1481 1857 1525 est
1905 1472 2183 1542 (videlicet
2216 1489 2314 1528 ex-

738 1561 1183 1617 communicatus
1233 1574 1378 1613 anno
1435 1576 1543 1613 uno
1585 1569 1680 1613 aut
1727 1562 1936 1625 altero,
1984 1574 2145 1633 prout
2198 1566 2315 1634 ipse

734 1651 1119 1719 iudicaveris),
1156 1657 1344 1719 postea
1379 1664 1576 1705 rursus
1610 1650 1841 1721 benigne
1885 1655 2206 1709 restituetur
2245 1659 2313 1710 ad

732 1740 982 1809 deputati
1010 1740 1397 1793 ministerium.

805 1833 1005 1886 lnterr.
1035 1830 1172 1885 Cum
1198 1830 1458 1885 donatum
1482 1840 1628 1886 esset
1659 1833 1895 1900 cuipiam
1922 1837 2310 1891 monasterium

735 1940 763 1978 a
806 1926 1041 1995 quodam
1080 1938 1296 1989 eorum,
1330 1924 1423 1993 qui
1468 1932 1595 1978 ante
1640 1940 1727 1979 me
1757 1925 1996 1990 fuerunt,
2030 1940 2311 1999 metropo‘

735 2018 941 2077 litano;
989 2014 1129 2068 facta
1178 2022 1261 2068 est
1306 2016 1640 2068 monasterio
1692 2024 1746 2069 et
1794 2016 2209 2085 possessionis'
2244 2019 2309 2071 ad

734 2120 909 2160 meam
963 2104 1310 2172 metropolim
1359 2104 1684 2172 pertinentis
1730 2108 2035 2162 concessio.
2081 2110 2163 2163 Au
2210 2111 2311 2164 hoc

732 2201 908 2268 possit
960 2198 1114 2260 lieri,
1177 2206 1233 2251 et
1285 2198 1667 2266 possessiones
1723 2200 2307 2267 metropolitanoruml

732 2290 1109 2355 monasteriis,
1148 2288 1401 2355 concedi,
1435 2288 1656 2345 nomine
1684 2296 1894 2343 tantum
1942 2292 2021 2345 sic
2070 2294 2309 2363 appella-

732 2383 821 2445 tis,
853 2397 959 2435 non
1004 2396 1081 2436 re.

801 2471 959 2542 Resp.
1023 2456 1394 2527 i’ossessionis
1462 2472 1527 2526 ad
1598 2474 1944 2545 metropolim
1987 2478 2309 2545 pertinentis

732 2568 1069 2621 monasterio
1101 2566 1243 2620 facta
1278 2566 1582 2630 concessio,
1614 2567 1714 2621 etsi
1760 2569 2155 2623 monasterium
2200 2585 2308 2624 me-

730 2658 929 2729 tropoli
980 2657 1257 2711 dominice
1326 2656 1543 2722 subsit,
1604 2667 1699 2711 aut
1746 2660 1893 2713 velut
1943 2661 2185 2715 domus‘l
2236 2658 2308 2717 sit

731 2748 1166 2820 metropolitani,
1198 2756 1292 2802 aut
1340 2748 1490 2803 nullo
1538 2750 1701 2803 modo
1748 2750 1940 2805 donari
1984 2754 2178 2822 possit,
2214 2761 2307 2807 aut

728 2842 941 2898 reditus
968 2840 1035 2894 ad
1062 2838 1404 2910 metropolim
1428 2840 1713 2909 proveniat
1742 2842 1823 2912 (ut
1858 2842 2177 2912 plerumque
2204 2845 2303 2914 lit),

727 2941 875 2987 recta
932 2931 1148 2987 ratione
1197 2946 1297 2987 nec
1343 2933 1561 3002 cognita
1614 2941 1696 2987 est
1728 2972 1743 2997 ,
1806 2948 1907 2988 nec
1961 2936 2299 3005 recipienda.

730 3026 901 3079 Multo
946 3033 1130 3080 autem
1175 3023 1373 3094 magis,
1402 3024 1447 3079 si
1493 3022 1633 3078 nihil
1677 3024 1874 3080 horum
1909 3025 2091 3082 fuerit.
2127 3028 2303 3083 Mani-

727 3114 868 3171 festa
916 3115 1064 3169 enim
1118 3115 1379 3170 alienatio
1418 3124 1511 3168 aut
1543 3114 1747 3171 frustra
1797 3123 1850 3171 et
1898 3116 2306 3175 inconsiderate

728 3226 759 3261 a
814 3208 1101 3277 metropoli
1153 3209 1208 3260 in
1262 3208 1657 3262 monasterium
1709 3210 1989 3279 possessio
2044 3214 2302 3267 translata
2332 3248 2375 3307 Ο

724 3300 1006 3353 videtur'.
1038 3296 1191 3362 Quod
1228 3307 1409 3352 autem
1448 3297 1652 3354 frustra
1686 3309 1738 3355 et
1762 3300 1815 3355 in
1843 3317 2042 3357 vanum
2083 3305 2173 3370 sit,
2202 3322 2304 3361 nec

728 3391 927 3447 rationi
963 3406 1067 3445 nec
1100 3390 1200 3461 legi
1238 3400 1324 3445 est
1362 3402 1816 3447 consentaneum.
1856 3393 2131 3466 Cujusque
2156 3399 2300 3453 enim

727 3483 1049 3538 monasterii
1086 3483 1381 3553 peculiaris
1411 3492 1493 3539 est
1524 3484 1951 3550 administratio.
1984 3495 2039 3543 et
2072 3489 2139 3543 ad
2172 3505 2301 3559 pro-

731 3578 905 3647 priam
970 3575 1426 3631 constitutionem
1496 3585 1819 3647 spectans‘.
1881 3577 2081 3634 Verum
2137 3583 2302 3637 etiam

726 3668 1021 3740 peculiaris
1054 3667 1229 3737 ipsius
1272 3669 1613 3739 metropolis,
1646 3670 1753 3725 nisi
1796 3686 1861 3724 ex
1897 3673 2156 3742 synodica
2189 3673 2302 3729 dis-

726 3761 1050 3831 pensatione
1101 3759 1166 3813 ad
1222 3760 1513 3815 utilitatem
1562 3760 1825 3817 Ecclesiae
1867 3762 1974 3818 tale
2018 3765 2147 3835 quid
2209 3766 2305 3819 da-

724 3866 839 3908 tum
876 3856 967 3909 sit.
1006 3855 1074 3907 At
1103 3869 1231 3909 vero
1256 3855 1518 3909 alienatio
1548 3854 1670 3911 sine
1700 3856 1962 3925 synodica
1994 3859 2305 3928 cognitione

724 3945 838 3998 ﬁeri
875 3958 981 3996 uou
1024 3944 1379 4013 permittitur.

794 4030 993 4086 Interr.
1031 4030 1086 4086 Si
1137 4034 1260 4101 quis
1309 4032 1586 4094 sacerdos,
1628 4040 1721 4086 aut
1768 4033 1931 4087 etiam
1982 4034 2174 4099 laicus,
2218 4035 2305 4090 de-

721 4126 1032 4197 prehensus
1092 4126 1164 4179 sit
1225 4132 1417 4179 contra
1472 4126 1755 4193 proprium
1810 4127 2166 4195 episcopum,
2212 4136 2305 4181 aut

721 4218 1129 4287 magistratum,
1164 4222 1258 4268 aut
1313 4215 1588 4283 privatum
1630 4215 1974 4284 simpliciter,
2023 4227 2077 4270 et
2118 4219 2305 4288 vulga-

722 4324 835 4363 rem
882 4310 1158 4362 hominem
1207 4322 1404 4361 cruces
1444 4307 1498 4360 in
1539 4307 1729 4360 charta
1768 4324 1933 4361 mauu
1975 4311 2195 4379 propria
2228 4310 2305 4365 fe-

717 4403 888 4463 cisse,
926 4410 1019 4453 aut
1065 4399 1231 4453 etiam
1264 4399 1493 4453 insidias
1542 4402 1595 4452 in
1645 4400 1811 4468 ipsos,
1848 4402 1931 4454 vel
1957 4410 2172 4456 coetus:t
2210 4417 2306 4470 ρο-

721 4491 835 4561 puli
873 4489 1191 4553 meditatus,
1219 4490 1306 4542 cui
1343 4504 1517 4557 poena:
1552 4489 1878 4557 subjicitur?
2212 4473 2237 4479 Α

791 4582 945 4653 Resp.
991 4582 1093 4648 Qui
1125 4582 1230 4635 tale
1272 4581 1555 4652 quidpiam
1588 4589 1925 4651 perpetrant,
1956 4591 2007 4638 et
2029 4583 2096 4638 ab
2122 4594 2297 4639 extra-
2336 4605 2378 4661 ο

1221 4682 1278 4726 ιιι
1331 4682 1388 4726 tu
1438 4674 1554 4743 ipse
1604 4675 1715 4729 scis
1764 4674 1877 4729 Deo
1935 4678 2299 4744 charissime,
2344 4728 2351 4736 .

722 4676 840 4728 ueis
894 4675 1107 4743 legibus
1152 4712 1165 4734 ,

723 4764 1064 4833 plectuntur,
1094 4762 1243 4816 velut
1280 4760 1530 4816 criminis
1556 4762 1956 4829 coniurationis
1982 4771 2036 4817 et
2060 4766 2302 4819 sodalitii

722 4856 861 4910 rei'.
896 4854 1066 4907 Multo
1109 4862 1289 4907 autem
1324 4854 1497 4925 magis
1532 4856 1602 4907 ab
1642 4852 1889 4909 Ecclesia
1933 4857 2303 4911 emendationi

721 4950 1159 5019 subjiciunturl,
1206 4948 1361 5018 juxta
1406 4950 1686 5003 decimum
1734 4958 1989 5004 octavum
2037 4966 2303 5007 canonem

716 5044 1188 5099 Chalcedonensis
1236 5054 1439 5097 sanctae
1486 5042 1703 5113 synodi.
1749 5040 1815 5095 Et
1856 5044 1903 5097 si
1936 5044 2153 5113 quidem
2190 5046 2305 5099 cleo

720 5136 823 5189 rici
873 5136 1003 5200 sint,
1049 5136 1116 5190 de
1164 5136 1386 5206 proprio
1428 5137 1604 5205 gradu
1646 5135 1907 5189 excidunt
1941 5135 2098 5205 juxta
2150 5137 2308 5191 uice-

719 5226 920 5278 simum
950 5235 1205 5296 quartum
1252 5240 1409 5281 conc.
1444 5224 1614 5279 Trull.
1646 5241 1911 5281 canonem
1947 5245 1960 5281 :
1995 5230 2080 5283 sin
2123 5238 2303 5283 autem

723 5318 893 5382 laici,
942 5320 1513 5372 excommunicantur.
1566 5318 1625 5372 In
1672 5318 1873 5389 quibus
1918 5321 2064 5375 enim
2118 5323 2303 5379 clerici

721 5411 1100 5480 deponuntur,
1132 5410 1255 5463 laici
1288 5410 1859 5465 eseommunicantur.

2424 647 2531 701 xiv
2583 652 2721 717 μετὰ
2753 650 2852 719 τὴν
2902 651 3239 722 χειροτονίαν
3268 655 3363 704 καὶ
3413 652 3513 723 τὴν
3561 654 3869 723 ἱερολογίαν
3913 656 4011 707 105

2423 742 2600 809 γάμου
2626 743 2861 809 ἐδέξατο.
2881 744 2985 796 Δύο
3012 747 3119 814 γαρ
3146 744 3435 813 ἠγνόησεν,
3455 747 3536 799 ὅτι
3558 748 3657 801 οὐκ
3674 748 3841 813 ἀρκεῖ
3859 748 4011 817 αὐτῷ

2425 835 2559 906 μόνη
2586 838 2618 908 ἡ
2652 837 2781 908 εὐχὴ
2805 836 2905 908 τῆς
2934 839 3227 908 μνηστείας
3254 841 3390 907 71.0”;
3416 838 3513 910 τὴν
3544 842 3841 910 συνάφειαν
3860 858 3877 873 ο
3917 846 4006 895 καῖ

2419 922 2501 975 ὅτι
2540 924 2678 992 μετὰ
2713 924 2810 994 τὴν
2862 927 3199 995 χειροτονίαν
3238 928 3410 991 οὐδεὶς
3459 929 3819 999 ἰερολογεῖται
3869 934 4008 1003 μετᾶ

2420 1015 2699 1079 γυναικός.
2733 1016 2885 1069 Εἴπω
2914 1017 2969 1070 δὲ
3002 1018 3097 1070 καὶ
3127 1020 3330 1089 τρίτον,
3365 1022 3449 1075 ὅτι
3479 1022 3655 1086 οὐδεὶς
3687 1028 3754 1093 τῇ
3795 1029 4007 1097 μνηστῇ

2423 1106 2718 1175 συναφθεὶς
2747 1108 2853 1179 πρὸ
2881 1107 2975 1162 105
3009 1109 3213 1180 γάμου,
3252 1113 3585 1184 χειροτονίας
3620 1115 3896 1181 ἀξιοῦται.

2502 1275 2649 1328 Ἀπ’.
2683 1281 2753 1337 γ’.
2802 1275 2861 1328 Ὀ
2917 1276 3101 1344 μέντοι
3149 1276 3636 1349 δευτερογαμήσας
3679 1279 4007 1342 δεποτατος,

2419 1368 2685 1436 φυλάξας,
2711 1363 2886 1437 οἶμαι,
2920 1368 2981 1419 τὸ
3005 1366 3099 1421 105
3132 1368 3370 1438 διγάμου
3402 1372 3669 1441 πρότερον
3697 1373 4004 1441 ἐπιτίμιον,

2417 1462 2554 1529 ὅπερ
2575 1459 2724 1530 αὐτῷ
2749 1460 3051 1523 κανονικῶς
3079 1461 3382 1514 ἐπιτίθεται
3456 1464 3624 1533 ῆγουν
3670 1464 3768 1516 ἕνα
3821 1466 4008 1516 tvmv-

2415 1549 2507 1601 τὸν
2532 1550 2641 1601 εἴτε
2666 1548 2758 1601 δύο
2780 1550 3073 1618 γενόμενος
3125 1550 3511 1622 ἀκοινώνητος,
3571 1552 3649 1615 ὡς
3710 1554 3777 1605 ἂν
3840 1555 4008 1616 αὐτὸς

2416 1642 2717 1711 δοκιμάσῃς
2776 1643 2916 1710 μετὰ
2942 1642 3101 1695 τοῦτο
3136 1643 3298 1696 πάλιν
3341 1643 3743 1712 φιλανθρώπως
3789 1646 4006 1699 ἀποκα·

2415 1736 2744 1804 ταστήσεται
2767 1735 2845 1797 εἰς
2864 1734 2962 1806 τὴν
2989 1734 3085 1787 τοῦ
3111 1736 3410 1790 δεποτάτου
3451 1738 3757 1807 ἐνέργειαν.

2498 1826 2841 1895 Ἐρώτησις.
2875 1827 3226 1899 Δωρηθέντος
3265 1829 3373 1881 τινὶ
3430 1833 3799 1898 μοναστηρῖςν
3850 1832 4002 1900 παρὲ

2350 1909 2387 1961 Β
2414 1935 2555 1980 τινος
2584 1919 2693 1972 τῶν
2728 1919 2835 1988 πρὸ
2866 1919 3001 1989 ἐμοῦ
3046 1921 3488 1990 μητροπολιτῶν,
3544 1923 3765 1989 ἐγένετο
3808 1925 3901 1974 ἐπὶ
3926 1926 4002 1992 τῷ

2415 2010 2769 2081 μοναστηρίῳ
2799 2014 2893 2064 καὶ
2928 2011 3213 2083 κτήματος
3276 2012 3521 2073 ἐπίδοσις
3547 2015 3610 2083 τῇ
3645 2015 3741 2066 ὑπ’
3767 2016 3789 2065 ὲ
3801 2014 3871 2081 μὲ
3902 2033 4005 2083 μη-

2411 2106 2664 2176 τροπόλει
2696 2105 3067 2177 διαφέροντος.
3093 2105 3155 2157 Εἰ
3180 2102 3271 2159 οὖν
3300 2107 3523 2161 δύναται
3543 2107 3699 2160 τοῦτο
3726 2108 4000 2176 γίνεσθαι,

2411 2198 2504 2250 καὶ
2527 2197 2594 2249 τὰ
2624 2195 2734 2249 τῶν
2763 2195 3155 2266 μητροπόλεων
3181 2195 3514 2250 ὲττιδίόοσθαι
3564 2199 3677 2261 τοῖς
3726 2216 4001 2267 μοναστηο

2413 2288 2551 2359 ρίοις
2591 2290 2870 2357 κτήματα,
2893 2287 3123 2359 ὀνόμασι
3159 2289 3323 2358 μόνον
3346 2288 3731 2359 κεκλημένοις,
3769 2292 3832 2343 οὗ
3868 2293 4001 2361 πρα-

2410 2395 2608 2449 γμασμ

2494 2469 2635 2525 Ἀπ’.
2688 2469 2751 2523 Ἥ
2789 2469 2885 2523 105
2924 2470 3205 2540 κτήματος
3255 2472 3354 2541 τῆς
3412 2472 3803 2544 μητροπόλεως
3863 2476 4002 2544 πρὶς

2415 2563 2775 2633 μοναστήριον
2801 2562 3064 2626 ἐπίδοσις,
3092 2564 3197 2617 κᾶν
3242 2564 3348 2616 ὑπὸ
3379 2566 3481 2635 τὴν
3518 2567 3862 2637 μητρόπολιν

2414 2651 2689 2714 σποτικῶς
2720 2652 2942 2725 ὑπάρχῃ
2969 2653 3029 2706 τδ
3057 2656 3445 2724 μοναστήριαν,
3509 2656 3615 2708 κᾶν
3672 2655 3748 2717 ώς
3794 2658 4001 2711 ἑνδιαί-

2410 2760 2561 2811 τημα
2699 2743 2792 2796 105
2843 2743 3261 2814 μητροπολίτὸυ,
3322 2745 3426 2798 κᾶν
3472 2746 3611 2809 ὅλως
3655 2747 4000 2818 ἁδσῖλρηστον,

2411 2832 2511 2886 κᾶν
2539 2834 2606 2888 τὰ
2631 2836 2739 2887 τῶν
2799 2836 3075 2905 προσόδων
3099 2837 3177 2899 εἰς
3201 2836 3302 2906 τὴν
3332 2837 3670 2908 μητρόπολιν
3691 2840 4000 2909 εἰσοδιάζη·

2410 2946 2499 2982 ται
2534 2926 2642 2997 (οἷα
2678 2930 2939 2993 πολλάκις
2964 2930 3196 2999 γίνεται)
3228 2931 3305 2999 τῷ
3329 2931 3475 3001 ὀρθῷ
3500 2932 3644 3001 λόγῳ
3689 2934 4003 3002 ἀνεπίγνωο

2412 3022 2535 3084 στός
2565 3024 2681 3075 ἐστι
2708 3024 2801 3074 καὶ
2840 3023 3195 3086 ἁνεπίδεκτος
3227 3040 3242 3054 ⁸
3274 3023 3454 3094 πολλῷ
3471 3025 3527 3078 δὲ
3556 3026 3719 3079 πλέον
3764 3029 3865 3082 ἐὰν
3905 3030 3998 3081 οὐ-

2408 3114 2496 3166 δὲν
2551 3113 2757 3166 τούτων
2938 3113 3254 3183 Ἐκποίησις
3290 3114 3401 3183 γὰρ
3452 3116 3687 3185 φανερὰ,
3732 3118 3769 3187 ἢ
3818 3120 4003 3188 μάτην

2410 3208 2504 3259 καί
2526 3206 2827 3274 ἀλογίστως
2874 3206 2981 3260 ἀπὸ
3010 3207 3108 3277 τῆς
3143 3208 3532 3278 μητροπόλεως
3582 3211 3663 3271 εἰς
3714 3210 3778 3261 τὸ
3839 3228 4002 3279 μονα·

2410 3300 2630 3370 πήριον
2656 3299 2716 3351 τὺ
2740 3299 2923 3369 κτῆμα
2958 3300 3382 3370 μετατιθέμενον
3405 3301 3523 3333 ’Μ’
3550 3303 3828 3369 φαίνεται.
3851 3304 3999 3356 “Et

2414 3392 2785 3462 μάταιον,οὒκ
2826 3391 3045 3458 ἕλλογον
3084 3392 3204 3443 οὐδὲ
3258 3392 3504 3461 ἔννομον.
3564 3393 3833 3447 Ἐκαστου
3890 3396 3999 3461 γὰρ

2411 3486 2779 3555 μοναστηρίου
2866 3484 3134 3555 διοίκησις
3191 3485 3477 3550 ίδιάζουσά
3553 3486 3693 3551 ἐστι,
3774 3490 3872 3540 καὶ
3920 3492 3999 3549 είς

2407 3577 2505 3644 τὴν
2531 3577 2695 3631 αὐτοῦ
2733 3577 2997 3630 σύστασιν
3034 3578 3242 3646 ὁρῶσα,
3274 3578 3411 3631 ἀλλὰ
3441 3578 3531 3629 καί
3576 3579 3609 3647 ἡ
3635 3579 3734 3646 τῆς
3786 3596 3998 3648 μητροσ

2410 3672 2642 3734 πόλεως,
2683 3670 2986 3734 ἰδιάζουσα,
3021 3670 3070 3722 εἰ
3102 3670 3177 3740 μὴ
3234 3670 3297 3722 ἐκ
3352 3669 3637 3739 συνοδικῆς
3682 3672 3999 3740 οἰκονομίας

2410 3764 2546 3832 πρὸς
2566 3761 2624 3815 τὸ
2648 3761 2925 3823 λυσιτελὲς
2949 3760 3048 3828 τῆς
3066 3761 3397 3829 Ἐκκλησίας
3424 3759 3665 3813 τοιοῦτόν
3684 3778 3737 3812 τι
3761 3763 3999 3817 δέδοται.

2410 3854 2519 3907 Καὶ
2552 3853 2836 3923 ἐκποίησις
2868 3852 2924 3904 δὲ
2951 3852 3381 3921 ἄνευλιυνοόικῆς
3413 3852 3757 3919 διαγνώσεως
3787 3856 3848 3906 οὐ
3879 3872 4001 3922 συγ-

2407 3943 2719 4015 κεχώρηται
2746 3943 3009 4010 γίνεσθαι.

2492 4034 2835 4101 Ἐρώτησις.
2859 4033 2925 4085 Εἰ
2952 4049 3037 4095 τις
3064 4032 3381 4101 ἰερωμένος,
3415 4033 3447 4104 ἢ
3477 4034 3568 4085 καὶ
3586 4035 3775 4098 λαῖκὺς
3804 4055 3997 4106 φωρα-

2408 4124 2527 4195 θείη
2552 4125 2692 4177 κατὰ
2724 4123 2817 4176 105
2846 4122 3049 4175 οἰκείου
3079 4123 3404 4188 ἐπισκόπου,
3433 4124 3466 4193 ἢ
3497 4128 3593 4178 καὶ
3628 4125 3921 4194 ἄρχοντος,
3963 4130 3996 4198 ἢ

2408 4218 2504 4270 καὶ
2569 4216 2781 4269 ἰδιώτου
2818 4215 3028 4282 ἁπλῶς,
3078 4215 3309 4270 καὶτοῦ
3364 4217 3621 4287 τυχόντος
3677 4218 3995 4288 ἀνθρώπου,

2410 4308 2678 4378 σταυροὺς
2729 4308 2787 4359 tv
2835 4305 3012 4377 χάρτῃ
3078 4303 3446 4374 οίκειοχείρως
3480 4304 3672 4367 ποιῶν,
3706 4306 3739 4373 ἢ
3773 4307 3872 4358 καὶ
3904 4323 3996 4358 συο

2421 4398 2621 4459 σκευὰς
2700 4394 2820 4448 κατ’
2874 4393 3139 4463 αὑτῶν,ἢ
3210 4395 3305 4445 καί
3360 4392 3724 4456 λαοσυναξέας
3771 4396 3999 4464 ἐκμελε-

2408 4489 2538 4553 τῶν,
2570 4489 2672 4541 τίνι
2695 4489 2801 4557 ἄρα
2837 4486 3100 4555 ἐπιτιμίῳ
3124 4486 3411 4537 ὑπόκειται
3440 4504 3454 4551 ;

2494 4582 2624 4634 ‘A:t.
2706 4580 2768 4633 Οἰ
2852 4577 3093 4631 τοιοῦτόν
3161 4594 3212 4629 τι
3272 4576 3733 4645 διαπράττοντες,
3812 4577 4003 4639 καθὼς

2410 4669 2559 4735 οἶδας
2611 4672 2705 4725 καὶ
2738 4672 2921 4735 αὐτὸς,
2955 4668 3357 4738 θεοφιλέστατε,
3398 4670 3493 4720 καὶ
3538 4669 3690 4739 παρὰ
3747 4669 3863 4722 τῶν
3897 4671 4003 4735 ἔξω

2412 4765 2591 4833 νόμων
2621 4761 3009 4831 τιμωροῦνται,
3059 4759 3135 4823 ώς
3170 4758 3464 4813 ὑπεύθυνοι
3490 4758 3567 4829 τῷ
3596 4761 3691 4828 τῆς
3746 4776 4000 4827 συνωμο-

2414 4858 2533 4919 σίας
2574 4857 2668 4911 καὶ
2725 4855 2994 4925 φρατρίας
3044 4854 3394 4923 ἑγκλήματι’
3465 4852 3648 4922 πολλῷ
3700 4853 3759 4906 6t
3839 4854 4002 4906 πλέον

2412 4954 2564 5025 παρὰ
2590 4954 2687 5023 τῆς
2709 4950 3036 5023 Ἐκκλησίας
3057 4951 3394 5016 εὐθύνονται,
3426 4950 3569 5005 κατὰ
3620 4950 3713 5003 τὸν
3768 4958 3839 5021 ιη’
3907 4954 4003 5017 τῖς

2413 5048 2470 5100 tv
2512 5045 2815 5113 Χαλκηδόνι
2871 5044 3031 5111 ἁγίας
3082 5042 3301 5095 συνόδου
3354 5043 3577 5097 κανόνα.
3645 5042 3759 5095 Καὶ
3811 5045 3859 5094 εἰ
3906 5046 4003 5112 μὲν

2420 5138 2675 5209 κληρικοὶ
2706 5134 2839 5201 εἷεν,
2866 5138 3195 5189 ἐκπίπτουσι
3222 5134 3315 5189 τοῦ
3341 5136 3547 5189 οίκείου
3592 5134 3829 5205 βαθμοῦ,
3858 5140 4002 5187 κατὰ

2413 5232 2503 5285 τὸν
2534 5232 2603 5284 λδ⁹
2634 5231 2734 5300 τῆς
2764 5231 2820 5283 tv
2856 5228 2933 5300 τῷ
2958 5226 3213 5298 Τρούλλῳ
3237 5244 3249 5257 ·
3290 5230 3337 5280 εί
3367 5228 3421 5279 δὲ
3458 5226 3660 5289 λαῖκοὶ,
3706 5226 4001 5296 ἀφορίζον-

2416 5339 2527 5374 ται.
2579 5321 2666 5373 Ἐν
2694 5314 2775 5382 οἷς
2808 5318 2916 5388 γὰρ
2934 5319 2982 5370 οἱ
3007 5318 3259 5388 κληρικοί
3300 5316 3712 5383 καθαιροῦνται,
3741 5321 3789 5369 0i
3822 5318 4003 5369 λαῖκςὶ

2417 5413 2791 5485 ἀφορίζονται.

2045 5545 2273 5605 ΥΑΙὶΙΛΕ
2302 5547 2705 5607 LECTIONES.

794 5640 911 5673 0-“
938 5639 1358 5709 μετατιθεμένη-

794 5736 1056 5802 ιρνιτάὶὶ.
1134 5736 1153 5772 ⁸
1216 5732 1603 5802 metropolium.
1684 5745 1712 5773 ιι
1768 5734 2119 5792 domicilium.

2197 5748 2222 5778 τ
2257 5737 2399 5792 Nam
2453 5740 2825 5793 alienationem
2878 5735 3216 5803 manifestam
3271 5751 3380 5788 esse
3422 5744 3593 5801 paret,
3635 5751 3753 5803 qua
3820 5745 4006 5790 temere

724 5809 965 5877 citraque
995 5806 1249 5877 rationem
1284 5808 1547 5872 pra'dium
1594 5821 1625 5858 a
1658 5807 1934 5874 metropoli
1988 5808 2056 5860 ad
2090 5812 2465 5863 monasterium
2499 5810 2773 5877 transfert.
2822 5806 2975 5871 Quod
3013 5817 3188 5859 autem
3250 5815 3438 5877 temere
3465 5806 3545 5873 ﬁt.
3590 5814 3619 5842 ι
3643 5811 4003 5859 conseri-otio-

723 5895 845 5932 nem
882 5875 1153 5945 spectans.
1216 5875 1406 5929 Itidem
1452 5888 1500 5931 et
1561 5878 1862 5944 metropolis
1887 5878 2283 5936 administratio
2325 5880 2587 5937 occulam
2636 5875 2733 5933 cst.

2815 5885 2841 5924 γ
2867 5892 3178 5931 concursus.
3261 5885 3281 5913 ³
3306 5874 3580 5945 factionis.
3640 5888 3666 5918 ι
3702 5881 4001 5945 puniuntur
