4188 6446
168 457 309 521 1005

167 665 290 730 Osis;
318 656 652 725 ὲπαοιδδς,ἢ
700 656 795 709 καὶ
846 652 1159 723 φαρμακὶς,
1205 650 1238 720 ἢ
1297 651 1389 703 καὶ
1439 646 1750 719 τριοδεύων,

170 754 312 824 ποίῳ
340 751 602 820 ἐπιτιμίῳ
634 748 1016 812 ύποπεσεῖται;

255 847 392 898 Ἄπι
437 841 547 895 καὶ
577 836 891 893 τὰτοιαῦτα
933 837 1029 905 τῆς
1064 832 1285 903 εονικῆς
1302 832 1409 885 εἰσὶ
1448 831 1755 902 συνηθείας.

170 941 229 989 ού
264 938 363 1005 τῆς
388 932 781 1005 Χριστιανικῆς
816 929 1114 991 πολιτείας,
1145 926 1269 980 οὕτε
1309 927 1417 997 μὴν
1469 927 1569 997 τῆς
1600 925 1760 996 ὀρθο-

170 1030 326 1093 δὸξου
372 1025 716 1093 Ἐκκλησίας.
746 1022 907 1075 Ὅθεν
938 1022 966 1074 ὁ
996 1019 1205 1082 τούτοις
1238 1020 1400 1083 ἁλοὺς
1465 1021 1579 1080 τοῖς
1635 1020 1759 1071 ὲπι-

178 1121 476 1189 ιηδεύμασι
542 1118 635 1169 καὶ
696 1116 1189 1183 κακοτεχνήμασιν,
1242 1114 1290 1165 εἰ
1351 1112 1449 1182 μὲν
1502 1110 1762 1180 κληρικός

173 1214 315 1277 ἐστι,
344 1209 714 1278 καθαιρεῖται,
775 1206 870 1259 καὶ
907 1206 1006 1275 τῆς
1053 1204 1383 1275 Ἐκκλησίας
1424 1203 1763 1275 ἀπορρίπτε-

175 1318 286 1364 ut,
311 1298 457 1353 κατὰ
481 1298 574 1350 τὸν
604 1297 692 1358 λς’
718 1297 817 1364 τῆς
855 1296 912 1347 ὲν
953 1294 1245 1363 Λαοδικείᾳ
1274 1293 1492 1346 συνόδου
1520 1292 1724 1345 κανόνα
1748 1305 1762 1319 °

176 1392 447 1453 ὡσαύτως
482 1389 539 1443 δὲ
572 1389 669 1441 καὶ
725 1389 753 1440 ὁ
801 1386 985 1450 λαῖκὺς
1024 1385 1349 1439 ἐκϐάλλεται
1377 1386 1477 1452 τῆς
1534 1382 1765 1450 Ἐκκλησ-

178 1486 301 1547 aiat;
358 1483 605 1546 τελείως.
650 1479 1057 1539 Μετανοοὼτες
1118 1478 1175 1531 δὲ
1226 1475 1639 1547 οίκονυμοῦνται
1697 1476 1765 1528 δι’

180 1576 455 1641 ἐξιετίας.
498 1573 929 1645 ἥπενταετίας·
982 1570 1108 1641 τρία
1157 1569 1255 1639 μὲν
1304 1569 1399 1637 ἔτη
1434 1568 1767 1621 ὑποπίπτον-

181 1686 295 1733 τες,
333 1668 430 1722 καὶ
462 1684 530 1720 τα
556 1666 722 1719 λοιπὰ
749 1664 1132 1735 συνευχόμενοι
1164 1662 1346 1733 μόνον,
1400 1660 1573 1731 χωρὶς
1600 1675 1763 1730 προσ-

182 1763 379 1831 ιροριίς,
452 1757 598 1811 κατὰ
624 1759 714 1811 τὸν
737 1758 813 1809 κδ’
846 1758 942 1827 τῆς
976 1757 1035 1808 ὲν
1071 1752 1337 1823 ’Δγκύρᾳ.
1374 1750 1562 1813 Οὕτως
1577 1749 1635 1802 ὀὶ
1669 1766 1767 1819 με·

185 1857 554 1923 τανοήσαντες
586 1852 843 1921 γνησίως.
868 1850 901 1922 ἢ
929 1849 1003 1911 ὡς
1038 1848 1105 1902 ἂν
1134 1850 1162 1901 ό
1187 1845 1481 1916 ἀρχιερεὺς
1544 1843 1764 1913 συνορᾷ,

1444 445 1709 506 GRAECO
1742 442 2145 504 ROMANUM.

251 569 597 640 Ἐρώτησις.
628 567 693 620 Εί
710 582 789 628 τις
819 552 1112 633 ἱερωμένος
1138 560 1172 629 ἢ
1209 560 1302 613 καὶ
1334 557 1521 620 λαῖκὸς
1557 574 1747 629 φωρα-
1778 565 1827 623 Α

3311 436 3446 498 1006

1930 558 2126 612 Interr.
2186 555 2241 611 Si
2285 553 2412 624 quis
2453 552 2871 616 eonsecratusb,
2919 561 3013 605 aut
3058 552 3222 607 etiam
3273 552 3448 609 laicus

1865 651 2243 723 deprehensus
2297 650 2368 704 sit
2438 648 2750 702 incantator
2826 654 2919 697 aut
2980 644 3294 711 veneﬁcus,
3352 658 3448 703 aut

1869 745 2035 799 etiam
2074 744 2363 795 triviorum
2396 740 2715 804 circulator,
2750 736 2838 792 cui
2874 752 3047 807 paena:
3081 739 3365 794 succidet?

1942 835 2102 904 Resp.
2142 832 2265 888 llaec
2314 842 2441 889 sunt
2494 833 2772 903 paganicae
2826 831 3281 896 consuetudinis,
3340 849 3446 887 non

1870 930 2197 983 Christiana!
2229 926 2571 997 reipublicae,
2609 934 2661 981 et
2695 926 2878 979 minus
2906 925 3228 980 orthodoxa;
3258 926 3449 980 Eccle-

1875 1023 1989 1076 siae.
2025 1018 2181 1075 Unde
2212 1019 2305 1089 qui
2347 1020 2415 1075 de
2450 1018 2536 1074 his
2570 1017 2768 1073 studiis
2797 1026 2849 1071 et
2880 1018 3040 1074 malis
3075 1020 3291 1074 artibus
3323 1033 3454 1072 con-

1875 1114 2054 1167 victus
2101 1111 2287 1176 fuerit,
2335 1112 2380 1167 si
2428 1112 2645 1182 quidem
2699 1111 2772 1165 sit
2819 1110 3084 1174 clericus;
3137 1111 3452 1181 deponitur,

1876 1207 2026 1263 etde
2079 1206 2319 1262 Ecclesia
2348 1206 2589 1275 ejieitur,
2616 1205 2771 1274 juxta
2804 1218 3070 1259 canonern
3109 1205 3449 1259 tricesimum

1877 1307 2090 1353 sextum
2135 1298 2457 1352 Laodicenae
2507 1297 2724 1366 synodi.
2764 1294 3051 1365 Similique
3093 1296 3256 1351 modo
3280 1296 3455 1352 laicus

1878 1403 2105 1459 prorsus
2141 1388 2209 1443 ab
2243 1387 2485 1442 Ecclesia
2519 1387 2832 1455 expellitur.
2860 1386 3245 1442 Paenitentiam
3274 1398 3456 1441 autem

1880 1490 2107 1551 agentes
2153 1479 2521 1533 emendantur
2581 1494 2676 1547 per
2732 1480 3092 1542 sexennium,
3154 1490 3248 1534 aut
3299 1482 3458 1551 quin-

1879 1573 2177 1639 queunium
2218 1588 2230 1624 :
2268 1570 2446 1625 tribus
2487 1569 2708 1639 quidem
2754 1569 2915 1624 annis
2957 1570 3241 1639 prostrati,
3281 1578 3335 1625 et
3372 1585 3458 1624 re-

1880 1663 2046 1732 liquis
2082 1672 2499 1732 comprecantes
2537 1668 2775 1723 tantum,
2815 1662 2937 1717 sine
2968 1661 3269 1726 oblatione,
3299 1663 3457 1731 juxta

1879 1755 2201 1811 vicesimum
2252 1762 2509 1824 quartum
2573 1768 2837 1808 canonem
2892 1755 3218 1825 Ancyranm.
3277 1757 3459 1827 Atque

1881 1847 1955 1898 ita
1996 1845 2232 1913 ingenue
2278 1844 2631 1914 pmnitentcs,
2669 1843 2752 1898 vel
2800 1852 2857 1897 ut
2888 1844 3122 1900 antistes
3159 1845 3223 1899 ad
3267 1861 3457 1900 eorum

187 1946 326 2017 πρὸς
352 1944 452 2014 τὴν
479 1943 770 2012 μετάνοιαν
794 1939 972 1993 αὐτῶν
1046 1936 1180 2008 (ἔχει
1232 1938 1340 2006 γὰρ
1395 1934 1642 1998 ἐξουσίαν
1678 1934 1773 1986 καὶ

1890 1937 2257 2003 pmnitcntiam
2341 1928 2797 1991 animadverterit
2834 1948 2855 1975 ο
2909 1938 3114 2006 (habet
3163 1941 3308 1993 enim
3364 1953 3462 2010 po-

192 2034 380 2103 μειοῦν
417 2035 506 2087 τὸν
529 2031 770 2101 καιρὸν),
804 2030 903 2099 τῆς
963 2028 1113 2092 Θείας
1160 2024 1543 2089 καταξιοῦνται
1603 2039 1770 2093 μετα-

187 2130 423 2196 ιήψεως.

270 2220 617 2287 Ἐρώτησις.
656 2216 722 2269 Et
745 2233 825 2279 τις
861 2213 1156 2284 ἱερωμένος
1187 2208 1680 2283 παραδυναστεύειν
1697 2206 1775 2275 τῷ

188 2312 285 2380 τῆς
309 2308 493 2381 χώρας
523 2308 748 2378 ἄρχοντι
773 2305 1017 2367 σπεύδει,
1081 2302 1376 2357 κάντεῦθεν
1434 2300 1773 2374 προσαγγέλ-

190 2421 269 2456 λει
331 2401 453 2454 τινὰ
504 2399 649 2453 κατὰ
698 2414 883 2462 τινων,
941 2398 1036 2450 καὶ
1074 2396 1164 2448 τὸν
1204 2396 1439 2465 ἄρχοντα
1464 2395 1585 2447 κατ’
1626 2392 1776 2447 ὲκεί-

193 2513 298 2548 νων
333 2495 601 2562 διανιστᾷ,
660 2492 711 2544 τί
755 2489 1059 2552 κανονικῶς
1111 2491 1139 2541 ό
1176 2488 1414 2550 τοιοῦτος
1473 2486 1771 2549 πείσεται;

279 2589 402 2641 Ἀετ.
465 2586 524 2639 '0
557 2582 862 2653 ἱερωμένος
890 2581 968 2650 τῷ
1001 2580 1134 2651 ίερῷ
1194 2578 1581 2651 προσεδρεύειν
1631 2577 1778 2647 ὀφεί-

197 2680 297 2742 λει,
320 2678 418 2731 καὶ
456 2678 575 2739 ταῖς
602 2674 1085 2743 ἐκκλησιαστικαῖς
1120 2669 1444 2740 ὑπηρεσίαις
1474 2665 1779 2735 ὲνασχολεῖ-

198 2770 345 2835 σθαι,
373 2769 468 2821 καὶ
502 2767 562 2819 ού
609 2763 1110 2836 παραδυναστεύειν
1157 2762 1453 2830 κοσμικαῖς
1508 2758 1779 2825 ἐξουσίαις

200 2860 293 2911 καὶ
344 2858 626 2927 ἄρχουσιν.
659 2853 756 2905 Ἐκ
789 2852 847 2905 δὲ
886 2853 983 2921 τῆς
1014 2850 1249 2920 νομίμου
1308 2848 1682 2918 παραγγελίας
1715 2847 1777 2900 οὐ

202 2951 505 3020 βλάπτεται
542 2948 595 3002 εί
627 2963 757 2999 ποτε
800 2944 960 2999 τοῦτο
1011 2944 1248 3013 ποιήσει,
1292 2946 1339 2996 εί
1392 2942 1467 3013 μὴ
1503 2944 1645 2995 κατὰ
1682 2939 1780 3007 τῆς

212 3042 543 3112 Ἐκκλησίας
573 3040 722 3093 ἐστὶν
750 3040 782 3109 ἡ
814 3038 1197 3109 προσαγγελία
1266 3038 1299 3105 ἡ
1321 3035 1523 3105 ψευδὴς
1556 3034 1649 3087 καὶ
1684 3050 1781 3085 συ-

202 3134 528 3203 κοφαντική.
556 3131 691 3185 Τότε
723 3129 887 3201 γὰρῆ
920 3130 993 3189 ὼς
1026 3128 1229 3199 ἀσεὸὴς
1254 3128 1287 3196 ἢ
1327 3128 1401 3189 ὡς
1437 3125 1781 3194 συκοφάντης

204 3228 683 3295 καταγινώσκεται
723 3224 1031 3294 ὲλεγχθείς.
1054 3222 1219 3293 Δῆλαι
1249 3221 1306 3274 δέ
1344 3223 1481 3273 εἰσιν
1533 3221 1589 3275 αἱ
1624 3236 1783 3271 κανο-

202 3321 350 3373 νικαὶ
372 3319 479 3372 τῶν
503 3315 1065 3386 τοιούτων,τιμωρίαι.

283 3410 631 3479 Ἐίὼτησιςκ
680 3409 749 3462 El
792 3426 874 3469 τις
903 3405 1219 3476 ίερωμένος,
1251 3404 1399 3474 παρὰ
1431 3403 1492 3455 τδ
1515 3403 1787 3474 προσῆκον

206 3505 571 3573 ἀμεριέννυται
630 3500 854 3569 ἔνδυμα,
908 3499 1003 3552 καὶ
1052 3496 1296 3566 κοσμικὰ
1332 3494 1788 3564 περιϐαλλόμενος

208 3596 461 3667 φωραθῇ,
519 3595 609 3647 καὶ
668 3591 1013 3662 ῥαϐδοφορῶν
1050 3590 1082 3658 ἢ
1138 3589 1233 3643 καὶ
1268 3584 1636 3655 νυκτοπορὼν,
1670 3583 1788 3645 πῶς

207 3685 360 3750 οὗτος
389 3685 690 3747 κανονικῶς
718 3682 1112 3751 συσταλήσεται
1145 3698 1159 3744 ;

289 3782 419 3833 ‘Ass.
451 3778 526 3830 Τὸ
557 3774 950 3845 ἀμφιέννυσθαι
983 3772 1331 3843 summm
1348 3770 1425 3840 τῷ
1447 3770 1632 3838 οἰκείῳ
1658 3769 1790 3839 σχή-

216 3889 364 3940 ματι,
403 3871 497 3922 καὶ
531 3869 907 3939 ραὕδοιρορεῖν,
962 3866 1055 3918 καὶ
1086 3866 1459 3933 νυκτοπορεῖν,
1513 3862 1639 3913 ὅσον
1690 3860 1791 3929 μὲν

214 3961 354 4013 κατὰ
380 3959 441 4011 τὸ
482 3958 828 4026 φαινόμενον,
858 3956 958 4009 οὐκ
992 3954 1277 4008 ἐπαινετόν
1305 3954 1472 4004 ἐστιν.
1494 3950 1659 4003 Οὐδὲν
1684 3949 1791 4017 γὰρ

216 4053 415 4122 αγιθὸν
446 4050 738 4104 ὑποϐάλλει
778 4051 921 4101 νοεῖν
956 4047 1099 4100 κατὰ
1133 4046 1227 4098 τοῦ
1270 4044 1411 4097 οὕτω
1436 4043 1788 4113 πράττοντος.

216 4145 373 4198 Μετὰ
403 4140 783 4211 παραγγελίαν
802 4140 843 4171 ³⁸
863 4139 970 4209 γὰρ
991 4141 1018 4191 ὁ
1047 4137 1204 4190 τοῦτο
1238 4135 1428 4201 ποιῶν,
1455 4132 1790 4203 καθαιρεθή-

220 4252 370 4289 σεται
395 4235 614 4296 πάντως
650 4251 663 4265 ·
694 4235 741 4285 εἰ
777 4234 851 4300 μὴ
886 4231 953 4285 δι’
990 4231 1234 4300 ἀνάγκην
1263 4229 1405 4288 τινὰ,
1464 4227 1497 4295 ἢ
1531 4226 1792 4295 περίστα-

222 4343 329 4388 σιν,
359 4324 393 4393 ἦ
423 4323 640 4387 πενίαν,
686 4322 719 4390 ἢ
764 4322 931 4390 ἄλλην
983 4321 1103 4373 τινὰ
1137 4318 1380 4385 εὔλογον,
1416 4316 1520 4385 "ﬂ
1559 4318 1652 4369 καὶ
1706 4312 1796 4366 διὰ

216 4416 431 4485 τὴντού
482 4416 648 4467 τόπου
699 4414 1018 4483 ἀγριότητα,
1082 4411 1173 4463 καὶ
1216 4409 1644 4473 ἀκαταστασίαν,
1707 4406 1798 4460 καὶ

226 4503 525 4571 βάρϐαρον,
569 4501 706 4572 πρὸς
742 4502 1012 4569 ὠφέλειαν
1062 4499 1257 4553 ἑαυτοῦ
1302 4500 1336 4568 ἦ
1379 4499 1570 4569 ἑτέρου
1628 4496 1795 4560 τινος,

1882 2036 2136 2082 testatem
2171 2028 2336 2081 etiam
2367 2026 2655 2081 minuendi
2686 2028 3006 2097 temporis),
3036 2030 3276 2086 divinam
3306 2046 3458 2085 coru-

1882 2119 2309 2172 municationem
2338 2119 2820 2186 promerebuntur.

1956 2210 2153 2264 lnterr.
2195 2213 2251 2266 Si
2286 2212 2409 2281 quis
2443 2211 2856 2267 saccrdotatusd
2895 2227 3020 2268 cum
3066 2215 3297 2283 praeside
3330 2230 3462 2286 pro-

1882 2301 2077 2356 vincias
2110 2309 2446 2371 potentatum
2479 2300 2685 2357 habere
2712 2303 2952 2371 studeat,
2981 2302 3214 2374 indeque
3248 2305 3462 2361 denun-

1886 2394 2101 2449 tiaverit
2128 2393 2409 2465 quidpiam
2437 2393 2504 2449 de
2536 2393 2849 2463 aliquibus;
2883 2404 2937 2450 et
2966 2396 3253 2465 pmsidem
3284 2396 3339 2452 in
3366 2412 3464 2453 eos

1884 2486 2271 2551 excitaverite,
2307 2487 2435 2556 quid
2472 2488 2777 2541 secundum
2819 2502 3064 2543 canones
3096 2490 3375 2559 patietur?

1958 2578 2112 2649 Resp.
2156 2579 2427 2635 Sacerdos
2460 2579 2662 2649 templo
2692 2580 2935 2636 assidere
2977 2580 3159 2646 debet,
3188 2590 3240 2637 et
3281 2582 3463 2637 eccle-

1885 2672 2127 2728 siasticis
2144 2672 2405 2743 oceltpari
2424 2671 2769 2736 ministeriis,
2791 2688 2899 2726 non
2935 2680 3275 2742 potentatum
3301 2675 3463 2729 simul

1885 2780 2078 2836 gerere
2124 2780 2248 2819 eum
2294 2764 2589 2821 mundanis
2632 2766 2997 2835 potestatibus
3036 2774 3091 2821 et
3129 2768 3470 2837 magistrati-

1889 2860 2016 2913 bus.
2049 2858 2127 2912 Ex
2160 2857 2401 2928 legitima
2430 2865 2611 2913 autem
2645 2858 3059 2913 denuntiatione
3088 2873 3199 2914 non
3231 2858 3467 2921 laeditur.

1889 2952 1932 3005 si
1987 2950 2207 3017 quando
2252 2949 2306 3005 id
2353 2950 2555 3015 faciat,
2603 2952 2707 3007 nisi
2758 2959 2949 3005 contra
3007 2951 3330 3017 Ecclesiam,
3378 2952 3471 3007 iiat

1894 3040 2025 3095 fatsa
2057 3048 2111 3095 et
2136 3041 2483 3096 ealumniosa
2515 3041 2739 3096 delatio.
2774 3040 2931 3097 Tunc
2961 3044 3108 3098 enim
3144 3053 3239 3098 aut
3276 3050 3335 3097 ut
3370 3044 3471 3097 im-

1896 3133 2040 3203 pius,
2073 3142 2169 3187 aut
2200 3133 2568 3189 calumniator
2613 3135 2926 3199 convictus,
2956 3136 3267 3191 damnatur.
3298 3135 3473 3191 Certa:

1895 3232 2077 3279 autem
2115 3233 2242 3280 sunt
2274 3226 2555 3280 canonicae
2587 3224 2785 3279 horum
2816 3241 3011 3297 parum.

1963 3409 2155 3464 Interr.
2196 3411 2249 3466 Si
2280 3410 2402 3480 quis
2433 3417 2703 3476 sacratus,
2736 3418 2931 3481 prmter
2960 3411 3227 3466 decorum
3270 3411 3469 3467 indua-

1893 3509 1983 3554 tur
2011 3509 2239 3565 vestem,
2272 3509 2327 3556 et
2372 3502 2667 3557 mundanis
2714 3503 2950 3558 amictus
2982 3502 3355 3573 deprehensus
3376 3504 3469 3567 sit,

1894 3601 1945 3647 et
1984 3594 2085 3647 tela
2137 3592 2320 3648 terens
2347 3591 2393 3657 ί,
2443 3602 2719 3663 noctuque
2759 3609 2982 3665 vagans,
3031 3608 3268 3665 quonam
3312 3594 3473 3648 modo

1896 3684 2281 3739 coercebitur?

1968 3776 2120 3844 Resp.
2161 3774 2313 3831 Indui
2349 3792 2453 3831 non
2483 3776 2695 3832 decenti
2733 3777 2941 3839 habitu,
2967 3784 3019 3832 et
3051 3778 3216 3831 telum
3243 3779 3269 3818 ⁸
3310 3777 3472 3841 ferre,

1897 3876 2176 3937 noctuque
2223 3870 2427 3938 vagari,
2462 3878 2520 3922 ut
2572 3870 2747 3939 prima
2792 3871 2975 3939 specie
3012 3869 3251 3934 videtur,
3295 3870 3477 3924 lauda-

1896 3959 2008 4014 bile
2058 3976 2165 4014 nun
2218 3968 2322 4014 est.
2357 3960 2490 4013 Nam
2536 3961 2604 4015 de
2644 3975 2730 4026 eo,
2763 3962 2855 4030 qui
2890 3963 2969 4017 sic
3010 3961 3141 4031 agit,
3174 3962 3301 4016 boni
3342 3962 3477 4016 nihil

1900 4053 2173 4121 suspicari
2227 4053 2368 4106 licet.
2420 4053 2550 4108 Post
2597 4054 3026 4111 admonitionem
3068 4056 3253 4110 enimh
3285 4058 3379 4127 qui
3426 4058 3478 4111 id

1902 4142 2053 4206 facit,
2109 4144 2411 4213 deponetur
2460 4146 2685 4199 omnino
2733 4164 2745 4198 :
2797 4146 2902 4201 nisi
2954 4161 3050 4215 per
3096 4148 3480 4204 necessitatem

1901 4237 2160 4304 aliquam,
2185 4245 2277 4289 aut
2318 4236 2700 4303 infortunium,
2733 4239 2814 4291 vel
2859 4248 3263 4308 paupertatem,
3300 4241 3485 4295 aliain-

1901 4342 1966 4381 ve
2009 4342 2169 4396 quam
2213 4327 2417 4394 justam
2471 4344 2717 4391 causam,
2756 4340 2851 4384 aut
2880 4332 3045 4385 etiam
3087 4332 3190 4386 loci
3228 4332 3487 4387 ferocita-

1905 4429 2035 4483 tem,
2063 4427 2111 4470 et
2150 4418 2591 4485 iustabilitatem,
2622 4434 2685 4473 ac
2725 4420 3059 4485 barbariem,
3089 4420 3155 4477 ad
3189 4421 3483 4477 utilitatem

1907 4524 2085 4573 suam,
2116 4508 2201 4561 vel
2236 4508 2466 4565 alterius
2499 4509 2833 4579 cujuspiam,
2862 4525 2968 4564 non
3005 4512 3072 4565 ad
3107 4512 3304 4567 anima:
3332 4511 3487 4566 dam-

217 4596 277 4648 ob
317 4596 451 4664 πρὸς
480 4594 720 4663 ψυχικὴν
748 4593 971 4663 βλάϐην.
1008 4592 1140 4645 Τότε
1166 4592 1275 4661 γὰρ
1295 4590 1771 4660 συγγνωσθήσεται

1908 4614 2058 4652 num.
2092 4597 2248 4651 Tunc
2293 4600 2440 4653 enim
2483 4599 2531 4653 ei
2574 4600 2731 4654 venia
2774 4600 3015 4665 dabitur,
3053 4609 3111 4656 ut
3138 4603 3230 4673 qui
3266 4618 3376 4658 non
3412 4604 3485 4659 sit

219 4688 296 4746 ὡς
323 4686 397 4755 μὴ
432 4684 768 4755 ἀρνούμενος
793 4684 855 4736 τδ
880 4684 1225 4753 ἐπάγγελμα,
1272 4683 1409 4752 μηδὲ
1452 4698 1798 4752 καταφρονηο

218 4776 389 4837 τικῶς
444 4776 583 4844 ἔχων
636 4776 772 4844 πρὸς
826 4775 889 4828 τὸ
941 4775 1147 4843 σχῆμα,
1205 4776 1339 4845 μηδέ
1386 4790 1530 4826 τισιν
1595 4774 1803 4842 ἑτέροις

220 4868 627 4937 ἐπιτιθέμενος.

309 4962 655 5029 Ἐρώτησις.
708 4962 776 5015 Εἴ
797 4978 880 5025 τις
940 4961 1235 5032 ίερωμένος
1266 4962 1516 5033 συμμιγῆ
1557 4960 1685 5014 λαὸν
1727 4960 1803 5014 δι-

222 5051 506 5117 ανίστησιν
524 5052 555 5121 ἢ
576 5052 719 5105 κατὰ
743 5051 837 5105 τοῦ
862 5052 1062 5107 οἰκείου
1090 5053 1414 5113 ἐπισκόπου.
1440 5052 1635 5121 ἥκατά
1659 5067 1804 5112 τινος

226 5142 415 5212 ἑτέρου
458 5142 680 5205 ἁπλῶς.
726 5146 819 5196 καὶ
862 5145 1169 5213 ὀχλοποιεῖ,
1221 5144 1316 5196 καὶ
1359 5144 1633 5215 ἑκμελετᾷ
1684 5141 1803 5194 κατ’

225 5232 392 5285 αὖτοῦ
413 5274 428 5297 ,
462 5234 515 5286 τί
544 5234 747 5301 ὀφείλει
778 5229 933 5298 οὗτος
961 5234 1247 5288 πείσεσθαι
1278 5235 1387 5288 ἀπὸ
1420 5235 1676 5297 κανόνοςς

1908 4688 2183 4743 iulleiatus
2231 4689 2587 4758 promissum,
2633 4696 2853 4760 nequel
2903 4693 3240 4764 contemptui
3286 4694 3487 4750 habeat

1912 4780 2185 4845 habitum,
2214 4796 2391 4851 neque
2428 4783 2554 4837 ullis
2585 4782 2709 4837 aliis
2738 4784 3051 4840 insidietur.

2011 4957 2206 5013 Interr.
2285 4959 2339 5015 Si
2415 4960 2539 5031 quis
2608 4972 2860 5018 sacratus
2931 4965 3306 5035 promiscuum
3365 4966 3488 5020 vul—

1915 5066 2042 5111 eum
2104 5051 2308 5105 excitet
2377 5053 2640 5107 adversus
2722 5068 2883 5108 suum
2960 5055 3323 5126 episcopum,
3406 5056 3491 5109 vel

1915 5144 2081 5195 alium
2125 5144 2426 5212 quemlibet
2456 5144 2803 5214 simpliciter,
2857 5156 2913 5201 et
2952 5146 3141 5202 turbas
3173 5158 3488 5219 eongreget,

1915 5248 1979 5287 ac
2058 5236 2317 5289 moliatur
2371 5236 2422 5289 in
2489 5251 2639 5300 eum,
2706 5237 2970 5307 quidnam
3037 5254 3066 5291 a
3121 5253 3331 5294 canone
3379 5240 3489 5308 pati

1914 5327 2115 5382 debet?

1496 5466 1730 5522 VARIA‘I
1774 5464 2175 5521 LECTIONES.

306 5602 347 5631 δ’
400 5602 779 5671 παραγγελίαν
814 5601 965 5670 γοῦν.
1071 5603 1114 5633 δ’
1146 5601 1323 5655 αἰτίαν
1355 5602 1590 5670 εύλογςν,

300 5743 329 5781 δ
359 5742 627 5795 sacerdos.

232 5811 256 5850 ³
314 5814 369 5863 in
430 5811 727 5864 sacerdotio
779 5816 1118 5866 constitutus.

234 5896 289 5936 su
301 5898 378 5935 2m
407 5897 510 5935 non
540 5893 700 5951 neget.

1231 5826 1253 5850 ε
1286 5814 1603 5865 lmitarerit.
1688 5812 1705 5850 ί

708 5752 729 5776 ε·
766 5758 879 5795 vere
928 5751 1048 5795 acta
1112 5742 1433 5809 pmnitentia,
1469 5742 1543 5794 vel
1590 5750 1742 5808 prout
1802 5740 2039 5808 ponti/iri
2090 5739 2314 5801 videtur,
2360 5738 2541 5791 habita
2608 5738 2924 5806 pmuitentim
2976 5750 3209 5804 ipsorum
3269 5745 3491 5790 ratione.

708 5828 727 5861 ο
779 5816 1118 5866 constitutus.
1231 5826 1253 5850 ε
1286 5814 1603 5865 lmitarerit.
1688 5812 1705 5850 ί
1775 5814 1939 5878 fustes
1988 5826 2190 5878 gerens.
2273 5810 2297 5848 ⁸
2345 5809 2556 5878 {ustcm.
2635 5811 2658 5849 δ
2692 5826 2833 5878 ergo.
2919 5822 2931 5847 ι
2986 5808 3074 5878 qui
3122 5807 3491 5875 professionem

1802 5824 1939 5865 ustas
1988 5826 2190 5879 gerens.

2273 5810 2297 5848 ⁸
2345 5809 2556 5879 {ustcm.
2635 5811 2658 5849 ιι
2692 5826 2833 5879 ergo.
2919 5822 2931 5847 ι
2986 5808 3074 5879 qui
3122 5807 3495 5875 professionem
