4188 6446
753 441 902 505 1007

751 649 1031 716 gatiOuem
1059 643 1263 697 factum
1287 651 1397 707 est,
1424 650 1479 698 et
1509 644 1575 698 ad
1612 645 1753 698 hanc
1779 641 2035 708 sulIiciet,
2067 659 2165 700 nec
2200 644 2320 714 plu-

753 739 908 792 ribus
941 750 1080 805 opus
1111 742 1196 789 cst
1226 733 1424 788 verbis.

825 829 1022 883 Interr.
1096 828 1153 882 Si
1187 827 1308 896 quis
1349 831 1602 880 sacratus
1662 825 1891 881 edoctus
1961 824 2147 890 fuerit,
2185 839 2321 894 quo—

749 923 914 978 modo
965 920 1169 984 omnia,
1228 932 1351 988 qua:
1409 925 1538 972 sunt
1593 915 1891 972 secundum
1947 930 2210 982 canones,
2243 914 2323 968 fa-

751 1030 875 1070 cere
932 1018 1207 1082 oporteat,
1249 1024 1370 1080 quae
1404 1017 1584 1064 autem
1629 1018 1825 1078 praeter
1883 1006 2317 1062 ecclesiasticam

750 1105 1148 1165 institutionem
1181 1112 1234 1157 ct
1258 1102 1628 1163 traditionem,
1652 1099 1889 1155 aversari
1915 1116 1927 1152 :
1954 1107 2008 1154 et
2025 1108 2317 1169 postquam

749 1198 835 1254 vel
871 1196 1025 1252 nullo
1068 1195 1252 1259 modo,
1307 1194 1392 1249 vel
1459 1192 1527 1246 ad
1581 1199 1796 1262 tempus
1833 1191 2103 1261 paruerit,
2124 1207 2317 1248 rursus

743 1289 1041 1360 aliquando
1088 1289 1157 1342 ad
1205 1302 1333 1342 suos
1382 1282 1711 1354 depravatos
1740 1299 1922 1340 mores
1980 1291 2318 1352 revertatur,

742 1393 798 1438 et
832 1394 1026 1454 praeter
1088 1393 1333 1434 canones
1385 1377 1936 1448 ecclesiasticamque
1965 1375 2317 1432 traditionem

744 1473 976 1530 alienisi
1021 1472 1289 1537 moribus,
1321 1479 1371 1526 et
1419 1487 1525 1542 .pro
1563 1485 1658 1525 sua
1710 1470 1935 1525 libidine
1976 1478 2181 1537 utatur,
2229 1469 2319 1524 cui

744 1577 920 1633 paena;
954 1561 1254 1616 secundum
1272 1572 1513 1614 canones
1541 1555 1898 1626 subjicietur!

816 1653 971 1720 Resp.
1009 1652 1162 1717 Quod
1196 1660 1387 1704 contra
1440 1649 1658 1703 divinos
1697 1661 1937 1703 canones
1977 1645 2318 1703 ecclesiasti—

743 1762 978 1817 eamque
1033 1744 1380 1799 traditionem
1418 1742 1498 1804 iit,
1534 1753 1626 1796 aut
1659 1740 2059 1796 emendandum
2079 1749 2184 1804 est,
2224 1748 2318 1792 aut

741 1853 970 1909 prorsus
1002 1833 1482 1890 condemnandum
1528 1851 1541 1885 :
1578 1841 1629 1886 et
1667 1831 2098 1902 transgredienti
2153 1843 2314 1899 poena

745 1949 772 1983 a
837 1927 1164 1995 competenti
1191 1938 1400 1979 canone
1427 1922 1650 1977 deﬁnita
1685 1932 1786 1975 est.

819 2018 1018 2073 Interr.
1071 2017 1127 2071 Si
1177 2017 1301 2086 quis
1353 2015 1612 2070 sacerdos
1683 2013 1886 2067 donum
1943 2018 2318 2067 sacramento-

745 2130 865 2167 rum
898 2110 1439 2166 communicantibus
1466 2123 1570 2161 non
1605 2107 1846 2178 gratuito
1892 2107 2177 2176 largiatur,
2212 2120 2318 2177 qua

744 2218 981 2260 censura
1025 2200 1446 2257 emendabitur?

815 2295 969 2365 Resp.
1005 2293 1060 2348 Si
1087 2293 1175 2346 hic
1227 2301 1351 2362 pOst
1384 2305 1546 2344 unam
1597 2289 1682 2344 vel
1723 2288 1950 2343 alteram
1993 2287 2318 2342 admonitio-

746 2405 870 2446 nem
918 2403 1029 2441 non
1093 2387 1422 2454 corrigatur,
1472 2382 1704 2452 benigna
1752 2382 1965 2434 ratione
2009 2394 2320 2434 excommu-

747 2479 1044 2535 nicabitur.
1102 2476 1256 2542 Quod
1319 2473 1366 2529 si
1411 2483 1597 2544 postea
1652 2473 1944 2528 absolutus
1999 2485 2318 2526 excommu-

745 2574 1024 2629 nicatione
1049 2570 1274 2624 cmleste
1321 2569 1524 2623 donum
1558 2581 1668 2621 non
1715 2566 1902 2620 venale
1934 2563 2171 2619 vendere
2198 2577 2320 2632 per-

747 2669 979 2726 severet,
1043 2661 1367 2731 deponetur.
1442 2656 1673 2712 Donatio
1723 2656 1868 2710 enim
1926 2655 2043 2722 Dei,
2095 2654 2320 2708 donatio

749 2770 858 2810 non
920 2752 1128 2807 venalis
1159 2752 1209 2805 ιτ.
1246 2749 1446 2820 Siquis
1500 2756 1682 2803 autem
1751 2749 1801 2802 ei
1854 2756 2048 2817 sponte
2104 2747 2317 2810 oderat,

749 2850 803 2902 in
871 2845 1128 2901 solatium
1161 2843 1304 2898 forte
1340 2842 1703 2913 paupertatis,
1755 2840 1842 2896 vel
1874 2841 2101 2895 honoris
2127 2851 2318 2901 causa,

749 2940 832 2994 vel
866 2939 918 2992 in
953 2936 1172 2990 modum
1198 2932 1575 2997 liberalitatis;
1607 2931 1877 3000 accipere,
1909 2938 1965 2986 et
2025 2945 2124 3001 pro
2181 2927 2318 2984 olle-

747 3033 902 3081 rente
931 3033 1056 3079 vota
1082 3021 1262 3077 facere
1295 3037 1403 3077 non
1432 3019 1774 3089 prohibetur.

830 3201 1025 3255 huerr.
1093 3198 1150 3253 Si
1216 3200 1342 3269 quis
1399 3195 1658 3254 sacerdos
1715 3196 1886 3253 salem
1939 3195 2313 3260 benedicens,

748 3307 839 3350 aut
897 3294 1093 3349 ovibus
1127 3298 1181 3346 et
1236 3290 1412 3346 bobus
1471 3303 1660 3359 preces
1687 3289 1921 3343 fundens
1982 3287 2317 3352 inveniatur,

743 3397 1047 3451 eorumque
1086 3379 1402 3451 pectuscuia
1429 3385 1484 3432 et
1526 3377 1672 3433 coria
1706 3380 2002 3448 recipiens,
2028 3387 2122 3432 aut
2153 3379 2320 3433 etiam

745 3475 1032 3531 columbas
1124 3472 1190 3526 ad
1264 3479 1609 3526 mortuorum
1663 3470 1912 3538 sepulcra
1990 3476 2044 3524 et
2114 3485 2322 3524 memo-

742 3570 860 3622 rias
928 3562 1340 3626 mactans,cui
1407 3574 1584 3630 poenae
1653 3559 1990 3629 subjicitur?
2045 3561 2128 3614 An
2157 3561 2322 3614 liceat

747 3669 932 3713 autem
987 3657 1036 3711 ei
1107 3663 1163 3710 et
1220 3654 1497 3710 convivari
1559 3653 1612 3706 in
1683 3652 1985 3717 memoriis,
2042 3660 2096 3707 et
2171 3652 2323 3708 festis

748 3754 969 3817 diebus,
1033 3758 1088 3804 et
1147 3748 1374 3818 nuptiis,
1430 3761 1556 3801 cum
1613 3745 1769 3802 laicis
1825 3747 2077 3800 convivia
2119 3746 2324 3802 haben-

749 3847 935 3909 tibus;
979 3843 1046 3897 ad
1077 3840 1193 3895 haec
1223 3842 1276 3895 in
1309 3855 1374 3895 eo
1404 3837 1550 3910 quod
1612 3839 1820 3894 interea
1847 3853 2168 3910 responsum
2193 3838 2321 3906 erit,

749 3937 1120 4007 acquiescam.

821 4122 984 4189 Resp.
1027 4116 1299 4173 Animalia
1355 4121 1409 4168 et
1463 4125 1594 4168 oves
1649 4111 1704 4164 in
1741 4109 1992 4164 ecclesiis
2020 4106 2235 4173 oﬂ'erre,
2264 4115 2324 4162 ut

752 4219 1059 4269 mactentur
1112 4225 1138 4262 a
1173 4204 1577 4267 sacerdotibus,
1632 4201 1727 4270 qui
1782 4201 1929 4254 velut
1968 4213 2160 4254 eorum
2188 4212 2319 4268 por-

750 4302 1050 4358 tiunculam
1094 4298 1388 4366 accipiant,
1445 4293 1618 4348 veteri
1674 4307 1845 4357 more,
1905 4291 2223 4360 pectuscula
2275 4299 2328 4344 et

749 4399 926 4460 coria,
1002 4396 1129 4448 item
1203 4389 1488 4445 columbos
1555 4384 1622 4438 ad
1677 4383 1927 4454 sepulcra
1986 4393 2325 4436 mortuorum

751 4486 1102 4548 sacriﬁcare,
1168 4480 1456 4535 Judaicum
1513 4478 1872 4540 omninoest,
1913 4482 1966 4528 et
2020 4471 2322 4537 Gracuml,

2055 440 2191 501 JUS
2233 439 2678 502 CANONICUM

827 555 985 621 Βεερ.
1038 549 1412 620 Responsum.
1481 551 1628 622 quod
1689 551 1755 606 ad
1812 549 2043 621 primam
2094 553 2404 612 interro-A

2346 3247 2393 3313 C

3873 440 4006 504 1003

2516 556 2637 608 Ἀπ.
2683 555 2747 606 Ἦ
2777 552 2912 624 πρὸς
2954 552 3051 623 τὴν
3083 551 3307 623 πρώτην
3340 567 3434 605 σου
3469 549 3737 622 ἐρώτησιν
3777 552 4007 623 ἀποκρευ

2437 665 2520 710 σις
2552 647 2776 719 ἀρκέσει
2811 646 2905 700 καὶ
2936 645 3071 716 πρὸς
3108 644 3207 716 την
3241 644 3336 698 νῦν
3357 685 3371 710 ,
3415 643 3509 696 καὶ
3542 643 3604 697 οὐ
3637 642 3796 714 χρεία
3836 644 4008 711 λόγων

2430 738 2660 794 πολλῶν.

2514 829 2858 900 Ἐρώτησις.
2887 828 2956 883 Ei
2976 845 3060 891 τις
3087 827 3388 897 ίερωμὲνος
3426 825 3711 898 ὲκδιδαχθῇ
3755 826 3826 882 τά
3866 829 4006 880 κατᾶ

2432 923 2664 985 κανόνας
2710 922 2889 976 πάντα
2917 922 2992 985 ὼς
3039 922 3120 974 δεῖ
3163 919 3626 987 διαπράττεσθαι,
3653 920 3723 972 τὰ
3761 920 3821 973 δὲ
3856 919 4005 990 παρὰ

2429 1015 2527 1086 τὴν
2558 1015 3022 1085 ὲκκλησιαστικὴν
3051 1013 3384 1067 κατάστασιν
3411 1013 3507 1065 καὶ
3535 1011 3837 1083 παράδοσιν
3869 1014 4004 1066 ἁπο-

2431 1108 2796 1178 στρέφεσθαιο
2845 1108 2874 1160 ὁ
2919 1108 3039 1178 δὲῆ
3099 1110 3350 1181 οὐδαμῶς
3392 1113 3425 1182 ἢ
3473 1113 3607 1184 πρὸς
3653 1113 3846 1182 καιρὸν
3885 1129 4003 1163 πει-

2430 1200 2579 1263 σθεὶς
2602 1240 2617 1266 ,
2649 1200 2812 1253 πάλιν
2843 1200 2994 1270 παρὰ
3032 1203 3222 1273 καιρὸν
3254 1205 3390 1273 πρὸς
3417 1205 3485 1256 τά
3515 1205 3805 1276 παράλογα
3839 1203 4000 1257 αὑτοῦ

2429 1293 2534 1364 ἢθη
2567 1294 2898 1364 ὑποστρέφει
2920 1335 2935 1359 ,
2967 1293 3060 1346 καὶ
3089 1294 3242 1364 παρὰ
3273 1296 3502 1360 κανόνας
3542 1295 3636 1350 καὶ
3672 1295 3772 1365 τὴν
3808 1295 4007 1363 ἔκκλη-

2429 1386 2714 1456 σιαστικὴν
2753 1385 3052 1456 παράδοσιν
3103 1387 3413 1452 ἀλλοκότοις
3445 1389 3594 1441 ἔθεσι
3638 1391 3733 1441 καὶ
3771 1372 3886 1450 τοῖς
3919 1388 4001 1440 doc

2427 1479 2617 1532 κοῦσιν
2647 1479 2797 1549 αὐτῷ
2829 1481 3027 1551 χρᾶται
3050 1494 3064 1508 ⁸
3097 1479 3202 1533 τίνι
3231 1479 3490 1551 ἐπιτιμίῳ
3531 1482 3834 1544 κανονικιῖκ
3878 1481 4001 1532 ὐπο-

2427 1571 2670 1624 κείσεται
2691 1587 2705 1637 ;

2506 1663 2638 1717 Ἀπ.
2679 1661 2751 1714 Τὸ
2782 1663 2934 1732 παρὰ
2963 1663 3089 1726 τοὺς
3121 1663 3299 1727 θείους
3334 1666 3566 1727 κανόνας
3597 1665 3886 1734 γινόμενον
3915 1667 4002 1717 καὶ

2425 1755 2523 1826 τὴν
2557 1755 3016 1825 ὲκκλησιαστικὴν
3055 1755 3374 1825 παράδοσιν,
3413 1757 3444 1826 ἢ
3477 1756 3802 1828 διορθωτέω
3835 1759 3998 1815 ἱστὶν,

2425 1847 2457 1915 ἢ
2494 1846 2712 1908 τελείως
2742 1847 3155 1914 καταγνωστέον
3177 1865 3190 1879 ο
3234 1848 3330 1901 καὶ
3359 1847 3436 1917 τῷ
3470 1849 3868 1917 παραϐαίνοντι
3899 1851 4000 1902 ἀπὸ

2352 1915 2394 1972 Β
2424 1939 2516 1991 τοῦ
2548 1938 2858 2009 προσφόρου
2891 1939 3115 2002 κανόνος
3142 1941 3202 1992 τδ
3230 1915 3505 2007 ἐπιτίμιον
3532 1915 3787 2010 ὥρισται.

2504 2031 2849 2102 Ἐρώτησις.
2881 2031 3028 2096 Είτις
3053 2034 3236 2103 ἱερεὺς
3269 2035 3341 2104 μὴ
3369 2037 3509 2087 κατὰ
3537 2034 3747 2101 δωρεὰν
3775 2033 3877 2103 τὴν
3905 2034 4000 2086 δωσ

2425 2118 2554 2182 ρεὰν
2596 2119 2703 2172 τῶν
2748 2120 3064 2190 μυστηρίων
3099 2123 3212 2181 τοῖς
3252 2122 3728 2193 μεταλαμϐάνουσι
3756 2123 4000 2185 δίδωσιν,

2420 2210 2567 2272 ὅπως
2597 2212 3049 2280 ὲπιτιμηθήσεται
3084 2207 3272 2278 οὗτοςς

2504 2301 2634 2354 Ἀπ.
2691 2301 2750 2354 Ὀ
2791 2301 3034 2365 τοιοῦτος
3065 2302 3208 2356 κατὰ
3253 2304 3635 2376 φιλάνθρωπον
3665 2307 3824 2373 λόγον
3867 2311 4002 2374 μετὰ

2424 2394 2556 2464 μίαν
2595 2393 2689 2447 καὶ
2719 2393 2978 2464 δευτέραν
3022 2397 3401 2467 παραγγελίαν
3443 2398 3618 2465 μένων
3653 2399 4002 2468 άδιόρϐωτος,

2422 2485 2873 2556 ἀφορισθήσεται,
2904 2487 2965 2538 Ei
2993 2487 3050 2540 δὲ
3088 2488 3225 2557 μετὰ
3250 2489 3421 2542 ταῦτα
3453 2489 3632 2551 λυθεὶς
3669 2490 3762 2542 τοῦ
3804 2494 3999 2558 ἀφορι-

2421 2576 2595 2644 σμοῦ,
2644 2577 2920 2646 ἐπιμένων
2971 2577 3276 2648 πιπράσκει
3319 2580 3421 2649 τὴν
3465 2581 3708 2649 ἄπρατον
3751 2580 4001 2648 οὐράνιον

2421 2665 2647 2734 δωρεὰν,
2680 2665 3158 2737 καθαιρεθήσεται.
3192 2669 3379 2738 Δωρεά
3411 2669 3520 2739 γὰρ
3548 2670 3582 2740 ἡ
3607 2669 3702 2722 τοῦ
3741 2670 3878 2723 Θεοῦ
3902 2671 4001 2723 δω-

2423 2757 2554 2829 ρεὰ,
2607 2758 2728 2828 οὐχὶ
2768 2757 2945 2812 ὢνιον.
3005 2760 3100 2813 Ἐκ
3125 2762 3496 2830 προαιρέσεως
3539 2762 3596 2814 δὲ
3639 2762 3697 2813 εῐ
3725 2780 3809 2824 τις
3852 2763 4002 2834 αὐτῷ

2422 2850 2724 2920 προσφέρει
2785 2852 2866 2914 είς
2919 2852 3263 2923 παρηγορίαν
3314 2853 3474 2923 τυχὸν
3523 2854 3622 2923 τῆς
3678 2856 3907 2920 πενίας,
3963 2856 3999 2924 ἦ

2422 2943 2856 3010 τιμῆςὲνεκεν,
2888 2942 2921 3012 ἦ
2955 2943 3098 2996 κατὰ
3128 2943 3330 3014 τρόπον
3370 2945 3684 3014 φιλοτιμίας
3726 2946 3921 2998 τοῦτον
3955 2947 4002 2978 ⁸³

2424 3033 2723 3104 λαμϐάνειν
2747 3035 2840 3089 καὶ
2871 3035 3273 3108 ὑπερεύχεσθαι
3299 3037 3393 3090 τοῦ
3423 3039 3906 3109 προσενεγκόντος,
3937 3041 4000 3092 οὗ

2424 3127 2749 3182 κεκώλυται.

2505 3218 2839 3286 Ἐρώτησις.
2886 3221 2953 3273 Ei
2975 3239 3058 3286 τις
3104 3223 3280 3294 ἱερεὺς
3312 3225 3485 3278 ἆλατα
3531 3225 3803 3292 εὐλογῶν,
3833 3227 3868 3297 ἢ
3913 3231 4004 3280 καὶ

2427 3312 2719 3381 προϐάτοις
2753 3314 2915 3382 εὐχὰς
2947 3315 3120 3379 διδοὺς
3173 3319 3265 3369 καὶ
3315 3317 3497 3386 βουσὶν
3525 3319 3758 3387 εὑρεθῇ,
3796 3321 3893 3371 καὶ
3937 3323 4006 3372 τὰ

2427 3404 2684 3473 στηθύνια
2713 3407 2938 3470 τούτων,
2971 3410 3062 3460 καὶ
3088 3408 3156 3461 τὰ
3182 3408 3427 3479 δέρματα
3455 3409 4000 3480 ὰναλαμϐανόμνος,

2425 3495 2457 3564 ἢ
2492 3495 2584 3547 καὶ
2611 3496 2942 3566 περιστεράς
2974 3499 3031 3550 ὲν
3063 3499 3173 3559 τοῖς
3198 3499 3390 3566 τάφοις
3417 3499 3528 3551 τῶν
3564 3501 3881 3552 τεθνεώτων
3913 3503 4006 3554 καὶ

2423 3587 2535 3646 τοῖς
2582 3583 2944 3656 μνημοσύνοις
2982 3585 3162 3638 αὐτῶν
3202 3585 3556 3652 σφαγιάζων,
3588 3586 3697 3638 τίνι
3740 3587 4007 3654 ἐπιτιμίῳ

2427 3675 2748 3740 ὑπόκειται;
2789 3675 2849 3729 El
2889 3676 3065 3739 ἔξεστι
3108 3678 3163 3729 δὲ
3196 3676 3344 3745 αὺτῷ
3373 3678 3463 3729 καὶ
3513 3676 3916 3745 συμποσιάςειν
3948 3678 4006 3727 ὲν

2423 3770 2535 3829 τοῖς
2569 3767 2954 3836 μνημοσύνοις,
2987 3768 3081 3820 καὶ
3111 3770 3170 3821 ὲν
3205 3771 3324 3830 ταῖς
3354 3767 3700 3835 ἑορτασίμοις
3741 3767 4003 3836 ἡμέραις,

2425 3858 2519 3912 καὶ
2581 3859 2638 3911 ἑν
2694 3861 2805 3921 τοῖς
2856 3859 3084 3927 γάμοις,
3148 3859 3286 3927 μετὰ
3347 3859 3456 3910 τῶν
3514 3858 4006 3927 συμποσιαζόντων

2425 3949 2656 4014 λαῖκῶν,
2709 3951 2844 4021 πρὸς
2890 3949 3060 4003 ταῦτα
3094 3952 3151 4002 ὲν
3194 3949 3272 4020 τῷ
3315 3951 3454 4012 τέως
3492 3949 3849 4020 ἀποκριθέντι
3899 3947 4006 4016 ἔχω

2427 4040 2628 4103 καλῶς.

2511 4129 2628 4181 Ἀπ.
2672 4129 2744 4183 Τὸ
2773 4131 2854 4192 εἰς
2903 4129 3003 4192 τὰς
3067 4129 3359 4201 ἐκκλησίας
3394 4129 3725 4199 προσφέρειν
3758 4126 3872 4189 ζῶα
3912 4128 4003 4177 καὶ

2427 4219 2706 4286 πρόϐατα,
2744 4221 2838 4272 καὶ
2875 4221 3274 4288 σφαγιάζεσθαι
3306 4221 3457 4289 παρὰ
3487 4221 3595 4271 τῶν
3650 4218 3877 4284 ίερέων,
3909 4219 4002 4267 καὶ

2426 4303 2536 4360 οἷον
2585 4308 2940 4378 ἁφαιρέματα
2981 4310 3184 4362 τούτων
3238 4309 3564 4378 λαμϐάνειν,
3599 4307 3742 4359 κατὰ
3784 4305 3846 4357 τὸ
3897 4322 4004 4356 πα-

2427 4399 2598 4463 λαιὸν,
2631 4399 2696 4452 τὰ
2727 4398 2988 4467 στηθύνια
3021 4400 3204 4452 καὶτὰ
3231 4400 3492 4469 δέρματα,
3526 4399 3619 4450 καὶ
3649 4397 3713 4448 τὸ
3745 4411 4001 4464 περιστε-

2430 4491 2530 4560 ρὰς
2559 4492 2616 4542 ὲν
2642 4495 2753 4552 τοῖς
2783 4491 2975 4559 τάφοις
2999 4491 3110 4544 τῶν
3146 4491 3455 4544 τεθνεώτων
3491 4490 3658 4550 θύειν,
3711 4488 4001 4539 Ἰουδαϊκὸν

750 4592 805 4636 et
827 4591 1065 4635 censura
1103 4574 1560 4640 correctioneque
1600 4569 1847 4638 dignum.
1878 4565 2110 4620 Ratione
2137 4575 2315 4619 autem

2432 4581 2690 4650 ἄντικρύς
2723 4583 2870 4647 ἐστι,
2909 4583 3003 4635 καὶ
3042 4583 3386 4652 Ἑλληνικὸν,
3434 4581 3526 4634 καὶ
3554 4581 3703 4643 ἄξιον
3743 4581 4000 4645 ὲπιτιμῇ-

752 4671 998 4725 carentia
1034 4666 1251 4737 dignari
1286 4664 1424 4725 sale,
1474 4672 1528 4714 et
1559 4674 1690 4712 oves
1730 4674 1789 4711 ac
1819 4657 2008 4720 boves,
2045 4658 2112 4710 ad
2169 4658 2320 4711 utili-

750 4770 923 4815 tatem
951 4755 1349 4812 assumentium
1383 4760 1444 4816 ³,
1481 4751 1884 4817 sanitatemque
1935 4750 2200 4818 ipsorum,
2267 4754 2319 4800 et

751 4850 1096 4912 animalium,
1173 4845 1305 4899 nihil
1369 4843 1532 4897 habet
1591 4840 1869 4895 absurdi:
1927 4841 2060 4908 quin
2141 4841 2320 4908 potius

750 4946 915 5001 etiam
953 4941 1073 4996 [idei
1099 4947 1180 4994 est
1212 4938 1365 4992 illud.
1402 4935 1474 4990 Ut
1514 4936 1768 4989 animalia
1815 4934 1979 4987 etiam
2015 4933 2320 4989 sacerdoti-

754 5037 857 5089 bus
913 5033 1215 5088 oderantur
1270 5028 1338 5083 ab
1389 5026 1534 5090 aliis,
1593 5025 1709 5080 sive
1737 5025 1884 5088 viva,
1918 5025 2030 5078 sive
2063 5031 2318 5086 mactata,

755 5127 809 5178 in
841 5126 1098 5178 honorem
1155 5130 1184 5158 ιι
1220 5119 1454 5188 aliquem
1489 5125 1542 5170 et
1569 5116 1962 5184 expiationem,
1991 5121 2186 5184 praater
2217 5095 2319 5166 ἠ-

745 5216 955 5268 tionem
1013 5227 1122 5266 non
1180 5219 1285 5274 est,
1341 5207 1436 5262 sed
1488 5213 1541 5260 et
1599 5206 1799 5274 pietate
1831 5204 2089 5274 plenum:
2157 5204 2319 5258 modo

748 5319 820 5358 ne
853 5305 918 5357 ad
951 5305 1142 5368 altare,
1211 5301 1294 5355 vel
1337 5299 1476 5352 intra
1504 5297 1810 5351 ecclesiam.
1840 5296 2075 5366 Ideoque
2100 5307 2321 5365 pectus-

750 5395 874 5448 cuia
922 5403 974 5448 et
1040 5393 1187 5449 coria
1227 5392 1389 5445 allata
1431 5385 1691 5444 sacerdos
1719 5387 1944 5441 omnino
1965 5387 2102 5441 citra
2131 5402 2318 5457 repre-

2427 4689 2563 4735 σεως
2593 4673 2686 4725 καὶ
2707 4672 3062 4742 διορθώσεως.
3097 4675 3168 4724 Τὸ
3191 4673 3247 4725 δὲ
3281 4674 3449 4738 ἄλογα
3483 4670 3667 4736 ἀξιοῦν
3689 4669 3799 4721 τῶν
3829 4670 3997 4731 ἁλῶν,

2428 4764 2521 4816 καὶ
2563 4763 2632 4815 τὰ
2666 4762 2914 4832 πρόϐατα
2946 4764 3041 4816 καὶ
3072 4764 3198 4824 τοὺς
3234 4764 3382 4831 βόας,
3417 4762 3552 4832 πρὸς
3581 4761 3852 4828 ὠφέλειαν
3891 4761 3999 4812 τῶν

2432 4853 2987 4923 μεταλαμϐανόντων,
3031 4856 3124 4908 καὶ
3172 4854 3358 4922 ὑγείαν
3415 4853 3593 4907 αὐτῶν
3642 4871 3701 4904 τε
3755 4856 3849 4905 καὶ
3889 4852 4000 4904 τῶν

2431 4943 2606 5008 ζώων,
2634 4946 2786 4997 οὐδὲν
2819 4946 2932 5015 ἔχει
2975 4946 3205 5010 ἄτοπον,
3244 4947 3376 5000 ἀλλὰ
3407 4946 3605 5014 μᾶλλον
3633 4946 3726 4997 καὶ
3761 4945 3999 5005 πίστεώς

2431 5034 2547 5085 ἐστι
2572 5032 2747 5087 τοῦτο.
2783 5037 2891 5089 Καὶ
2911 5037 2970 5088 τὸ
2999 5037 3067 5088 τὰ
3100 5035 3213 5100 ζῶα
3244 5036 3299 5089 δὲ
3328 5038 3440 5098 τοῖς
3473 5035 3680 5105 ἱερεῦσι
3712 5035 4000 5104 παρεῖτῶν

2428 5123 2602 5178 ἄλλων
2632 5127 3068 5198 προσφέρεσθαι,
3114 5128 3223 5180 εἴτε
3271 5127 3482 5193 ζῶντα,
3514 5128 3624 5179 είτε
3663 5127 3759 5178 καὶ
3825 5130 3998 5193 ἑσσα-

2426 5215 2624 5284 γμένα,
2657 5219 2795 5269 κατὰ
2811 5220 2977 5287 τιμήν
2999 5235 3118 5271 τινα
3134 5220 3228 5270 καὶ
3250 5219 3566 5284 ἀφοσίωσιν,
3593 5218 3654 5271 οὐ
3686 5218 4002 5287 παράλογόν

2429 5307 2606 5372 ἐστιν,
2644 5308 2777 5360 ἀλλὰ
2807 5309 2898 5361 καὶ⁸
2936 5310 3179 5372 εὐσεϐές.
3211 5311 3353 5379 Πλὴν
3386 5310 3461 5380 μὴ
3491 5311 3569 5372 εἰς
3601 5310 3661 5362 τὸ
3701 5310 4000 5378 θυσιαστή-

2436 5412 2582 5465 ριον,
2626 5396 2658 5467 ἦ
2717 5401 2797 5461 εἰς
2844 5399 2940 5470 τὴν
2985 5401 3278 5472 ἐκκλησίαν
3337 5402 3507 5464 ἐντός.
3570 5401 3632 5454 El
3680 5401 3740 5453 δὲ
3807 5400 4000 5461 τοῦτο,

2050 5518 2282 5579 VAlil/E
2316 5525 2722 5584 LECTIONES.

821 5617 868 5651 υ
892 5617 1067 5668 τοῦτο.

838 5772 850 5810 ι
894 5762 1202 5831 peregrinis.
1278 5759 1303 5798 ι
1339 5760 1475 5816 Nam
1509 5766 1706 5814 donum
1744 5761 1839 5816 hoc
1877 5763 1988 5829 Dei,
2017 5767 2212 5822 donum
2254 5779 2330 5824 est
2362 5785 2378 5823 :
2405 5787 2509 5825 non
2546 5788 2626 5827 res
2665 5773 2882 5828 renatis.

754 5835 875 5887 lem.
953 5844 980 5870 ιλ
1010 5835 1222 5887 honoris
1256 5842 1303 5886 et
1337 5834 1635 5888 devotionis
1693 5851 1876 5891 causa.

2984 5772 2998 5810 ³
3024 5790 3304 5843 paganum.
3382 5784 3422 5812 α
3453 5777 3877 5844 percipientium,
3913 5794 3997 5830 sa-
