4188 6446
211 434 355 500 1009

1498 425 2206 490 GRzECO-ROMANUM.

3331 426 3471 491 1010

209 549 431 606 πάντως
462 541 555 595 καὶ
597 539 667 594 τὰ
708 538 971 611 στηθύνια
998 538 1093 591 καὶ
1126 538 1193 592 τά
1232 537 1478 607 δέρματα
1514 536 1789 607 προσαγό-

1903 535 2220 589 hensionem
2254 533 2509 605 accipiet.
2562 531 2666 601 Qui
2720 530 2871 589 enim
2894 536 3071 587 totum
3098 530 3341 597 exhibet,
3361 550 3470 590 non

216 654 380 706 μενα,
408 632 845 702 ἀκαταγνὼστως
873 631 1105 702 λήψεται
1130 632 1158 683 ὁ
1176 629 1375 700 ίερεύς.
1401 628 1466 683 '0
1490 630 1597 699 γὰρ
1623 645 1792 699 προσ-

208 730 361 796 άγων
410 725 473 779 τὸ
528 724 688 789 ὅλον,
746 723 806 776 ού
862 722 1135 775 κωλύεται
1168 722 1334 792 μέρος
1372 720 1673 792 προσάγειν
1713 719 1791 789 τῷ

212 819 384 888 ἱερεῖ,
415 816 510 870 καὶ
545 818 713 886 μέρος
743 816 807 867 τὸ
846 814 1119 867 πιότατον.
1162 812 1274 865 Καὶ
1313 814 1386 883 μή
1424 829 1515 883 μοι
1549 811 1675 878 λέγε
1707 812 1789 864 ὅτι

208 908 307 962 τοῦ
340 906 641 963 Μωσαῖκοῦ
681 904 848 976 νόμου
880 905 1039 958 τοῦτό
1068 905 1235 959 ἐστιν.
1271 905 1345 958 Ού
1379 906 1489 974 γὰρ
1514 901 1736 965 τελείως
1763 902 1793 955 ό

209 1000 377 1070 νόμος
404 998 676 1069 ἀνῄρηται
695 1036 712 1064 ,
742 996 858 1051 ἀλλ’
886 996 977 1050 ἐπὶ
1005 994 1065 1049 τό
1090 994 1299 1065 βέλτιον
1334 996 1430 1049 καὶ
1459 994 1793 1065 ὑψηλότερον

214 1088 668 1159 μετεσκεύασται.
712 1088 777 1141 Ai
807 1088 906 1157 μὲν
940 1087 1050 1159 γὰρ
1089 1085 1272 1140 θυσίαι
1296 1085 1406 1139 τῶν
1435 1084 1591 1149 ζώων
1616 1085 1791 1140 ἐπαύ-

212 1183 413 1252 θησαν,
450 1182 587 1253 πρὸς
619 1181 711 1235 τὸν
745 1181 869 1234 τότε
904 1179 1344 1250 συγχωρηθεῖσαι
1381 1178 1609 1249 καιρόν·
1641 1180 1698 1233 αἱ
1735 1178 1793 1233 δὲ

213 1275 354 1343 πρὸς
379 1275 505 1338 τοὺς
552 1276 722 1343 ἱερεῖς
761 1272 1121 1343 προσαγωγαὶ
1153 1272 1214 1325 ού
1242 1271 1560 1326 κωλύονται.
1591 1273 1702 1324 Καὶ
1734 1272 1795 1326 τὸ

216 1364 622 1434 Χριστιανικῶς
663 1366 941 1435 γινόμενον
990 1364 1128 1417 κατά
1156 1380 1209 1415 τι
1255 1363 1373 1427 ἔθος
1415 1362 1714 1435 ἐγχώριον,
1757 1364 1791 1435 ἢ

214 1455 314 1509 καὶ
363 1457 430 1509 ἐκ
473 1456 782 1525 φιλοτιμίας
830 1456 1186 1525 ἀγροικικῆς,
1226 1455 1324 1524 οὐχ
1365 1454 1438 1518 ὡς
1488 1454 1796 1518 Ἰουδαϊκῶς

212 1548 503 1616 γινόμενον
533 1547 938 1616 λογισθήσεται.
966 1548 1029 1599 Εἰ
1063 1547 1120 1599 δέ
1154 1545 1247 1599 καὶ
1280 1547 1337 1599 ἐν
1366 1548 1480 1608 τοῖς
1514 1546 1798 1616 μνημοσύ-

108 1658 111 1661 ·
213 1655 327 1702 νοις
363 1639 472 1691 τῶν
500 1639 812 1693 τεθνεώτων
851 1639 1221 1710 προσάγονται
1249 1641 1361 1702 τοῖς
1392 1638 1598 1708 ἱερεῦσι
1635 1657 1794 1711 περι·

216 1730 443 1801 caput,
475 1731 596 1783 ἀντὶ
628 1730 937 1802 ἀδροτέρων
980 1728 1165 1796 ζώων,
1209 1730 1358 1801 παρὰ
1400 1731 1508 1785 τῶν
1541 1732 1797 1786 πενεστέ-

217 1840 348 1891 ρων,
380 1824 463 1886 είς
496 1822 813 1893 ἀποτροφὴν
846 1822 1026 1892 αὐτῷ,
1070 1823 1129 1875 οὑ
1180 1823 1324 1877 κατά
1363 1823 1520 1891 λόγον
1560 1823 1754 1885 θυσίας
1777 1863 1793 1889 ,

213 1914 338 1967 οῦδὲ
366 1914 509 1967 ὥστε
554 1915 956 1984 σφαχιασθῆναι
998 1916 1092 1970 ἐπὶ
1115 1916 1225 1969 τῶν
1254 1914 1442 1984 τάφων
1466 1931 1481 1946 ο
1512 1914 1670 1969 τοῦτο
1691 1915 1792 1968 οὐκ

212 2006 280 2059 ἂν
306 2021 392 2064 τις
422 2004 707 2060 κωλύσειε.
738 2006 857 2077 Χρὴ
899 2008 1008 2076 γάρ
1040 2006 1129 2059 τὸν
1169 2007 1321 2076 ἱερέα
1355 2006 1463 2060 ἀπὸ
1500 2007 1597 2077 τῆς
1630 2008 1790 2076 ίερω-

215 2095 385 2165 σύνης
433 2096 728 2167 τρέφεσθαι
747 2136 762 2160 ,
789 2097 883 2150 καὶ
929 2097 1193 2167 τιμᾶσθαι
1234 2099 1385 2169 παρά
1411 2098 1522 2152 τῶν
1550 2098 1755 2153 λαῖκῶν
1774 2138 1789 2164 ,

213 2187 389 2249 ἄλλως
417 2204 475 2241 τε
507 2188 746 2252 πάντως,
787 2187 865 2251 ὡς
893 2188 957 2242 ἄν
989 2206 1075 2252 τις
1102 2190 1337 2254 δύναιτο,
1374 2191 1467 2244 καὶ
1496 2193 1617 2253 ταῖς
1651 2191 1794 2244 κατά

212 2277 449 2347 δύναμιν
480 2281 887 2348 προσαγωγαῖς.
921 2281 982 2333 Ei
1026 2280 1101 2351 μὴ
1133 2281 1260 2351 βοῦν
1290 2281 1506 2336 δύναιτο
1550 2283 1793 2353 προσφέο

218 2385 336 2437 ρειν
368 2368 684 2441 ὁλόκληρον,
723 2370 889 2441 μέρος
920 2370 986 2424 ἂν
1028 2371 1395 2443 προσενέγκῃ,
1423 2372 1456 2440 ἢ
1495 2372 1557 2425 τὸ
1595 2372 1796 2444 στηθύ-

214 2474 359 2522 νιον,
401 2456 436 2526 ἢ
470 2457 597 2511 ἀλλο
634 2476 721 2525 τι,
770 2459 804 2531 ἢ
857 2459 1034 2529 δέρμα
1077 2459 1237 2530 τυχὸν
1274 2462 1455 2531 μόνον.
1501 2462 1562 2515 Ei
1607 2461 1665 2515 δὲ
1719 2462 1794 2533 μὴ

214 2549 411 2616 τοῦτο,
457 2552 816 2622 περιστερὰν,
858 2553 891 2622 ἢ
934 2553 1101 2622 ἀλλην
1144 2554 1294 2625 δρνιν
1346 2554 1508 2607 τινά·
1562 2555 1623 2609 ού
1687 2555 1795 2626 μὴν

229 2643 537 2706 Ἰουδαϊκῶς
573 2643 606 2712 ἦ
654 2643 1007 2714 Ἑλληνικῶς,
1046 2644 1184 2698 ἀλλὰ
1212 2644 1475 2714 φιλοθέως
1505 2648 1598 2700 καὶ
1636 2647 1795 2701 εὐσε-

219 2735 355 2798 ϐῶς.
405 2736 563 2789 ’Δλλά
600 2737 697 2791 καὶ
741 2737 801 2790 τὸ
843 2739 1178 2792 συνδειπνεῖν
1226 2741 1321 2793 καὶ
1360 2739 1661 2793 συνεσθίειν
1702 2741 1798 2795 καλ⁵

222 2825 565 2896 ωμποσιάζε
575 2845 623 2881 ιν
647 2828 771 2892 τοὺς
796 2830 960 2898 ἱερεῖς
987 2832 1099 2894 τοῖς
1123 2829 1331 2895 λαῖκοῖς
1354 2832 1412 2885 ἐν
1437 2834 1556 2895 ταῖς
1581 2832 1799 2903 ἑορταῖς

220 2919 317 2969 καὶ
350 2919 408 2972 ἐν
437 2922 547 2983 τοῖς
578 2921 809 2990 γάμοις,
844 2921 1121 2986 εὐλαϐῶς,
1158 2923 1255 2976 καὶ
1290 2924 1428 2993 μετά
1472 2925 1799 2996 σεμνότητος

223 3010 543 3083 πρεπούσης
570 3013 784 3076 αὐτοῖς,
813 3012 1169 3082 εύλογοῦντας
1197 3014 1288 3069 τὸν
1317 3014 1448 3069 Θεὸν
1468 3055 1483 3079 ,
1520 3015 1798 3071 ἀκώλυτόν

220 3104 392 3157 ἐστιν.
428 3105 489 3156 Et
514 3104 589 3174 μὴ
616 3107 678 3159 ἐκ
703 3105 1008 3177 συμϐουλῆς
1029 3106 1074 3139 ⁸⁸
1105 3108 1305 3162 ἐστιτὰ
1337 3110 1634 3177 συμπόσια,
1654 3112 1701 3163 εί
1723 3110 1797 3183 μὴ

220 3191 771 3263 δευτερογαμούντων
809 3190 918 3247 εἷεν
949 3197 997 3247 οἱ
1028 3196 1199 3265 γάμοι
1220 3237 1234 3261 ,
1261 3197 1401 3266 εἰμὴ
1424 3198 1652 3265 παίγνιά
1676 3216 1802 3254 τινα
1831 3220 1875 3282 C

219 3282 278 3334 εν
304 3282 519 3345 τούτοις
544 3284 874 3351 εἰσάγονται·
909 3285 977 3339 τά
1019 3284 1126 3356 γὰρ
1161 3286 1226 3339 ἐκ
1255 3286 1563 3357 συμϐουλῆς
1582 3288 1628 3320 ⁸⁸
1663 3306 1803 3359 συμ-

222 3373 391 3425 πόσια
419 3373 562 3426 κατά
592 3373 684 3426 τὸν
705 3372 774 3426 νε⁹
797 3374 896 3445 τῆς
924 3374 984 3428 ἐν
1013 3375 1306 3447 Λαοδικείᾳ
1336 3378 1537 3432 κανόνα
1569 3379 1806 3433 κωλύον-

222 3481 334 3518 ται,
378 3465 487 3517 Καὶ
527 3466 585 3517 ἐν
618 3465 695 3535 τῷ
724 3466 959 3536 δευτέρῳ
994 3466 1049 3520 δὲ
1086 3468 1250 3538 γάμῳ
1294 3471 1322 3522 ό
1361 3470 1539 3540 ἱερεὺς
1590 3471 1651 3525 ού
1685 3489 1808 3526 συν-

221 3558 423 3611 ισθίειν
461 3557 815 3625 ἐπιτρέπεται
844 3575 857 3588 ·
893 3559 1029 3614 ἀλλὰ
1067 3562 1160 3613 καὶ
1195 3564 1251 3615 ἐν
1291 3564 1402 3627 τοῖς
1449 3563 1687 3634 πρώτοις
1708 3566 1809 3634 γάο

225 3667 349 3719 μοις
398 3651 466 3721 ἦν
496 3667 626 3703 ποτε
672 3652 1018 3722 συμποσιάσῃ
1055 3654 1147 3705 καὶ
1178 3653 1646 3725 εὐφρανθήσεται,
1694 3657 1802 3720 ἕως

1896 626 2222 699 prohibetur
2275 634 2486 696 partem
2525 624 2803 682 sacerdoti
2843 624 3127 690 exhibere,
3166 630 3220 678 et
3250 624 3469 693 quidem

1892 728 2107 790 partem
2149 716 2599 792 pinguissimam.
2662 714 2739 770 Ne
2777 714 2987 771 dixeris
3016 715 3121 771 hoc
3148 729 3273 769 esse
3332 713 3469 786 legis

1894 810 2164 867 Mosaicae.
2201 806 2321 865 Non
2361 808 2507 865 enim
2564 808 2651 863 lex
2705 822 2936 877 prorsus
2998 806 3204 862 abolita
3260 813 3370 871 est,
3421 813 3474 858 ct

1896 905 1954 959 in
1988 903 2206 969 melius,
2260 901 2355 957 sed
2411 909 2468 957 et
2502 898 2801 955 sublimius
2852 904 3243 961 transmutata,
3279 897 3472 953 Sacri«

1895 997 2018 1052 licia
2043 996 2187 1049 enim
2218 994 2537 1049 animalium
2558 992 2674 1047 ﬁeri
2695 991 3002 1055 desierunt,
3028 988 3322 1058 adtempus
3339 997 3474 1044 tunc

1895 1085 2162 1159 permissa
2198 1105 2212 1141 :
2248 1095 2303 1139 at
2340 1084 2671 1148 oblationes,
2706 1096 2827 1152 quae
2877 1079 3259 1138 sacerdotibus
3313 1078 3470 1144 ﬁunt,

1896 1193 2008 1233 non
2056 1180 2329 1231 velantur.
2380 1173 2444 1227 Et
2507 1172 2654 1242 quod
2712 1172 3027 1228 Christiane
3075 1170 3136 1225 iit
3186 1169 3376 1225 innato
3427 1177 3470 1232 '.

1897 1266 2132 1339 quodam
2168 1279 2345 1331 more,
2384 1263 2466 1318 vel
2507 1261 2670 1317 etiam
2720 1278 2784 1316 ex
2811 1263 3085 1316 rusticana
3120 1262 3470 1325 liberalitate,

1898 1366 1957 1415 ut
1988 1355 2214 1413 Judaice
2278 1354 2483 1410 factum
2544 1370 2653 1410 non
2712 1353 3046 1410 censebitur.
3114 1351 3270 1418 Quod
3313 1353 3356 1408 si
3416 1352 3471 1406 in

1898 1458 2240 1506 mortuorum
2282 1446 2563 1502 memoriis
2612 1446 2880 1500 columba:
2925 1443 3244 1499 animalium
3306 1458 3473 1512 gran-

1898 1544 2112 1598 diorum
2134 1544 2253 1597 vice
2282 1539 3017 1607 saccrdotibusjexltibentur
3057 1553 3088 1592 a
3120 1535 3472 1592 tenuioribus

1900 1635 1953 1690 in
1978 1648 2164 1688 eorum
2195 1634 2532 1699 alimoniam,
2561 1648 2673 1688 non
2725 1647 2823 1703 per
2870 1631 3138 1686 rationem
3190 1626 3474 1691 sacrificii,

1899 1738 2077 1794 neque
2102 1730 2162 1776 ut
2191 1722 2259 1776 ad
2289 1722 2542 1791 sepulcra
2581 1728 2913 1784 mactentur,
2945 1720 3050 1774 hoc
3082 1732 3244 1773 nemo
3285 1714 3480 1786 probi-

1901 1818 2097 1874 buerit.
2138 1814 2363 1885 Oportet
2390 1813 2538 1868 enim
2591 1813 2931 1870 sacerdotem
2960 1827 3025 1866 ex
3058 1810 3364 1865 sacerdotio
3379 1809 3474 1871 aii,

1898 1921 1951 1967 et
1975 1909 2234 1966 honorari
2267 1923 2297 1962 a
2357 1908 2538 1971 laicis,
2578 1913 2635 1962 et
2668 1906 2802 1961 alias
2832 1905 3061 1959 omnino
3096 1914 3147 1965 ιλ,
3171 1909 3333 1969 prout
3348 1902 3477 1972 quis

1898 1999 2582 2074 potueritexhibilionibus
2605 2008 2633 2049 ει
2666 1996 2967 2053 secundum
2994 1994 3278 2049 facultates
3296 1992 3474 2048 factis.

1902 2093 1960 2149 Si
2010 2095 2202 2147 bovem
2274 2092 2547 2161 integrum
2600 2088 2801 2145 oﬂ‘erre
2863 2103 2973 2143 non
3025 2086 3220 2157 possit,
3266 2091 3479 2155 partem

1901 2184 2113 2251 oﬂ‘erat,
2156 2183 2238 2239 vel
2269 2181 2672 2252 pectuscuium,
2722 2188 2817 2235 aut
2873 2179 3155 2249 quidpiam
3189 2175 3360 2240 aliud,
3388 2175 3479 2230 vel

1901 2279 2113 2334 corium
2189 2276 2331 2332 forte
2376 2274 2574 2342 solum;
2628 2273 2674 2328 si
2728 2286 2906 2343 neque
2940 2271 3066 2336 hoc,
3113 2268 3425 2325 columbam
3454 2307 3472 2333 ,

1901 2379 1997 2425 aut
2026 2370 2187 2424 aliam
2214 2382 2368 2424 avem
2397 2367 2635 2438 aliquam
2667 2384 2682 2421 :
2708 2380 2817 2421 non
2847 2363 3067 2434 quidem
3101 2359 3327 2416 Judaice
3382 2367 3479 2414 aut

1901 2464 2087 2520 Graece
2108 2472 2153 2528 τ,
2196 2461 2291 2516 sed
2324 2460 2412 2531 pie
2442 2474 2504 2515 ac
2537 2458 2812 2529 religiose.
2852 2458 3139 2512 Enimvero
3185 2456 3347 2508 etiam
3389 2468 3479 2508 sa-

1902 2553 2152 2611 cerdotes
2176 2551 2338 2609 simul
2368 2565 2493 2606 cum
2525 2549 2676 2604 laicis
2702 2563 2915 2604 ctenam
2947 2557 3001 2600 ct
3026 2544 3210 2599 cibum
3236 2558 3477 2608 sumere,

1904 2661 1968 2702 ac
1997 2643 2275 2702 convivari
2325 2642 2381 2698 in
2462 2641 2638 2707 festis,
2696 2649 2753 2695 et
2812 2637 3046 2708 nuptiis.
3109 2633 3380 2701 modeste,
3426 2643 3482 2688 et

1904 2752 2027 2793 cum
2052 2735 2267 2792 decenti
2299 2732 2592 2806 gravitate,
2641 2732 2750 2786 Deo
2805 2729 3010 2801 gratias
3065 2734 3310 2798 agentes,
3367 2741 3477 2780 non

1903 2830 2285 2903 prohibentur.
2314 2825 2431 2881 Nisi
2489 2824 2753 2880 collatitia
2788 2824 2900 2878 sint
2928 2819 3202 2883 convivia,
3240 2827 3337 2875 aut
3398 2833 3481 2874 se-

1904 2918 2099 2978 cundae
2130 2917 2336 2988 nuptiae
2365 2927 2387 2955 ι
2417 2923 2512 2970 aut
2545 2915 2725 2986 aliqua
2757 2913 2812 2967 in
2862 2912 2949 2967 bis
2978 2912 3188 2967 ludicra
3213 2910 3484 2966 inducan-

1908 3021 1996 3066 tur
2030 3026 2043 3062 :
2071 3024 2194 3064 nam
2213 3022 2335 3079 qua
2362 3023 2430 3063 ex
2447 3006 2738 3061 collatione
2755 3004 2777 3041 ί
2825 3002 2964 3058 ﬁunt
2984 3000 3261 3066 convivia,
3288 2997 3477 3071 prohi—

1906 3104 2105 3159 bentur
2157 3102 2228 3157 55
2282 3114 2494 3155 canone
2564 3096 2908 3153 Laodiccnaz.
2989 3095 3056 3151 Et
3118 3095 3174 3149 in
3224 3093 3482 3148 sccumlis

1906 3195 2114 3265 nuptiis
2167 3190 2450 3249 convivari
2483 3190 2757 3246 sacerdoti
2790 3203 2898 3243 non
2957 3186 3299 3257 permittitur
3329 3202 3342 3250 ;
3385 3184 3483 3240 sed

1910 3289 1954 3343 si
1989 3284 2211 3356 quando
2251 3284 2306 3339 in
2343 3283 2534 3355 primis
2565 3281 2771 3351 nuptiis
2825 3280 3168 3344 convivetur,
3201 3276 3483 3333 festivitati

1908 3380 2181 3445 intererit,
2233 3377 2410 3433 donec
2445 3374 2749 3447 thymelici,
2772 3373 2930 3443 juxta
2966 3369 3480 3442 quinquagesimum

1907 3480 2165 3544 quartum
2196 3482 2461 3524 canonem
2532 3465 2858 3520 Laodiceme
2883 3464 3102 3535 synodi)
3154 3471 3209 3518 et
3273 3460 3482 3516 ludicra

1909 3563 2344 3619 introducantur.
2396 3558 2501 3625 Qui
2526 3567 2722 3629 praeter
2766 3557 2881 3611 haec
2921 3555 3074 3621 facit,
3107 3552 3485 3610 excommuni-

1908 3666 2087 3719 catur,
2120 3664 2174 3711 et
2227 3652 2509 3710 canonica:
2547 3650 2839 3721 subjicitur
2867 3663 3132 3704 censurzn.

227 3742 516 3809 μέλλουσιν
554 3741 875 3812 εἰσαχθῆναι
920 3743 1084 3809 (κατὰ
1131 3744 1222 3796 τὸν
1253 3745 1326 3797 νδ¹
1366 3748 1566 3801 κανόνα
1612 3749 1712 3818 τῆς
1741 3752 1799 3804 ἐν
1835 3749 2129 3820 Λαοδικείᾳ
2170 3746 2431 3817 συνόδου)
2471 3746 2520 3799 oi
2574 3742 2895 3815 θυμελικοὶ,
2933 3742 3030 3797 καὶ
3099 3740 3167 3795 τὰ
3236 3739 3483 3810 παίγνια.

232 3835 292 3889 '0
312 3836 373 3889 δὲ
400 3836 553 3904 παρά
572 3835 744 3888 ταῦτα
772 3835 938 3887 ποιῶν
962 3836 1301 3905 ἀφορίζεται,
1335 3841 1428 3893 καὶ
1451 3841 1771 3912 ἐπιτιμᾶται
1798 3843 2132 3907 κανονικῶς.

304 3925 653 3996 Ἦρώτησας,
692 3926 1077 3994 εύλαϐέστατε,
1108 3928 1188 3982 ὅτι
1234 3929 1469 4000 Τρύφων
1506 3951 1620 3999 τις,
1659 3934 1803 3988 οὕτω

228 4015 581 4084 καλούμενος,
617 4015 1022 4085 ἐμνηστεύσατο
1060 4016 1228 4087 κόρην
1260 4019 1423 4088 ἀτελῆ
1457 4020 1554 4091 τὴν
1586 4022 1802 4093 ἡλικίαν

228 4108 428 4162 οὖσανο
471 4107 566 4159 καλ⁵
598 4107 765 4175 μήπω
817 4106 1115 4177 ἱερολογίας
1148 4110 1470 4178 γενομένης,
1512 4110 1645 4179 μηδὲ
1680 4129 1804 4165 συν-

224 4196 455 4266 aget“,
498 4197 854 4266 ἐτελεύτησεν
883 4198 916 4266 ἡ
946 4198 1082 4267 κόρη
1109 4214 1123 4228 ο
1155 4198 1252 4252 καὶ
1284 4199 1475 4254 ἐλαϐεν
1511 4201 1540 4254 ό
1569 4202 1804 4271 Τρύφων

228 4291 422 4359 ἑτέραν
448 4291 702 4357 γυναῖκα,
728 4290 822 4342 καὶ
841 4289 1028 4343 τέτοκε
1050 4290 1350 4361 θυγατέρα.
1379 4294 1537 4364 Καὶὴ
1561 4294 1804 4367 θυγάτηρ

228 4381 369 4449 αὕτη
396 4380 492 4433 τοῦ
529 4380 825 4453 Τρύφωνος
862 4379 1224 4448 συζεύγνυται
1255 4381 1335 4453 τῷ
1369 4384 1805 4457 πρωτεξαδέλφῳ

228 4473 327 4542 τῆς
366 4473 536 4543 κόρης
569 4474 816 4539 ἐκείνης,
853 4473 976 4541 ἥτις
1005 4475 1515 4544 προμνηστευθεῖσα
1542 4477 1619 4548 τῷ
1663 4478 1805 4549 Τρύ-

1982 3933 2359 4003 lntcrrogastl,
2385 3931 2826 4004 religiosissime,
2847 3930 2914 3985 de
2936 3927 3227 4001 Tryphonc
3249 3924 3486 3996 quodam

1911 4026 2002 4096 qui
2039 4024 2119 4080 sic
2148 4024 2463 4085 vocabatur,
2529 4036 2654 4077 eum
2719 4021 2931 4076 scilicet
2972 4015 3332 4089 despondisse
3381 4012 3488 4069 sibi

1916 4113 2253 4185 imperfectae
2282 4113 2456 4169 aetatis
2503 4113 2768 4183 puellam,
2800 4125 3036 4181 eamque
3090 4107 3335 4164 nondum
3395 4119 3486 4161 so-

1913 4217 2039 4263 cuta
2086 4206 2464 4262 benedictione
2492 4206 2578 4261 vei
2616 4204 2812 4274 capula
2852 4202 3202 4266 discessisse,
3258 4208 3311 4253 et
3347 4197 3489 4268 Try-
3587 4269 3593 4274 .

1912 4299 2148 4369 phonem
2174 4298 2333 4351 aliam
2353 4296 2578 4352 duxisse
2606 4310 2858 4362 uxorem,
2908 4308 3029 4365 quze
3054 4291 3264 4364 peperit
3297 4290 3485 4344 tiliam.

1913 4388 2087 4460 Ipsam
2117 4388 2429 4460 Tryphonis
2462 4387 2626 4443 tiliam
2655 4387 2927 4457 conjungi
2960 4400 3086 4441 cum
3115 4383 3316 4455 puellae
3340 4381 3486 4436 illius

1912 4481 2269 4546 cansobrino,
2303 4496 2424 4553 qua:
2442 4480 2594 4551 prius
2630 4478 2910 4550 Tryphoni
2938 4478 3269 4546 desponsata
3306 4473 3361 4527 in
3382 4472 3487 4525 im-

226 4582 369 4633 φωνι
388 4607 405 4630 ,
439 4565 497 4617 ἐν
526 4564 708 4617 ἀτελεῖ
732 4565 797 4632 τῇ
829 4563 1018 4634 ἡλικίᾳ.
1047 4563 1403 4635 τετελεύτηκε
1428 4583 1444 4599 ο
1476 4568 1571 4622 καὶ
1600 4570 1799 4640 ἐζητη-

1910 4574 2149 4646 perfecta
2201 4580 2362 4629 aetate
2403 4571 2557 4628 obiit.
2610 4570 2889 4637 Quaesiisti
2918 4569 3248 4637 discere,“
3280 4564 3486 4619 vetitus

228 4674 330 4719 σας
364 4655 589 4725 μαθεῖν,
638 4657 687 4709 εί
738 4654 1005 4709 κωλύεται
1050 4655 1111 4709 τὸ
1143 4655 1388 4711 τοιοῦτον
1427 4659 1803 4729 συνάλλαγμα.

231 4746 339 4799 Καὶ
376 4744 487 4798 ἰδοὺ
516 4745 803 4814 γράφομεν
841 4761 946 4810 σοι,
984 4745 1066 4798 ὅτι
1093 4745 1187 4799 ἐὰν
1216 4744 1413 4816 ἀτελὴς
1444 4741 1513 4817 ἦν
1557 4748 1738 4819 ἐκείνη
1770 4752 1805 4822 ἡ

230 4836 465 4907 μνηστῇ
518 4837 613 4888 καὶ
657 4834 810 4889 οῠπω
848 4834 1012 4907 δεκτὴ
1052 4834 1266 4905 γάμου,
1316 4838 1632 4908 παράνομος
1670 4835 1739 4911 ἦν
1771 4842 1805 4909 ἠ

235 4927 523 4997 μνηστεία,
552 4928 646 4980 καὶ
671 4926 788 4981 ἀντ’
814 4926 1026 4990 οὐδενὸς
1057 4927 1468 4995 λογισθήσεταιο
1501 4931 1594 4985 καὶ
1621 4930 1803 4984 ούκέτι

232 5020 467 5088 κώλυμα
498 5018 647 5072 οὐδὲν
679 5019 758 5082 είς
804 5017 865 5071 τὸ
905 5017 1147 5072 τοιοῦτον
1186 5021 1575 5091 συνάλλαγμα·
1624 5024 1718 5075 καὶ
1768 5024 1802 5091 ἡ

234 5111 484 5180 θυγάτηρ
550 5110 641 5164 τοῦ
698 5110 992 5180 Τρύφωνος
1045 5110 1340 5176 ἀκωλύτως
1397 5112 1661 5183 λαμϐάνει
1713 5114 1805 5164 τὸν

232 5204 451 5274 πρῶτον
481 5202 693 5274 ἐκείνης
718 5202 1026 5272 ἐξάδελφον.

1913 4670 1985 4725 sit
2035 4666 2163 4721 talis
2193 4672 2539 4722 contractus.
2574 4661 2641 4717 Et
2672 4661 3038 4718 rescribimus
3066 4677 3080 4714 :
3105 4658 3150 4714 si
3179 4654 3490 4728 sponsailla

1914 4774 2023 4815 non
2060 4758 2161 4813 fuit
2204 4755 2308 4812 viri
2339 4764 2561 4826 potens,
2616 4753 2849 4808 necdum
2913 4751 3227 4820 nuptiarum
3293 4759 3487 4815 capax,

1913 4851 2117 4920 iniusta
2146 4864 2267 4905 esse
2302 4846 2577 4917 sponsalia
2612 4847 2656 4882 ί·
2690 4853 2745 4900 et
2785 4858 2887 4913 pro
2935 4842 3102 4897 nullis
3129 4836 3343 4903 haberi,
3368 4835 3492 4889 nul-

1915 4938 2138 5007 lumque
2176 4935 2399 4991 obstare
2431 4935 2479 4990 ei
2512 4934 2819 4989 contractui
2858 4930 3333 5001 impedimentum.
3356 4923 3489 4996 quin

1914 5027 2225 5100 Tryphonis
2253 5026 2364 5082 tilia
2428 5027 2575 5082 licite
2597 5026 2768 5081 nubat
2838 5018 3383 5102 illius_consobrino.

1546 5431 1627 5484 VA
1640 5429 1775 5486 nus
1813 5426 2214 5487 LECTIONES.

308 5544 353 5576 “
390 5561 453 5597 συ
462 5543 685 5615 μϐολῆς.

763 5549 806 5583 ⁸⁸
849 5563 910 5599 συ
919 5547 1141 5616 μϐοὶῆς.

308 5670 328 5689 °
351 5661 681 5723 provinciali.
758 5670 784 5711 Ρ
816 5677 931 5714 cum
962 5664 1082 5716 aliis
1132 5664 1337 5717 onmiuo
1371 5664 1541 5715 rebus.

242 5741 259 5775 ι
306 5746 369 5784 cr
406 5732 645 5787 collecta.
694 5734 731 5767 ι’
765 5733 1039 5803 illegitima
1064 5736 1228 5802 fuisse
1258 5734 1548 5801 sponsalia.

1620 5673 1648 5711 τι
1682 5673 1790 5716 tum
1817 5662 2190 5719 oblationibus.

2304 5672 2325 5701 τ
2351 5677 2556 5732 pagano
2595 5674 2752 5714 more.
2834 5670 2854 5696 ³
2884 5658 3107 5713 secunda
3164 5659 3489 5714 nubendum.
