4188 6446
197 428 332 491 1013

1457 412 1499 470 0
1514 406 1742 468 uitii):
1756 405 2017 466 ROMAN
2031 410 2160 469 ΠΜ.

3299 404 3431 471 1θῖκὶ

188 560 287 603 τις
316 526 423 593 τῶν
481 538 838 605 ἀγιισμάτων
883 535 1238 605 απείργοντες
1293 530 1389 597 (ἐῶ
1420 530 1527 597 γὰρ
1580 525 1758 592 λέγειν

1868 531 2073 586 autem,
2112 532 2196 579 sat
2227 524 2363 589 scio,
2402 524 2732 595 intelligitis,
2786 525 2917 580 licet
2954 539 3062 577 non
3109 525 3430 591 exprimam.

191 636 282 685 mi.
330 632 427 701 τῆς
482 630 591 683 τῶν
645 630 807 682 θείων
867 625 1280 695 ἐκτυπωμάτων
1340 617 1759 690 προσψαύσεως)

190 726 370 779 αὑτῶν
414 724 521 777 τῶν
553 724 711 794 ίερῶν
752 721 993 775 κανόνων
1042 715 1509 789 προστιθεμένων,
1556 715 1602 765 οί
1664 712 1761 781 μὲν

192 819 395 878 εἰδότες
425 816 642 879 αὐτοὺς,
682 812 808 884 βοῦν
838 814 929 864 επὶ
972 811 1217 879 γλώττης
1249 808 1488 878 θέμενοι,
1519 803 1676 857 τοῦτο
1695 805 1760 873 δὴ

188 914 247 961 τὸ
273 909 667 979 παροιμιῶδες,
720 908 975 975 σιγήσετε
999 919 1014 935 ο
1057 905 1105 957 οἱ
1132 902 1178 956 δ’
1227 900 1551 970 ἀγνοοῦντες
1586 898 1759 967 μαθὴο

191 1000 372 1053 σεσθε.
425 1002 487 1054 Οἱ
517 1000 573 1053 δὲ
606 999 849 1064 κανόνες,
884 998 993 1050 τῶν
1038 994 1449 1064 ὲγκεκριμένων
1481 990 1758 1059 Πατέρων,

190 1090 285 1139 καὶ
316 1086 414 1150 οὓς
448 1088 653 1141 σύνοδοι
677 1088 1076 1157 ιπεκράτυναν,
1108 1085 1203 1139 καὶ
1240 1084 1477 1154 βασιλεῖς
1519 1080 1759 1143 εὐσεϐεῖς

188 1178 343 1241 τάξιν
370 1181 548 1247 νόμων
580 1178 797 1248 ἐπέχειν
826 1178 1147 1231 ὲθὲσπισαν.
1173 1178 1247 1229 ἰι
1280 1192 1338 1228 τε
1366 1177 1473 1244 γὰρ
1506 1176 1760 1242 οίκουμε-

188 1272 315 1340 νικὴ
350 1272 485 1339 ἕκτη
518 1272 754 1334 σύνοδος,
789 1273 822 1342 ἡ
854 1274 910 1325 ἐν
934 1270 1011 1341 τῷ
1033 1271 1290 1341 Τρούλλῳ
1312 1270 1418 1322 τῶν
1448 1268 1760 1337 ἀνακτόρων

192 1364 649 1433 σνγκροτηθεῖσα,
671 1362 1049 1432 ἀπαρίθμησιν
1066 1362 1173 1415 τῶν
1198 1364 1419 1433 κρατεῖν
1437 1360 1760 1427 ὀφειλόντων

190 1457 431 1508 κανόνων
463 1456 835 1524 ποιησαμένη,
869 1455 963 1507 καὶ
999 1454 1105 1506 τῶν
1146 1453 1340 1513 αὐτοὺς
1372 1450 1760 1503 ἐκτεθεικότων

188 1546 351 1597 θείων
378 1548 474 1599 καὶ
506 1546 664 1615 ἱερῶν
696 1545 977 1615 Πατέρων,
1012 1543 1150 1613 μετὰ
1175 1542 1281 1595 τῶν
1310 1541 1484 1595 ἄλλων
1518 1543 1610 1593 καὶ
1638 1540 1761 1601 τοὺς

191 1640 320 1708 περὶ
362 1641 462 1708 τῆς
492 1638 588 1691 νύν
635 1637 976 1709 ζητουμένης
1022 1634 1329 1697 ὑποθέσεως
1388 1632 1763 1703 ἐρωτηθέντας

188 1732 280 1782 καὶ
322 1730 795 1799 ἀποκριναμένους
823 1727 1157 1796 θεολήπτούς
1185 1725 1383 1796 ἄνδρας
1422 1724 1758 1794 ἀπαριθμεί’

186 1823 277 1872 τὶν
340 1821 516 1889 μέγαν
566 1820 765 1891 δηλαδὴ
818 1821 913 1873 καὶ
954 1820 1022 1872 τα
1053 1819 1171 1873 θεῖα
1214 1818 1377 1887 σοφὸν
1424 1816 1758 1878 ’Δθανάσιον,

189 1914 281 1963 καὶ
313 1912 611 1975 Διονύσιον,
646 1914 740 1982 καὶ
778 1912 1059 1981 Τιμόθεον,
1110 1913 1207 1981 τῆς
1264 1913 1322 1963 ἐν
1383 1908 1759 1978 Ἀλεξανδρεία

188 2004 703 2073 προστατεύσαντας
747 2007 1098 2076 Ἐκκλησίας.
1140 2006 1213 2059 Ἦ
1241 2022 1299 2057 τε
1323 2004 1383 2058 τὸ
1412 2004 1667 2074 δεύτερον
1705 2005 1759 2055 ἐν

192 2096 399 2167 Νικαέα
429 2098 883 2167 συναθροισθεῖσα
920 2098 1137 2161 σύνοδος
1176 2097 1550 2167 οίκουμενικὴ,
1579 2098 1759 2151 ἀσπα-

190 2187 324 2248 σίως
352 2187 480 2249 τοὺς
515 2187 694 2252 θείους
747 2190 978 2252 κανόνας
1026 2188 1462 2260 ὲνστερνίζεσθαι
1499 2189 1757 2258 λέγουσα,

188 2280 312 2338 τοὶς
347 2276 393 2329 θ’
428 2279 533 2331 ὑπὸ
560 2279 670 2331 τῶν
698 2280 858 2333 θείων
908 2281 1225 2348 σαλπίγγων
1275 2281 1368 2333 τοῦ
1410 2281 1565 2348 ἁγίου
1596 2281 1761 2333 Ilvati-

191 2386 383 2435 ματος,
412 2370 521 2423 τῶν
566 2373 746 2438 σοφῶν
776 2373 1089 2426 ἀποστόλων
1122 2372 1565 2444 συντεθειμένους
1598 2375 1758 2443 φημὶ,

188 2462 284 2512 καὶ
306 2462 435 2522 τοὺς
470 2461 573 2513 ὑπὸ
603 2461 711 2516 τῶν
746 2462 805 2526 ἓξ
852 2462 1022 2530 ἁγίων
1068 2464 1165 2517 καὶ
1207 2462 1606 2532 οίκουμενικῶν
1638 2479 1762 2515 συν-

186 2551 344 2612 όδων,
380 2552 516 2621 πρὸς
548 2557 771 2617 ταύταις
806 2553 863 2607 δὲ
896 2555 991 2608 καὶ
1021 2555 1261 2607 τοπικῶν
1282 2569 1295 2584 ·
1324 2554 1681 2625 προστιθεῖσα
1706 2554 1761 2606 δὲ

191 2644 287 2695 καὶ
314 2643 427 2696 τῶν
456 2645 626 2712 ἁγίων
658 2646 917 2714 Πατέρων
942 2646 1100 2716 ἡμῶν
1130 2646 1211 2715 (ἐξ
1242 2646 1357 2707 ἑνὸς
1383 2647 1491 2714 γάρ
1522 2645 1762 2708 ἅπαντες

191 2737 285 2787 καὶ
300 2734 399 2787 τοῦ
427 2735 591 2788 αὑτοῦ
612 2737 921 2806 πνεύματος
940 2737 1328 2803 αύγασθέντες,
1352 2736 1557 2806 ὥρισαν
1577 2734 1761 2809 [φησι]

188 2828 255 2880 τὰ
314 2827 705 2897 συμφέροντα),
730 2830 925 2897 ἐπάγει
1008 2831 1120 2883 Καὶ
1161 2828 1255 2893 οὓς
1310 2829 1407 2898 μὲν
1455 2830 1761 2898 ἁναθέματι

189 2919 646 2990 παραπέμπουσι,
684 2922 779 2973 καὶ
823 2923 983 2991 ἡμεῖς
1028 2919 1505 2992 ἁναθεματίζομεν
1536 2937 1549 2951 ·
1582 2918 1675 2984 οὓς
1708 2920 1764 2974 δι

190 3011 534 3081 καθαιρέσει,
566 3013 661 3066 καὶ
710 3014 872 3082 ἡμεῖς
929 3013 1336 3085 καθαιροῦμεν·
1399 3016 1495 3069 καὶ
1548 3013 1642 3077 οὓς
1686 3012 1765 3083 τῷ

188 3102 506 3173 ἁφορισμῷ,
535 3106 631 3158 καὶ
668 3106 828 3174 ἡμεῖς
860 3104 1193 3176 ἀφορίζομεν
1214 3124 1227 3137 σ
1259 3105 1352 3169 οὓς
1386 3106 1443 3159 δὲ
1468 3106 1765 3175 ἐπιτιμίοις

193 3194 573 3263 παραδιδόασι,
599 3196 693 3250 καὶ
724 3198 882 3265 ἡμεῖς
908 3197 1167 3259 ὡσαύτως
1191 3196 1587 3267 ὑποδάλλομεν.

258 3288 484 3342 Τούτων
516 3289 697 3341 τοίνυν
745 3289 855 3341 τῶν
887 3290 992 3343 ὑπὸ
1024 3290 1132 3342 τῶν
1160 3290 1333 3357 ἁγίων
1368 3288 1600 3343 συνόδων
1629 3289 1767 3358 προς

189 3375 297 3438 τοῖς
327 3374 537 3437 λοιποῖς
572 3376 938 3445 ὲγκριθὲντων
982 3379 1297 3447 θεολήπτων
1340 3378 1570 3449 ἀνδρῶν,
1602 3380 1630 3430 ὀ
1666 3378 1765 3447 μὲν

192 3466 402 3530 κλεινὸς
441 3467 718 3531 Διονύσιος
749 3470 808 3522 ὲν
841 3472 905 3539 τῇ
951 3471 1089 3540 πρὸς
1137 3470 1457 3540 Βασιλείδην
1508 3472 1763 3543 ἐπιστολῇ

191 3561 350 3613 ταυτὶ
365 3559 739 3615 διατάττεται.
758 3563 821 3615 Οί
846 3564 906 3616 εν
929 3563 1278 3635 ἁπροαιρέτῳ
1306 3567 1594 3635 νυκτερινῇ
1614 3564 1767 3635 ῥύσει

190 3667 213 3715 ἐ
230 3650 507 3719 ενόμενοι,
538 3653 617 3723 τῷ
650 3654 837 3723 οἰκείῳ
864 3654 1127 3709 συνειδότι
1154 3655 1729 3709 κατακολουθείτωσαν
1750 3673 1761 3686 ·

192 3744 285 3796 καὶ
311 3744 573 3808 ἑαυτοὺς,
597 3747 707 3799 είτε
749 3745 1141 3815 διακρίνονται,
1180 3746 1289 3799 εἴτε
1338 3746 1434 3818 μὴ,
1469 3748 1769 3801 σκοπείτωο

195 3852 309 3886 σαν.
355 3836 445 3897 Ὠς
484 3838 512 3888 ό
550 3836 787 3890 ἐπὶτῶν
842 3837 1167 3908 βρωμάτων,
1231 3837 1290 3891 '0
1336 3838 1765 3908 διακρινόμενος,

194 3930 379 3994 φησὶν,
410 3927 507 3980 ἐὰν
545 3928 716 3999 φάγῃ,
763 3930 1185 4000 κατακέκριται.
1220 3932 1331 3984 Καὶ
1353 3932 1409 3984 ἐν
1441 3931 1651 3994 τούτοις
1681 3932 1764 3985 εὐ-

197 4019 508 4087 σδνείδητος
545 4019 686 4073 ἔστω
730 4022 824 4075 καὶ
864 4022 1335 4092 ἀπαρρησίαστος,
1364 4022 1503 4076 κατὰ
1548 4022 1608 4075 τὸ
1639 4023 1769 4076 ἴδιον

196 4108 473 4177 ἐνθύμιον,
505 4111 613 4173 πᾶς
641 4113 669 4163 ό
698 4110 944 4180 προσιὼν
974 4110 1051 4181 τῷ
1074 4111 1213 4182 Θεῷ.
1257 4111 1315 4165 ’0
1344 4112 1400 4165 δέ
1427 4128 1490 4179 γε
1513 4110 1769 4182 θεοφόρος

196 4200 457 4267 Τιμόθεος
514 4203 648 4271 πρὸς
699 4204 791 4255 τὸν
831 4204 1205 4273 ἐρωτήσαντα,
1262 4204 1310 4256 εί
1360 4205 1389 4256 ὁ
1434 4192 1769 4273 όνειρασθεὶς

196 4292 399 4357 όξείλει
426 4294 778 4361 κοινωνῆσαι,
807 4293 841 4363 ἡ
874 4294 956 4357 οὓ,
984 4293 1243 4365 τοιαύτην
1271 4293 1568 4364 ἀπόκρισιν
1610 4293 1769 4347 δέδω-

197 4400 310 4434 κεν·
353 4383 417 4434 ΕΞ
444 4382 541 4451 μὲν
567 4383 853 4437 ὑπόκειται
880 4385 1147 4455 ἐπιθυμίᾳ
1180 4385 1461 4454 γυναικὸς,
1492 4386 1593 4439 οὐκ
1625 4386 1771 4453 ὀρεία

196 4478 304 4529 λειο
336 4478 387 4529 εί
433 4476 489 4528 δὲ
524 4478 552 4529 ό
581 4477 825 4539 Σατανᾶς
872 4476 1126 4547 πειράζει
1176 4478 1374 4541 αὑτὸν,
1413 4477 1503 4531 ἵνα
1554 4476 1645 4531 διὰ
1673 4478 1770 4540 τῆς

1865 617 2020 681 Quod
2084 624 2264 671 autem
2306 617 2611 671 canonibus
2653 616 3045 680 adversantini,
3080 630 3202 668 cum
3240 614 3433 683 imagi-

1866 718 2026 764 natos
2088 723 2117 760 a
2168 708 2700 764 sanctiﬁcationihus
2749 719 2770 747 ε
2808 706 3181 763 indiﬂerenter
3230 706 3432 759 arcctis

1866 803 2044 871 ('nillo
2075 801 2219 857 enim
2268 810 2321 854 et
2373 802 2683 856 divinarum
2719 800 3017 871 etligiermn
3065 803 3430 866 contactum).

1866 894 1997 962 ipsis
2034 893 2209 950 sacris
2241 894 2546 948 canonibus
2587 894 2847 965 adjectis,
2880 894 2973 963 qui
3004 892 3226 963 quidem
3276 889 3432 946 scitis

1864 986 2035 1054 ipsos,
2080 988 2273 1041 bovem
2309 987 2363 1041 in
2396 986 2576 1056 lingua
2601 994 2887 1055 ponentes,
2925 996 2979 1038 ut
3004 995 3086 1039 est
3121 986 3172 1037 in
3207 997 3431 1053 prover-

1863 1077 1975 1141 bio,
2013 1079 2299 1134 tacebitis:
2337 1079 2425 1149 qui
2451 1086 2632 1132 autem
2668 1078 2953 1147 ignoratis.
2979 1076 3222 1131 discetis.
3251 1073 3432 1128 Cano-

1863 1185 1961 1225 nes
2024 1180 2201 1225 autem
2257 1180 2384 1225 sunt
2438 1170 2822 1226 delectorumd
2881 1170 3127 1236 Patrum,
3184 1176 3238 1225 et
3295 1184 3433 1237 quos

1864 1263 2055 1333 synodi
2131 1262 2483 1329 roborarunt,
2568 1262 2753 1333 piique
2816 1263 3176 1330 imperatores
3249 1262 3429 1331 legum

1862 1356 2034 1409 vicem
2066 1356 2317 1409 obtinere
2347 1358 2722 1411 Sanciverunt.
2759 1355 2925 1411 Sexta
2948 1370 3056 1408 non
3089 1353 3431 1409 meumenira

1863 1448 2108 1517 synodus
2141 1448 2195 1501 in
2229 1447 2421 1503 Trullo
2452 1448 2639 1517 palatii
2688 1457 2901 1512 coacta,
2965 1447 3433 1501 enumerationem

1864 1537 2483 1609 t‘ucicnseanonum,qui
2513 1540 2761 1595 obtinere
2793 1540 3014 1605 debent,
3046 1538 3428 1593 etdirinorum

1863 1647 2258 1701 sacrorumque
2320 1633 2567 1695 Patrum,
2640 1631 2733 1701 qui
2788 1646 2885 1685 eos
2939 1631 3248 1694 ediderunt,
3306 1646 3433 1685 cum

1864 1725 1984 1779 aliis
2010 1739 2104 1780 eos
2146 1727 2307 1778 etiam
2363 1725 2595 1779 Numine
2624 1725 2833 1779 amatos
2888 1723 3075 1778 Patres
3128 1735 3433 1786 enumerat,

1865 1816 1957 1886 qui
2002 1816 2067 1869 de
2096 1814 2351 1885 praesenti
2399 1815 2702 1884 quaestione
2761 1813 3101 1884 interrogati.
3130 1813 3427 1881 responde-

1867 1917 2015 1964 runt:
2051 1921 2308 1976 magnum
2354 1905 2629 1967 videlicet,
2668 1913 2723 1959 et
2773 1904 2827 1959 in
2882 1906 3085 1959 divinis
3130 1904 3430 1973 sapientem

1861 1998 2244 2061 Athanasium,
2310 2007 2364 2051 et
2427 1995 2773 2067 Dionysium,
2824 2007 2877 2051 et
2930 1995 3300 2057 Timotheum,
3340 1994 3430 2064 qui

1863 2088 2242 2143 Alexandrinae
2258 2087 2589 2158 praefuerunt
2615 2086 2893 2142 Ecclesiae.
2926 2084 3247 2141 Etsecunda
3261 2083 3433 2137 Nicar-

1863 2196 1930 2235 na
1945 2181 2185 2252 synodus
2205 2179 2494 2249 generalis,
2512 2178 2741 2233 libenter
2755 2177 2971 2233 divinos
2987 2192 3228 2233 canOues
3241 2175 3433 2230 dicens

1863 2271 2289 2343 amplectendos,
2308 2286 2401 2327 eos
2418 2272 2508 2339 qui
2534 2260 2781 2324 adivinis
2800 2270 2975 2325 sancti
2993 2269 3231 2338 Spiritus
3251 2268 3437 2323 bucci-

1864 2366 1968 2432 nis,
1999 2364 2361 2435 sapientibus,
2394 2364 2637 2433 inquam,
2667 2361 2931 2430 apostolis
2956 2361 3248 2431 compositi
3283 2370 3432 2420 sunt.

1862 2468 1915 2513 et
1950 2459 2043 2528 qui
2074 2472 2103 2511 a
2144 2457 2347 2512 sanctis
2375 2465 2426 2511 et
2459 2454 2817 2509 oecumenicis
2840 2453 3066 2524 synodis
3094 2465 3141 2516 ε,
3172 2461 3432 2521 pra'tcrra

1865 2549 2033 2603 etiam
2062 2562 2093 2602 a
2126 2546 2559 2619 provincialibus
2589 2564 2601 2597 :
2628 2528 2836 2599 addens
2857 2551 3062 2610 autem,
3091 2551 3145 2597 et
3172 2558 3201 2597 a
3228 2542 3437 2598 sanctis

1863 2643 2117 2698 Patribus
2177 2642 2382 2697 nostris
2426 2642 2510 2711 (ex
2565 2654 2671 2694 uno
2706 2639 2851 2694 enim
2904 2652 3095 2691 omnes
3145 2635 3435 2689 illuminati

1867 2733 2097 2803 Spiritu,
2134 2733 2491 2797 deﬁnierunt,
2536 2733 2738 2803 inquit,
2763 2733 3180 2799 conducibilia),
3209 2730 3392 2785 subdit
3422 2747 3435 2784 :

1867 2825 1935 2879 Et
2014 2840 2156 2896 quos
2212 2825 2550 2880 anathemati
2605 2825 2827 2894 quidem
2885 2824 3283 2885 transmittunt,
3340 2837 3438 2877 nos

1865 2934 2087 2989 quoque
2122 2916 2690 2973 anathematizamus:
2720 2931 2857 2987 quos
2910 2930 3039 2971 vero
3088 2915 3436 2981 (lepositioni,

1867 3026 1969 3067 nos
1999 3025 2221 3081 quoque
2252 3009 2577 3081 deponimus
2605 3027 2617 3062 :
2654 3024 2794 3079 quos
2826 3018 3006 3062 autem
3047 3006 3437 3076 segregationi,

1864 3118 1968 3159 nos
1990 3103 2176 3158 itidem
2202 3118 2555 3174 segregamus
2580 3119 2592 3155 :
2619 3118 2760 3172 quos
2783 3113 2962 3155 autem
2998 3113 3173 3169 pmnu:
3197 3098 3439 3160 tradunt,

1787 3204 1835 3269 ς
1868 3210 1967 3251 nos
2004 3210 2223 3266 quoque
2255 3195 2507 3251 similiter
2530 3194 2878 3264 subjicimus.

1935 3287 2070 3342 Cum
2095 3288 2259 3358 igitur
2284 3288 2339 3342 hi
2370 3288 2592 3342 numine
2626 3285 2790 3340 aﬂlati
2820 3286 2918 3339 viri
2950 3299 2979 3338 a
3013 3284 3221 3341 sanctis
3271 3296 3439 3354 syno-

1866 3380 1953 3435 dis
2006 3381 2171 3435 simul
2219 3394 2345 3434 cum
2392 3378 2623 3449 reliquis
2683 3378 2971 3447 approbati
3022 3376 3157 3438 sint,
3209 3374 3441 3429 celebris

1866 3470 2084 3540 quidem
2110 3470 2405 3541 Dionysius
2441 3471 2494 3525 in
2533 3486 2627 3523 sua
2657 3470 2725 3523 ad
2750 3468 3041 3524 Basilidem
3067 3466 3299 3537 epistola
3326 3465 3442 3520 haec

1866 3564 2183 3619 constituit.
2216 3564 2319 3629 Qui
2355 3564 2406 3618 in
2463 3579 2571 3618 non
2610 3563 2920 3618 voluntario
2978 3568 3251 3615 nocturno
3287 3558 3435 3613 ﬂuxu

1870 3656 2043 3721 fuere,
2059 3659 2330 3726 propriam
2353 3654 3166 3725 subscquanturconseiemiam
3206 3670 3219 3706 :
3252 3660 3306 3707 et
3340 3650 3445 3705 sci-

1868 3763 1998 3819 psos
2015 3750 2132 3805 sive
2160 3749 2475 3803 discernant
2508 3748 2554 3811 τ,
2588 3749 2701 3803 sive
2732 3762 2862 3812 non,
2903 3748 3241 3801 intueantur.
3262 3742 3331 3799 Ut
3363 3746 3432 3805 is.

1868 3840 1962 3907 qui
1989 3839 2058 3896 de
2079 3841 2240 3906 cibis,
2258 3841 2583 3897 Discernens
2600 3844 2624 3881 ε
2647 3840 2868 3911 (inquit)
2891 3840 2937 3895 si
2969 3838 3289 3901 comederit,
3312 3852 3443 3889 con-

1873 3931 2162 3987 demnatus
2183 3940 2289 3986 est.
2314 3931 2381 3985 Et
2412 3932 2464 3986 in
2489 3931 2574 3986 his
2604 3932 2746 3986 bona
2784 3929 3049 3999 praeditus
3071 3928 3442 3992 conscientia,

1878 4039 1976 4080 nec
2038 4025 2376 4079 obtrectator
2444 4022 2497 4075 in
2589 4023 2807 4091 pr0pria
2868 4020 3205 4089 cegitatione
3302 4027 3440 4083 esto,

1875 4117 2054 4173 omnis
2086 4116 2179 4186 qui
2223 4115 2393 4171 Deum
2461 4116 2691 4170 accedit.
2747 4112 2939 4167 Divinu
2988 4122 3169 4165 autem
3222 4110 3446 4164 numine

1873 4207 2176 4277 inspiratus
2201 4206 2524 4260 Timotheus
2549 4204 2615 4258 ad
2658 4220 2807 4269 eum,
2848 4203 2944 4274 qui
2999 4204 3313 4271 quaesierat,
3376 4215 3445 4253 au

1872 4300 1967 4368 qui
2038 4297 2346 4352 libidinosis
2433 4294 2750 4351 stimulatus
2777 4302 2862 4349 est
2929 4293 3159 4348 somniis
3219 4292 3443 4345 deberet

1874 4389 2306 4452 communicare,
2368 4400 2560 4449 necne,
2622 4386 2731 4439 tale
2780 4398 3104 4453 responsum
3156 4382 3343 4437 dedit:
3388 4380 3444 4435 Si

1874 4479 2092 4548 quidem
2120 4478 2364 4533 mulieris
2386 4476 2660 4531 desiderio
2681 4474 2965 4543 subjectus
2989 4485 3093 4537 est,
3123 4488 3233 4527 non
3259 4472 3445 4527 debet.

197 4568 531 4637 προφάσεως
564 4565 768 4635 ταύτης
808 4568 1166 4636 ἁλλοτριῶται
1211 4567 1320 4619 τῶν
1356 4566 1516 4619 θείων
1559 4583 1763 4635 μύστη·

1876 4572 2029 4637 Quod
2059 4571 2105 4625 si
2135 4570 2365 4624 Satanas
2394 4582 2520 4623 eum
2586 4575 2783 4628 tentat,
2829 4581 2919 4647 ne.
2952 4567 3054 4619 hac
3099 4565 3391 4619 occasione
3419 4579 3448 4616 a

199 4662 354 4729 ρὶων,
390 4659 593 4727 ὀφείλει
628 4660 979 4727 κοινωνῆσαι,
1031 4660 1151 4711 ἐπεὶ
1197 4659 1256 4711 ού
1290 4657 1555 4710 παύσεται
1583 4658 1609 4708 ὁ
1640 4659 1774 4723 ἐπη-

199 4750 431 4819 ρεάζων.
463 4750 583 4803 κατ’
616 4752 819 4804 ἐκεῖνον
845 4751 935 4803 τὸν
960 4750 1271 4820 καιρὸν,ὃτε
1287 4748 1489 4818 ὀφείλει
1512 4748 1771 4816 κοινωνῆ-

200 4859 308 4905 σαι,
341 4840 718 4910 ἐπιτιθέμενος
749 4842 915 4908 αύτῷ.

289 4934 347 4985 '0
383 4933 439 4985 δὲ
480 4933 650 5001 μέγας
682 4936 776 4986 καί
833 4934 973 5004 ἱερὸς
1021 4933 1335 4993 Ἀθανάσιος
1392 4935 1527 5001 πρὸς
1570 4929 1770 4999 Ἀμοῦν

200 5026 533 5077 ἐπιστέλλων
559 5028 684 5095 περὶ
713 5026 899 5079 τούτου
930 5025 1249 5096 μονάζοντα,
1278 5023 1597 5092 πολύστιχον
1623 5022 1774 5074 ἔθετο

203 5116 302 5185 τὴν
343 5117 634 5186 ἐπιστολήν
664 5134 678 5148 ο
734 5113 801 5189 ἧς
849 5120 1008 5187 ἡμεῖς
1068 5117 1175 5170 τῶν
1221 5114 1594 5186 καιριωτέρων
1640 5114 1776 5182 πρὸς

203 5210 303 5279 τὴν
339 5210 597 5262 ὑπόθεσιν
635 5208 730 5263 νῦν
762 5210 1110 5279 μνησθέντες,
1140 5211 1463 5279 παρήσομεν
1501 5206 1569 5258 τὰ
1590 5204 1773 5258 λοιπά.

202 5302 341 5372 Φησὶ
385 5302 431 5354 δ’
485 5301 663 5357 οὕτω.
700 5302 883 5356 Πάντα
925 5304 1024 5372 μὲν
1072 5302 1288 5371 καθαρὰ
1336 5304 1446 5364 τοῖς
1495 5297 1778 5368 καθαροῖς.

207 5394 316 5447 τῶν
364 5395 421 5447 δὲ
480 5394 804 5464 ἀκαθάρτων
852 5396 945 5449 καὶ
979 5396 1008 5464 ἡ
1046 5394 1349 5463 συνείδησις
1398 5394 1538 5447 κατὰ
1598 5393 1778 5446 πάντα

210 5485 561 5553 μεμόλυνται.
613 5487 857 5555 Ἀγαμαι
894 5488 949 5539 δὲ
985 5486 1077 5539 τοῦ
1131 5486 1374 5539 διαϐόλου
1421 5486 1481 5537 τὸ
1519 5487 1781 5553 σόφισμα.

205 5581 396 5648 Ξτιπερ
457 5578 632 5647 φθορὰ
667 5579 761 5631 καὶ
811 5578 953 5649 λύμη
997 5579 1276 5650 ὑπάρχων,
1325 5581 1615 5651 λογισμοὺς
1648 5582 1777 5633 ύπο·

1880 4664 2079 4719 divinis
2102 4663 2369 4717 alienetur
2394 4662 2777 4723 sacramentis,
2813 4659 2973 4713 debet
3001 4657 3447 4713 communicare:

1879 4756 2136 4825 quoniam
2166 4753 2532 4808 calumniator
2560 4766 2669 4806 non
2700 4752 2929 4806 desinet.
2960 4750 3035 4804 illi
3063 4760 3280 4805 struere
3318 4748 3449 4803 insi-

1880 4851 2022 4911 dias,
2049 4862 2158 4914 quo
2184 4854 2425 4915 tempore
2446 4844 2954 4899 communicandum
2981 4841 3027 4895 ei
3062 4848 3164 4895 est.

1950 4941 2177 5010 Magnus
2204 4951 2385 4993 autem
2417 4948 2469 4993 et
2529 4950 2683 4991 sacer
2744 4933 3079 4987 Athanasius
3135 4932 3202 4986 ad
3255 4933 3449 4984 Anium

1875 5032 2200 5089 monachum
2233 5029 2299 5084 de
2328 5029 2426 5083 hoc
2449 5027 2719 5091 scribens,
2750 5027 2963 5095 longam
3001 5023 3447 5094 fecitepistolam,

1874 5123 2031 5191 cujus
2064 5136 2162 5176 nos
2195 5128 2687 5175 commemorantes
2713 5132 2797 5181 ea,
2832 5132 2954 5186 quae
2981 5116 3046 5169 ad
3099 5130 3215 5168 rem
3283 5117 3453 5182 perti-

1880 5226 2036 5280 nent,
2102 5214 2307 5283 rcliqua
2379 5211 2883 5283 praetermittemus.
2947 5209 3037 5263 Sic
3092 5216 3273 5260 autem
3330 5206 3449 5259 ait:

1882 5309 2077 5363 Omnia
2148 5307 2364 5377 quidem
2440 5302 2645 5358 munda
2714 5302 2965 5356 mundis:
3043 5299 3451 5353 immundorum

1885 5410 2065 5455 autem
2098 5410 2147 5454 et
2172 5398 2509 5453 conscientia
2540 5411 2635 5465 per
2661 5395 2839 5448 omnia
2884 5392 3090 5461 polluta
3132 5399 3240 5444 est.
3287 5387 3453 5441 Miror

1891 5502 2071 5547 autem
2110 5494 2466 5559 imposturam
2500 5485 2729 5550 diaboli,
2759 5486 2886 5555 quia
2912 5472 3035 5539 cum
3080 5481 3358 5551 corruptio
3382 5481 3453 5531 sit

1890 5592 1942 5638 et
1968 5582 2258 5653 pernicies,
2292 5579 2653 5650 cogitationes
2695 5586 2877 5631 tamen
2922 5573 3187 5645 suggerit,
3226 5582 3280 5625 ut
3308 5571 3453 5624 video

1508 5736 1739 5791 VARle
1773 5737 2177 5791 LECTIHNES.

279 5860 300 5883 α
358 5848 726 5900 sana-nuntia.
825 5848 848 5887 ιι
886 5862 1224 5911 ηἰϊριυιίιυι.

1305 5862 1325 5890 ο
1362 5862 1407 5905 ct
1443 5854 1826 5908 universalibus
1860 5868 1948 5907 sex
1968 5870 2082 5921 syri.

2169 5851 2184 5889 ¹
2223 5867 2288 5903 rm
2325 5850 2618 5919 ambiyu'lt,
2654 5861 2830 5901 necne.
2938 5846 2961 5885 ⁸
2988 5842 3291 5911 Ambigcm.
