4188 6446
752 421 888 485 1015

2044 420 2180 480 JUS
2219 421 2659 483 CANONICUM

3857 428 3992 490 1016

750 543 856 592 tur,
911 526 1216 580 munditiei.
1285 527 1339 580 ld
1405 541 1535 582 vero
1573 529 1717 597 quod
1770 529 1847 592 fit,
1897 529 2104 584 insidia:
2143 532 2314 602 magis

2421 533 2627 597 ϐάλλει,
2675 531 2753 601 τῷ
2798 533 2993 596 δοκεῖν,
3048 532 3440 602 καθαρότητος.
3480 534 3634 586 Ἐστι
3672 535 3728 586 δὲ
3771 535 3834 587 τὸ
3865 540 4012 604 γινό-

746 629 893 685 sunt,
931 637 1093 690 quam
1128 622 1486 678 examinatio.
1525 621 1594 677 Ut
1630 624 1775 677 enim
1835 623 2071 678 athletas
2127 635 2319 680 avocet

748 726 1066 774 aconsueta
1121 727 1174 772 et
1219 719 1448 774 salutari
1513 719 1932 785 exercitatione,
1991 731 2044 774 et
2102 724 2321 777 vincere

748 811 1013 874 videatur,
1048 812 1254 881 pariter
1315 815 1439 867 talia
1485 815 1730 883 quaedam
1757 816 1983 869 excitat'
2011 817 2315 887 bombyeia.

745 901 885 967 Quid
928 901 1099 968 enim,
1137 903 1247 970 dic,
1275 905 1469 968 amice,
1505 906 1711 972 peccati
1739 906 1919 972 habet,
1958 919 2049 961 aut
2073 907 2312 962 immun-

745 994 918 1059 ditiei,
980 997 1254 1052 naturalis
1314 995 1497 1066 aliqua
1556 997 1837 1052 excretio?
1893 998 2120 1068 perinde
2174 1015 2238 1055 ac
2271 1001 2318 1056 si

744 1086 868 1155 quis
925 1087 1086 1142 vellet
1140 1089 1193 1141 in
1251 1087 1460 1141 crimen
1520 1091 1658 1143 verti
1719 1105 1937 1142 mucum
2005 1106 2102 1160 per
2159 1107 2320 1148 nares

743 1179 1027 1242 emissum,
1097 1189 1152 1234 et
1211 1181 1324 1235 oris
1385 1190 1626 1249 sputum,
1661 1183 1763 1236 hoc
1793 1183 2063 1252 amplius,
2117 1185 2320 1240 ventris

744 1279 1118 1325 excrementa.
1151 1271 1304 1338 Quod
1350 1275 1392 1327 si
1445 1272 1538 1326 Dei
1583 1289 1842 1327 manuum
1875 1291 2014 1345 optts
2052 1291 2174 1330 esse
2204 1292 2320 1330 cre-

743 1361 923 1416 dimus
954 1361 1250 1424 hominem,
1276 1365 1424 1431 juxta
1449 1363 1663 1418 divinas
1692 1367 2320 1435 Scripturas,qumnodo

746 1453 926 1519 potuit
954 1469 981 1507 a
1021 1454 1223 1507 munda
1256 1454 1497 1522 potentia
1529 1471 1666 1525 opus
1695 1456 1918 1525 aliquod
1973 1456 2316 1526 inquinatum

744 1541 857 1597 ﬂeri
880 1544 904 1595 τ
930 1543 994 1597 Ει
1031 1545 1074 1600 si
1113 1545 1200 1600 Dei
1234 1549 1520 1616 progenies
1555 1563 1767 1608 sumus,
1794 1547 2096 1601 secundum
2133 1548 2316 1602 divina

742 1636 1113 1704 apostolorum
1169 1638 1326 1702 Acta,
1383 1638 1519 1691 nihil
1573 1637 1838 1692 habemus
1888 1638 1941 1691 in
1974 1638 2133 1693 nobis
2183 1639 2316 1708 ipsis

742 1727 1105 1780 immundum.
1136 1726 1289 1781 Tunc
1321 1729 1464 1781 enim
1521 1731 1696 1782 solum
1728 1730 2047 1798 polluimur,
2097 1732 2318 1798 quando

745 1817 1132 1887 impiissimum
1221 1820 1614 1875 committimus
1702 1829 2005 1888 peccatum.
2084 1819 2312 1885 Quando

741 1919 923 1963 autem
986 1911 1256 1965 naturalis
1333 1912 1516 1981 aliqua
1592 1922 1786 1979 praeter
1865 1914 2201 1967 voluntatem
2257 1913 2314 1966 fit

740 2002 1002 2063 excretio,
1037 2010 1169 2055 tunc
1217 2011 1422 2055 natura:
1457 2005 1785 2056 necessitate
1811 2019 1933 2057 cum
1989 2006 2114 2060 aliis
2166 2013 2221 2059 et
2259 2004 2312 2058 id

741 2091 998 2161 patimur.
1029 2093 1090 2145 Et
1115 2101 1239 2160 post
1267 2093 1410 2146 alia:
1443 2092 1650 2147 Dixerit
1678 2102 1856 2147 autem
1898 2097 2023 2162 quis
2059 2096 2313 2164 probabi-

741 2185 902 2238 liter:
943 2182 1222 2238 Naturalis
1243 2185 1351 2238 ulla
1386 2187 1629 2240 excretio
1659 2202 1765 2239 non
1817 2187 2002 2240 subdit
2051 2203 2150 2242 nos
2183 2205 2313 2257 sup-

740 2276 923 2343 plicio.
955 2277 1018 2331 Et
1046 2276 1282 2332 fortasse
1316 2278 1652 2332 medicorum
1699 2279 1791 2332 lilii
1823 2295 1918 2348 pro
1955 2279 2038 2333 bis
2088 2296 2311 2333 causam

739 2367 947 2432 dicent,
981 2367 1126 2436 quod
1163 2368 1385 2421 animali
1414 2369 1552 2422 datm
1575 2370 1679 2423 sint
1709 2371 2032 2425 necessariae
2063 2373 2310 2440 quaedam

741 2458 860 2523 vias,
926 2474 1024 2528 per
1089 2474 1224 2528 quas
1276 2460 1672 2526 membrorum,
1715 2478 1834 2531 qua:
1888 2462 1941 2516 in
1985 2479 2313 2533 unoquoque

737 2562 989 2608 nostrum
1031 2553 1374 2615 coalescunt,
1413 2553 1686 2622 superﬂua
1724 2555 2034 2620 mittantur,
2078 2565 2135 2609 ut
2167 2557 2317 2624 capi-

741 2641 810 2696 tis
846 2651 1215 2705 excrementa,
1248 2641 1367 2710 pili,
1421 2650 1473 2695 et
1518 2657 1639 2711 qua:
1697 2657 1728 2697 e
1792 2645 1970 2713 capite
2019 2646 2314 2698 mittuntur

741 2746 971 2800 aquosa.
1021 2741 1075 2786 et
1127 2733 1232 2786 alvi
1295 2734 1665 2802 dejectiones:
1709 2735 1876 2804 igitur
1931 2747 1984 2790 et
2043 2748 2316 2791 meatuum

749 2821 1100 2876 semiualium
1134 2823 1222 2876 illa
1252 2822 1623 2893 superﬂuitas.
1653 2823 1810 2888 Quod
1849 2840 1978 2894 ergo
2011 2833 2095 2880 est
2123 2826 2318 2880 adver-

738 2927 834 2966 sus
891 2910 1057 2965 Deum
1120 2923 1429 2980 peccatum,
1483 2928 1605 2966 cum
1635 2913 1896 2966 Dominus
1948 2915 2063 2982 ipse
2109 2915 2309 2968 animal

741 3003 984 3065 ﬁnxerit,
1052 3003 1352 3073 feceritque
1409 3004 1524 3059 haec
1591 3004 1837 3060 membra
1899 3006 2036 3060 tales
2107 3005 2308 3062 habere

737 3095 1042 3152 decursus?

810 3278 917 3332 Sed
959 3278 1073 3332 haec
1131 3279 1518 3348 prredictorum
1577 3279 1797 3332 Patrum
1849 3287 1980 3334 sunt
2032 3280 2301 3334 instituta.
2337 3284 2382 3346 C

739 3369 882 3437 Quid
933 3379 1113 3424 autem
1168 3387 1293 3436 vos,
1375 3386 1603 3426 summm
1661 3371 1915 3440 puritatis
1975 3373 2154 3426 exacti
2227 3376 2306 3441 (ut

737 3461 1104 3532 arbitramini)
1170 3463 1466 3528 custodes,
1524 3463 1617 3532 qui
1682 3463 1847 3517 etiam
1917 3463 2308 3533 imaginatione

739 3557 1029 3610 libidinosa
1057 3563 1334 3609 carentem
1363 3553 1565 3608 ﬂuxum
1611 3555 1841 3624 punitis,
1896 3562 1949 3608 et
2006 3555 2306 3608 naturalem

737 3649 1032 3717 spermatis
1059 3647 1454 3707 excretionem,
1510 3645 1882 3713 impuritatem
1941 3645 2308 3701 existimatis?

737 3753 943 3809 eosque
971 3739 1062 3809 qui
1119 3739 1170 3792 id
1199 3739 1502 3808 patiuntur,
1544 3739 1696 3792 nullo
1749 3739 1915 3792 animi
1969 3739 2309 3808 prmcedente

739 3840 910 3901 motu,
947 3847 973 3882 a
1005 3829 1536 3884 sanetiﬂcationibus
1588 3831 1849 3898 repellitis
1883 3830 2056 3884 ML?et
2092 3831 2306 3884 interim

740 3940 846 3978 non
894 3922 1224 3978 erubescitis
1262 3937 1460 3991 magno
1517 3921 1818 3975 Athanasio
1871 3923 2147 3976 contraria
2197 3932 2310 3978 sta-

737 4025 953 4072 tuentes
1031 4017 1107 4086 (in
1173 4015 1430 4083 praesenti
1487 4014 1633 4067 enim
1695 4021 1922 4068 czeteros
1989 4017 2303 4082 praetereo).

738 4111 939 4178 iisque,
971 4124 1093 4178 quae
1125 4108 1216 4162 ille
1243 4105 1492 4176 scripsit,
1516 4107 1790 4160 contraria
1820 4105 2118 4162 facientes?
2138 4109 2309 4176 Cujus

743 4214 1024 4255 sermones
1081 4208 1134 4253 et
1188 4198 1368 4266 magni
1419 4196 1633 4259 Patres,
1664 4195 1872 4265 quique
1921 4196 1987 4248 ad
2033 4212 2308 4251 summum

737 4299 965 4345 externa
1004 4290 1306 4360 sapientize,
1359 4296 1412 4343 et
1471 4287 1671 4340 divina:
1714 4296 1878 4355 atque
1921 4295 2143 4352 nostrae,
2183 4303 2312 4356 pro-

741 4381 881 4435 vecti
925 4387 1093 4434 sunt:
1131 4379 1282 4433 orbis
1319 4387 1585 4431 terrarum
1618 4377 1912 4430 luminaria
1949 4386 2002 4430 et
2033 4377 2307 4440 doctores,

740 4491 772 4526 n
808 4473 1010 4542 quibus
1045 4479 1230 4525 nostra
1265 4469 1504 4524 stabilita
1551 4478 1632 4522 est
1665 4468 1818 4532 ﬁdes,
1849 4484 1948 4539 pro
1977 4470 2311 4524 definitioni-

749 4566 849 4616 bus
871 4568 927 4616 et
949 4561 1238 4616 sententiis
1262 4568 1609 4629 acceperunt.
1634 4557 1678 4612 Ο
1704 4560 2016 4614 vecordiam
2073 4569 2308 4615 vestram

2426 643 2584 689 μενον
2637 625 2832 692 ἐνέδρα
2888 625 3088 693 μᾶλλον
3153 627 3186 697 ἦ
3229 626 3541 694 δοκιμασία.
3593 628 3712 680 Ἰνα
3759 627 3866 697 γὰρ
3912 631 4013 681 ἁπ-

2421 716 2696 788 ασχολήσῃ
2731 717 2854 778 τοὺς
2889 716 3130 786 ἀπκητάς
3167 720 3263 786 τῆς
3296 717 3487 786 ὲθίμου
3509 717 3602 770 καὶ⁵
3628 720 4010 789 σωηριώδους

2425 809 2677 878 μελέτης,
2715 811 2812 863 καὶ
2868 810 2995 882 δόξῃ
3051 812 3297 879 κρατεῖν,
3364 809 3506 862 κατὰ
3557 809 3718 862 τοῦτο
3777 812 4009 866 τοιαῦτα

2420 919 2543 955 τινα
2598 904 2740 956 κινεῖ
2790 900 3082 972 βομὸύκια.
3127 903 3330 972 Τῑγάρ
3384 903 3526 974 (εἰπέ
3582 921 3698 972 μοι,
3732 905 4010 973 ἀγαπητὲ)

2421 993 2536 1062 ἔχει
2573 995 2880 1066 ἁμάρτημα
2914 996 2946 1065 ἢ
2977 994 3288 1065 ἀκάθαρτον
3321 997 3524 1065 φυσική
3573 1013 3658 1058 τις
3710 996 3961 1066 ἔκκρισις
3993 1015 4006 1059 ;

2431 1089 2520 1152 Ὠς
2549 1090 2602 1142 ετ
2652 1109 2736 1152 τις
2786 1091 2959 1144 ἐθέλει
3015 1093 3288 1146 ποιεῖσθαι
3337 1092 3587 1162 ἔγκλημα
3649 1093 3746 1144 καὶ
3788 1094 3888 1155 τὰς
3923 1095 4010 1145 διὰ

2423 1181 2586 1249 ῥινῶν
2621 1182 3050 1252 ἑκπεμπομένας
3100 1185 3296 1253 μύξας,
3354 1185 3450 1236 καὶ
3485 1184 3556 1236 τὰ
3595 1185 3685 1237 διὰ
3737 1185 4008 1254 στόματος

2423 1271 2737 1341 πτύσματα,
2791 1274 2870 1326 ἔτι
2918 1275 2973 1327 δὲ
3027 1276 3124 1328 καὶ
3167 1276 3266 1337 τὰς
3303 1276 3391 1328 διὰ
3425 1275 3664 1344 γαστρὸς
3704 1277 4004 1346 ἐκκρίσεις.

2422 1363 2484 1415 El
2522 1364 2577 1417 δὲ
2602 1367 2694 1417 καὶ
2719 1364 2827 1417 τῶν
2852 1365 2945 1418 τοῦ
2976 1365 3112 1418 Θεοῦ
3149 1368 3349 1436 χειρῶν
3379 1366 3540 1436 ἔργον
3569 1362 3710 1418 εἶναι
3749 1368 4007 1418 πιστεύο-

2424 1468 2523 1519 μεν
2569 1452 2662 1504 τὸν
2714 1453 3018 1524 ἄνθρωπον,
3073 1457 3214 1507 κατά
3264 1455 3362 1516 τὰς
3411 1456 3562 1519 θείας
3593 1456 3844 1524 Γραφὰςν
3891 1458 4007 1517 π’ῖς

2421 1542 2651 1610 ἠδύνατο
2695 1543 2758 1595 ὲκ
2817 1545 3065 1613 καθαρᾶς
3113 1544 3396 1613 δυνάμεως
3446 1545 3607 1611 ἔργον
3662 1563 3717 1597 τι
3752 1546 4006 1612 γενέσθαι

2424 1634 2878 1704 μεμολυσμένον;
2917 1635 3028 1687 Καὶ
3071 1637 3122 1688 εί
3171 1636 3330 1704 γένος
3356 1635 3450 1688 τοῦ
3485 1637 3620 1688 Θεοῦ
3661 1637 4006 1708 ὑπάρχομεν,

2421 1726 2563 1778 κατά
2616 1726 2714 1788 τὰς
2780 1726 2932 1789 θείας
2983 1728 3091 1781 τῶν
3149 1729 3469 1781 ἀποστόλων
3535 1729 3794 1800 Πράξεις,
3854 1732 4008 1783 οὐδὲν

2419 1818 2614 1887 ἔχομεν
2671 1819 2728 1870 ὲν
2789 1819 3001 1880 ἑαυτοῖς
3052 1819 3384 1888 ἀκάθαρτον.
3456 1819 3588 1871 Τότε
3660 1821 3771 1890 γὰρ
3845 1821 4007 1890 μόνον

2421 1908 2830 1978 μεμολύσμεθα,
2875 1910 2962 1961 ὅτε
3014 1909 3112 1980 τὴν
3163 1909 3533 1979 ἀσεὸεστάτην
3577 1911 3861 1979 ἁμαρτίαν
3911 1913 4004 1980 ἐρ-

2417 2001 2718 2069 γαζόμεθα.
2751 2002 2923 2053 Ὅταν
2950 2001 3005 2052 δὲ
3045 2003 3246 2072 φυσική
3288 2018 3372 2064 τις
3405 2001 3718 2072 ἀδουλήτως
3753 2003 4005 2071 ἔκκρισις

2427 2094 2657 2160 γίνεται,
2686 2092 2806 2144 τότε
2832 2095 2896 2162 τῇ
2922 2093 3018 2160 τῆς
3043 2093 3256 2160 φύσεως
3281 2094 3495 2162 ἀνάγκῃ
3529 2095 3666 2162 μετά
3689 2095 3800 2145 τῶν
3827 2096 4006 2148 ἄλλων

2419 2183 2699 2236 καὶτοῦτο
2738 2183 3100 2252 ὑπομένομεν.
3139 2185 3250 2236 Καὶ
3304 2186 3444 2253 μετά
3490 2201 3632 2236 τινα·
3660 2186 3799 2254 Φαίη
3849 2185 3894 2236 δ’
3943 2187 4006 2239 ἀν

2418 2293 2498 2336 τις
2529 2275 2786 2342 εὐλόγως.
2818 2276 3026 2343 Φυσική
3059 2293 3142 2336 τις
3170 2274 3421 2344 ἔκκρισις
3451 2277 3596 2344 ἡμᾶς
3618 2276 3678 2328 οὗ
3704 2277 4006 2346 παρίστη-,σι

2413 2367 2552 2436 πρὸς
2582 2367 2874 2436 τιμωρίαν.
2909 2366 3062 2434 Τάχα
3102 2367 3158 2418 δὲ
3208 2367 3301 2418 καὶ
3360 2366 3559 2436 ἰατρῶν
3621 2367 3811 2429 παῖδες
3866 2368 4006 2436 ὑπὲρ

2411 2458 2615 2510 τούτων
2663 2457 3125 2526 ἀπολογήσονται,
3161 2458 3244 2509 ὅτι
3286 2457 3366 2527 τῷ
3405 2457 3529 2526 ζώῳ
3571 2457 3810 2509 csso-me
3858 2475 4006 2520 τινες

2415 2551 2712 2614 ἀναγκαῖαι
2744 2548 2988 2613 διέξοδοι,
3012 2550 3148 2618 πρὸς
3170 2550 3232 2601 τὸ
3260 2549 3518 2619 περιττὸν
3547 2550 3657 2602 τῶν
3697 2551 3754 2600 ἐν
3787 2551 4006 2618 ἑκάστῳ

2414 2640 2523 2692 τῶν
2557 2642 2616 2691 ὲν
2646 2643 2780 2709 ἡμῖν
2821 2641 3174 2710 τρεφομένων
3212 2641 3390 2709 μελῶν
3421 2643 3779 2710 ἀποπέμπειν
3812 2659 3825 2671 ·
3869 2636 4004 2704 οἷον,

2417 2731 2658 2797 κεραλῆς
2701 2731 3116 2799 περιττώματα.
3148 2733 3356 2800 τρίχες,
3394 2733 3490 2784 καὶ
3519 2736 3588 2785 τὰ
3617 2733 3727 2784 ἀπὸ
3761 2733 4008 2800 regali;

2419 2821 2663 2892 ὑδατώδη
2725 2824 3074 2893 πεμπόμενα,
3135 2827 3230 2879 καὶ
3288 2826 3525 2894 γαστρὸς
3576 2825 4003 2895 διαχωρήματα.

2417 2914 2522 2966 Καὶ
2559 2914 2739 2966 τοίνυν
2782 2914 2890 2968 τῶν
2941 2917 3336 2986 σπερματικῶν
3367 2917 3552 2986 πόρων
3603 2917 3784 2968 ἐκεῖνο
3839 2918 4008 2983 περί-

2419 3020 2637 3073 πτωμα.
2672 3006 2808 3058 Ποία
2839 3007 3016 3059 τοίνυν
3043 3008 3160 3058 ἐστὶ
3191 3007 3326 3076 πρὸς
3361 3007 3498 3060 Θεὸν
3522 3007 3790 3076 ἁμαρτία,
3834 3007 4005 3060 αὑτοῦ

2417 3095 2511 3149 τοῦ
2540 3096 2846 3159 πλάσαντος
2877 3097 2937 3150 τὸ
2979 3098 3118 3161 ζῶον
3142 3098 3437 3163 Δεσπότου,
3475 3100 3802 3166 ποιήσαντος
3823 3098 4004 3150 ταῦτα

2413 3191 2481 3244 τά
2511 3191 2642 3258 μέλη
2672 3191 2929 3254 τοιαύτας
2960 3193 3102 3262 ἔχειν
3123 3194 3388 3260 διεξόδους
3415 3209 3429 3256 ;

2499 3281 2658 3335 ’Λλλὰ
2721 3283 2894 3335 ταῦτα
2953 3283 3052 3351 μὲν
3113 3285 3179 3337 τὰ
3239 3284 3346 3335 τῶν
3403 3283 3680 3355 ῥηθέντων
3740 3285 4007 3354 Πατέρων

2416 3373 2895 3442 θεσμοθετήματα.
2951 3374 3018 3426 Τί
3070 3373 3114 3426 δ’
3175 3375 3352 3443 ὑμεῖς,
3410 3376 3458 3425 οἱ
3511 3374 3612 3440 τῆς
3661 3375 4006 3443 ἀκραιιξνοῦς

2417 3463 2786 3533 καθαρότητος
2848 3464 3099 3532 ἀκριδεῖς
3159 3465 3255 3533 (ὠς
3289 3464 3491 3533 οἴεσθε)
3527 3465 3786 3532 φύλακες,
3820 3468 3872 3517 οἱ
3909 3467 4007 3518 καὶ

2414 3556 2512 3623 τὴν
2543 3553 2889 3624 ἀφάὺταστον
2927 3556 3081 3627 ῥύσιν
3111 3555 3453 3619 κολάζοντες,
3499 3558 3592 3608 καὶ
3628 3558 3730 3626 τὴν
3762 3558 4006 3626 φυσικὴν

2416 3647 2509 3700 τοῦ
2573 3649 2885 3718 σπέρματος
2933 3649 3182 3715 ἔκκρισιν
3236 3648 3580 3719 ἀκαθαρσίαν
3633 3649 3952 3716 νομίζοντες
3992 3690 4005 3710 ,

2416 3742 2510 3794 καὶ
2537 3742 2663 3802 τοὺς
2691 3741 2848 3794 τοῦτο
2879 3741 3213 3810 πάσχοντας,
3249 3741 3324 3810 μὴ
3361 3742 3846 3811 προϋποκειμένης
3899 3743 4006 3808 ἐμ-

2420 3831 2647 3895 παθείας
2681 3832 2846 3896 τινὸς,
2897 3832 3005 3883 τῶν
3057 3829 3417 3897 ἀγιασμάτων
3467 3829 3822 3894 ἀπάγοντες;
3867 3825 4007 3880 Εἶτα

2418 3926 2518 3977 οὐκ
2568 3923 2973 3992 ὲγκαλύπτεσθε
3008 3923 3086 3991 τῷ
3128 3923 3347 3992 μεγάλῳ
3396 3920 3704 3988 ’Δθανασίῳ
3764 3920 4008 3972 ἀντιδια-

2418 4015 2734 4083 ταττόμενοι
2767 4013 2860 4082 (ὲῶ
2888 4014 2996 4083 γὰρ
3024 4012 3168 4065 κατά
3201 4028 3262 4079 γε
3293 4012 3353 4063 τὸ
3380 4011 3555 4079 παρὸν
3574 4010 3700 4071 τοὺς
3731 4009 4004 4076 λοιποὺς),

2420 4108 2515 4159 καὶ
2545 4101 2624 4168 οἷς
2675 4107 2883 4166 ἐκεῖνος
2931 4104 3171 4174 ἔγραψεν
3217 4104 3713 4174 ἀντιπράττοντες;
3756 4095 3832 4152 Οὗ
3874 4103 4006 4162 τοὺς

2419 4201 2609 4266 λόγους
2632 4199 2725 4250 καὶ
2774 4199 2819 4250 οί
2857 4197 3082 4266 μεγάλοι
3132 4197 3377 4264 Πατέρες
3417 4197 3510 4248 καὶ
3548 4197 3628 4256 είς
3667 4196 3838 4262 ἄκρον
3869 4194 4006 4262 ἐλη-

2419 4291 2646 4352 λακότες
2697 4290 2799 4358 τῆς
2841 4306 2899 4342 τε
2949 4289 3185 4358 θύραθεν
3220 4289 3432 4356 σοφίας,
3465 4288 3688 4354 καὶτῆς
3718 4286 3869 4348 θείας
3907 4287 4007 4336 καὶ

2421 4384 2715 4453 ἡμετέρας,
2746 4385 2794 4434 οί
2827 4382 2924 4449 τῆς
2952 4381 3281 4449 οἰκουμένης
3310 4378 3599 4448 φωστῆρες
3639 4394 3699 4429 τε
3733 4380 3828 4429 καὶ
3858 4378 4008 4428 6:65:-

2422 4475 2632 4540 σκαλοι,
2670 4473 2758 4542 ὑφ’
2812 4467 2888 4526 ὧν
2934 4475 2966 4542 ἠ
3009 4472 3128 4525 καθ’
3159 4473 3306 4541 ἡμᾶς
3334 4472 3649 4540 ἐστήρικται
3679 4469 3885 4529 πίστις,
3928 4469 4006 4529 ὡς

2419 4569 2576 4637 ὄρους
2609 4567 2702 4618 καὶ
2733 4565 3017 4634 ἀξιώματα
3039 4567 3293 4634 ἥγηνται,
3327 4564 3393 4614 Ὠ
3412 4563 3510 4628 τῆς
3534 4560 3688 4629 ὑμῶν
3717 4559 4002 4619 ἀπονοίας,

743 4653 825 4706 vel
857 4653 1238 4715 stoliditatem,
1265 4662 1340 4710 et.
1365 4661 1425 4706 ut
1455 4653 1636 4704 verius
1659 4653 1837 4705 dicam
1865 4654 1914 4716 ὴ,
1945 4651 2300 4721 imperitiam!

2419 4661 2444 4729 ἢ
2481 4661 2576 4725 τῆς
2609 4657 2956 4727 ἀϐελτηρίας.
2997 4657 3092 4707 καὶ
3124 4655 3386 4724 ἀμαθίας,
3425 4653 3599 4704 είπεῐν
3630 4651 4001 4715 οἰκειότερονί

742 4747 925 4813 Neque
949 4745 1276 4812 intelligitis,
1309 4758 1428 4798 meo
1453 4743 1674 4812 quidem
1695 4743 1903 4812 judicio
1934 4741 1977 4808 ί,
2008 4759 2105 4799 vos
2131 4745 2312 4813 judai-

742 4851 888 4900 zare,
935 4845 989 4890 et
1046 4834 1258 4890 Veteris
1310 4834 1647 4890 Testamenti
1721 4849 1987 4890 renovare
2039 4836 2311 4901 instituta,

742 4943 864 4992 quae
889 4926 1149 4982 Servator
1183 4936 1372 4982 noster
1400 4928 1563 4980 homo
1598 4925 1775 4980 factus
1829 4927 2011 4980 inania
2043 4929 2316 4982 reddidit?

746 5018 895 5074 Illius
932 5020 1077 5073 enim
1114 5021 1204 5086 jus
1235 5029 1337 5083 est,
1367 5017 1706 5074 seminiﬂuos
1739 5019 2049 5074 immundos
2075 5020 2308 5075 censeri.

745 5109 858 5164 Vos
893 5119 1099 5174 autem,
1134 5120 1193 5162 ut
1225 5112 1439 5178 opinor,
1491 5125 1636 5171 eum,
1671 5109 1763 5178 qui
1823 5125 1945 5163 cum
1997 5125 2167 5164 uxore
2211 5126 2310 5166 sua

746 5203 1124 5267 concubuerit,
1158 5213 1443 5272 postquam
1475 5202 1776 5256 surrexerit
1819 5217 1848 5255 e
1887 5201 2048 5266 lecto,
2103 5201 2310 5270 judica-

747 5293 876 5348 bitis
902 5294 1273 5347 immundum:
1306 5308 1403 5348 nec
1439 5293 1504 5345 ad
1537 5290 1839 5345 orationem
1869 5292 2188 5352 admittetis,
2215 5291 2309 5344 sed

750 5387 912 5440 etiam
969 5385 1015 5439 ei
1060 5385 1244 5440 valvas
1283 5385 1472 5456 templi
1527 5384 1847 5440 obstruetis.
1900 5383 2008 5439 Nec
2056 5383 2310 5453 cogitatis

2420 4750 2554 4803 Οὐδὲ
2609 4749 2819 4802 συνίετε
2854 4749 2996 4801 κατά
3034 4765 3097 4814 γε
3143 4747 3241 4815 τὴν
3293 4745 3520 4814 γνώμην
3551 4742 3760 4811 ταύτην
3797 4742 4004 4794 ἰουδαῖ-

2421 4842 2623 4906 ζοντες,
2659 4841 2752 4894 καὶ
2780 4841 2879 4903 τὰς
2915 4842 3012 4909 τῆς
3050 4839 3292 4902 [Ιαλαιᾶς
3321 4838 3598 4908 Διαθήκης
3642 4836 4004 4897 ἀνανεοῦντες

2419 4933 2704 5000 διαταγὰς,
2760 4936 2938 5003 ἇσπερ
2991 4935 3020 4986 ὁ
3076 4933 3264 5003 Σωτὴρ
3321 4930 3754 5000 ὲνανθρωπήσ-ις
3789 4931 4002 4997 κατῆρε

2422 5039 2632 5092 γηκενς
2678 5024 2922 5093 Ἐκείνης
2955 5023 3083 5094 γὰρ.
3127 5025 3252 5085 τοὺς
3286 5023 3605 5091 γονοῤῥυεῖς
3649 5019 4001 5088 ἀκαθάρτους

2416 5112 2732 5181 νομίζεσθαι
2759 5113 2989 5182 νόμιμον
3015 5128 3029 5142 ⁶
3064 5113 3227 5178 ὑμεῖς
3269 5111 3313 5162 δ’
3351 5105 3504 5180 οἶμαι
3553 5109 3650 5161 καὶ
3674 5108 3770 5160 τὸν
3809 5124 3998 5160 συνευ-

2416 5204 2680 5257 νασθέντα
2721 5207 2786 5273 τῇ
2840 5202 3034 5258 ἑαυτοῦ
3087 5205 3322 5272 γαμετῇ,
3353 5201 3450 5269 τῆς
3496 5200 3682 5267 κοίτης
3712 5199 3999 5260 ἐξανιστα-

2421 5312 2600 5362 μενον,
2641 5299 2878 5365 κρινεῖτε
2918 5297 3246 5366 ἀκάθαρτον,
3280 5295 3374 5347 καὶ
3439 5294 3516 5353 εἰς
3565 5289 3881 5359 προσευχὴν
3935 5290 3995 5340 οὐ

2418 5390 2780 5460 προσήσεσθε.
2834 5389 2994 5443 Ἀλλὰ
3019 5389 3112 5440 καὶ
3144 5388 3243 5450 τὰς
3277 5383 3372 5438 τοῦ
3406 5384 3536 5436 ναοῦ
3577 5384 3753 5454 θύρας
3818 5382 3995 5450 τούτῳ

2029 5631 2259 5686 VARIA‘J
2301 5627 2705 5686 LECTIONES.

825 5819 872 5859 ε’
897 5836 923 5870 ο
952 5822 1317 5873 sacramentis.

1394 5819 1421 5860 ιι
1459 5817 1532 5872 te!
1588 5819 1937 5872 insulsitatem
1977 5829 2022 5872 ει
2058 5820 2396 5878 imperitiam.
2431 5829 2484 5871 ul
2525 5819 2690 5871 t-etius
2723 5816 2915 5868 dicam.

3001 5815 3013 5853 ί
3055 5815 3104 5865 in
3143 5812 3237 5863 Im
3276 5808 3478 5864 quidem
3514 5812 3798 5860 scatent-.1.
