4188 6446
211 431 356 499 1617

1493 431 1541 490 G
1552 428 2007 496 IL'ECO'RORLX
2018 429 2063 489 N
2079 428 2186 489 UM
2198 474 2211 487 .

3352 420 3494 487 10l8

208 548 608 616 ἑπιξυγὼσετε.
641 545 764 599 Οὐδ’
817 546 899 599 ὅτι
937 545 1119 615 τίμιος
1150 548 1179 599 ὁ
1228 545 1404 615 γάμος
1436 544 1674 614 εἴρηται,
1710 546 1789 597 λο-

1902 544 2130 605 dictum,
2166 540 2386 611 nuptias
2425 556 2550 596 esse
2602 539 2983 603 bonorandas,
3027 547 3083 594 et
3140 540 3339 620 lectum
3380 543 3498 596 sine

206 639 442 708 γιεῖσθε,
468 638 565 692 καὶ
587 639 620 707 ἡ
677 637 833 707 κοίτη
874 636 1138 707 ἀμίαντος
1173 653 1186 667 ο
1218 634 1337 689 ἀλλ’
1388 636 1469 689 ὅτι
1513 633 1797 687 κάνταῦθα

208 732 534 802 σπέρματος
562 731 754 801 ὲκροὴ,
784 731 879 783 καὶ
917 729 1121 799 μᾶλλον
1147 729 1246 782 σὺν
1272 728 1461 799 ἡδονῇ,
1492 728 1795 781 καταδικά-

208 842 335 878 σετε
366 826 462 877 τὸν
510 824 753 877 ἀναίτιον
783 838 799 852 ·
857 822 951 876 καὶ
992 822 1084 875 τὸν
1112 821 1309 892 νεκροῦ
1372 820 1797 890 προσαψάμενον

206 916 308 967 οὐκ
353 915 617 983 ὀκνήσετε
670 913 1048 984 μεμιασμένον
1077 911 1387 983 ἡγήσασθαι
1418 929 1431 943 ⁸
1485 916 1581 964 καὶ
1630 905 1691 963 οὗ
1740 912 1797 963 ὲν

206 1006 285 1075 τῷ
321 1005 535 1074 σώματι
570 1005 749 1075 λέπρα
780 1004 1068 1077 ἐξήνθησε,
1106 1005 1206 1074 τῆς
1230 1005 1437 1067 πόλεως
1469 1002 1794 1071 ὲξωθήσετε.

219 1097 363 1151 Ἀλλ’
394 1097 453 1160 δς
486 1099 605 1167 μὲν,
636 1091 682 1150 ὧ
711 1090 879 1163 οὗτοι,
912 1098 1054 1150 κατά
1091 1097 1219 1158 τοὺς
1270 1096 1470 1160 ὕπνους
1510 1095 1796 1166 ἀποκρίνει

206 1189 397 1258 γονὴν,
425 1191 554 1259 ὑμῖν
587 1191 685 1259 οὐχ
724 1191 928 1260 ἥγηται
972 1189 1217 1260 καθαρός
1243 1205 1257 1220 ·
1286 1189 1338 1242 τί
1368 1188 1424 1241 δὲ
1463 1188 1593 1260 περὶ
1627 1191 1795 1257 ἐγρη-

206 1280 475 1350 γορότων,
532 1280 627 1333 καὶ
681 1281 837 1351 ῥύσιν
897 1279 1280 1349 ὑφισταμένων
1330 1279 1524 1348 αὐτῆς,
1558 1278 1685 1347 ὑμῖν
1714 1276 1797 1330 δέ-

206 1368 398 1421 δοκταί
424 1386 483 1421 τε
534 1369 630 1421 καὶ
673 1370 1065 1437 διατέτακται;
1115 1370 1337 1433 Πολλοῖς
1388 1370 1496 1439 γὰρ
1537 1368 1695 1422 τοῦτο
1737 1368 1797 1420 τὸ

209 1458 384 1520 πάθος
411 1457 807 1528 ὲπισυμϐαἰνόν
833 1462 1002 1524 ἐστιν,
1036 1459 1068 1530 ἢ
1101 1462 1213 1522 τοῖς
1241 1457 1421 1527 οὔροις
1452 1457 1792 1527 ὲφεπομὲκου

206 1547 304 1599 τοῦ
333 1547 671 1615 σπέρματος,
714 1546 747 1618 ἢ
787 1547 952 1616 μόνου
982 1549 1077 1602 καὶ
1108 1547 1435 1618 αὐτομάτως
1490 1548 1793 1621 ἐκρέοντος.

208 1641 270 1694 ΕΞ
296 1640 396 1709 μὲν
447 1642 541 1694 καὶ
582 1640 807 1705 τούτους
836 1640 947 1693 τῶν
981 1639 1237 1711 καθαρῶν
1266 1639 1654 1710 ἀπροκρίνετε,
1695 1642 1795 1693 ίου-

208 1734 423 1797 δαϊζετε
459 1732 774 1804 προφανῶς.
827 1728 988 1787 Οὗτοι
1032 1733 1140 1802 γάρ
1170 1732 1262 1796 οὓς
1294 1736 1611 1803 γονορρυεῖς
1658 1732 1793 1785 ὠνό-

211 1843 388 1894 μασεν
427 1826 457 1877 ὁ
486 1827 712 1895 Μωσῆς,
750 1825 847 1880 καὶ
883 1826 1234 1895 ἀκαθάρτους
1273 1824 1589 1895 νομίζεσθαι
1618 1825 1795 1879 διετά-

207 1917 339 1982 ξατο
368 1916 436 1971 ⁸⁸.
470 1916 533 1970 Εἰ
566 1917 623 1969 δὲ
662 1916 884 1980 τούτους
917 1918 1231 1987 προσίεσθε,
1286 1920 1380 1969 καὶ
1433 1918 1493 1970 ού
1557 1918 1791 1986 μιαίνειν

206 2009 406 2071 αὖτοὺς
432 2009 531 2079 τὴν
566 2008 813 2079 ἔκκρισιν
839 2010 1037 2073 οἴεσθε,
1076 2010 1160 2072 τίς
1192 2010 1220 2062 ὁ
1251 2009 1429 2075 λόγος,
1472 2009 1541 2061 δι’
1591 2009 1651 2062 δν
1680 2012 1792 2071 τοῖς

212 2101 311 2169 μὲν
338 2100 683 2168 ἀφάνταστον
711 2099 946 2153 παθοῦσι
993 2100 1149 2169 ῥύσιν
1201 2100 1364 2169 γονῆς
1415 2100 1535 2153 καθ’
1568 2099 1790 2166 ὕπνους,

207 2190 506 2261 ἁπείργετε
564 2191 662 2261 τὴν
716 2190 827 2244 τῶν
879 2192 1239 2261 ἀγιασμάτων
1291 2190 1631 2261 μετάληψιν,
1678 2192 1792 2253 τοῖς

204 2284 248 2336 δ’
288 2286 348 2337 ὲν
399 2282 732 2353 ὲγρηγόρσει
780 2281 937 2335 τοῦτο
994 2281 1279 2347 παθοῦσιν,
1330 2284 1457 2334 ἐᾶτε
1508 2281 1569 2334 τὸ
1620 2281 1791 2345 πάθος

204 2376 645 2445 ἀνεπιτίμητον;
682 2374 788 2428 Καὶ
819 2374 986 2444 ἀμφω
1026 2374 1135 2445 γάρ
1186 2375 1471 2444 ἐκκρίσεις
1531 2375 1635 2428 εἰσὶ
1690 2393 1793 2443 φυ-

205 2468 379 2530 σικαὶ,
412 2468 508 2521 καὶ
539 2466 707 2535 ἄμφω
755 2467 1139 2537 ἀπροαιρέτως
1188 2466 1608 2535 συμϐαίνουσαι.
1649 2467 1791 2521 Ἀλλ’

202 2558 249 2610 εί
280 2557 457 2610 ταῦτα
502 2558 728 2627 φήσειεν
783 2558 849 2612 ἀν
896 2574 981 2621 τις
1013 2556 1123 2609 τῶν
1155 2558 1624 2627 ἀνθρωπηθῡτων
1660 2557 1791 2628 περὶ

201 2649 311 2701 τῶν
375 2650 736 2717 ἀφαντάστως
806 2649 959 2719 ρύσει
1018 2651 1427 2719 περιπεσόντων
1475 2650 1683 2719 γονῆς,
1737 2649 1791 2702 τί

200 2744 244 2795 δ’
282 2741 352 2795 ἂν
382 2741 545 2811 εἴπῃς
578 2742 707 2811 περὶ
737 2743 844 2794 τῶν
882 2741 1309 2811 ὀνειρασθέντων
1333 2742 1429 2796 καὶ
1456 2743 1791 2811 φαντασθέν-

204 2852 312 2888 των
340 2833 487 2905 ἁφὴν
510 2834 792 2902 γυναικὸς,
820 2834 858 2906 ἢ
886 2834 1073 2904 ἕτερον
1120 2851 1174 2888 τι
1227 2834 1492 2906 διεγεῖρον
1542 2836 1639 2907 τὴν
1683 2838 1788 2890 πύ-

208 2944 378 2996 ρωσιν
403 2928 501 2995 τῆς
538 2927 763 2996 σαρκὸς,
791 2928 888 2979 καὶ
939 2928 1132 2996 μέχρις
1179 2927 1377 2996 ἐκροῆς
1432 2927 1791 2996 πεφθακότων

204 3018 298 3071 τοῦ
353 3019 719 3088 σπέρματος;
762 3019 836 3071 Οὐ
888 3020 1106 3081 πάντως
1160 3013 1303 3073 οὗτοί
1358 3036 1440 3071 σοι
1490 3019 1789 3090 μεμιάνθαι

206 3110 600 3180 κριθήσονταις
642 3111 706 3165 Ei
744 3112 842 3180 μὲν
902 3112 929 3163 ὀ
980 3110 1141 3165 τοῦτο
1190 3110 1399 3176 παθὼν,
1436 3105 1481 3165 ὧ
1520 3111 1785 3177 ἀντίθετε,

1900 634 2157 688 macula:
2192 633 2284 687 sed
2315 632 2445 702 quia
2477 640 2530 684 et
2581 632 2692 685 illic
2745 631 2979 688 seminis
3037 631 3241 693 ﬂuxus,
3293 630 3492 698 majori

1898 740 2022 781 cum
2055 724 2328 794 voluptate
2371 723 2857 778 tcondemnabitis
2908 726 3223 787 insontem;
3274 731 3328 776 et
3347 737 3495 787 eum,

1899 819 1993 888 qui
2060 819 2299 873 cadaver
2371 818 2640 883 attigerit,
2713 830 2823 869 non
2906 816 3233 870 verebimini
3312 815 3497 869 dicere

1898 911 2192 982 pollutum.
2246 909 2311 963 Et
2344 910 2503 979 cujus
2560 910 2611 963 in
2683 923 2916 979 corpore
2972 908 3120 976 lepra
3176 908 3496 973 eﬂloruit,e

1898 1005 2122 1060 civitate
2178 1003 2488 1071 expellctis.
2555 1002 2755 1056 Verum
2805 1001 2971 1072 agite.
3029 1000 3123 1069 qui
3189 1000 3242 1051 in
3285 999 3494 1054 sonmis

1898 1096 2155 1153 excernit
2185 1095 2425 1165 genitale
2484 1110 2692 1159 semen,
2750 1110 2873 1148 eum
2910 1110 3017 1148 non
3062 1092 3290 1146 creditis
3334 1106 3494 1143 mun-

1897 1190 2069 1246 dum?
2100 1188 2243 1255 Quid
2284 1204 2413 1243 vero
2439 1188 2504 1243 de
2533 1188 2603 1241 iis
2640 1186 2878 1248 videtur,
2904 1194 2957 1239 et
2983 1187 3347 1239 constitutmn
3385 1192 3490 1243 est.

1896 1282 1991 1353 qui
2043 1282 2367 1336 exsuscitati
2428 1278 2677 1349 ejusdem
2739 1278 2946 1331 ﬂuxum
3012 1275 3333 1346 patiuntur?
3385 1275 3493 1329 lioc

1896 1372 2040 1427 enim
2066 1371 2201 1424 vitio
2228 1370 2383 1423 multi
2414 1370 2689 1432 laborant,
2725 1368 2809 1421 vel
2838 1382 2962 1420 cum
2997 1366 3213 1420 urinam
3244 1366 3493 1434 sequitur

1897 1478 2139 1533 sperma,
2182 1462 2264 1516 vel
2312 1476 2438 1515 cum
2489 1464 2666 1513 solum
2722 1469 3027 1529 sponteque
3083 1456 3223 1511 ﬂuit.
3259 1455 3393 1509 Nam
3431 1456 3480 1511 si

1898 1555 2001 1610 bos
2038 1570 2067 1607 a
2101 1551 2324 1608 mundis
2355 1552 2649 1620 separatis,
2700 1549 2996 1604 mauil'tsto
3042 1548 3261 1603 Judaeos
3308 1548 3489 1601 imita-

1897 1647 2029 1700 mini
2063 1663 2077 1699 :
2111 1644 2149 1698 ii
2180 1644 2328 1699 enim
2363 1658 2504 1713 quos
2544 1641 2889 1698 seminilluos
2921 1642 3228 1696 nominavit
3281 1638 3484 1704 Moses,

1896 1748 1951 1794 et
1978 1739 2293 1793 immundos
2338 1736 2649 1792 existimari
2705 1735 3073 1790 constituunt.
3112 1732 3267 1799 Quod
3300 1734 3343 1787 si
3387 1732 3487 1787 hos

1898 1829 2211 1895 admittitis,
2264 1844 2363 1883 nec
2433 1829 2601 1898 pollui
2663 1843 2757 1897 per
2809 1828 3183 1881 excretiouem
3242 1825 3484 1894 putatis;

1897 1937 2005 1991 qua
2040 1922 2256 1976 ratione
2286 1937 2403 1986 eos,
2434 1920 2531 1990 qui
2564 1918 2794 1973 seminis
2818 1917 3025 1972 ﬂuxum
3087 1918 3298 1985 absque
3358 1916 3485 1969 libi-

1894 2015 2091 2069 dinoso
2148 2023 2364 2082 spectro
2411 2012 2560 2083 passi
2617 2020 2748 2069 sunt
2803 2012 2857 2065 iu
2921 2010 3153 2072 somnis,
3216 2009 3421 2064 arcetis
3454 2023 3483 2062 a

1894 2107 2391 2163 sanetilicatiouum
2432 2110 2815 2175 perceptione:
2866 2103 3159 2173 vigilantes
3212 2112 3396 2157 autem
3429 2101 3477 2161 ιε.

1892 2202 1987 2273 qui
2022 2200 2214 2255 eodem
2269 2206 2399 2254 sunt
2453 2198 2631 2252 all’ecti
2666 2197 2820 2263 vitio,
2878 2204 3035 2250 extra
3091 2209 3310 2263 poenam
3355 2206 3479 2248 esse

1892 2291 2116 2347 sinitis?
2145 2289 2358 2343 Etenim
2393 2295 2630 2357 utraque
2654 2285 2901 2341 excretio
2949 2292 3033 2338 est
3081 2280 3375 2345 naturalis,
3426 2288 3480 2331 et

1892 2392 2123 2451 utraque
2164 2389 2361 2451 praeter
2386 2378 2715 2432 voluntatem
2746 2374 2972 2429 accidit.
3011 2371 3165 2438 Quod
3221 2370 3267 2424 si
3303 2368 3482 2423 homi-

1894 2488 2021 2526 num
2081 2472 2360 2542 quispiam
2425 2469 2540 2522 lizec
2599 2466 2665 2521 de
2725 2466 2793 2521 iis
2851 2464 3073 2529 dixerit,
3126 2462 3219 2531 qui
3268 2461 3480 2529 absque

1893 2563 2109 2620 somnio
2137 2562 2437 2615 libidinoso
2468 2562 2520 2613 in
2579 2557 2807 2613 seminis
2861 2556 3065 2609 (luxum
3126 2554 3475 2608 inciderunt:

1891 2655 2025 2726 quid
2069 2654 2136 2709 de
2200 2654 2267 2708 iis
2325 2653 2555 2719 dixeris,
2624 2651 2716 2719 qui
2783 2650 2837 2704 in
2889 2648 3120 2703 somniis
3176 2646 3476 2700 tactionem

1893 2748 2138 2803 mulieris
2201 2746 2481 2817 imaginati
2549 2755 2712 2808 sunt,
2782 2750 2878 2796 aut
2941 2740 3089 2794 aliud
3170 2738 3473 2809 quidpiam,

1892 2840 2165 2897 suscitans
2188 2838 2374 2892 carnis
2412 2835 2931 2894 inﬂammationem,
2958 2832 3041 2885 vel
3079 2831 3144 2884 ad
3178 2828 3477 2899 spcrmatis

1892 2932 2097 2986 ﬂuxum
2126 2944 2302 3000 usque
2362 2923 2768 2997 pervenerunt?
2810 2922 2949 2976 Num
3000 2921 3097 2975 tibi
3144 2908 3373 2990 prorsus
3422 2916 3475 2969 bi

1897 3020 2090 3091 polluti
2129 3034 2253 3073 esse
2308 3013 2711 3071 censebuutur?
2753 3011 3035 3081 Siquidem
3090 3009 3160 3071 is,
3225 3008 3319 3077 qui
3375 3007 3476 3061 hoc

1892 3126 2093 3184 passus
2130 3117 2236 3175 est,
2268 3107 2607 3168 adverSarie,
2646 3104 3044 3175 przecedemem
3091 3100 3280 3153 habuit
3309 3099 3475 3151 ali'ec-

206 3205 345 3269 πρού
357 3200 693 3269 ποκειμένην
719 3195 863 3270 εἶχεν
893 3200 1221 3269 ὲμπάθειαν,
1244 3202 1349 3253 κάν
1379 3202 1487 3262 τοῖς
1510 3200 1787 3270 λογισμοῖς

1893 3205 2096 3258 tionem
2144 3200 2392 3255 libidinis
2442 3208 2498 3253 et
2553 3195 2983 3268 cogitationibus
3043 3192 3179 3245 aluit
3232 3188 3476 3243 uiulieris

205 3294 503 3361 ἐπιθυμίαν
561 3292 755 3364 ἔτρεφε
816 3293 1095 3360 γυναικὸς,
1144 3293 1239 3345 καὶ
1287 3292 1490 3363 ταύτην
1524 3293 1785 3364 ἔστρεφεν

203 3387 294 3437 ἐπὶ
324 3384 469 3451 νοῦν,
509 3383 601 3435 καὶ
652 3384 823 3447 οὕτως
850 3387 883 3453 ἡ
948 3384 1217 3451 φαντασία
1265 3384 1386 3437 καθ’
1424 3383 1622 3447 ὕπνους
1653 3387 1787 3453 ὲπη-

205 3475 559 3545 κολούθησεν,
595 3474 704 3527 οὐδ’
732 3474 892 3538 αὐτὸς
934 3472 1103 3544 κρινῶ
1130 3474 1221 3527 τὸν
1255 3474 1495 3527 τοιοῦτον
1520 3475 1781 3529 ἀναίτιον.

204 3570 377 3630 Αὐτὸς
399 3568 509 3635 γὰρ
545 3566 726 3637 ἑαυτῷ
757 3565 852 3619 τοῦ
891 3565 1097 3629 πάθους
1126 3566 1273 3619 ἐστὶν
1301 3564 1644 3635 αἰτιώτατος,
1692 3568 1786 3621 καὶ

206 3665 541 3734 μεμόλυνται
596 3662 658 3716 ού
715 3662 777 3715 τὸ
828 3662 989 3733 σῶμα
1024 3705 1038 3725 ,
1087 3663 1174 3716 διὰ
1225 3662 1323 3736 τὴν
1384 3664 1634 3734 ἔκκρισιν
1686 3664 1784 3735 τὴν

204 3756 588 3829 σπερματικὴν
636 3758 717 3822 (οὐ
768 3758 879 3827 γάρ
927 3755 1241 3826 ἀκαθαρσία
1298 3756 1450 3808 τουτὶ
1489 3756 1551 3808 τὸ
1601 3756 1787 3826 περίτ-

200 3854 405 3921 τωμα),
462 3850 601 3902 sua
634 3851 721 3902 τὸν
771 3848 1054 3917 λογισμὸν,
1111 3848 1197 3901 διά
1248 3847 1347 3916 τὴν
1385 3847 1785 3915 συγκατάθεσιν

202 3946 301 4013 τῆς
338 3942 633 4010 ἐπιθυμίας
668 3942 765 4010 τῆς
815 3940 1107 4011 σαρκικῆς.
1158 3940 1220 3992 Ei
1268 3938 1326 3991 δὲ
1361 3938 1602 3993 τοιοῦτον
1636 3939 1786 3993 οἰδὲν

201 4036 279 4105 τῷ
306 4035 406 4105 τὴν
431 4036 598 4102 γονὴν
646 4031 1009 4103 ἀποκρίναντι
1069 4029 1461 4101 προῦπὲκειτο,
1512 4028 1634 4081 οὔτε
1680 4029 1785 4100 μὴν

202 4129 297 4180 τὸν
328 4124 591 4194 λογισμὸν
626 4120 770 4193 εῖχεν
831 4122 1108 4193 ὲμπαθείᾳ.
1164 4122 1386 4193 τοιαύτῃ
1442 4121 1781 4191 ἐγκείμενον,

204 4218 529 4287 αὐτομάτως
580 4215 622 4268 δ’
661 4217 696 4285 ὴ
735 4214 1006 4283 φαντασία
1036 4212 1261 4281 ἐπῆλθε,
1293 4214 1387 4266 καὶ
1428 4214 1462 4282 ἡ
1498 4212 1596 4281 τῆς
1624 4212 1783 4282 γονῆς

202 4309 437 4381 ἑκροὴῆ
492 4308 586 4362 καὶ
636 4307 696 4371 ἐξ
748 4308 1011 4377 ἐπηρείας
1057 4305 1352 4374 σατανικῆς
1406 4305 1782 4374 ὲπενήνεκται,

203 4402 346 4454 κατὰ
400 4399 527 4462 τοὺς
591 4399 767 4462 θείους
828 4398 1113 4469 Πατέρας,
1170 4395 1262 4451 τοῦ
1318 4397 1619 4467 δυσμενοῦς
1672 4400 1786 4460 τοῖς

205 4495 479 4563 άσκηταίς
537 4492 954 4561 ἐνεδρεύοντος·
1019 4491 1079 4543 οὐ
1139 4490 1458 4559 μιμήσομαί
1528 4507 1621 4543 σου
1689 4489 1786 4557 τὴν

1893 3293 2427 3364 concupiscentiam,
2478 3304 2711 3358 eamque
2745 3287 2932 3340 animo
2987 3282 3249 3346 versavit,
3311 3290 3476 3349 atque

1894 3388 1969 3442 ita
2001 3385 2315 3455 imaginatio
2364 3384 2417 3436 in
2461 3381 2677 3437 somnio
2722 3380 3014 3434 subsecuta
3070 3384 3179 3439 est,
3211 3388 3309 3426 nec
3360 3373 3475 3442 ipse

1894 3480 2041 3535 hunc
2078 3478 2425 3531 innocentem
2458 3474 2802 3543 judicavero.
2840 3469 2953 3523 Sibi
3012 3469 3153 3521 enim
3191 3465 3305 3533 ipse
3333 3480 3473 3531 prae--

1893 3572 2087 3641 cipuus
2116 3576 2200 3623 est
2235 3576 2427 3621 auctor
2460 3566 2607 3625 mali,
2638 3572 2692 3618 et
2718 3564 3038 3633 inquinatus
3074 3570 3178 3622 est,
3213 3576 3317 3614 non
3348 3572 3475 3611 cor-

1894 3679 2046 3733 pore,
2078 3669 2298 3730 propter
2336 3657 2653 3713 seniiualem
2719 3655 3090 3709 excretionem
3134 3656 3281 3722 (non
3329 3650 3472 3704 enim

1893 3751 2266 3809 immunditics
2333 3757 2415 3803 est
2480 3744 2795 3816 bujusmodi
2864 3752 3276 3799 excrementum
3304 3745 3346 3810 i,
3380 3741 3473 3795 scil

1893 3842 2250 3913 cogitatione,
2277 3846 2500 3910 propter
2526 3836 2762 3891 carnalis
2781 3835 3041 3889 desiderii
3072 3833 3471 3888 assensionem.

1894 3935 2048 4003 Quod
2078 3934 2123 3988 si
2158 3935 2209 3987 in
2241 3946 2325 3994 eo,
2382 3930 2474 3999 qui
2531 3928 2822 3997 genitalem
2859 3928 3063 3979 llumm
3117 3940 3314 3995 passus
3365 3932 3470 3986 est,

1893 4028 2029 4083 nillil
2053 4027 2159 4079 taie
2188 4022 2497 4093 praecessit,
2529 4036 2706 4088 neque
2734 4018 3121 4088 cogitationem
3158 4014 3472 4085 bujusmodi

1894 4120 2130 4176 deditam
2182 4114 2454 4169 alfectioui
2494 4113 2720 4177 babuit;
2788 4110 2881 4164 sed
2946 4107 3267 4179 imaginatio
3332 4106 3471 4159 ultro

1893 4208 2138 4271 incessit,
2170 4215 2223 4259 et
2256 4204 2483 4259 seminis
2513 4202 2702 4265 ﬂuxio,
2733 4201 2816 4255 vel
2847 4201 3010 4253 etiam
3045 4215 3106 4251 ex
3136 4196 3472 4266 improperio

1893 4301 2140 4358 satanico
2177 4297 2189 4329 ι
2229 4298 2377 4351 illata
2407 4306 2512 4359 est,
2540 4294 2845 4349 secundmn
2893 4292 3049 4345 divos
3100 4288 3313 4353 Patres,
3363 4287 3471 4339 iui-

1894 4394 2038 4447 miro
2068 4388 2288 4443 azblctis
2319 4388 2616 4442 insidiante
2650 4401 2796 4439 :uon
2830 4384 3087 4436 imitabor
3119 4382 3169 4436 in
3207 4381 3291 4434 his
3322 4389 3470 4431 tuam

1896 4481 2254 4549 irrcligiosam
2290 4478 2631 4547 religionem.
2657 4475 2798 4527 Caro
2823 4474 2969 4527 enim
3005 4474 3213 4540 polluta
3246 4488 3351 4525 non
3385 4478 3471 4525 est

204 4562 480 4654 ἀνευλαὸῆ
521 4586 652 4655 περὶ
683 4583 857 4636 ταῦτα
890 4583 1198 4636 εύλάὕειαν.
1240 4583 1301 4634 Ἠ
1333 4582 1432 4651 μὲν
1486 4582 1594 4651 γάρ
1652 4583 1788 4651 σὰρξ

1893 4572 2203 4627 υιςῖειίοιιρ
2236 4570 2486 4623 scminis.
2519 4566 2666 4619 Bona
2698 4566 2842 4619 enim
2866 4566 3046 4619 omnis
3079 4562 3168 4616 Dei
3196 4573 3466 4625 creatura,

203 4681 266 4731 οὗ
298 4678 595 4747 μεμίανται
627 4680 693 4746 τῇ
724 4677 971 4746 ικκρίσει
1017 4674 1113 4727 τοῦ
1158 4675 1495 4745 σπέρματος.
1542 4676 1655 4728 Πᾶν
1679 4677 1787 4745 γὰρ

204 4770 415 4838 κτίσμα
445 4768 581 4821 Θεοῦ
636 4768 821 4831 καλὸν,
876 4770 969 4819 καὶ
1020 4766 1239 4837 Χριστῷ
1295 4764 1491 4817 εὐωδία
1530 4765 1697 4829 ἐσμὲν
1731 4768 1789 4819 ὲν

202 4865 320 4925 τοῖς
362 4861 709 4931 σωζομένοις,
768 4861 907 4913 κατὰ
938 4859 1028 4911 τὸν
1085 4859 1260 4928 μέγαν
1324 4857 1664 4911 ’Δπόστολον.
1726 4858 1789 4911 Εἰ

203 4954 262 5006 δὲ
304 4952 400 5006 καὶ
450 4954 478 5005 ὁ
532 4951 794 5021 λογισμὸς
841 4951 934 5003 τοῦ
998 4949 1427 5019 ὀνειρασθέντος,
1482 4948 1790 5019 ὲμπαθείας

203 5044 387 5108 ἐκτὸς,
422 5044 672 5106 κάκεῖνος
702 5042 986 5112 ἀμίαντος.
1017 5041 1083 5093 Τί
1127 5042 1305 5093 τοίνυν
1335 5040 1395 5093 τὸ
1436 5041 1526 5092 τὸν
1577 5041 1785 5110 ἄνθρω-

204 5152 307 5187 πον
340 5135 601 5205 ἀπείρξον
630 5137 728 5203 τῆς
781 5134 861 5196 είς
916 5133 987 5186 τά
1036 5133 1167 5199 ἅγια
1226 5132 1681 5202 προσελεύσεωςς
1722 5133 1783 5186 Εί

207 5228 347 5297 μήτε
378 5229 408 5280 ὁ
447 5226 706 5295 λογισμὸς
758 5227 818 5291 ἐξ
879 5224 1160 5294 ὲμπαθοῦς
1212 5222 1531 5293 ἐπιθυμίας,
1576 5225 1713 5294 μήτε
1751 5227 1783 5294 ή

205 5320 341 5387 σὰρξ
376 5319 727 5388 ραντισθείσα
758 5317 835 5386 τῷ
878 5316 1187 5387 ὲκκριθέντι
1228 5315 1502 5387 σπέρματι
1555 5316 1784 5384 κέκραν-

204 5428 314 5470 ται.
348 5409 421 5463 Σύ
458 5428 549 5479 μοι
600 5410 800 5474 δοκεῖς,
856 5412 904 5462 εί
956 5411 984 5463 ὁ
1030 5409 1130 5479 τὴν
1188 5407 1342 5479 ῥύσιν
1404 5408 1595 5461 παθὼν
1628 5401 1783 5470 οὗτος

1887 4678 1941 4722 et
1968 4666 2190 4720 Cbristo
2225 4663 2401 4716 bonus
2432 4658 2567 4713 odor
2601 4674 2794 4711 sumus
2829 4656 2994 4721 iniis,
3020 4656 3115 4724 qui
3154 4662 3467 4714 servantur,

1882 4757 2040 4827 juxta
2075 4767 2332 4823 magnum
2361 4749 2711 4820 Apostolum.
2740 4746 2899 4813 Quod
2924 4750 2968 4800 si
3005 4747 3174 4799 etiam
3202 4744 3468 4810 cogitatio

1888 4847 2168 4918 iuiagiuati
2232 4844 2508 4899 somnium
2566 4840 2948 4904 libidinosum,
2999 4846 3153 4892 extra
3208 4832 3471 4902 concupi-

1890 4940 2154 4997 scentiam
2198 4937 2322 5000 fuit,
2357 4936 2463 4988 erit
2519 4942 2573 4988 et
2603 4934 2693 4987 ille
2726 4931 3071 5001 impollutus.
3104 4928 3245 4995 Quid
3303 4929 3470 4998 igitur

1894 5032 2168 5087 hominem
2234 5036 2602 5083 asauctorum
2666 5038 2705 5065 ηι
2764 5025 2915 5079 aditu
2977 5022 3208 5087 arcebit,
3266 5022 3312 5075 si
3370 5036 3469 5073 nec

1891 5127 2154 5198 cogitatio
2214 5124 2509 5178 libidinoso
2558 5120 2859 5184 desiderio,
2924 5131 3186 5172 neccaro
3244 5124 3468 5170 excreto

1890 5219 2101 5277 semine
2151 5230 2397 5286 aspersa,
2448 5213 2733 5284 inquinata
2785 5211 2909 5265 est?
2962 5207 3176 5262 Videris
3229 5206 3361 5260 mibi
3419 5208 3465 5259 si

1889 5311 2095 5365 ﬂuxum
2155 5309 2245 5363 hic
2304 5322 2525 5377 passus,
2580 5305 2634 5358 in
2694 5303 3084 5373 imaginatione
3145 5297 3299 5352 fuitn
3341 5296 3463 5351 lecti

1889 5401 2138 5457 mulieris
2204 5401 2323 5456 viro
2387 5398 2723 5467 conjunctae,
2795 5394 2960 5449 etiam
3019 5391 3280 5447 adulterii
3333 5405 3459 5445 eum

1475 5563 1707 5619 VARIA‘S
1752 5559 2153 5617 LEC'l‘lONES.

272 5686 319 5718 ⁸⁸
353 5684 684 5748 διετάξαντο.

276 5782 289 5821 ι
340 5774 433 5840 qui
459 5774 665 5840 quidem
702 5772 901 5840 majore
952 5771 1011 5837 ﬁt
1045 5769 1325 5837 voluptate.

208 5849 233 5880 υ
259 5861 373 5898 δοκι
393 5845 567 5897 ubtlus
598 5861 711 5897 cum
747 5844 957 5897 mulina
990 5842 1095 5894 l'ii'O
1120 5840 1417 5908 conjuncta.

1406 5768 1430 5807 ll
1462 5768 1549 5837 q'tt'
1587 5766 1881 5837 vigilantes.

1969 5762 2070 5817 ιω·
2129 5763 2418 5817 leutalione
2471 5760 2735 5815 satanicu.
2816 5772 2853 5799 ιιι
2880 5777 2909 5812 a
2940 5774 3218 5814 sacrarum
3260 5772 3454 5811 rerum.
