4188 6446
2030 446 2064 507 Ι
2072 446 2166 506 US
2204 441 2653 504 CANONICUM

736 579 992 638 sordibus
1066 572 1373 631 contractis
1436 585 1533 633 per
1601 564 2037 638 inquinationem
2100 559 2313 631 peccati

2442 553 2506 607 ῐιά
2532 551 2739 605 τούτων
2773 549 2991 620 καθάρῃ
3025 547 3117 602 τὸν
3148 543 3412 616 λογισμὸν
3442 542 3537 598 τοῦ
3580 545 3645 598 ἐκ
3691 542 3787 596 τοῦ
3832 544 4000 612 μολυ-

736 669 1135 742 intelligentiae.
1193 665 1348 732 Quod
1385 666 1671 720 siit-ruens
1732 658 1992 728 cogitatio
2048 651 2312 710 derelicta

736 761 927 825 fuerit,
956 757 1159 826 rejects
1186 755 1447 810 videlicet
1472 753 1660 817 fuerit,
1692 758 1747 806 et
1796 747 2043 803 ineﬂicax
2088 758 2313 798 manse-

738 855 830 914 rit,
862 865 974 906 non
1016 846 1403 902 contaminans
1460 853 1699 900 mentem
1731 858 1745 905 ;
1778 840 1900 910 ejus
1930 837 2171 892 desertio
2207 834 2316 889 Deo

746 960 843 1016 pro
871 944 1011 997 festo
1038 940 1353 1003 habebitur,
1386 953 1508 993 cum
1538 952 1697 992 mens
1726 934 2031 1005 improbam
2058 929 2315 985 conside-

741 1037 1008 1089 rationem
1031 1042 1061 1071 ν
1094 1047 1123 1085 a
1159 1047 1217 1087 se
1257 1031 1560 1085 submovet.
1593 1026 1738 1081 Nihil
1769 1026 1914 1082 enim
1944 1023 2079 1077 adeo
2132 1021 2318 1075 Domi-

743 1142 873 1184 num
924 1124 1381 1191 oblcctathnam
1432 1121 1770 1175 mundities:
1812 1116 2057 1186 nihilque
2111 1113 2318 1169 mundo

746 1218 1011 1272 munditie
1047 1215 1284 1269 charins.
1329 1213 1514 1267 Placet
1550 1213 1694 1267 enim
1728 1210 1836 1263 Deo
1888 1222 2055 1277 supra
2087 1207 2317 1259 vitulum

745 1308 1046 1376 jnniorem,
1088 1316 1137 1359 et
1174 1319 1337 1373 supra
1368 1319 1529 1357 omne
1567 1302 1926 1364 sacriﬁcium,
1964 1307 2018 1354 et
2058 1299 2316 1353 incenso-

744 1415 863 1453 rum
924 1398 1059 1452 bene
1090 1397 1435 1451 odoratorum
1471 1395 1825 1457 oblationem,
1860 1400 1914 1448 et
1944 1391 2316 1460 pretiosorum

745 1500 1171 1562 unguentorum.
1237 1488 1465 1559 Magnus
1518 1490 1681 1543 etiam
1736 1488 1898 1543 Pater
1953 1492 2008 1540 et
2071 1498 2320 1538 summus

753 1584 1111 1654 philosophus
1158 1580 1448 1641 Maximus,
1511 1595 1632 1634 cum
1693 1578 1983 1649 allegorice
2026 1583 2323 1646 exponeret

746 1678 878 1730 illud
912 1694 925 1729 :
964 1673 1086 1728 Non
1125 1674 1377 1727 retribuet
1414 1672 1668 1726 Dominus
1696 1688 1859 1741 usque
1910 1671 1977 1724 ad
2029 1670 2239 1724 tertiam
2275 1675 2324 1720 et

745 1777 993 1838 quartam
1018 1768 1425 1839 generationem,
1454 1772 1507 1820 et
1526 1764 1879 1819 occultiorem
1905 1777 2126 1817 sensum
2153 1764 2322 1813 inter-

752 1867 1085 1929 pretaretur,
1123 1856 1497 1910 incursionem
1537 1854 1756 1924 quidem
1790 1862 1844 1908 et
1871 1853 2072 1907 luctam
2134 1852 2317 1920 impu-

755 1965 881 2004 nem
942 1964 1063 2004 esse
1126 1948 1220 2013 ait,
1276 1947 1653 2001 a'ssensionem
1714 1954 1892 1999 autem
1949 1952 2002 1999 et
2050 1942 2322 1996 actionem

751 2042 1050 2111 promereri
1075 2038 1515 2093 retributionem.
1571 2035 1774 2089 Harum
1798 2036 1943 2090 enim
2009 2036 2321 2105 quaternio,

752 2132 937 2185 divino
966 2130 1094 2183 lzuic
1130 2137 1183 2184 et
1206 2128 1556 2183 sanctissimo
1611 2124 1759 2179 Patri
1799 2125 1854 2178 in
1909 2125 2325 2194 generationum

759 2220 1183 2288 quaternionem
1221 2224 1445 2285 excepta
1473 2224 1575 2270 est.
1608 2214 1764 2280 Quod
1792 2214 1837 2268 si
1874 2213 1942 2277 is,
1975 2214 2069 2283 qui
2101 2227 2326 2283 pravam

762 2311 930 2365 animi
964 2310 1376 2376 conceptionem
1423 2305 1636 2359 ratione
1688 2305 1989 2374 superavit,
2022 2305 2079 2358 in
2115 2303 2330 2359 somnio

759 2412 944 2459 autem
967 2403 1262 2457 libidinoso
1310 2400 1643 2469 imaginatus
1667 2404 1775 2463 est,
1812 2404 1866 2452 et
1892 2396 2123 2467 genitale
2146 2410 2331 2450 semen

756 2495 1025 2558 excrevit,
1060 2492 1322 2561 indignus
1348 2490 1442 2545 tibi
1468 2489 1837 2553 existimatur,
1856 2491 1951 2558 qui
1983 2488 2330 2542 incruentam

762 2583 1050 2653 participat
1073 2582 1352 2634 victimam
1382 2599 1394 2634 :
1429 2580 1591 2633 etiam
1618 2579 1711 2633 tibi
1742 2579 1962 2632 occasio
1995 2587 2021 2614 ι
2054 2586 2158 2637 est.
2181 2577 2330 2647 jeju-

758 2684 996 2741 nantem,
1032 2675 1178 2729 velut
1206 2672 1672 2727 sanctiﬁcationes
1727 2670 2216 2741 participaturum,
2285 2670 2333 2724 si

763 2781 933 2821 carne
961 2766 1280 2819 alimentum
1315 2763 1653 2832 requirente,
1711 2762 1763 2815 in
1798 2763 2070 2817 somnium
2097 2763 2143 2816 ei
2170 2759 2333 2815 fuerit

763 2858 1034 2918 oblatum,
1067 2857 1174 2911 cibi
1212 2865 1265 2911 et
1296 2862 1459 2924 potus
1479 2854 1795 2924 opinionem
1827 2854 2111 2919 invehens,
2145 2863 2204 2907 ut
2226 2868 2335 2908 non

758 2948 1000 3022 jejunum
1033 2949 1253 3002 arcendi
1283 2962 1311 3001 a
1352 2948 1789 3017 participatione.
1826 2944 2167 3014 Frequenter
2188 2945 2334 2999 enim

765 3041 1041 3103 usuvenit,
1079 3048 1139 3094 ut
1174 3040 1221 3096 is
1252 3040 1344 3109 qni
1376 3039 1513 3103 sitit,
1558 3039 1623 3092 ad
1654 3053 1827 3108 aquas
1879 3047 2024 3093 stare
2060 3038 2333 3099 videatur.

762 3141 817 3188 et
868 3141 898 3181 γ
934 3148 996 3186 ex
1036 3132 1121 3185 iis
1158 3131 1398 3193 haurire,
1457 3130 1795 3199 implereque
1841 3139 2110 3184 ventrem.
2163 3130 2336 3185 Isaias

763 3225 927 3294 hujus
954 3224 1029 3277 rei
1056 3223 1150 3276 tibi
1186 3222 1345 3276 ﬁdem
1380 3220 1565 3287 faciat,
1589 3221 1781 3277 dicens
1812 3239 1823 3275 :
1859 3220 2333 3286 Quemadmodum
2366 3244 2410 3305 ρ

765 3316 1002 3371 somniat
1065 3315 1259 3369 sitiens
1318 3320 1373 3367 et
1422 3313 1637 3375 bibens,
1697 3324 1753 3367 et
1812 3321 2169 3382 experrectus
2221 3313 2335 3367 sitit

768 3406 967 3470 adhuc,
1021 3406 1200 3458 anima
1232 3413 1412 3459 autem
1444 3404 1563 3474 ejus
1590 3405 1643 3458 in
1672 3420 1873 3457 vanum
1927 3404 2165 3473 speravit
2196 3419 2211 3469 ;
2258 3404 2338 3458 sic

766 3505 930 3553 erunt
986 3504 1040 3551 et
1074 3496 1318 3550 omnium
1373 3498 1615 3566 gentium
1660 3496 1887 3549 divitiae.
1945 3493 2057 3564 Ego
2108 3510 2239 3549 vero
2283 3497 2338 3548 in

768 3604 1050 3643 sacrorum
1096 3589 1317 3643 Patrum
1378 3588 1669 3655 quemdam
1704 3586 1893 3649 incidi,
1936 3600 2097 3655 quem
2160 3586 2338 3646 inveni

772 3681 1101 3752 martyribus
1158 3679 1536 3748 arlaaquantem
1583 3694 1697 3741 eos,
1766 3677 1859 3747 qui
1916 3677 2340 3748 cogitationibus

770 3781 1093 3844 pugnanti,
1144 3787 1245 3826 nec
1300 3773 1349 3825 vi
1398 3786 1591 3826 earum
1625 3770 2011 3825 succumbunt.
2070 3768 2341 3838 Tyrannis

769 3868 915 3923 enim
960 3866 1166 3921 similes
1198 3864 1424 3919 libidine
1454 3862 1757 3918 concitatas
1809 3861 2168 3930 cogitationes
2200 3869 2245 3915 ι.
2279 3860 2343 3914 Ει

771 3955 1233 4027 quemadmodum
1293 3954 1371 4007 illi
1416 3969 1445 4006 a
1489 3967 1549 4007 se
1613 3961 1803 4022 captos
1884 3950 2149 4005 libamina
2203 3949 2345 4006 ferre

774 4045 935 4101 idolis
964 4051 1277 4113 coegerunt,
1306 4042 1384 4097 sic
1402 4041 1761 4111 cogitationes
1791 4039 1999 4093 illicitis
2034 4039 2344 4094 actionibus

774 4136 1057 4192 succidere
1088 4133 1416 4201 compellunt
1440 4144 1489 4185 ι.
1523 4131 1587 4185 Et
1614 4131 2071 4201 quemadmodum
2128 4134 2345 4203 tyranni

778 4226 1117 4295 martyribus
1140 4241 1249 4280 non
1280 4224 1786 4293 obtemperantibus
1808 4236 1972 4277 omne
2010 4223 2136 4276 mali
2177 4238 2348 4292 genus

779 4318 1112 4382 inﬂixernnt,
1155 4318 1234 4371 sic
1257 4326 1312 4370 et
1343 4314 1633 4370 invisibilis
1666 4324 1935 4385 tyrannus
1968 4329 2077 4367 non
2110 4314 2350 4368 cedenti-

779 4408 1118 4477 basimpetui
1140 4407 1515 4476 spiritualibus
1536 4405 1752 4460 athletis
1770 4418 1986 4458 omnem
2002 4402 2348 4457 aﬂlictiouem

784 4502 967 4565 infert,
995 4516 1091 4570 per
1126 4500 1307 4554 carnis
1368 4498 1705 4553 titillationes
1735 4504 1789 4552 et
1847 4494 2343 4549 inﬂammationem.

2422 646 2571 717 σμοῦι
2593 646 2694 715 τῆς
2721 644 2862 698 κατά
2900 644 3145 696 διάνοιαν
3186 639 3464 711 ἁμαρτίας
3493 637 3641 705 αὐτῷ
3686 652 4001 703 προσετετη⁶

2416 739 2573 800 κότος
2603 737 2975 807 όμόργματος.
3010 731 3072 785 Et
3107 732 3152 784 δ’
3200 727 3660 797 ἐγκαταλειφθείη
3684 725 4002 795 προσϐαλὸν

2416 830 2476 884 τὸ
2506 829 2799 897 ἐνθύμιον,
2849 823 3186 895 ἀποϐληθείη
3240 821 3506 893 δηλονότι,
3564 820 3658 873 καὶ
3711 819 4003 888 ἄπρακτον

2422 921 2603 994 μείνῃ,
2644 921 2718 990 μὴ
2755 916 2990 989 μολύναν
3035 916 3129 969 τὸν
3169 912 3316 977 νοῦν,
3349 914 3429 976 είς
3476 912 3669 982 ἑορτὴν
3703 910 3779 980 τῷ
3813 909 3938 978 θεῷ
3963 911 4000 976 ἡ

2418 1011 2801 1083 ἐγκατάλειψις
2839 1008 3003 1063 αὑτοῦ
3022 1006 3428 1075 λογισθήσεται,
3459 1004 3556 1058 καὶ
3590 1004 3652 1055 τὸ
3680 1003 4002 1055 ἀποσκευάς

2421 1104 2618 1159 σασθαι
2672 1101 2764 1155 τὸν
2813 1101 2937 1153 νοῦν
2975 1098 3037 1151 τὸ
3083 1096 3322 1166 πονηρὸν
3350 1096 3641 1164 διανόημα.
3684 1092 3855 1147 Οὐδὲν
3886 1092 4005 1161 γάρ

2428 1195 2571 1249 οὕτω
2606 1192 2681 1257 ὡς
2727 1190 3040 1264 καθαρότης
3068 1188 3264 1259 τέρπει
3300 1185 3395 1239 τὸν
3424 1186 3651 1256 Κύριον,
3701 1183 3799 1236 καὶ
3845 1182 4007 1236 οὐδὲν

2422 1287 2504 1358 τῷ
2535 1285 2762 1355 καθαρῷ
2792 1281 3170 1351 καθαρότητος
3194 1279 3469 1348 φίλτερον.
3517 1277 3769 1345 Ἀρέσκει
3791 1275 3903 1344 γὰρ
3923 1274 4006 1343 τῷ

2426 1378 2546 1449 Θεῷ
2577 1379 2717 1448 ὑπὲρ
2746 1377 2946 1448 μόσχον
2972 1374 3116 1437 νέον,
3158 1372 3251 1425 καὶ
3278 1371 3419 1439 ὺπέρ
3450 1370 3634 1424 πᾶσαν
3661 1367 3879 1432 θυσίαν,
3909 1368 4007 1419 καὶ

2430 1468 2799 1538 θυμιαμάτων
2843 1465 3094 1533 εὐόσμων
3122 1459 3513 1531 προσαγωγὴν,
3549 1458 3644 1512 καὶ
3675 1458 3867 1527 μύρων
3902 1471 4011 1509 πο-

2427 1557 2690 1610 λυτελῶν.
2723 1556 2835 1610 Καὶ
2863 1557 2892 1608 ό
2926 1554 3099 1625 μέγας
3127 1552 3185 1606 δὲ
3216 1551 3410 1620 Πατὴρ
3439 1550 3532 1601 καὶ
3561 1547 4008 1617 φιλοσοφώτατος

2426 1650 2701 1719 Μάξιμος,
2731 1646 3048 1716 ἀλληγορῶν
3075 1645 3158 1710 τδ,
3181 1645 3303 1697 Οὐκ
3333 1639 3635 1696 ἀποδώστει
3660 1640 3876 1707 Κύριος
3894 1639 4009 1705 ἕως

2429 1740 2634 1808 τρίτης
2660 1737 2760 1790 καὶ
2806 1735 3093 1804 τετάρτης
3132 1731 3364 1802 γενεᾶς,
3394 1730 3489 1783 καὶ
3514 1727 4011 1796 ἀναγωγικώτερον

2431 1828 2754 1901 ἑρμηνεύων
2784 1827 2937 1893 αὐτὸ,
2985 1828 3084 1897 τὴν
3114 1826 3215 1896 μὲν
3242 1821 3548 1894 προσϐολὴν
3571 1822 3668 1874 καὶ
3692 1820 3793 1890 τὴν
3826 1819 4012 1887 πάλην

2432 1918 2782 1989 ἀτιμώρητον
2812 1913 2950 1969 εἷναί
2980 1930 3146 1985 φησι’
3177 1913 3277 1983 τὴν
3308 1911 3364 1965 δέ
3390 1929 3453 1979 γε
3482 1909 3889 1979 συγκατάθεσιν
3919 1911 4016 1960 καὶ

2431 2012 2532 2083 τὴν
2562 2010 2762 2081 πρᾶξιν
2794 2007 3078 2076 ἀξιοῦσθαι
3110 2003 3541 2065 ἀνταποδόσεως.
3579 2002 3643 2055 Ἦ
3670 2002 3780 2071 γάρ
3802 1999 4016 2054 τούτων

2432 2102 2738 2175 τετρακτὺς
2766 2101 2845 2172 τῷ
2878 2100 3008 2170 θείῳ
3042 2098 3219 2168 τούτῳ
3252 2096 3349 2151 καὶ
3386 2095 3686 2163 σοφωτάτῳ
3730 2092 3911 2163 Πατρὶ
3933 2090 4018 2152 si;

2432 2194 2533 2266 τὴν
2563 2194 2672 2247 τῶν
2703 2191 2910 2261 γενεῶν
2958 2190 3279 2259 ἐξείληπται
3307 2185 3631 2258 τετρακτύν.
3684 2186 3748 2238 Εἰ
3786 2183 3845 2237 δέ
3875 2200 3959 2237 σοι
3988 2186 4019 2237 ό

2435 2284 2514 2354 τῷ
2561 2281 2811 2352 λογισμῷ
2858 2282 3144 2351 κρατήσας
3191 2281 3293 2347 τῆς
3340 2278 3581 2348 πονηρᾶς
3632 2275 4016 2345 ἐνθυμήσεως,

2436 2379 2495 2431 ἐν
2526 2375 2805 2447 όνειρώξει
2855 2374 2915 2427 δὲ
2962 2371 3295 2442 φαντασθεὶς
3347 2371 3443 2424 καὶ
3481 2370 3789 2440 ἀποκρίνας
3823 2367 4017 2437 γονὴν,

2435 2467 2530 2521 τοῦ
2571 2468 2864 2537 μετασχεῖν
2892 2467 2991 2535 τῆς
3024 2463 3367 2531 ἀναιμάκτου
3403 2460 3593 2523 θυσίας
3626 2459 3843 2523 ἀνάξιος
3873 2460 4022 2528 ἦτηο

2432 2579 2525 2617 ται
2544 2579 2559 2594 ο
2584 2561 2703 2630 ὥρα
2736 2575 2819 2613 σοι
2847 2558 2941 2612 καί⁵
2968 2558 3061 2610 τὸν
3090 2555 3442 2627 νηστεύοντα,
3477 2554 3555 2615 ώς
3583 2552 3694 2604 τῶν
3726 2552 4020 2619 ἀγιασμάο

2434 2671 2545 2708 των
2601 2652 2921 2724 μεθέξοντα,
2974 2648 3147 2718 είτῆς
3186 2645 3388 2718 σαρκὸς
3436 2644 3647 2715 τροφὴν
3704 2642 4019 2713 ζητούσης.

2436 2744 2687 2798 ἐνύπνιον
2739 2740 2887 2811 αύτῷ
2926 2739 3173 2809 γένηται,
3218 2737 3377 2802 δόξαν
3451 2736 3661 2803 ἐπάγον
3694 2736 3909 2806 τροφῆς
3957 2750 4023 2786 τε

2438 2838 2533 2891 καὶ
2567 2836 2801 2899 πόσεως,
2832 2833 3112 2904 ἀπεῖρξαι,
3138 2831 3214 2894 ώς
3252 2830 3325 2900 μὴ
3369 2829 3579 2898 νῆστιν,
3626 2828 3725 2897 τῆς
3775 2826 4026 2897 μεταλή-

2435 2927 2604 2998 ψεως.
2646 2926 2768 2979 Τῶν
2803 2927 2911 2997 γὰρ
2959 2924 3219 2993 συχνάκις
3249 2920 3655 2990 συμϐαινόντων
3683 2919 3803 2971 ἐστὶ
3834 2919 3901 2971 τὸ
3930 2919 4028 2970 τὸν

2437 3020 2677 3089 διψῶντα
2711 3019 2888 3071 δοκεῖν
2930 3018 2987 3069 ἐν
3017 3015 3208 3076 ὕπνοις
3260 3014 3481 3066 ἐστᾶναι
3518 3011 3652 3081 παρ’
3684 3011 3879 3073 ῦδατα,
3930 3015 4029 3065 καὶ

2438 3112 2643 3164 τούτων
2677 3109 2968 3181 ἀρύεσθαι,
3009 3106 3106 3161 καὶ
3136 3106 3234 3175 τὴν
3269 3104 3513 3175 γαστέρα
3548 3104 3825 3172 πιμπλᾷν.
3854 3103 3974 3155 Καὶ
4002 3106 4030 3155 ὁ

2456 3202 2687 3264 Ἡσαΐας
2709 3219 2791 3253 σοι
2824 3200 2917 3253 τὸν
2946 3199 3103 3267 λόγον
3136 3196 3431 3260 πιστούτω,
3455 3195 3661 3259 λέγων·
3701 3195 3798 3247 Ὃν
3816 3194 4031 3264 τρόπον

2445 3294 2833 3358 ἐνυπνιάζεται
2865 3294 2893 3345 ό
2926 3292 3097 3361 διψῶν
3136 3291 3232 3345 καὶ
3266 3290 3461 3351 πίνων,
3494 3288 3590 3340 καὶ
3618 3288 3927 3353 ἐξαναστὰς
3947 3287 4033 3340 ἐτι

2443 3384 2593 3453 διψᾷ,
2625 3386 2657 3455 ἡ
2692 3384 2749 3436 δὲ
2782 3383 2929 3452 ψυχὴ
2990 3380 3153 3435 αὑτοῦ
3207 3382 3289 3443 εἰς
3334 3380 3491 3433 κενὸν
3525 3378 3759 3448 ἤλπικεν
3782 3394 3799 3410 ο
3849 3378 4033 3441 οὕτως

2447 3474 2599 3525 ἐσται
2629 3475 2721 3526 καὶ
2745 3475 2772 3526 ό
2806 3472 3037 3533 πλοῦτος
3067 3469 3287 3524 πάντων
3308 3469 3416 3522 τῶν
3445 3467 3639 3521 ἐθνῶν.
3676 3466 3818 3533 Ἐγὼ
3841 3469 4034 3520 δέτιιιι

2447 3566 2556 3618 τῶν
2611 3566 2771 3635 ίερῶν
2812 3565 3074 3632 Πατέρων
3122 3562 3399 3630 ἐνέτυχον,
3457 3561 3552 3613 καὶ
3605 3560 3877 3629 μάρτυσιν
3938 3558 4033 3623 ἐξ·

2449 3659 2668 3711 ισοῦντα
2697 3656 2885 3709 τοῦτον
2929 3649 3091 3727 εὗρον
3138 3654 3264 3715 τοὺς
3295 3653 3576 3721 λογισμοῖς
3623 3650 4031 3715 πυκτεύοντας,

2449 3748 2543 3800 καὶ
2572 3751 2638 3818 τῇ
2665 3748 2870 3801 τούτων
2903 3746 2995 3818 βίᾳ
3031 3746 3105 3815 μὴ
3132 3744 3565 3806 ὑποκύπτοντας.
3597 3744 3899 3813 Τυράννοις
3923 3746 4033 3814 γὰρ

2448 3838 2651 3908 ὡμοίου
2683 3841 2809 3900 τοὺς
2833 3839 3102 3907 ἐμπαθεῖς
3127 3835 3454 3905 λογισμούςο
3481 3836 3575 3887 καὶ
3604 3834 3797 3904 ῶσπερ
3826 3837 4035 3887 ἐκεῖνοι

2450 3931 2575 3994 τοὺς
2606 3931 2699 3983 ὑπ’
2738 3931 2920 3983 αὐτῶν
2967 3927 3361 3996 ἁλισκομένους
3398 3925 3633 3987 σπονδὰς
3663 3924 3908 3987 εἰδώλοις
3942 3925 4040 3994 φέ-

2456 4040 2567 4094 ρειν
2597 4022 2929 4092 ἠνάγκαζον,
2975 4021 3118 4074 οὕτω
3150 4021 3213 4089 δὴ
3266 4021 3359 4072 καὶ
3400 4021 3449 4071 οἱ
3477 4017 3727 4086 λογισμοὶ
3768 4016 4039 4085 ἀθέσμοις

2454 4112 2715 4182 πράξεσιν
2766 4112 3105 4164 ὑποκύπτειν
3147 4109 3412 4179 βιάζουσι.
3444 4108 3558 4161 Καὶ
3588 4107 3663 4169 ώς
3692 4108 3743 4159 οἱ
3772 4106 4036 4175 τύραννοι

2456 4203 2533 4274 μὴ
2571 4204 2920 4273 πειθομένοις
2968 4204 3085 4264 τοῖς
3127 4202 3398 4271 μάρτυσιν
3429 4200 3637 4268 ἐπῆγον
3677 4199 3900 4251 ἃπασαν
3937 4198 4042 4250 κα-

2458 4313 2653 4362 κωσιν,
2684 4296 2857 4358 οὕτως
2888 4295 2993 4364 άρα
3034 4294 3126 4346 καὶ
3166 4293 3194 4345 ό
3226 4292 3454 4361 ἀόρατος
3480 4288 3741 4359 τύραννος
3789 4289 3865 4358 μὴ
3904 4288 4043 4341 ἐνδι-

2456 4386 2608 4441 δοῦσι
2654 4390 2720 4457 τῇ
2756 4384 3031 4456 προσϐολῇ
3076 4385 3188 4445 τοῖς
3240 4382 3636 4451 πνευματικοῖς
3684 4395 4044 4447 παγκρατια-

2463 4484 2619 4543 σταῖς
2647 4480 2830 4532 πᾶσαν
2860 4478 3058 4543 ἐπάγει
3090 4476 3358 4535 κάκωσιν,
3393 4474 3482 4526 διὰ
3515 4470 3917 4541 γαργαλισμῶν
3940 4470 4043 4538 τῆς

788 4594 853 4646 Et
882 4603 939 4646 nt
980 4592 1055 4645 illi
1087 4606 1146 4646 se
1175 4606 1282 4644 non
1342 4589 1748 4651 submittentes,
1792 4586 2126 4656 martyribus
2175 4600 2336 4639 annu-

2462 4573 2664 4644 σαρκὸς
2714 4571 2807 4625 καὶ
2848 4568 3171 4639 πυρώσεως.
3204 4565 3315 4620 Καὶ
3347 4565 3421 4629 ώς
3450 4566 3648 4618 ἐκεῖνοι
3701 4563 3775 4633 μὴ
3824 4562 4041 4615 ύποκύ·

786 4686 978 4739 inerati
1015 4692 1163 4749 sunt,
1211 4684 1336 4738 licet
1359 4699 1464 4736 non
1486 4698 1582 4751 per
1611 4681 1871 4753 gladium,
1919 4679 2006 4733 vel
2038 4679 2240 4749 ignem,
2275 4677 2358 4731 vel

786 4783 1055 4830 tormenta
1111 4780 1338 4826 mortem
1380 4771 1650 4825 subierint
1697 4770 1910 4840 (quales
1954 4767 2109 4821 fuere
2159 4774 2361 4835 marty-

789 4882 877 4922 res
913 4864 1283 4933 multi)eodein
1320 4864 1475 4933 plane
1505 4862 1666 4916 modo
1695 4868 1748 4915 et
1779 4861 1868 4925 iis,
1915 4859 2008 4928 qui
2042 4858 2098 4913 in
2132 4859 2361 4912 incursu

798 4965 1195 5013 commotarum
1231 4956 1453 5011 libidine
1484 4955 1880 5024 cogitationum
1916 4967 2025 5006 non
2076 4954 2364 5005 cesserunt

791 5048 1161 5105 contentionis
1202 5049 1528 5108 constantia.
1586 5044 1959 5102 testimonium
2015 5040 2364 5097 conscientiae

792 5142 998 5196 factum
1024 5147 1106 5193 est
1128 5139 1176 5193 δ.
1204 5138 1357 5203 Quod
1381 5137 1555 5192 sicubi
1590 5135 1813 5207 (inquit)
1838 5130 2284 5187 inﬂammationis
2314 5128 2365 5181 vi

796 5238 1086 5303 superatus
1140 5240 1292 5302 terga
1365 5231 1597 5297 dederit,
1656 5236 1711 5285 et
1776 5228 2099 5283 assensione
2166 5220 2364 5276 mentis

794 5330 1078 5393 peccatum
1110 5331 1366 5391 Operatus
1397 5321 1468 5377 sit
1498 5338 1515 5388 ;
1548 5321 1675 5376 dein
1708 5319 1790 5375 sui
1824 5332 2051 5386 compos
2074 5315 2279 5380 factus,
2310 5323 2363 5369 et

796 5430 906 5485 quo
940 5414 1145 5471 feratur
1180 5427 1540 5485 cognoscens,
1580 5412 1649 5467 ab
1680 5413 1894 5467 actione
1931 5408 2278 5469 abstinuerit,
2310 5413 2363 5459 et

2462 4668 2683 4737 ψαντες,
2732 4666 2846 4727 τοῖς
2882 4663 3119 4733 μάρτυσι
3157 4657 3629 4727 συνηρίθμηνται·
3661 4654 3769 4708 κᾶν
3821 4654 3900 4723 μὴ
3952 4655 4044 4706 τὸν

2462 4757 2552 4811 διὰ
2596 4754 2783 4822 ξίφους
2815 4751 2848 4821 ἢ
2884 4750 3055 4820 πυρὸς
3102 4749 3136 4820 ἢ
3173 4746 3419 4817 βασάνων
3453 4744 3765 4812 ὑπέστησαν
3806 4741 4045 4794 θάνατον

2465 4843 2588 4919 (οἷοι
2618 4846 2802 4899 πολλοὶ
2823 4841 3081 4912 γεγόνασι
3111 4838 3435 4910 μάρτυρες)·
3454 4836 3545 4889 τὸν
3570 4834 3734 4887 αὐτὸν
3752 4832 3818 4897 δὴ
3836 4834 4045 4901 τρόπον

2464 4941 2558 4994 καὶ
2584 4942 2698 5001 τοῖς
2735 4940 2795 4989 ἐν
2818 4939 2884 5007 τῇ
2922 4933 3197 5005 προσϐολῇ
3228 4930 3339 4983 τῶν
3368 4926 3634 4998 ἐμπαθῶν
3659 4923 3945 4993 λογισμῶν
3972 4924 4047 4993 μὴ

2466 5033 2739 5103 χαλάσασι
2769 5030 2828 5081 τὸ
2855 5026 3072 5081 εὔτονον
3101 5025 3201 5094 τῆς
3235 5025 3563 5086 ἐνστάσεως,
3587 5019 3648 5072 τὸ
3691 5018 3840 5072 κατά
3868 5018 4051 5070 συνεί-

2465 5127 2621 5193 δησιν
2674 5121 2975 5192 μαρτύριον
3030 5118 3283 5189 ῆνυσται.
3340 5115 3401 5169 El
3451 5114 3510 5167 δέ
3542 5130 3647 5165 που
3706 5111 3892 5181 (φησι)
3956 5112 4050 5163 καὶ

2468 5213 2722 5280 ὑπενδοίη
2769 5214 2835 5281 τῇ
2895 5210 2988 5281 βίᾳ
3038 5206 3341 5276 νικώμενος
3397 5206 3495 5274 τῆς
3547 5200 3896 5273 πυρώσεως,
3956 5201 4051 5253 καὶ

2470 5303 2981 5373 συγκαταθέσειτὴν
3000 5300 3143 5353 κατὰ
3163 5299 3405 5354 διάνοιαν
3425 5296 3703 5367 ἁμαρτίαν
3722 5295 4048 5364 ἐργάσαιτο,

2471 5396 2571 5453 εἷθ’
2623 5395 2817 5451 ἐαυτοῦ
2858 5392 3117 5463 γεγονὼς,
3166 5392 3260 5444 καὶ
3280 5392 3386 5460 ὅπη
3428 5388 3653 5459 φέρεται
3678 5392 3869 5455 γνοὺς,
3910 5387 4051 5439 ἀπο-

2085 5582 2321 5638 νΑιιιΑῑ
2362 5574 2765 5635 LECTIONES.

874 5714 901 5742 ιι
944 5705 1303 5775 cogitationis.
1382 5706 1833 5775 Vcogitationem.
1902 5712 1926 5740 ι
1954 5714 2154 5763 tempus
2188 5699 2644 5775 estjeinnantem,
2676 5699 2730 5742 ut
2777 5695 3117 5775 sacramenti:
3141 5682 3442 5775 βενε-ἔρξαις-
3496 5681 3645 5775 rlqni
3686 5695 3809 5732 cum
3850 5682 4051 5760 rogita-

808 5752 1036 5829 tionibtt;
1063 5776 1438 5828 colluctantur.
1492 5752 1536 5812 at
1568 5774 1905 5842 comparabat
1932 5752 2144 5827 vitiosas
2173 5752 2535 5842 cogitationes.
2614 5752 3022 5841 ιίευετιυηὺενσ.
3089 5758 3119 5837 ξ)
3155 5766 3207 5836 ει.
3242 5754 3305 5806 ab
3337 5753 3463 5813 illis,
3490 5752 3579 5830 qui
3621 5752 3675 5803 in
3705 5752 4046 5842 aggressionr

810 5848 1118 5902 vitiosarum
1170 5846 1541 5911 cogitationum
1571 5826 2039 5899 [contentione
2102 5826 2346 5895 obstrindi
2392 5838 2468 5892 ni!
2516 5834 2848 5891 remis-erunt.
2920 5826 3256 5883 conscientia:
3282 5826 3596 5893 martyrium
3645 5830 3723 5876 est
3756 5832 4049 5889 peractum.
