4188 6446
191 447 336 518 1025

1480 460 1946 523 GRECO-ROM
1954 463 2053 522 AN
2063 463 2196 524 UM.

3321 474 3459 541 10:26

189 564 351 635 σταίη
383 564 486 634 τῆς
517 563 794 636 πράξεως,
833 565 928 620 καὶ
957 566 1049 620 τὸν
1089 567 1350 640 λογισμὸν
1380 573 1608 629 τονώσει
1643 579 1769 649 πρὸς

1885 578 2274 646 cogitationem
2336 581 2678 638 conﬁrmarit
2711 585 2777 640 ad
2831 601 3094 658 pugnam,
3155 597 3209 643 et
3268 597 3464 653 mentis

184 653 463 719 ἔνστασιν,
495 655 588 706 καὶ
618 655 1108 725 άποκρούσεταιτδ
1135 661 1412 730 ἐνθύμιον,
1437 665 1559 718 οὑδέ
1589 668 1776 722 τοῦτον

185 746 281 798 τοῦ
335 752 480 800 κατα
515 749 823 818 συνείδησιν
855 753 1158 822 μαρτυρίου
1188 753 1336 823 λέγει
1371 759 1773 828 στερίσκεσθαι.

203 836 362 889 Ἐπεὶ
393 839 518 908 μηδ’
547 839 607 902 ὃς
647 843 715 910 τῇ
752 839 842 912 βία
861 843 973 895 τῶν
1003 845 1278 900 κολάσεων
1307 848 1589 913 ὑπενδοὺς,
1627 852 1776 906 θύειν

190 928 485 999 ὑπέσχετο,
526 927 760 1004 εἷτατῷ
794 932 965 1003 βωμῷ
996 935 1330 1006 προσαχθεὶς
1356 938 1452 992 τοῦ
1485 939 1637 994 θύειν
1671 943 1774 996 ἀπ-

187 1019 402 1090 έσχετο,
437 1022 549 1074 τῶν
580 1025 938 1096 μαρτυρικῶν
974 1028 1290 1082 ἐκπεσεῖται
1321 1033 1523 1102 γερῶν.

273 1113 437 1165 Ἀλλά
484 1116 620 1182 φασί
650 1133 794 1178 τινες
832 1119 959 1180 τοὺς
993 1119 1164 1172 ταῦτα
1196 1120 1642 1192 δογματίζοντας,
1681 1129 1773 1181 καὶ

185 1202 546 1267 διδάσκοντας
578 1206 781 1274 λέγειν,
818 1207 895 1272 ὡς
927 1209 1023 1264 καὶ
1056 1212 1084 1263 6
1117 1211 1291 1281 μέγας
1334 1212 1614 1279 Βασίλειος
1646 1221 1774 1290 περὶ

186 1293 381 1347 τούτου
433 1297 734 1366 ἐρωτηθεὶς
783 1301 1011 1372 ἀπεῖρξε
1045 1305 1170 1366 τοὺς
1201 1305 1480 1370 τοιούτους
1525 1309 1624 1378 τῆς
1667 1312 1775 1366 τῶν

187 1387 552 1457 ἁγιασμάτων
605 1391 897 1458 μεθέξεως.
961 1396 1189 1448 Δοκοῦσι
1240 1397 1297 1450 δέ
1355 1417 1444 1469 μοι
1468 1402 1515 1453 oi
1564 1405 1628 1474 τῇ
1681 1404 1774 1458 τοῦ

185 1475 348 1538 ἁγίου
380 1476 574 1530 τούτου
623 1482 838 1549 Πατρὸς
874 1484 1166 1555 ἀποκρίσει
1200 1487 1476 1559 χρώμενοι
1513 1493 1645 1560 πρὸς
1676 1496 1775 1566 τὴν

187 1567 285 1635 τῆς
343 1570 556 1633 οἰκείας
613 1573 919 1637 ἐνστάσεως
952 1577 1245 1645 σύστασιν,
1288 1581 1568 1651 ἢὲκόντες
1618 1589 1775 1656 μύειν

190 1660 326 1729 πρὸς
352 1662 453 1730 τὴν
485 1664 768 1734 ἀλήθειαν,
797 1667 828 1737 ἢ
859 1669 950 1722 τὸν
974 1670 1099 1725 νοῦν
1130 1673 1205 1743 μὴ
1239 1676 1476 1729 συνιέναι
1503 1680 1602 1749 τῆς
1641 1683 1777 1734 dmo-

188 1752 448 1821 κρίσεως.
498 1755 821 1825 Ἀναγκαῖον
851 1760 907 1814 δὲ
940 1765 1032 1816 καὶ
1060 1765 1231 1834 αὐτῆς
1273 1769 1410 1838 πρὸς
1442 1771 1591 1839 ῥῆμα
1637 1789 1774 1842 μνη-

189 1841 388 1913 σθῆναι
412 1845 509 1910 τῆς
535 1849 879 1919 ἐρωτήσεως,
906 1855 1000 1906 καὶ
1024 1854 1123 1923 τῆς
1146 1856 1280 1926 πρὸς
1304 1860 1474 1931 αὐτὴν
1493 1861 1584 1914 τοῦ
1610 1841 1773 1932 σοφοῦ

187 1934 401 2029 ἐκείνου
451 1940 544 1991 καὶ
603 1941 751 1994 θείου
826 1945 1042 2014 Πατρὸς
1101 1948 1467 2020 ἀποκρίσεως.
1507 1953 1661 2024 Ἔχει
1707 1959 1770 2029 δὴ

186 2026 458 2096 ἐρώτησις
497 2030 691 2096 οὕτως·
729 2035 791 2086 Εί
827 2036 934 2088 τῶν
989 2039 1234 2109 συνήθων
1277 2043 1372 2094 καὶ
1421 2046 1562 2098 κατὰ
1612 2026 1773 2115 φύσιν

187 2121 495 2187 γινομένων
524 2126 652 2188 τινι,
681 2126 785 2194 χρὴ
817 2127 1024 2197 τολμᾷν
1047 2131 1124 2192 εἰς
1151 2135 1435 2188 κοινωνίαν
1461 2137 1570 2190 τῶν
1596 2140 1769 2208 ἁγίων

190 2212 624 2282 παραδέχεσθαι.
659 2217 721 2270 Ἦ
756 2218 800 2270 δ’
827 2221 1120 2290 ἀπόκρισις
1152 2224 1315 2278 οὕτω·
1346 2227 1649 2297 Κρείττονα
1672 2233 1772 2300 τῆς

189 2302 406 2367 φύσεως
463 2309 558 2360 καὶ
619 2309 720 2376 τῆς
759 2312 1049 2381 συνηθείας
1098 2315 1298 2383 ἔδειξεν
1351 2321 1378 2371 ὁ
1449 2320 1771 2388 Ἀπόστολος

187 2390 325 2448 εἶναι
371 2399 464 2450 τὸν
519 2403 576 2451 ἐν
627 2401 707 2471 τῷ
758 2403 1054 2476 βαπτισμῷ
1109 2411 1451 2479 συνταφέντα
1504 2415 1766 2486 Χριστῷ·

188 2490 318 2541 ποτὲ
357 2491 456 2558 μὲν
489 2493 680 2556 εἰπὼν,
714 2494 797 2546 ὃτι
828 2498 856 2548 6
888 2497 1117 2560 παλαιὸς
1152 2503 1308 2570 ἡμῶν
1335 2505 1621 2576 ἄνθρωπος
1648 2527 1770 2564 συν-

187 2581 528 2653 εσταυρώθη,
564 2585 649 2637 ἵνα
682 2590 1006 2660 καταργηθῇ
1041 2593 1100 2644 τὸ
1133 2595 1295 2664 σῶμα
1322 2598 1420 2667 τῆς
1470 2601 1769 2670 ἀμαρτίας,

190 2671 278 2722 τοῦ
330 2676 532 2743 μηκέτι
581 2677 856 2731 δουλεύειν
894 2683 1042 2750 ἡμᾶς
1085 2688 1152 2754 τῇ
1212 2688 1488 2759 ἁμαρτίᾳ·
1525 2693 1654 2744 ποτὲ
1711 2695 1769 2746 δὲ

190 2765 592 2832 παραγγείλας,
627 2770 959 2841 Νεκρώσατε
988 2773 1084 2826 οὖν
1113 2777 1180 2829 τά
1219 2779 1354 2849 μέλη
1388 2782 1543 2850 ὑμῶν
1584 2785 1650 2837 τά
1674 2786 1768 2839 ἐπὶ

188 2853 286 2919 τῆς
333 2861 462 2924 γῆς,
513 2862 792 2929 πορνείαν,
828 2864 1196 2935 ἀκαθαρσίαν,
1235 2871 1426 2935 πάθος,
1473 2875 1770 2945 ἐπιθυμίαν

191 2948 394 3015 κακὴν,
421 2951 516 3001 καὶ
537 2951 636 3020 τὴν
659 2954 995 3021 πλεονεξίαν,
1018 2960 1139 3028 ἥτις
1163 2962 1312 3014 ἐστὶν
1330 2965 1766 3037 είδωλολατρεία·

190 3040 255 3091 δι’
293 3041 328 3093 ἃ
375 3043 599 3112 ἔρχεται
641 3048 672 3115 ἡ
708 3048 844 3117 ὀργὴ
891 3049 985 3102 τοῦ
1019 3052 1154 3104 Θεοῦ
1191 3055 1282 3106 ἐπὶ
1320 3058 1446 3120 τοὺς
1476 3059 1626 3122 υίοῦς
1671 3063 1768 3130 τῆς

192 3133 502 3199 ἀπειθείας.
560 3139 697 3192 Ποτέ
745 3140 801 3192 δὲ
829 3143 953 3211 ὅρον
988 3145 1305 3215 ἐκθέμενος,
1342 3150 1398 3201 ἐν
1444 3149 1522 3220 τῷ
1558 3153 1766 3206 εἰπεῖν⁶

192 3226 253 3331 0".
286 3228 344 3279 δὲ
371 3229 468 3333 τοῦ
514 3230 752 3333 Χριστοῦ
814 3235 991 3303 Ἰησοῦ
1025 3237 1126 3307 τὴν
1181 3241 1360 3310 σάρκα
1413 3244 1766 3314 ἐσταύρωσαν
1795 3276 1837 3333 C

193 3317 288 3369 σὺν
325 3321 440 3380 τοῖς
476 3323 762 3392 παθήμασι
799 3329 894 3380 καὶ
941 3331 1062 3391 ταῖς
1107 3332 1448 3401 ἐπιθυμίαις.
1515 3337 1655 3404 Ἐγὼ
1710 3340 1766 3392 δὲ

188 3407 386 3476 ἔγνων,
420 3413 503 3465 ὅτι
538 3413 714 3467 ταῦτα
745 3418 842 3470 καὶ
877 3421 1242 3493 κατωρθώθη,
1268 3424 1404 3477 Θεοῦ
1439 3428 1644 3500 χάριτι,
1674 3432 1768 3485 καὶ

185 3500 246 3549 ἐν
280 3502 530 3571 ἀνδράσι,
557 3511 649 3558 καὶ
671 3510 729 3560 ἐν
755 3511 995 3578 γυναιξὶ,
1028 3513 1212 3567 πίστει
1239 3518 1306 3586 τῇ
1335 3519 1415 3581 εἰς
1444 3519 1537 3572 τὸν
1563 3521 1767 3591 Κύριον

187 3593 408 3664 γνησίᾳ.

255 3683 365 3736 Τοῦ
417 3685 475 3738 δὲ
525 3689 584 3740 ἐν
644 3689 953 3765 ἀκαθαρσία
1006 3695 1135 3750 δντα
1184 3700 1306 3753 τινά
1360 3702 1602 3770 ἐγγίζειν
1651 3707 1767 3769 τοῖς

187 3773 385 3842 ἁγίοις,
409 3779 504 3830 καὶ
542 3781 605 3832 ἐκ
640 3781 741 3851 τῆς
773 3785 1016 3849 nauata;
1049 3789 1326 3861 Διαθήκης
1361 3793 1590 3864 φοὸερὸν
1619 3796 1766 3849 διδα-

187 3868 430 3959 σκόμεθα
458 3870 518 3921 τὸ
557 3875 750 3942 κρῖμα.
783 3875 846 3928 Et
885 3877 941 3930 δὲ
968 3879 1152 3933 πλεῖον
1185 3883 1277 3936 τοῦ
1311 3884 1456 3955 ἱεροῦ
1497 3881 1634 3955 ὧδε,
1669 3907 1766 3959 φο-

187 3955 392 4028 ϐερὼτε
403 3978 492 4030 ρον
517 3963 780 4032 δηλονότι.
805 3967 1093 4024 Παιδεύσει
1115 3973 1168 4025 δὲ
1189 3976 1336 4043 ἡμᾶς
1360 3979 1387 4028 6
1422 3955 1762 4047 Ἀπόστολος,

189 4050 376 4143 sli-fabr
425 4053 481 4105 Ὀ
520 4056 715 4109 ἐσθίων
749 4060 844 4111 καὶ
876 4061 1046 4114 πίνων
1079 4065 1334 4129 ἀναξίως,
1381 4071 1556 4138 κρῖμα
1588 4073 1768 4143 ἐαυτῷ

189 4140 358 4193 ἐσθίει
419 4145 514 4195 καὶ
552 4147 716 4200 πίνει.
769 4150 862 4202 Ἐκ
899 4153 1030 4219 γοῦν
1064 4157 1171 4208 τῶν
1203 4159 1464 4227 ῥημάτων
1499 4163 1594 4231 τῆς
1624 4140 1762 4216 ἀποὲ

188 4232 424 4325 κρίσεως
459 4235 730 4292 δείκνυται
758 4241 833 4304 ὡς
866 4245 892 4295 6
925 4245 1098 4312 μέγας
1132 4240 1287 4310 οὗτος
1320 4250 1511 4320 Πατὴρ
1539 4254 1601 4305 οὐ
1639 4256 1768 4325 περὶ

186 4320 532 4386 ἀφαντάστου
583 4328 822 4396 ρεύσεως
855 4335 1097 4404 εἴρηκεν,
1142 4337 1262 4389 οὐδὲ
1307 4341 1437 4409 περὶ
1486 4320 1767 4411 πεφαντα-

189 4413 560 4508 σμένης-μέν,
592 4419 900 4487 ἐμπαθείας
925 4423 983 4476 δὲ
1015 4427 1313 4497 γενομένης
1342 4434 1532 4500 χωρὶς,
1573 4436 1666 4487 καὶ
1701 4431 1766 4508 ἦς

190 4501 460 4570 ἐπιθυμία
491 4506 551 4556 οὐ
589 4513 941 4579 προηγήσατο
968 4527 979 4540 ·
1015 4513 1047 4583 ἢ
1094 4517 1197 4567 κᾶν
1235 4517 1361 4579 ἴσως
1395 4523 1490 4573 καὶ
1522 4501 1767 4596 προηγη-

1882 677 2205 739 conceptum
2246 673 2548 740 expulerit:
2579 690 2754 744 neque
2789 676 2934 732 hunc
2997 680 3348 736 conscientia:
3381 695 3462 740 te-

1882 759 2151 814 stimonio
2182 771 2203 798 ε
2230 760 2432 829 privari
2465 763 2615 818 dicit.
2652 765 2783 819 Nam
2811 783 2910 821 nec
2940 770 3033 838 qui
3064 780 3460 828 tormentorum

1881 848 2057 906 dolori
2085 853 2313 918 cedens,
2358 855 2799 910 sacriﬁcaturum
2865 876 2925 914 se
2965 865 3239 930 promisit,
3271 867 3466 921 deinde

1880 945 1947 998 ad
2006 959 2155 1000 aram
2191 949 2462 1004 adductus
2498 965 2524 1002 a
2567 951 2931 1007 sacriﬁcando
2982 956 3272 1024 abstinuit,
3316 975 3462 1012 mar-

1881 1040 2057 1105 tyrum
2083 1037 2386 1105 privabitur
2411 1040 2672 1108 praemiis.

1954 1125 2157 1182 Verum
2215 1130 2370 1183 aiunt
2419 1132 2587 1201 aliqui
2633 1147 2750 1197 eos,
2789 1132 2881 1204 qui
2920 1134 3035 1188 haec
3071 1135 3370 1190 instituunt
3404 1144 3459 1189 et

1880 1219 2102 1286 docent,
2148 1221 2332 1278 dicere
2359 1264 2374 1289 ,
2424 1225 2568 1293 quod
2600 1233 2676 1291 {et
2734 1243 2964 1298 magnus
3018 1228 3253 1284 Basilius
3286 1229 3352 1284 de
3395 1244 3462 1283 eo

1879 1314 2276 1384 interrogatus,
2334 1317 2467 1370 tales
2499 1319 2841 1386 prohibuerit
2876 1336 2906 1373 a
2955 1322 3456 1375 sanctiﬁcationum

1879 1405 2325 1474 participatione.
2390 1405 2662 1460 Videntur
2714 1414 2896 1460 autem
2948 1408 3104 1471 mihi,
3138 1409 3231 1476 qui
3283 1406 3458 1462 sancti

1878 1496 2045 1566 hujus
2065 1495 2263 1578 ‘Patris
2298 1498 2655 1567 responsione
2685 1497 2751 1550 ad
2800 1513 2913 1552 suae
2947 1497 3222 1551 instantia:
3251 1498 3460 1552 consti-

1880 1589 2143 1644 tutionem
2177 1599 2410 1644 utuntur
2435 1590 2486 1654 ιι,
2516 1591 2599 1644 vel
2621 1591 2863 1645 volentes
2899 1591 2966 1644 ad
3005 1593 3288 1646 veritatem
3325 1605 3460 1643 con-

1877 1681 2085 1743 venire,
2118 1680 2200 1734 vel
2233 1689 2470 1734 mentem
2523 1682 2903 1753 responsionis
2957 1696 3066 1736 non
3125 1683 3451 1753 intelligere.

1877 1768 2113 1825 Necesse
2160 1777 2339 1826 autem
2373 1782 2456 1825 est
2508 1772 2958 1842 interrogationis
3001 1773 3162 1826 verba
3219 1773 3309 1827 hic
3361 1776 3458 1825 ad-

1879 1862 2141 1928 scribere,
2171 1871 2224 1917 et
2249 1862 2314 1917 ad
2349 1879 2466 1917 eam
2501 1863 2658 1918 factae
2691 1879 2720 1916 a
2762 1866 3008 1934 sapiente
3031 1865 3124 1918 illo
3161 1865 3459 1933 divinoque

1879 1955 2040 2010 Patre
2058 1955 2454 2024 responsionis.
2477 1955 2643 2011 Plane
2673 1957 2753 2012 sic
2779 1972 2838 2013 se
2865 1958 3029 2011 habet
3062 1957 3452 2028 interrogatio:

1880 2046 1936 2100 Si
1970 2056 2235 2102 consueta
2272 2055 2326 2101 et
2383 2048 2656 2100 naturalia
2711 2048 2948 2116 cuipiam
3016 2047 3339 2114 acciderint,
3388 2062 3454 2099 an

1875 2147 2123 2207 oporteat
2159 2141 2213 2192 in
2242 2139 2683 2193 communionem
2722 2150 3038 2193 sanctorum
3068 2139 3358 2194 admittere
3389 2141 3459 2192 οἳ

1875 2231 2182 2300 Responsio
2208 2240 2388 2284 autem
2416 2231 2470 2285 in
2503 2233 2646 2284 hunc
2682 2232 2904 2285 modum
2927 2249 2940 2284 :
2963 2231 3235 2286 Meliorem
3259 2241 3455 2285 natura

1874 2330 1927 2380 et
1949 2323 2347 2378 consuetudine
2378 2322 2395 2360 τ
2427 2324 2665 2377 ostendit
2700 2325 3001 2393 Apostolus
3025 2339 3147 2378 esse
3175 2338 3324 2388 eum,
3359 2326 3451 2393 qui

1872 2415 1928 2470 in
1969 2417 2235 2485 baptismo
2263 2432 2387 2469 cum
2418 2414 2640 2470 Christo
2695 2417 2946 2484 sepultus
2973 2426 3057 2469 est
3107 2435 3121 2470 :
3157 2431 3304 2470 nunc
3328 2417 3453 2485 qui-

1873 2509 1994 2564 dem
2024 2509 2237 2573 dicens,
2265 2522 2502 2564 veterem
2532 2516 2781 2562 nostrum
2809 2509 3085 2562 hominem
3132 2509 3293 2562 simul
3324 2522 3454 2560 cru-

1874 2602 2096 2654 ciﬁxum
2130 2616 2276 2665 esse,
2308 2610 2366 2654 ut
2407 2600 2657 2654 solvatur
2711 2615 2913 2670 corpus
2959 2600 3189 2669 peccati,
3225 2615 3292 2654 ne
3333 2613 3456 2652 am-

1875 2692 2018 2760 plius
2049 2692 2353 2746 serviamus
2385 2699 2649 2759 peccato:
2693 2689 2829 2742 alias
2867 2701 3045 2743 autem
3100 2690 3449 2759 praecipiens:

1876 2779 2201 2833 Mortiﬁcate
2245 2780 2410 2850 igitur
2466 2780 2710 2833 membra
2780 2787 2985 2842 vestra,
3035 2793 3156 2847 qua:
3230 2785 3359 2833 sunt
3397 2780 3452 2831 ir.

1872 2881 2041 2938 terra,
2101 2872 2524 2935 scortationem,
2605 2872 3028 2934 immunditiem,
3085 2869 3451 2932 aﬁ‘ectionem.

1872 2965 2388 3032 concupiscentiam
2421 2978 2668 3032 pravam,
2701 2971 2754 3016 et
2821 2965 2942 3032 plus
2975 2962 3206 3016 habendi
3239 2963 3452 3032 cupidi-

1874 3066 2038 3111 tatem
2072 3059 2117 3119 ε,
2159 3072 2279 3126 quae
2305 3065 2387 3111 est
2423 3057 2754 3121 idololatria,
2786 3073 2881 3126 per
2919 3073 3038 3126 quae
3064 3058 3210 3110 venit
3245 3057 3324 3109 ira
3357 3054 3452 3109 Dei

1876 3149 1930 3202 in
1974 3150 2115 3204 ﬁlios
2154 3149 2561 3203 inobedientiae.
2595 3148 2737 3202 Alibi
2757 3158 2935 3202 autem
2960 3149 3252 3201 terminum
3281 3161 3451 3216 expo-

1873 3258 2030 3303 nens.
2093 3243 2330 3296 dicendo
2367 3261 2378 3295 :
2411 3242 2516 3304 Qui
2574 3251 2756 3295 autem
2818 3242 2945 3296 Jesu
2976 3240 3176 3295 Christi
3229 3255 3447 3294 carnem

1872 3336 2264 3388 cruciﬁxerunt
2300 3349 2421 3386 cum
2457 3332 2843 3387 aﬁ‘ectionibus
2881 3341 2934 3386 et
2964 3331 3449 3400 concupiscentiis.

1872 3423 1983 3493 Ego
2014 3434 2192 3478 autem
2227 3425 2341 3478 scio
2379 3424 2491 3478 haec
2522 3425 2686 3478 etiam
2739 3434 2984 3478 correcta
3046 3424 3217 3478 fuisse
3249 3424 3298 3485 δ,
3356 3423 3447 3477 Dei

1868 3516 2062 3584 gratia.
2086 3523 2138 3568 et
2160 3515 2212 3567 in
2232 3515 2385 3578 viris,
2405 3515 2528 3568 etin
2572 3514 2912 3580 mulieribus,
2942 3515 3153 3569 sincera
3188 3513 3240 3567 in
3267 3511 3448 3568 Domi-

1869 3620 1998 3658 num
2035 3604 2156 3657 ﬁde.

1941 3709 2076 3763 Eum
2138 3717 2344 3776 autem,
2407 3709 2500 3780 qui
2549 3717 2632 3764 est
2688 3710 2742 3763 in
2791 3709 3195 3776 immunditiei,
3248 3723 3446 3777 appro-

1869 3801 2136 3871 pinquare
2175 3803 2400 3865 sanctis,
2476 3803 2642 3857 etiam
2697 3817 2763 3856 ex
2829 3800 3028 3856 Vetere
3090 3801 3449 3856 Testamento

1871 3896 2115 3949 terribile
2158 3895 2420 3949 docemur
2457 3893 2750 3963 judicium.
2785 3893 2942 3958 Quod
2977 3895 3021 3947 si
3058 3905 3143 3948 est
3173 3894 3264 3948 hic
3319 3894 3446 3964 plus

1873 4001 2056 4049 sacro,
2111 3985 2470 4041 terribiliusi
2523 3984 2800 4039 videlicet.
2835 3983 3061 4038 Docebit
3110 3992 3291 4039 autem
3344 4000 3447 4039 nos

1867 4080 2184 4146 Apostolus,
2217 4078 2405 4131 dicens
2432 4095 2444 4129 :
2471 4077 2815 4131 Manducans
2860 4083 2912 4130 et
2973 4075 3167 4131 bibens
3204 4076 3446 4145 indigne.

1864 4170 2132 4239 judicium
2163 4169 2268 4223 sibi
2322 4169 2620 4221 manducat
2655 4175 2707 4222 et
2743 4167 2902 4220 bibit.
2937 4165 3127 4235 Itaque
3157 4183 3223 4221 ex
3259 4169 3442 4222 verbis

1867 4259 2156 4328 responsio
2181 4257 2509 4322 ostenditur,
2564 4258 2709 4327 quod
2745 4273 2976 4321 magnus
3037 4258 3128 4311 hic
3175 4257 3339 4312 Pater
3370 4257 3441 4312 de

1870 4349 2016 4402 ﬂuxu
2057 4350 2193 4403 citra
2250 4348 2696 4416 imaginationem
2752 4347 2898 4401 facto
2946 4362 3052 4400 non
3101 4348 3322 4402 locutus
3350 4348 3444 4411 sit,

1870 4457 2045 4510 neque
2078 4441 2145 4494 de
2172 4455 2261 4505 eo,
2295 4439 2388 4507 qui
2436 4438 2882 4508 imaginationem
2934 4437 3152 4506 quidem
3228 4439 3445 4505 habuit,

1869 4534 1962 4586 sed
1993 4531 2161 4585 animi
2200 4530 2616 4600 perturbatione
2656 4529 2684 4569 ιι
2718 4532 2919 4593 caruit,
2954 4538 3008 4584 et
3041 4531 3443 4600 concupiscen-

187 4607 339 4657 σατο,
377 4595 497 4646 ἀλλ’
538 4600 848 4670 ἀπεϐλήθη,
885 4603 978 4656 τοῦ
1008 4605 1214 4672 ἀγαθοῦ
1260 4611 1581 4678 νικήσαντος
1612 4595 1760 4683 λογι-

1873 4623 1939 4675 tia
1999 4637 2115 4677 eam
2152 4636 2256 4673 non
2291 4621 2573 4689 praecessit
2613 4637 2626 4674 :
2679 4621 2758 4674 vel
2806 4621 3021 4674 etiamsi
3092 4621 3231 4676 forte
3305 4637 3446 4690 pra:-

187 4685 357 4748 σμοῦ·
395 4685 534 4738 ὥστε
569 4691 701 4758 μηδὲ
734 4695 834 4763 τὴν
864 4695 1004 4748 κατὰ
1033 4697 1270 4750 διάνοιαν
1301 4701 1575 4772 ἁμαρτίαν
1607 4707 1761 4760 ἐκτε-

185 4775 467 4869 λεσθῆναι.
513 4781 578 4831 Ἀ
618 4783 723 4852 γὰρ
754 4787 834 4846 εἰς
872 4789 1177 4858 μαρτυρίαν
1205 4791 1300 4844 τοῦ
1333 4793 1490 4862 λόγου
1523 4801 1762 4869 παράγει

188 4864 280 4916 τοῦ
310 4867 637 4924 Ἀποστόλου
672 4875 832 4941 ῥητὰ,
865 4877 1139 4946 ἁμαρτίας
1174 4880 1474 4953 μέμνηται,
1500 4864 1760 4943 καὶ-ἀκα-

186 4955 455 5025 θαρσίας,
507 4964 601 5013 καὶ
647 4965 941 5034 ἐπιθυμίας
985 4973 1178 5041 κακῆς.
1233 4971 1364 5026 Εἶτα
1420 4979 1614 5045 ἐπάγει
1663 4982 1762 5051 τὴν

183 5048 414 5118 γνώμην
459 5053 665 5117 ἐκεῖνος
708 5057 804 5125 τὴν
852 5061 1068 5122 ἑαυτοῦ,
1111 5065 1301 5132 λέγων·
1339 5069 1411 5120 Τὸ
1452 5071 1592 5123 δὲέν
1627 5048 1764 5125 ἀκα-

184 5136 386 5208 θαρσίᾳ
413 5140 542 5193 ὄντα
580 5145 702 5198 τινα
730 5149 969 5215 ἐγγίζειν
1003 5155 1115 5216 τοῖς
1144 5156 1351 5222 ἁγίοις,
1385 5161 1478 5211 καὶ
1511 5163 1576 5212 τά
1611 5162 1757 5230 ἑξῆς.

184 5230 296 5282 Οὐκ
334 5233 400 5284 ἂν
436 5234 491 5286 δέ
530 5253 614 5297 τις
644 5241 770 5310 είττῃ
801 5242 1144 5312 ἀκαθαρσίαν
1175 5249 1440 5317 ὀνομάσαι
1472 5252 1561 5304 τὸν
1590 5254 1761 5321 μέγαν

188 5323 466 5378 Βασίλειον
502 5331 601 5398 τὴν
651 5338 1030 5407 σπερματικὴν
1070 5340 1317 5412 ἔκκρισιν
1352 5345 1575 5408 ἀπαθῶς
1611 5365 1761 5414 γενο-

188 5418 378 5488 μένην.
413 5420 586 5476 Τοῦτο
624 5428 732 5495 γὰρ
767 5426 986 5500 διαϐολὴ
1025 5431 1125 5502 τῆς
1168 5436 1390 5504 σαρκός.
1446 5439 1502 5491 '0
1547 5439 1604 5491 δὲ
1638 5441 1766 5492 πολ-

1871 4714 2063 4778 cessit,
2118 4713 2292 4780 ejecta
2335 4712 2438 4764 fuit
2477 4720 2677 4774 tamen,
2746 4713 3082 4781 cogitatione
3148 4714 3291 4767 bona
3325 4714 3445 4767 vin-

1870 4811 2044 4865 cente.
2106 4803 2240 4857 adeo
2276 4810 2332 4854 ut
2364 4802 2734 4869 intelligentia
2776 4800 2787 4839 ¹
2827 4812 3108 4872 peccatum
3142 4803 3442 4872 perfectum

1871 4909 1978 4945 non
2019 4891 2202 4945 fuerit.
2274 4890 2406 4954 Quae
2454 4892 2602 4944 enim
2648 4892 2700 4944 in
2738 4893 3008 4947 sermonis
3067 4894 3442 4948 testimonium

1873 4981 2081 5050 profert
2124 4980 2372 5048 Apostuli
2436 4985 2627 5043 verba,
2678 4984 2887 5050 peccati
2944 4988 3333 5045 meminerunt,
3388 4993 3442 5039 et

1873 5069 2250 5132 immunditize,
2326 5077 2380 5122 et
2425 5071 2890 5136 concupiscentia
2941 5087 3140 5140 pravae.
3205 5073 3444 5142 Subjieit

1855 5152 1959 5211 ille
1980 5157 2175 5210 deinde
2197 5171 2352 5212 suam
2381 5160 2732 5221 sententiam,
2764 5157 3016 5226 inquiens
3039 5159 3206 5212 :Eum
3234 5168 3443 5227 autem,

1869 5249 1960 5318 qui
2013 5257 2097 5302 est
2125 5248 2178 5299 in
2232 5246 2597 5310 itumunditie,
2639 5246 2844 5301 sanctis
2893 5249 3353 5316 appropinquare,
3387 5259 3443 5302 et

1870 5357 1992 5411 qua:
2026 5346 2355 5408 sequuntur.
2438 5337 2556 5391 Non
2611 5345 2790 5391 autem
2841 5337 3045 5392 dixerit
3119 5340 3437 5408 quisquam,

1872 5449 2131 5504 magnum
2181 5431 2441 5486 Basilium
2494 5429 2895 5485 immunditiem
2947 5432 3234 5486 nominare
3277 5432 3442 5486 semi-

1451 5590 1682 5646 VARIIE
1730 5587 2142 5646 LECTION‘ES.

259 5721 279 5748 ε
304 5713 585 5780 martyrio.
663 5714 688 5754 δ
719 5717 1104 5783 probationem.

186 5788 210 5826 ι
276 5785 584 5837 araritiam.

244 5785 584 5861 .araritiam.
685 5783 968 5855 hperfecta
1031 5792 1212 5858 fuisse.

184 5860 365 5908 etiam.

1189 5725 1385 5798 °Imne
1433 5737 1481 5782 et
1540 5747 1816 5784 sacrarum
1866 5748 2040 5784 rerum
2112 5731 2514 5798 perceptionem.

482 5801 584 5870 pm.
685 5797 710 5822 η
739 5797 968 5855 perfecta
1031 5797 1212 5870 (uisse.
1301 5798 1314 5835 ί
1353 5797 1688 5855 Accessionis
1730 5815 1904 5856 autem
1932 5803 1998 5855 ad
2026 5819 2106 5854 res
2150 5797 2355 5864 sacras,
2383 5817 2499 5870 qua!
2529 5803 2588 5870 ﬁt
2619 5818 2651 5854 α
2683 5797 2967 5856 εόηεείηιίο
3005 5804 3059 5856 θη
3082 5800 3440 5868 ίηυηκηάίίέθν

477 5855 490 5903 ι
530 5855 648 5909 plus
697 5873 854 5915 quam
905 5855 1173 5925 temetum.
1204 5881 1365 5920 eam
1409 5878 1485 5922 est
1519 5855 1841 5926 terribilior.
1906 5871 1928 5914 ι
1983 5873 2276 5937 affectione.

2623 5729 2983 5800 fsuperiorem
3033 5739 3080 5784 et
3142 5729 3436 5794 fortiorem.

2364 5873 2374 5908 ¹
2406 5883 2461 5927 ιιι
2507 5873 2858 5942 cogitationis.
