4188 6446
725 443 861 505 1027

2015 430 2046 488 Ι
2054 427 2151 488 US
2193 422 2637 487 CANONICUM

3835 411 3969 475 1023

723 560 901 612 naiein
973 550 1363 614 excretioncm,
1411 547 1619 616 alisque
1659 542 1947 599 aﬂcctioue
2007 544 2206 596 factam
2230 550 2294 596 ω.

2422 540 2522 603 cii;
2547 557 2605 592 τε
2635 538 2727 593 καί⁵
2767 537 2964 600 καλοὺς
2999 534 3190 603 λόγους
3217 533 3389 596 ἔθετο,
3422 529 3767 593 ἀποδεικνὺς,
3799 530 3875 593 ὡς
3908 532 3969 583 οὑ

726 652 843 705 Hoc
893 646 1041 701 enim
1077 642 1240 697 fuerit
1293 639 1479 694 carnis
1531 635 1827 691 calumnia.
1894 633 2091 688 Multas
2167 646 2297 686 vero

724 750 777 796 et
829 740 1091 810 pulchras
1132 734 1363 789 inservit
1424 730 1666 783 rationes
1718 727 1919 796 quibus
1957 722 2295 787 ostenderet,

729 848 837 887 non
877 830 1080 885 malum
1138 842 1281 889 esse,
1308 836 1507 891 corpus
1536 835 1712 889 neque
1760 819 1886 872 mali
1927 815 2295 886 principium:

726 918 1187 992 quamadmodum
1243 912 1487 968 nonnulli
1535 911 1745 980 opinati
1796 915 1947 962 sunt.
2003 904 2111 959 Nec
2150 913 2300 975 putet

730 1014 1029 1084 quispiam.
1063 1023 1184 1065 eum
1230 1004 1521 1059 manifesto
1561 1000 1843 1057 adversari
1885 1012 2083 1066 magno
2129 995 2303 1049 Atha-

731 1107 911 1168 nasio,
970 1100 1171 1157 dicenti
1202 1099 1267 1152 de
1306 1098 1408 1151 liac
1455 1094 1778 1165 spermatica
1827 1090 2303 1158 exeretione,qua:

730 1197 984 1267 superius
1031 1191 1232 1245 alicubi
1284 1189 1488 1256 scripta
1522 1194 1671 1241 sunt.
1700 1183 1870 1251 Cujus
1900 1196 2185 1237 sermones
2216 1194 2301 1233 re-

731 1291 911 1360 gulam
946 1294 1001 1341 et
1032 1280 1476 1354 perpendiculum
1509 1286 1716 1331 exacta:
1767 1274 2072 1345 disciplina:
2112 1286 2301 1327 omnes

731 1383 871 1435 sacri
896 1378 1083 1432 Patres
1116 1377 1169 1429 iu
1201 1371 1459 1427 omnibus
1486 1376 1834 1438 putaverunt.
1892 1366 2137 1435 llludque
2160 1379 2301 1432 pra:-

734 1483 881 1524 terea
903 1462 1361 1522 considerandum
1400 1468 1506 1522 est,
1570 1458 1670 1511 hos
1706 1457 1901 1509 ambos
1934 1455 2144 1524 Spiritu
2173 1467 2305 1506 sane

734 1564 921 1629 plenos
944 1556 1151 1621 Patres,
1172 1568 1282 1607 uno
1307 1552 1605 1617 eodemque
1622 1547 1829 1601 aﬂlatos
1850 1547 2066 1617 spiritu,
2096 1546 2305 1599 locutos

734 1654 904 1705 fuisse
947 1659 1000 1703 et
1061 1646 1375 1716 scripsisse.
1429 1641 1548 1707 Quo
1581 1640 1748 1709 igitur
1795 1641 1957 1692 modo
1987 1637 2305 1700 verisimile,

734 1746 837 1799 sibi
887 1743 1116 1797 invicem
1169 1739 1484 1791 adversatos
1542 1730 1734 1794 fuisse,
1787 1730 1881 1799 qui
1928 1745 1957 1782 a
2010 1735 2201 1781 sancto
2256 1737 2309 1780 et

735 1837 877 1890 bono
930 1831 1148 1902 impulsi
1206 1836 1336 1883 sunt
1392 1826 1619 1894 Spiritu.
1667 1822 1805 1875 llinc
1850 1818 2298 1875 manifestissime

2400 632 2569 686 κακον
2594 630 2655 684 τὺ
2683 630 2864 701 σῶμα,
2894 628 3016 682 οὑδέ
3052 626 3248 689 κακίας
3283 626 3426 694 ἀρχὴ
3446 663 3463 690 ,
3495 622 3677 685 καθὼς
3711 621 3970 687 ἐδόξασαν

2402 725 2553 778 ἔνιοι.
2612 722 2737 778 Οὐδ’
2806 719 3180 773 ἐναντιοῦσθαι
3227 716 3513 787 προδήλως
3568 714 3847 781 λογίσαιτό
3892 730 3972 774 τις

2400 818 2562 872 αὑτὸν
2610 815 2688 885 τῷ
2725 812 2947 883 μεγάλῳ
3000 810 3338 880 Ἀθανασίῳ,
3394 808 3642 879 εἰρηκότι
3694 807 3827 874 περὶ
3876 806 3973 875 τῆς

2403 909 2782 978 σπερματικῆς
2835 906 3040 973 ταύτης
3088 902 3657 972 ἐκκρίσεως,δσαπερ
3702 900 3816 952 ἀνω
3883 915 3974 951 ποι

2400 1001 2494 1053 τοῦ
2526 999 2683 1066 λόγου
2716 999 3062 1067 γεγράφαται
3091 1011 3104 1025 ·
3142 987 3203 1048 οὑ
3247 995 3375 1055 τοὺς
3417 994 3609 1059 λόγους
3640 991 3846 1044 κανόνα
3885 992 3978 1042 καὶ

2405 1091 2652 1160 στάθμην
2698 1088 2985 1160 ἀκριϐείας
3040 1089 3277 1151 ἅπαντες
3330 1087 3379 1138 oi
3434 1086 3572 1155 ἱεροὶ
3625 1084 3871 1154 Πατὲρες
3923 1086 3977 1133 ἐν

2403 1184 2607 1239 ἅπασιν
2643 1184 2897 1254 ἥγηνται.
2941 1177 3075 1235 Εἶτα
3109 1178 3396 1241 καὶ,τοῦτο
3427 1176 3733 1243 λογιστέον,
3770 1177 3856 1228 ὅτι
3886 1176 3979 1226 καὶ

2404 1282 2571 1349 ἄμφω
2604 1274 3042 1345 πνευματοφόροι
3074 1269 3220 1326 οὗτοι
3256 1273 3319 1343 δὴ
3353 1274 3402 1326 oi
3433 1271 3708 1341 Πατέρες,
3748 1270 3846 1321 καὶ
3877 1269 3981 1319 ὑπ’)

2405 1373 2500 1427 τοῦ
2537 1371 2701 1425 αὑτοῦ
2732 1369 2825 1423 καὶ
2869 1368 2986 1429 ἐνὸς
3014 1365 3375 1436 ἐμπνεόμενοι
3411 1364 3759 1433 Πνεὺματος,
3785 1360 3974 1427 ἱλεγάν

2406 1484 2465 1519 τε
2510 1467 2603 1518 καὶ
2645 1464 2906 1532 ἔγραφον.
2950 1459 3075 1522 Πῶς
3123 1458 3214 1512 οὖν
3247 1457 3394 1518 εἰκὸς
3425 1456 3676 1524 ἀλλήλοις
3707 1453 3985 1505 ἐναντιοῦ-

2410 1559 2533 1613 σθαι
2576 1558 2702 1619 τοὺς
2752 1554 2858 1608 ὑπό
2899 1554 2992 1605 τοῦ
3045 1551 3201 1619 ἁγίου
3235 1550 3589 1618 κινουμένους
3634 1548 3731 1600 καὶ
3774 1543 3983 1612 ἀγαθοῦ

2409 1651 2762 1713 Πνεὺματοςς
2824 1643 3106 1699 Ἐντεῦθεν
3156 1644 3521 1713 ἀριδηλότατα
3568 1639 3870 1699 δείκνυται,
3912 1636 3986 1698 ὡς

2409 1744 2504 1795 καὶ
2533 1743 2561 1794 ὁ
2604 1743 2775 1810 μέγας
2805 1738 3084 1798 Βασίλειος
3124 1734 3467 1802 ἀκαθαρσίαν
3505 1732 3564 1783 οὑ
3599 1732 3700 1799 τὴν
3732 1742 3987 1796 σπερμα-

2410 1837 2567 1905 τικὴν
2615 1834 2898 1901 ὠνόμασεν
2935 1829 3215 1897 ἔκκρισιν,
3248 1824 3386 1877 ἀλλὰ
3418 1823 3519 1892 τὴν
3562 1820 3810 1889 πονηράν
3856 1820 3987 1869 ἐςτι-

736 1925 1065 1987 oslenditur,
1123 1935 1379 1991 magnum
1446 1917 1706 1971 Basilium
1764 1912 2159 1967 immunditiam
2208 1926 2308 1965 no-

2422 1897 2614 1996 θυμίαν
2633 1943 2645 1957 θ
2777 1921 3087 1992 ἡγουμένης
3120 1918 3213 1971 καὶ¹
3243 1919 3276 1986 ἡ
3310 1914 3454 1969 κατὰ
3482 1912 3720 1965 διάνοιαν
3743 1910 3991 1977 ἁμαρτία

740 2018 985 2072 minasse
1039 2031 1146 2069 non
1205 2010 1431 2067 seminis
1494 2006 1883 2068 exere-tionem,
1946 2004 2037 2057 scd
2088 2016 2308 2072 pravam

737 2106 1416 2181 roncupiscentiam.Qua
1491 2110 1772 2173 praeeunte
1830 2100 2026 2153 mentis
2065 2107 2091 2134 ιι
2147 2098 2309 2152 etiam

741 2212 1021 2275 peccatum
1076 2216 1172 2271 per
1232 2198 1609 2254 assensionem
1677 2192 1978 2264 perﬁcitur,
2033 2199 2195 2259 atque
2240 2190 2311 2242 ita

743 2294 1059 2366 imaginatio
1098 2292 1240 2346 litin
1278 2289 1507 2351 somnis,
1569 2296 1622 2340 et
1654 2285 1882 2341 seminis
1930 2281 2165 2335 cﬂluxio.
2222 2278 2314 2334 Sic

741 2389 887 2441 enim
961 2399 1137 2453 neque
1196 2382 1312 2452 ipse
1377 2380 1479 2434 sibi
1529 2390 1833 2446 repugnare
1899 2373 2202 2437 videbitur;
2258 2378 2315 2425 ut

741 2482 926 2536 dicens
970 2477 1170 2531 malum
1218 2482 1272 2529 et
1317 2471 1655 2526 immundum
1708 2482 1829 2523 esse
1884 2481 2085 2536 corpus
2140 2478 2315 2531 neque

744 2585 943 2641 magno
997 2564 1303 2620 Athanasio
1356 2561 1632 2617 contraria
1657 2559 1950 2629 prazcipere
1976 2556 2313 2611 censebitur.

747 2661 853 2715 Sed
895 2669 949 2714 et
1000 2675 1066 2713 ex
1097 2673 1163 2711 eo
1220 2654 1367 2726 quod
1427 2655 1580 2718 dicit,
1616 2651 1730 2720 Ego
1783 2658 1967 2703 autem
2035 2648 2150 2703 scio
2202 2646 2318 2699 haec

745 2763 995 2809 correcta
1037 2751 1209 2805 fuisse
1249 2756 1295 2814 °,
1345 2747 1439 2802 Dei
1481 2745 1677 2815 gratia,
1718 2752 1771 2797 et
1820 2757 1849 2795 a
1903 2740 2056 2803 viris,
2120 2746 2174 2793 et
2197 2753 2317 2790 mu-

745 2847 976 2901 lieribus
1010 2860 1026 2900 :
1062 2844 1193 2897 illud
1238 2850 1463 2911 apparet
1497 2838 1581 2891 vel
1642 2836 1823 2905 potius
1876 2832 2036 2904 plane
2098 2831 2321 2885 demon-

750 2950 979 3003 stratur,
1012 2941 1079 2993 de
1142 2936 1368 2991 seminis
1418 2932 1734 2987 excretione
1785 2926 1929 2981 facta
1961 2938 2085 2979 cum
2119 2921 2316 2991 imagi-

749 3030 997 3090 natione,
1026 3041 1152 3080 eum
1187 3023 1363 3092 loqui,
1392 3035 1557 3089 quam
1600 3015 1768 3071 animi
1807 3014 2090 3085 praecessit
2120 3020 2317 3072 motus,

748 3129 802 3174 et
841 3116 1210 3185 intelligentia:
1246 3123 1272 3163 P
1294 3116 1598 3181 peceatum.
1627 3106 1741 3160 Hoc
1770 3104 1915 3159 enim
1968 3101 2320 3156 emendatum

662 3200 666 3204 ’
750 3212 852 3266 fuit
873 3221 927 3276 ιι,
968 3224 1075 3263 non
1120 3206 1339 3275 quidem
1394 3217 1503 3256 non
1562 3198 1975 3267 concupiscere,
2024 3192 2170 3262 quod
2238 3195 2322 3244 est

753 3320 861 3359 non
917 3303 1182 3370 impetqu
1242 3296 1421 3351 facere
1477 3290 1865 3361 cogitationem
1928 3296 1950 3324 τ
2000 3285 2127 3355 tboc
2173 3283 2320 3339 enim

752 3407 829 3451 est
870 3392 1164 3460 naturale),
1194 3388 1292 3444 sed
1318 3402 1425 3441 non
1459 3381 1817 3441 succumbere
1841 3378 2322 3447 concupiscentia,

754 3505 855 3543 nec
884 3484 1143 3542 assentiri
1205 3477 1549 3551 cogitationi,
1584 3488 1685 3530 nec
1719 3471 1907 3542 perﬁci
1970 3470 2173 3525 mentis
2199 3482 2325 3537 pec-

753 3592 955 3638 catum.
980 3578 1168 3648 Neque
1186 3575 1409 3630 seminis
1438 3572 1643 3625 ﬂuxum
1675 3578 1696 3605 '
1724 3583 1829 3622 non
1854 3566 1991 3629 ﬁeri,
2018 3571 2325 3618 correctum

755 3674 858 3727 fuit
884 3674 1011 3742 (hoc
1072 3669 1217 3723 enim
1274 3673 1355 3721 est
1410 3673 1621 3718 naturae
1672 3675 1811 3730 Opus
1859 3657 2156 3727 expellere.
2183 3655 2329 3708 velut

756 3760 1259 3830 exerementa),sed
1279 3774 1390 3814 non
1419 3758 1710 3811 libidinoso
1739 3752 1935 3808 aﬂectti
1963 3749 2329 3807 excretionem

760 3859 898 3921 tieri,
930 3872 994 3911 ex
1032 3852 1454 3923 imaginatione,
1495 3864 1656 3918 quam
1686 3860 1852 3917 prava
1918 3843 2072 3913 ﬁngit
2124 3855 2332 3895 concu-

759 3949 1051 4020 piscentia,
1129 3961 1193 4000 ex
1254 3956 1360 4013 qua
1441 3939 1846 4009 intelligentia‘
1914 3935 2195 4005 inquinata
2227 3940 2331 3989 est.

760 4045 909 4097 Heus
968 4049 1048 4103 tu,
1078 4036 1341 4107 cogitatio
1415 4033 1749 4088 assensione
1788 4028 1992 4086 fcedata
2020 4035 2121 4091 est,
2149 4040 2335 4080 exere.

763 4134 929 4188 menti
966 4140 1145 4186 autem
1175 4125 1484 4198 spermatici
1514 4123 1768 4193 dejectio,
1788 4137 1896 4176 non
1924 4128 2009 4176 est
2030 4117 2332 4173 immunda.

762 4222 1080 4277 Fabrieator
1120 4220 1267 4275 enim
1321 4216 1595 4285 corporis,
1638 4213 1783 4268 Deus
1823 4228 1838 4265 :
1900 4224 2088 4265 eorum
2131 4218 2333 4271 autem,

762 4330 884 4382 quae
912 4311 1074 4366 aDeo
1120 4309 1384 4364 fabricata
1465 4312 1622 4368 sunt,
1655 4302 1794 4357 nihil
1845 4310 1928 4356 est
1970 4299 2332 4354 immundum.

765 4406 975 4471 Quibus
1015 4401 1247 4473 genitale
1282 4397 1607 4469 proﬂuvium
1655 4392 2003 4449 existimatur
2042 4389 2337 4445 immundi-

770 4498 863 4561 tia,
894 4498 948 4549 in
1007 4493 1372 4563 suspicionem
1409 4488 1629 4543 venient
1680 4482 2109 4539 Manichaeorum
2151 4488 2333 4545 sectae,

2414 2021 2648 2075 τελεῖται
2676 2015 2763 2068 διὰ
2793 2011 3269 2080 συγκαταθέσεως.
3300 2009 3414 2061 Καὶ
3442 2005 3586 2059 οὕτω
3613 2003 3829 2071 γίνεται
3854 2017 3992 2067 φαν-

2412 2113 2574 2167 τασία
2608 2110 2727 2163 καθ’
2754 2108 2974 2170 ὕπνους,
3009 2105 3104 2158 καὶ
3132 2101 3228 2155 τοῦ
3256 2102 3571 2169 σπέρματος
3612 2097 3802 2165 ἐκροή.
3837 2092 3993 2147 Οῦτω

2420 2203 2523 2273 γὰρ
2560 2199 2671 2253 οὔτ’
2721 2197 2882 2259 αὑτὸς
2930 2193 3108 2263 ἐαυτῷ
3143 2188 3512 2261 ἠναντιῶσθαι
3545 2186 3750 2252 δόξειεν
3793 2184 3883 2247 ἂν,
3920 2181 3995 2243 ὡς

2416 2295 2583 2347 κακὸν
2622 2287 2759 2343 εἶναι
2803 2288 2865 2341 τὸ
2912 2285 3072 2354 σῶμα
3123 2285 3215 2337 καὶ
3248 2282 3563 2351 ἀκάθαρτον
3601 2277 3815 2344 λέγων·
3871 2273 3995 2327 οὗτε

2416 2386 2492 2456 τῷ
2529 2384 2750 2454 μεγάλῳ
2795 2378 3102 2448 Ἀθανασίῳ
3154 2374 3414 2429 τάναντία
3464 2366 3853 2425 διατάττεσθαι
3906 2365 3997 2416 λο-

2417 2478 2758 2549 γισθήσεται.
2794 2470 2958 2525 Ἀλλά
2987 2472 3082 2523 καὶ
3113 2469 3178 2523 ἐκ
3214 2466 3309 2520 τοῦ
3338 2464 3525 2534 φάναι,
3573 2458 3715 2528 Ἐγὼ
3743 2460 3800 2511 δέ
3825 2458 3998 2524 ἔγνων

2418 2573 2500 2625 ὅτι
2546 2569 2720 2623 ταῦτα
2768 2562 3145 2633 κατωρθώθη,
3185 2558 3321 2612 Θεοῦ
3360 2557 3584 2626 χάριτι,
3628 2554 3727 2606 καὶ
3768 2549 3997 2619 ἀνδράσι

2419 2663 2512 2717 καὶ
2556 2659 2792 2729 γυναιξὶ,
2825 2656 2984 2709 τοῦτο
3028 2652 3389 2723 ἐμφαίνεται,
3423 2650 3457 2718 ἢ
3492 2648 3691 2718 μᾶλλον
3736 2641 3998 2711 καθαῷις

2420 2752 2801 2808 ἀποδείκνυται
2824 2788 2839 2815 ,
2876 2749 2957 2801 ὅτι
2992 2747 3122 2816 περὶ
3151 2743 3455 2813 ἐκκρίσεως
3507 2738 3829 2808 σπέρματος
3860 2733 3999 2804 μετα

2422 2843 2723 2914 φαντασίας
2754 2840 3054 2909 γενομένης
3096 2838 3297 2906 φησιν,
3324 2828 3391 2905 ἦς
3430 2830 3707 2901 ὲμπάθεια
3746 2826 4001 2898 προηγή-

2425 2953 2577 3002 σατο,
2612 2934 2707 2988 καὶ
2739 2934 2773 3003 ὴ
2795 2931 2938 2986 κατά
2975 2929 3213 2982 διάνοιαν
3246 2924 3512 2995 ἁμαρτία.
3533 2920 3706 2975 Τοῦτο
3726 2918 3839 2988 γάρ
3870 2933 4006 2970 κατ-

2424 3027 2679 3100 ώρθωται
2746 3024 2877 3094 παρ’
2933 3014 3120 3089 ὧνπερ
3174 3016 3567 3088 κατώρθωται,
3623 3012 3747 3081 οὑχὶ
3816 3008 3883 3062 τὸ
3931 3006 4005 3077 μὴ

2426 3098 2764 3188 ἐπιθυμῆσαι
2807 3158 2822 3181 ,
2874 3116 2903 3169 ὃ
2947 3116 3064 3167 ἐστι
3113 3113 3175 3166 τὸ
3230 3110 3305 3180 μὴ
3354 3106 3689 3188 προσϐαλεῖν
3741 3098 4008 3168 λογισμὸν

2349 3224 2394 3282 ς
2428 3211 2618 3281 (τοῦτο
2660 3208 2769 3277 γὰρ
2815 3203 3113 3274 φυσικὸν),
3143 3201 3279 3255 άλλά
3328 3199 3389 3251 τδ
3419 3197 3494 3267 μὴ
3537 3194 3902 3261 ὑποκλιθῆναι
3939 3192 4005 3257 τῇ

2426 3300 2721 3371 ἐπιθυμία,
2760 3298 2894 3369 μηδέ
2944 3293 3236 3349 συνθέσθαι
3280 3290 3359 3360 τῷ
3393 3286 3672 3357 λογισμῷ,
3719 3284 3858 3354 μηδὲ
3908 3282 4008 3351 τὴν

2426 3393 2569 3447 κατά
2607 3391 2844 3444 διάνοιαν
2876 3386 3151 3457 ἁμαρτίαν
3199 3380 3606 3448 ἐκτελεσθῆναι.
3643 3377 3779 3431 Οὑδὲ
3818 3375 3883 3428 τὸ
3934 3375 4011 3442 μὴ

2428 3484 2673 3553 γίνεσθαι
2726 3480 3041 3550 σπέρματος
3082 3475 3283 3545 ἐκροὴν
3342 3470 3681 3541 κατωρθώοη
3729 3468 3850 3538 (τῆς
3901 3465 4011 3535 γὰρ

2430 3574 2642 3644 φύσεως
2680 3571 2841 3639 ἔργον
2883 3568 2943 3621 τὸ
2978 3564 3285 3619 διωθεῖσθαι
3317 3561 3477 3615 τοῦτό
3503 3562 3670 3622 ἐστιν,
3712 3560 3788 3622 ὼς
3820 3556 4017 3628 περίτ-

2428 3665 2643 3736 τωμα),
2676 3663 2813 3716 ἀλλὰ
2838 3663 2899 3715 τὸ
2929 3662 3004 3731 μὴ
3035 3656 3297 3729 ἐμπαθῶς
3337 3654 3590 3725 γενέσθαι
3615 3652 3713 3722 τὴν
3740 3651 4015 3719 ἔκκρισιν,

2432 3763 2496 3813 ἐκ
2519 3735 2843 3827 ιραντασίας,
2869 3756 2935 3823 ἣν
2966 3752 3280 3818 συνίστησιν
3307 3746 3571 3816 ἐπιθυμία
3599 3742 3768 3811 κακὴ,
3805 3742 3866 3806 ἐξ
3886 3735 3954 3810 ἧς
3980 3742 4014 3807 ή

2433 3850 2639 3904 διάνοια
2671 3848 2988 3917 κέχρανται.
3030 3843 3088 3896 '0
3117 3840 3401 3909 λογισμὸς,
3431 3832 3475 3890 ὧ
3498 3829 3676 3899 οὗτος,
3706 3836 3774 3902 τῇ
3809 3848 4019 3898 συγκα-

2434 3941 2651 3995 ταθέσει
2701 3937 3032 4006 μεμόλυνται
3056 3950 3071 3965 ο
3107 3934 3140 4002 ἡ
3170 3931 3227 3984 δὲ
3254 3931 3350 3983 τοῦ
3398 3924 3779 3996 σπερματικοῦ
3823 3938 4020 3990 περιτ-

2432 4030 2685 4100 τώματος
2714 4028 2985 4095 ἔκκρισις,
3012 4025 3115 4076 οὑκ
3149 4020 3484 4089 ἀκάθαρτος.
3519 4015 3758 4085 Ποιητής
3786 4014 3897 4083 γὰρ
3923 4012 4018 4064 τοῦ

2438 4121 2689 4191 σώματος
2720 4122 2748 4170 ὁ
2775 4118 2906 4180 Θεός
2934 4132 2949 4147 ·
2982 4114 3091 4167 τῶν
3124 4114 3166 4165 δ’
3201 4112 3305 4165 ὑπὸ
3332 4110 3470 4163 Θεοῦ
3500 4107 3830 4161 κτισθέντων
3862 4105 4022 4157 οὐδὲν

2436 4215 2671 4283 ὑπάρχει
2718 4209 3049 4279 ἀκάθαρτον.
3084 4200 3179 4269 Οἷς
3213 4206 3269 4257 δὲ
3296 4201 3609 4271 ἀκαθαρσία
3633 4199 3953 4266 νενόμισται
3987 4198 4019 4262 ἡ

2438 4304 2601 4373 γονὴ,
2653 4298 2995 4370 μανιχαῒξειν
3028 4295 3297 4366 ὑπόληψιν
3363 4291 3625 4347 δώσουσιν
3674 4291 3708 4356 ἢ
3760 4287 3861 4355 τῆς
3913 4286 4024 4339 τῶν

2440 4394 2752 4465 Βογομίλων
2785 4392 3031 4462 μετέχειν
3054 4388 3343 4459 αἱρέσεως.
3384 4382 3540 4436 Ἐπεὶ
3570 4382 3663 4435 καὶ
3693 4375 3841 4432 οὗτοι
3874 4378 4022 4431 κατά

2440 4504 2504 4556 γε
2538 4487 2599 4539 τὸ
2627 4484 2809 4546 διττάς
2858 4483 3100 4549 εἰσάγειν
3145 4481 3354 4550 ἀρχὰς,
3387 4478 3481 4531 καὶ
3513 4475 3574 4528 τὸ
3618 4474 3777 4542 σῶμα
3812 4472 4023 4538 κτίσμα

768 4599 864 4642 aut
903 4587 1049 4658 quod
1104 4548 1532 4655 :Bogomilorum
1586 4577 1698 4650 (37)
1742 4575 1967 4630 haeresis
2011 4573 2122 4628 sint
2172 4570 2319 4643 parti

2442 4548 2625 4647 λέγειν
2672 4577 2763 4630 τοῦ
2800 4574 3078 4645 πονηροῦ,
3128 4548 3410 4642 προδήλως
3448 4564 3855 4640 μανιχαῗζουσι,
3901 4564 4024 4631 Χρὴ

770 4684 942 4752 cipes.
992 4681 1126 4734 Nam
1168 4686 1222 4731 et
1275 4676 1351 4740 hi,
1395 4672 1538 4742 quod
1582 4670 1695 4725 duo
1744 4668 1998 4722 inducant
2052 4666 2342 4734 principia,

771 4784 826 4828 et
875 4788 1079 4843 corpus
1131 4769 1258 4823 mali
1326 4774 1633 4820 creaturam
1676 4760 1883 4826 dicant,
1928 4755 2210 4811 manifeste
2232 4771 2345 4809 ma-

774 4865 1105 4919 uicliaizaut.
1158 4854 1509 4927 Reprimendi
1564 4866 1694 4923 ergo
1752 4851 1829 4905 illi
1883 4856 2032 4915 sunt,
2077 4852 2225 4919 qui“
2261 4863 2348 4903 se-

777 4955 939 5009 minis
979 4952 1179 5007 ﬂuxum
1238 4944 1677 5016 inquinationem
1706 4942 2067 5004 arbitrantur,
2115 4949 2170 4994 et
2225 4952 2349 4994 esse

776 5043 988 5107 dicunt,
1027 5058 1089 5095 ex
1123 5054 1232 5108 quo
1281 5038 1424 5092 Deus
1461 5036 1704 5104 optimus
1744 5032 2075 5086 architectus
2123 5043 2342 5085 carnem

778 5143 1018 5188 nostram
1072 5143 1425 5186 concrescere
1482 5125 1716 5180 instituit
1768 5141 1784 5177 :
1846 5137 1914 5176 ue
1971 5120 2196 5191 profana
2244 5119 2346 5173 hac

779 5234 928 5282 secta
956 5224 1144 5280 infecti
1186 5238 1308 5279 esse
1350 5220 1660 5275 vidcantur.
1724 5216 1858 5271 Nam
1898 5215 1945 5272 si
2002 5215 2343 5269 immundum

2442 4670 2573 4739 γοῦν
2622 4666 3048 4723 ὑποστέλλεσθαι
3101 4664 3227 4725 τοὺς
3276 4664 3377 4731 τὴν
3428 4662 3674 4730 ἔκκρισιν
3715 4659 3813 4726 τῆς
3856 4654 4026 4721 γονῆς

2448 4761 2724 4833 μολυσμὸν
2751 4760 3051 4828 οἰομένους,
3082 4758 3175 4811 καὶ
3200 4755 3492 4822 λέγοντας,
3524 4752 3584 4815 ἐξ
3608 4745 3675 4822 ἦς
3699 4749 3797 4818 τὴν
3824 4748 4030 4817 ήμετὲο

2448 4872 2545 4926 ραν
2578 4854 2754 4920 σάρκα
2782 4847 3207 4919 συμπήγνυσθαι
3235 4848 3263 4899 ὀ
3290 4842 3677 4911 ἀριστοτέχνης
3706 4840 3839 4901 Θεὸς
3879 4838 4028 4907 ᾠκο-

2446 4946 2703 5013 νόμησεν,
2733 4942 2821 4995 ἵνα
2857 4941 2931 5009 μὴ
2959 4940 3059 5009 τῆς
3094 4937 3325 5007 βεϐήλου
3352 4934 3556 5003 ταύτης
3588 4932 3840 5001 μετέχειν
3873 4929 4027 4999 αἱρέ-

2450 5052 2587 5097 σεως
2633 5034 2876 5100 δόξωσιν.
2910 5033 2971 5084 Εἰ
3010 5031 3118 5100 γὰρ
3157 5028 3466 5098 ἀκάθαρτος
3501 5026 3535 5094 ἡ
3570 5022 3735 5093 γονὴ,
3765 5022 3862 5075 καὶ
3890 5024 3925 5091 ἡ
3966 5022 4031 5073 ἐκ

2449 5124 2651 5193 ταύτης
2685 5122 3048 5191 συνισταμένη
3076 5119 3215 5190 σὰρξ
3236 5120 3455 5181 πάντως
3488 5116 3643 5169 ἔσται
3672 5115 3993 5181 ἀκάθαρτος
4014 5128 4028 5139 ·

2452 5217 2546 5269 καὶ
2573 5215 2647 5278 ὠς
2684 5217 2749 5268 ὲκ
2778 5214 3005 5285 θολερᾶς
3035 5214 3129 5267 καὶ
3166 5210 3536 5282 βορϐορώδους
3573 5206 3761 5276 πηγῆς
3791 5206 3857 5260 οὑ
3880 5207 4030 5273 νᾶμα

2060 5328 2296 5383 VARIAZ
2338 5329 2630 5385 LECTION
2639 5330 2741 5386 ES.

854 5432 1102 5499 malisque
1151 5430 1295 5483 vitio.
1366 5438 1399 5499 ,ιι
1418 5426 1775 5499 cogitationis.
1854 5422 2345 5499 °pmstitn_[nisse.

786 5503 967 5554 stitum
1017 5492 1116 5555 cst.
1192 5498 1372 5567 'quod
1395 5492 1887 5566 est-cogitationem
1936 5510 2038 5547 non
2086 5492 2364 5562 adjicere:

789 5572 808 5607 ⁸
837 5573 1105 5641 cogitatio.
1137 5579 1164 5607 ιι
1201 5570 1482 5624 Facessant
1516 5583 1658 5638 ergo,
1690 5567 1800 5636 qui.

2424 5434 2451 5472 Ρ
2485 5424 2841 5494 cogitationis.
2919 5434 2946 5472 tt
2984 5420 3276 5494 praestitum
3310 5418 3429 5494 fuit,
3454 5432 3492 5494 _a
3521 5416 3711 5494 quibus
3745 5427 4037 5494 sane‘prc—

2467 5506 2487 5532 ⁸
2520 5484 2679 5565 usque
2725 5484 3019 5564 praestitum
3042 5492 3167 5560 fuit,
3194 5500 3247 5542 ut
3279 5484 3492 5541 seminis
3538 5488 3713 5552 lituus
3741 5498 3847 5535 non
3866 5484 4033 5551 ﬁeret.

2285 5674 2521 5733 NOTAE.

861 5774 973 5845 ('57)
1007 5772 1108 5838 Qui
1162 5772 1241 5845 sic
1292 5770 1446 5825 fuere
1492 5770 1623 5845 dicti
1671 5785 1700 5823 a
1762 5770 2044 5845 perpetuis
2096 5768 2391 5845 precibus.
2423 5768 2533 5841 Bog
2563 5771 2711 5829 enim
2743 5768 3031 5827 Slat'oniea
3060 5769 3268 5838 lingua,
3308 5764 3444 5818 Deus
3482 5770 3588 5827 est,
3617 5769 3672 5815 et
3727 5759 3891 5826 mila,
3942 5758 4032 5811 be-

798 5839 1015 5917 nignus,
1046 5843 1202 5914 quasi
1238 5849 1497 5912 perpetuo
1528 5841 1794 5905 dicereut,
1828 5840 2055 5909 Benigne
2085 5839 2247 5895 Deus.
