4188 6446
773 402 905 467 1031

2074 395 2214 455 JUS
2253 391 2696 454 CANONICUM

3894 389 4020 451 1‘332

761 518 1091 587 permansit,
1123 523 1176 570 ct
1204 514 1256 568 in
1287 511 1472 566 animo
1503 509 1739 565 libenter
1773 515 1984 563 versata
2013 517 2095 561 est
2133 525 2146 559 :
2175 518 2337 575 eoque

2453 499 2906 570 ἐνεφιλοχώρησε,
2943 500 3037 552 καὶ
3073 499 3272 569 ἠδύνθη
3307 497 3455 567 αὒτῷ
3494 497 3527 567 ἡ
3558 496 3748 549 τούτου
3780 498 4014 570 διαλογὴ.

761 610 1021 663 deliciata
1057 609 1206 661 illius
1236 603 1556 674 disputatio,
1584 613 1642 657 ut
1674 603 1783 671 jam
1821 600 2133 654 intellectus
2163 611 2182 638 ε
2215 612 2341 667 ροσε

763 711 940 754 catum
973 698 1268 752 formatum
1304 697 1376 750 sit
1411 714 1424 750 :
1458 697 1572 749 ha‘c
1621 705 1798 746 autem
1849 698 2118 744 nocturna
2154 689 2344 758 imagi-

763 793 912 844 natio
943 798 1132 844 secuta
1185 796 1289 850 est,
1320 795 1373 841 et
1417 785 1642 840 seminis
1674 783 1993 852 supervenit
2037 784 2255 836 ﬂuxus:
2287 779 2340 833 hi

763 884 926 939 etiam
970 893 1130 936 erunt
1163 878 1500 935 accusationi
1532 891 1584 932 et
1617 891 1866 932 censurae
1897 875 2118 930 obnoxii
2148 873 2198 938 ά,
2233 888 2340 926 non

762 988 986 1050 pr0ptcr
1027 977 1346 1033 seminalem
1395 973 1693 1036 deﬂuxutn,
1732 973 1823 1028 sed
1873 979 2097 1041 prepter
2145 968 2342 1021 mentis

763 1081 1046 1141 peccatum
1103 1077 1156 1122 et
1209 1066 1560 1136 cogitationis
1606 1063 2154 1120 contaminationem.
2191 1058 2342 1113 Licet

763 1162 906 1214 enim
959 1171 1060 1212 nec
1118 1156 1436 1226 imaginatio
1491 1163 1762 1207 nocturna
1822 1154 1900 1206 eis
1941 1151 2340 1220 supervenerit,

762 1265 863 1304 nec
888 1247 1140 1317 genitalis
1173 1245 1399 1300 seminis
1464 1242 1787 1310 proﬂuvium
1815 1259 1829 1307 ;
1865 1241 2217 1294 nihilominus
2246 1254 2340 1293 co-

759 1341 1024 1410 gitatione
1074 1334 1346 1404 inquinati
1388 1342 1535 1400 sunt,
1590 1343 1642 1388 et
1688 1331 2124 1386 emendationem
2171 1340 2194 1367 ε
2231 1344 2338 1383 non

763 1430 1043 1498 ell'ugient.
1081 1427 1173 1482 Est
1205 1434 1386 1479 autem
1421 1427 1512 1495 qui
1553 1434 1605 1479 et
1628 1424 1961 1493 cogitatione
1989 1437 2096 1476 non
2133 1436 2339 1490 praece-

765 1524 950 1587 dente,
989 1537 1107 1592 qum
1140 1521 1428 1574 aﬂ'ectione
1472 1519 1489 1557 ί
1527 1519 1598 1574 sit
1639 1519 1883 1583 incitata,
1915 1531 2090 1586 neque
2115 1520 2340 1583 peccato

762 1617 957 1669 mentis
994 1613 1256 1683 perfecto,
1306 1612 1358 1665 in
1405 1612 1615 1665 somnis
1656 1619 1932 1679 spectrum
1989 1607 2338 1677 imaginatus,

761 1704 1093 1773 spermatico
1146 1707 1496 1754 excremento
1565 1697 1797 1763 deiecto,
1863 1710 1971 1749 non
2034 1702 2116 1747 est
2185 1700 2336 1745 extra

759 1796 1002 1863 culpam.
1060 1791 1249 1858 Qualis
1303 1805 1432 1844 vero
1478 1787 1611 1842 hic?
1656 1785 1757 1851 Qui
1817 1800 1879 1838 ex
1920 1783 2025 1838 cibi
2081 1791 2130 1836 et
2179 1791 2339 1851 potus

763 1885 1188 1953 intemperantia
1216 1893 1461 1942 ventrem
1495 1878 1762 1943 oneravit,
1795 1886 1848 1928 et
1883 1883 2116 1928 mentem
2149 1870 2340 1927 confu-

761 1977 862 2042 d.t,
911 1986 964 2030 et
997 1977 1191 2028 mortis
1224 1974 1448 2026 fratrem
1491 1985 1744 2024 somnum
1781 1967 2079 2025 dormiens,
2111 1965 2164 2018 in
2206 1963 2342 2015 ima-

759 2069 1093 2136 ginationem
1131 2065 1342 2126 incidit,
1371 2077 1663 2130 semenque
1693 2060 1953 2114 excrevit.
1985 2057 2084 2111 Hic
2112 2057 2252 2110 enim
2287 2061 2341 2107 et

761 2160 874 2226 ipse
911 2157 1013 2211 sibi
1080 2165 1300 2224 propter
1331 2152 1645 2222 ingluviem,
1701 2148 2098 2219 phantasmatis
2130 2154 2337 2199 auctor.

764 2249 826 2301 Et
857 2248 947 2317 qui
999 2264 1123 2300 eum
1167 2246 1455 2314 gubernat,
1506 2252 1666 2311 prout
1717 2239 1921 2292 homini
1962 2237 2210 2291 conferre
2247 2251 2342 2290 c0-

761 2339 1031 2410 gnoverit,
1068 2335 1508 2390 emendationem
1539 2334 1562 2372 8
1593 2330 1812 2384 inierat.

921 2467 1267 2522 TllEODORl
1318 2463 1751 2517 BALSAMONIS
1798 2459 2174 2515 RESPONSA.

766 2578 1213 2646 Interrogationes
1278 2574 1548 2646 canonici?
1623 2572 1942 2646 sanctissimi
2023 2571 2344 2646 patriarcha:

839 2639 1182 2700 Alexandria:
1231 2645 1430 2696 domini
1482 2639 1702 2695 Marci:
1749 2652 1795 2694 et
1837 2657 2085 2708 responsa
2139 2642 2205 2691 ad
2252 2657 2342 2692 eas

833 2719 1158 2770 sanctissimi
1190 2714 1508 2780 patriarcha
1563 2713 1879 2776 Antioclu'w,
1929 2711 2129 2764 domini
2175 2709 2341 2763 Theo-

835 2789 951 2840 dori
989 2786 1352 2838 Balsamonis.

835 2913 925 2967 Dei
962 2911 1176 2981 quidem
1213 2921 1487 2981 spectator
1517 2922 1570 2965 et
1599 2909 1859 2981 propheta
1906 2907 2120 2962 Moses:
2162 2906 2341 2961 Inter-

761 3021 890 3074 roga
939 3005 1158 3073 (inquit)
1211 3012 1418 3073 patrem
1477 3013 1650 3065 tuum,
1700 3011 1754 3056 et
1802 3001 2138 3055 renuntiabit
2192 2999 2338 3050 tibi:

764 3098 1011 3152 seniores
1051 3109 1192 3159 tuos,
1224 3104 1278 3150 et
1314 3097 1499 3150 dicent
1549 3094 1669 3148 tibi.
1705 3093 2100 3147 Sanctissimus
2159 3099 2341 3144 autem

2447 594 2522 656 ώς
2553 595 2650 662 τὴν
2681 593 2825 646 κατὰ
2855 592 3092 645 διάνοιαν
3124 591 3397 662 ἁμαρτίαν
3419 591 3518 661 ἤδη
3568 593 3830 660 συστῆναι
3865 608 3877 620 ·
3904 591 4018 643 τού-

2444 704 2559 747 τοις
2585 685 2640 737 δὲ
2667 683 2954 754 νυκτερινὴ
2983 683 3252 753 φαντασία
3281 682 3716 752 ἐπηκολούθησε,
3751 685 3845 734 καὶ
3869 684 4018 753 ῥύσις

2446 781 2610 847 γονῆς
2641 778 2959 846 ἐπιγέγονεν
2991 794 3002 806 ·
3041 771 3186 830 οὗτοι
3220 778 3313 828 καὶ
3351 777 3456 828 ὑπὸ
3513 777 3752 830 αἰτίασιν
3786 777 4016 838 ἔσονται,

2445 871 2539 924 καὶ
2559 870 2664 923 ὑπὸ
2695 870 3037 939 ἐπιτίμησιν,
3072 870 3132 922 οὐ
3159 869 3243 921 διὰ
3261 867 3359 938 τὴν
3386 869 3773 939 σπερματικὴν
3805 869 4017 938 ἐκροήν,

2446 964 2584 1016 ἀλλὰ
2614 961 2701 1016 διὰ
2734 962 2830 1033 τὴν
2884 961 3024 1014 κατὰ
3054 962 3293 1015 διάνοιαν
3320 961 3614 1030 ἁμαρτίαν,
3667 960 3766 1012 καὶ
3800 961 3892 1012 τὸν
3930 961 4018 1011 τοῦ

2443 1055 2705 1124 λογισμοῦ
2767 1055 3060 1125 μολυσμόν.
3114 1055 3233 1107 Κάν
3273 1054 3381 1122 γὰρ
3431 1055 3568 1122 μήτε
3609 1053 3886 1120 φαντασία
3940 1072 4024 1103 νυ-

2445 1147 2668 1218 κτερινὴ
2696 1148 2877 1209 αὐτοῖς
2911 1146 3257 1216 ἐπιγένηται,
3290 1148 3425 1216 μήτε
3463 1145 3616 1212 ῥύσις
3649 1145 3838 1213 γονῆς,
3870 1144 4016 1196 οὐδὲν

2442 1235 2604 1310 ἦττον
2637 1238 2970 1308 μεμόλυνταί
2999 1256 3058 1290 τε
3093 1237 3184 1290 τὸν
3227 1237 3514 1305 λογισμὸν,
3566 1236 3661 1290 καὶ
3710 1237 3809 1304 τὴν
3854 1236 4020 1287 ἐπιτί-

2449 1349 2614 1401 μησιν
2644 1332 2742 1384 οὑκ
2785 1332 3162 1399 ἐκφεύξονται.
3211 1331 3369 1384 Ἐστι
3419 1332 3465 1385 δ’
3493 1331 3553 1394 ὃς
3603 1333 3696 1382 καὶ
3757 1329 4019 1400 λογισμοῦ

2449 1425 2523 1495 μὴ
2551 1424 2997 1495 προῦπὰρξαντος
3035 1424 3338 1494 ἐμπαθοῦς,
3394 1425 3531 1494 μήτε
3589 1424 3695 1493 μὴν
3746 1424 3848 1493 τῆς
3880 1423 4019 1475 κατὰ

2444 1515 2683 1568 διάνοιαν
2706 1517 2981 1584 ἁμαρτίας
3002 1515 3372 1583 τελεσθείσης,
3387 1516 3443 1566 ἐν
3465 1513 3652 1576 ὕπνοις
3669 1513 4018 1583 φαντασθεὶς,

2445 1609 2539 1660 καὶ
2594 1611 2970 1676 σπερματικὸν
3023 1610 3282 1680 ἐκκρίνας
3342 1609 3687 1680 περίττωμα,
3730 1610 3830 1660 οῦκ
3864 1608 4021 1673 ἀνέγ-

2445 1698 2661 1767 κλητος.
2721 1701 2879 1761 Ποῖος
2912 1700 2967 1752 δέ
3008 1696 3192 1765 οὗτος
3245 1701 3303 1764 ὃς
3353 1700 3413 1764 ἐξ
3445 1700 3711 1771 ἀκρασίας
3750 1699 3850 1767 τῆς
3898 1699 4023 1767 περὶ

2447 1791 2650 1862 βρῶσιν
2679 1793 2773 1845 καὶ
2806 1793 2983 1854 πόσιν,
3009 1793 3102 1845 καὶ
3130 1794 3228 1862 τὴν
3256 1794 3501 1862 γαστέρα
3530 1793 3784 1862 ἐϐάρυνε,
3813 1791 3907 1843 καὶ
3933 1795 4022 1842 τὸν

2447 1881 2571 1936 νοῦν
2645 1885 3000 1948 συνεθὸλωσε,
3061 1885 3155 1938 καὶ
3218 1884 3385 1937 ὕπνον
3460 1885 3688 1952 ἀδελφὸν
3730 1883 4021 1936 ὑπνώττων

2837 1978 3108 2047 φαντασία
3173 1980 3585 2046 περιπέπτωκε,
3642 1978 3738 2028 καὶ
3802 1976 4021 2044 σπέρμα

2445 2067 2715 2138 ἐξέκρινε.
2743 2069 2850 2121 Καὶ
2882 2064 3035 2131 οὗτος
3059 2069 3165 2137 γὰρ
3198 2070 3360 2132 αὐτὸς
3392 2070 3572 2138 ἐαυτῷ
3603 2069 3690 2120 διὰ
3721 2068 3819 2136 τὴν
3846 2070 4021 2133 ἀκρα-

2448 2160 2569 2212 σίαν
2604 2160 2698 2212 τοῦ
2724 2162 3110 2230 φαντάσματος
3145 2162 3316 2224 αἴτιος
3345 2177 3359 2189 ⁸
3395 2161 3486 2213 καὶ
3510 2163 3536 2212 ὀ
3568 2161 3635 2212 τά
3659 2161 3784 2212 κατ’
3816 2160 4023 2211 ἐκεῖνον

2446 1975 2660 2045 θανάτῳ
2705 1978 2771 2040 ⁸⁷,

2444 2251 2765 2319 οἰκονομῶν,
2808 2252 2882 2312 ώς
2919 2252 3103 2323 συνίὸῃ
3128 2252 3427 2321 συμφέρειν
3449 2253 3526 2321 τῷ
3558 2251 3855 2320 ἀνθρώπῳ,
3892 2253 4022 2303 ἐπε-

2445 2344 2612 2411 νέγκῃ
2643 2344 2740 2412 τὴν
2769 2344 3108 2412 ἐπιτίμησιν.

2517 2457 2876 2510 ΘΕΟΔΩΡΟΥ
2919 2457 3056 2509 ΤΟΥ
3103 2457 3477 2511 ΒΛΛΣΑΜΩΧ
3507 2457 3951 2511 ΔΠΟΚΡΙΣΕῘΣ.

2460 2573 2806 2640 Ἐρωτήσεις
2840 2574 3149 2626 κανονικοὶ
3177 2574 3282 2625 τοῦ
3301 2574 3626 2639 ἁγιωτάτων
3653 2574 4022 2640 πατριάρχου

2519 2644 2975 2709 Ἀλεξανδρείας
3005 2645 3212 2710 κιῬίου
3233 2644 3496 2709 Μάρκου.
3529 2646 3635 2696 Καὶ
3669 2646 4025 2707 ἁποκρισεις

2520 2714 2613 2765 ἐπ’
2647 2713 2856 2778 αὑταῖς
2890 2712 2994 2765 τοῦ
3025 2713 3350 2780 ἁγιωτάτων
3381 2714 3752 2780 πατριάρχου
3799 2713 4025 2765 Ἀντιο-

2519 2785 2706 2849 χείίις,
2738 2783 2948 2850 κυρίου
2981 2779 3283 2849 Θεοδώρου
3313 2783 3417 2835 τοῦ
3447 2779 3807 2851 Βαλσαμών.

2533 2893 2588 2945 Ὁ
2621 2894 2717 2963 μὲν
2742 2893 2972 2964 θεόπτης
2999 2895 3090 2946 καὶ
3116 2897 3401 2964 προφήτης
3422 2896 3646 2961 Μωσῆς,
3686 2894 4025 2964 Ἐρώτησον,

2451 2985 2603 3054 φησὶ,
2658 2985 2748 3037 τὸν
2805 2987 3015 3055 πατέρα
3074 3005 3188 3048 σου,
3245 2988 3338 3038 καὶ
3403 2987 3694 3054 ἀναγγελεῖ
3726 3004 3810 3038 σοι
3843 3003 3856 3015 ·
3899 2989 4029 3049 τοῦς

2451 3077 2855 3147 πρεσϐυτέρους
2888 3095 3003 3140 σου,
3037 3081 3131 3131 καὶ
3159 3079 3344 3148 ἐροῦσί
3387 3097 3487 3132 σοι.
3528 3079 3587 3131 Ὀ
3622 3079 3679 3131 δὲ
3719 3079 4029 3146 ἁγιώτατος

765 3185 1105 3238 Alexandriae
1165 3184 1497 3253 patriarcha,
1529 3184 1761 3238 dilectus
1811 3183 2000 3247 frater,
2037 3189 2092 3235 et
2143 3189 2337 3234 nostra:

2451 3169 2798 3238 πατριάρχης
2841 3169 3270 3242 ’Λλεξανδρείας,
3317 3171 3603 3240 ἀγαπητὸς
3644 3171 3876 3238 ἀδελφὸς
3932 3173 4031 3223 καὶ

763 3276 1160 3330 mediocritatis
1191 3275 1590 3339 comminister,
1621 3273 1874 3328 dominus
1916 3272 2150 3333 Marcus,
2177 3270 2338 3324 Pater

762 3367 1036 3419 cxsistens
1071 3364 1318 3428 Patrum,
1370 3365 1462 3418 Dei
1530 3365 1728 3433 gratia,
1775 3375 1826 3418 et
1895 3363 2335 3432 presbyterorum

762 3457 1070 3527 presbyter,
1132 3457 1368 3527 indeque
1417 3471 1517 3510 nec
1569 3457 1638 3511 ad
1693 3471 1753 3510 se
1809 3456 2078 3509 directum
2133 3453 2338 3507 habens

766 3551 871 3602 hoc
906 3549 1279 3618 propheticum
1312 3549 1530 3617 elegans
1555 3549 1802 3610 verbutn,
1849 3547 1901 3600 in
1933 3547 2132 3615 quibus
2166 3546 2338 3599 lucta-

758 3641 919 3695 batur
949 3641 1132 3696 multis
1167 3639 1559 3696 ecclesiasticis
1610 3639 2158 3709 interrogationibus,
2189 3637 2335 3692 aliud

758 3750 824 3788 cx
877 3733 1063 3788 eadem
1127 3733 1338 3787 cithara
1393 3731 1622 3800 spiritus
1693 3729 2009 3783 vaticinium
2069 3731 2332 3799 suscepit,

759 3827 1013 3896 inquiens
1051 3843 1062 3879 :
1099 3824 1240 3879 Ecce
1284 3838 1430 3886 vero,
1483 3821 1612 3894 quid
1639 3822 1925 3892 pulchrum
1983 3829 2080 3874 aut
2135 3821 2338 3890 jucun-

759 3916 887 3968 dutn
926 3924 1028 3980 est,
1063 3930 1227 3982 quam
1263 3914 1459 3967 fratres
1496 3913 1553 3966 in
1584 3913 1723 3965 idem
1745 3911 2057 3966 consentire
2088 3913 2100 3964 ι
2137 3910 2338 3976 Quam-

758 4009 943 4060 obrem
991 4005 1452 4074 quemadmodum
1508 4003 1826 4072 psalterium
1853 4001 2096 4072 aliquod,
2126 4002 2334 4056 instruv

767 4103 1002 4147 mentum
1055 4093 1261 4146 musica
1314 4106 1447 4146 cura
1515 4091 1786 4161 indigens,
1839 4092 2100 4159 scriptam
2167 4093 2334 4146 edens

761 4183 1275 4251 interrogationem,
1331 4194 1450 4234 eam
1521 4189 1722 4235 nostra:
1779 4180 2141 4234 mediocritati
2209 4195 2336 4250 por-

759 4275 937 4339 rexit,
986 4273 1326 4341 rogavitque,
1397 4271 1819 4340 comprehensas
1873 4271 1926 4324 itt
1978 4285 2040 4323 ea
2086 4272 2338 4341 proposi-

759 4368 938 4419 tiones
986 4365 1280 4419 canonicas
1319 4371 1372 4418 et
1404 4366 1734 4433 quazstiones
1779 4363 1832 4417 in
1870 4378 2160 4418 commune
2208 4380 2335 4433 pro-

761 4458 912 4520 lerri,
969 4465 1022 4510 et
1095 4457 1238 4509 hunc
1297 4455 1553 4509 fraterna:
1610 4455 1994 4525 responsionis
2058 4459 2334 4527 eleganter

761 4549 972 4601 exarari
1023 4547 1359 4600 codicillum.
1397 4546 1667 4616 Scriptum
1724 4547 1891 4616 igitur
1935 4547 2002 4600 ab
2043 4548 2160 4616 ejus
2205 4531 2333 4602 san-

757 4637 944 4688 ctitate
975 4633 1359 4702 compositum,
1400 4634 1512 4688 haec
1558 4633 1855 4702 expressim
1904 4635 2332 4704 comprehendit.

832 4725 886 4777 ln
917 4727 1132 4777 nomine
1183 4725 1379 4790 Patris,
1425 4735 1480 4780 et
1534 4725 1682 4790 Filii,
1735 4736 1788 4780 et
1838 4726 2076 4797 Spiritus
2132 4729 2332 4783 sancti.

763 4817 1220 4885 Interrogationcs
1286 4817 1350 4870 ad
1421 4833 1557 4886 quas
1625 4820 1940 4888 responderi
2020 4821 2335 4875 desiderant

761 4906 1080 4970 Christiani,
1165 4905 1258 4975 qui
1313 4907 1709 4962 Saracenorum
1759 4909 2054 4980 regionem,
2115 4918 2168 4964 et
2230 4910 2333 4964 sub

762 5013 949 5052 eorum
1006 4998 1211 5052 ditione
1281 4998 1551 5067 habitant,
1614 5000 1771 5055 factae
1830 5018 1859 5054 a
1920 5001 2102 5056 Marco
2165 5003 2335 5070 patri-

762 5090 1049 5143 archarum
1098 5090 1124 5128 ιι
1159 5090 1502 5145 Alexandria:
1535 5093 1779 5158 minimo,
1815 5095 1867 5146 itt
1896 5092 2088 5147 diebus
2122 5093 2335 5162 imperii

763 5179 992 5250 piissimi
1029 5188 1079 5232 et
1107 5179 1307 5233 Christi
1346 5181 1734 5235 studiosissimi
1765 5182 2106 5251 imperatoris
2137 5185 2332 5248 nostri,

763 5270 967 5324 domini
1021 5269 1210 5343 Isaacii
1250 5271 1462 5340 Angeli,
1507 5279 1560 5325 et
1604 5279 1848 5340 tempore
1891 5274 2219 5328 sanctissimi
2278 5282 2330 5328 et

767 5362 1082 5416 tecumenici
1141 5362 1467 5433 patriarcha:
1522 5360 1724 5416 domini
1792 5361 2030 5431 Georgii,
2097 5378 2326 5430 quorum

2450 3258 2860 3329 συλλειτουργος
2913 3260 3011 3328 τῆς
3046 3262 3201 3330 ήμῶν
3242 3265 3612 3331 μετριότητος,
3637 3261 3826 3333 κύριος
3871 3263 4031 3331 Μάρο

2447 3366 2562 3416 κος,
2588 3351 2774 3422 Πατὴρ
2811 3352 3070 3422 Πατέρων
3097 3354 3381 3422 ὑπάρχων,
3410 3356 3474 3422 τῇ
3511 3354 3695 3424 χάριτι
3733 3353 3826 3405 τοῦ
3864 3353 4023 3416 Θεοῦ,

2446 3443 2540 3492 καὶ
2605 3443 2990 3514 πρεσϐυτέρων
3058 3444 3450 3516 πρεσϐύτερος,
3510 3445 3812 3499 κάντεῦθεν
3889 3447 4021 3515 μηδὲ

2445 3531 2755 3600 ψάλλουσαν
2830 3535 2968 3604 ἔχων
3031 3533 3182 3606 αύτῷ
3256 3536 3461 3605 ταύτην
3523 3537 3623 3605 τὴν
3671 3537 4026 3606 προφητικὴν

2447 3625 2828 3687 καλλιέπειαν,
2871 3627 2955 3695 ἐφ’
2981 3623 3060 3690 οἷς
3101 3627 3496 3696 ἐζυγομαχεῖτο
3552 3627 3770 3691 πολλοῖς
3819 3630 4024 3698 ἐκκλη-

2446 3722 2741 3782 σιαστικοῖς
2766 3721 3140 3790 ἐρωτήμασιν,
3169 3721 3353 3791 ἕτερον
3382 3722 3445 3772 ἐκ
3474 3719 3572 3790 τῆς
3600 3721 3773 3791 αὐτῆς
3795 3721 4028 3794 κινύρας

2447 3809 2541 3862 τοῦ
2574 3813 2882 3880 πνεύματος
2914 3811 3199 3878 ἀνεδέξατο
3237 3812 3617 3881 θεσπιῴδημα,
3658 3814 3841 3881 λέγον·
3894 3815 4026 3868 ’ἰδοῦ

2453 3899 2517 3970 δὴ
2548 3901 2596 3952 τί
2624 3901 2788 3954 καλὸν
2823 3903 2854 3970 ἢ
2889 3903 2941 3954 τί
2963 3904 3196 3973 τερπνόν
3227 3905 3398 3968 ἐστιν,
3438 3905 3558 3956 ἀλλ’
3601 3905 3634 3975 ἢ
3682 3908 3742 3958 τὸ
3779 3924 4032 3978 συμφρο-

2447 3995 2558 4046 νεῖν
2591 3994 2853 4061 ἀδελφοὺς
2885 3997 2976 4047 ἐπὶ
3002 3997 3061 4047 τὸ
3091 3997 3250 4060 αύτό;
3289 3997 3402 4062 Διὸ,
3445 3998 3588 4050 καθά
3614 4015 3667 4050 τι
3719 3998 4029 4068 ψαλτήριον

2445 4085 2675 4158 ὄργανον
2713 4088 2979 4156 μουσικῆς
3023 4087 3341 4154 ἐπιμελείας
3388 4088 3665 4158 δεόμενον,
3719 4091 4026 4159 ἐκθέμενος

2444 4175 2714 4246 ἐρώτησιν
2777 4175 3074 4246 ἔγγραφον,
3120 4178 3419 4246 ἐνεχείρισε
3481 4179 3686 4249 ταύτην
3742 4183 3810 4248 τῇ
3866 4182 4027 4251 ήμῶν

2447 4269 2796 4338 μετριότητιο
2852 4268 2948 4321 καὶ
2992 4269 3225 4338 ἐζήτησε
3275 4272 3343 4322 τὰ
3376 4273 3433 4323 ἐν
3466 4271 3602 4341 αὐτῇ
3648 4273 4026 4342 περιεχόμενα

2446 4361 2704 4412 κανονικά
2728 4361 3092 4430 προϐλήματα
3131 4364 3225 4413 καὶ
3263 4363 3554 4432 ζητήματα
3597 4364 3906 4434 λαληθῆναι
3932 4367 4024 4419 ἐπὶ

2446 4452 2623 4504 κοινοῦ
2653 4453 2747 4504 καὶ
2791 4451 3085 4521 ἀδελφικῆς
3117 4453 3464 4521 ἀποκρίσεως
3509 4456 4023 4530 καλλιγραφηθῆναι

2365 4549 2415 4610 D
2442 4544 2602 4596 τοῦτο
2633 4543 2907 4598 κωδίκιον.
2947 4545 3020 4596 Τὸ
3050 4544 3180 4610 γοῦν
3204 4545 3354 4616 παρά
3376 4547 3474 4614 τῆς
3501 4548 3813 4618 ἁγιωσύνης
3850 4552 4021 4604 αὐτοῦ

2444 4635 2695 4687 συντεθὲν
2725 4636 2958 4705 γράμμα
2989 4636 3535 4703 διαλιαμδανειταῦτα
3569 4641 3773 4708 ῥητῶς.

2523 4726 2611 4778 Ἐν
2653 4727 2877 4796 ὀνόματι
2919 4725 3011 4779 τοῦ
3049 4728 3282 4796 Πατρδς,
3317 4731 3410 4781 καὶ
3457 4729 3552 4782 τοῦ
3603 4731 3759 4799 Υῐσῦ,
3793 4736 3888 4786 καὶ
3927 4738 4020 4789 τοῦ

2440 4817 2594 4884 ἁγίου
2624 4817 2959 4886 Πνεῦματος.
3020 4819 3380 4890 Ἐρωτήματα
3427 4822 3568 4892 ἅπερ
3618 4824 3920 4894 χρῄζουσιν
3971 4834 4018 4882 οἱ

2442 4910 2761 4979 Χριστιανοὶ
2789 4911 2835 4961 οἱ
2869 4911 3250 4974 κατοικοῦντες
3288 4913 3344 4964 ἐν
3371 4915 3437 4984 τῇ
3470 4915 3622 4986 χώρα
3657 4918 3767 4968 τῶν
3828 4920 4014 4990 Σαρα-

2442 5001 2644 5070 κηνῶν,
2675 5003 2771 5053 καὶ
2825 5003 2884 5053 ἐν
2915 5005 3032 5064 ταῖς
3075 5003 3347 5067 ἐξουσίαις
3390 5005 3570 5058 αὐτῶν
3597 5025 3613 5039 ο
3664 5009 4019 5080 ἐρωτηθέντα

2439 5092 2590 5160 παρὰ
2624 5093 2849 5160 Μάρκου
2903 5093 2994 5145 τοῦ
3049 5095 3332 5163 ἐλαχίστου
3381 5098 3439 5148 ἐν
3478 5101 3591 5160 τοῖς
3639 5103 4019 5171 πατριάρχαις

2453 5183 2884 5254 Ἀλεξανδρείας,
2914 5188 2969 5237 ἐν
3007 5187 3240 5256 ήμέραις
3262 5189 3359 5257 τῆς
3391 5189 3666 5258 βασιλείας
3721 5193 3818 5245 τοῦ
3857 5198 4016 5248 εὐσε-

2441 5275 2705 5327 ϐεστάτου
2760 5277 2852 5327 καὶ
2903 5277 3244 5347 φιλοχρίστου
3299 5280 3562 5349 βασιλέως
3615 5285 3773 5353 ήμῶν
3820 5290 4015 5357 κυρίολ

2450 5367 2720 5419 Ἰσαακίου
2756 5366 2848 5421 τυῦ
2894 5369 3179 5438 Ἀγγέλου,
3211 5375 3304 5425 καὶ
3344 5375 3438 5426 ἐπὶ
3462 5374 3556 5428 τοῦ
3584 5376 3892 5443 ἁγιώτατον
3923 5385 4017 5431 καὶ

1981 5595 1995 5610 ’
2046 5519 2276 5575 VARIJE
2305 5520 2714 5580 LECTIONES.

837 5635 881 5664 "
916 5635 1168 5690 θανάτου.

845 5737 865 5762 ε
911 5728 1258 5794 rogitationis.

766 5797 1140 5862 Aleramlrino,
1169 5797 1611 5864 patriarcharum.

1334 5725 1358 5762 δ
1394 5727 1510 5780 hiet
1537 5727 1725 5795 cit/pm,
1755 5739 1801 5781 ct
1823 5745 1982 5797 paena'
2014 5731 2409 5785 obnoxiierunt.
2481 5744 2503 5770 ο
2531 5749 2754 5790 υαηαιη.

2841 5735 2852 5772 ¹
2895 5753 3008 5805 (ματ
3037 5739 3221 5793 vitiosa
3251 5741 3331 5807 ﬁl.
3413 5744 3436 5779 ⁸
3462 5759 3685 5810 prauam.
3768 5747 3794 5785 ι·
3821 5744 4010 5801 Murco
