4188 6446
162 450 300 515 1033

1448 434 1716 498 ΕΗᾹΞΕΟ
1728 433 1955 495 -ROMA
1966 436 2157 498 NUM.

3283 428 3413 489 103i

157 558 543 633 οἰκουμενικοῦ
601 558 945 630 πατριάρχου
981 555 1172 626 κυρίου
1212 551 1512 622 Γεωργίου.
1541 546 1642 605 Ὧν
1675 550 1742 604 τά

1866 562 2028 605 mnos
2058 556 2255 620 augeat
2288 546 2431 602 Deus
2462 547 2518 601 in
2544 545 2757 601 dierum
2786 543 3204 615 longitudinem.
3238 542 3423 599 Mense

158 658 255 727 ἐτη
285 654 509 723 αὐξάνει
547 656 575 707 ὁ
614 654 746 715 Θεὸς
789 654 871 715 είς
908 648 1232 721 μακρότητα
1291 646 1539 716 ἡμερῶν.
1587 644 1738 715 Μηνὶ

156 747 512 819 Φεϐρουαρίῳ
568 744 948 815 ὲπινεμήσεως
979 748 1071 811 ιγ’,
1126 741 1223 794 καὶ
1271 738 1409 793 ἐτῶν
1451 736 1591 808 μετά
1638 737 1739 805 τὴν

159 841 442 909 σάρκωσιν
479 836 573 890 τοῦ
616 833 824 905 Κυρίου
858 832 954 887 καὶ
991 828 1132 884 Θεοῦ
1165 827 1261 882 καὶ
1291 826 1539 897 Σωτῆρος
1584 824 1740 893 ἡμῶν

158 930 338 1001 Ἰησοῦ
359 926 623 1000 Χριστοῦ,
663 922 821 993 ,ασγ’.

245 1024 599 1090 Ἐρώτησις.
626 1021 691 1073 Δί
739 1019 868 1089 περὶ
902 1018 971 1070 τά
1013 1016 1153 1087 μέρη
1188 1015 1290 1085 τῆς
1336 1009 1742 1082 Ἀλεξανδρείας

159 1119 257 1173 καὶ
278 1117 393 1170 τῶν
427 1112 823 1184 Ἰεροσολύμων
852 1107 1367 1177 ἁναγινωσκόμεναι
1387 1102 1741 1173 λειτουργίαι,

162 1212 256 1265 καὶ
280 1207 577 1277 λεγόμεναι
622 1202 1008 1273 συγγραφῆναι
1056 1198 1208 1269 παρά
1249 1196 1360 1250 τῶν
1394 1194 1565 1264 ἁγίων
1601 1195 1738 1247 ἀπο-

164 1302 396 1363 στόλων,
457 1296 717 1351 Ἰακώϐου
777 1293 871 1347 τοῦ
935 1291 1287 1359 ἁδελφοθέου,
1337 1288 1432 1341 καὶ
1489 1285 1740 1355 Μάρκου,

160 1395 349 1449 δεκται
376 1394 481 1447 είσι
505 1395 573 1463 τῇ
602 1390 735 1457 ἁγίᾳ
761 1388 855 1442 καλ
881 1387 1144 1456 καθολικῇ
1189 1382 1510 1453 Ἐκκλησία,
1544 1381 1576 1451 ἢ
1608 1378 1669 1432 οῦ
1694 1394 1709 1441 ;

230 1492 367 1541 ‘Az.
424 1486 484 1539 Ὀ
514 1484 693 1555 μέγας
738 1479 1038 1541 ἀπόστολος
1068 1476 1306 1539 Παῦλος,
1355 1476 1383 1528 ό
1414 1474 1523 1527 τῶν
1577 1470 1747 1541 ἁγίων

177 1578 522 1649 Ἐκκλησιῶν
553 1574 648 1629 τοῦ
674 1573 810 1626 Θεοῦ
839 1573 1027 1641 ῥήτωρ
1051 1570 1147 1623 καὶ
1172 1567 1516 1631 διδάσκαλος,
1549 1568 1749 1635 Κοριν-

164 1673 300 1734 θίοις
327 1668 682 1732 ἐπιστέλλων,
717 1664 880 1735 φησίν
903 1678 917 1693 ο
959 1661 1227 1731 Ἀδελςςοὶ,
1265 1658 1573 1733 παρακαλῶ
1602 1658 1749 1729 ὑμᾶς

163 1763 251 1816 διὰ
282 1763 377 1814 τοῦ
412 1760 677 1829 ὀνόματος
705 1758 800 1812 τοῦ
830 1756 1034 1826 Κυρίου
1070 1754 1227 1825 ἡμῶν
1261 1754 1438 1823 Ἰησοῦ
1489 1748 1747 1820 Χριστοῦ,

169 1858 258 1910 ἵνα
286 1856 350 1908 τὸ
385 1853 523 1907 αὑτὸ
554 1854 752 1922 λέγητε
786 1852 1008 1912 πάντες,
1042 1846 1140 1901 καλ⁸
1171 1847 1246 1916 μὴ
1368 1847 1426 1896 ὲν
1474 1842 1605 1912 ὑμῖν
1632 1842 1751 1911 σχί-

172 1965 359 2019 σματα
388 1964 402 1975 ’
436 1943 535 2017 ἦτε
561 1946 618 1998 δὲ
646 1943 1076 2014 κατηρτισμένοι
1129 1941 1189 1992 ὲν
1222 1939 1300 2009 τῷ
1337 1936 1487 2007 αὐτῷ
1513 1936 1616 2000 νοῒ,
1656 1938 1749 1991 καὶ

166 2043 224 2093 έν
242 2045 311 2110 τῇ
344 2041 481 2109 αὐτῇ
507 2038 721 2110 γνώμῃ.
747 2034 931 2105 Φαμὲν
956 2032 1157 2097 τοίνυν,
1182 2032 1257 2094 ώς
1288 2030 1415 2084 οῦτε
1446 2031 1554 2083 ἀπὸ
1597 2030 1750 2094 Θείας

167 2134 422 2203 Γραφῆς,
452 2129 577 2183 οὕτε
614 2130 723 2183 ἀπὸ
757 2127 978 2189 κανόνος
1016 2123 1425 2193 ἐκφωνηθέντος
1457 2120 1752 2184 συνοδικῶς

167 2219 619 2290 ἀνεδιδάχθημεν,
640 2216 1038 2287 ίεροτελεστίαν
1072 2213 1178 2266 ὑπὸ
1210 2212 1307 2266 τοῦ
1335 2211 1491 2279 ἁγίου
1522 2210 1752 2265 ἀποστό-

175 2313 268 2365 λου
303 2313 534 2380 Μάρκου
568 2308 934 2379 παραδοθῆναι
957 2322 971 2336 ⁸
1012 2305 1171 2375 μόνος
1211 2303 1265 2357 δὲ
1294 2305 1322 2356 ὁ
1349 2300 1427 2372 λβ¹
1457 2300 1633 2355 κανὼν
1652 2303 1753 2371 τῆς

172 2406 231 2457 ἐν
264 2403 342 2472 τῷ
385 2400 645 2471 Τρούλλῳ
694 2398 788 2453 τοῦ
845 2396 1087 2468 μεγάλου
1144 2394 1413 2449 παλατίου
1476 2393 1752 2463 συστάσης

173 2495 334 2558 ἁγίας
369 2495 465 2546 καὶ
519 2492 910 2562 οίκουμενικῆς
970 2490 1214 2553 συνόδου,
1256 2487 1426 2557 φησὶν
1499 2487 1605 2539 ὑπὸ
1656 2487 1753 2540 τοῦ

174 2588 335 2657 ἁγίου
365 2586 623 2640 ἰακιὶλϐου
654 2586 749 2638 τοῦ
780 2584 1107 2652 ἀδελφοθέου
1139 2580 1408 2654 μυστικὴν
1442 2582 1755 2651 ἱερουργίαν

176 2677 522 2745 συντεθῆναι.
544 2675 602 2730 ’0
630 2677 810 2746 μέντοι
836 2675 921 2728 πε⁹
946 2674 1127 2729 κανὼν
1147 2674 1259 2728 τῶν
1287 2674 1460 2743 ἁγίων
1496 2674 1591 2727 καὶ
1617 2691 1757 2727 παν-

178 2772 449 2837 ευφήμων
488 2768 825 2831 ἀποστόλων,
859 2767 956 2821 καὶ
1006 2768 1034 2818 ὁ
1063 2766 1139 2819 νθ¹
1171 2766 1355 2820 κανὼν
1398 2766 1496 2835 τῆς
1532 2768 1590 2820 ὲν
1617 2768 1756 2820 Λαο-

175 2861 353 2930 δικείᾳ
382 2859 624 2924 συνόδου,
650 2857 1131 2931 ἀπαριθμούμενοι
1179 2857 1249 2911 τὰ
1299 2857 1583 2926 ὀφείλοντα
1628 2860 1756 2928 παρ’

178 2948 311 3017 ἡμῖν
360 2946 747 3000 πολιτεύεσθαι
825 2947 1006 3017 βιϐλία
1048 2948 1147 3016 τῆς
1197 2947 1444 3010 Παλαιᾶς
1482 2949 1760 3019 Διαθήκης

181 3040 273 3092 καὶ
334 3039 439 3107 τῆς
487 3039 722 3107 Καινῆς,
788 3038 882 3090 καὶ
949 3038 1091 3091 αὑτά
1143 3038 1207 3109 δὴ
1268 3038 1335 3091 τὰ
1401 3039 1760 3103 άποστολικά,

186 3131 510 3203 ἱερουργίας
532 3129 625 3183 τοῦ
657 3130 814 3198 ἁγίου
852 3128 1110 3183 Ἰακώϐου
1143 3130 1175 3198 ἢ
1206 3128 1302 3182 τοῦ
1351 3129 1507 3197 ἁγίου
1532 3130 1761 3198 Μάρκου

1842 636 2162 705 Februario,
2221 637 2539 694 indic‘tionis
2600 637 2683 703 15,
2740 638 2867 690 anni
2908 644 3030 706 post
3089 634 3424 689 incarnatio-

1843 747 1967 786 nem
2025 731 2267 796 Domini,
2319 740 2374 786 et
2434 730 2546 795 Dei,
2582 736 2638 783 ct
2697 728 3009 783 Servatoris
3067 727 3238 783 nostri
3296 725 3426 781 Jesu

1844 824 2070 891 Christi,
2101 825 2259 879 1205.

1919 1008 2088 1062 Inter.
2117 1009 2167 1062 l.
2196 1006 2326 1074 Quae
2354 1007 2407 1061 in
2441 1008 2688 1076 partibus
2713 1006 3060 1061 Alexandria:
3085 1012 3139 1058 et
3171 1003 3429 1059 Hieroso-

1847 1103 2114 1173 lymorum
2157 1099 2408 1170 leguntur
2438 1098 2692 1167 liturgiar,
2727 1105 2781 1153 et
2814 1099 3140 1166 conscripta:
3170 1097 3432 1151 dicuntur

1849 1194 2021 1249 fuisse
2069 1208 2101 1246 a
2141 1193 2350 1247 sanctis
2397 1191 2690 1261 apostolis,
2730 1189 2936 1245 Jacobo
2971 1190 3142 1246 fratre
3192 1190 3430 1252 Domini,

1849 1296 1903 1340 et
1941 1285 2149 1351 Marco,
2186 1284 2517 1355 recipiendae
2549 1294 2681 1339 sunt
2732 1299 2763 1338 a
2810 1294 3003 1341 sancta
3056 1293 3110 1340 et
3160 1286 3434 1341 catholica

1852 1375 2117 1437 Ecclesia,
2152 1390 2325 1431 necne
2351 1375 2374 1429 Ἰ

1923 1466 2045 1521 Res.
2092 1467 2321 1538 Magnus
2363 1465 2652 1537 apostolus
2692 1464 2919 1529 Paulus,
2971 1475 3287 1523 sanctarum
3337 1467 3433 1523 Dei

1853 1554 2224 1609 Eeclesiarum
2258 1563 2448 1610 orator
2476 1566 2529 1610 et
2575 1555 2792 1622 doctor,
2836 1556 2902 1610 ad
2948 1556 3267 1614 Corinthios
3299 1559 3439 1614 scri-

1852 1646 2010 1712 bens,
2066 1646 2144 1699 ait
2180 1662 2194 1699 :
2230 1644 2475 1711 Fratres,
2525 1646 2757 1701 obsecro
2816 1661 2913 1702 vos
2964 1662 3063 1717 per
3097 1663 3295 1704 nomen
3334 1649 3439 1703 Do-

1853 1738 1986 1790 mini
2017 1736 2191 1791 nostri
2231 1734 2361 1791 Jesu
2412 1735 2648 1800 Christi,
2699 1744 2757 1790 ut
2814 1738 2951 1792 idem
2984 1740 3181 1795 dicatis
3221 1754 3437 1802 omnes.

1854 1845 1956 1885 nec
2003 1831 2116 1885 sint
2172 1830 2227 1884 in
2278 1829 2435 1884 vobis
2483 1829 2712 1884 dissidia
2758 1830 2925 1886 :sitis
2986 1840 3164 1887 autem
3212 1848 3439 1903 compo-

1855 1922 1945 1977 siti
1984 1923 1999 1961 ί
2035 1921 2228 1977 eadem
2265 1930 2469 1987 mente,
2520 1921 2821 1989 eademque
2856 1922 3153 1978 voluntate.
3197 1924 3442 1978 Dicimus

1856 2015 2038 2086 igitur,
2095 2030 2199 2072 nos
2255 2030 2434 2086 neque
2492 2030 2523 2069 a
2570 2031 2729 2071 sacra
2803 2017 3117 2088 Scriptura,
3183 2033 3361 2087 neque
3411 2032 3441 2071 a

1853 2124 2067 2166 canone
2127 2112 2388 2181 synodice
2450 2113 2620 2174 edito,
2673 2112 2902 2167 edoctos
2986 2114 3155 2169 fuisse
3221 2129 3441 2168 sacrum

1856 2198 2272 2254 ministeriumi
2318 2215 2349 2254 a
2390 2199 2445 2254 S.
2481 2201 2731 2270 apostolo
2775 2198 2959 2253 Marco
3006 2199 3293 2253 traditum.
3341 2200 3442 2253 So-

1855 2296 1941 2348 lus
1971 2290 2118 2345 enim
2152 2292 2221 2345 52
2264 2306 2440 2346 canon
2492 2299 2697 2346 sanctae
2740 2299 2794 2345 et
2849 2292 3205 2347 mcumenica:
3251 2292 3443 2362 synodi

1856 2394 2061 2439 coactae
2091 2385 2144 2438 in
2177 2383 2367 2438 Trullo
2393 2385 2575 2454 magni
2599 2386 2812 2455 palatii,
2855 2386 2932 2438 ait
2960 2400 2989 2438 a
3020 2385 3078 2439 S.
3101 2383 3311 2439 Iacobo
3349 2384 3445 2438 Dei

1858 2477 2030 2533 fratre
2076 2479 2367 2548 mysticum
2430 2480 2763 2534 sacriﬁcium
2817 2479 2992 2536 fuisse
3054 2481 3444 2550 compositum.

1856 2569 2109 2624 Attamen
2147 2570 2218 2624 85
2255 2586 2433 2626 canon
2479 2580 2799 2627 sanctorum
2835 2580 2889 2626 et
2933 2572 3081 2626 omni
3117 2572 3273 2627 laude
3307 2573 3453 2628 cclc-

1859 2661 2039 2715 brium
2113 2662 2526 2733 Apostolorum,
2603 2674 2657 2720 et
2744 2662 2818 2719 59
2878 2679 3054 2719 canon
3128 2663 3453 2720 Laodiceam

1860 2753 2079 2824 synodi,
2111 2764 2499 2809 enumerantes
2540 2753 2755 2811 Veteris
2796 2754 3137 2810 Testamenti
3195 2765 3249 2809 et
3290 2754 3451 2821 Novi,

1862 2846 2123 2915 ipsosque
2150 2848 2486 2918 apostolicos
2541 2848 2737 2913 libros,
2777 2849 2870 2918 qui
2913 2848 2969 2902 in
3000 2864 3099 2903 usu
3139 2849 3299 2904 nobis
3330 2864 3455 2904 esse

1864 2940 2087 3005 debent,
2123 2941 2327 2995 nullam
2359 2940 2615 2996 sacriﬁcii
2648 2942 2673 2980 ιι
2717 2942 2894 2996 sancti
2926 2940 3115 2996 Jacobi
3146 2942 3232 2997 vel
3271 2944 3452 2998 sancti

1865 3033 2033 3088 Marci
2081 3034 2415 3089 mentionem
2476 3032 2706 3088 faciunt.
2740 3033 2927 3104 Neque
2979 3034 3146 3088 etiam
3180 3035 3452 3089 catholica

1869 3125 2206 3180 sanctissimi
2244 3134 2299 3179 et
2350 3125 2677 3181 tecurnenici
2713 3126 2895 3181 throni
2942 3125 3454 3197 Constantinopolis

184 3223 376 3292 μνείαν
409 3221 549 3283 ὅλως
593 3222 654 3274 οὑ
704 3218 1010 3274 ποιοῦνται.
1058 3220 1219 3274 mm
1274 3223 1369 3274 καὶ
1410 3222 1443 3292 ή
1502 3220 1760 3293 καθολικὴ

1871 3218 2115 3273 Ecclesia
2148 3218 2260 3271 ullo
2290 3218 2451 3273 modo
2485 3234 2577 3273 eas
2614 3220 2865 3289 liturgias
2901 3221 3172 3289 agnoscit.
3204 3219 3460 3275 Pronun-

195 3313 501 3383 Ἐκκλησία
538 3313 633 3367 τοῦ
667 3314 980 3383 ἁγιωτάτου
1013 3315 1108 3366 καὶ
1142 3313 1527 3383 οἱκουμενικοῦ
1576 3314 1767 3383 θρόνου

183 3408 280 3475 τῆς
314 3407 951 3469 Κωνσταντινουπόλεως
987 3406 1096 3459 οὐδ’
1150 3406 1288 3468 ὅλως
1339 3405 1543 3469 ταύτας
1588 3409 1770 3474 ἐπιγι-

185 3499 403 3552 νώσκει.
437 3497 805 3568 Ψηφιξόμεθα
831 3493 923 3551 οὖν
944 3498 1019 3568 μὴ
1046 3492 1185 3552 εἴναι
1208 3498 1404 3562 δεκτὰς
1428 3499 1619 3560 αὐτάς.
1652 3499 1772 3553 Κᾶν

186 3592 291 3661 γάρ
319 3590 590 3658 ἐγένοντο,
620 3589 916 3653 παντελοῦς
938 3587 1219 3662 ἀπραξίας
1243 3590 1767 3662 κατεψηφίσθησαν,

185 3684 257 3746 ὡς
301 3682 401 3737 καὶ
450 3682 585 3735 ἄλλα
627 3682 819 3738 πολλά.
862 3683 968 3736 Καὶ
1023 3683 1181 3753 δῆλόν
1205 3684 1354 3737 ἐστιν
1410 3684 1517 3737 ἀπὸ
1547 3684 1640 3737 τοῦ
1688 3683 1771 3739 πε⁹

188 3776 412 3837 κανόνος
432 3776 541 3827 τῶν
559 3776 731 3843 ἁγίων
766 3775 865 3830 καὶ
901 3776 1281 3845 πανευφήμων
1312 3778 1646 3845 ἀποστόλων,
1679 3781 1771 3833 καὶ

190 3869 280 3920 τοῦ
322 3867 369 3937 β’
432 3869 661 3931 κανόνος
704 3872 805 3938 τῆς
854 3870 911 3921 ἐν
950 3868 1030 3939 τῷ
1066 3870 1320 3939 Τρούλλῳ
1377 3870 1472 3923 τοῦ
1532 3872 1771 3941 μεγάλου

193 3961 458 4014 παλατίου
490 3962 763 4030 συστάσης
787 3961 949 4028 ἁγίας
978 3963 1072 4014 καὶ
1100 3962 1491 4031 οίκουμενικῆς
1528 3965 1769 4019 συνόδου.

202 4052 259 4104 '0
298 4053 398 4120 μὲν
423 4051 605 4119 γάρ,ό
655 4051 1016 4115 ἀποστολικὸς
1061 4053 1284 4121 δηλαδὴ,
1323 4052 1621 4122 διορίζεται
1672 4056 1772 4119 τὰς

193 4142 284 4196 τοῦ
310 4143 629 4212 Κλήμεντος
651 4142 746 4197 δύο
777 4143 1090 4208 ἐπιστολάς,
1124 4145 1220 4197 καὶ
1247 4145 1345 4208 τάς
1384 4146 1646 4213 διαταγὰς
1667 4147 1773 4201 τῶν

192 4232 333 4287 όκτὼ
352 4232 578 4302 βιϐλίων
607 4233 773 4286 αὐτοῦ
811 4234 1291 4301 ἀναγινώσκεσθαι
1343 4236 1461 4305 μὲν,
1504 4237 1579 4308 μὴ
1608 4238 1774 4307 δημο-

197 4328 475 4381 σιεύεσθαι
510 4328 589 4394 δὲ,
632 4328 718 4382 διὰ
738 4329 805 4382 τά
831 4330 888 4382 ὲν
912 4331 1104 4393 αὑταῖς
1134 4330 1378 4399 μυστικά
1402 4348 1416 4361 ο
1452 4333 1478 4383 ὁ
1521 4331 1577 4383 δὲ
1632 4332 1775 4385 θέλει

194 4417 397 4477 utin;
437 4417 573 4487 μηδὲ
610 4417 1103 4485 ἀναγινώσκεσθαι,
1149 4419 1236 4472 διά
1275 4420 1336 4471 τὸ
1377 4421 1775 4491 παρεντεθῆναι

195 4510 388 4569 αὑταῖς
418 4508 572 4576 παρὰ
613 4508 937 4579 ἑτεροδόξων
980 4508 1148 4562 πολλά
1194 4526 1315 4561 τινα
1354 4511 1507 4575 νόθα,
1535 4512 1631 4565 καὶ
1675 4512 1777 4581 τῆς

200 4599 490 4663 εὐσεϐείας
513 4599 791 4670 ἀλλότρια.
815 4601 914 4654 Διὰ
935 4618 1017 4653 τοι
1033 4600 1297 4655 τοῦτοκαὶ
1312 4602 1585 4671 ὀφείλουσι
1600 4606 1776 4658 πᾶσαι

196 4694 253 4745 αἱ
314 4693 617 4762 Εκκλησίαι
643 4693 736 4745 τοῦ
765 4692 898 4749 Θεοῦ
935 4694 1247 4747 ἀκολουθεῖν
1273 4693 1351 4761 τῷ
1382 4694 1490 4747 ἔθει
1520 4696 1616 4765 τῆς
1649 4696 1774 4761 νέας

209 4783 452 4852 Ῥώμης,
483 4784 598 4853 ἦτοι
624 4783 722 4852 τῆς
750 4784 1378 4848 Κωνσταντινουπόλεως
1398 4801 1410 4814 '
1447 4787 1539 4839 καὶ
1566 4789 1777 4859 ἱερουρ-

196 4879 314 4943 γεῖν
344 4876 487 4928 κατά
519 4876 617 4938 τὰς
641 4876 970 4945 παραδόσεις
1001 4876 1110 4930 τῶν
1146 4877 1402 4945 μεγάλων
1435 4878 1774 4932 διδασκάλων

196 4969 626 5039 καὶφωστήρων
692 4970 793 5039 τῆς
852 4968 1158 5032 εὐσεϐείας,
1188 4969 1278 5022 τοῦ
1314 4971 1471 5038 ἁγίου
1525 4973 1772 5027 Ἰωάννου

1870 3314 2075 3365 tiamus
2107 3311 2294 3379 igitur,
2328 3325 2437 3364 non
2463 3326 2585 3367 esse
2620 3312 2717 3366 bas
2748 3312 3109 3383 recipiendas.
3142 3312 3205 3366 Et
3240 3314 3286 3367 si
3308 3314 3455 3368 enim

1871 3405 1940 3459 ab
1974 3406 2040 3459 iis
2098 3406 2254 3458 facta:
2285 3405 2413 3467 sint,
2467 3404 2537 3459 ab
2590 3406 2740 3459 omni
2791 3421 2893 3462 usu
2941 3421 3139 3460 vacare
3166 3407 3451 3476 jubentur,

1874 3507 2007 3552 utet
2039 3498 2145 3551 alia
2182 3497 2372 3549 multa.
2423 3494 2590 3565 quue
2636 3497 2989 3553 manifesmm
3034 3506 3118 3554 cst
3158 3514 3221 3553 ex
3268 3499 3339 3553 85
3365 3515 3457 3553 ca-

1874 3606 2019 3646 none
2050 3599 2367 3646 sanctorum
2402 3599 2457 3647 et
2495 3590 2912 3645 benedictorum
2962 3590 3358 3659 apostolorum,
3404 3604 3459 3644 et

1870 3683 1906 3737 2
1954 3697 2165 3737 canone
2204 3688 2407 3736 sanctae
2461 3691 2516 3733 et
2565 3679 2922 3735 aecumenicaz
2954 3679 3147 3750 synodi
3180 3679 3234 3734 in
3269 3678 3458 3733 Trulto

1874 3775 2054 3845 magni
2125 3774 2311 3844 palatii
2377 3781 2581 3829 coactae
2649 3790 2664 3827 :
2725 3772 2865 3827 alter
2903 3772 3072 3835 enim,
3123 3772 3462 3841 apostolicus

1874 3868 2173 3931 videlicet,
2235 3864 2429 3921 deﬁnit
2508 3866 2644 3919 duas
2695 3863 2997 3919 Clementis
3048 3864 3353 3933 epistolas,
3405 3876 3459 3919 et

1876 3957 2316 4031 dispositionesl
2368 3970 2493 4014 octo
2542 3957 2807 4012 librorum
2861 3959 3003 4027 ejus,
3055 3958 3157 4028 legi
3215 3958 3460 4027 quidem,

1874 4066 2065 4105 verum
2124 4066 2230 4105 non
2284 4050 2553 4119 evulgari,
2588 4049 2659 4103 ob
2711 4064 2911 4103 arcana
2951 4064 3075 4119 quas
3121 4051 3175 4104 in
3221 4050 3302 4105 iis-
3335 4057 3463 4105 sunt

1876 4142 2199 4197 recondita:
2236 4140 2377 4195 alter
2428 4148 2611 4193 autem
2642 4140 2759 4195 vult
2809 4154 2906 4195 eas
2955 4156 3131 4209 neque
3162 4141 3285 4212 legi,
3332 4157 3466 4211 pro-

1879 4245 2059 4307 pterea
2095 4234 2241 4304 quod
2292 4234 2360 4288 iis
2395 4234 2579 4303 spuria
2624 4232 2873 4303 qua-dam
2923 4234 3093 4288 multa
3128 4242 3182 4290 et
3210 4249 3239 4288 a
3264 4234 3467 4304 pietate

1880 4330 2056 4381 aliena
2089 4326 2412 4396 interposita
2465 4326 2577 4380 sint
2627 4324 2695 4380 ab
2743 4325 3036 4381 haereticis.
3094 4326 3463 4391 Quamobrem

1880 4435 2070 4475 omnes
2127 4418 2388 4475 Ecclesia:
2440 4418 2531 4473 Dei
2591 4423 2745 4487 sequi
2784 4418 2989 4473 debent
3052 4434 3258 4474 morem
3310 4434 3466 4474 novae

1882 4511 2088 4576 ltontaa,
2143 4510 2403 4564 nimirum
2460 4507 2988 4578 Constantinopolis,
3020 4520 3071 4564 et
3124 4525 3282 4565 saera
3317 4514 3465 4567 cele-

1886 4607 2044 4661 brare
2093 4604 2247 4674 juxta
2306 4601 2631 4658 traditiones
2690 4616 3011 4671 magnorum
3066 4603 3353 4658 doctorum
3410 4613 3465 4659 et

1887 4700 2237 4755 luminarium
2294 4698 2538 4767 pietatis,
2589 4697 2767 4750 sancti
2813 4696 3039 4752 Joannis
3086 4697 3465 4768 Clll‘YSOSlOilli

1883 4804 1938 4851 et
1990 4794 2167 4848 sancti
2202 4791 2409 4847 Basilii.
2441 4790 2535 4843 Ait
2566 4792 2712 4844 enim
2768 4790 2827 4844 41
2886 4799 3070 4859 caput,
3108 4806 3121 4843 ι
3166 4791 3249 4844 tit.
3282 4790 3317 4843 9.
3366 4790 3461 4844 lib.

1885 4884 2199 4938 Basilicon:
2237 4881 2311 4935 De
2360 4879 2560 4950 quibus
2598 4880 2800 4948 scripta
2839 4881 2919 4933 lex
2949 4895 3059 4934 non
3089 4890 3192 4945 est,
3235 4897 3465 4947 morem,

1884 4993 1997 5047 quo
2027 4976 2197 5031 Roma
2229 4976 2424 5037 utitur,
2454 4974 2660 5028 servari
2696 4982 2933 5043 oportet.

198 5063 292 5115 τοῦ
325 5062 718 5132 Χρυσοστόμου
742 5061 954 5115 καὶτοῦ
1005 5063 1161 5130 ἁγίου
1188 5062 1492 5115 Βασιλείου.
1525 5064 1662 5131 Φησὶ
1692 5067 1798 5139 γὰρ
1830 5069 1889 5121 τὸ
1929 5074 2017 5138 μα’
2048 5066 2343 5135 κεφάλαιον
2374 5062 2467 5116 τοῦ
2518 5069 2567 5117 α’
2596 5062 2779 5117 τίτλου
2851 5064 2945 5116 τοῦ
3006 5063 3051 5134 β’
3097 5063 3300 5134 βιϐλίου
3354 5065 3466 5119 τῶν

200 5157 527 5211 Βαοίλικῶν⁸
590 5157 726 5226 Περὶ
786 5150 861 5209 ὧν
923 5156 1199 5227 ἔγγραφος
1249 5158 1309 5209 οὐ
1348 5162 1526 5212 κεῖται
1587 5160 1770 5230 νόμος,
1805 5161 2255 5234 παραφυλάττειν
2281 5159 2442 5213 δεῖτὸ
2464 5157 2608 5223 ἔθος,
2632 5150 2733 5228 ᾧή
2764 5156 2953 5227 Ῥώμη
2987 5159 3271 5229 κέχρηται.

280 5248 605 5319 Ἐρώτησις
642 5248 723 5311 β’.
776 5249 963 5301 Βιϐλία
1010 5248 1243 5317 διάφορα
1306 5248 1654 5319 εὑρίσκονται
1692 5251 1775 5312 είς

200 5342 297 5405 τάς
348 5341 679 5402 ἀνατολικὸς
731 5342 826 5394 καὶ
879 5342 1090 5404 νοτίους
1146 5340 1367 5411 χώρας·
1422 5343 1627 5395 καὶτὰ
1680 5343 1779 5411 μὲν

203 5433 563 5502 ὀνομάζονται
598 5433 945 5486 Διδασκαλίαι
984 5434 1094 5487 τῶν
1125 5436 1298 5502 ἁγίων
1347 5434 1683 5499 ἀποστόλων,
1712 5435 1781 5487 τά

203 5526 279 5589 δὲ,
319 5524 571 5594 Ὀράσεις
602 5524 696 5578 τοῦ
726 5525 884 5592 ἁγίου
917 5525 1152 5579 Παύλου.
1188 5526 1408 5597 Ἐρωτῶ
1436 5526 1528 5581 οὖν
1559 5529 1607 5580 εί
1628 5527 1782 5595 ὀφείο

205 5618 369 5687 λομεν
402 5616 796 5684 ἀναγινώσκειν
828 5617 1007 5677 am;

1966 5250 2139 5305 Inter.
2191 5250 2250 5303 ἓ.
2295 5246 2447 5303 Varii
2504 5249 2857 5316 reperiuntur
2926 5248 3072 5310 libri,
3123 5248 3177 5303 in
3226 5252 3465 5305 orienta-

1891 5344 2037 5398 libus
2070 5353 2123 5397 et
2159 5340 2619 5396 meridionalibus
2643 5339 2965 5409 regionibus
3006 5358 3019 5393 :
3057 5348 3111 5394 et
3150 5342 3239 5394 alii
3285 5346 3467 5397 nomi-

1888 5445 2097 5489 nantur
2149 5435 2425 5503 Praecpta
2478 5439 2800 5488 sanctorum
2854 5432 3228 5501 apostolorum
3291 5451 3304 5486 :
3350 5436 3463 5497 alii,

1892 5525 2150 5582 Visiones
2194 5525 2368 5582 sancti
2410 5524 2585 5578 Pauli.
2634 5522 2834 5589 Quaero
2868 5540 2935 5579 an
2975 5524 3026 5578 hi
3066 5525 3223 5580 nobis
3257 5525 3468 5595 legendi

1886 5618 2043 5673 sint?

1480 5778 1715 5833 VARUE
1773 5775 2181 5832 LECTIONES.

282 5874 693 5943 ironqlntinati.
776 5871 789 5919 i
838 5888 1043 5926 sacram
1093 5888 1485 5927 ca'remonmm.

408 5970 683 6029 PnnoL.
722 5966 768 6026 Ο
784 5985 842 6027 ιι.
892 5967 1099 6027 CXIX.

1568 5875 1589 5910 ιι
1616 5891 1784 5929 sacra:
1803 5873 2141 5929 mrimoniw.

2221 5872 2227 5907 l
2254 5872 2648 5940 vra'ccplioncs.

3099 5965 3173 6025 32%
