4188 6446
759 410 894 471 1035

750 618 909 673 Jcsus
938 616 1191 669 Christus
1214 615 1267 667 in
1299 613 1606 684 Evangeliis
1654 614 1821 677 dicat,
1855 614 2040 670 Videte
2065 631 2133 670 ne
2171 618 2320 671 deci--

749 708 971 781 piandui
1001 724 1018 762 :
1059 706 1214 761 tnulti
1261 708 1407 761 enim
1444 706 1663 761 venient
1694 708 1748 761 in
1782 708 2006 762 nomine
2052 722 2197 773 meo,
2230 709 2319 763 di-

747 813 954 868 centes,
997 800 1137 866 Quia
1162 816 1263 872 ego
1298 814 1440 863 sum,
1483 807 1537 853 et
1572 807 1788 869 tempus
1820 801 2318 872 appropinquavit:

746 895 1169 965 pronuntiamus
1221 902 1275 948 et
1334 908 1457 959 nos,
1522 894 1612 949 Dei
1654 895 1949 949 Ecclesiatn
2000 911 2164 952 nosse
2200 905 2237 932 ω
2270 903 2323 951 et

754 986 1004 1041 confiteri
1054 984 1352 1055 apostolica
1380 993 1668 1055 praecepta,
1717 995 1771 1039 et
1809 985 2082 1051 visiones,
2133 996 2186 1042 et
2242 987 2323 1041 di-

750 1080 983 1149 sciplina
1009 1087 1035 1115 υ
1069 1077 1360 1140 librorum,
1405 1092 1527 1145 qua:
1557 1076 1625 1130 85
1656 1078 1957 1146 apostolico
1983 1094 2195 1134 canone
2226 1080 2321 1134 de-

747 1172 1048 1235 clarantur,
1075 1178 1130 1224 et
1154 1168 1248 1225 Dei
1272 1184 1582 1238 praiconum
1610 1183 1771 1224 voces
1804 1169 1871 1224 iis
1908 1185 2031 1226 esse
2056 1172 2315 1226 creditas.

744 1262 948 1318 Prteter
978 1262 1080 1317 hos
1118 1263 1282 1317 alium
1320 1261 1527 1316 nullum
1566 1263 1716 1316 novit
1752 1263 2111 1332 apostolicum
2165 1278 2317 1317 com-

748 1358 1074 1411 nicum-ium
1105 1364 1145 1408 ⁸.
1179 1354 1590 1409 Observandum
1622 1354 1805 1423 igitur,
1850 1362 1909 1406 ut
1945 1354 2013 1408 ab
2046 1354 2319 1409 haereticis

746 1452 871 1504 lieta
911 1463 1229 1503 aversemur
1260 1447 1567 1501 mendacia.
1610 1446 1906 1501 Absinthio
1960 1448 2106 1502 enim
2161 1448 2317 1501 ama-

746 1543 914 1607 riora,
948 1541 1073 1596 licet
1099 1556 1195 1611 per
1244 1541 1531 1595 nominum
1585 1551 1909 1595 sanctorum
1943 1540 2313 1609 apostolorum

742 1630 1153 1701 inscriptionem
1186 1629 1447 1685 mellitam
1480 1628 1718 1684 referant
1765 1631 2095 1699 placentam.

814 1813 981 1867 Inter.
1014 1814 1068 1867 5.
1103 1812 1397 1880 Sexaginta
1451 1811 1809 1867 Basilicorum
1867 1810 2049 1879 capita
2090 1811 2156 1864 ad
2214 1824 2313 1864 no-

740 1917 883 1961 stras
913 1905 1167 1973 regiones
1194 1916 1303 1958 non
1335 1912 1699 1973 pervenerunt
1729 1921 1743 1959 :
1778 1902 2008 1973 ideoque
2050 1912 2314 1973 quantum

741 1998 808 2053 ad
848 2012 911 2052 ea
944 1998 1202 2067 pertinet,
1241 1996 1294 2049 in
1332 1996 1574 2051 tenebris
1620 2010 1930 2049 versamur.
1984 1995 2314 2061 Qumrimus,

741 2106 807 2145 an
845 2092 915 2145 ob
941 2106 1057 2144 eam
1080 2104 1194 2144 rem
1231 2088 1572 2142 damnentur.

810 2180 1308 2248 Res.Qu:ecunque
1343 2178 1423 2232 lex
1449 2179 1550 2243 ait,
1584 2178 1651 2232 iis
1697 2179 1771 2233 ait
1818 2179 1909 2249 qui
1942 2179 1995 2233 in
2022 2181 2137 2250 lege
2165 2193 2310 2247 sunt,

738 2275 1038 2330 secundum
1061 2285 1317 2339 magnum
1349 2270 1692 2339 Apostolum.
1718 2270 1819 2336 Qui
1857 2272 2025 2341 igitur
2056 2273 2126 2327 ob
2147 2274 2311 2326 vitam

739 2368 1047 2438 gloriantur
1094 2363 1484 2429 orthodoxam,
1522 2364 1637 2418 sive
1669 2378 1734 2417 ex
1778 2365 1989 2420 oriente
2030 2368 2161 2429 sint,
2199 2368 2313 2422 sive

736 2476 803 2514 cx
847 2456 1346 2512 Alexandrinorum
1391 2456 1570 2525 plaga,
1611 2455 1731 2509 sive
1778 2456 2019 2521 aliunde,
2077 2456 2308 2513 Romani

734 2553 1018 2614 dicuntur,
1054 2557 1107 2603 et
1137 2545 1440 2602 secundum
1478 2545 1623 2616 leges
1650 2545 1835 2601 vivere
1863 2557 2157 2617 coguntur.
2191 2548 2309 2603 Non

737 2644 1117 2714 astringuntnr
1154 2650 1334 2695 tamen
1361 2639 1495 2709 lege,
1525 2654 1647 2709 qua:
1676 2640 1772 2702 ait,
1807 2638 1924 2693 Non
1949 2649 2161 2711 oportet
2200 2644 2311 2695 lto-

737 2752 959 2791 manum
1017 2736 1193 2787 virum
1249 2733 1395 2799 leges
1434 2731 1710 2801 ignorare.
1768 2732 1807 2785 li
1860 2732 2005 2786 enim
2048 2732 2172 2797 soli,
2218 2735 2310 2802 qui

740 2828 992 2883 habitant
1019 2826 1272 2887 Romam,
1310 2822 1513 2893 regiam
1569 2822 1819 2877 videlicet
1856 2824 2156 2888 civitatem,
2190 2841 2313 2895 qua:

736 2916 1010 2972 similibus
1031 2924 1116 2969 est
1135 2915 1345 2967 munita
1383 2914 1827 2981 prOpngnaculis,
1853 2924 1905 2968 et
1926 2915 2114 2970 multis
2137 2916 2311 2969 abun-

739 3013 833 3065 dat
885 3008 1247 3079 jurisperitis,
1280 3006 1476 3060 horum
1526 3003 1721 3059 ferreis
1770 3013 2026 3059 tenentur
2080 3007 2308 3076 pedicis.

735 3103 971 3172 Ideoque
1004 3102 1051 3156 si
1094 3100 1150 3153 hi
1188 3099 1361 3168 legem
1404 3096 1663 3165 ignorare
1693 3110 1753 3151 se
1798 3096 2053 3165 allegent,
2092 3100 2309 3153 veniam

2047 411 2079 471 J
2090 411 2184 472 US
2226 412 2471 475 CANON
2482 414 2667 476 ICUM

830 525 948 578 Res.
987 522 1120 577 Cum
1172 521 1435 576 Dominus
1474 529 1529 576 ct
1557 520 1700 575 Deus
1732 527 1778 574 et
1822 519 2085 576 Servatur
2135 533 2324 578 noster
2360 533 2398 587 Α

3872 420 4008 488 1035

2511 528 2641 582 ‘Art.
2688 527 2794 581 Τοῦ
2843 526 3048 597 Κυρίου
3083 530 3176 580 καὶ
3220 527 3355 582 Θεοῦ
3406 530 3501 581 καὶ
3551 530 3801 600 Σωτῆρος
3851 536 4008 603 ἡμῶν

2440 619 2613 688 Ἰησοῦ
2644 617 2881 691 Χριστοῦ
2901 619 2958 670 ἑν
2978 618 3336 688 Εὐαγγελίοις
3366 619 3633 684 εἰπόντος’
3662 621 3904 686 Βλέπετε
3931 630 4006 696 μὴ

2425 709 2733 782 πλανηθῆτε
2763 728 2777 742 ·
2818 710 3005 765 πολλοὶ
3048 708 3157 782 γὰρ
3208 711 3517 764 ἐλεύσονται
3547 713 3639 765 ἑπὶ
3671 714 3751 783 τῷ
3778 715 4008 785 ὀνόματί

2428 820 2553 871 μου,
2587 805 2859 873 λέγοντες,
2898 806 3019 859 Ὅτι
3055 803 3165 873 ἐγώ
3190 805 3328 875 ειμι,
3371 806 3465 859 καὶ
3489 808 3519 861 δ
3544 808 3735 878 καιρὸς
3769 812 4004 879 ﬁniu-

2424 895 2777 967 ψηφιζόμεθα
2799 897 2893 949 καὶ
2918 899 3103 968 ἡμεῖς,
3124 898 3204 950 ὅτι
3234 897 3600 962 άποστολικὰς
3628 900 4005 967 διδασκαλίας,

2425 991 2523 1043 καὶ
2549 991 2790 1060 ὁράσεις,
2834 990 2929 1043 καὶ
2955 990 3188 1053 διδάξεις
3219 991 3251 1061 ἡ
3279 989 3375 1043 τοῦ
3406 991 3543 1044 Θεοῦ
3587 992 3887 1063 Ἐκκλησία
3919 1012 4000 1061 γι-

2424 1080 2623 1134 νώσκει
2654 1083 2749 1134 καὶ
2780 1081 3035 1150 ὁμολογεῖ
3054 1082 3124 1135 τά
3147 1085 3203 1135 ἑν
3224 1082 3301 1153 τῷ
3334 1088 3417 1134 πε⁹
3445 1083 3787 1155 ἀποστολικῴ
3818 1088 4006 1138 κανόνι

2422 1173 2725 1243 δηλούμενα
2760 1172 2958 1243 βιϐλία,
3012 1174 3106 1226 καὶ
3153 1174 3519 1244 πιστευόμενα
3555 1171 3697 1228 εἶναι
3738 1175 3850 1228 τῶν
3885 1174 4004 1227 65'.-

2425 1266 2681 1337 κηρύκων
2709 1267 2890 1333 φωνάς
2910 1283 2922 1295 ·
2951 1266 3139 1334 ἕτερον
3157 1267 3213 1319 δέ
3248 1284 3301 1319 τι
3342 1269 3493 1338 παρα
3530 1266 3701 1321 ταῦτα
3732 1269 3834 1321 οὐκ
3862 1265 4005 1321 οἶδεν

2422 1357 2777 1412 ἀποστολικον
2835 1357 3195 1428 σύγγραμμα.
3245 1358 3674 1429 Παρατηρητὲον
3716 1356 3812 1412 οὖν
3863 1363 4003 1413 ἁπο-

2424 1448 2755 1518 στρέφεσθαι
2805 1447 2873 1499 τὰ
2920 1447 3286 1517 πεπλασμένα
3348 1450 3502 1518 παρὰ
3550 1447 3661 1502 τῶν
3706 1450 4005 1519 αἱρετικῶν

2424 1541 2819 1609 σχεδιάσματα.
2884 1540 3159 1608 ’Δψινοίου
3208 1540 3313 1611 γάρ
3368 1541 3673 1610 πικρότερά
3721 1544 3852 1604 εξσι,
3899 1542 4005 1595 xiv

2424 1629 2777 1699 μελιτοῦτταν
2807 1630 2895 1682 διὰ
2924 1631 3023 1700 τῆς
3068 1632 3385 1701 ἐπιγραφῆς
3434 1630 3545 1684 τῶν
3582 1633 3866 1702 ὀνομάτων
3894 1634 4005 1687 τῶν

2420 1722 2593 1788 ἁγίων
2628 1721 2945 1775 ἀποστόλων
2981 1722 3409 1792 ὑποκρίνωνται.
3527 1731 3533 1738 ”

2506 1813 2823 1880 Ἐρώτησις
2866 1818 2935 1881 γ’.
2975 1813 3057 1865 Τὰ
3087 1813 3352 1883 ἑξήκοντα
3391 1814 3663 1881 κεφάλαια
3694 1813 3805 1867 τῶν
3843 1815 4006 1866 Βασι-

2422 1906 2588 1958 λικῶν
2615 1906 2675 1957 οὐ
2700 1904 3014 1973 διεδὲθησαν
3050 1905 3128 1966 εἰς
3161 1905 3259 1967 τὰς
3282 1903 3466 1975 χώρας
3494 1906 3651 1973 ἡμῶν
3674 1921 3688 1934 ·
3725 1907 3814 1959 διὰ
3846 1906 4005 1960 τοῦτο

2423 1995 2856 2066 νυκτοϐατοῠμεν
2886 1996 3009 2049 ὅσον
3033 1997 3095 2048 τὸ
3130 1998 3210 2059 είς
3258 1997 3419 2051 αὑτά.
3463 1998 3748 2067 Ζητοῦμεν
3772 1994 3868 2052 οὖν
3896 2017 4002 2069 μα-

2420 2090 2555 2152 θεῖν,
2585 2090 2631 2141 εἰ
2662 2088 2915 2143 ἐντεῦθεν
2942 2088 3415 2157 κατακρινόμεοα.

2501 2184 2621 2237 Ἀπ.
2656 2182 2801 2234 Ὅσα
2825 2183 2853 2235 ὁ
2880 2182 3045 2249 νόμος
3083 2181 3254 2244 λαλεῖ,
3298 2184 3411 2244 τοῖς
3444 2184 3503 2235 ἑν
3529 2182 3607 2252 τῷ
3636 2184 3789 2253 νόμῳ
3830 2184 4003 2252 λέγει,

2417 2276 2559 2328 κατὰ
2588 2272 2681 2325 τὸν
2708 2272 2881 2341 μέγαν
2931 2271 3275 2324 Ἀπόστολον.
3310 2270 3374 2324 Οἱ
3405 2269 3536 2338 γοῦν
3558 2271 3857 2341 αὐχοῦντες
3888 2273 4004 2342 βίον

2416 2365 2695 2435 ὀρθόδοξον
2716 2403 2730 2427 ,
2783 2362 2886 2415 κᾶν
2917 2362 2976 2426 ἑξ
3016 2362 3296 2416 ἀνατολῶν
3328 2357 3455 2425 ὦσι,
3506 2362 3608 2415 xiv
3636 2364 3697 2426 ἐξ
3752 2364 4008 2427 Ἀλεξαν-

2414 2458 2610 2528 δρέων,
2646 2455 2749 2509 κᾶν
2780 2454 3070 2524 ἑτέρωθεν,
3119 2454 3380 2523 Ῥωμαῖοι
3427 2455 3699 2522 λέγονται,
3733 2456 3824 2507 καὶ
3858 2456 4006 2508 κατὰ

2415 2549 2610 2618 νόμους
2645 2546 3046 2615 ἀναγκάζονται
3083 2545 3500 2598 πολιτεύεσθαι·
3550 2545 3628 2616 τῷ
3657 2547 3807 2617 νόμῳ
3838 2548 3895 2599 δὲ
3928 2547 4006 2616 τῷ

2416 2642 2699 2709 φάσκοντι,
2726 2640 2799 2692 Οὐ
2835 2639 2916 2691 δεῖ
2952 2638 3223 2708 Ῥωμαῖον
3256 2638 3425 2707 ἄνδρα
3472 2640 3637 2706 νόμον
3666 2642 3905 2705 ἀγνοεῖν,
3940 2641 4003 2693 οι)

2417 2732 2834 2801 συσφίγγονται.
2878 2731 3045 2785 Μόνοι
3088 2730 3195 2799 γὰρ
3229 2731 3278 2782 οἱ
3309 2730 3700 2793 κατοικοῦντες
3728 2732 3827 2800 τὴν
3867 2733 4006 2785 Ῥώ-

2418 2842 2547 2896 μην,
2580 2823 2680 2894 τὴν
2712 2822 2959 2893 βασιλίδα
2996 2821 3238 2891 δηλονότι
3288 2821 3395 2874 τῶν
3443 2822 3675 2886 πόλεων,
3717 2825 3817 2893 τὴν
3867 2843 4006 2877 κατ-

2414 2912 2832 2984 ησφαλισμένην
2850 2911 3055 2980 ὁμοίοις
3080 2909 3435 2979 πυργώμασι,
3457 2911 3551 2963 καὶ
3579 2911 3811 2973 πολλοὺς
3840 2913 4008 2966 7:10.;-

2412 3004 2613 3059 τοῦσαν
2666 3004 3017 3074 νομομαοεῖς,
3068 3005 3188 3065 ταῖς
3232 3004 3297 3054 ἐκ
3346 3004 3555 3057 τούτων
3612 3004 4006 3075 σιδηροπῶαις

2414 3097 2759 3167 κατέχονται.
2793 3096 2881 3148 Διὶ
2911 3090 3061 3149 οὗτοι
3096 3096 3195 3165 μὲν
3222 3098 3489 3165 ἀγνοῆσαι
3514 3098 3681 3168 νόμον
3722 3100 4005 3154 διενιστά-

740 3212 852 3251 non
898 3199 1333 3261 consequuntur,
1388 3189 1504 3242 sive
1563 3188 1848 3243 manuales
1898 3188 2007 3243 sint
2045 3192 2307 3259 operarii,

2417 3206 2588 3261 μενοι,
2636 3189 2697 3242 οὐ
2751 3186 3251 3255 συγγινώσκονταιο
3308 3189 3411 3243 κᾶν
3455 3191 3850 3260 χειρωνάκται,
3901 3193 4005 3245 κάλ

740 3292 856 3345 sive
878 3283 1305 3341 circumforanei
1332 3282 1445 3337 sint
1492 3281 1684 3351 aliqui,
1718 3289 1773 3335 et
1805 3281 2109 3335 litterarum
2137 3285 2306 3353 impe-

739 3381 829 3433 riti
866 3396 879 3431 :
912 3375 1089 3444 utqui
1136 3374 1349 3443 possint
1388 3387 1417 3425 a
1450 3374 1567 3427 suis
1608 3373 1819 3429 civibus
1862 3374 2041 3445 legum
2095 3376 2308 3431 discere

738 3482 1005 3524 tutorem.
1040 3465 1142 3530 Qui
1184 3473 1365 3518 autem
1420 3470 1573 3516 extra
1616 3460 1844 3517 Romam
1909 3471 2095 3533 agunt,
2154 3480 2307 3534 agre-

739 3571 850 3616 stes
879 3569 905 3609 Ρ
940 3558 1173 3621 scilicet,
1215 3566 1268 3610 et
1300 3555 1513 3624 reliqui,
1549 3554 1827 3623 multoque
1860 3558 2030 3624 magis
2067 3557 2304 3611 Alexan-

737 3653 905 3717 dt'ini,
940 3651 1110 3719 legem
1134 3648 1347 3703 civilem
1383 3647 1721 3716 ignorantes,
1761 3648 1971 3701 veniam
2007 3630 2301 3702 merentur.

738 3744 944 3796 Bonum
976 3754 1109 3809 ergo
1174 3747 1281 3800 est,
1345 3745 1403 3790 ut
1462 3736 1516 3789 lii
1578 3751 1797 3806 quoque
1834 3737 2193 3808 interrogent,
2252 3746 2309 3794 et

737 3834 977 3904 legitima
1006 3837 1273 3899 prmecpta
1302 3829 1537 3882 discmt.
1574 3826 1730 3893 Quod
1768 3828 1815 3883 si
1845 3840 1926 3883 cst
1950 3827 2187 3893 diiﬁcile,
2217 3846 2307 3883 vc-

736 3936 880 3981 niant
919 3934 1047 3979 sunt
1072 3921 1442 3977 consecuturi.

808 4017 981 4071 Inter.
1020 4015 1076 4067 ι.
1112 4015 1192 4066 An
1226 4020 1381 4065 extra
1428 4010 1753 4079 periculum,
1800 4012 2025 4075 sacrati,
2067 4012 2303 4081 itemque

737 4109 861 4163 laici
911 4105 1084 4161 lenori
1115 4104 1244 4157 dent
1271 4101 1579 4170 pecuniam,
1616 4116 1685 4155 an
1723 4106 1904 4171 potius
1927 4104 1997 4157 sit
2026 4103 2091 4157 iis
2110 4104 2304 4158 exitio-

732 4218 852 4257 sum
877 4199 900 4251 ?

808 4290 927 4343 lies.
960 4287 1196 4341 Mosaica
1232 4285 1452 4355 quidem
1479 4285 1584 4349 lex,
1617 4282 1734 4337 Non
1782 4282 2076 4351 l‘encrabis,
2103 4284 2301 4355 inquit,

733 4392 1021 4449 argentum
1073 4389 1225 4431 tuum
1274 4377 1430 4430 fratri
1465 4384 1558 4429 tuo
1594 4392 1608 4429 :
1640 4376 1817 4430 civilis
1838 4387 2019 4430 autem
2056 4379 2303 4446 agnoscit

734 4488 931 4527 usuras
957 4469 1289 4524 centesimas
1319 4475 1372 4521 ct
1422 4466 1666 4521 trientes.
1706 4465 1901 4520 Delinit
1935 4469 2081 4520 enim
2122 4478 2179 4520 ut
2216 4482 2301 4522 se-

732 4573 953 4617 natores
993 4559 1265 4626 accipiant
1298 4572 1496 4611 usuras
1528 4557 1778 4618 trientes,
1814 4557 2071 4609 nimirum
2106 4558 2160 4611 in
2192 4556 2306 4612 sin-

732 4657 885 4725 gulas
918 4654 1087 4706 libras
1124 4664 1379 4704 nummos
1417 4658 1679 4719 quatuor.
1720 4648 2097 4719 Negotiatores
2124 4656 2301 4701 autem

736 4748 987 4814 vulgares
1004 4754 1053 4808 (ι,
1083 4752 1136 4796 et
1166 4750 1415 4805 caeteros,
1454 4740 1739 4793 dimidiam
1771 4741 2110 4806 centesimae,
2145 4742 2306 4794 ninni-

733 4854 851 4891 rum
886 4836 939 4888 in
968 4832 1211 4903 singulas
1242 4832 1409 4885 libras
1442 4846 1698 4885 nummos
1736 4846 1852 4885 sex.
1888 4830 1996 4885 Eos
2029 4846 2177 4894 vero,
2212 4831 2305 4901 qui

734 4927 1067 4981 maritimum
1120 4923 1278 4977 fenus
1306 4922 1641 4977 contrahunt
1686 4930 1728 4987 ι’,
1763 4936 1861 4991 pro
1890 4920 2124 4991 singulis
2150 4920 2305 4975 libris

730 5032 985 5074 nummos
1020 5016 1331 5071 duodecim.
1394 5013 1641 5079 Quonam
1690 5021 1869 5067 autem
1925 5014 2086 5067 modo
2122 5023 2304 5067 cente-

729 5112 883 5165 sima:
917 5118 1181 5163 vocentur
1213 5121 1411 5171 usurae,
1468 5120 1593 5159 enm
1661 5105 1815 5159 libra:
1867 5106 2145 5175 quantitas
2194 5119 2301 5157 non

732 5201 1015 5270 perveniat
1047 5198 1111 5251 ad
1146 5196 1350 5253 solidos
1409 5205 1653 5261 centum,
1689 5197 1784 5252 sed
1840 5196 1909 5251 ad
1960 5196 2304 5266 septuaginta

728 5298 903 5353 duos;
934 5308 1044 5347 non
1075 5299 1158 5346 est
1195 5291 1410 5345 dicendi
1439 5298 1677 5358 tempus,
1709 5305 1777 5345 nc
1805 5304 1944 5359 opus
1985 5289 2073 5343 ﬁat
2110 5299 2305 5360 praeter

728 5402 890 5455 Opus.
928 5385 993 5440 Et
1025 5386 1135 5439 haec
1158 5382 1381 5453 quidem
1407 5384 1473 5437 de
1523 5383 1704 5440 laicis.
1749 5382 1995 5438 Sacratis
2045 5398 2177 5436 vero
2226 5382 2305 5437 fc-

731 5480 1011 5533 neratione
1042 5492 1267 5547 prorsus
1323 5475 1674 5535 interdictum
1720 5486 1825 5534 est.
1861 5476 1952 5531 Ait
2004 5476 2154 5530 enim
2188 5476 2304 5529 liuet;

2417 3281 2649 3351 ἀγύρται
2676 3280 2821 3342 τινὲς
2844 3273 2966 3340 ὦσι.
3015 3281 3108 3333 καὶ
3138 3281 3485 3351 γραμμάτων
3514 3282 3740 3350 ἀνήκοοι
3760 3298 3777 3312 ⁸
3804 3284 3881 3347 ὡς
3907 3284 4005 3336 δυο

2416 3373 2637 3440 νάμενοι
2665 3371 2729 3422 τά
2764 3370 2872 3421 τῶν
2903 3370 3085 3438 νόμων
3126 3369 3319 3437 μαθεῖν
3348 3370 3457 3423 ἀπὸ
3477 3370 3587 3423 τῶν
3615 3374 4005 3437 συγκατοίκων

2415 3462 2615 3517 αὐτῶν,
2662 3460 2725 3513 Οἱ
2769 3460 2825 3512 δὲ
2860 3460 2964 3523 ἔξω
2993 3459 3093 3528 τῆς
3144 3459 3362 3529 Ῥώμης
3408 3460 3714 3529 διάγοντες,
3766 3465 4005 3532 ἀγρόται

2414 3553 2677 3624 δηλονότι,
2712 3553 2806 3607 καὶ
2851 3552 3052 3614 λοιποὶ,
3100 3551 3279 3620 πολλῷ
3307 3553 3363 3605 δὲ
3390 3552 3554 3606 πλέον
3601 3536 4002 3625 Ἀλεξανδρεῖς,

2417 3648 2578 3716 νόμον
2610 3644 2886 3698 πολιτικὸν
2904 3644 3272 3710 ἀγνοήσαντες
3297 3644 3791 3712 συγγινώσκονται.
3820 3649 3908 3699 Κα
3928 3648 4005 3699 ev

2415 3740 2544 3809 γοῦν
2590 3742 2705 3793 ἐστι
2758 3738 2850 3791 καὶ
2887 3736 3112 3799 τούτους
3140 3737 3371 3806 ἐρωτᾷν,
3423 3740 3519 3791 καὶ
3587 3740 3893 3807 μανθάνειν
3936 3742 4005 3793 τά

2416 3830 2615 3901 νομικὰ
2649 3827 3087 3899 παραγγέλματα
3108 3840 3125 3857 °
3159 3828 3206 3877 εί
3226 3826 3284 3878 δὲ
3310 3827 3570 3898 δυσχερές
3593 3830 3730 3893 ἐστι,
3752 3830 4003 3897 συγγνώ-

2418 3942 2491 3994 μη
2506 3942 2524 3985 ς
2562 3922 2768 3990 ἀξιωῢή
2782 3938 2986 3973 σονται.

2496 4016 2818 4082 Ἐρώτησις
2846 4013 2914 4066 δ’.
2962 4014 3269 4067 ’Δκίνδυνόν
3319 4016 3437 4066 ἑστι
3488 4015 3602 4075 τοῖς
3649 4011 3998 4081 ἱερωμένοις,

2415 4111 2503 4163 ναὶ
2548 4108 2734 4177 μέντοι
2770 4105 2863 4159 καὶ
2894 4107 3006 4169 τοῖς
3055 4106 3286 4171 λαῖκοίς,
3314 4106 3408 4159 ἐπὶ
3455 4104 3602 4173 τόκῳ
3638 4104 3936 4169 δανείζειν,
3967 4106 3999 4172 ἦ

2418 4200 2617 4271 μᾶλλον
2651 4198 2894 4266 ὀλέθριον
2915 4214 2929 4262 ;

2499 4289 2617 4340 ‘Aa.
2669 4285 2727 4336 ’0
2766 4285 2863 4353 μὲν
2928 4286 3224 4348 Μωσαῖκος
3264 4286 3462 4355 νόμος,
3516 4285 3631 4336 Οὐκ
3688 4286 3996 4347 ὲκτοκιείς,

2416 4378 2570 4448 φησι,
2600 4378 2659 4427 τὸ
2708 4376 2971 4446 ἀργύριόν
3020 4394 3111 4431 σου
3140 4378 3215 4447 τῷ
3248 4378 3465 4447 ἀδελφῷ
3514 4394 3608 4429 σου
3642 4394 3657 4407 ο
3690 4380 3719 4429 ὁ
3742 4377 3798 4429 δὲ
3842 4378 3995 4429 πολι-

2414 4469 2562 4529 τικὸς
2611 4467 2963 4535 ἐπιγινώσκει
3015 4468 3208 4530 τόκους
3270 4468 3704 4530 ἑκατοστιαίους,
3760 4469 3857 4520 καὶ
3890 4468 3999 4518 ἀπὸ

2339 4562 2382 4618 D
2410 4562 2600 4631 τρίτης
2656 4561 2976 4624 ἑκατοστῆς.
3032 4560 3337 4629 Διορίζεται
3393 4561 3499 4630 γάρ
3528 4560 3655 4621 τοὺς
3693 4560 3995 4627 συγκλητι-

2404 4658 2530 4714 κοὺς
2559 4650 2857 4720 λαμϐάνειν
2888 4652 3076 4715 τόκους
3108 4654 3214 4705 ἀπ’)
3240 4654 3430 4723 τρίτης
3462 4652 3765 4719 ἑκατοστῆς
3786 4667 3798 4678 ·
3828 4652 3995 4721 ἤγουν

2403 4744 2488 4811 ἐφ’
2522 4744 2726 4814 ἑκάστῃ
2777 4743 2937 4813 λίτρα
2992 4745 3302 4814 νομίσματα
3335 4743 3397 4798 δ’.
3448 4744 3587 4807 Τοὺς
3642 4743 3996 4805 κοιπλαῖτας

2404 4833 2853 4901 πραγματευτὰς,
2880 4834 2974 4884 καὶ
2993 4834 3232 4899 λοιποὺς,
3248 4833 3769 4903 ἡμιεκατοστιαὶους
3788 4849 3799 4858 '
3824 4834 3993 4901 ἤγουν

2404 4924 2488 4990 ἐφ’
2547 4925 2753 4995 ἑκάστῃ
2798 4924 2959 4995 λίτρᾳ
3016 4927 3326 4995 νομίσματα
3358 4926 3435 4991 ς’.
3483 4928 3622 4989 Τοὺς
3654 4927 3713 4979 δὲ
3746 4927 3993 4989 διδόντας

2405 5013 2713 5065 διαπόντιον
2743 5015 2974 5077 δάνειον,
3004 5016 3148 5087 ὑπὲρ
3191 5017 3430 5086 ἑκάστης
3458 5016 3650 5083 λίτρας
3676 5017 3994 5086 νομίσματα

2409 5106 2496 5174 ιβ’.
2532 5106 2718 5169 Ὅπως
2759 5106 2815 5158 δὲ
2848 5108 3139 5161 καλοῦνται
3170 5110 3219 5161 οἱ
3246 5110 3397 5163 τόκοι
3448 5112 3843 5173 ἑκατοστιαίοι,
3896 5112 3994 5179 τῆς

2408 5201 2597 5271 λίτρας
2651 5203 2728 5273 μὴ
2774 5205 3235 5275 συμποσουμένης
3287 5208 3367 5269 εἰς
3421 5208 3738 5276 νομίσματα
3775 5204 3844 5276 ρ’,
3877 5205 3997 5257 ἀλλ’

2408 5293 2485 5355 εἰς
2519 5290 2616 5359 οβ’,
2648 5293 2835 5363 καιρὸς
2860 5294 2962 5346 οὐκ
2994 5294 3108 5346 ἐστι
3134 5295 3332 5363 λέγειν·
3358 5297 3447 5351 ἵνα
3474 5297 3551 5366 μὴ
3572 5296 3737 5365 ἔργον
3762 5297 3825 5348 τὸ
3854 5298 3993 5365 παρ-

2409 5399 2571 5452 εργον
2626 5384 2869 5453 γένηται.
2922 5387 3034 5439 Καὶ
3086 5386 3260 5440 ταῦτα
3291 5389 3389 5456 μὲν
3423 5389 3552 5457 περὶ
3591 5386 3821 5440 λαῐκῶν.
3852 5388 3993 5447 Τοξις

2417 5475 2747 5545 ίερωμένους
2775 5476 2829 5527 δὲ
2853 5477 3090 5541 τοκίζειν
3126 5480 3402 5545 παντελῶς
3428 5481 3831 5551 ἀπηγόρευται.
3855 5480 3993 5548 Φησὶ

2036 5660 2118 5714 VA
2132 5659 2269 5715 Rl/E
2313 5655 2721 5713 LECTIONES.

798 5787 1161 5844 “agnoscere.
1265 5778 1613 5835 l"doctrinas.
1711 5780 2033 5848 'scriptum.

724 5848 877 5901 dant.

2142 5790 2169 5831 P
2206 5780 2413 5834 rustici.

2526 5775 2759 5833 ‘llaicos.
2872 5778 3005 5848 τηιιὶ
3063 5779 3411 5849 tt'ujccticiant
3488 5777 3762 5847 pecuniam
3813 5795 3987 5833 murus
