4188 6446
726 423 866 487 1039

2027 420 2164 480 JUS
2189 415 2636 478 CANONICUM

3853 410 3993 474 1040

714 544 1061 593 contractum
1096 537 1348 600 iniverat,
1385 535 1502 589 sine
1535 533 1930 603 impedimento
1962 532 2292 594 sacrahitur,

2404 531 2462 583 τὸ
2505 528 2835 600 τελευτῆσαν
2877 527 3286 599 ἐμνηστεύσατο
3311 525 3566 595 γύναιον;
3605 524 3992 594 ἀπαρεμποδί-

711 639 771 684 ut
803 630 895 698 qui
933 629 1180 697 higamus
1207 642 1310 679 non
1347 635 1658 679 censeatur.

785 721 954 776 Inter.
985 721 1038 775 8.
1069 719 1125 772 Si
1181 717 1441 772 sacerdos
1493 727 1694 772 tonsus
1743 715 1926 780 fuerit,
1974 728 2299 770 concessum

709 815 816 866 erit
843 813 890 866 ei
923 820 1043 879 post
1079 819 1363 864 tonsuram
1401 808 1733 871 sacriﬁcare,
1765 808 1979 862 annon?

783 904 902 957 Res.
940 903 1078 956 Cum
1103 901 1379 956 secundus
1415 915 1590 954 canon
1621 911 1827 954 sancta:
1857 910 1911 953 et
1945 897 2300 955 moumenicm

711 998 903 1069 synodi
938 1004 1144 1050 coacta:
1185 997 1237 1048 in
1280 992 1634 1048 sanctissimo
1678 993 1874 1045 throno
1903 990 2297 1045 Constantino-

712 1091 850 1160 polis
906 1089 1027 1143 hinc
1077 1085 1400 1141 nominatim
1456 1085 1776 1156 pronuntiet
1827 1099 1841 1141 :
1907 1082 2132 1137 Etiamsi
2189 1083 2296 1135 huc

712 1197 887 1251 usque
921 1178 1169 1234 nonnulli
1202 1177 1499 1242 antistites,
1532 1176 1622 1244 qui
1662 1174 1729 1228 ad
1762 1175 2158 1228 monachorum
2200 1172 2298 1225 ha-

713 1277 890 1330 hitnm
941 1271 1370 1333 descenderant,
1410 1278 1468 1324 ut
1497 1272 1548 1321 in
1585 1267 1884 1338 episcopali
1923 1266 2141 1334 fastigio
2179 1280 2297 1316 ma-

713 1376 924 1429 nerent,
979 1366 1086 1418 vim
1136 1363 1505 1418 adhibuerunt
1557 1379 1570 1415 :
1617 1369 1671 1415 et
1717 1375 1842 1414 cum
1890 1359 1992 1412 hoc
2027 1359 2293 1421 facerent,

710 1457 942 1528 neglecti
972 1463 1100 1510 sunt
1137 1472 1151 1509 :
1183 1464 1368 1509 sancta
1396 1461 1576 1506 tamen
1621 1461 1673 1506 et
1717 1449 2036 1504 universalis
2070 1449 2181 1502 haec
2207 1462 2296 1516 sy-

713 1551 913 1611 nodus,
953 1548 1094 1601 hanc
1130 1545 1520 1616 negligentiam
1553 1557 1772 1613 qu0que
1801 1542 2106 1609 corrigens,
2141 1547 2192 1593 et
2227 1537 2294 1592 ad

711 1644 854 1696 ritus
885 1639 1292 1694 ecclesiasticos
1333 1638 1474 1691 hanc
1515 1635 1882 1690 inordinatam
1914 1633 2182 1686 actionem
2213 1645 2295 1686 re-

711 1737 925 1803 digens,
986 1733 1179 1789 statuit
1232 1739 1292 1784 ut
1337 1731 1382 1786 si
1432 1731 1558 1800 quis
1604 1730 1918 1798 episcopus,
1968 1728 2048 1781 vel
2093 1726 2292 1795 aliquis

711 1827 852 1878 alius
919 1839 982 1876 ex
1045 1819 1343 1892 pontiﬁcali
1383 1819 1665 1888 dignitate.
1717 1817 1954 1871 voluerit
2011 1816 2078 1869 ad
2127 1817 2289 1868 vitam

2409 639 2551 684 στως
2584 621 2965 691 ἱερωθήσεται,
2997 620 3070 684 ὡς
3105 619 3180 689 μὴ
3213 617 3559 685 λογιζόμενος
3591 617 3842 686 δίγαμος.

2487 713 2804 780 Ἐρώτησις
2825 719 2899 778 η’.
2949 713 3151 781 ’ἱερεὺς
3183 709 3279 762 ἐὰν
3323 712 3604 780 ἀποκαρῇ,
3643 709 3990 779 ἐκχωρηθείη

2408 805 2714 875 ἱερουργεῖν
2749 804 2885 872 μετὰ
2917 805 3016 873 τὴν
3043 805 3374 872 ἀπόκαρσιν,
3411 803 3442 871 ἢ
3471 802 3569 868 ού;

2485 897 2608 950 Ἇπ.
2655 897 2762 948 Τοῦ
2797 894 2839 966 β’
2883 895 3106 959 κανόνος
3133 896 3230 966 τῆς
3267 895 3324 947 ὲν
3379 893 3457 963 τῷ
3485 895 3777 964 ἁγιωτάτῳ
3815 894 3992 963 θρόνῳ

2399 991 2497 1060 τῆς
2525 988 3155 1050 Κωνσταντινουπόλεως
3192 987 3465 1055 συστάσης
3493 988 3657 1052 ἁγίας
3687 989 3780 1040 καὶ
3811 989 3992 1039 οἰκον-

2403 1080 2635 1149 μενικῆς
2662 1081 2884 1134 συνόδου
2909 1078 3082 1133 ταῦτα
3103 1079 3248 1132 κατὰ
3277 1079 3428 1148 ῥῆμα
3456 1077 3772 1142 διεξιόντοςο
3807 1078 3869 1130 Εἰ
3897 1080 3992 1129 καὶ

2401 1169 2565 1239 μέχρι
2592 1168 2686 1221 τοῦ
2728 1169 2824 1221 νῦν
2865 1170 2994 1222 ἔνιοι
3027 1169 3135 1222 τῶν
3168 1170 3497 1239 ἀρχιερέων,
3531 1171 3612 1230 εἱς
3640 1166 3703 1218 τὸ
3737 1168 3848 1219 τῶν
3880 1186 3991 1236 μο-

2398 1260 2578 1330 ναχῶν
2628 1261 2910 1324 κατιόντες
2952 1262 3162 1332 σχῆμα,
3217 1263 3274 1314 ὲν
3311 1262 3386 1332 τῷ
3419 1263 3516 1332 τῆς
3571 1262 3990 1332 ἀρχιερωσύνης

2397 1353 2674 1417 ἐϐιάζοντο
2710 1353 2988 1423 διαμένειν
3037 1354 3181 1423 ὕψει,
3205 1395 3218 1408 .
3243 1391 3262 1409 .
3285 1393 3299 1408 .
3323 1393 3338 1408 .
3359 1391 3373 1407 .
3401 1397 3412 1409 .
3439 1396 3450 1407 .
3481 1355 3599 1408 ἀλλ’
3637 1355 3732 1408 οὖν
3773 1359 3806 1426 ἠ
3860 1358 3992 1424 ἀγὶα

2397 1444 2495 1497 καὶ
2524 1447 2882 1516 οἱκουμενικὴ
2907 1447 3122 1510 σύνοδος
3156 1448 3318 1519 αὕτη,
3345 1450 3437 1501 καὶ
3465 1449 3624 1502 τοῦτο
3646 1449 3989 1519 ρυθμίζουσα

2397 1538 2457 1590 τὸ
2505 1538 2824 1609 παρόραμα,
2873 1541 2967 1593 καὶ
3018 1540 3154 1610 πρὸς
3194 1541 3319 1603 τοὺς
3373 1542 3870 1611 ἐκκλησιαστικοὺς
3902 1543 3986 1594 θε-

2399 1630 2572 1700 σμοὺς
2604 1630 2703 1701 τὴν
2739 1631 2975 1684 ἄτακτον
3001 1633 3209 1699 ταύτην
3241 1634 3590 1700 ὲπανάγουσα
3617 1635 3833 1702 πρᾶξιν,
3855 1634 3989 1704 ὤρι-

2398 1739 2489 1774 σεν
2515 1722 2600 1776 ἵνα
2625 1724 2677 1774 εἰ
2701 1741 2781 1786 τις
2816 1724 3116 1786 ἐπίσκοπος
3147 1725 3179 1793 ἧ
3203 1743 3286 1788 τις
3311 1727 3469 1787 ἄλλος
3488 1726 3582 1778 τοῦ
3601 1727 3990 1796 ἀρχιερατικοῦ

2397 1812 2711 1884 ἀξιώματος
2760 1815 2899 1885 πρὸς
2941 1817 3033 1868 τὸν
3071 1818 3365 1886 μοναχικδν
3409 1817 3655 1885 θελήσειε
3706 1819 3992 1871 κατελθεῖν

712 1917 1072 1970 monasticam
1113 1912 1470 1977 descendere,
1500 1913 1584 1966 vel
1615 1911 1951 1980 paenitentia:
1991 1911 2168 1963 locum
2195 1908 2294 1961 im-

2404 1883 2656 1976 βίον,καὶ
2677 1907 2768 1961 τὸν
2791 1883 2889 1978 τῆς
2919 1883 3221 1978 μετανοίας.
3237 1883 3405 1962 τόπον
3429 1883 3853 1978 ἀναπληρῶσαι,
3892 1929 3992 1979 μη-

713 2009 881 2076 plere.
941 2020 1009 2060 ne
1061 2004 1296 2074 amplius
1345 2001 1608 2056 antistitis
1661 2000 1985 2071 dignitatem
2049 2005 2293 2066 usurpet.

712 2101 1105 2153 Moriachorum
1168 2096 1312 2150 enim
1367 2093 1766 2166 professiones,
1823 2090 2186 2160 suhjectionis
2245 2097 2298 2142 et

711 2191 961 2245 discendi
1001 2188 1321 2258 cupiditatis
1371 2187 1635 2239 rationem
1686 2185 1912 2246 habent,
1963 2198 2072 2237 non
2113 2191 2296 2236 autem

711 2283 978 2337 doctrinae
1011 2281 1094 2334 vel
1133 2280 1398 2348 primatus
1443 2296 1456 2331 :
1506 2292 1605 2332 nec
1635 2278 1776 2331 alios
1811 2291 2060 2346 pascere,
2111 2274 2206 2329 sed
2239 2287 2298 2329 se

713 2377 862 2446 pasci
897 2374 1242 2445 proﬁtentur.
1301 2371 1368 2423 Et
1404 2370 1546 2434 ideo,
1597 2368 2059 2438 quemadmodum
2101 2367 2298 2436 praedi-

712 2480 860 2522 ctum
916 2474 1022 2531 est,
1082 2463 1432 2519 decernimus
1497 2470 1556 2514 ut
1609 2475 1768 2515 nemo
1816 2476 2028 2524 eorum,
2093 2458 2184 2527 qui
2241 2458 2296 2511 in

711 2559 1076 2629 episcopalem
1129 2563 1523 2626 pastorumque
1579 2553 1888 2623 catalogum
1931 2554 2137 2607 relatus
2191 2559 2294 2617 est,

712 2651 779 2704 ad
813 2665 1026 2712 eorum,
1052 2647 1144 2718 qui
1171 2655 1475 2717 pascuntur
1504 2653 1557 2700 et
1589 2654 1756 2715 agunt
1788 2645 2189 2714 pmnitentiam,
2212 2644 2297 2698 lo.

711 2757 926 2796 cumse
973 2741 1246 2794 demittat.
1283 2739 1339 2792 Si
1384 2739 1509 2808 quis
1538 2747 1719 2792 autem
1769 2738 1871 2792 hoc
1908 2737 2087 2792 facere
2132 2751 2297 2791 ausus

715 2836 904 2900 fuerit,
935 2841 1056 2903 post
1085 2831 1560 2886 denuntiationem
1596 2838 1650 2884 et
1679 2830 2102 2884 declarationem
2136 2827 2298 2896 hujus

713 2932 873 2984 edita:
902 2928 1207 2989 sentcntiae,
1243 2927 1358 2995 ipse
1387 2926 1480 2994 qui
1513 2925 1757 2993 seipsum
1793 2922 2089 2992 episcopali
2127 2920 2297 2991 gradu

715 3024 969 3092 privavit,
1003 3035 1108 3073 non
1147 3018 1386 3087 amplius
1417 3017 1482 3070 ad
1515 3016 1778 3086 priorem,
1805 3029 1967 3083 quam
2001 3012 2160 3067 factis
2206 3014 2299 3067 de-

723 3114 956 3185 spicatui
999 3112 1189 3166 habuit
1219 3112 1538 3181 dignitatem
1577 3117 1898 3164 revertetur.
1922 3107 2299 3176 Comprehen-

2401 2002 2517 2054 κέτι
2553 2000 2740 2054 λοιπὸν
2764 2002 2863 2071 τῆς
2895 2003 3290 2073 ἀρχιερατικῆς
3325 2004 3672 2073 ἀντιποιῆται
3707 2004 3888 2072 ἀξίας.
3928 2007 3991 2056 ΑΞ

2401 2095 2509 2164 γὰρ
2532 2095 2638 2146 τῶν
2683 2095 2932 2165 μοναχῶν
2979 2095 3245 2164 συνθῆκαι
3279 2097 3556 2166 ὑποταγῆς
3589 2098 3770 2165 ἔχουσι
3809 2097 3993 2164 λόγον,

2399 2187 2495 2240 καὶ⁴
2517 2186 2838 2256 μαθητείας,
2861 2187 2975 2240 ἀλλ’
3005 2188 3124 2258 ούχὶ
3141 2188 3488 2252 διδασκαλίας
3509 2191 3603 2241 καὶ
3626 2189 3955 2257 προεδρεὶας
3980 2208 3992 2217 ·

2399 2274 2522 2329 οὐδὲ
2546 2277 2858 2346 ποιμαίνειν
2887 2277 3101 2343 ἄλλους,
3132 2279 3267 2332 ἀλλά
3298 2279 3682 2349 ποιμαίνεσθαι
3715 2281 3994 2347 ἐπαγγέλ-

2399 2370 2731 2434 λονται.Διὸ,
2753 2371 2894 2424 καθά
2910 2372 3258 2442 προείρηται,
3283 2373 3612 2441 θεσπίζομεν
3641 2375 3838 2443 μηκέτι
3871 2375 3995 2424 τινα

2398 2461 2507 2515 τῶν
2529 2465 2588 2517 ὲν
2611 2463 2988 2535 ἀρχιερατικῷ
3011 2465 3300 2531 καταλόγῳ
3323 2467 3417 2519 καὶ
3439 2466 3710 2533 ποιμένων
3737 2465 3998 2528 ἐξεταζο-

2403 2558 2580 2626 μένων
2605 2559 2686 2620 εἱς
2709 2559 2808 2626 τὴν
2831 2557 2939 2610 τῶν
2971 2557 3415 2626 ποιμαινομένων
3450 2558 3543 2610 καὶ
3581 2557 4001 2624 μετανοούντι-..ν

2399 2647 2585 2720 χώραν
2600 2648 2792 2702 ἑαυτὸν
2815 2647 3228 2712 καταϐιϐάζειν.
3250 2649 3308 2700 Ei
3327 2649 3383 2702 δέ
3405 2665 3487 2710 τις
3515 2648 3674 2700 τοῦτο
3696 2649 3871 2716 το).μή
3885 2665 3997 2698 σειε

2401 2741 2608 2811 πρᾶξαι
2628 2739 2767 2810 μετά
2784 2740 2880 2810 τὴν
2907 2741 3218 2810 ὲκφὼνησιν
3246 2742 3340 2793 καὶ
3356 2741 3648 2808 διάγνωσιν
3667 2744 3764 2809 τῆς
3781 2740 3877 2791 νῦν
3900 2747 3998 2791 εκ-

2400 2829 2802 2901 πεφωνημένης
2825 2830 3027 2900 ψήφου,
3061 2831 3222 2894 αὐτὸς
3259 2830 3450 2884 ἑαυτὸν
3470 2830 3565 2885 τοῦ
3599 2830 3999 2899 ἀρχιερατικοῦ

2400 2922 2786 2992 ἀποστερήσας
2820 2921 3052 2992 βαθμοῦ,
3089 2923 3274 2974 οὐκέτι
3306 2921 3443 2988 πρὸς
3469 2922 3530 2974 τὸ
3564 2924 3832 2991 πρότερον
3861 2923 4001 2990 ὅπερ

2400 3014 2631 3084 nemo;
2657 3014 2746 3066 διὰ
2772 3014 2881 3067 τῶν
2905 3013 3084 3084 ἔργων
3109 3013 3328 3082 ἀξίωμα
3349 3013 3779 3082 ὲπαναστρέψει.
3805 3013 4000 3065 Κατα-

2401 3106 2742 3176 λαμϐάνεται
2765 3106 2820 3159 δὲ
2850 3105 2954 3176 πρὸ
2984 3106 3084 3175 τῆς
3110 3107 3475 3177 ὲκφωνήσεως
3499 3105 3692 3159 τούτου
3730 3106 3805 3174 μὴ
3836 3108 4002 3175 μόνον

715 3209 867 3262 ditur
914 3217 1094 3260 autem
1141 3213 1195 3258 et
1241 3211 1364 3258 ante
1408 3204 1572 3271 hujus
1624 3199 2138 3270 promulgationem,
2189 3215 2296 3252 non

2404 3201 2531 3260 τοὺς
2579 3198 2673 3251 τοῦ
2721 3200 2988 3268 βήματος,
3036 3199 3205 3267 ἤγουν
3258 3197 3668 3260 ὑποδιακόνους,
3711 3199 4004 3259 διακόνους

715 3303 892 3356 solum
925 3316 1042 3359 eos.
1071 3299 1163 3368 qui
1199 3298 1357 3351 altari
1395 3297 1666 3360 serviunt,
1721 3292 2092 3347 subdiaconus
2145 3290 2295 3346 vide-

715 3393 843 3446 licet
876 3393 1136 3447 diaconos
1167 3400 1222 3446 et
1263 3389 1614 3453 sacerdOtes;
1647 3385 1742 3440 sed
1769 3386 2116 3440 etantistites
2150 3386 2298 3452 ipsos

714 3486 876 3540 etiam
920 3493 1047 3555 post
1079 3495 1361 3539 tonsuram
1391 3480 1724 3536 sacriﬁcare.
1759 3477 1896 3534 Cum
1944 3479 2110 3545 igitur
2154 3476 2298 3530 anti-

715 3579 874 3632 stites
907 3593 1028 3631 cum
1059 3576 1324 3648 gravitate
1378 3574 1643 3628 canonica
1682 3586 1711 3625 a
1748 3569 2056 3626 sacerdotio
2091 3570 2299 3625 abalie-

716 3675 827 3724 nati
860 3672 991 3734 sint,
1031 3679 1316 3740 pr0pterea
1347 3667 1494 3736 quod
1531 3676 1659 3736 post
1696 3674 1980 3720 tonsuram
2011 3664 2076 3718 ad
2117 3664 2296 3718 locum

715 3761 1113 3831 discipulorum
1165 3768 1219 3814 et
1267 3758 1653 3827 paenitentium
1708 3757 1990 3821 venerint,
2063 3755 2299 3823 indeque

715 3855 879 3907 aiieni
935 3851 1063 3904 facti
1115 3849 1320 3904 fuerint
1375 3847 1643 3917 dignitate
1682 3846 1934 3900 doctoria
1981 3846 2298 3900 sacerdotes

715 3945 962 4007 omnino,
1010 3951 1064 3997 et
1109 3943 1203 4010 qui
1251 3940 1575 4008 simpliciter
1620 3938 1780 3992 altari
1841 3937 2086 3992 serviunt
2132 3939 2296 3990 etiam

719 4044 842 4105 post
901 4043 1186 4088 tonsuram
1230 4033 1368 4084 citra
1412 4027 1862 4096 impedimentum
1921 4028 2299 4095 operabuntur

716 4141 836 4195 qua:
890 4123 956 4177 ad
1004 4125 1246 4194 ipsorum
1293 4119 1494 4190 gradus
1539 4119 1834 4188 pertinent.
1892 4115 2026 4170 Nam
2073 4125 2126 4171 et
2171 4126 2299 4170 ante

718 4229 1002 4271 tonsuram
1045 4215 1271 4284 pariter,
1309 4227 1372 4266 ac
1403 4217 1526 4281 post
1555 4207 1801 4264 eamdem
1834 4206 2050 4264 fuerant
2078 4218 2133 4263 et
2170 4215 2300 4262 sunt

716 4307 970 4377 discipuli
1006 4315 1060 4361 et
1098 4305 1352 4375 subjecti.

792 4398 957 4452 Inter.
992 4397 1044 4452 9.
1090 4396 1148 4450 Si
1173 4395 1355 4450 laicus
1408 4395 1463 4449 in
1503 4395 1709 4449 somnis
1752 4393 2083 4463 imaginatus
2113 4393 2296 4458 fuerit,

719 4501 963 4546 meretur
985 4504 1050 4544 eo
1083 4489 1171 4543 die
1199 4489 1505 4542 divinarum
1544 4486 2038 4540 sanctiﬁcationum
2074 4487 2298 4556 partici-

2407 3291 2504 3343 καὶ
2534 3293 2718 3361 ἱερεῖς,
2758 3291 2895 3343 ἀλλὰ
2937 3291 3032 3346 καὶ
3073 3291 3272 3354 αὐτοὺς
3303 3292 3432 3353 τοὺς
3462 3293 3745 3362 ἀρχιερεῖς
3786 3293 4005 3363 ἱεριιυρ.

2407 3385 2524 3452 γεῖν
2560 3383 2653 3435 καὶ
2688 3383 2829 3452 μετὰ
2856 3383 2958 3452 τὴν
2999 3383 3331 3452 ἀπόκαρσιν.
3368 3383 3492 3436 Τῶν
3518 3383 3652 3450 γοῦν
3690 3385 4006 3453 ἀρχιερέων

2411 3476 2530 3545 μετ’
2565 3475 2883 3544 ὲμδριθείας
2915 3476 3204 3545 κανονικῆς
3233 3477 3297 3527 ἐκ
3323 3475 3426 3544 τῆς
3465 3476 3764 3545 ἱερωσύνης
3795 3476 4004 3539 ἀποξε-

2409 3570 2710 3632 νωθέντων,
2745 3569 2833 3622 διὰ
2887 3568 2948 3620 τὸ
3000 3568 3138 3638 μετα
3192 3569 3294 3637 τὴν
3351 3567 3664 3637 ἀπόκαρσιν
3695 3569 3774 3626 εἱς
3835 3569 4008 3622 τόπον

2411 3661 2805 3734 μαθητιώντων
2852 3661 2946 3713 καὶ
2990 3661 3402 3728 μετανοούντων
3449 3661 3646 3723 ἐλθεῖν,
3698 3660 4006 3712 κάντεῦθεν

2407 3753 2922 3824 ἀπαλλοτριωθῆναι
2953 3752 3047 3805 τοῦ
3077 3752 3464 3806 διδασκαλικοῦ
3495 3752 3830 3822 ἀξιώματος.
3865 3756 4009 3805 πανο

2406 3865 2514 3910 τως
2551 3847 2600 3899 οἱ
2640 3848 2803 3914 ἱερεῖς
2829 3846 2924 3897 καὶ
2956 3843 3143 3907 ἁπλῶς
3175 3847 3222 3896 οἱ
3263 3845 3354 3895 τοῦ
3388 3845 3633 3913 βήματος
3666 3845 4006 3912 ἀπαρεμτεο-

2407 3941 2602 4000 δὶστως
2649 3938 2742 3990 καὶ
2791 3936 2927 4005 μετά
2976 3936 3074 4004 τὴν
3135 3935 3442 4004 ἀπόκαρσιν
3497 3934 3565 3986 τα
3612 3934 3720 3986 τῶν
3772 3934 4007 4003 βαθμῶν

2407 4033 2764 4100 ὲνεργήσουσι
2802 4030 3010 4083 δίκαια.
3045 4029 3154 4081 Καὶ
3186 4029 3290 4097 πρὸ
3332 4027 3429 4094 τῆς
3469 4027 3836 4096 ἀποκάρσεως
3894 4033 4006 4094 γὰρ

2407 4121 2691 4186 ὡσαύτως,
2753 4123 2851 4175 καὶ
2905 4120 3043 4190 μετά
3091 4120 3190 4190 τὴν
3243 4120 3551 4190 ἀπόκαρσιν
3598 4120 3844 4190 μαθηταὶ
3907 4123 4005 4172 καὶ

2407 4213 2770 4267 ὑποτακτικοὶ
2797 4207 2940 4283 ἦσαν
2971 4212 3065 4264 καὶ
3099 4210 3228 4265 εἰσί.

2489 4400 2815 4469 Ἐρώτησις
2851 4397 2917 4453 θ’.
2972 4397 3174 4460 Λαῖκδς
3235 4397 3331 4451 ἐὰν
3380 4394 3692 4466 φαντασθῇ,
3733 4395 4002 4464 ἀξιωθείη

2408 4491 2725 4562 αὐθημερὸν
2759 4492 2860 4561 τῆς
2884 4491 2994 4543 τῶν
3024 4490 3185 4543 θείων
3229 4489 3591 4557 ἁγιασμάτων
3633 4487 3932 4555 μεθέξεως,
3967 4491 3998 4558 ἢ

721 4585 1019 4654 pationem,
1049 4596 1223 4636 necne
1244 4578 1356 4634 ?-Et
1386 4594 1453 4633 an
1482 4578 1764 4644 sacerdos,
1800 4580 1892 4647 qui
1917 4579 2060 4632 idem
2098 4591 2297 4648 passus

2407 4583 2505 4650 ob;
2535 4585 2628 4636 καὶ
2654 4584 2833 4653 ἱερεὺς
2856 4583 2951 4634 ἐὰν
2974 4581 3278 4650 φαντασθῇ,
3304 4580 3650 4649 ἱερουργήσει
3677 4581 3800 4631 κατ’
3826 4580 4002 4648 amp

718 4686 821 4738 est,
842 4690 1000 4730 sacra
1017 4702 1021 4708 -
1037 4671 1311 4736 conﬁciet,
1353 4685 1523 4725 necne
1544 4670 1568 4723 ?

793 4767 918 4823 Res.
947 4765 1239 4820 Airtistites
1274 4763 1477 4832 (inquit
1516 4776 1675 4815 sacra
1714 4760 2026 4830 Scriptura)
2065 4760 2210 4816 dona
2246 4770 2301 4817 et

720 4861 932 4915 hostias
963 4857 1219 4921 offerens,
1251 4856 1322 4910 ab
1355 4854 1671 4910 hominibus
1699 4855 1917 4923 accipit,
1951 4865 2002 4908 et
2040 4854 2302 4923 quemad-

721 4952 942 5005 modum
993 4948 1150 5004 oﬁ‘ert
1191 4948 1300 5002 Deo
1340 4962 1439 5017 pro
1485 4945 1707 5016 populo,
1751 4945 1832 5000 sic
1872 4953 1926 4998 et
1958 4958 2063 5013 pro
2095 4945 2298 5014 seipso.

719 5043 855 5096 Nam
897 5052 948 5097 et
990 5057 1113 5095 eum
1167 5042 1364 5108 premit
1405 5038 1642 5093 carnalis
1683 5036 2021 5090 inﬁrmitatis
2063 5038 2297 5105 pondus.

722 5134 922 5188 Verum
964 5145 1018 5188 et
1060 5149 1156 5204 per
1203 5131 1385 5185 Mosen
1432 5130 1570 5184 dixit
1601 5127 1884 5192 Dominus,
1933 5127 2117 5181 Mundi
2152 5144 2304 5180 mun-

724 5228 852 5280 dum
883 5227 1100 5280 adeant.
1140 5225 1404 5278 Maculam
1437 5229 1618 5274 autem
1645 5220 1853 5274 habens
1881 5219 1934 5272 in
1961 5219 2163 5283 anima,
2201 5221 2302 5274 sub

723 5319 906 5372 velum
940 5334 1116 5372 meum
1150 5334 1255 5372 non
1308 5314 1665 5385 ingredietur,
1696 5326 1796 5364 nec
1827 5311 1891 5363 ad
1923 5311 2092 5364 altare
2121 5326 2301 5364 meum

726 5411 1206 5481 appropinquabit.
1245 5409 1398 5464 Unde
1432 5416 1484 5462 et
1526 5417 1632 5460 tres
1677 5403 2012 5460 sanctissimi
2065 5403 2304 5472 patriar-

727 5508 840 5558 cha:
875 5507 1057 5557 throni
1099 5502 1478 5564 Alexandriae,
1517 5505 1739 5552 sanctus
1785 5494 2074 5563 Dionysius
2110 5494 2292 5548 videli.

729 5606 812 5648 cet
848 5596 1154 5650 rescrihcns
1191 5595 1254 5648 ad
1300 5594 1590 5646 Basilidem
1618 5590 1957 5658 episcopum,
1987 5596 2039 5641 et
2073 5604 2302 5656 magnus

729 5690 1083 5749 Athanasius,
1111 5688 1352 5758 regulam
1383 5685 1744 5754 prmscrihens
1779 5681 2046 5734 monacho
2083 5682 2302 5736 euidam

731 5788 926 5837 Amnm
958 5784 1366 5852 cognominare,
1399 5789 1452 5834 et
1489 5787 1709 5833 sanctus
1751 5773 2092 5836 Timotheus,
2126 5775 2192 5829 de
2245 5791 2302 5830 re

727 5876 1040 5947 hujusinodi
1087 5873 1481 5944 respondentes
1516 5868 1862 5940 quibusdam,
1911 5867 2001 5938 qui
2033 5867 2182 5937 ipsos
2218 5868 2306 5925 in-

2407 4675 2508 4744 τὴν
2531 4675 2752 4743 ἡμέραν
2780 4671 2872 4724 τοῦ
2898 4672 3244 4741 φαντασμοῦ,
3286 4671 3317 4740 ἣ
3349 4668 3409 4722 οὔ
3443 4688 3458 4736 ;

2495 4768 2625 4820 ‘An.
2674 4765 2732 4817 '0
2768 4763 3098 4834 προσφέρων
3149 4764 3307 4832 (φησὶ
3334 4763 3396 4815 τὸ
3443 4763 3683 4832 Γράμμα
3721 4763 3781 4815 τὸ
3825 4764 3994 4830 issi-1)

2407 4859 2558 4929 δῶρα
2602 4858 2697 4910 καλ⁵
2735 4857 2932 4918 θυσίας
2981 4856 3292 4926 ἀρχιερεὺς,
3317 4854 3376 4918 ἐξ
3425 4854 3730 4924 ἀνθρώπων
3780 4855 3996 4922 λαμδά-

2409 4968 2578 5014 νεται,
2612 4949 2707 5002 καὶ
2739 4947 2925 5011 καθὼς
2957 4948 3084 5017 περὶ
3110 4947 3202 4998 τοῦ
3239 4944 3370 4999 λαοῦ
3407 4946 3708 5016 προσφέρει
3737 4945 3813 5014 τῷ
3851 4946 3997 5014 Θεῷ,

2405 5042 2548 5095 οὕτω
2577 5042 2641 5110 δὴ
2672 5043 2766 5094 καὶ
2797 5040 2927 5110 περὶ
2963 5035 3188 5090 ἑαυτοῦο
3216 5039 3337 5090 ἐπεὶ
3367 5038 3463 5090 καὶ
3489 5037 3641 5106 αύτῷ
3667 5037 3835 5106 βάρος
3866 5055 4000 5109 σαρ-

2405 5135 2567 5202 κικῆς
2595 5131 2880 5192 ἀσθενείας
2935 5130 3230 5182 ἐπίκειται.
3277 5129 3437 5182 Ἀλλά
3486 5131 3579 5182 καὶ
3629 5129 3716 5181 διὰ
3748 5131 4000 5193 Μωσέως

2404 5225 2560 5282 εἷπεν
2589 5233 2616 5282 ὁ
2654 5228 2878 5298 Κύριος,
2908 5227 2972 5278 υἱ
3005 5225 3235 5294 καθαροὶ
3266 5225 3343 5293 τῷ
3367 5225 3593 5294 καθαρῷ
3622 5227 3994 5291 προσίτωσαν.

2416 5321 2476 5372 Ὀ
2515 5320 2571 5371 δὲ
2628 5318 2816 5388 μῶμον
2867 5317 3006 5384 ἔχων
3046 5318 3185 5368 κατά
3231 5315 3433 5384 ψυχὴν,
3463 5321 3601 5382 προς
3653 5316 3714 5366 τὸ
3745 5320 3997 5368 καταπέ-

2407 5409 2594 5478 τασμὰ
2627 5425 2727 5477 μου
2756 5408 2852 5458 οὐκ
2885 5405 3280 5471 εἰσελεύσεται,
3308 5406 3400 5456 καὶ
3435 5407 3567 5474 πρὸς
3600 5405 3660 5457 τὸ
3694 5405 3995 5476 θυσιαστῆ-

2415 5507 2527 5577 ριόν
2595 5522 2699 5567 μου
2754 5503 2852 5555 οὐκ
2904 5503 3112 5569 ὲγγιεῖ·
3165 5501 3288 5553 ὅθεν
3333 5501 3427 5552 καὶ
3483 5503 3633 5569 τρεῖς
3697 5502 3995 5567 ἁγιώτατοι

2413 5599 2750 5667 πατριάρχαι
2786 5595 2878 5648 τοῦ
2913 5595 3105 5664 θρόνου
3141 5594 3241 5661 τῆς
3298 5593 3726 5662 Ἀλεξανδρείας,
3758 5596 3783 5644 ὁ
3837 5595 3994 5659 ἆγιος

2410 5690 2685 5752 Διονύσιος
2715 5687 2935 5756 δηλαδὴ,
2965 5686 3320 5752 ἀντιγραερων
3355 5686 3486 5754 πρὸς
3517 5685 3838 5753 Βασιλείδην
3873 5687 3992 5736 ἐπί-

2412 5799 2635 5846 σκοπον,
2672 5781 2697 5831 ὁ
2749 5781 2922 5848 μέγας
2965 5777 3284 5838 Ἀθανάσιος
3318 5777 3617 5839 κανονίξων
3651 5775 3775 5827 τινα
3828 5793 3989 5843 μονα-

2411 5873 2526 5943 χὸν,
2566 5868 2765 5940 Ἀμοῦν
2790 5868 3288 5938 ἐπονομαζόμενον,
3333 5869 3425 5920 καὶ
3453 5868 3481 5920 ὁ
3519 5868 3669 5936 Ξγιος
3702 5867 3985 5936 Τιμόθεος,
