4188 6446
745 406 882 471 1043

2048 407 2185 467 JUS
2227 404 2671 467 CANONICUM

3862 403 4000 465 1035

742 529 823 570 ter
857 516 1044 570 divina
1090 514 1338 568 instituta
1388 521 1441 567 et
1477 522 1740 584 praecepta
1776 514 1923 568 circa
1964 530 2181 585 sponsae
2216 514 2311 569 de-

2427 512 2672 581 Βμόζυγοι
2712 512 2777 564 ὲκ
2812 510 2907 581 τῆς
2945 508 3080 580 πρὸς
3121 507 3387 579 ἀλλήλους
3417 512 3683 579 σαρκικῆς
3719 513 4003 573 κοινωνίας

740 608 1055 663 ductionem
1115 605 1169 660 in
1228 606 1543 675 nuptiarum
1596 606 1846 675 auspices
1910 608 2134 662 maleﬁt.
2176 606 2311 661 Nam

743 710 1029 770 postquam
1064 713 1223 755 sacra
1255 701 1569 773 precatione
1604 700 1802 754 initiati
1833 708 1984 762 sunt,
2014 708 2069 754 et
2099 701 2315 755 divinas

740 792 1208 849 sanctiﬁcationes
1238 801 1683 863 promeruerunt,
1725 792 1791 845 ad
1838 790 2115 844 carnalem
2160 789 2314 846 festi-

741 891 874 937 nant
906 883 1188 946 unionem,
1232 882 1283 936 in
1343 884 1657 953 nuptiarum
1698 882 1909 937 deliciis
1945 880 2312 945 lascivientes,

744 984 919 1025 sacrae
976 971 1376 1027 benedictionis
1426 972 1532 1026 vim
1591 986 1699 1026 non
1761 972 2199 1037 considerantes,
2260 979 2313 1025 et

743 1058 1243 1115 sanctificationum
1306 1061 1791 1131 contemptionem.
1851 1061 2125 1130 Conjuges
2181 1075 2313 1130 ergo

740 1165 851 1219 quo
877 1151 964 1205 die
997 1151 1215 1208 divinas
1242 1152 1709 1209 sanctiﬁcationes
1757 1150 2137 1223 participaturi
2171 1162 2322 1215 sunt,

745 1258 851 1297 non
900 1251 1111 1299 tantum
1167 1254 1294 1300 ante
1347 1261 1537 1301 earum
1604 1246 2063 1315 assumptionem,
2116 1245 2215 1300 sed
2268 1252 2324 1299 et

744 1343 865 1403 post
890 1350 1008 1390 eam
1045 1337 1182 1391 citra
1221 1339 1634 1394 excusationem
1666 1340 2013 1394 continenter
2050 1353 2110 1394 se
2136 1355 2325 1408 gerere

742 1425 963 1479 debent.
998 1425 1153 1492 Quod
1181 1427 1227 1483 si
1260 1442 1370 1483 non
1404 1428 1626 1493 faciant,
1652 1428 1998 1497 gravioribus
2026 1428 2324 1497 subjicien-

743 1526 831 1570 tur
856 1520 1054 1586 poenis.

2422 605 2839 658 ἀποδιίστασθαι
2867 606 3006 658 κατὰ
3030 604 3127 675 τὴν
3156 604 3369 674 ἡμέραν
3391 604 3489 673 τῆς
3520 604 3627 656 τῶν
3650 604 3813 657 θείων
3836 606 4003 671 ἁγια-

2424 697 2645 765 σμάτων
2680 698 3059 767 μεταλήψεως.
3098 698 3173 749 Οὐ
3213 696 3375 765 μόνον
3403 696 3507 767 πρὸ
3540 696 3637 765 τῆς
3672 699 4007 759 ἐπιστασίας

2420 788 2614 857 αὐτῆς,
2664 787 2803 841 ἀλλὰ
2856 788 2951 841 καὶ
2987 787 3085 858 τὴν
3144 788 3263 857 μετ’
3311 786 3500 849 αὑτήν.
3562 787 3674 839 Καὶ
3728 789 4009 858 εὐχόμεθα

2418 878 2781 950 διορθωθῆναι
2806 880 2868 932 τὸ
2897 880 3085 943 κακῶς
3116 880 3211 933 καὶ
3232 896 3384 951 παρα
3413 880 3483 932 τὰ
3514 880 3634 934 θεῖα
3653 881 4010 951 διατάγματα

2422 973 2515 1025 καὶ
2542 973 2856 1044 διδάγματα
2890 974 3029 1027 κατὰ
3056 972 3158 1043 τὴν
3179 972 3577 1042 νυμφαγωγίαν
3608 974 3687 1036 είς
3714 973 3841 1035 τοὺς
3862 992 4006 1041 νυμ-

2418 1066 2715 1132 φοστόλους
2763 1066 3069 1136 γινόμενον.
3126 1066 3280 1120 Μετὰ
3321 1065 3429 1135 γὰρ
3483 1064 3546 1116 τὸ
3590 1065 4007 1133 ίερολογηθῆναι

2420 1155 2512 1207 καὶ
2550 1155 2661 1209 τῶν
2697 1156 2859 1209 θείων
2903 1156 3268 1226 ἁγιασμάτων
3319 1154 3724 1224 καταξιωθῆναι
3777 1157 4003 1219 αὐτοὺς,

2424 1248 2560 1317 πρὸς
2592 1250 2865 1320 σαρκικὴν
2898 1252 3321 1318 κατεπείγουσιν
3366 1250 3562 1303 ἕνωσιν
3591 1252 3640 1303 oi
3690 1250 3800 1302 τῶν
3829 1251 4007 1319 ἡδέων

2421 1341 2513 1393 τοῦ
2562 1341 2740 1411 γάμου
2807 1345 3372 1415 κατατρυφήσαντες·
3432 1342 3505 1412 μὴ
3557 1343 4004 1411 ἀναλογιζόμενοι

2424 1432 2520 1501 τῆς
2549 1434 2950 1504 ίεροτελεστίας
2978 1436 3077 1507 τὴν
3117 1435 3368 1505 δύναμιν,
3399 1434 3492 1487 καὶ
3512 1434 3617 1486 τῶν
3642 1434 4005 1502 ἀγιασμάτων

2425 1522 2522 1593 τὴν
2547 1528 2975 1598 καταφρόνησιν.
3037 1528 3455 1597 Ἀπαραιτήτως
3492 1521 3587 1578 οὖν
3632 1526 3679 1577 οἱ
3720 1526 4005 1595 ὀμόζυγοι,

742 1611 864 1664 καθ’
911 1613 979 1683 ἢν
1029 1613 1239 1683 ἡμέραν
1288 1612 1396 1665 τῶν
1439 1610 1996 1681 θείωνάγιασμάτων
2054 1612 2308 1681 μέλλουσι
2350 1619 2661 1686 μετασχεῖν,
2709 1619 2770 1672 οὐ
2828 1620 2989 1688 μόνον
3028 1618 3135 1689 πρὸ
3171 1617 3273 1684 τῆς
3344 1616 3702 1687 μεταλήψεως
3771 1617 4002 1687 τούτων,

741 1705 879 1758 ἀλλὰ
913 1708 1006 1760 καὶ
1058 1706 1196 1775 μετὰ
1253 1706 1353 1774 τὴν
1423 1705 1745 1776 μετάληψιν,
1796 1705 2103 1773 ὀφείλουσιν
2186 1705 2640 1775 ὲγκρατεύεσθαι.

742 1800 1037 1869 ἐπιτιμίοις
1072 1800 1561 1871 ὑποδληθήσονται.

816 1889 987 1946 Inter.
1024 1892 1108 1946 ll.
1144 1891 1252 1957 An,
1282 1892 1326 1946 si
1364 1892 1623 1947 sacerdos
1662 1893 1892 1953 lavetur.
1917 1892 2091 1961 possit
2125 1891 2315 1947 eodem
2352 1904 2396 1960 Β

742 1982 831 2037 die
871 1998 1027 2037 sacra
1068 1982 1247 2038 facere
1270 1983 1292 2036 ?
1319 1993 1374 2038 et
1407 1999 1474 2037 an
1520 1984 1662 2038 laico
1692 1984 1872 2047 liceat,
1906 1991 2197 2054 postquam
2231 2000 2321 2039 ve-

743 2073 887 2127 nerit
908 2073 960 2126 in
992 2072 1269 2138 balneum,
1295 2073 1485 2129 eodem
1510 2073 1597 2127 die
1617 2082 1964 2129 sacramenta
1994 2073 2321 2128 assumere?

746 2164 809 2217 Et
840 2180 870 2218 e
900 2164 1202 2228 contrario,
1239 2178 1307 2218 an
1352 2163 1612 2220 sacerdos
1652 2172 1875 2233 peracto
1906 2163 2203 2227 sacriﬁcio,
2235 2164 2317 2217 vel

744 2255 919 2311 laicus
968 2256 1204 2325 sumptis
1252 2255 1457 2311 divinis
1501 2256 2034 2312 sanetiﬁcationibus
2086 2256 2318 2321 lavetur,

744 2356 838 2401 aut
869 2362 1021 2402 vente
1055 2348 1355 2404 sectionem
1384 2349 1645 2417 patiatur.
1679 2348 1885 2401 necne?

814 2439 937 2494 Res.
964 2439 1203 2496 Galenus
1243 2441 1579 2496 medicorum
1613 2440 1989 2504 doctissimus,
2033 2439 2317 2504 Balneum,

745 2538 942 2607 inquit,
971 2544 1025 2591 et
1047 2536 1149 2601 sol,
1207 2543 1261 2591 et
1313 2535 1655 2607 gymnasium
1709 2534 1776 2588 ad
1818 2542 2027 2587 motum
2056 2534 2318 2597 excitant,

744 2643 867 2697 qua:
893 2637 1020 2682 ante
1040 2627 1417 2698 quiescebant,
1455 2633 1818 2680 excrementa.
1844 2623 2031 2695 Itaque
2059 2624 2195 2680 nihil
2229 2641 2325 2681 co-

746 2735 891 2785 rum,
936 2720 1005 2775 de
1040 2719 1243 2789 quibus
1286 2717 1665 2786 interrogasti,
1703 2715 1814 2769 ﬁet.
1867 2715 2142 2770 Venarum
2178 2716 2323 2770 enim

744 2812 1040 2877 sectiones,
1088 2812 1284 2866 horum
1320 2810 1618 2866 ostendunt
1649 2810 1779 2863 vitia
1827 2815 1882 2862 et
1930 2809 2321 2880 proprietates,

744 2904 904 2973 juxta
962 2902 1313 2972 Hippocratis
1374 2909 1642 2975 praecepta
1703 2918 1715 2954 :
1771 2898 2045 2954 interdum
2106 2899 2323 2968 quidem

749 2995 1147 3050 discussionem
1180 2994 1487 3063 parientes,
1538 3007 1936 3061 nonnunquam
1967 2998 2149 3046 autem
2195 3006 2327 3046 con-

749 3087 1091 3142 strictionem
1139 3085 1341 3154 potius.
1380 3084 1517 3150 Quid
1550 3084 1754 3154 igitur?
1780 3091 2155 3152 exspectatum
2191 3081 2327 3137 forte

748 3180 948 3233 malum
980 3177 1208 3234 salutari
1241 3176 1734 3233 sanctiﬁcationum
1768 3176 2169 3247 participationi
2196 3192 2321 3230 enn-

746 3282 1050 3335 nectemus,
1087 3279 1141 3327 et
1172 3270 1369 3327 salutis
1404 3279 1602 3325 nostra:
1624 3268 1806 3323 lumen
1844 3270 2096 3324 socordia
2128 3270 2320 3324 obum-

745 3367 1030 3421 brabimus
1060 3366 1083 3418 ?
1108 3379 1232 3420 cum
1259 3364 1410 3433 justa
1442 3362 1583 3417 ratio
1624 3362 2002 3417 sacrificantes
2033 3369 2140 3414 tam
2177 3370 2321 3427 ante,

747 3473 911 3527 quam
949 3466 1072 3528 post
1111 3456 1471 3520 sacriﬁcium,
1502 3454 1794 3524 compellat
1819 3468 1945 3507 cum
1988 3454 2138 3507 omni
2170 3468 2323 3508 com-

748 3552 1045 3620 punctione
1068 3557 1123 3604 ct
1165 3548 1469 3603 reverentia
1506 3548 1571 3602 ad
1616 3547 1787 3602 Deum
1832 3545 2215 3617 gennllectere,
2274 3554 2327 3600 et

747 3642 952 3712 gratias
1012 3656 1174 3711 agere
1218 3640 1289 3695 ob
1332 3639 1594 3694 Dominici
1646 3639 1893 3708 corporis
1940 3647 1993 3692 et
2039 3638 2324 3709 sanguinis

751 3732 1209 3802 assumptionem,
1244 3745 1345 3786 nec
1387 3731 1636 3785 deliciari
1668 3730 1934 3794 mollitiis,
1971 3737 2024 3784 et
2062 3744 2322 3799 aquarum

748 3826 1048 3881 calidarum
1079 3824 1516 3894 aspersionibus.
1551 3822 1706 3889 Quod
1738 3824 1782 3878 si
1815 3837 1963 3876 vena:
2002 3822 2323 3881 incisionem

750 3918 977 3972 morbus
1005 3924 1198 3985 urgeat
1231 3915 1430 3980 letalis,
1473 3924 1696 3985 prOpter
1727 3915 1960 3970 salutem
2004 3916 2325 3984 aegrotantis

748 4023 811 4065 ea
844 4008 1177 4077 perﬁcietur.

821 4096 989 4152 Inter.
1045 4095 1133 4151 12.
1199 4096 1254 4150 Si
1323 4096 1451 4164 quis
1506 4103 1631 4163 post
1688 4102 1933 4149 sanctam
1990 4094 2326 4163 assumptio-

750 4204 874 4244 ncm
916 4188 1209 4253 vomuerit,
1253 4203 1347 4257 per
1391 4200 1555 4256 quam
1610 4184 1961 4239 traditionem
2001 4186 2323 4240 emendabi-

749 4281 884 4335 tur?

821 4369 942 4424 Res.
977 4369 1200 4435 Sancte,
1236 4369 1434 4437 inquit,
1466 4367 1784 4422 custodiens
1822 4376 2036 4431 saneta,
2072 4368 2325 4437 expiabi-

752 4468 890 4515 tnr'
936 4468 991 4513 et
1034 4458 1463 4513 sanctiﬁcabitur
1498 4475 1510 4509 :
1552 4458 1781 4526 gratiam
1829 4467 2012 4511 autem
2064 4459 2319 4527 prodens,

2715 1712 2885 1766 Τοῦτο
2962 1713 3018 1766 δὲ
3082 1711 3157 1781 μὴ
3208 1711 3527 1771 ποιοῦντες,
3578 1707 4007 1778 αὐτ-ξηροτέροις

2513 1897 2836 1965 Ἐρώτησις
2865 1896 2957 1952 ια’.
3000 1898 3126 1953 Ἐὰν
3162 1901 3343 1972 ἱερεὺς
3381 1902 3567 1973 λουθῇ,
3604 1900 3833 1954 δύναται
3863 1900 4008 1953 κατὰ

2423 1986 2520 2054 τὴν
2555 1989 2726 2059 αὐτὴν
2755 1991 2967 2061 ἡμέραν
2997 1994 3389 2063 ἱερουργῆσαι;
3432 1996 3526 2049 καὶ
3551 1995 3736 2057 λαῖκδς
3766 1992 3910 2063 μετᾶ
3946 1991 4008 2042 τὸ

2425 2081 2679 2134 ἀπελθεῖν
2712 2086 2793 2147 είς
2829 2083 3132 2153 βαλανεῖον,
3165 2087 3512 2157 ὲκχωρηθείη
3553 2086 3871 2155 αὖθημεῷν
3900 2083 4009 2135 τῶν

2430 2176 2746 2244 μυστηρίων
2782 2177 3147 2245 μεταλαΰεῖνς
3192 2180 3288 2231 καὶ
3321 2179 3386 2232 ὲκ
3416 2177 3509 2233 τοῦ
3550 2178 3818 2243 ἐναντίου,
3860 2177 4006 2242 ξερο·

2425 2264 2754 2334 τελεστήσας
2779 2269 2806 2320 6
2840 2267 3038 2340 ἱερεὺς,
3073 2270 3105 2338 ἢ
3138 2272 3166 2322 6
3206 2269 3391 2333 λαῖκὸς
3439 2270 3600 2323 θείων
3644 2270 4008 2338 άγεατματων

2427 2355 2678 2423 ἀξιωθεὶς
2716 2359 3059 2431 λουθήσεται,
3091 2362 3123 2431 ἢ
3167 2361 3735 2432 φλεϐοτομηθήσεται,
3769 2364 3802 2432 ἢ
3838 2361 3937 2423 οἴη

2510 2451 2645 2505 Ἀπ;
2695 2451 2753 2505 Ὀ
2801 2455 2858 2505 ἐν
2895 2454 3097 2524 ἰατροῖς
3150 2453 3684 2517 διδασκαλικώτατος
3728 2455 4007 2524 Γαληνὶς,

2426 2541 2735 2607 Βαλανεῖον,
2760 2545 2914 2615 φησὶ,
2944 2547 3034 2599 καὶ
3065 2545 3214 2615 ἣλιος
3236 2547 3330 2599 καὶ
3357 2548 3657 2617 γυμνάσιον
3680 2549 3759 2611 είς
3788 2549 3917 2618 πίνη
3932 2566 4011 2600 σιν

2428 2635 2636 2707 ἐξορμᾷ
2659 2637 2725 2689 τὰ
2753 2638 2890 2702 τέως
2922 2639 3266 2708 ἡσυχάζοντα
3294 2639 3706 2709 περιττώματα.
3736 2641 3829 2693 Διὸ
3856 2642 4012 2693 οὐδὲν

2427 2724 2487 2788 ἐξ
2514 2721 2588 2778 ὧν
2617 2723 2908 2794 ἠρώτησας
2954 2729 3266 2797 γενήσεται.
3299 2730 3409 2781 Καὶ
3444 2730 3498 2781 αἱ
3537 2730 3706 2797 τομαὶ
3753 2730 3864 2798 γὰρ
3900 2730 4009 2783 τῶν

2429 2817 2643 2885 φλεϐῶν
2668 2817 2950 2887 ἐλέγχουσι
2990 2820 3088 2881 τὰς
3116 2819 3323 2872 τούτων
3352 2821 3551 2883 κακίας
3583 2821 3678 2873 καὶ
3709 2821 4011 2889 ἰδιότητας.

2429 2909 2569 2961 κατὰ
2601 2910 2669 2962 τὰ
2704 2908 3094 2979 Ἱπποκράτεια
3123 2910 3400 2979 δόγματα·
3441 2913 3571 2964 ποτὲ
3617 2913 3717 2981 μὲν
3751 2914 4015 2965 mis-xcu-

2432 3018 2517 3053 σαι
2553 3001 2897 3071 διαφόρησιν,
2942 3003 3074 3055 ποτὲ
3110 3002 3166 3055 δὲ
3200 3003 3399 3071 μᾶλλον
3432 3005 3788 3071 στεγανωσιν.
3850 3004 4013 3057 Ἱνατί

2429 3091 2583 3158 γοῦνς
2613 3092 3062 3161 προσδοκήσιμον
3097 3095 3226 3154 ἴσως
3251 3094 3422 3147 κακον
3452 3098 3517 3165 τῇ
3549 3095 4015 3164 acumen-352'.th

2432 3185 2790 3252 ἀγιασμάτων
2831 3183 3050 3253 μεθέξει
3101 3184 3449 3254 συνάψωμεν,
3504 3186 3597 3238 καὶ
3648 3187 3896 3257 ῥαθυμίᾳ
3956 3190 4016 3240 τὸ

2430 3277 2545 3345 φῶς
2593 3278 2692 3345 τῆς
2728 3275 2882 3347 ἡμῶν
2942 3277 3219 3347 σωτηρίας
3250 3278 3723 3347 ἐπηλυγάσωμενς
3766 3279 3903 3331 ὅπου
3949 3296 4015 3345 γε

2426 3368 2551 3429 τοὺς
2589 3365 3011 3437 ίερουργοῦντας
3038 3367 3247 3429 δίκαιος
3282 3367 3439 3433 λόγος
3474 3370 3892 3437 καταναγκάζει
3920 3372 4016 3423 καὶ

2430 3457 2535 3528 πρὸ
2583 3458 2683 3528 τῆς
2728 3458 3041 3528 ἱερουργίας
3084 3458 3177 3511 καὶ
3214 3458 3353 3528 μετὰ
3386 3458 3482 3527 τὴν
3511 3461 3829 3530 ἱερουργίαν
3876 3464 4017 3531 μετὰ

2427 3548 2610 3618 πάσης
2653 3549 2998 3615 κατανύξεως
3038 3551 3131 3602 καὶ
3166 3550 3454 3614 εὐλαεείας
3483 3552 3833 3619 γονυκλυτεῖν
3878 3554 4014 3621 πρὸς

2428 3642 2580 3707 Θεὸν,
2610 3642 2705 3695 καὶ
2737 3642 3087 3713 εὐχαριστεῖν
3116 3643 3274 3714 χάριν
3310 3645 3408 3712 τῆς
3439 3645 3531 3697 τοῦ
3579 3647 3869 3716 Κυριακοῦ
3908 3646 4014 3698 σώ-

2432 3747 2600 3799 ματος
2630 3731 2725 3785 καὶ
2753 3732 2987 3800 αἵματος
3018 3733 3405 3802 μεταλήψεως,
3437 3736 3531 3786 καὶ
3568 3734 3641 3803 μὴ
3674 3734 4017 3804 θρύπτεσθαι

2430 3824 2710 3892 βλακείαις
2736 3827 2828 3877 καὶ
2862 3827 3178 3895 ῥαντισμοῖς
3211 3827 3419 3878 ὑδάτων
3452 3825 3697 3895 θερμῶν.
3731 3829 3793 3880 ΕΞ
3830 3828 3889 3880 δὲ
3921 3828 4016 3896 τὴν

2429 3914 2792 3983 φλεϐοτομίαν
2817 3915 3140 3981 κατεπείγει
3182 3915 3485 3985 θανάσιμον
3515 3919 3752 3987 νόσημα,
3788 3917 3878 3969 διὰ
3920 3917 4015 3984 τὴι

2430 4006 2706 4077 σωτηρίαν
2726 4006 2819 4059 τοῦ
2848 4007 3149 4076 κάμνοντος
3173 4007 3291 4059 τελε
3303 4008 3581 4078 τθήσεται.

2510 4099 2831 4166 Ἐρώτησις
2866 4098 2964 4162 ιβ’.
3014 4099 3137 4151 Ἐὰν
3182 4099 3356 4172 ἐμέσῃ
3404 4118 3488 4162 τις
3528 4101 3667 4169 μετᾶ
3699 4101 3799 4169 τὴν
3851 4100 4017 4174 ἁγίαν

2432 4188 2753 4258 μετάληψιν,
2788 4188 2927 4241 κατὰ
2954 4191 3117 4242 ποίαν
3152 4189 3469 4259 διορθωθείη
3496 4191 3836 4260 παράδοσινς

2512 4374 2641 4426 ‘Ax.
2682 4373 2743 4425 '0
2789 4373 2886 4441 μὲν
2936 4371 3219 4440 φυλάττων
3277 4370 3486 4441 (φησὶν)
3537 4371 3699 4432 ὁσίως
3748 4371 3816 4424 τὰ
3862 4374 4012 4439 ὅσια,

2428 4463 2785 4532 ὀσιωθήσεται
2831 4462 2925 4515 καὶ
2959 4461 3392 4531 ἁγιασθήσεται·
3422 4462 3449 4513 6
3500 4462 3555 4513 δὲ
3593 4462 3877 4532 προδιδοὺς
3913 4468 4016 4531 τὴν

753 4551 1131 4619 inquinabitur
1151 4565 1198 4603 ι.
1238 4550 1293 4605 Si
1346 4549 1511 4619 igitur
1546 4564 1612 4603 ex
1652 4549 1892 4618 ingluvie
1928 4550 2115 4619 lapsus
2149 4560 2233 4605 est
2268 4551 2322 4605 in

2433 4552 2612 4623 χάριν,
2651 4550 3115 4620 βεϐηλωθὴσεται.
3144 4549 3206 4600 Εἰ
3241 4548 3375 4613 γοῦν
3402 4549 3460 4611 ἐξ
3484 4549 3751 4617 ἀκρασίας
3774 4549 4020 4616 ὠλίσθη-

750 4644 1015 4697 wmitum
1053 4645 1121 4708 is,
1152 4642 1244 4711 Qui
1272 4642 1487 4697 divinas
1518 4640 1980 4697 sanctiﬁcationcs
2004 4644 2322 4711 assumpsit,

752 4736 1096 4804 graviOribus
1131 4735 1307 4805 poenis
1334 4732 1741 4788 emendabitur.
1782 4732 1878 4788 Sin
1910 4745 2089 4789 autem
2123 4750 2219 4804 per
2243 4734 2327 4789 in-

751 4827 988 4882 cidentis
1032 4827 1175 4881 forte
1212 4825 1587 4897 aagrotationis
1640 4824 2067 4888 infestationem,
2112 4826 2328 4895 episco-

757 4918 864 4985 pali
891 4917 1101 4989 judicio
1151 4917 1491 4973 moderatius
1540 4917 1904 4972 coercebitur.
1948 4916 2014 4969 Et
2048 4916 2151 4971 hoc
2180 4915 2324 4971 enim

754 5008 1083 5065 desertionis
1116 5018 1200 5065 est
1222 5024 1379 5080 opus.

828 5194 999 5248 Inter.
1047 5192 1130 5249 l5.
1177 5195 1260 5247 An
1314 5193 1435 5250 sine
1496 5191 1739 5262 periculo
1785 5190 2117 5246 saeriiicabit
2173 5192 2326 5261 quis-

760 5288 931 5357 piam,
962 5296 1058 5341 aut
1116 5287 1301 5342 divina
1346 5286 1507 5342 faciet
1542 5270 1874 5356 baptismata
1927 5287 1983 5341 in
2031 5286 2180 5349 navi,
2241 5288 2323 5340 vcl

758 5384 921 5436 domo
955 5397 1062 5435 non
1095 5381 1292 5436 sacra?

830 5470 950 5526 Res.
984 5473 1131 5525 Dixit
1160 5472 1378 5541 quidem
1424 5470 1567 5535 Deus
1600 5484 1697 5540 per
1757 5466 1961 5525 Mosem
2013 5468 2079 5523 ad
2131 5467 2318 5533 Israel,

762 5563 1151 5635 Hierosolymis
1174 5573 1227 5621 et
1265 5580 1374 5621 non
1414 5564 1522 5619 alio
1553 5564 1665 5617 ullo
1694 5562 1814 5619 loco
1842 5561 2039 5617 festum
2076 5558 2319 5615 celebra—

2438 4661 2530 4697 σεν
2565 4645 2645 4707 είς
2674 4644 2766 4696 τὸν
2806 4643 2999 4712 ἔμετον
3034 4644 3060 4693 6
3093 4641 3201 4693 τῶν
3232 4640 3392 4693 θείων
3444 4642 3804 4710 άγιασμὰτων
3853 4659 4018 4710 μετα-

2435 4737 2637 4798 λαϐὼν,
2662 4736 2801 4805 μετὰ
2829 4734 3202 4804 σφοδροτέρων
3233 4732 3523 4803 ἐπιτιμίων
3553 4732 4015 4803 διορθωθήτεται·

2436 4827 2568 4880 εἰδὲ
2612 4825 2701 4877 διὰ
2739 4823 3117 4892 συμπεσόντος
3163 4822 3401 4891 τυχαίως
3451 4823 3890 4891 ἀρρωστήματος
3921 4825 4017 4875 xi-

2439 4932 2627 4979 κωσιν,
2655 4915 2794 4967 κατὰ
2819 4911 2918 4982 τὴν
2943 4911 3309 4980 ὲπισκοπικὴν
3334 4910 3604 4979 διάκρισιν
3630 4912 4019 4981 μετριωτὲᾒ

2439 5005 2918 5076 ὲπιτιμηθήσεται.
2955 5004 3067 5057 Καὶ
3099 5002 3254 5056 τοῦτο
3298 5002 3405 5073 γὰρ
3456 5002 3617 5071 ἔργον
3659 5003 3813 5055 ἐστὶν
3847 5004 4019 5070 ἐγκα-

2437 5097 2560 5150 ταλε
2573 5097 2755 5164 ίψεως.

2521 5188 2837 5256 Ἐρώτησις
2865 5185 2955 5254 ιγ’.
3000 5185 3323 5249 Ἀκινδύνως
3361 5187 3417 5237 ὲν
3458 5184 3627 5255 πλοίῳ
3656 5185 3690 5255 ἦ
3724 5186 3783 5237 ἐν
3814 5186 4018 5256 ἀνιέρῳ

2436 5280 2581 5351 οἰκίᾳ
2610 5281 2955 5351 ίερουργήσει
2984 5295 3088 5343 τις,
3120 5278 3152 5349 ἢ
3184 5277 3301 5331 θεῖα
3332 5277 3539 5329 τελέσει
3559 5276 3947 5347 βαπτίσματα;

2518 5457 2633 5510 ‘An.
2663 5456 2720 5508 Ὅ
2740 5456 2839 5526 μὲν
2855 5455 2987 5518 Θεὸς
3004 5451 3123 5509 εἷπε
3147 5456 3234 5509 διὰ
3248 5456 3488 5519 Μωσέως
3506 5454 3640 5525 πρὸς
3654 5455 3747 5508 τὸν
3772 5456 3989 5526 Ἰσραὴλ
4002 5494 4014 5516 ,

2441 5552 2531 5605 Ἐν
2571 5551 2962 5623 Ἱεροσολύμοις
2985 5550 3079 5606 καὶ
3109 5552 3207 5607 οὐκ
3229 5553 3285 5607 ἐν
3316 5552 3486 5622 ἑτέρῳ
3514 5551 3664 5620 τόπῳ
3690 5551 3797 5603 τινὶ
3819 5552 4013 5621 ἑορτα-

2050 5737 2279 5792 VAlllAi
2328 5733 2727 5795 LECTIONES.

848 5854 862 5879 ί
900 5840 1011 5913 λξὶείῖ
1038 5841 1215 5897 Ci‘Lidt't'
1316 5848 1335 5873 ⁸
1373 5838 1625 5907 ιη’μῙσιηιιδ
1663 5836 1771 5905 [ῑττ.
