4188 6446
189 428 330 491 1045

1472 430 1515 490 G
1529 428 2180 491 RECO-ROMANUM.

3302 431 3441 494 1046

188 557 303 602 σεις
334 538 532 608 Πάσχα
570 534 759 606 Κυρίῳ
788 535 864 605 τῷ
891 534 1009 604 Θεῷ
1039 553 1153 589 σου.
1187 534 1469 590 Ἐντεῦθεν
1510 537 1767 608 καθαρῶς

1872 536 1954 590 bis
1985 536 2274 591 Paschalis
2313 535 2543 591 Domino
2576 535 2686 593 Deo
2719 545 2835 591 tuo.
2864 534 2995 591 Inde
3023 535 3172 591 clare
3203 536 3441 597 innuens

181 632 557 701 αἰνιττόμενος
622 629 716 681 τοῦ
791 628 1085 681 Ἰουδαῖκοῦ
1141 629 1330 699 Πάσχα
1376 629 1473 697 τὴν
1524 627 1759 696 παντελῆ

181 726 490 797 ἀπραξίαν,
526 724 615 778 διὰ
648 723 708 775 τὸ
734 721 828 775 τοῦ
880 722 1046 775 τόπου
1101 719 1430 791 μονώτατον.
1493 719 1551 768 'tl
1579 718 1635 771 δὲ
1683 716 1758 771 νθ¹

182 819 365 872 κανὼν
417 818 516 887 τῆς
546 818 605 868 ὲν
642 815 722 884 τῷ
751 813 1010 883 Τρούλλῳ
1053 811 1148 865 τοῦ
1202 812 1441 882 μεγάλου
1496 811 1760 864 παλατίου

182 911 463 978 συστάσης
490 906 654 974 ἀγίας
684 905 779 958 καὶ
809 906 1199 974 οἰκουμενικῆς
1232 903 1473 967 συνόδου,
1506 902 1598 955 καὶ
1622 904 1649 956 6
1679 902 1760 954 πδ¹

183 1001 367 1055 κανὼν
399 1001 495 1070 τῆς
523 1000 583 1051 ἐν
615 997 950 1069 Καρθαγένῃ
987 996 1232 1059 συνόδου,
1265 994 1587 1065 καθαιρέσει
1620 994 1756 1049 καθ-

182 1093 551 1145 υποϐἁλλουσι
574 1090 664 1143 τὸν
685 1093 744 1145 ἐν
770 1089 1047 1159 εὖκτηρίῳ
1067 1089 1201 1159 οἴκῳ
1233 1089 1377 1142 θεῖον
1400 1087 1760 1141 ὲκτελέσαντα

184 1184 487 1253 βάπτισμα.
529 1181 867 1252 Διορίζονται
912 1179 1021 1251 γὰρ
1077 1182 1133 1233 ἐν
1178 1179 1495 1241 καθολικαῖς
1560 1178 1761 1247 ἐκκλη-

182 1277 329 1337 σὲαις
348 1276 418 1327 τὰ
444 1272 798 1343 βαπτίσματα
819 1273 1085 1340 γίνεσθαι.
1132 1270 1296 1326 Ἀλλά
1330 1271 1422 1325 καὶ
1440 1274 1465 1324 6
1481 1270 1559 1323 λα’
1582 1268 1762 1324 κανὼν

178 1367 277 1435 τῆς
307 1368 365 1419 ὲν
394 1365 472 1435 τῷ
500 1364 753 1436 Τρούλλῳ
790 1365 1033 1429 συνόδου,
1066 1366 1160 1417 καὶ
1190 1366 1218 1417 6
1249 1364 1313 1435 ιβ’
1360 1361 1540 1417 κανὼν
1568 1362 1671 1430 τῆς
1706 1364 1762 1414 ὲν

178 1458 256 1527 τῷ
290 1457 407 1527 ναῷ
437 1458 545 1511 τῶν
596 1457 766 1526 ἁγίων
819 1456 1144 1511 ἀποστόλων
1193 1456 1469 1526 συστάσης
1520 1455 1760 1517 συνόδου,

180 1550 566 1603 διατάττονται
608 1549 746 1619 μετά
782 1548 1142 1619 ἐκχωρήσεως
1173 1549 1537 1611 ὲπισκοπικῆς
1563 1546 1656 1600 καὶ
1684 1547 1764 1609 είς

181 1641 507 1711 εὖκτηρίους
535 1640 721 1703 οἴκους
750 1640 1024 1693 τελεῖσθαι
1058 1639 1435 1709 βαπτίσματα.
1482 1637 1540 1689 Ὀ
1578 1638 1764 1707 μέντοι

182 1736 313 1789 6.066-
330 1751 430 1803 μσς
458 1733 709 1802 βασιλεὺς
736 1732 923 1802 κύριος
954 1732 1132 1797 Λέων,
1157 1734 1184 1785 6
1210 1733 1393 1799 σοφὸς,
1428 1729 1638 1799 βλέπων
1666 1729 1765 1798 τὴν

183 1822 465 1895 ὀρθῶοξον
515 1820 700 1873 πίστιν
757 1820 1166 1891 εὖθηνουμένην
1221 1819 1297 1883 ὡς
1346 1820 1627 1888 ἄμπελον,
1672 1820 1765 1869 καὶ

182 1913 557 1982 αὲξανομένην
606 1912 683 1975 ὡς
716 1913 950 1983 νεόφυτα
1000 1911 1216 1975 ὲλαιῶν,
1269 1910 1456 1980 κύκλῳ
1496 1911 1595 1979 τῆς
1632 1926 1763 1979 τρα-

184 2006 363 2076 πέζης
399 2006 509 2059 τῶν
550 2004 757 2075 ταύτης
801 2003 1130 2073 ἐκκλησιῶν,
1178 2003 1473 2073 διωρίσατο
1506 2004 1561 2055 ἐν
1598 1999 1640 2054 δ’
1672 2001 1764 2053 καὶ

185 2100 242 2148 ἐν
286 2104 348 2149 ιε’
394 2097 584 2167 Neap;
629 2094 958 2166 θεσμοθεσία
1011 2094 1177 2148 αὑτοῦ
1234 2096 1308 2166 μὴ
1346 2096 1507 2165 μόνον
1554 2095 1633 2156 είς
1667 2093 1762 2155 τὰς

186 2192 485 2262 ἐκκλησίας
535 2190 671 2245 ἀλλά
720 2191 815 2244 καὶ
872 2191 953 2253 είς
1002 2190 1129 2253 τοὺς
1186 2190 1510 2259 εὐκτηρίους
1581 2190 1763 2250 οἴκους

186 2284 549 2347 ἀδιαστίκτως
574 2282 971 2355 ίεροτελεστίας
995 2283 1089 2336 καὶ
1122 2282 1473 2352 βαπτίσματα
1497 2281 1759 2347 γίνεσθαι.

185 2377 277 2429 At?)
310 2377 453 2429 κατά
479 2376 579 2446 τὴν
616 2374 821 2428 τούτων
852 2373 1165 2444 περίληψιν,
1197 2374 1224 2425 6
1255 2374 1392 2443 μετά
1423 2372 1763 2443 ἀντιμινσίου

186 2468 588 2539 ἱερουργήσας,
621 2466 654 2537 ἢ
689 2467 957 2535 βαπτίσας
1007 2469 1087 2529 είς
1131 2467 1420 2537 εὐκτήριον
1466 2462 1648 2528 οἷκον,
1690 2464 1764 2535 μὴ

187 2559 481 2629 ίερωθέντα
511 2558 575 2611 δι’
618 2559 916 2626 ὲγκαινίων
945 2558 1216 2622 ἀνοιξίων,
1249 2558 1343 2610 καί⁵
1372 2556 1462 2611 τοῦ
1502 2558 1762 2628 συνήθους

184 2650 561 2719 ἐνθρονισμοῦ,
591 2652 678 2703 ναὶ
707 2650 893 2720 μέντοι
938 2652 1031 2703 καὶ
1060 2649 1151 2702 διὰ
1181 2649 1450 2718 λειψάνων
1482 2650 1651 2714 ἁγίων
1679 2649 1763 2699 ὲν-

186 2742 487 2814 σοριασμοῦ
515 2742 708 2813 (ταῦτα
740 2743 848 2812 γάρ
892 2743 999 2794 είσι
1035 2741 1145 2795 τῶν
1192 2741 1491 2795 καθολικῶν
1529 2740 1759 2807 Ἐκκλη-

188 2837 316 2889 σιῶν
348 2833 879 2904 ἁποθησαυρίσματα
902 2834 997 2888 καλ⁵
1019 2832 1334 2903 ὑψώματα),
1355 2831 1469 2886 ἀλλ’
1496 2831 1573 2895 είς
1599 2831 1764 2902 εὐχὴν

185 2929 441 2997 οἰκιακὴν
472 2926 836 2996 ἀφορισθέντα
868 2924 1099 2991 πιστῶν,
1129 2925 1163 2994 ἢ
1196 2927 1278 2987 εἰς
1313 2924 1551 2978 οἰκίσκον
1580 2924 1766 2977 πλοιαο

187 3020 303 3085 ρίου
348 3019 495 3077 τινὸς
540 3016 1016 3083 ἀποταμιευθέντα
1061 3016 1203 3087 Θεῷ,
1258 3015 1353 3069 καὶ
1381 3016 1561 3083 ἁγίαις
1594 3015 1765 3068 εἰκόσι

186 3108 597 3177 κοσμούμενον,
652 3107 712 3160 οὐ
770 3107 1265 3178 προκριματισθείη
1314 3107 1391 3169 ὡς
1444 3107 1768 3175 παραὸάτης

1862 625 2072 680 Judaici
2107 624 2392 681 Paschalis
2420 625 2633 695 plenam
2670 628 3032 692 vacationem,
3076 635 3300 697 propter
3335 628 3437 685 loci

1865 718 2320 787 singularitatem.
2348 716 2538 771 Canon
2570 726 2752 772 autem
2784 717 2852 773 59
2880 727 3084 773 sanctae
3107 728 3161 773 et
3190 733 3437 774 secume-

1864 811 2002 866 nicaa
2041 812 2237 882 synodi
2257 821 2462 866 coactae
2487 812 2542 866 in
2574 811 2763 866 Trullo
2798 816 2977 882 magni
3014 814 3225 883 palatii,
3256 825 3311 870 et
3345 830 3440 869 ca-

1864 920 1973 958 non
2030 904 2098 958 84
2141 904 2336 976 synodi
2404 904 2884 976 Carthagincnsis,
2932 906 3258 973 depositioni
3306 909 3439 963 sub-

1859 994 2060 1065 jiciunt
2136 1010 2287 1060 eum,
2373 994 2469 1066 qui
2522 997 2576 1050 in
2633 999 2875 1051 oratoria
2953 997 3117 1052 domo
3193 998 3441 1051 divinant

1867 1088 2161 1158 perliciunt
2189 1088 2483 1157 baptisma.
2540 1087 2801 1143 Statuunt
2828 1090 2976 1143 enim
3011 1090 3342 1159 baptismata
3388 1092 3443 1144 in

1866 1179 2156 1235 catholicis
2200 1178 2467 1236 Ecclesiis
2498 1180 2697 1235 debere
2726 1180 2865 1236 ﬁeri.
2923 1181 3029 1236 Sed
3059 1190 3112 1237 et
3146 1183 3209 1237 51
3264 1197 3439 1237 canon

1864 1271 2129 1343 synodiin
2160 1272 2369 1335 Trullo,
2435 1278 2490 1325 ct
2546 1272 2613 1324 12
2657 1285 2831 1326 canon
2877 1273 3068 1341 synodi
3126 1282 3330 1328 coactae
3387 1274 3441 1327 in

1867 1365 2069 1434 templo
2105 1373 2427 1420 sanctorum
2478 1364 2876 1433 apostolorum,
2912 1366 3258 1417 constituunt
3293 1374 3354 1417 ut
3389 1373 3440 1416 et

1866 1456 1918 1509 in
1951 1456 2209 1510 oratoriis
2230 1454 2491 1511 domibus
2516 1454 2841 1525 baptismata
2867 1454 2995 1508 [iant
3026 1470 3148 1509 cum
3169 1455 3441 1524 permissu

1866 1547 2133 1617 episcopi.
2195 1546 2443 1618 lnclytus
2498 1561 2631 1601 sane
2682 1547 2979 1617 imperator
3037 1547 3296 1601 dominus
3331 1545 3441 1599 Leo

1868 1638 2252 1707 philosophus,
2284 1638 2476 1691 videns
2503 1636 2867 1691 orthodoxam
2917 1637 3077 1692 ﬁdem
3134 1636 3439 1690 enuberan—

1867 1740 1970 1782 tem
1993 1737 2050 1781 ut
2082 1730 2266 1794 vitem,
2299 1737 2352 1784 et
2378 1739 2715 1784 crescentem
2772 1738 2829 1783 ut
2880 1730 3147 1783 olivarum
3190 1728 3442 1796 palmites

1869 1818 1920 1868 in
1981 1817 2216 1871 circuitu
2277 1830 2479 1870 mensae
2542 1815 2902 1870 ecclesiarum
2972 1816 3112 1885 ejus.
3198 1815 3444 1871 deﬁnivit

1867 1908 1919 1961 in
1951 1909 1983 1961 4
2018 1917 2071 1962 ct
2098 1909 2163 1961 15
2206 1905 2450 1967 Novella,
2500 1920 2611 1960 non
2650 1914 2861 1960 tantum
2910 1907 2963 1960 in
3012 1908 3300 1962 catholicis
3338 1923 3442 1963 cc-

1867 2000 2077 2059 clesiis,
2113 1999 2207 2054 sed
2232 2008 2285 2053 et
2311 1997 2365 2051 in
2392 1999 2654 2053 oratoriis
2688 1998 2943 2053 domibus
2992 1997 3310 2055 indistincte
3355 2015 3444 2056 sa—

1865 2106 1955 2145 cra
1992 2090 2317 2153 ministeria,
2375 2098 2428 2143 et
2491 2090 2818 2159 baptismata
2880 2089 3017 2143 ﬁeri.
3065 2089 3438 2156 Quamobrem

1862 2182 2018 2248 juxta
2056 2179 2248 2233 harum
2314 2185 2584 2242 tenorem,
2624 2178 2715 2247 qui
2748 2191 2871 2231 cum
2919 2176 3249 2231 antimensio
3284 2193 3442 2232 sacra

1869 2273 2080 2334 fecerit,
2151 2280 2246 2325 aut
2288 2270 2643 2339 baptisaverit
2686 2269 2738 2322 in
2794 2268 3031 2323 oratoria
3092 2267 3276 2331 domo,
3333 2284 3443 2323 non

1867 2371 2191 2419 consecrata
2222 2377 2319 2432 per
2351 2360 2680 2415 initiatorias
2716 2360 3114 2423 dedicationes,
3148 2370 3202 2413 et
3241 2359 3443 2413 solem-

1869 2470 1991 2511 nem
2023 2453 2201 2510 throni
2246 2451 2751 2523 iuaugurationem,
2815 2453 2948 2521 quin
3014 2457 3066 2505 et
3099 2465 3192 2521 per
3221 2456 3443 2504 sancta-

1868 2562 1990 2602 rum
2028 2544 2381 2614 reliquiarum
2437 2540 2705 2597 tumulum
2782 2540 2859 2611 (hi
2912 2541 3056 2596 enim
3090 2548 3218 2596 sunt
3253 2539 3445 2594 catho~

1869 2641 2097 2695 licarum
2124 2637 2497 2693 Ecclesiarum
2533 2636 2778 2690 thesauri
2810 2642 2864 2690 et
2889 2633 3298 2703 cxaltationes),
3347 2633 3442 2688 sed

1871 2734 1922 2787 in
1949 2731 2310 2787 domesticam
2342 2727 2650 2784 orationem
2690 2726 2931 2782 ﬁdelium
2966 2732 3239 2796 separata,
3268 2734 3362 2777 aut
3388 2725 3442 2778 in

1872 2824 2069 2896 navigii
2108 2822 2339 2892 alicujus
2372 2820 2706 2875 domuncula
2738 2819 2846 2875 Deo
2868 2819 3166 2883 destinata,
3223 2828 3278 2872 et
3320 2831 3445 2871 san-

1871 2916 1979 2969 ctis
2040 2913 2369 2984 imaginibus
2400 2920 2614 2977 ornata,
2648 2926 2753 2965 non
2782 2911 3018 2979 patietur
3049 2908 3471 2979 praeiudicium,

1871 3004 2099 3076 perinde
2132 3020 2196 3059 ac
2230 3004 2273 3059 si
2306 3020 2575 3059 canonum
2614 3013 2983 3072 transgressor
3010 3012 3178 3067 esset,
3211 3002 3446 3056 nullam-

1872 3116 1977 3170 que
2014 3114 2200 3181 eorum
2230 3098 2495 3152 rationem
2534 3096 2838 3151 habuisset.
2866 3094 2956 3150 Sic
2989 3095 3136 3150 enim
3163 3093 3444 3158 etclcrici,

188 3202 433 3256 κανῦνων
463 3199 558 3253 καὶ
597 3199 908 3269 ἀδιάφορος.
948 3199 1104 3251 Οὕτω
1135 3198 1242 3269 γὰρ
1276 3199 1372 3251 καὶ
1396 3198 1446 3249 οἱ
1484 3197 1621 3267 μετὰ
1663 3197 1767 3249 τῶν

1875 3194 1967 3263 qui
2003 3201 2130 3249 sunt
2164 3192 2218 3245 in
2259 3192 2650 3259 imperatorum
2700 3189 2985 3254 comitatu,
3024 3188 3078 3241 in
3109 3187 3319 3257 campis
3352 3201 3445 3241 so-

188 3295 612 3366 αὖτοκρατόρων
682 3295 942 3365 ἑπόμενοι
1010 3292 1300 3363 κληρικοὶ,
1366 3292 1448 3355 εἰς
1509 3292 1768 3355 πεδιάδας

189 3388 435 3455 ἐρήμους
514 3387 820 3456 ἱερουργεῖν
897 3384 1315 3448 δεδικαίωνται,
1408 3383 1548 3435 κατά
1610 3382 1769 3451 μόνον

189 3477 250 3529 τὸ
302 3478 386 3539 είς
428 3476 732 3546 ἐκκλησίαν
787 3474 1086 3545 ἀφορισθὲν
1148 3472 1476 3545 βαμϐίκινον
1525 3472 1772 3526 οἰκισκά-

192 3584 334 3639 ριον.

256 3655 587 3724 Ἐρώτησις
612 3655 700 3708 ιδ’.
734 3655 1057 3717 Ἀκινδύνως
1092 3654 1440 3725 ίερουργήσει
1472 3669 1555 3715 τις
1585 3653 1769 3721 ἢσυν-

193 3750 409 3813 ε’ξεται
458 3748 596 3816 μετά
648 3747 961 3818 αίρετικῶν,
1020 3746 1354 3801 Ἰακωϐιτῶν
1410 3743 1615 3813 δηλαδὴ
1680 3744 1773 3796 καὶ

190 3840 596 3912 Νεστοριανῶν,
632 3841 711 3903 είς
763 3839 1063 3909 ἐκκλησίαν
1115 3838 1318 3901 αὐτῶν,
1371 3838 1483 3890 εἴτε
1520 3835 1627 3905 μὴν
1679 3835 1773 3887 καὶ

194 3932 501 4002 ἡμετέραν·
529 3931 562 3999 ἢ
597 3931 781 3999 κοινῆς
812 3931 931 4000 μετ’
963 3930 1141 3982 αὐτῶν
1175 3929 1423 4001 μετάσχῃ
1454 3925 1735 3997 τραπέζης
1755 3940 1768 3954 ⁸

193 4028 477 4097 ἦποιήσει
525 4026 786 4094 ἀνάδοχον
823 4025 888 4077 ὲκ
936 4023 1030 4077 τοῦ
1076 4025 1234 4092 ἁγίου
1289 4024 1695 4093 βαπτίσματος·
1737 4020 1769 4089 ἢ

195 4118 601 4187 κατοιχομένων
685 4117 905 4186 ποιήσει
979 4116 1342 4187 μνημόσυνα·
1393 4113 1426 4183 ἢ
1477 4110 1773 4182 μεταδώσει

195 4210 303 4261 τῶν
376 4210 539 4262 θείων
615 4208 970 4275 ἁγιασμάτων
1036 4208 1256 4270 αύτοϊς;
1322 4205 1388 4257 Ἥ
1445 4202 1776 4272 στενοχωρία

196 4301 306 4369 γὰρ
333 4299 431 4351 τοῦ
466 4299 635 4353 τόπου
680 4297 854 4351 πολλά
900 4296 1126 4353 τοιαῦτα
1161 4297 1326 4349 ποιεῖ.
1378 4296 1490 4349 Καὶ
1540 4293 1689 4361 ζητῶ
1717 4292 1777 4345 τὸ

196 4390 472 4459 ποιητέον.

283 4480 406 4533 ‘Az.
439 4478 529 4548 Μὴ
565 4479 681 4531 δότε
723 4478 791 4532 τὰ
824 4478 957 4545 ἆγια
1005 4479 1117 4539 τοῖς
1172 4476 1330 4530 κυσὶν
1361 4475 1409 4545 (6
1441 4473 1646 4545 Κύριος
1685 4476 1777 4527 καὶ

1874 3288 2069 3342 litariis
2106 3302 2260 3342 sacra
2289 3287 2392 3341 rite
2426 3286 2607 3341 facere
2638 3291 2960 3347 censentur,
2994 3280 3100 3335 sub
3139 3280 3259 3334 solo
3298 3280 3445 3334 bom-

1872 3379 2090 3450 bycino,
2130 3378 2275 3450 quod
2305 3386 2388 3434 est
2419 3378 2662 3435 ecclesia:
2686 3375 3038 3438 destinatum,
3070 3371 3310 3427 tentorio

1945 3659 2113 3715 lmer.
2154 3661 2242 3715 M.
2275 3662 2358 3715 An
2388 3660 2509 3715 sine
2543 3659 2794 3730 periculo
2826 3672 2981 3713 sacra
3017 3657 3100 3711 vel
3137 3666 3258 3710 vota
3286 3656 3450 3710 simul

1875 3750 2034 3805 faciet
2065 3750 2264 3821 aliquis
2285 3766 2408 3806 cum
2455 3751 2751 3817 bmreticis,
2785 3750 3050 3805 Jacobitis
3091 3748 3343 3803 videlicet
3398 3755 3452 3801 et

1873 3842 2233 3911 Nestorianis,
2277 3846 2331 3899 in
2370 3859 2557 3899 eorum
2592 3844 2849 3907 ecclesia,
2884 3844 2968 3898 vel
3029 3844 3196 3896 etiam
3247 3842 3301 3895 in
3350 3856 3451 3894 no-

1876 3939 2019 3997 stra,
2047 3938 2140 3985 aut
2177 3946 2520 3987 communem
2544 3948 2667 3987 cum
2706 3933 2773 3988 iis
2798 3931 3151 4002 participabit
3184 3944 3450 3991 mensam,

1879 4030 1973 4076 aut
1997 4022 2155 4076 faciet
2183 4039 2248 4078 ex
2276 4031 2474 4077 sancto
2492 4023 2710 4077 lavacro
2743 4032 3147 4091 susceptorem,
3180 4029 3272 4073 aut
3302 4035 3454 4074 mor-

1877 4123 2095 4167 tuorum
2130 4113 2436 4167 celebrabit
2490 4114 2811 4175 memorias,
2878 4120 2972 4166 aut
3030 4112 3290 4181 largietur
3346 4108 3455 4162 illis

1876 4204 2093 4259 divinas
2187 4204 2704 4259 sanctiﬁcationes?
2786 4203 2919 4257 Nam
3002 4203 3107 4257 loci
3192 4204 3454 4271 angustiae

1880 4295 2050 4349 multa
2105 4294 2422 4364 huiusmodi
2489 4294 2721 4350 faciunt.
2796 4296 2995 4361 Quer
3056 4298 3187 4367 quid
3248 4296 3455 4350 facien-

1879 4385 2030 4438 dum.

1954 4474 2077 4529 Res.
2107 4474 2187 4532 Ne
2210 4477 2351 4533 detis
2374 4488 2565 4533 sancta
2606 4478 2864 4544 canibus,
2912 4478 3138 4547 (inquit,
3193 4477 3456 4533 Dominus

198 4571 329 4631 Θεὸς
358 4570 519 4638 ἡμῶν
549 4572 817 4640 εἴρηκεν),
860 4570 992 4641 μηδὲ
1028 4569 1226 4639 βάλητε
1255 4568 1384 4631 τοὺς
1435 4568 1767 4636 μαργαρίτας

1882 4574 1935 4621 ct
1968 4567 2113 4624 Deus
2140 4570 2351 4640 noster)
2382 4585 2485 4625 nec
2509 4570 2815 4639 projiciatis
2840 4571 3162 4640 margaritas
3180 4579 3307 4624 ante
3332 4585 3457 4638 por-

199 4661 307 4713 τῶν
334 4662 535 4729 χοίρων
562 4661 916 4731 ἐπίπροσθεν.
954 4661 1055 4714 Διά
1100 4676 1180 4713 τοι
1211 4658 1371 4712 τοῦτο
1398 4658 1493 4712 καὶ
1516 4661 1544 4711 ό
1570 4658 1640 4722 ξδ’
1676 4676 1776 4711 κα·

200 4752 306 4804 νὼν
333 4752 441 4804 τῶν
475 4752 825 4821 θεοκηρύκων
850 4754 1023 4819 ἀγίων
1044 4752 1359 4807 ἀποστόλων
1386 4750 1569 4821 φησὶν,
1599 4749 1667 4802 Εἴ
1691 4767 1775 4813 τις

203 4844 469 4915 κληρικδς
498 4846 531 4917 ἢ
576 4844 766 4905 λαῖκὸς
796 4845 1017 4913 εἰσέλθῃ
1041 4846 1121 4907 εἰς
1158 4842 1479 4912 συναγωγὴν
1506 4842 1775 4896 Ἰουδαίων

202 4936 233 5002 ἧ
294 4934 590 5003 αἱρετικῶν
637 4934 1062 5003 προσεύξασθαι,
1118 4934 1489 5005 καθαιρείσθω
1534 4933 1629 4987 καὶ
1670 4935 1775 5002 ἀφ-

203 5025 495 5094 οριζέσθω.
526 5026 636 5078 Καὶ
659 5029 686 5079 6
704 5024 784 5093 λγ¹
805 5024 986 5080 κανὼν
1006 5026 1107 5094 τῆς
1137 5027 1195 5079 ὲν
1224 5025 1511 5095 Λαοδικείᾳ
1537 5025 1774 5087 συνόδου,

206 5117 344 5170 ἀλλὰ
386 5117 493 5186 μὴν
525 5117 622 5169 καὶ
651 5119 679 5170 6
706 5115 758 5181 ς’
788 5118 882 5170 καὶ
908 5118 936 5169 6
973 5116 1071 5178 λδ’,
1120 5116 1293 5169 ταῦτα
1340 5133 1470 5185 φησι
1518 5118 1647 5187 περὶ
1684 5114 1776 5168 τοῦ

206 5208 514 5275 συγχωρεῖν
568 5207 677 5268 τοῖς
714 5208 1010 5277 αἱρετικοῖς
1050 5205 1277 5258 εἰσιέναι
1312 5206 1393 5269 είς
1430 5202 1576 5259 οἷκον
1620 5203 1776 5272 Θεοῦ,

205 5298 529 5365 ἐπιμένουσι
561 5301 627 5368 τῇ
673 5298 907 5369 αἱρέσει,
943 5298 1026 5352 ὅτι
1057 5300 1131 5352 Οὐ
1166 5298 1246 5351 δεῖ
1304 5298 1568 5368 αἱρετικῴ
1597 5299 1631 5370 ἢ
1662 5315 1779 5369 σχι-

208 5389 463 5459 σματικῷ
488 5391 996 5461 συνεύχεσθαι.”οτι
1016 5392 1075 5444 οὐ
1102 5392 1182 5443 δεῖ
1201 5390 1521 5460 Χριστιανὸν
1547 5394 1782 5459 ἐγκατα-

208 5480 420 5535 λείπειν
462 5484 747 5552 μὰρτυρας
783 5481 1045 5554 Χριστοῦ,
1080 5483 1177 5536 καὶ
1208 5483 1429 5535 ἀπιέναι
1472 5482 1609 5552 πρὸς
1656 5482 1781 5546 τοὺς

207 5577 663 5648 ψευδομάρτυρας
680 5593 694 5607 ·
719 5578 996 5631 τουτέστιν
1018 5576 1349 5646 αίρετικοὺς,
1371 5576 1404 5645 ἢ
1428 5576 1624 5639 αὐτοὺς
1657 5577 1782 5639 τοὺς

213 5668 642 5737 προειρημένους
693 5669 1007 5738 σίρετικοὺς
1063 5668 1410 5736 γενομένους.
1469 5662 1629 5721 Οὗτοι
1674 5670 1783 5738 γὰρ

214 5762 484 5831 meam
518 5759 611 5813 τοῦ
640 5761 775 5812 Θεοῦ
812 5762 1190 5831 τυγχάνουσιν.
1225 5761 1507 5813 Ἔστωσαν
1536 5760 1629 5813 οὖν
1656 5762 1786 5814 ἀνά-

216 5853 353 5921 θ;μκ
390 5856 438 5906 οἱ
473 5853 833 5922 ἀπερχόμενοι
864 5854 998 5922 πρὶς
1021 5853 1233 5916 αυτούς.
1268 5854 1363 5907 Διά
1393 5870 1470 5906 τοι
1501 5853 1657 5906 τοῦτο
1688 5853 1781 5906 καὶ

1880 4674 1995 4715 cos.
2029 4658 2148 4724 Qua
2188 4660 2256 4716 de
2276 4675 2442 4717 causa
2480 4669 2535 4715 et
2566 4663 2949 4729 sexagesimus
2988 4668 3223 4730 quartus
3273 4676 3452 4715 canon

1880 4752 1971 4808 Dei
2002 4768 2315 4823 praeconum
2343 4760 2659 4810 sanctorum
2689 4753 3061 4823 apostolorum
3093 4752 3168 4805 ait
3193 4770 3206 4805 :
3236 4750 3293 4805 Si
3328 4753 3454 4820 quis

1879 4844 2142 4909 clericus,
2167 4854 2263 4898 aut
2293 4845 2492 4911 laicus,
2519 4845 2715 4899 orandi
2757 4858 2924 4896 causa
2958 4842 3243 4911 ingressus
3293 4840 3457 4895 fuerit

1881 4934 1938 4988 in
1970 4948 2306 5005 synagogam
2337 4933 2675 4998 Judacorum,
2708 4934 2793 4993 vel
2840 4932 3245 4997 haereticorum,
3284 4931 3454 5001 depo-

1881 5033 2043 5079 natur
2066 5032 2122 5078 et
2166 5025 2692 5079 cxcommunicetur.
2753 5024 2821 5077 Et
2879 5023 3196 5095 trigesintus
3260 5022 3455 5076 tertius

1882 5130 2061 5171 canon
2094 5115 2412 5171 Laodiceme
2472 5117 2705 5187 synodi,
2745 5116 2876 5171 item
2908 5123 3100 5171 sextus
3147 5122 3201 5167 et
3241 5113 3456 5183 trigesi-

1884 5224 2009 5264 mus
2034 5215 2289 5279 quartus,
2316 5206 2435 5264 haec
2461 5209 2540 5263 ait
2575 5208 2640 5264 de
2660 5208 2821 5263 venia
2854 5204 3035 5261 danda
3082 5204 3364 5260 haereticis
3398 5204 3452 5257 in

1884 5316 1984 5358 sua
2009 5302 2201 5357 haeresi
2231 5300 2609 5369 perstantibus
2641 5298 2985 5369 ingrediendi
3030 5297 3256 5352 domum
3309 5293 3407 5349 Dei
3436 5311 3452 5349 :

1885 5393 2032 5464 quod
2061 5409 2171 5449 non
2194 5402 2413 5464 oportet
2442 5408 2552 5448 una
2585 5407 2710 5446 cum
2749 5390 3008 5446 haeretico
3056 5389 3142 5443 vel
3187 5387 3461 5443 schisma-

1890 5486 1999 5541 tico
2027 5501 2190 5542 orare
2231 5505 2246 5540 :
2280 5486 2439 5552 Quod
2467 5500 2579 5540 non
2609 5493 2828 5555 oportet
2867 5484 3037 5539 ullum
3076 5480 3458 5537 Christianum

1887 5577 2092 5634 Christi
2120 5586 2395 5650 martyras
2424 5580 2766 5649 relinquere,
2799 5587 2850 5633 et
2883 5577 2949 5631 ad
2975 5574 3147 5629 falsos
3167 5582 3459 5642 martyras.

1887 5670 1991 5723 hoc
2020 5677 2104 5723 cst
2136 5670 2442 5731 hzeretieos,
2487 5671 2658 5735 abire,
2690 5670 2772 5722 vel
2795 5683 2913 5731 eos,
2944 5668 3037 5737 qui
3072 5666 3229 5736 prius
3274 5664 3449 5716 hau-e-

1894 5761 1981 5816 tici
2008 5760 2181 5815 fuere.
2222 5760 2288 5815 lli
2334 5762 2481 5816 cnim
2515 5772 2645 5816 sunt
2684 5776 2711 5813 a
2741 5760 2849 5815 Deo
2906 5759 3091 5813 alieni.
3150 5756 3273 5811 Sint
3322 5768 3453 5822 ergo

1893 5850 2204 5920 anathema,
2236 5850 2334 5920 qui
2364 5850 2430 5906 ad
2460 5865 2555 5907 cos
2581 5852 2804 5906 abeunt.
2840 5848 2968 5903 Eam
2996 5849 3064 5903 ob
3102 5862 3214 5901 rem
3251 5854 3303 5899 ct
3354 5856 3454 5897 nos
