4188 6446
723 417 856 482 Ῑθίῗ

2021 415 2155 476 JUS
2188 416 2631 477 CANONICUM

3839 416 3978 481 1018

720 549 1035 599 censemus,
1068 551 1174 589 nou
1203 532 1767 590 exoonuuunicationi
1796 540 2005 586 tantum
2032 538 2086 586 ct
2114 531 2271 601 depo-

2391 528 2552 594 ἡμεῖς
2604 523 2957 592 ψηφιζόμεθα
2995 525 3070 594 μὴ
3103 523 3262 592 μόνον
3312 523 3611 593 ἀφορισμῷ
3641 524 3736 576 καὶ
3783 526 3977 577 καθαι-

719 629 906 683 sitioni
942 627 1316 695 subjiciendos
1351 627 1521 680 laicos
1580 633 1634 679 et
1681 625 1911 680 clericos
1942 631 2066 677 vota
2128 624 2292 678 simul

715 722 976 777 facientes
1005 720 1057 773 in
1095 719 1527 774 orthodoxorum
1559 719 1642 773 vel
1686 719 2065 771 haereticorum
2109 717 2290 772 eccle-

714 815 817 879 sia,
874 819 967 866 aut
1010 813 1330 882 ubicunque
1369 820 1494 865 vota
1549 823 1672 863 cum
1705 809 1782 864 eis
1818 809 1979 863 simul
2026 807 2290 863 facientes

715 905 1001 971 solemnia,
1065 914 1118 960 et
1184 903 1508 960 sacerdotali
1563 917 1737 968 more,
1786 912 1878 956 aut
1913 901 2076 955 etiam
2107 901 2286 956 cibum

713 997 875 1051 simul
908 1007 1208 1062 sumentes,
1241 1012 1425 1052 verum
1461 1004 1516 1051 et
1564 997 1782 1066 gravius
1806 993 2070 1056 coerceri,
2132 993 2288 1062 juxta

712 1091 1024 1145 divinorum
1076 1106 1347 1146 canOnum
1378 1093 1764 1162 praedictorum
1798 1099 2061 1142 tenorem.
2114 1085 2287 1141 Loco.

713 1198 832 1236 rum
883 1185 1025 1238 enim
1055 1185 1322 1255 angustiae
1351 1193 1403 1238 et
1439 1185 1820 1238 haereticorum
1852 1179 2167 1246 multitudo,
2191 1195 2286 1234 or-

711 1274 958 1330 thodoxa:
987 1277 1108 1331 tidei
1147 1293 1251 1331 non
1279 1283 1488 1330 mutant
1512 1275 1899 1343 integritatem.

791 1370 960 1423 Inter.
1001 1370 1093 1423 15.
1126 1367 1338 1436 Captivi
1381 1366 1561 1443 Latini
1594 1372 1650 1419 et
1686 1363 1781 1418 alii
1815 1363 1880 1418 ad
1931 1368 2153 1416 nostras
2199 1376 2283 1415 ac-

707 1461 910 1516 cedunt
945 1459 1247 1513 catholicas
1282 1457 1569 1522 ecclesias,
1595 1465 1646 1511 ct
1679 1455 1971 1525 participes
2021 1452 2135 1505 ﬁeri
2183 1467 2280 1521 po-

706 1555 915 1608 stulant
949 1552 1263 1606 divinarum
1301 1551 1804 1606 sanctiﬁcationum
1851 1568 1864 1605 :
1902 1547 2046 1604 scire
2095 1549 2278 1614 velim,

705 1661 771 1697 an
807 1644 910 1698 hoc
932 1643 1012 1698 eis
1034 1639 1443 1697 concedendum
1476 1640 1568 1694 sit.

771 1821 894 1876 Res.
935 1819 1040 1888 Qui
1067 1837 1172 1875 non
1201 1830 1284 1876 est
1308 1836 1543 1882 mecum,
1579 1829 1768 1875 contra
1796 1837 1878 1876 me
1911 1831 2013 1889 est,
2052 1820 2276 1892 (inquit,

700 1913 947 1967 divinum
978 1912 1358 1982 Evangelium)
1389 1923 1441 1966 et
1474 1913 1564 1980 qui
1617 1928 1727 1966 non
1783 1913 1992 1981 colligit
2038 1927 2274 1975 mecum,

698 2006 981 2076 dispergit.
1011 2004 1280 2070 Quoniam
1305 2003 1468 2073 igitur
1497 2013 1622 2058 ante
1672 2020 1846 2058 annos
1872 2004 2091 2068 multos,
2127 2003 2273 2059 occi-

700 2098 933 2152 dentalis
966 2098 1228 2152 Ecclesiae
1285 2097 1515 2169 (Romm,
1578 2097 1824 2166 inquam)
1857 2097 2089 2151 celebris
2143 2112 2275 2151 con-

698 2195 897 2243 ventus
929 2187 1138 2244 divisus
1172 2197 1254 2243 est
1289 2191 1357 2242 ab
1390 2189 1624 2242 aliorum
1681 2196 1919 2257 quatuor
1951 2196 2269 2243 sanctorum

696 2281 1126 2347 patriarcharum
1162 2280 1395 2349 spiritali
1425 2281 1835 2341 communione,
1871 2289 1924 2334 et
1968 2280 2035 2333 ad
2089 2294 2272 2334 m0res

696 2373 1056 2444 institutaque
1089 2373 1332 2438 divertit,
1371 2389 1399 2427 a
1449 2373 1719 2428 catholica
1774 2372 2042 2436 Ecclesia,
2097 2379 2152 2424 ct
2203 2371 2270 2424 ab

694 2463 1013 2518 urthodoxis
1039 2464 1214 2519 aliena
1254 2482 1266 2517 :
1301 2479 1464 2533 quam
1493 2463 1563 2517 ob
1586 2479 1806 2517 causam
1835 2478 2010 2532 neque
2043 2462 2185 2532 Papa
2216 2463 2268 2515 in

693 2555 892 2609 divinis
925 2555 1419 2610 sacriﬁcationibus
1449 2565 1476 2604 γ
1512 2556 1788 2611 communi
1819 2556 2267 2625 patriarchalium

694 2647 977 2701 nominum
1015 2649 1278 2703 relatione
1332 2648 1528 2719 dignus
1571 2649 1809 2703 habetur
1865 2665 1880 2701 :
1940 2663 2048 2702 non
2109 2647 2269 2703 debet

693 2735 1001 2793 Latinicum
1055 2755 1224 2810 genus
1273 2757 1438 2794 manu
1495 2741 1822 2795 sacerdotali
1869 2756 1968 2811 per
2002 2740 2185 2795 divina
2216 2748 2269 2795 et

693 2831 1037 2885 immaculata
1103 2833 1359 2902 mysteria
1433 2832 1784 2899 sanctiﬁcari,
1849 2833 1955 2888 nisi
2031 2833 2269 2902 deponat

692 2922 868 2990 prius,
903 2938 959 2977 se
990 2938 1020 2976 a
1051 2922 1315 2978 Latinicis
1363 2925 1634 2980 institutis
1682 2933 1737 2980 et
1772 2923 2267 2979 consuetudinibus

692 3012 1100 3078 abstenturum,
1135 3024 1188 3069 et
1216 3015 1516 3071 secundum
1553 3031 1792 3073 canones
1819 3017 2121 3073 instructus
2151 3014 2270 3070 fue-

690 3104 781 3171 rit,
806 3114 860 3160 et
891 3107 1212 3165 orthodoxis
1244 3109 1586 3179 adaequatus.

764 3283 932 3338 Inter.
966 3285 1050 3339 16.
1086 3285 1403 3340 Divinarum
1431 3287 1928 3341 sanctiﬁcationum
1959 3285 2262 3354 assumptio

690 3375 977 3430 arbitraria
1013 3385 1094 3432 cst
1145 3378 1426 3431 monachis
1454 3378 1728 3441 omnibus,
1757 3378 1971 3433 clericis
2003 3386 2054 3432 et
2090 3377 2262 3441 laicis,

691 3467 782 3534 qui
818 3484 926 3523 non
951 3478 1077 3524 sunt
1113 3471 1373 3538 prohibiti
1414 3490 1425 3522 :
1472 3482 1528 3524 ut
1559 3470 1810 3539 quotidie
1853 3469 1966 3525 fere
2007 3486 2103 3539 per
2144 3485 2261 3524 eam

690 3558 1024 3612 sanctiﬁcari
1067 3561 1302 3628 possint.
1335 3561 1413 3613 An
1445 3569 1506 3613 ut
1540 3562 1641 3615 sub
1691 3560 1930 3630 pondere
1979 3561 2213 3627 libratur
2241 3569 2259 3595 τ

689 3650 926 3704 munus?
957 3648 1061 3704 Sed
1096 3662 1149 3704 et
1180 3654 1232 3705 in
1265 3652 1351 3713 iis,
1387 3653 1477 3720 qui
1507 3651 1571 3704 ad
1604 3652 2084 3722 congregationem
2128 3667 2262 3706 con-

690 3741 936 3804 veniunt,
989 3741 1369 3795 necessitatem
1407 3743 1570 3796 habet
1608 3743 1732 3798 boni
1784 3744 2149 3814 participatio,
2192 3759 2259 3797 an

688 3830 978 3884 arbitraria
1010 3839 1115 3897 est,
1155 3841 1206 3886 et
1241 3841 1542 3901 spontauea
1572 3834 1594 3885 ?

756 4007 878 4062 Res.
912 4007 1383 4074 Quemadmodum
1441 4013 1556 4082 lege
1588 4020 1852 4066 statutum
1886 4022 1966 4066 est
1992 4025 2039 4076 ι,
2079 4011 2259 4082 dignis

685 4100 799 4154 dari
859 4102 1154 4171 dignitates
1187 4143 1200 4166 ,
1258 4105 1338 4158 sic
1386 4114 1598 4170 sancta,
1651 4104 1877 4158 sanctis.
1936 4102 2261 4172 Quicunque

685 4194 850 4262 igitur
877 4209 971 4262 per
996 4196 1118 4249 vita:
1148 4195 1542 4266 integritatem,
1577 4195 1719 4250 viam
1767 4196 1868 4250 sibi
1903 4195 1970 4249 ad
2011 4195 2255 4249 divinam

683 4285 1158 4355 participationem
1208 4288 1653 4356 complanarunt,
1697 4288 1816 4342 sine
1869 4287 2258 4357 impedimento

685 4377 1061 4430 admittentur.
1094 4377 1283 4448 Neque
1313 4381 1457 4432 enim
1492 4379 1544 4432 hi
1577 4379 1803 4433 omnino
1834 4395 1978 4443 eam,
2035 4391 2094 4431 ut
2142 4394 2254 4432 rem

683 4467 986 4532 quamlibet
1034 4467 1218 4531 aliam,
1264 4467 1681 4538 aggrediemur,
1729 4471 1772 4524 si
1826 4471 2012 4541 gratiae
2067 4469 2255 4522 altitu-

2401 617 2548 686 ρέσει
2602 613 3106 667 καθυποὸάλλεσθαι
3142 615 3266 677 τοὺς
3305 614 3530 676 λαῖκούς
3556 633 3613 667 τε
3643 616 3739 668 καὶ
3781 615 3975 684 κληρι-

2399 705 2546 769 κοὺς,
2578 705 3013 773 συνευχομένους
3047 707 3105 757 ἐν
3143 704 3412 776 ἐκκλησίᾳ
3439 706 3738 776 ὀρθοδὸξων
3763 709 3796 776 ἢ
3825 710 3976 776 αἰρε-

2394 797 2582 858 τικῶν,
2617 799 2651 867 ἦ
2681 797 3021 865 ὁπουδήποτε
3083 798 3510 867 συνευχομένους
3552 799 3736 862 αὐτοῖς
3771 802 3976 869 ἱερατι-

2395 884 2592 956 κῶ;,ῆ
2645 885 2751 956 μὴν
2787 886 2879 938 καὶ⁵
2927 886 3341 947 συνεσθίοντας·
3401 886 3538 940 ἀλλὰ
3569 889 3661 939 καὶ
3707 891 3974 957 μειζόνως

2393 977 2739 1043 κολάζεσθαι,
2774 977 2915 1031 κατὰ
2952 977 3050 1048 τὴν
3080 978 3190 1030 τῶν
3220 976 3499 1048 ῥηθέντων
3540 979 3700 1032 θείων
3729 982 3974 1033 κανόνων

2394 1068 2709 1138 περίληψιν.
2747 1069 2807 1120 'H
2836 1070 2944 1138 γὰρ
2974 1069 3307 1138 στενοχωρία
3329 1069 3439 1121 τῶν
3467 1070 3668 1134 τόπων,
3697 1073 3790 1123 καὶ
3816 1074 3844 1124 ὁ
3864 1073 3975 1124 τῶν

2394 1163 2684 1230 αἱρετικῶν
2708 1161 3026 1232 πληθυσμὸς
3049 1162 3147 1232 τῆς
3174 1162 3451 1231 ὀρθοδόξου
3491 1164 3729 1226 πίστεως
3753 1165 3815 1216 οὐ
3841 1182 3974 1233 μετ-

2392 1253 2593 1324 ήμειψε
2624 1253 2722 1323 τὴν
2757 1253 3147 1322 ἀκεραιότητα.

2459 1344 2787 1412 Ἐρώτησις
2851 1352 2935 1402 ιε’.
2985 1345 3336 1416 Αἰχμά).ωτοι
3403 1346 3622 1399 Λατῖνοι
3689 1349 3785 1400 καὶ
3845 1349 3970 1402 ἓτε-

2392 1455 2474 1506 ροι
2514 1437 2976 1508 παρουσιάζουσιν
3020 1441 3100 1502 είς
3173 1438 3273 1501 τὰς
3323 1439 3620 1500 καθολικὰς
3668 1441 3970 1510 ἐκκλησίας

2385 1530 2565 1599 ἡμῶν,
2599 1531 2693 1584 καὶ
2736 1529 2960 1597 ζητοῦσι
2996 1531 3319 1600 μεταλαϐεῖν
3346 1532 3454 1586 τῶν
3483 1531 3643 1585 θείων
3684 1535 3968 1602 ἁγιασμά-

2385 1641 2512 1678 των.
2583 1625 2645 1677 El
2715 1623 2846 1692 γοῦν
2894 1624 3235 1695 ἐκχωρητέον
3284 1623 3441 1678 τοῦτό
3501 1625 3639 1689 ἐστι,
3691 1625 3967 1694 ζητοῦμεν

2389 1713 2602 1783 μαθεῖν.

2469 1806 2600 1858 Ἀπ’.
2645 1805 2705 1859 '0
2747 1808 2820 1878 μὴ
2882 1807 2957 1862 ὢν
2992 1812 3114 1878 μετ’
3173 1810 3333 1880 ἐμοῦ,
3380 1813 3503 1866 κατ’
3545 1812 3680 1882 ἐμοῦ
3715 1813 3830 1866 ἐστι
3881 1816 3968 1882 (τὸ

2312 1873 2352 1926 Β
2385 1895 2527 1948 θεῖον
2558 1873 2760 1968 ἔφησεν
2796 1873 3153 1966 Εὐαγγέλιον)
3183 1873 3330 1956 ’.καί
3365 1905 3392 1955 ό
3423 1903 3497 1973 μὴ
3545 1873 3795 1971 συνάγων
3845 1873 3966 1975 μετ’

2379 1991 2534 2059 ἐμοῦ,
2572 1991 2875 2062 σκορπίζει.
2922 1993 3074 2046 Ἐπεὶ
3103 1994 3194 2047 οῦν
3228 1995 3335 2065 πρὸ
3361 1997 3569 2065 χρόνων
3600 1998 3810 2050 πολλῶν
3854 2000 3964 2051 ἀπο

2377 2084 2598 2153 εσχίσθη
2631 2085 2728 2154 τῆς
2755 2086 2977 2156 δυτικῆς
2999 2086 3332 2157 Ἐκκλησίας
3364 2088 3486 2158 (τῆς
3517 2088 3734 2158 Ῥώμης
3756 2089 3964 2158 φαμὲν)

2374 2176 2434 2228 τὸ
2468 2176 2812 2247 περιώνυμον
2846 2178 3121 2248 ἄθροισμα
3151 2179 3214 2230 ἐκ
3244 2180 3343 2248 τῆς
3374 2179 3485 2232 τῶν
3519 2180 3722 2250 ἐτέρων
3753 2182 3967 2234 τεσσά-

2378 2283 2485 2336 ρων
2537 2268 2708 2334 ἀγίων
2764 2269 3121 2339 πατριαρχῶν
3186 2270 3566 2339 πνευματικῆς
3632 2271 3963 2332 κοινωνίας,

2379 2360 2471 2413 καὶ
2504 2360 2892 2430 ἀπεσχοινίσθη
2931 2361 3068 2430 πρὸς
3113 2361 3208 2431 ἔθη
3258 2363 3352 2414 καὶ
3399 2362 3647 2430 δόγματα
3686 2363 3782 2430 τῆς
3823 2362 3964 2414 καθ-

2371 2451 2559 2520 ολικῆς
2591 2451 2916 2521 Ἐκκλησίας
2964 2453 3058 2505 καὶ
3088 2451 3196 2505 τῶν
3225 2453 3522 2520 ὀρθοδὸξων
3549 2453 3827 2523 ἀλλότρια.
3859 2455 3963 2506 Διὰ

2372 2543 2482 2612 γὰρ
2536 2540 2694 2595 τοῦτο
2762 2543 2887 2596 οὕτε
2954 2544 3011 2596 ἐν
3063 2545 3186 2606 ταῖς
3251 2544 3424 2607 θείαις
3500 2546 3960 2614 ίεροτελεστίαις,

2373 2636 2560 2704 κοινῆς
2620 2637 2729 2688 τῶν
2811 2636 3231 2707 πατριαρχικῶν
3308 2637 3589 2707 ὀνομάτων
3675 2639 3962 2709 ἁναᾳορᾶς

2371 2728 2397 2779 ὁ
2429 2727 2616 2788 πάπας
2667 2728 2920 2796 ἠξίωται,
2973 2728 3075 2780 οὐκ
3111 2727 3314 2796 ὀφείλει
3360 2729 3516 2795 γένος
3569 2729 3858 2783 Δατινικὺν
3894 2732 3963 2783 ἐκ

2372 2819 2552 2889 χειρὸς
2608 2822 2888 2890 ἱερατικῆς
2919 2820 3005 2875 διὰ
3047 2821 3157 2875 τῶν
3189 2821 3350 2876 θείων
3393 2821 3487 2874 καὶ
3519 2821 3810 2890 ἁχράντων
3852 2841 3961 2892 μυ-

2373 2912 2609 2982 στηρίων
2658 2912 3028 2978 ἁγιάζεσθαι·
3085 2914 3133 2965 εί
3187 2914 3261 2983 μὴ
3313 2912 3622 2982 κατάθηται
3686 2917 3961 2984 πρότερον

2369 3005 2670 3074 ἀπέχεσθαι
2685 3005 2796 3058 τῶν
2815 3005 3120 3060 Λατινικῶν
3137 3007 3421 3076 δογμάτων
3438 3023 3496 3058 τε
3513 3007 3609 3058 καὶ
3628 3007 3958 3074 πνηθειὼν,

2369 3097 2465 3148 καὶ
2511 3097 2654 3150 κατὰ
2707 3099 2940 3161 κανόνας
2988 3097 3298 3170 κατηχηθῇ,
3349 3098 3445 3151 καὶ
3495 3099 3607 3160 τοῖς
3646 3097 3960 3166 ὀρθοδόξοις

2371 3185 2629 3257 ἐξισωθῇ.

2292 3247 2337 3307 c
2415 3247 2761 3346 *Ἐρώτησις
2787 3287 2885 3344 ις’.
2933 3279 2999 3332 Ἦ
3043 3280 3153 3332 τῶν
3191 3278 3352 3332 θείων
3382 3280 3744 3348 ἁγιασμάτων
3777 3281 3956 3350 μετά-

2368 3370 2530 3440 ληψις
2582 3372 2902 3441 αὐθαίρετός
2932 3373 3050 3424 ἐστι
3081 3374 3215 3425 πᾶσι
3265 3375 3378 3434 τοῖς
3432 3371 3506 3441 μὴ
3544 3373 3958 3438 κεκωλυμένοις

2371 3465 2625 3532 μοναχοῖς
2677 3463 2959 3531 κληρικοῖς
2985 3479 3044 3516 τε
3077 3462 3171 3516 καὶ
3214 3461 3422 3524 λαῖκοῖς
3443 3479 3459 3493 ο
3493 3462 3634 3514 ὥστε
3685 3462 3957 3515 δύνασθαι

2366 3553 2589 3615 τούτους
2630 3553 2751 3606 καθ’
2799 3554 3037 3622 ἑκάστην
3065 3553 3253 3622 σχεδὸν
3279 3553 3345 3605 δι’
3382 3553 3549 3621 αὐτῆς
3595 3553 3956 3618 ἁγιάζεσθαιο

2365 3646 2398 3714 ἢ
2427 3644 2501 3707 ὡς
2533 3644 2640 3697 ὑπὸ
2672 3645 2920 3714 στάθμης
2957 3645 3370 3712 ζυγοστατεῖται
3394 3644 3454 3696 τὸ
3477 3644 3706 3713 δώρημα
3733 3662 3748 3709 ;
3786 3646 3956 3697 Ἃ).λὰ

2367 3738 2604 3799 καὶτοῖς
2655 3737 2860 3790 τούτων
2910 3736 3364 3806 ἐκκλησιάζουσιν
3395 3737 3784 3805 ἀναγκαστική
3835 3739 3954 3789 ἐστι

2366 3828 2460 3882 τοῦ
2498 3828 2704 3895 ἀγαθοῦ
2736 3831 2769 3898 ή
2803 3828 3124 3896 μετάληψις,
3156 3827 3188 3896 ἢ
3227 3829 3557 3897 προαιρετέα
3582 3829 3677 3880 καὶ
3714 3827 3955 3880 αὐτοκέ-

2364 3918 2621 3982 λευστος;

2440 4012 2562 4062 Ἀπ.
2613 4011 2700 4071 Ὠς
2733 4010 3044 4078 νενόμισται
3068 4009 3308 4062 δίδοσθαι
3338 4012 3449 4072 τοῖς
3477 4009 3646 4072 ἀξίοις
3683 4010 3753 4062 τὰ
3788 4010 3954 4073 ἀξιώ-

2367 4119 2529 4171 ματα,
2565 4102 2704 4155 οὕτω
2734 4104 2964 4162 καὶτοῖς
3009 4103 3185 4168 ἁγίοις
3217 4103 3284 4154 τὰ
3317 4102 3467 4168 ἅγια.
3505 4102 3663 4153 Ὅσοι
3695 4101 3832 4166 γοῦν
3857 4103 3948 4154 διὰ

2361 4193 2708 4263 καθαρότητα
2759 4194 2872 4262 βίου
2930 4193 3030 4260 τῆς
3079 4193 3232 4254 θείας
3285 4192 3641 4262 μεταλήψεως
3689 4194 3792 4261 τὴν
3826 4195 3950 4246 ὁδον

2361 4286 2544 4346 αὐτοῖς
2591 4286 2969 4353 ἐξωμάλισαν,
3016 4284 3515 4354 άπαρεμποδίστως
3562 4285 3947 4354 δεχθήσονται.

2361 4378 2584 4438 Πάντως
2619 4377 2728 4444 γὰρ
2773 4376 2894 4428 οὐδὲ
2944 4375 3098 4427 αὐτοὶ
3142 4375 3346 4443 ταύτης
3390 4373 3465 4436 ὡς
3511 4377 3742 4442 τυχαίας
3778 4394 3951 4429 κατα-

2359 4468 2713 4536 τολμήσουσι,
2747 4466 3143 4528 κατανοοῦντες
3174 4468 3233 4519 τὸ
3261 4465 3396 4534 ὕψος
3438 4466 3537 4536 τῆς
3569 4469 3818 4536 χάριτος,
3853 4471 3950 4521 καὶ

684 4559 866 4611 dinem
935 4558 1326 4624 considerent,
1397 4568 1451 4615 et
1509 4564 1834 4617 sacramenti
1919 4560 2250 4630 magnitudi-

2370 4558 2452 4610 τοῦ
2489 4559 2793 4628 μυστηρίου
2819 4561 2877 4610 τὺ
2912 4557 3165 4627 μέγεθος.

683 4663 831 4700 nem.

751 4738 880 4804 Cogi
906 4749 1082 4793 autem
1102 4756 1426 4811 quemquam
1445 4743 1655 4797 divinas
1685 4743 2143 4799 sanctiﬁcationes
2167 4758 2257 4798 as-

683 4843 919 4898 sumere,
974 4845 1079 4883 non
1131 4833 1348 4900 placuit.
1387 4833 1504 4888 Etsi
1555 4837 1696 4889 enim
1749 4837 1913 4907 aliqui
1959 4837 2257 4904 apostolico

683 4922 715 4972 9
761 4936 970 4974 canone
1021 4924 1125 4986 usi,
1177 4925 1279 4993 (sic
1328 4926 1626 4995 inquicnte,
1680 4927 2004 4998 Quicunque
2064 4927 2255 4983 ﬁdeles

683 5013 1065 5079 ingrediuntur
1107 5023 1158 5069 et
1207 5016 1516 5085 Scripturas
1571 5019 1820 5081 audiunt,
1856 5020 1908 5072 in
1944 5021 2256 5087 precatione

686 5111 863 5155 autem
907 5112 961 5159 et
1015 5120 1172 5160 sacra
1230 5111 1611 5164 communione
1657 5125 1764 5164 non
1814 5117 2154 5178 permanent,
2195 5119 2255 5164 ut

684 5192 943 5248 Ecclesia:
992 5197 1368 5252 confusionem
1426 5199 1734 5266 aﬂerentes,
1771 5201 2045 5270 segregari
2093 5214 2253 5268 opor-

686 5288 782 5354 tet)
817 5286 986 5340 velint
1028 5303 1142 5351 eos,
1175 5291 1263 5359 qui
1294 5292 1347 5343 in
1375 5291 1666 5346 ecclesiam
1703 5293 2056 5354 conveniunt,
2089 5292 2253 5346 etiam

688 5375 883 5429 invitos
931 5379 1050 5447 cogi
1101 5381 1315 5433 divinas
1360 5397 1576 5436 sumere
1637 5382 2100 5438 sanctiﬁcationes
2154 5398 2254 5437 nos

686 5474 865 5518 tamen
914 5483 1176 5524 canonem
1229 5487 1333 5525 non
1385 5473 1464 5526 sic
1513 5474 1952 5542 interpretamur.
2007 5473 2072 5526 Et
2108 5474 2251 5527 enim

687 5552 871 5610 tidelcs
904 5559 1118 5626 quidem
1156 5563 1220 5616 ad
1274 5563 1430 5618 ﬁnem
1463 5578 1634 5632 usque
1662 5564 1830 5618 divini
1887 5563 2158 5630 sacriﬁcii,
2200 5571 2253 5618 et

2447 4738 2890 4803 Ἀναγκαστικῶς
2911 4739 2968 4791 δέ
2997 4756 3148 4802 τινας
3171 4739 3280 4792 τῶν
3310 4741 3470 4792 Θείων
3500 4740 3945 4810 μεταλαμϐάνειν

2368 4832 2726 4898 ἁγιασμάτων
2754 4833 2812 4884 οὐ
2845 4832 3117 4884 δέδοκται.
3149 4832 3264 4885 Κᾶν
3289 4833 3395 4902 γάρ
3418 4849 3562 4896 τινες
3592 4833 3670 4902 τῷ
3706 4835 3944 4886 ἀποστο-

2367 4922 2504 4992 λικῷ
2528 4920 2570 4974 θ’
2593 4923 2777 4974 κανόνι
2798 4924 3154 4992 χρησαμένοι,
3178 4924 3277 4992 (τῷ
3301 4923 3442 4976 οὕτω
3459 4924 3696 4991 λέγοντιο
3728 4927 3946 4987 Πάντας

2363 5017 2488 5078 τοὺς
2507 5017 2772 5078 εἰσιόντας
2789 5018 3012 5078 πιστοὺς
3031 5017 3249 5069 καὶτῶν
3268 5019 3500 5087 Γραφῶν
3527 5018 3940 5086 ἀκροωμένους,

2366 5108 2440 5177 μὴ
2477 5108 2891 5177 παραμένοντας
2921 5109 2978 5160 δὲ
3021 5113 3086 5179 τῇ
3120 5112 3395 5180 προσευχῇ
3428 5127 3521 5160 και
3553 5112 3618 5178 τῇ
3648 5110 3783 5180 ἁγίᾳ
3845 5129 3939 5179 με.

2361 5200 2613 5269 “mihi,
2668 5200 2744 5262 ὡς
2807 5202 3035 5264 ἀταξίαν
3087 5201 3452 5270 ἐμποιοῦντας
3510 5203 3577 5270 τῇ
3642 5201 3943 5272 Ἐκκλησία

2365 5291 2718 5361 ἀφορίζεσθαι
2751 5292 2885 5363 δεῖ),
2922 5292 3134 5344 θέλουσι
3185 5293 3242 5345 δὲ
3287 5296 3413 5353 τοὺς
3475 5291 3946 5359 ἐκκλησιάζοντας

2362 5385 2469 5436 τῶν
2490 5384 2648 5436 θείων
2679 5384 3120 5453 μεταλαμῦἁνειν
3150 5383 3511 5454 ἁγιασμάτων
3545 5384 3639 5434 καὶ
3664 5383 3905 5444 ἄκοντας
3929 5399 3941 5412 ·

2363 5475 2476 5528 ἀλλ’
2508 5477 2638 5544 ἡμῖν
2667 5476 2808 5529 οὕτω
2847 5477 2914 5528 τὰ
2948 5476 3042 5528 τοῦ
3084 5477 3306 5537 κανόνος
3355 5477 3455 5528 οὐκ
3505 5474 3936 5541 ἐκλαμεάνεταν..

2375 5566 2790 5634 Ἑκκλησιάζειν
2829 5568 2926 5635 μὲν
2953 5567 3060 5636 γὰρ
3103 5568 3230 5630 τοὺς
3261 5567 3488 5631 πιστοὺς
3531 5565 3696 5635 μέχρι
3751 5565 3940 5627 τέλους

1985 5723 2216 5778 νΑΒιᾹΞ
2255 5721 2658 5779 LECTIONLS.

763 5828 785 5866 3'
820 5827 869 5875 ιη
903 5828 1070 5880 sacris
1114 5845 1169 5882 (τι
1192 5836 1446 5888 mnontts.

1534 5845 1552 5870 ι
1589 5837 1720 5889 velut
1757 5837 1823 5888 ad
1852 5835 2051 5891 lancem
2083 5836 2422 5903 ponderatur.

2519 5849 2538 5875 ⁸
2576 5854 2717 5890 more
2763 5849 3018 5906 recrpmm
3079 5849 3171 5890 est.
