4188 6446
195 435 329 498 lOlO

1468 435 1512 493 G
1527 433 2180 496 R.ECO-ROMANUM.

3322 429 3459 492 1050

184 552 280 618 τῆς
337 549 490 611 θείας
543 547 962 618 ἱεροτελεστίας,
1022 547 1116 602 καὶ
1173 547 1272 616 τῆς
1305 547 1616 610 τελευταίας
1673 546 1755 600 τοί

1875 545 2078 600 ultimae
2110 544 2470 599 sacriﬁcantis
2501 541 2836 614 precationis
2886 544 3458 616 rcmunerationisque

185 640 596 711 ίερουργοῦντος
621 640 807 710 εὐχῆς,
865 640 962 694 καὶ
1015 641 1108 694 τοῦ
1137 638 1434 710 ἀντιδώρου
1466 638 1569 709 τῆς
1587 656 1769 705 ⁸μετα-

183 731 423 800 λήψεως,
486 729 874 800 ψηφιζόμεθαο
919 729 1015 783 καὶ
1078 731 1192 792 τοῖς
1235 727 1377 782 οὕτω
1431 731 1506 799 μὴ
1555 729 1768 782 ποιοῦσι

181 826 278 892 τὴν
299 826 362 876 ὲκ
397 823 490 876 τοῦ
519 825 746 886 κανόνος
781 824 1099 892 ἐπισείομεν
1133 824 1535 890 ἀγανάκτησιν.
1583 824 1768 876 Μετα-

181 915 480 984 λαμδάνειν
511 915 568 968 δὲ
598 915 797 979 αὐτοὺς
826 916 927 968 οὐκ
961 915 1369 983 ἀναγκάζομεν,
1405 915 1493 968 διὰ
1540 914 1637 984 τὴν
1670 915 1769 983 τῆς

183 1007 543 1075 συνειδήσεως
575 1005 829 1074 βάσανον.
867 1005 1208 1074 Προσεκτέον
1238 1002 1353 1068 οῦν,
1378 1005 1520 1058 κατὰ
1544 1004 1642 1075 τὴν
1672 1006 1765 1058 τοῦ

181 1099 442 1169 ῥηθέντος
489 1099 712 1160 κανόνος
759 1097 1076 1167 περίληψιν,
1135 1101 1212 1167 μὴ
1273 1098 1627 1160 ἀσυντάκτως
1700 1099 1766 1152 ὲκ

179 1191 281 1257 τῆς
333 1191 650 1260 ἱερουργίας
705 1189 1010 1258 ὑποχωρεῖν
1067 1191 1192 1252 τοὺς
1255 1189 1761 1258 ἐκκλησιάζοντας·

180 1282 292 1333 ἀλλ’
317 1282 440 1333 ἐπεὶ
469 1281 606 1350 αὕτη
642 1279 704 1331 ἐκ
728 1296 787 1331 τε
821 1281 921 1348 τῆς
954 1278 1198 1343 Παλαιᾶς
1228 1278 1504 1348 Διαθήκης
1531 1281 1624 1331 καὶ
1652 1278 1752 1346 τῆς

177 1374 324 1435 Νέας
360 1375 440 1434 εἰς
486 1373 615 1440 μίαν
664 1371 972 1439 ταυτότητα
1009 1370 1398 1440 μεγαλύνεται,
1465 1373 1558 1423 καὶ
1595 1371 1760 1440 μέχρι

182 1467 283 1533 μὲν
310 1465 413 1534 τῆς
443 1464 553 1517 τῶν
596 1465 768 1531 ἁγίων
815 1463 1168 1530 Εῦαγγελίων
1212 1461 1624 1531 ἁνακηρῦξεως,
1663 1462 1762 1530 τῆς

176 1561 470 1626 Δαυίτικῆς
503 1560 732 1627 κινύρας
785 1556 852 1609 τὰ
886 1556 1304 1626 ψαλτῳδήματα
1330 1555 1422 1608 τοῦ
1462 1554 1760 1624 μυστηρίου

174 1651 270 1719 τὴν
302 1649 535 1716 δύναμιν
578 1645 908 1715 ἁγιάζουσι·
946 1646 1085 1717 μετὰ
1120 1645 1178 1700 δέ
1213 1645 1419 1714 ταύτην
1467 1645 1567 1712 τῆς
1613 1646 1764 1699 ἀναι-

177 1743 388 1809 μάκτου
416 1741 605 1804 θυσίας
636 1741 944 1808 ἀνοίγονται
971 1741 1039 1792 τά
1069 1739 1361 1810 προαύλια,
1394 1738 1761 1807 ἐπιτρέποντα

175 1836 266 1886 καὶ
295 1838 411 1896 τοῖς
433 1832 752 1904 ἀρχιερεῦσι
779 1833 840 1886 τὸ
869 1833 967 1902 μὲν
1003 1833 1318 1901 ἐπωμάδιον
1353 1831 1665 1900 ὠμοφόριον
1697 1830 1756 1883 τὸ

1875 636 2667 708 participationis,interesse
2733 635 2987 690 concioni
3054 638 3255 694 debere
3322 654 3456 696 cen-

1874 745 2081 786 semus.
2119 729 2181 783 Et
2230 728 2296 782 iis
2328 767 2342 791 ,
2393 728 2486 796 qui
2527 729 2606 782 sic
2637 743 2743 782 non
2800 728 3029 793 faciunt,
3081 731 3310 785 canonis
3367 732 3454 784 in-

1872 823 2247 892 dignationem
2319 821 2602 874 vibramus
2659 841 2670 874 :
2726 822 3061 891 participare
3115 833 3296 878 autem
3357 840 3452 880 eos

1873 930 1982 972 non
2035 918 2302 986 cogimus,
2347 915 2418 970 ob
2465 915 2819 968 conscientia:
2868 923 3224 970 tormentum.
3258 916 3452 971 Anim-

1870 1009 2261 1062 advertendum
2301 1009 2486 1076 igitur,
2516 1006 2675 1075 juxta
2711 1007 2954 1073 praedicti
3007 1009 3236 1062 canonis
3297 1017 3452 1062 teno-

1871 1117 2009 1163 rem,
2080 1117 2148 1155 ne
2200 1102 2291 1169 qui
2360 1100 2656 1156 conventni
2709 1099 3003 1161 intersunt,
3066 1100 3374 1156 inordinate
3420 1118 3450 1155 a

1870 1195 2139 1250 sacrilicio
2201 1201 2565 1248 revertantur.
2605 1192 2709 1247 Sed
2750 1207 2875 1246 cum
2918 1192 3096 1259 ipsum
3149 1208 3214 1246 ex
3267 1195 3449 1250 Veteri

1867 1285 2129 1355 Novoque
2181 1284 2530 1339 Testamento
2578 1285 2694 1352 pari
2743 1284 2905 1338 modo
2959 1284 3358 1352 magniﬁcetur,
3395 1297 3448 1340 et

1867 1377 1934 1430 ad
1977 1377 2349 1432 recitationem
2376 1376 2596 1445 quidem
2640 1390 2813 1443 usque
2842 1384 3155 1429 sanctorum
3207 1374 3449 1446 Evange-

1868 1471 2086 1532 liorum,
2120 1471 2389 1524 Davidica:
2424 1471 2648 1524 cithara:
2681 1470 2924 1522 carmina
2976 1471 3305 1524 sacramenti
3351 1487 3446 1523 cc-

1867 1559 2074 1616 lebrent
2106 1569 2428 1629 potestatem
2466 1577 2478 1612 :
2511 1569 2694 1628 postea
2721 1568 2902 1613 autem
2930 1559 3226 1613 incruenta:
3258 1560 3447 1615 hostia‘

1865 1654 2186 1721 aperiantur
2219 1652 2513 1717 vestibula,
2569 1652 2909 1707 antistitibus
2946 1653 3318 1722 permittentis
3348 1668 3445 1707 su-

1864 1743 2296 1811 perhumeralem
2330 1744 2587 1796 amictum
2629 1741 2921 1811 deponere,
2962 1741 3054 1810 qui
3096 1742 3216 1814 agni
3275 1741 3444 1811 ﬁgura

1863 1832 2142 1902 eleganter
2172 1831 2470 1886 fabricatus
2512 1838 2616 1893 est.
2645 1840 2699 1884 ct
2734 1841 2970 1884 tractare
3002 1832 3112 1884 veri
3134 1833 3444 1901 vivilieiqne

174 1929 251 1988 είς
305 1926 478 1979 τόπον
526 1925 620 1978 τοῦ
671 1923 847 1995 ἀμνοῦ
890 1923 1317 1993 καλλιτεχνηθέν
1372 1923 1749 1984 ἀποτίθεσθαι,

1860 1926 1995 1994 Agni
2030 1935 2430 1980 sacramentum
2466 1941 2480 1978 :
2521 1927 2565 1978 si
2599 1925 2816 1993 quidem
2843 1924 2901 1986 ii,
2933 1924 3024 1992 qui
3058 1923 3111 1976 in
3143 1939 3442 1994 congrega-

177 2020 652 2089 μεταχειρίζεσθαι
675 2020 731 2072 δέ
757 2019 850 2072 τοῦ
881 2017 1117 2089 ἀληθοῦς
1143 2017 1236 2071 καὶ
1261 2015 1523 2080 ζωοποιοῦ
1550 2015 1751 2086 ’Δμνοῦ

173 2114 229 2165 τὸ
260 2113 563 2182 μυστήριον
583 2127 600 2143 ο
632 2113 681 2164 εί
721 2112 820 2181 μέν
853 2113 900 2164 οί
930 2110 1386 2180 ἐκκλησιάζοντες
1423 2110 1586 2171 εὐθὺς
1619 2107 1757 2178 μετὰ

172 2206 236 2257 τὰ
282 2206 416 2272 ἇγια
482 2204 820 2270 Εὑαγγέλια,
871 2202 1214 2273 αὐθαιρέτως
1279 2202 1755 2269 ὑποχωρήσουσιν,

172 2299 271 2349 οὐκ
300 2296 716 2366 αίτιαθήσονται
748 2311 764 2327 ο
803 2295 852 2347 εί
890 2295 948 2347 δέ
999 2295 1138 2363 μετά
1191 2295 1290 2361 τὴν
1336 2292 1617 2361 καταρχὴν
1658 2293 1756 2361 τῆς

171 2387 516 2456 ἀναιμάκτου
547 2385 739 2448 θυσίας
762 2385 860 2438 καὶ
897 2385 1196 2454 μυστικῆς,
1250 2383 1326 2447 ὡς
1378 2383 1606 2438 ἄτακτοι
1661 2384 1755 2438 καὶ

174 2477 562 2531 σκανδαλισταὶ
593 2477 818 2538 δικαίως
843 2476 1333 2545 ἁφορισθήσονται.

253 2567 579 2636 Ἐρώτησις
613 2568 699 2627 ιζ’.
757 2569 821 2621 Ol
883 2569 1020 2637 μετὰ
1059 2568 1154 2621 τοῦ
1204 2569 1512 2638 ἀρχιερέως
1543 2568 1578 2638 ἢ
1615 2566 1756 2637 μετὰ

169 2661 262 2712 τοῦ
284 2661 476 2729 ἱερέως
505 2659 1048 2729 συλλειτουργοῦντες
1067 2661 1328 2722 διάκονοι,
1356 2660 1752 2730 ἀπαραιτήτως

175 2750 620 2820 μεταλαμϐάνειν
643 2750 971 2817 ὀφείλουσιν,
1005 2748 1039 2817 ἢ
1080 2747 1176 2814 οῦς

255 2841 392 2894 Ἀπ.
433 2842 492 2894 Ὁ
515 2840 565 2909 η’
600 2840 784 2894 κανὼν
804 2839 914 2893 τῶν
939 2840 1111 2908 ἁγίων
1147 2839 1460 2892 ἀποστόλων
1481 2839 1624 2893 οὕτω
1650 2857 1753 2910 φη-

170 2935 272 2994 σὶν,
335 2933 402 2985 Et
436 2949 518 2994 τις
572 2932 893 2996 ἐπίσκοπος,
927 2933 959 3000 ἢ
991 2931 1386 3003 πρεσὸύτερος,
1421 2932 1452 3000 ἢ
1482 2931 1746 2996 διάκονος,

168 3024 325 3094 ἢτοῦ
373 3026 679 3092 καταλόγου
732 3024 826 3078 τοῦ
882 3024 1184 3093 ίερατικοῦ,
1222 3026 1541 3095 προσφορᾶς
1603 3042 1750 3092 γινοο

172 3116 343 3184 μένης
378 3115 453 3186 μὴ
484 3114 784 3186 μεταλάὸῃ,
818 3116 916 3183 τὴν
943 3116 1120 3167 αἰτίαν
1143 3115 1370 3170 είπάτω.
1399 3115 1511 3169 Καὶ
1569 3116 1663 3167 ἐὰν

169 3206 413 3274 εὔλογος,
477 3207 810 3276 συγγνώμης
856 3207 1198 3276 τυγχανέτω.
1236 3206 1297 3259 El
1350 3206 1406 3259 δὲ
1454 3205 1529 3275 μὴ
1577 3205 1745 3274 λέγει,
1776 3236 1820 3298 C

169 3297 538 3368 ἀψοριζέσθω,
569 3298 646 3360 ὡς
699 3298 868 3359 αίτιος
898 3298 1103 3368 βλάδης
1153 3299 1436 3368 γινόμενος
1479 3299 1558 3368 τῷ
1611 3299 1746 3368 λαῷ,

170 3390 262 3440 καὶ
305 3388 563 3440 ὑπόνοιαν
620 3388 856 3457 ποιήσας
913 3388 1056 3440 κατὰ
1120 3389 1217 3440 τοῦ
1283 3388 1750 3457 προσενέγκαντος

169 3480 243 3542 ὡς
284 3479 359 3546 μὴ
416 3478 587 3545 ὑγιῶς
649 3478 1131 3546 προσενεγκόντος.
1201 3478 1750 3547 Παρατηρητέονοῦν

169 3575 293 3634 τοὺς
318 3571 705 3632 ὑποδιακόνους
757 3570 1009 3632 καὶτοὺς
1047 3569 1352 3634 διακόνους,
1408 3570 1503 3622 καὶ
1550 3570 1750 3638 μᾶλλον

171 3665 296 3725 τοῦς
360 3663 844 3732 χειραπτήσαντας
921 3659 1367 3729 μεταλαμὸάνειν
1431 3658 1538 3711 τῶν
1592 3657 1751 3710 θείων

171 3756 534 3822 ἁγιασμάτων
569 3768 582 3780 ⁸
615 3753 648 3822 ἦ
694 3752 802 3822 μὴν
851 3752 951 3821 τὴν
1009 3751 1190 3803 αίτίαν
1220 3751 1403 3818 λέγειν
1456 3751 1523 3801 δι’
1561 3750 1629 3820 ἣν
1657 3749 1748 3802 τοῦ

167 3844 375 3913 ἀγαθοῦ
407 3843 598 3896 τούτου
620 3843 958 3910 ἀπέστησαν.
992 3840 1164 3894 Τοῦτο
1193 3841 1300 3909 γάρ
1331 3841 1405 3909 μὴ
1447 3840 1748 3907 ποιοῦντες,

169 3935 633 4006 ἀφορισθήσονται
692 3933 835 3987 κατά
885 3933 986 3986 τὶν
1035 3933 1130 3985 τοῦ
1191 3932 1454 4003 ῥηθέντος
1529 3932 1752 3996 κανόνος

170 4025 482 4093 περίληψιν.

238 4115 565 4183 Ἐριὶιτησις
590 4113 684 4180 ιη’.
719 4113 1022 4167 Ἀκίνδυνόν
1078 4115 1196 4166 ἐστι
1241 4113 1486 4182 γίνεσθαι
1513 4115 1613 4184 τὴν
1643 4115 1750 4167 τῶν

170 4213 332 4264 θείων
387 4210 748 4279 άγιασμάτων
791 4209 1027 4261 διάδοσιν
1082 4211 1177 4261 καὶ
1247 4208 1554 4277 μετάληψιν
1613 4208 1752 4278 μετὰ

167 4304 380 4373 ψυχροῦ
438 4304 581 4356 οίνου
621 4303 714 4353 καὶ
755 4300 980 4363 ὓδατοςο
1018 4301 1049 4368 ἢ
1085 4301 1469 4371 ἀπαραίτητόν
1499 4303 1616 4352 ἐστι
1655 4301 1752 4353 καὶ

173 4397 291 4450 ζέον
329 4396 476 4464 ὕδωρ
520 4395 660 4447 κατὰ
679 4395 772 4446 τὸν
804 4393 993 4461 καιρὸν
1025 4393 1126 4460 τῆς
1168 4391 1526 4461 μεταληψεως
1558 4393 1644 4454 είς
1677 4390 1745 4443 τὰ

173 4491 304 4557 am
333 4487 583 4557 3mm;

1861 2018 2063 2072 tionem
2092 2024 2488 2080 convenerunt,
2527 2016 2708 2070 statim
2742 2028 2866 2086 p03t
2913 2021 3102 2070 sancta
3152 2013 3443 2083 Evangelia

1859 2117 2052 2177 sponte
2096 2108 2404 2173 discedant,
2450 2124 2560 2160 non
2618 2107 2986 2175 culpabuntur
3023 2125 3035 2159 :
3071 2104 3166 2160 sed
3216 2106 3262 2159 si
3321 2113 3444 2174 post

1859 2203 2158 2256 incruentae
2187 2201 2539 2271 mysticzeque
2567 2201 2797 2254 victima:
2827 2199 3178 2270 principium,
3207 2208 3265 2252 ut
3294 2200 3442 2252 inor-

1857 2293 2029 2348 dinati
2053 2302 2108 2348 et
2137 2293 2440 2348 oﬂensores
2466 2294 2612 2364 juste
2651 2292 3298 2348 cxconununicabuntur.

1926 2570 2094 2624 Inter.
2129 2569 2217 2624 l7.
2251 2567 2354 2634 Qui
2395 2581 2521 2621 cum
2557 2565 2819 2635 pontifice
2851 2563 2934 2618 vel
2969 2561 3256 2617 sacerdote
3287 2575 3438 2615 com-

1855 2663 2173 2717 ministrant
2244 2661 2482 2722 diaconi,
2553 2659 2754 2713 debent
2822 2657 2959 2710 citra
3027 2654 3440 2710 excusationem

1855 2755 2302 2808 communionem
2334 2767 2639 2813 assumere,
2681 2751 2913 2805 annon?

1923 2846 2044 2900 Res.
2081 2847 2272 2900 Canon
2323 2847 2355 2900 8
2413 2853 2730 2900 sanctorum
2781 2845 3156 2914 apostolorum
3211 2845 3291 2899 sic
3322 2845 3438 2899 ait:

1855 2938 1909 2992 Si
1961 2938 2086 3006 quis
2136 2938 2454 3006 episcopus,
2511 2937 2818 3007 presbyter,
2876 2939 2960 2992 vel
3014 2939 3306 3000 diaconus,
3355 2943 3444 2998 vel

1851 3044 1915 3083 ex
1949 3027 2272 3082 sacerdotali
2307 3029 2576 3096 catalogo,
2620 3031 2763 3082 facta
2813 3030 3091 3083 oblatione
3145 3045 3252 3083 non
3287 3046 3442 3084 com-

1851 3121 2232 3186 municaverit,
2273 3136 2496 3176 causam
2536 3121 2726 3175 dicat:
2762 3129 2815 3175 et
2841 3123 2886 3176 si
2927 3122 3224 3191 probabilis
3255 3122 3439 3184 fuerit.

1853 3214 2065 3267 veniam
2097 3222 2467 3282 consequetur
2499 3229 2514 3278 ;
2550 3213 2634 3269 sin
2694 3228 2826 3267 vero
2862 3215 3065 3275 minus,
3103 3223 3440 3284 segregetur,

1856 3313 1914 3357 nt
1949 3305 2040 3372 qui
2079 3306 2281 3373 populo
2313 3305 2634 3360 olTensionis
2666 3320 2830 3358 causa
2865 3306 2954 3368 sit,
2990 3317 3042 3358 et
3070 3307 3440 3374 suspicionem

1855 3394 2064 3447 dederit
2093 3395 2357 3448 adversus
2385 3411 2533 3460 eum,
2561 3395 2656 3464 qui
2697 3394 2918 3460 obtulit,
2952 3396 3108 3463 quasi
3140 3410 3247 3448 non
3279 3395 3442 3464 digne

1853 3484 2130 3539 obtulerit.
2159 3486 2568 3540 Observandum
2603 3485 2866 3554 igitur,ut
2898 3486 3442 3550 subdiaconi,etdia-

1855 3577 1978 3630 coni
2004 3589 2057 3630 et
2079 3579 2258 3647 potius
2281 3593 2433 3632 sacra
2454 3585 2873 3641 contrectantes,
2897 3576 3111 3632 divinas
3135 3577 3436 3632 sanctiﬁca-

1856 3667 2031 3722 tiones
2063 3675 2384 3732 assumant,
2423 3667 2504 3720 vel
2539 3679 2686 3721 certe
2709 3681 2930 3720 cansam
2959 3666 3245 3730 dicant,ob
3275 3683 3437 3736 quam

1855 3772 1920 3812 eo
1946 3758 2091 3812 bono
2113 3757 2514 3812 abstinuerunt.
2541 3758 2598 3811 ld
2633 3759 2779 3812 enim
2815 3760 2861 3813 si
2902 3774 3008 3812 non
3038 3758 3263 3824 iaciant,
3285 3759 3439 3827 juxta

1857 3851 2102 3920 praedicti
2133 3852 2364 3906 canonis
2397 3862 2640 3906 tenorem
2677 3851 3328 3906 excommunicabuntur.

1928 4119 2094 4176 Inter.
2128 4120 2214 4174 18.
2243 4121 2322 4173 Αη
2357 4120 2474 4175 sine
2512 4119 2759 4190 periculo
2789 4119 3098 4174 divinarum
3127 4119 3440 4173 sanctiﬁca-

1856 4215 2064 4267 tionum
2095 4213 2410 4267 distributio
2456 4221 2507 4267 et
2540 4215 2841 4280 assumptio
2891 4214 3020 4266 tiant
3065 4227 3188 4265 cum
3242 4210 3438 4281 frigido

1855 4306 1982 4359 vino
2029 4314 2083 4360 et
2112 4319 2251 4373 aqua
2289 4323 2302 4359 :
2345 4319 2413 4358 an
2465 4306 2582 4359 sine
2634 4305 2993 4360 excusatione
3023 4319 3162 4372 aqua
3219 4303 3435 4357 fervens

1857 4397 2290 4468 participationis
2319 4405 2562 4465 tempore
2585 4399 2637 4450 in
2668 4406 2858 4451 sancta
2891 4397 2964 4450 sit
2999 4395 3298 4448 mittenda?

253 4580 384 4634 Ἀπ’.
428 4579 537 4630 Τοῦ
579 4576 656 4647 λβ⁹
709 4577 934 4640 κανόνος
997 4576 1096 4646 τῆς
1137 4577 1194 4630 ἐν
1251 4577 1329 4646 τῷ
1361 4577 1617 4648 Τροῦλλῳ
1655 4579 1751 4633 τοῦ

1927 4573 2046 4627 Res.
2080 4573 2215 4627 Cum
2244 4573 2312 4626 δέ
2338 4587 2511 4626 canon
2544 4581 2748 4627 sanctae
2767 4580 2818 4627 et
2841 4571 3197 4628 mcumenicae
3219 4572 3434 4642 synodi,

175 4673 414 4742 μεγάλου
437 4668 704 4722 παλατίου
736 4670 1013 4736 συστάσης
1038 4669 1204 4736 ἁγίας
1249 4670 1344 4722 καὶ
1371 4671 1753 4741 οίκουμενικῆς

173 4766 393 4817 συνόδου
454 4761 774 4830 καθαιρέσει
835 4761 1344 4824 καθυποόάλλοντος
1384 4763 1511 4824 τοὺς
1560 4764 1635 4832 μὴ
1667 4779 1746 4816 τα-

170 4855 451 4915 λειοῦντας
477 4852 537 4902 τὸ
593 4849 739 4902 θεῖον
778 4851 874 4902 καὶ
899 4851 1054 4917 ἅγιον
1080 4853 1340 4923 ποτήριον
1381 4853 1438 4916 ἐξ
1482 4853 1627 4906 οῐνου
1659 4855 1754 4906 καὶ

174 4946 388 5006 ὓδατος,
426 4943 750 5011 αἱρεσιῶταί
784 4959 932 5001 τινες
957 4943 1056 4996 οὐκ
1078 4943 1365 5012 ἀνέχονται
1393 4945 1607 5013 βάλλειν
1633 4944 1752 5008 ζέον

174 5039 247 5097 είς
278 5037 337 5088 τὸ
371 5035 526 5101 ἆγιον
553 5033 646 5086 καὶ
680 5033 819 5085 Θεῖον
840 5035 1097 5102 ποτήριον
1119 5051 1131 5064 ·
1162 5035 1284 5087 Ὀτι
1319 5037 1493 5104 (φασὶ)
1529 5037 1593 5089 τά
1626 5039 1753 5106 περὶ

173 5131 357 5182 τούτου
393 5127 472 5196 τῷ
503 5126 689 5179 κανόνι
719 5127 776 5177 οῦ
810 5126 1198 5194 διελήφθησαν.
1241 5128 1525 5181 Ἀκοῦουσι
1559 5130 1640 5194 δὲ,
1670 5132 1750 5182 ὄτι

172 5222 226 5273 τὸ
287 5221 411 5284 ζέον
460 5217 538 5286 τῷ
597 5218 737 5288 ἁγίῳ
807 5218 1003 5286 αἵματι
1053 5219 1478 5289 προστιθέμενον
1532 5223 1631 5292 τὴν
1688 5223 1753 5275 δι’

180 5309 366 5370 ὓδατος
426 5307 522 5360 καὶ
562 5307 704 5358 οίνου
744 5306 938 5358 ἕνωσιν
993 5307 1088 5359 τοῦ
1143 5309 1300 5375 ἁγίου
1353 5314 1615 5382 ποτηρίου
1656 5315 1754 5366 οὐκ

175 5402 409 5453 ἀλλοιοῑυ
440 5399 557 5452 ἐπεὶ
591 5398 724 5467 μηδὲ
757 5399 945 5466 ἕτερόν
1004 5417 1053 5452 τι
1092 5401 1243 5469 παρὰ
1288 5402 1348 5453 τὸ
1409 5403 1553 5474 ὕδωρ
1608 5408 1746 5460 ἐστί.

174 5494 432 5545 Βάλλεται
469 5492 525 5543 δὲ
589 5493 668 5553 είς
737 5491 1116 5560 πληροφορίαν
1166 5493 1258 5546 τοῦ
1319 5491 1458 5548 εἶναι
1513 5498 1750 5560 ζωοποιά

174 5588 236 5636 τά
262 5584 536 5654 ῥεύσαντα
573 5582 678 5634 ἀπὸ
709 5583 806 5650 τῆς
826 5583 987 5648 ἁγίας
1023 5582 1267 5652 πλευρᾶς
1297 5586 1392 5637 ⁴ιοῦ
1434 5589 1640 5659 Κυρίου
1660 5592 1754 5642 καὶ

175 5677 302 5730 Θεοῦ
327 5679 421 5729 καὶ
449 5676 701 5744 Σωτῆρος
730 5675 885 5744 ἡμῶν
933 5673 1110 5740 Ἰησοῦ
1169 5676 1430 5745 Χριστοῦ,
1462 5681 1601 5732 κατὰ
1663 5681 1753 5732 τὸν

176 5773 363 5837 καιρθιν
395 5770 490 5822 τοῦ
516 5769 786 5837 σωτηρίου
818 5768 1022 5830 πάθους
1055 5769 1242 5833 αὑτοῦ,
1270 5770 1325 5822 τὸ
1345 5765 1480 5840 αἷμα
1505 5773 1751 5842 δηλονότι

179 5867 264 5916 καὶ
298 5865 354 5915 τὸ
382 5863 556 5932 ὕδωρ·
600 5862 756 5914 ἅτινα
788 5859 1118 5929 ἐξέρρευσαν
1156 5861 1344 5925 ζέοντα
1388 5862 1460 5926 ὡς
1495 5866 1554 5916 ὲκ
1610 5866 1746 5928 ζωο-

1855 4673 2064 4719 coacta:
2096 4667 2148 4718 in
2184 4663 2372 4718 Trullo
2410 4665 2589 4734 magni
2625 4665 2833 4734 palatii,
2870 4664 3196 4731 depositioni
3259 4663 3434 4732 subji-

1856 4757 1963 4810 ciat
2014 4771 2133 4819 eos,
2187 4756 2280 4822 qui
2329 4756 2574 4809 divinum
2623 4764 2678 4810 et
2717 4762 2970 4809 sanctum
3024 4755 3281 4824 poculum
3325 4769 3433 4810 non

1855 4854 2184 4899 consecrant
2213 4861 2277 4899 ex
2312 4847 2438 4899 vino
2464 4856 2517 4899 et
2554 4859 2695 4915 aqua
2731 4861 2744 4909 ;
2776 4845 3078 4901 baaresiotm
3123 4845 3288 4913 aliqiii
3326 4860 3433 4898 non

1856 4938 2137 5005 patiuntur
2173 4938 2404 4991 calidam
2439 4937 2650 4991 infundi
2684 4936 2738 4990 in
2786 4948 3036 4991 sanctum
3089 4945 3142 4990 et
3187 4937 3434 4990 divinum

1855 5027 2147 5094 poculum,
2206 5027 2364 5092 Quia,
2433 5029 2714 5098 inquiunt,
2767 5028 2834 5082 de
2891 5043 2956 5082 eo
3035 5026 3168 5085 nihil
3225 5042 3434 5081 canone

1857 5121 2308 5189 comprehensum
2370 5130 2474 5175 cst.
2533 5121 2781 5176 Audiunt
2840 5127 3047 5184 autem,
3134 5118 3432 5173 ferventem

1853 5221 2047 5266 sancto
2104 5213 2357 5283 sanguini
2403 5213 2668 5275 additam,
2722 5211 2980 5266 unionem
3025 5226 3177 5280 aqua:
3216 5217 3269 5263 et
3325 5210 3432 5263 vini

1855 5307 2032 5361 sancti
2097 5308 2285 5360 calicis
2332 5320 2440 5360 non
2497 5313 2733 5368 mutare,
2791 5305 2920 5375 quia
2990 5311 3186 5373 prmter
3237 5314 3431 5369 aquam

1857 5399 1994 5452 nihil
2021 5407 2103 5453 est
2131 5399 2298 5452 aliud.
2331 5397 2642 5450 lnfnnditur
2687 5406 2892 5459 autem,
2950 5405 3007 5448 ut
3055 5395 3268 5448 vivifica
3312 5410 3436 5448 esse

1855 5500 2091 5553 constet,
2121 5509 2241 5562 quae
2271 5492 2444 5545 ﬂuunt
2472 5508 2501 5545 e
2533 5501 2719 5544 sancto
2749 5490 2916 5543 latere
2949 5487 3185 5551 Domini,
3218 5495 3272 5540 ct
3305 5487 3396 5541 Dci
3418 5528 3432 5550 ,

1857 5595 1908 5639 ct
1944 5584 2252 5638 Servatoris
2290 5585 2458 5637 nostri
2485 5580 2611 5636 Jesn
2645 5582 2869 5640 Christi,
2900 5588 3142 5647 tempore
3173 5578 3432 5633 salutaris

1855 5678 2127 5746 passionis
2187 5677 2347 5746 cjns,
2397 5677 2713 5744 sanguinem
2775 5674 3022 5728 videlicet
3081 5679 3132 5724 et
3195 5685 3433 5740 aquam,

1856 5785 1976 5838 qua:
2032 5767 2291 5822 ferventia
2339 5768 2683 5831 cllluxernnt,
2715 5767 2864 5820 velut
2917 5781 2980 5820 cx
3028 5763 3245 5817 viviﬁco
3285 5763 3436 5817 deiﬁ-

1859 5872 1982 5917 tato
2021 5878 2247 5932 corpore
2299 5860 2534 5918 virilica.
2567 5861 2670 5928 Qui
2709 5862 2789 5917 sic
2840 5861 3004 5928 igitur
3040 5874 3150 5913 non
3205 5859 3431 5916 faciunt.
