4188 6446
737 435 871 501 1051

2034 429 2174 490 JUS
2213 426 2656 488 CANONICUM

3858 431 3991 494 1052

734 563 838 603 nec
871 546 993 599 inde
1043 541 1289 597 miraculi
1329 540 1680 611 magnificam
1725 538 2179 609 magnitudinem,
2215 540 2309 595 sed

2419 541 2569 593 ποιοῦ
2603 540 2948 609 τεθεωμένου
2999 540 3250 613 σώματος
3314 542 3578 606 ζωοποιά.
3629 543 3693 597 Οί
3746 545 3880 611 γοῦν
3916 550 3987 615 μὴ

732 651 871 704 aqua
923 632 1117 704 frigida
1157 632 1394 703 vinoque
1426 640 1656 684 utuntur
1706 630 1763 685 in
1818 632 2129 687 divinarum
2185 647 2312 687 san-

730 728 1121 781 etitirationum
1169 725 1626 793 participatione;
1682 739 1791 780 non
1845 726 2077 780 credunt
2144 725 2307 780 etiam

731 828 854 887 post
910 817 1205 873 salutarem
1266 815 1479 870 Domini
1542 830 1774 873 mortem
1850 825 2042 873 sancto
2092 817 2309 885 corpori

731 913 851 980 ejus
916 911 1097 966 inesse
1154 908 1454 975 deitatem,
1520 912 1613 966 sed
1682 911 1749 964 ab
1806 924 1873 965 eo
1927 909 2306 975 abscessisse,

733 1018 965 1072 esseque
1014 1000 1325 1071 cujusmodi
1383 1011 1567 1056 nostra
1612 1015 1866 1071 corpora.
1920 1002 2052 1068 Quae
2100 1017 2311 1073 magna:

736 1094 963 1146 hmresis
1014 1100 1099 1145 est
1148 1092 1395 1161 nugatio.
1434 1091 1661 1161 Magnus
1707 1092 1853 1146 enim
1896 1092 2038 1147 inter
2089 1100 2311 1147 sanctos

732 1184 975 1239 Joannes
1028 1184 1428 1250 Damasceuus,
1465 1184 1525 1238 In
1559 1184 1831 1254 sepulcro,
1876 1186 2072 1253 inquit,
2116 1199 2311 1254 corpo-

736 1275 967 1330 raliter:
1009 1277 1061 1328 in
1108 1274 1323 1329 inferno
1371 1285 1552 1330 autem
1592 1292 1715 1329 cum
1760 1278 1959 1339 anima,
2011 1283 2069 1329 ut
2120 1274 2306 1333 Deus:

735 1368 789 1420 in
826 1368 1079 1437 paradiso
1114 1381 1240 1421 vero
1280 1382 1404 1422 cum
1432 1369 1661 1431 latrone,
1701 1376 1753 1421 et
1795 1369 1848 1420 in
1883 1367 2083 1424 throno
2131 1370 2307 1436 fuisti,

733 1459 968 1525 Christe,
1024 1474 1149 1513 cum
1192 1458 1349 1516 Patre
1399 1472 1453 1516 et
1503 1460 1749 1528 Spiritu,
1806 1462 1989 1515 omnia
2052 1461 2308 1531 implens,

734 1549 823 1619 qui
854 1550 1361 1620 incircumscriptus
1378 1565 1453 1605 es.
1474 1548 1574 1615 Qui
1599 1549 1763 1620 igitur
1789 1551 2033 1607 divinum
2055 1554 2308 1621 poculum

734 1657 875 1709 aqua
918 1642 1163 1698 fervente
1195 1659 1300 1697 non
1325 1654 1670 1711 consecrant,
1694 1653 1753 1699 ut
1786 1644 2086 1700 haeresiotte
2106 1660 2136 1700 e
2163 1651 2312 1701 sorte

734 1724 1165 1788 orthodoxornm
1201 1735 1563 1804 expelleutur.

807 2002 975 2059 Inter.
1032 2005 1116 2059 19.
1172 2006 1440 2060 Sacerdos
1504 2006 1783 2061 smcularis
1822 2013 2037 2059 rectene
2097 2005 2313 2059 confes-

735 2098 921 2152 siones
954 2098 1258 2166 aliquorum
1294 2098 1576 2152 hominum
1607 2114 1728 2153 cum
1764 2099 2034 2168 permissu
2067 2096 2309 2168 episcOpi

736 2188 1021 2256 suscipiet,
1057 2189 1281 2243 annon?

810 2276 930 2331 Res.
972 2279 1147 2331 Divini
1179 2294 1438 2342 canones,
1471 2281 1563 2349 qui
1614 2282 2016 2337 confessionem
2064 2282 2300 2337 reconci-

740 2370 979 2424 liationis
1057 2371 1437 2425 sacerdotibus
1507 2388 1631 2426 eum
1690 2374 1983 2443 episcopali
2052 2375 2211 2428 venia
2285 2376 2311 2414 b

738 2463 1106 2523 committunt,
1143 2463 1312 2516 multo
1345 2464 1684 2531 antiquiores
1726 2474 1854 2519 sunt
1893 2478 2081 2519 saneto
2107 2464 2313 2520 Pacho-

739 2553 869 2615 mio,
895 2554 985 2622 qui
1022 2553 1221 2622 dignus
1249 2554 1471 2608 habitus
1501 2563 1608 2621 est,
1637 2566 1691 2609 ut
1726 2570 1820 2624 per
1848 2556 2112 2611 visionem
2150 2572 2313 2626 ange-

741 2645 899 2697 licam
946 2647 1342 2701 monachorum
1398 2648 1641 2701 habitum
1681 2648 1912 2703 videret.
1946 2649 2308 2715 Quamobrem

738 2736 1134 2791 monui-horum
1176 2752 1447 2806 nusquam
1480 2739 1871 2801 meminerunt,
1904 2740 1996 2793 sed
2028 2740 2313 2809 presbyte-

739 2843 925 2883 rorum
976 2829 1317 2897 simpliciter.
1365 2829 1671 2899 Episcopali
1726 2848 1855 2899 ergo
1897 2833 2107 2900 judicio
2158 2834 2312 2888 laicis

736 2920 1119 2976 sacerdotibus
1143 2923 1234 2991 jus
1257 2923 1619 2977 confessionis
1644 2934 1883 2992 potestas
1904 2926 2237 2979 concedetur
2262 2937 2308 2988 ε,

738 3020 793 3067 et
825 3028 921 3079 per
955 3029 1071 3065 eam
1105 3015 1476 3068 reconciliatio
1505 3017 1914 3081 pmuitentium.

812 3103 976 3157 Inter.
1011 3104 1096 3157 20.
1135 3105 1214 3157 An
1244 3105 1363 3160 siue
1393 3105 1712 3174 praajudieio
1749 3114 2029 3161 transeant
2058 3106 2309 3160 monachi

739 3211 803 3249 ex
843 3197 1210 3264 monasteriis,
1243 3198 1333 3253 ubi
1355 3199 1566 3255 dctonsi
1600 3207 1749 3263 sunt,
1783 3200 1835 3254 in
1868 3202 1992 3267 alia,
2028 3202 2241 3255 necne?

815 3378 934 3430 Res.
981 3376 1035 3430 Si
1067 3378 1131 3439 is,
1168 3379 1259 3447 qui
1293 3381 1434 3446 apud
1463 3380 1735 3435 hominem
1766 3383 2313 3452 deposuitpropriam

740 3468 1165 3533 confessionem,
1245 3470 1467 3538 implere
1553 3488 1671 3525 eam
1735 3475 1988 3543 cogitur,
2078 3490 2315 3543 quonam

740 3560 901 3612 modo
931 3559 1021 3628 qui
1073 3560 1217 3628 apud
1260 3560 1425 3615 Deum
1458 3564 1729 3630 deposuit,
1771 3566 1987 3634 cogitur
2025 3579 2182 3620 suam
2223 3566 2318 3620 de-

746 3651 1069 3718 positiouem
1113 3651 1437 3706 infirmare?
1498 3653 1709 3709 Idcirco
1760 3664 1813 3709 et
1857 3656 2012 3723 juxta
2062 3667 2315 3725 quartum

743 3757 1006 3796 canonum
1042 3754 1247 3797 sancta:
1299 3755 1350 3798 et
1393 3747 1746 3801 mcumeuicze
1786 3749 1979 3819 synodi
2014 3758 2215 3803 coacta:
2264 3750 2318 3803 in

745 3837 947 3904 templo
976 3845 1287 3889 sanctorum
1332 3837 1728 3905 apostolorum,
1782 3840 2065 3907 appellatae
2113 3841 2134 3892 1
2182 3850 2235 3893 et
2262 3840 2318 3903 2,

748 3926 1066 3979 nominatim
1104 3927 1217 3979 huic
1246 3928 1714 3995 pronuntiantem,
1761 3928 1817 3983 Si
1864 3931 1988 3998 quis
2019 3932 2321 3986 monachus

744 4030 811 4067 ex
861 4015 1081 4083 proprio
1126 4014 1340 4084 fugiens
1371 4018 1729 4079 monasterio,
1765 4017 1817 4070 in
1857 4017 2001 4071 aliud
2041 4018 2323 4073 transierit

744 4104 826 4156 vel
855 4104 908 4157 in
935 4106 1266 4158 mundanam
1285 4105 1675 4160 habitationem
1708 4108 2013 4175 petulanter
2042 4109 2321 4177 ingressus

747 4192 951 4258 fuerit,
981 4194 1184 4261 pariter
1209 4204 1263 4247 et
1294 4195 1386 4263 qui
1416 4210 1537 4248 eum
1577 4197 1853 4266 exceperit
1893 4197 1962 4251 sit
2011 4213 2325 4253 excommu-

747 4285 985 4348 nicatus,
1019 4284 1194 4339 donec
1226 4284 1273 4339 is
1299 4286 1388 4353 qui
1429 4286 1588 4354 fugit,
1623 4295 1928 4342 revertatur
1957 4289 2010 4342 in
2044 4298 2322 4343 monaste-

750 4377 913 4437 rium,
941 4391 971 4429 a
1001 4390 1111 4444 quo
1146 4391 1431 4444 perperam
1476 4378 1698 4432 defecit.
1733 4378 1792 4433 Si
1847 4394 1975 4435 vero
2027 4382 2323 4450 episcopus

750 4469 962 4535 aliquos
1002 4468 1317 4531 monachos,
1356 4471 1578 4537 pictatis
1602 4471 1796 4525 etvitre
1832 4473 2137 4527 honestatis
2168 4474 2325 4526 testi-

2411 631 2694 694 ποιοῦντες
2724 632 2886 696 οὕτω,
2941 633 3037 686 καὶ
3098 633 3159 685 τὸ
3207 633 3300 686 τοῦ
3361 632 3639 701 θαύματος
3690 636 3991 689 κάντεῦθεν

2413 724 2808 793 μεγαλύνοντες
2835 725 3089 793 μέγεθος,
3126 725 3265 778 ἀλλά
3294 726 3382 778 διὰ
3411 724 3621 795 ψυχροῦ
3654 725 3853 790 ὓδατος
3896 730 3991 781 καὶ

2410 814 2555 867 οίνου
2598 816 2698 884 τὴν
2744 815 2851 868 τῶν
2906 816 3066 869 θείων
3114 817 3432 887 μυστηρίων
3485 817 3769 878 ποιοῦντες
3825 819 3991 887 μετά-

2410 906 2595 976 ληψιν,
2640 908 2700 959 οὐ
2758 909 3074 962 πιστεύουσι
3108 910 3203 961 καὶ
3251 910 3389 978 μετὰ
3449 910 3541 963 τὸν
3574 910 3846 981 σωτήριον
3896 908 3990 964 τοῦ

2411 1000 2616 1069 Κυρίου
2664 999 2895 1054 θάνατον
2930 1002 3082 1072 παρὰ
3114 1000 3193 1071 τῷ
3235 1001 3375 1069 ἁγίῳ
3429 1001 3644 1071 σώματι
3676 1001 3847 1055 αὑτοῦ
3892 1005 3993 1072 τὴν

2411 1090 2639 1161 θεότητα
2674 1087 2837 1153 εἶναι,
2864 1092 3003 1145 ἀλλὰ
3028 1092 3339 1160 ἀποστῆναι
3367 1092 3433 1145 ὲκ
3458 1093 3670 1155 τούτου,
3725 1096 3818 1145 καὶ
3848 1090 3991 1147 εἶναι

2412 1183 2550 1235 κατὰ
2583 1186 2651 1235 τὰ
2681 1183 2925 1254 ἡμέτερα
2951 1183 3199 1255 σώματα.
3231 1184 3408 1253 Ὅπερ
3445 1186 3691 1254 μεγάλης
3720 1186 3989 1255 αἱρέσεώς

2412 1278 2528 1329 ἐστι
2567 1275 2887 1348 φλυάρημα.
2929 1276 2989 1331 Ὀ
3036 1279 3144 1347 γὰρ
3176 1280 3349 1348 μέγας
3377 1280 3435 1331 ὲν
3470 1278 3647 1345 ἁγίοις
3684 1278 3994 1347 Ἰωάννηςὸ

2413 1370 2793 1440 Δαμασκηνὸς,
2845 1370 2932 1423 Ἐν
2980 1369 3137 1439 τάφῳ
3160 1371 3341 1439 (φησι)
3370 1370 3699 1439 σωματικῶς
3726 1388 3738 1400 ·
3792 1372 3850 1423 ὲν
3892 1370 3993 1441 ἅδῃ

2412 1460 2488 1524 δὲ,
2522 1461 2656 1529 μετὰ
2690 1460 2889 1529 ψυχῆς,
2935 1460 3011 1523 ὡς
3058 1460 3221 1523 Θεός·
3263 1464 3320 1513 ὲν
3372 1463 3689 1533 παραδείσῳ
3725 1462 3806 1525 δὲ,
3846 1466 3988 1533 μετά

2412 1551 2609 1621 λῃστοῦ
2632 1569 2645 1581 ·
2668 1554 2761 1604 καὶ
2784 1554 2841 1604 ὲν
2859 1552 3031 1622 θρόνῳ
3054 1553 3317 1622 ὑπῆρχες,
3338 1553 3562 1621 Χριστὲ,
3595 1554 3733 1621 μετά
3767 1554 3983 1622 [ἰατρὸς

2413 1642 2510 1696 καὶ
2543 1642 2863 1712 Πνεῦματος
2890 1659 2905 1673 ο
2964 1645 3145 1698 πάντα
3201 1644 3448 1715 πληρῶν,
3478 1646 3505 1697 ὁ
3546 1645 3991 1715 ἀπερίγραπτος.

2414 1734 2476 1787 Ol
2514 1733 2644 1802 γοῦν
2684 1734 2756 1804 μὴ
2787 1734 2873 1786 διὰ
2905 1734 3120 1798 ζέοντος
3144 1735 3335 1798 ὓδατος
3364 1735 3701 1798 τελειοῦντες
3741 1737 3804 1789 τὸ
3850 1738 3996 1788 θεῖον

2416 1828 2698 1895 ποτήριον,
2729 1827 2803 1889 ὡς
2834 1827 3179 1897 αίρεσιῶται,
3211 1826 3313 1896 τῆς
3349 1826 3565 1897 μερίδος
3609 1826 3718 1878 τῶν
3758 1827 3995 1895 190066-

2422 1919 2530 1995 ξῳν
2563 1919 2699 1987 ἐκκη
2712 1921 2881 1989 ρυχθή
2892 1936 3094 1972 σονται.

2500 2010 2825 2078 Ἐρώτησις
2856 2010 2943 2064 w’.
3006 2011 3205 2074 Λαῖκδς
3271 2012 3449 2081 ἱερεὺς
3496 2010 3634 2080 μετά
3685 2008 3995 2079 ἐπιτροπῆς

2417 2103 2782 2170 ὲπισκοπικῆς
2802 2101 2983 2165 καλῶς
3001 2102 3320 2171 ὲξαγορείας
3346 2101 3646 2173 ἀνθρώπων
3674 2100 3839 2151 τινῶν
3863 2102 3997 2152 ἀνι-

2416 2192 2644 2257 δέξεται,
2674 2193 2706 2262 ἢ
2745 2192 2804 2244 οῦ
2825 2208 2839 2256 ;

2498 2284 2629 2337 Ἀπε.
2663 2284 2725 2334 υἱ
2770 2282 2902 2334 θεῖοι
2947 2282 3171 2343 κανόνες
3226 2281 3325 2351 τὴν
3363 2281 3683 2351 ἐξαγορείαν
3714 2280 3815 2348 τῆς
3849 2297 3989 2332 κατ-

2412 2375 2653 2444 αλλαγῆς
2684 2377 2793 2436 τοῖς
2824 2375 3028 2444 ἱερεῦσι
3101 2374 3237 2443 μετά
3271 2378 3590 2444 προτροπῆς
3616 2372 3993 2439 ἑπισκοπικῆς

2416 2466 2761 2534 ἀναθέμενοι,
2814 2466 2955 2519 κατὰ
3009 2466 3140 2518 πολὺ
3199 2466 3620 2535 προγενέστεροι
3674 2464 3768 2517 τοῦ
3834 2466 3994 2531 ἁγίου

2417 2558 2710 2627 Παχωμίου
2747 2558 2909 2621 εἰσὶν,
2932 2556 3259 2621 ἀξιωθέντος
3294 2557 3425 2610 ἰδεῖν
3469 2557 3535 2609 δι’
3568 2556 3839 2611 ὀπτασίας
3884 2558 3993 2622 ἀγ-

2415 2649 2639 2717 γελικῆς
2659 2649 2719 2703 τὸ
2751 2648 2941 2717 σχῆμα
2974 2649 3083 2701 τῶν
3117 2649 3392 2717 μοναχῶν.
3416 2649 3513 2701 Διά
3545 2648 3655 2718 γὰρ
3686 2648 3846 2701 τοῦτο
3870 2649 3995 2701 οὐδὲ

2419 2741 2727 2810 μέμνηνταί
2752 2758 2855 2792 που
2899 2741 3171 2809 μοναχῶν,
3204 2741 3339 2793 ἀλλὰ
3357 2740 3744 2811 πρεσϐυτέρων
3776 2742 3992 2805 ἁπλῶς.

2416 2834 2569 2886 Κατά
2603 2833 2782 2902 κρίσιν
2816 2833 2946 2900 γοῦν
2979 2834 3343 2904 ὲπισκοπικὴν
3368 2837 3479 2895 τοῖς
3518 2834 3727 2897 λαῖκοίς
3754 2834 3996 2904 ἱερεῦσιν

2415 2923 2727 2992 ὲνδυνάμως
2749 2926 3183 2994 ἐπιτραπήσεται
3219 2926 3316 2994 τῆς
3342 2923 3661 2996 ἐξαγορείας
3680 2926 3740 2976 τὸ
3758 2927 3995 2986 δίκαιον,

2416 3016 2510 3067 καὶ
2539 3015 2627 3067 διὰ
2664 3016 2866 3083 ταύτης
2888 3018 2921 3086 ἡ
2952 3017 3058 3069 τῶν
3092 3019 3500 3087 μετανοούντων
3534 3018 3880 3086 καταλλαγὴ.

2500 3104 2818 3171 Ἐρώτησις
2858 3106 2930 3159 κ’.
2980 3107 3530 3178 Ἀπροκριματίστως
3599 3109 3997 3177 μεταϐαίνουσι

2340 3230 2382 3288 c
2422 3198 2646 3265 μοναχοὶ
2669 3197 2725 3263 ἐξ
2756 3191 2831 3249 ὧν
2860 3199 3220 3269 ἀπεκάρησαν
3257 3201 3638 3269 μοναστηρίων
3669 3200 3803 3268 πρὸς
3825 3200 3998 3269 ἕτερα

2420 3290 2783 3357 μοναστήρια,
2816 3290 2960 3357 ἦοῦ;

2499 3382 2619 3434 Ἀπ.
2672 3380 2798 3431 Ἑάν
2852 3381 2882 3431 ὀ
2934 3380 3071 3447 πρὸς
3131 3378 3420 3449 ἄνθρωπον
3475 3382 3847 3449 καταθέμενος
3900 3381 3999 3450 τὴν

2418 3472 2621 3525 οἰκείαν
2658 3470 2973 3538 ὁμολογίαν,
3032 3471 3277 3541 πληροῦν
3347 3474 3749 3541 ἀναγκάζηται,
3812 3474 3931 3535 πῶς
3974 3475 4001 3524 ὁ

2419 3562 2555 3632 πρὸς
2581 3562 2711 3614 Θεὸν
2742 3562 3138 3631 καταθέμενος,
3166 3565 3643 3635 ἀναγκασθήσεται
3661 3566 3762 3634 τὴν
3788 3568 4001 3617 οἰκείαν

2420 3653 2682 3720 ἀθετῆσαι
2713 3654 3035 3721 κατάθεσιν;
3069 3656 3168 3708 Διά
3210 3673 3290 3709 τοι
3338 3656 3500 3709 τοῦτο
3530 3657 3624 3709 καὶ
3660 3658 3803 3709 κατά
3839 3659 3934 3709 τὸν
3960 3660 4001 3709 δ’

2422 3745 2621 3797 κανόνα
2650 3746 2747 3814 τῆς
2788 3748 2846 3797 ὲν
2877 3746 2956 3816 τῷ
3005 3748 3118 3815 ναῷ
3157 3748 3267 3801 τῶν
3298 3749 3469 3815 ἁγίων
3523 3749 3844 3801 ἀποστόλων
3906 3766 4003 3802 cu-

2424 3835 2625 3903 στάσης
2657 3836 2820 3901 ἁγίας
2851 3839 2944 3889 καὶ
2988 3838 3380 3907 οίκουμενικῆς
3427 3839 3669 3902 συνόδου,
3699 3839 3804 3906 τῆς
3849 3840 4008 3905 λεγο-

2426 3924 2595 3992 μένης
2624 3924 2673 3976 α’
2715 3925 2808 3976 καὶ
2848 3923 2892 3992 β’
2928 3925 3019 3977 τὸν
3066 3926 3240 3978 ταῦτα
3292 3925 3560 3990 διεξιόντα
3592 3923 3795 3993 ῥητῶς,
3829 3924 3897 3976 Εἰ
3923 3942 4008 3985 1:;

2427 4015 2657 4083 μοναχδς
2708 4016 2806 4085 τῆς
2868 4016 3006 4077 ἰδίας
3048 4015 3364 4083 ἀποδράσας
3447 4015 3615 4084 μονῆς
3670 4018 3753 4077 είς
3811 4016 4009 4082 ἓτερον

2428 4106 2710 4177 μεταπέσῃ
2744 4108 3126 4175 μοναστήριον,
3157 4106 3189 4175 ἦ
3227 4107 3308 4167 είς
3356 4106 3621 4172 κοσμικον
3678 4106 4009 4175 είσκωμασῃ

2424 4200 2652 4267 οἴκημα,
2688 4198 2951 4259 ὡσαύτως
3003 4215 3062 4251 τε
3114 4199 3209 4251 καὶ
3248 4198 3276 4248 δ
3312 4197 3503 4249 τοῦτον
3539 4196 3861 4265 δεξάμενος,
3908 4198 4013 4262 ἀπο

2425 4291 2729 4361 ωρισμένος
2763 4290 2872 4358 εἴη,
2931 4290 3034 4351 ἓως
3064 4289 3131 4341 ἂν
3162 4290 3189 4341 ὁ
3216 4287 3513 4355 ἀποφυγὼν
3540 4286 3815 4357 ἐπανέλθῃ
3854 4289 3915 4350 ἐξ
3944 4285 4011 4359 ἧς

2428 4382 2619 4443 κακῶς
2688 4381 2915 4444 ἐξέπεσε
2974 4382 3163 4450 μονῆς.
3223 4380 3285 4433 Et
3340 4380 3594 4448 μέντοιγε
3632 4382 3661 4432 ὀ
3701 4381 4012 4442 ἐπίσκοπος

2427 4475 2578 4536 τινὰς
2602 4473 2709 4524 τῶν
2734 4472 2981 4543 μοναχῶν
3011 4473 3100 4524 ἐπ’
3135 4472 3392 4541 εὐλαϐείᾳ
3419 4472 3515 4523 καὶ
3549 4471 3666 4539 βίου
3713 4473 4013 4540 σεμνότητι

752 4557 992 4612 monium
1041 4558 1321 4622 habentes,
1353 4559 1404 4612 in
1464 4560 1610 4614 aliud
1645 4562 2033 4615 monasterium
2082 4563 2152 4617 ob
2201 4563 2315 4631 ejus

2432 4562 2917 4633 μαρτυρουμένους
2944 4564 3023 4624 είς
3057 4562 3243 4629 ἓτερον
3298 4562 3667 4628 μοναστήριον
3698 4560 3795 4610 ἐπὶ
3847 4576 4015 4611 καταο

747 4650 1203 4717 compositiouem
1232 4650 1467 4704 voluerit
1500 4652 1817 4718 transferre,
1860 4654 1942 4708 vel
1992 4654 2047 4707 in
2086 4656 2320 4709 munda-

751 4753 881 4791 num
912 4738 1246 4793 domicilium
1279 4741 1349 4794 ob
1388 4743 1619 4795 salutem
1655 4743 2075 4798 inhabitantium
2127 4746 2323 4799 consti-

752 4842 925 4896 tuere,
977 4832 1056 4885 vel
1100 4832 1228 4886 alibi
1278 4835 1545 4902 placuerit
1578 4850 1836 4904 prmessc,
1896 4838 2089 4891 horum
2142 4855 2319 4908 neque

750 4935 1120 4992 susceptores,
1172 4941 1349 4995 neque
1393 4929 1693 4983 monachos
1746 4932 1919 4999 culpa:
1992 4946 2115 4987 reos
2168 4930 2320 4987 facit.

751 5017 853 5080 Qui
890 5019 1053 5084 igitur
1084 5018 1203 5071 sine.
1257 5020 1550 5088 episcopali
1606 5022 1874 5089 permissu
1928 5032 2215 5079 transeunt
2268 5024 2321 5079 in

754 5109 861 5159 alia
901 5109 1230 5162 monasteria
1284 5125 1349 5162 ex
1408 5111 1495 5175 iis,
1532 5111 1623 5164 ubi
1674 5112 1811 5167 tonsi
1851 5122 1996 5176 sunt,
2047 5114 2327 5182 multoque

756 5200 930 5269 magis
974 5203 1026 5253 in
1085 5200 1375 5255 mundanis
1410 5202 1663 5257 domibus
1709 5214 2119 5268 conversantes,
2158 5215 2208 5260 et
2231 5206 2325 5275 qui

754 5306 851 5346 cos
911 5292 1259 5361 suscipiunt,
1313 5294 1675 5350 exterminati
1744 5308 1798 5351 et
1868 5298 2324 5353 excommunicati

756 5390 939 5444 erunt,
991 5383 1168 5437 donec
1224 5385 1279 5438 in
1335 5389 1689 5452 nmnasteria,
1734 5389 1786 5443 in
1841 5391 2040 5459 quibus
2088 5404 2327 5445 conven-

757 5474 931 5529 tiones
963 5474 990 5513 ἀ
1026 5474 1293 5541 fecerunt,
1320 5477 1538 5534 fuerunt
1570 5482 1795 5536 reversi.

2431 4656 2617 4707 στάσει
2646 4657 2743 4723 τῆς
2771 4654 2938 4721 μονῆς
2964 4653 3183 4722 θελήσει
3218 4651 3609 4718 μετακομίσαι,
3636 4651 3669 4717 ἦ
3703 4651 3786 4712 είς
3812 4666 4013 4717 κοσμι-

2431 4746 2534 4815 κὴν
2576 4744 2757 4797 οἰκίαν
2787 4744 2878 4796 ἐπὶ
2917 4742 3166 4812 σωτηρία
3194 4742 3305 4795 τῶν
3333 4741 3690 4794 ἐνοικούντων
3713 4742 4010 4809 δοκιμάσει

2431 4838 2795 4906 καταστῆσαι,
2848 4835 2881 4903 ἢ
2934 4832 3201 4902 ἀλλαχόσε
3250 4830 3537 4899 εὐδοκήσει
3594 4832 4012 4900 ὲπιστατῆσαι·

2428 4927 2635 4981 τούτων
2682 4926 2807 4979 οὕτε
2850 4925 2976 4988 τοὺς
3015 4922 3468 4993 ὑποδεχομένους,
3518 4922 3643 4973 οὔτε
3676 4923 3808 4985 τοὺς
3846 4940 4015 4992 μονα-

2434 5022 2563 5089 χοὺς
2608 5018 2900 5079 ὑποδίκους
2957 5018 3123 5070 ποιεῖ.
3180 5017 3245 5067 Ol
3300 5014 3434 5083 γοῦν
3486 5014 3611 5082 δίχα
3691 5017 4017 5083 προτροπῆς

2434 5111 2803 5178 ὲπισκοπικῆς
2838 5108 3258 5178 μεταϐαίνοντες
3290 5107 3371 5169 είς
3393 5106 3555 5175 ἕτερα
3589 5108 3938 5177 μοναστήρια
3956 5108 4016 5172 ἐξ

2433 5198 2509 5258 ὧν
2545 5204 2927 5273 ἀπεκάρησαν,
2954 5200 3132 5267 πολλῷ
3162 5200 3217 5252 δὲ
3240 5198 3404 5251 πλέον
3447 5199 3525 5260 είς
3556 5198 3835 5266 κοσμικὰς
3885 5214 4018 5251 κατ-

2436 5296 2611 5357 οικίας
2642 5294 3031 5365 διατρίϐοντες,
3069 5293 3163 5345 καὶ
3185 5292 3234 5344 οἱ
3261 5290 3544 5359 δεχόμενοι
3579 5289 3832 5351 τούτους,
3865 5290 4018 5355 ἀφω-

2438 5386 2687 5459 ρισμένοι
2713 5389 2807 5440 καὶ¹
2839 5385 3194 5455 ἀκοινώνητοι
3245 5382 3485 5446 ἔσονται,
3540 5381 3736 5451 μέχρις
3773 5380 3841 5433 ἂν
3883 5382 4018 5432 ὐπο-

2438 5482 2744 5551 στρέψωσιν
2781 5481 2859 5545 είς
2887 5480 2954 5533 τὰ
2992 5477 3334 5548 μοναστήρια
3362 5477 3421 5531 ὲν
3446 5471 3530 5539 οἷς
3579 5474 3682 5536 τὰς
3729 5474 4011 5544 συνθήκας

2435 5575 2485 5626 δε
2495 5573 2750 5626 δώκασιν.

2061 5750 2099 5799 ν
2120 5748 2290 5802 ΧῐὶΗί
2331 5746 2733 5802 LEC'I'IONES.

817 5836 843 5877 ἓ
871 5841 1245 5894 exhortatione.
1307 5848 1325 5879 ε
1355 5841 1620 5907 (ΙῙῖιίπὶίιῖϊ
1645 5842 1966 5896 numerium.

2055 5843 2078 5879 d
2111 5853 2264 5907 pacm
2296 5846 2369 5897 re!
2393 5842 2713 5911 sponsiones.
