4188 6446
753 376 892 440 1055

2050 372 2083 432 Ι
2096 371 2192 431 US
2224 370 2671 432 CANONICUM

3880 363 4015 434 1066

743 498 930 557 autem
950 485 1147 553 dignus
1180 482 1270 545 sit,
1305 481 1416 536 ﬂat.
1453 479 1572 534 Non
1606 479 1750 534 enim
1784 478 2036 548 corporis
2066 477 2328 531 damnum

2444 478 2474 548 ἢ
2505 477 2567 530 τδ
2589 477 2780 538 σκέλος
2809 475 3216 547 πεπληγμένος.
3247 473 3396 540 ἄξιος
3426 475 3482 528 δέ
3514 475 3662 528 ἔστιν
3685 475 4020 547 ιπισκοα-ῆς,

743 594 866 632 eum
907 575 1117 645 polluit,
1163 575 1256 630 sed
1304 574 1500 628 animi:
1536 570 1864 642 inquinatio.
1918 571 1984 624 Et
2040 569 2108 624 78
2151 583 2328 624 canon

742 668 1060 722 earumdem
1122 675 1438 721 sanctorum
1491 665 1864 735 apostolorum
1911 663 1991 719 sic
2026 662 2271 730 loquitur
2309 678 2324 714 :

742 756 848 822 Qui
875 765 1058 811 autem
1093 763 1178 811 est
1203 755 1406 810 surdus
1440 766 1496 808 et
1534 769 1735 819 caecus,
1777 769 1846 808 ne
1905 746 2329 823 sit'cpiscopus,

743 863 852 902 non
887 857 947 902 ut
979 848 1239 919 pollutus,
1272 845 1367 900 sed
1411 861 1476 899 ne
1502 843 1882 900 ecclesiastica
1922 845 2329 911 impediantur.

742 940 1072 1008 Quicunque
1101 939 1270 1010 igitur
1287 938 1609 993 morborum
1642 939 1953 1007 aliquorum
1995 937 2126 990 vitio
2155 936 2334 1006 probi-

746 1031 855 1094 biti,
897 1029 1102 1084 fuerint
1153 1028 1578 1084 sacerdotalium
1611 1027 1876 1098 graduum
1913 1027 2040 1096 jura
2071 1027 2327 1097 exsequi,

746 1119 1095 1175 ordinatione
1125 1118 1272 1190 digni
1305 1134 1412 1173 non
1449 1118 1820 1174 habebuntur.
1859 1117 1962 1184 Qui
1993 1127 2174 1174 autem
2211 1127 2335 1186 post

743 1209 1150 1264 ordinationem
1206 1212 1286 1264 sic
1333 1210 1476 1264 male
1525 1209 1706 1264 aﬂectl
1749 1216 1902 1274 sunt,
1954 1224 2111 1264 sacra
2153 1208 2336 1264 facere

745 1300 938 1350 morbo
966 1311 1073 1350 non
1107 1295 1500 1363 impediuntur.
1535 1294 1603 1352 Et
1634 1299 1709 1350 ita
1743 1298 2018 1353 imbecilla
2047 1298 2334 1351 constituti

747 1384 1084 1450 valetudine,
1142 1384 1314 1438 libere
1377 1385 1790 1441 eacrifieabunt.
1850 1385 1944 1440 Dei
1989 1385 2336 1456 praeconibus

744 1476 892 1529 enim
941 1476 1163 1544 placuit,
1209 1492 1305 1545 per
1339 1477 1743 1534 mutilationem
1771 1479 2023 1548 corporis
2051 1493 2080 1531 a
2125 1479 2331 1533 sacriti-

744 1567 965 1621 catione
1013 1583 1122 1620 non
1178 1568 1456 1636 prohiberi
1497 1585 1848 1640 quemquam.
1884 1569 2039 1635 Quod
2085 1569 2130 1623 si
2160 1569 2334 1622 morbi

746 1656 988 1711 debitum
1009 1657 1191 1713 ofﬁcio
1219 1657 1512 1712 sacerdotii
1539 1659 1612 1712 sit
1640 1659 2051 1728 impedimento,
2079 1672 2335 1712 exercere

747 1746 954 1802 desine:
973 1756 1268 1817 aegrotans,
1292 1763 1320 1800 a
1340 1747 1605 1816 dignitate
1630 1757 1811 1801 tamen
1833 1763 1940 1800 non
1970 1748 2330 1811 alienabitur,

746 1837 882 1905 quin
940 1837 1120 1906 potius
1180 1838 1528 1891 miserandus
1578 1839 1707 1904 erit,
1769 1851 1833 1889 ac
1880 1837 2064 1905 priore
2117 1835 2334 1903 quidem
2368 1822 2411 1878 Β

748 1928 956 1983 honore
988 1927 1225 1992 fruetur,
1249 1929 1476 1984 habebit
1507 1938 1687 1983 autem
1721 1930 1883 1982 etiam
1915 1943 2037 1996 qua
2077 1930 2142 1981 ad
2171 1928 2336 1982 vitam

749 2021 1166 2074 sustentandam
1213 2019 1508 2084 sufﬁciant,
1539 2028 1594 2075 et
1635 2019 1867 2089 reliqua,
1903 2018 2057 2088 juxta
2097 2019 2336 2089 priorem

752 2111 1235 2166 consuetudinem.

822 2198 988 2254 Inter.
1025 2200 1116 2252 ει.
1153 2200 1234 2255 An
1269 2199 1547 2262 sacerdos,
1584 2201 1667 2252 vel
1697 2200 1966 2254 diaconus
1995 2236 2010 2261 ,
2045 2205 2162 2254 sine
2190 2202 2338 2268 peri-

751 2291 876 2345 culo
906 2290 998 2344 ﬁat
1033 2290 1454 2356 nummularius,
1484 2293 1565 2346 vel
1593 2291 2067 2360 commerciarius,
2101 2291 2183 2347 vel
2219 2307 2339 2348 me-

746 2383 927 2447 dicus,
956 2383 1038 2440 vel
1068 2382 1398 2452 astrologus,
1434 2384 1649 2438 necne?

820 2472 940 2528 Rea.
989 2475 1180 2528 Canon
1217 2483 1538 2529 sanctorum
1568 2481 1623 2528 et
1653 2474 1802 2526 omni
1837 2473 1999 2528 laude
2045 2475 2335 2529 beatorum

750 2563 1128 2633 apostolorum
1149 2605 1163 2628 ,
1190 2563 1303 2618 haec
1333 2564 1510 2633 inquit
1535 2581 1546 2615 :
1569 2562 1894 2632 Episcopus,
1913 2563 1996 2618 vel
2028 2565 2335 2639 presbyter,

749 2655 833 2709 vel
867 2655 1136 2711 diaconus
1162 2648 1440 2711 seculares
1473 2670 1638 2710 curas
1667 2671 1774 2710 non
1802 2655 2070 2726 suscipiat
2094 2673 2109 2714 :
2130 2657 2337 2726 alioqui

746 2747 1074 2815 deponatur.
1111 2746 1284 2801 Nemo
1311 2747 1456 2800 enini
1492 2755 1674 2817 potest
1704 2747 1920 2806 duobus
1947 2745 2188 2801 dominis
2219 2761 2336 2801 ser-

748 2837 885 2892 vire.
928 2836 995 2892 Et
1030 2837 1091 2892 8!
1140 2851 1315 2892 canon
1344 2837 1479 2892 dicit
1528 2853 1542 2890 :
1597 2837 1866 2903 Diximus,
1917 2853 2024 2892 non
2080 2845 2338 2906 oportere

749 2931 1092 2999 episcopum.
1134 2931 1218 2984 vel
1253 2931 1654 2999 presbyterum,
1693 2929 1932 2997 seipsum
1972 2927 2040 2983 ad
2084 2929 2340 2998 publicas

752 3023 1263 3078 administrationes
1319 3023 1628 3084 demittere.
1683 3021 1778 3076 sed
1829 3023 1884 3076 in
1937 3019 2337 3078 ecclesiasticis

752 3115 985 3184 negotiis
1015 3116 1244 3169 versari.
1275 3115 1447 3170 Nemo
1503 3117 1652 3169 enim
1703 3124 1882 3184 potest
1910 3115 2128 3169 duobus
2159 3116 2336 3170 domi-

752 3207 842 3262 nis
872 3207 1103 3268 servire,
1133 3206 1440 3261 secundum
1491 3207 1840 3262 Dominicnm
1873 3207 2123 3262 verbum.

828 3296 925 3354 Vel
969 3313 1100 3368 ergo
1134 3300 1207 3352 ita
1251 3315 1361 3353 non
1397 3297 1580 3354 facere
1637 3299 2054 3369 persuadeatur,
2107 3299 2189 3356 vel
2239 3300 2340 3355 de-

753 3399 1014 3459 ponatur.
1059 3390 1126 3443 Et
1180 3404 1358 3444 canon
1401 3389 1459 3448 ,6
1514 3389 1709 3461 synodi
1755 3389 2205 3462 Carthaginensis
2243 3391 2342 3446 de-

756 3481 912 3546 finit,
963 3497 1030 3536 ex
1090 3480 1289 3541 infami
1340 3481 1423 3534 vel
1477 3459 1626 3551 tur-pi
1681 3459 1898 3551 negotio
1954 3459 2204 3536 sacratos
2261 3483 2346 3536 vi-

752 3584 902 3627 ctum
952 3587 1058 3626 non
1105 3586 1447 3641 comparare.
1501 3572 1569 3626 Et
1607 3586 1782 3627 canon
1841 3572 1909 3626 10
1963 3573 2206 3642 ejusdem
2253 3590 2344 3644 sy-

755 3664 885 3719 n-di
938 3663 1006 3718 ad
1062 3663 1441 3722 institutiones
1492 3680 1782 3734 puerorum
1831 3675 1884 3718 et
1931 3663 2340 3735 Scripturarum

755 3756 1043 3810 lectionem
1109 3755 1310 3810 debere
1369 3763 1595 3825 paratos
1649 3770 1771 3811 esse
1827 3755 2059 3810 clericos
2117 3755 2342 3820 definit,

755 3855 811 3900 et
850 3861 960 3902 non
1017 3847 1307 3902 mundanis
1341 3854 1396 3901 et
1433 3847 1790 3902 saecularibus
1853 3846 2003 3902 curis
2057 3847 2343 3918 occupari.

757 3939 854 3993 Est
888 3952 1017 3992 vero
1062 3939 1232 3992 etiam
1258 3938 1444 4008 iussio
1481 3938 1500 3976 ι
1556 3938 1744 4007 inclyti
1797 3938 2182 4008 imlkratoris,
2246 3940 2345 3992 do-

760 4031 893 4087 mini
943 4029 1212 4085 Manuelis
1253 4027 1555 4096 Comneni,
1603 4029 1748 4085 edita
1798 4045 1987 4085 mense
2016 4027 2345 4094 Novembri,

760 4122 955 4178 iudict.
1010 4124 1096 4187 15,
1132 4122 1202 4176 ad
1242 4120 1610 4190 quorumdam
1659 4122 1986 4178 clericorum
2036 4122 2348 4193 nqmmula.

762 4214 967 4266 riorum
1009 4213 1437 4281 suggestionem,
1493 4212 1775 4267 insinuata
1830 4213 1883 4266 in
1915 4220 2130 4267 secreto
2162 4212 2351 4267 dome-

762 4303 1025 4356 sticorum
1067 4303 1112 4365 8,
1179 4285 1367 4357 mense
1404 4301 1716 4365 Novembri,
1762 4301 1951 4358 indici.
1995 4302 2085 4366 15,
2132 4308 2186 4357 et
2235 4303 2349 4355 haec

760 4394 1068 4464 expressim
1124 4393 1495 4462 pracipiens:
1545 4391 1628 4446 Ad
1675 4405 2039 4460 quoscunque
2085 4377 2350 4460 pervenc-

2365 3163 2414 3226 ο

2432 568 2688 637 γινέσθω.
2721 570 2795 622 Οὐ
2823 571 2933 640 γὰρ
2964 567 3110 638 λώση
3143 566 3396 636 σώματος
3423 565 3588 619 αὑτὸν
3631 565 3857 631 μιαίνει,
3883 567 4018 623 ἀλλά

2431 657 2610 728 ψυχῆς
2639 658 2934 728 μολυσμός.
2993 656 3101 710 Καὶ
3123 658 3150 709 6
3177 663 3258 725 οη¹
3292 657 3474 710 κανὼν
3501 655 3610 709 τῶν
3637 657 3818 710 αὐτῶν
3844 658 4019 725 ἀγίων

2433 748 2752 803 ἀποστόλων
2783 747 2927 800 οὕτω
2981 746 3224 812 διέξεισι,
3279 747 3476 813 κωφὸς
3521 747 3614 797 καὶ
3649 747 3874 814 τυφλὸς,
3933 747 4010 818 μὴ

2433 839 2668 910 γινέσθω
2705 839 3004 902 ἐπίσκοπος
3031 853 3046 870 ⁵
3073 840 3171 909 οὐχ
3204 838 3281 900 ὡς
3334 835 3734 906 μεμιασμένος,
3787 835 3907 888 ἀλλ’
3937 839 4023 892 ῐνα

2438 932 2512 1000 μὴ
2539 928 2608 982 τὰ
2661 927 3090 998 ίκκλησιαστικά
3127 923 3634 997 Μμμπώιξοιντοο
3661 925 3728 979 ὀ
3747 940 3829 977 σοι
3844 927 4026 980 τοίνυν

2436 1025 2502 1074 ὲκ
2535 1019 2743 1084 πάθους
2776 1019 3230 1093 ἀρρωστημάτων
3272 1016 3436 1071 τινῶν
3467 1016 3760 1086 ίερατικῶν
3797 1015 4028 1085 βαθμῶν

2435 1112 2678 1182 ὶνεργεῖν
2704 1111 3044 1166 κεκώλυνται
3068 1109 3262 1165 δίκαια
3293 1106 3631 1180 χειροτονίας
3662 1106 3762 1160 οὐκ
3787 1105 4029 1179 ἀξιωθη-

2437 1220 2643 1258 σονται.
2671 1204 2737 1257 Oi
2785 1202 2843 1256 δὲ
2871 1202 3010 1274 μετά
3056 1203 3155 1272 τὴν
3206 1198 3546 1271 χειροτονίαν
3570 1197 3714 1250 οὕτω
3760 1198 4027 1263 παθόντες

2436 1295 2648 1360 κακῶς,
2675 1294 2778 1347 οὐκ
2801 1293 3183 1363 ἐμποδίζονται
3217 1291 3308 1344 διά
3353 1290 3454 1359 τὴν
3491 1289 3647 1342 νόσον
3701 1288 4028 1358 ἱερουργεῖν,

2437 1387 2534 1440 καὶ
2567 1385 2743 1448 οὕτως
2782 1384 3085 1457 ἀρρώστως
3134 1384 3375 1453 ἔχοντες.
3402 1377 3700 1440 ἀκωλύτως
3731 1379 4029 1448 ίερουργή-

2439 1495 2616 1535 σουσι.
2661 1478 2788 1540 Tot;
2830 1476 2949 1547 ,γὰρ
2985 1473 3308 1545 θεοκήρυξιν
3364 1469 3536 1534 εδοξε,
3582 1467 3673 1521 διὰ
3697 1469 3879 1537 λώδην
3920 1469 4029 1520 σὼ.

2441 1587 2610 1640 ματος
2650 1569 2752 1638 τῆς
2782 1567 3094 1639 ίερουργίας
3119 1563 3245 1619 τινὰ
3287 1563 3362 1633 μὴ
3391 1559 3720 1614 κωλύεσθαι.
3746 1559 3810 1611 Et
3842 1559 3898 1611 Bt
3925 1560 4028 1628 τῆς

2440 1660 2714 1729 ίερατείας
2735 1660 2798 1713 τὸ
2816 1659 3139 1728 σπούδασμα
3161 1654 3445 1725 ἐμποδίζει
3463 1654 3562 1722 τῆς
3589 1650 3746 1704 νόσου
3765 1650 3829 1702 τδ
3854 1651 4029 1720 69in-

2441 1771 2537 1820 μα,
2588 1753 2689 1820 τῆς
2751 1749 3028 1821 ινεργείας
3075 1747 3419 1818 παυθήσεται
3485 1743 3516 1795 6
3567 1743 3760 1806 νοσῶν,
3818 1740 3914 1794 τοῦ
3965 1742 4028 1795 δι

2440 1841 2750 1912 ἀξιώματος
2784 1843 2886 1896 οὐκ
2937 1839 3433 1911 ἀλλπριωθὴσεται
3459 1850 3476 1866 ο
3517 1834 3654 1891 ἀλλὰ
3696 1833 3897 1904 μᾶλλον
3938 1837 4029 1888 el-

2442 1931 2892 2001 κτειρηθήσεται,
2954 1931 3047 1984 καὶ
3103 1928 3404 1983 ἀπολαύσει
3447 1925 3549 1996 μιν
3596 1925 3697 1994 τῆς
3753 1925 4032 1996 προτέρας

2440 2023 2626 2093 τιμῆς,
2645 2024 2757 2088 ῑξει
2785 2021 2841 2076 δὶ
2870 2023 2965 2075 καὶ
2994 2021 3064 2075 τὰ
3092 2021 3226 2092 πρὸς
3247 2018 3577 2089 ζωάρκειαν,
3607 2014 3703 2070 καὶ
3743 2014 3813 2070 τὰ
3844 2015 4029 2082 λοιπὰ,

2441 2112 2585 2166 κατά
2609 2112 2708 2182 τὴν
2742 2111 3015 2182 προτέραν
3049 2109 3366 2180 συνήθειαν.

2524 2205 2850 2272 Ἐρώτησις
2881 2201 2993 2258 κδ’.
3040 2200 3368 2262 ’Δκινδῦνως
3397 2200 3615 2269 γίνεται
3633 2199 3811 2269 ίερεὺς
3844 2197 3877 2266 ἢ
3915 2195 4032 2251 διά-

2441 2314 2597 2360 κονος
2625 2296 3027 2365 καταλλάκτης,
3073 2294 3107 2364 ἢ
3151 2292 3609 2364 κομμερκιάριος,
3654 2290 3690 2361 ῆ
3735 2288 3945 2360 ίατρδς,
3994 2288 4029 2359 ἢ

2441 2386 2790 2457 ἀστρολόγος,
2819 2385 2936 2456 ῆοῦ
2961 2404 2976 2452 ;

2522 2478 2655 2531 ‘Ax.
2705 2476 2764 2529 '0
2792 2473 2849 2540 ς’
2880 2472 3062 2527 κανὼν
3109 2473 3222 2526 τῶν
3278 2471 3450 2539 ἀγίων
3500 2469 3596 2524 καὶ
3652 2471 4032 2540 πανευφήμων

2439 2567 2754 2622 ἀποστόλων
2795 2565 2969 2619 ταῦτά
3003 2562 3609 2648 φησινοδῈπίσκοπος,
3652 2561 3685 2632 ἢ
3729 2560 4037 2631 πρεσϐύτα-

2443 2677 2558 2731 ρος,
2587 2657 2620 2728 ἢ
2647 2657 2897 2721 διάκονος
2923 2655 3198 2727 κοσμικὰς
3220 2655 3511 2726 φροντίδας
3541 2651 3617 2723 μὴ
3649 2652 4037 2722 ἀναλαμϐανιο

2437 2772 2520 2808 τω
2544 2770 2556 2783 ·
2583 2756 2632 2807 εί
2656 2754 2713 2806 δὶ
2741 2755 2838 2825 μὴ,
2865 2752 3254 2824 καθαιρείσθω.
3280 2752 3484 2816 Ὀὐδεὶς
3514 2752 3626 2820 γὰρ
3649 2749 3875 2804 δύναται
3909 2751 4036 2803 δυσὶ

2437 2845 2649 2916 κυρίοις
2672 2833 2962 2900 δουλεύειν.
2988 2845 3099 2898 Καὶ
3129 2847 3158 2897 6
3184 2842 3276 2897 πα⁹
3309 2842 3489 2896 κανὼν
3517 2836 3695 2908 ιίπεν,
3722 2841 3802 2894 ὃτι
3821 2840 3900 2894 Οὐ
3926 2841 4041 2911 χρὴ

2440 2936 2806 3006 ἐπίσκοπονῆ
2847 2934 3222 3007 πρεσϐύτερον
3271 2934 3520 2988 καθιέναι
3564 2933 3761 2986 ἑαυτὸν
3811 2934 3895 2995 είς
3940 2930 4037 3001 δηι

2441 3027 2711 3098 μοσιακάς
2727 3027 3044 3098 διοικήσεις,
3075 3026 3211 3079 ἀλλὰ
3235 3026 3657 3097 προσευκαιρεῐν
3679 3024 3798 3086 ταις
3832 3021 4040 3092 ὶκκληο

2445 3123 2756 3183 σιαστικαῐς
2787 3119 3023 3192 χρείαις.
3051 3119 3242 3182 Οὐδεὶς
3279 3117 3391 3190 γὰρ
3419 3117 3648 3173 δύναται
3669 3117 3792 3170 δυσὶ⁵
3816 3115 4034 3187 κυρίοις

2443 3211 2740 3274 δουλεύειν,
2773 3210 2920 3264 κατά
2947 3211 3047 3280 τὴν
3087 3209 3375 3281 Κυριακὴν
3410 3207 3813 3279 παραγγελίαν.

2515 3302 2584 3353 Ἢ
2621 3299 2892 3354 πειθέσθω
2923 3299 3016 3354 οὖν
3047 3301 3206 3353 τοῦτο
3236 3300 3311 3370 μὴ
3343 3301 3538 3363 ποιεῖν,
3573 3300 3606 3369 ἢ
3636 3295 4035 3365 καθαιρείσθω.

2443 3396 2555 3449 Καὶ
2595 3395 2623 3447 6
2669 3393 2723 3460 ς’
2755 3393 2936 3448 κανὼν
2959 3395 3092 3464 ⁸τῆς
3126 3395 3184 3446 ὲν
3222 3393 3555 3463 Καρθαγένῃ
3602 3391 3824 3445 συνόδου
3864 3391 4037 3460 διορί-

2445 3484 2640 3551 ζεται,
2703 3484 2811 3538 ἀπὸ
2874 3484 3073 3555 ἀτίμου
3145 3483 3178 3554 ἢ
3241 3481 3471 3554 αἰσχροῦ
3531 3483 3864 3554 πράγματος
3910 3483 4038 3544 τοὺς

2446 3575 2778 3647 ίερωμένους
2825 3577 3033 3646 τροφὴν
3081 3574 3155 3645 μὴ
3212 3573 3555 3646 πορίζεσθαι.
3610 3575 3720 3628 Καὶ
3772 3573 3800 3624 6
3854 3579 3887 3624 ι’
3936 3589 4038 3624 κα-

2444 3667 2553 3720 νὼν
2611 3665 2714 3736 τῆς
2773 3666 2946 3735 αὐτῆς
2997 3667 3234 3719 υσυνόδου
3296 3665 3433 3736 πρὸς
3489 3663 3841 3726 διδασκαλίας
3907 3663 4039 3716 mlo

2444 3759 2559 3812 δων
2609 3759 2704 3812 καὶ
2754 3759 3067 3827 ἀνάγνωσιν
3114 3757 3351 3829 Γμφῶν
3399 3756 3650 3828 ἑτοίμους
3708 3752 3849 3810 εἶναι
3912 3753 4040 3816 τοὺς

2447 3850 2744 3922 κληρικοὺς
2818 3849 3160 3919 διορίζεται,
3238 3849 3335 3902 καὶ
3411 3848 3488 3918 μὴ
3561 3850 3856 3917 κοσμικαίς
3940 3846 4038 3898 καὶ

2449 3942 2732 4012 βιωτικαις
2795 3940 3072 4012 φροντίσιν
3127 3940 3558 4010 ἀνασχολεϊσθαι.
3603 3937 3762 3991 Ἐστι
3822 3938 3881 3991 δὲ
3945 3936 4042 3990 καὶ

2450 4031 2784 4101 πρόσταγμα
2815 4030 2910 4084 τοῦ
2960 4030 3505 4101 eammeam;
3552 4029 3744 4100 κυρίου
3780 4026 4042 4097 Μανουὴλ

2448 4122 2544 4176 τοῦ
2589 4121 2921 4194 Κομνηνοῦ,
2971 4122 3252 4193 ἐξενεχθὲν
3316 4123 3417 4193 μὶν
3472 4123 3633 4186 κατά,
3669 4121 3813 4191 μῆνα
3862 4118 4042 4189 Nolis-

2450 4215 2628 4286 6ptov,
2671 4216 3052 4285 ἑπινεμήσεως
3101 4221 3185 4278 ιε’,
3226 4215 3320 4267 ἀπὶ
3375 4215 3680 4286 ὑπομνήσει
3709 4211 3873 4267 τινῶν
3908 4213 4044 4281 κλη-

2455 4305 2624 4376 ρικῶν
2667 4306 3094 4359 καταλλακτῶνο
3134 4305 3526 4376 καταοτρωθδν
3570 4305 3631 4356 ιν
3673 4303 3750 4372 τῷ
3796 4303 4042 4372 σεκρέτψ

2450 4397 2561 4450 τῶν
2615 4395 2934 4460 οίκειακῶν,
2991 4396 3134 4449 κατά
3195 4395 3346 4465 μῆνα
3395 4395 3723 4465 Νοόμδριον,
3762 4380 4042 4462 ’ἐπινεμή-

765 4489 878 4541 rint
906 4502 970 4544 ex
1010 4485 1286 4554 emptione
1321 4484 1461 4538 tales
1505 4483 1998 4536 nummulariarum
2031 4496 2341 4536 mensarum

2444 4502 2593 4549 eam;
2665 4484 2763 4550 ιε’,
2831 4485 2925 4538 καὶ
2983 4485 3156 4538 ταῦτα
3225 4483 3405 4555 ῥητῶς
3475 4482 3989 4553 παρακελευόμενον

763 4579 1030 4644 tabernae,
1077 4577 1367 4646 imperium
1409 4590 1591 4628 meum
1625 4583 1944 4644 potestatem
1982 4572 2074 4628 dat
2106 4572 2347 4630 transfe-

762 4667 916 4724 tendi
940 4684 1035 4724 eas
1065 4668 1120 4722 in
1142 4668 1428 4723 honestam
1458 4674 1512 4724 et
1547 4668 1846 4721 Romanam
1883 4682 2200 4736 personam,
2231 4681 2351 4737 qua

763 4763 1086 4814 occurrerit.
1107 4759 1273 4815 Vobis
1303 4761 1474 4825 enim,
1498 4761 1699 4815 sacrati
1723 4774 1845 4813 cum
1874 4760 2020 4826 sitis,
2057 4760 2222 4814 talem
2260 4775 2350 4815 ar-

765 4861 873 4908 tem
906 4869 1157 4908 exercere
1192 4869 1302 4908 non
1340 4853 1503 4917 licet,
1549 4853 1678 4923 quia
1733 4869 1834 4908 nec
1873 4853 2105 4923 potestis
2144 4869 2349 4909 conre-

765 4946 938 5000 nienti
971 4945 1332 5012 castigatione
1381 4945 1652 5008 coerceri,
1679 4945 1722 4999 si
1755 4945 1884 5014 quid
1924 4953 2124 5014 prater
2152 4944 2351 5014 praefe-

764 5031 993 5085 ctoriam
1037 5031 1412 5086 definitionem
1466 5033 1709 5098 faciatis,
1756 5049 1882 5089 cum
1938 5034 2062 5089 sitis
2120 5034 2348 5090 sacrati.

767 5120 1092 5190 Quicunque
1127 5122 1292 5190 igitur
1323 5133 1560 5178 vestrum
1593 5127 1887 5196 emptione,
1915 5138 1975 5181 ut
2005 5128 2211 5182 dictum
2241 5137 2347 5192 est,

768 5213 868 5266 bas
921 5214 1303 5282 acquisierint,
1368 5215 1562 5284 dignas
1603 5220 1669 5272 ad
1711 5219 2024 5288 praefectum
2073 5219 2352 5273 adducant

771 5320 1059 5376 personas,
1093 5315 1205 5360 tum
1239 5317 1297 5362 ut
1329 5309 1583 5364 admittat
1607 5326 1720 5375 eas,
1748 5319 1860 5364 tum
1893 5321 1950 5365 ut
1983 5315 2352 5368 mensularios

769 5411 872 5468 pro
909 5397 1041 5468 ipsis
1072 5400 1241 5468 gratis
1280 5406 1332 5454 et
1375 5401 1584 5470 absque
1615 5403 2019 5460 consuetudine
2057 5405 2351 5460 dationeve

2455 4577 2644 4640 Ὅσοις
2699 4577 2992 4647 περιῆλθον
3051 4577 3108 4643 ἐξ
3152 4576 3452 4655 ἀγορασίας
3500 4577 3571 4630 τά
3621 4573 3846 4630 τοιαῦτα
3906 4589 4042 4627 κατ-

2451 4671 2754 4725 αλλακτικά
2816 4669 3251 4742 τραπεζοτόπια,
3301 4669 3515 4723 δίδωσιν
3560 4668 3745 4722 ἀδειαν
3786 4669 3820 4737 ἠ
3883 4666 4042 4737 βασι-

2454 4764 2574 4815 λεία
2601 4779 2702 4831 μου
2745 4761 3111 4831 ἑναλλαγῆναι
3143 4760 3319 4815 ταῦτα
3371 4761 3449 4824 είς
3497 4759 3639 4828 ἅπερ
3669 4758 3737 4813 ἀν
3763 4759 4038 4830 εὑρήσητε

2457 4853 2716 4922 ἀξιόλογα
2745 4854 2838 4905 καὶ
2883 4851 3172 4921 Ῥωμαῖκὰ
3205 4848 3686 4922 πρόσὶυπα.Ύμᾶς
3711 4849 3843 4919 γὰρ,
3881 4851 4039 4919 ιορω-

2462 4943 2658 5014 μόνους
2696 4943 2858 5006 ὄντας
2907 4943 3009 5012 τὴν
3039 4941 3298 5012 τοιαύτην
3335 4943 3649 5010 ἐπιστήμην
3680 4940 4039 5011 μετέρχεσθαι

2454 5037 2555 5091 οὐκ
2598 5036 2898 5106 ἰνδιχεται,
2941 5036 3024 5088 ὅτι
3058 5035 3180 5088 οὐδὲ
3224 5035 3452 5089 δυνατὸν
3489 5033 3922 5089 ἀναστέλλεσθαι
3954 5028 4038 5083 διά

2451 5129 2824 5196 προσήκοντος
2896 5124 3306 5196 σωφρονισμοῦ,
3394 5126 3630 5196 ὁπηνίκα
3719 5142 3774 5178 τι
3834 5123 4038 5174 ποιεῖτε

2453 5221 2606 5291 παρά
2637 5221 2730 5273 τὸν
2763 5220 3069 5291 ἑπαρχικδν
3120 5219 3372 5291 ὁρισμὸν,
3409 5219 3494 5272 διά
3523 5217 3585 5270 τὸ
3626 5212 3768 5270 εἶναι
3812 5214 4039 5285 ίερωμί-

2458 5331 2604 5376 νους.
2639 5315 2794 5366 Ὅσοι
2824 5312 2918 5367 οὖν
2942 5312 3002 5378 ἐξ
3032 5313 3187 5384 ὑμῶν
3221 5312 3284 5376 ἑξ
3321 5311 3643 5384 ἀγορασίας,
3673 5314 3750 5374 ὡς
3798 5310 4037 5380 εἴρηται.

2456 5405 2633 5459 ταῦτα
2659 5405 2952 5477 κέκτησθε,
2983 5407 3519 5477 προσκομσὰτωσαν
3567 5403 3829 5473 ἀξιόλογα
3862 5399 4032 5468 πρόσ-

2075 5599 2305 5655 ἺΑΒΙᾹΞ
2372 5599 2776 5658 LECTIONES.

869 5767 888 5806 ί
914 5765 1160 5822 edictum.
1239 5769 1264 5808 ⁸
1295 5767 1518 5822 relatum
1553 5768 1603 5822 in
1636 5769 1973 5822 scrrrtarium
2000 5786 2170 5822 rerum
2192 5770 2557 5838 privatarum:
