4188 6446
182 424 323 493 1057

1442 431 2124 497 GR.ECU-ROMANUM
2136 484 2149 499 .

3300 442 3437 507 [053

173 558 302 596 ωπα
352 538 430 610 τῷ
464 538 724 611 ἐπάρχῳ⁶
762 540 859 596 καὶ
889 541 976 597 ἵνα
1002 541 1223 614 δέξηται
1256 542 1419 610 αὐτὰ,
1451 545 1549 597 καὶ
1576 563 1751 615 σφρα-

1871 549 1981 602 ulla
2042 548 2305 618 sigillctb.
2374 548 2515 603 Sane
2553 547 2623 603 36
2669 560 2844 602 canon
2890 544 3208 602 Laodicenaa
3251 553 3444 621 synodi

174 632 307 702 γίσῃ
356 629 695 701 τραπεζίτας
754 632 869 684 ἀντ’
920 631 1123 695 αὐτῶν,
1189 632 1333 685 κατά
1375 633 1606 703 δωρεὰν,
1661 635 1757 687 καὶ

174 723 306 775 ἄνευ
338 722 629 792 συνηθείας
688 724 782 775 καὶ
824 722 1023 786 δόσεως
1073 724 1428 794 οἱασδήτινος.
1467 725 1529 778 Ὀ
1574 725 1757 794 μέντοι

173 813 263 876 λς’
300 816 483 866 κανων
511 813 611 882 τῆς
651 815 709 865 ἐν
750 813 1039 885 Λαοδικείᾳ
1086 816 1303 870 συνόδου
1350 816 1527 871 ταῦτά
1561 833 1749 887 φησιν,

170 905 252 956 ὅτι
320 904 397 955 Θύ
459 904 541 956 δεῖ
598 905 909 974 ίερατικοὺς
962 906 994 976 ἢ
1047 906 1361 976 κληρικοὺς,
1430 910 1637 979 μάγους
1718 906 1750 977 ἦ

173 996 462 1059 ἰπαοιδοὺς
492 990 653 1059 εἶναι,
688 996 722 1066 ἢ
756 996 1200 1067 μαθηματικοὺς,
1234 1000 1266 1069 ἢ
1298 1002 1682 1071 ἀστρολόγους,
1720 1000 1754 1071 ἢ

176 1091 354 1140 ποιεῖν
401 1087 471 1140 τὰ
499 1086 768 1157 λεγόμενα
813 1088 1189 1160 φυλακτήριαο
1222 1090 1380 1145 ἀτινά
1408 1094 1513 1144 εἱσι
1542 1093 1755 1161 δεσμω-

172 1179 344 1247 τήρια
378 1176 486 1229 τῶν
511 1177 699 1247 ψυχῶν
742 1177 944 1232 αὐτῶν.
990 1180 1129 1242 Τοὺς
1182 1180 1241 1233 δέ
1293 1180 1612 1251 φοροῦντας,
1678 1181 1756 1248 ῥί-

172 1265 411 1319 πτεσθαι
438 1266 500 1318 ἐκ
520 1266 616 1332 τῆς
658 1265 981 1335 Ἐκκλησίας
1012 1267 1400 1338 ἐκελεύσαμεν.
1439 1270 1549 1323 Καὶ
1580 1269 1639 1320 τὸ
1670 1267 1753 1338 κβ¹

174 1357 471 1425 κεφάλαιον
521 1355 616 1408 τοῦ
678 1355 754 1409 λθ¹
815 1357 995 1410 τίτλου
1065 1357 1159 1410 τοῦ
1226 1358 1265 1423 ξ’
1326 1359 1533 1429 βιϐλίου
1580 1360 1754 1412 ταῦτα

172 1454 469 1521 διέξεισιν]
512 1454 578 1507 Ἦ
616 1453 715 1524 μὲν
755 1455 1107 1524 γεωμετρικὴ
1144 1453 1379 1525 δημοσίᾳ
1422 1454 1750 1520 διδάσκεται,

174 1548 208 1616 ἡ
232 1547 290 1599 δέ
321 1546 680 1616 μαθηματικὴ
698 1546 1106 1615 κατακρίνεται.
1133 1548 1243 1600 Καὶ
1278 1546 1307 1598 ὁ
1337 1546 1572 1608 Παλαιός
1598 1562 1751 1614 φησι’

172 1639 337 1707 Μαθη
347 1639 583 1707 ματικὴν
595 1634 717 1691 εἷπε
731 1637 828 1709 τὴν
841 1638 1222 1709 ἀστρονομίαν.
1241 1638 1303 1691 Oi
1318 1638 1447 1705 γοῦν
1460 1638 1757 1708 τολμήσαν-

171 1746 265 1792 τες
297 1730 573 1797 κληρικοὶ,
609 1727 789 1796 πολλῷ
817 1729 913 1781 καὶ
951 1728 1113 1781 πλέον
1146 1729 1196 1780 οἱ
1234 1726 1326 1781 τοῦ
1370 1727 1634 1798 βήματος,
1660 1728 1755 1798 δη-

176 1818 459 1888 μοσιακῶν
490 1817 747 1871 δουλειῶν
769 1816 1050 1887 ἐνεργείας
1077 1816 1456 1882 ἀναδέξασθαι,
1489 1819 1522 1886 ἢ
1560 1835 1757 1887 συστη-

1868 640 1985 693 haec
2043 640 2119 692 ait
2155 655 2170 691 :
2203 639 2321 694 Non
2366 647 2579 708 oportet
2623 654 2742 701 eos,
2781 640 2875 709 qui
2922 648 3051 693 sunt
3093 642 3317 704 sacrati,
3362 643 3447 696 vel

1858 725 2069 790 clerici,
2096 740 2221 779 esse
2255 739 2463 796 magos,
2490 725 2574 778 vel
2602 724 2991 789 incantatores,
3035 726 3113 778 vel
3134 728 3432 779 mathema-

1859 818 2023 882 ticos,
2058 815 2140 871 vel
2169 819 2499 885 astrologos,
2545 815 2627 869 vel
2678 812 2859 868 facere
2905 830 2990 878 ea,
3024 832 3143 884 quae
3178 815 3439 870 dicuntur

1860 908 2120 973 amuleta,
2170 922 2291 976 quze
2317 907 2535 976 quidem
2572 915 2702 960 sunt
2729 906 2969 976 ipsarum
2998 907 3302 961 animarum
3334 908 3446 963 vin'

1857 1001 1980 1055 cuia
2015 1018 2028 1054 :
2063 1015 2159 1055 eos
2189 1010 2371 1053 autem
2412 999 2502 1067 qui
2536 998 2718 1051 terunt
2740 999 2784 1060 ί,
2814 997 2935 1068 ejici
2962 1012 3025 1051 ex
3058 996 3299 1053 Ecclesia
3331 1001 3443 1067 jus-

1858 1092 2048 1146 simus.
2085 1092 2153 1144 Et
2178 1090 2249 1143 22
2278 1105 2397 1159 cap.
2434 1089 2503 1143 59
2535 1091 2618 1143 tit.
2656 1089 2746 1153 60,
2783 1088 2904 1143 libri
2940 1087 3303 1143 Basilicorum
3330 1090 3443 1145 haec

1857 1182 2020 1235 habet
2046 1200 2073 1248 _:
2122 1181 2433 1236 Geometria
2492 1182 2714 1251 quidem
2767 1182 2985 1249 publice
3049 1181 3299 1245 docetur,
3354 1196 3445 1235 ars

1856 1280 2039 1326 autem
2090 1272 2474 1326 mathematica
2538 1272 2851 1325 damnatur.
2905 1268 2971 1323 Et
3022 1272 3189 1325 Vetus
3230 1274 3441 1342 inquit:

1857 1363 2297 1417 Mathematicam
2329 1363 2466 1417 dixit
2492 1363 2907 1418 astronomiam.
2950 1360 3152 1415 Clerici
3190 1379 3341 1430 ergo,
3378 1372 3433 1417 et

1856 1456 2033 1509 multo
2072 1454 2247 1523 magis
2288 1452 2348 1517 ii,
2392 1453 2482 1521 qui
2516 1454 2673 1505 altari
2713 1453 3055 1517 ministrant,
3096 1452 3142 1507 si
3192 1453 3440 1521 publica-

1856 1562 1977 1601 rum
2003 1546 2017 1596 ἰ
2062 1548 2388 1601 servitutum
2419 1545 2726 1598 functiones
2749 1546 2867 1598 ausi
2904 1544 3107 1597 fuerint
3131 1545 3439 1611 suscipere,

1856 1648 2269 1707 corporatorum
2292 1634 2529 1690 oﬂicium
2553 1645 2607 1690 et
2631 1634 3161 1689 administrationem
3185 1634 3439 1695 mercari,

1858 1728 2211 1782 nummularii
2262 1730 2402 1783 forte
2443 1727 2599 1789 facti,
2650 1730 2733 1782 vel
2792 1726 3008 1797 prandii
3079 1727 3445 1782 distractores

1859 1818 1941 1871 vel
1984 1817 2094 1871 vini
2140 1818 2477 1881 venditores,
2524 1818 2628 1887 ipsi
2678 1818 2845 1871 etiam
2891 1818 3220 1880 astronomi,
3272 1832 3441 1887 spon-

178 1908 432 1977 ματικῶν
457 1906 733 1960 πολιτείαν
767 1909 862 1960 καὶ
903 1908 1294 1978 μεταχείρησιν
1327 1906 1751 1977 ἐμπορεύεσθαι,

1859 1911 2011 1964 sione
2039 1910 2199 1964 Iidem
2232 1910 2460 1974 dabunt,
2490 1925 2547 1964 se
2600 1910 2668 1964 ab
2707 1911 2793 1965 his
2824 1910 3029 1963 illicitis
3060 1910 3275 1964 artibus
3309 1912 3439 1963 abs-

174 1999 571 2064 καταλλάκται,
606 1996 768 2067 τυχὸν
814 1997 1116 2066 γενόμενοι,
1154 1998 1186 2067 ῆ
1224 1997 1680 2067 πρανδιοπράται,
1718 1998 1750 2067 ἢ

174 2090 525 2159 οίνοπράται,
556 2090 650 2144 καὶ
681 2088 841 2141 αὐτοὶ
866 2090 922 2143 δὲ
968 2091 1017 2143 oi
1044 2090 1397 2161 ἀστρονόμοι,
1434 2106 1752 2161 παρεγγυη-

176 2182 438 2251 θήσονται
472 2182 581 2235 τῶν
632 2181 1004 2236 ἀκανονίστων
1039 2183 1245 2236 τούτων
1298 2182 1753 2252 ἐπιτηδευμάτων

175 2274 520 2343 ἀπέχεσθαι·
580 2275 677 2326 κα)⁵
723 2274 797 2343 μὴ
839 2274 1171 2343 πειθόμενοι,
1242 2274 1561 2340 καθαιρέσει
1615 2273 1747 2325 καθ-

178 2366 676 2435 υποδληθήσονται.
713 2366 780 2417 Ἠ
815 2366 873 2419 δέ
901 2366 1063 2436 τέχνη
1086 2366 1193 2417 τῶν
1232 2365 1448 2436 ἰατρῶν,
1488 2364 1591 2417 κᾶν
1635 2364 1749 2433 ὁρί-

177 2457 521 2525 ζηταιπαρὰ
544 2454 653 2508 τῶν
700 2457 878 2524 σοφῶν
913 2458 1100 2525 ὑγείας
1147 2452 1288 2509 εἶναι
1336 2454 1750 2525 περιποιητικὴ,

1860 2004 2129 2051 tenturos.
2165 1999 2322 2061 Quod
2389 2000 2435 2052 si
2467 2013 2576 2051 non
2611 2006 2859 2067 pareant,
2892 1998 3223 2067 depositioni
3265 1999 3439 2067 subji-

1859 2089 2097 2143 cientur.
2132 2087 2236 2142 Ars
2282 2096 2463 2141 autem
2519 2088 2750 2154 medica,
2794 2089 2918 2143 licet
2976 2105 3004 2142 a
3054 2088 3438 2160 philosophis-lt

1861 2178 2155 2233 definiatur
2179 2180 2436 2234 sanitatis
2470 2195 2591 2233 csse
2620 2180 2987 2243 conciliatrix,
3030 2181 3080 2233 id
3120 2189 3302 2235 tamen
3345 2196 3440 2233 ne-

1860 2270 2101 2325 cessario
2130 2285 2240 2324 non
2282 2273 2361 2324 iit.
2395 2270 2632 2323 Fallacia
2650 2273 2795 2324 enim
2831 2280 2958 2324 sunt
2995 2273 3278 2324 hominum
3314 2288 3440 2325 Cou-

1860 2362 2002 2426 silia,
2024 2372 2077 2415 et
2104 2363 2403 2416 multorum
2430 2362 2633 2431 judicia
2660 2376 2845 2430 prava,
2864 2362 3020 2430 juxta
3044 2371 3279 2418 veterem
3315 2379 3441 2417 scn-

1853 2459 2103 2513 tentiam.
2136 2457 2245 2512 Cur
2270 2458 2435 2525 igitur
2456 2456 2713 2511 abscedat
2733 2457 2988 2519 clericus,
3016 2458 3299 2525 multoque
3320 2473 3438 2509 ma-

172 2549 290 2601 ἀλλ⁹
320 2550 424 2602 οὐκ
467 2549 524 2614 ἐξ
574 2551 820 2618 ἀνάγκης
862 2550 1072 2616 γίνεται
1108 2550 1290 2603 τοῦτο.
1327 2550 1602 2619 Σφαλερα“ι
1637 2548 1748 2619 γάρ

1856 2550 1931 2619 gis
1963 2549 2221 2602 sacerdos
2239 2557 2293 2601 et
2318 2549 2603 2609 diaconus,
2630 2550 2696 2599 ab
2716 2548 2979 2600 attributo
3004 2548 3104 2601 sibi
3131 2548 3439 2601 ministerio

176 2644 313 2693 εἰσιν
345 2643 405 2695 αἱ
431 2641 542 2694 τῶν
575 2642 877 2712 ἀνθρώπων
911 2643 1167 2708 ἐπίνοιαι,
1199 2643 1294 2695 καὶ
1324 2643 1430 2695 τῶν
1459 2642 1669 2694 πολλῶν
1693 2642 1749 2693 αἱ

1856 2637 2316 2705 irrepreheusibili
2352 2643 2406 2689 et
2437 2638 2616 2695 lirmo,
2643 2642 2696 2689 et
2721 2635 2785 2686 ad
2821 2634 2891 2701 id,
2928 2636 3071 2704 quod
3094 2637 3439 2695 luhricume;

175 2728 497 2796 διαγνώσεις
530 2729 722 2792 δειλαὶ,
771 2729 913 2783 κατὰ
952 2730 1014 2782 τὸ
1043 2728 1274 2783 παλαιὸν
1328 2729 1745 2797 γνωμοδότημα.

1856 2728 2186 2796 ambiguum,
2240 2741 2381 2795 saepe
2410 2727 2574 2781 etiam
2618 2725 3015 2796 periculosum,
3056 2742 3115 2779 se
3144 2728 3441 2795 conjiciat?

175 2820 349 2874 Ἰνατί
380 2822 513 2889 γοῦν
542 2822 817 2891 ἀποσταίη
877 2823 904 2874 ὁ
938 2820 1220 2891 κληρικὸς,
1253 2820 1432 2891 πολλῷ
1488 2820 1544 2872 δὲ
1586 2820 1747 2872 πλέον
1808 2822 1835 2872 ὁ
1870 2820 2045 2889 ἱερεὺς
2098 2820 2191 2872 καὶ
2242 2822 2269 2870 ὁ
2319 2819 2587 2879 διάκονος,
2646 2818 2743 2886 τῆς
2792 2818 3237 2888 ἀπονεμηθείσης
3288 2819 3440 2889 αὑτῴ

178 2917 477 2979 διακονίας,
501 2917 602 2986 τῆς
632 2916 925 2988 ἀμέμπτου
954 2918 1050 2970 καὶ
1070 2914 1371 2985 ἀσφαλοῦς,
1426 2916 1521 2968 κα)⁸
1551 2915 1632 2979 είς
1692 2914 1965 2985 σφαλερὰν
1992 2916 2085 2967 καὶ
2110 2912 2411 2984 ἀμφίϐολον
2442 2912 2703 2973 πολλάκις
2748 2911 2841 2963 καὶ
2874 2911 3217 2965 ἐπικίνδυνον
3250 2913 3442 2965 ἐαυτὸν

173 3008 493 3061 ἐπιὸόίώειε

259 3010 364 3059 ι’όί
414 3024 493 3059 ει·

259 3008 588 3173 inpiner
639 3110 743 3158 κε’.
820 3103 1203 3173 Μονοθελήτης
1282 3102 1555 3174 ἱερατικὸν
1612 3102 1753 3173 ἔχων

176 3197 534 3265 ἐπάγγελμα,
572 3195 660 3248 διὰ
694 3197 983 3265 μετανοίας
1015 3194 1357 3265 ὑπέστρεψεν
1388 3198 1465 3258 εἰς
1504 3194 1602 3263 τὴν
1632 3194 1751 3248 καθ’

178 3291 325 3360 ἡμᾶς
375 3288 654 3358 όρθόδοξον
705 3288 913 3351 πίστιν,
951 3289 1045 3341 καὶ
1085 3287 1300 3356 ἐδέχθη,
1344 3287 1439 3340 καὶ
1473 3285 1710 3355 ἡγιάσθη
1738 3301 1751 3315 ⁸

1926 3100 2097 3157 Inter.
2152 3099 2241 3154 25.
2309 3097 2723 3153 Mouotheletal
2788 3099 3178 3154 sacerdotalem
3234 3098 3441 3155 habens

1858 3194 2362 3257 admonitionem“,
2400 3208 2496 3262 per
2537 3193 2912 3261 ptenitentiam
2956 3191 3024 3245 ad
3060 3199 3301 3246 nostram
3348 3209 3444 3245 or-

1854 3285 2145 3339 thodoxam
2178 3284 2334 3339 ﬁdem
2371 3285 2552 3349 rediit,
2614 3293 2669 3339 et
2704 3294 2991 3353 susceptus
3040 3292 3121 3338 est
3156 3299 3217 3337 ac
3245 3286 3444 3338 saucu-

183 3382 324 3452 μετὰ
355 3382 551 3451 μικρὸν
575 3380 630 3432 δέ
657 3379 917 3450 στραφεὶς
955 3381 1033 3441 εἰς
1063 3380 1153 3431 τὸν
1184 3379 1317 3431 ίδιον
1349 3378 1566 3446 ἔμετον,
1598 3379 1749 3447 αἱρεο

1858 3375 2069 3430 iicatus.
2119 3375 2289 3429 Paulo
2330 3385 2510 3429 autem
2553 3384 2698 3445 post,
2749 3375 2815 3429 ad
2853 3376 3132 3443 proprium
3181 3389 3437 3430 reversus

180 3476 406 3544 σιώτης,
461 3473 536 3535 ὡς
599 3473 885 3542 πρότερον,
954 3474 1219 3539 γέγονεν·
1300 3471 1416 3523 ἀλλ’
1444 3466 1616 3533 αὖθις,
1676 3469 1749 3531 ὡς

177 3568 348 3633 λέγει,
379 3565 503 3617 καθ’
538 3564 730 3617 ἑαυτὸν
775 3562 1039 3630 γεγονὼς,
1080 3564 1174 3613 καὶ
1198 3560 1258 3613 τὸ
1290 3561 1595 3630 ἁμάρτημα
1624 3574 1751 3609 συν-

179 3664 276 3721 εὶς,
337 3658 417 3719 είς
442 3658 543 3727 τὴν
582 3654 862 3726 ὀρθόδοξον
887 3653 1071 3705 πίστιν
1097 3653 1393 3721 κατέφυγε,
1417 3652 1510 3704 καὶ
1537 3649 1748 3719 ἐδέχθη,

176 3749 322 3801 κατὰ
369 3748 462 3799 τὸν
513 3746 695 3807 καλῶς
756 3743 1174 3813 ὑποστρέψαντα
1220 3744 1464 3796 ἀσωτον·
1512 3742 1635 3794 ἐπεὶ
1693 3740 1750 3792 δέ

177 3839 319 3891 θέλει
370 3839 467 3890 καὶ
510 3834 805 3907 ἱερωσύνης
852 3834 1171 3903 ἀξιωθῆναι,
1203 3832 1473 3903 ζητοῦμεν
1497 3832 1558 3884 τὸ
1588 3847 1749 3899 ποιη-

173 3929 295 3980 τὲον
329 3927 542 3996 μαθεῖν.

260 4020 393 4073 Ἀπ.
429 4016 624 4078 Οὐδεὶς
656 4014 834 4085 βαλὼν
866 4014 964 4083 τὴν
997 4015 1155 4083 χεῖρα
1187 4012 1353 4066 αὑτοῦ
1383 4012 1469 4064 ἐπ’
1494 4012 1747 4082 ἄροτρον,

175 4111 271 4165 καὶ
300 4108 565 4178 στραφεὶς
595 4108 675 4168 εἰς
700 4108 767 4159 τά
790 4104 983 4169 ὀπίσω,
1015 4102 1233 4165 εὔθετός
1259 4105 1406 4154 ἐστιν
1433 4104 1510 4164 είς
1533 4103 1631 4171 τὴν
1654 4103 1751 4170 βα-

179 4204 386 4256 σιλείαν
417 4199 524 4251 τῶν
562 4196 830 4266 οὐρανῶν,
876 4196 937 4247 τὸ
985 4194 1130 4264 ἱερόν
1180 4210 1347 4264 φησιν
1394 4193 1745 4260 Εὑαγγέλιον.

174 4289 267 4341 Διὸ
299 4288 442 4339 κατὰ
473 4285 565 4336 τὸν
602 4283 661 4335 ιδ’
710 4282 914 4337 κανόνα
956 4282 1054 4353 τῆς
1084 4284 1140 4333 ἐν
1190 4281 1399 4351 Νικαίᾳ
1447 4281 1608 4349 ἀγίας
1656 4283 1750 4334 καὶ

175 4380 563 4449 οἰκουμενικῆς
612 4377 832 4429 συνόδου
888 4375 1037 4442 (τάδε
1088 4375 1230 4428 κατά
1262 4375 1414 4445 ῥῆμα
1453 4374 1751 4445 διαλαμϐά-

174 4490 358 4537 νοντα,
413 4471 547 4541 Περὶ
586 4470 698 4524 τῶν
736 4468 1158 4538 κατηχουμένων
1183 4470 1278 4521 καὶ
1318 4472 1749 4539 παραπεσόντων

175 4561 320 4625 εδοξε
368 4563 435 4629 τῇ
499 4560 630 4628 ἁγίᾳ
702 4558 797 4611 καὶ
873 4558 1081 4626 μεγάλῃ
1129 4558 1352 4625 συνόδῳ,
1396 4559 1537 4611 ῶστε
1582 4561 1749 4630 τριῶν

174 4652 312 4705 ἐτῶν
343 4650 541 4710 αὐτοὺς
568 4649 950 4717 ἀκροωμένους
991 4646 1172 4715 μόνον,
1208 4646 1348 4716 μετά
1385 4647 1557 4700 ταῦτα
1596 4648 1750 4717 εὔχε-

1855 3469 2142 3532 vomitum,
2175 3467 2461 3521 hazrcticus
2488 3466 2572 3537 (ut
2607 3466 2788 3535 antea)
2822 3466 2997 3519 factus
3028 3474 3110 3519 est
3146 3483 3161 3519 :
3190 3467 3283 3519 sed
3319 3482 3442 3520 rur-

1854 3572 1971 3620 sus,
1997 3565 2054 3609 ut
2092 3558 2289 3626 inquit,
2316 3573 2438 3610 cum
2470 3556 2615 3626 apud
2657 3570 2721 3609 se
2750 3564 2922 3619 esset,
2960 3562 3011 3607 et
3040 3565 3322 3623 peccatum
3359 3556 3440 3609 in-

1854 3649 2141 3718 telligeret,
2173 3649 2238 3702 ad
2269 3648 2631 3702 orthodoxam
2661 3646 2819 3699 iidem
2850 3644 3115 3712 confugit,
3147 3653 3201 3698 et
3232 3644 3435 3699 admis-

1855 3754 1950 3794 sus
1989 3749 2095 3804 est,
2135 3740 2186 3792 in
2228 3741 2448 3793 modum
2507 3749 2812 3808 opportune
2855 3737 3132 3791 redeuntis
3161 3737 3433 3806 prodigii;

1851 3849 1973 3888 cum
2026 3844 2205 3888 autem
2262 3834 2629 3888 sacerdotium
2664 3833 2893 3897 ambiat,
2949 3832 3268 3900 quaerimus,
3309 3829 3438 3900 quid

1851 3924 2160 3979 iaciendum
2204 3925 2300 3985 sit,
2334 3926 2567 3979 discere.

1921 4015 2041 4069 Res.
2081 4016 2248 4070 Nemo
2284 4016 2506 4069 mittens
2540 4028 2762 4068 manum
2795 4028 2951 4069 suam
2981 4012 3046 4065 ad
3082 4019 3351 4077 aratrum,
3384 4016 3441 4066 et

1852 4116 1999 4160 retro
2035 4120 2354 4167 conversus,
2394 4114 2554 4174 aptus
2600 4115 2682 4159 est
2742 4106 2806 4159 ad
2860 4119 3087 4174 regnum
3148 4104 3437 4165 ctelorum,

1852 4199 2031 4268 inquit
2077 4213 2290 4253 sacrum
2335 4199 2710 4268 Evangelium.
2753 4196 3143 4262 Quamobrem,
3175 4195 3333 4264 juxta
3369 4194 3438 4247 14

1851 4303 2118 4345 canonem
2168 4297 2377 4344 sancta:
2448 4298 2502 4343 et
2566 4290 2923 4343 tecumenica
2974 4285 3168 4358 synodi
3221 4285 3439 4339 Nicena:

1852 4381 1989 4451 (hinc
2022 4380 2571 4450 comprehendentem
2612 4379 2679 4434 ad
2707 4382 2954 4443 verbum,
2991 4378 3063 4434 De
3084 4378 3438 4434 catechume'

1852 4474 1941 4528 nis
1958 4473 2097 4527 etiis
2120 4472 2213 4542 qui
2248 4472 2382 4542 lapsi
2407 4479 2555 4536 sunt,
2579 4472 2753 4525 visum
2789 4478 2874 4525 est
2902 4477 3109 4525 sanctae
3133 4479 3187 4523 et
3220 4484 3433 4539 magna:

1853 4563 2083 4631 synodo,
2113 4572 2170 4614 ut
2194 4561 2230 4615 ii
2265 4561 2442 4615 tribus
2465 4562 2623 4615 annis
2658 4569 2873 4614 tantum
2908 4560 3215 4623 audientes,
3248 4571 3433 4630 postea

1852 4658 2008 4705 orent
2039 4665 2160 4705 cum
2198 4650 2656 4720 eatechumenis),
2700 4650 2897 4705 suiﬁcit
2929 4650 3056 4703 huic
3083 4658 3191 4702 tam
3229 4648 3437 4719 perdite

178 4743 303 4795 σθαι
343 4740 481 4809 μετά
511 4740 621 4791 τῶν
654 4738 1126 4807 κατηχουμένων),
1163 4740 1324 4808 ἀρκεῖ
1355 4738 1432 4809 τῷ
1473 4740 1619 4792 οὕτω
1650 4758 1747 4793 κα-

1856 4743 2028 4813 lapso,
2060 4751 2113 4796 et
2146 4742 2251 4795 huc
2282 4750 2445 4812 atque
2478 4743 2606 4797 illuc
2652 4742 2878 4812 agitato,
2930 4742 2974 4795 si
3014 4741 3169 4810 juxta
3207 4742 3435 4795 canonis

176 4834 287 4895 κῶς
334 4830 708 4898 ὀλισθήσαντι,
761 4830 856 4882 καὶ
907 4830 1036 4900 τῇδε
1085 4832 1311 4882 κάκεῖσε
1356 4832 1747 4901 μεταρῤιπιζο-

176 4924 348 4990 μένῳ,
403 4919 657 4990 δεχθῆναι
711 4919 852 4971 κατὰ
900 4919 999 4989 τὴν
1046 4919 1139 4972 τοῦ
1172 4922 1395 4983 κανόνος
1430 4922 1743 4993 περίληψιν.

188 5010 487 5081 Ὶερατείας
512 5011 619 5081 γὰρ
649 5010 747 5061 οὐκ
775 5008 1163 5079 ἀξιωθήσεται.

257 5106 581 5173 Ἐρώτησις
613 5103 729 5169 κς’.
772 5104 1094 5165 ’Δκινδύνως
1119 5104 1407 5159 ἐπίσκοποι
1435 5107 1657 5177 μοναχοί
1690 5125 1747 5161 τε

173 5201 269 5250 καὶ
296 5198 554 5267 κληρικοὶ
582 5198 826 5263 γίνονται
855 5198 1171 5266 φροντισταὶ
1187 5198 1462 5267 δημοσίων
1479 5199 1747 5267 ὀφφικίων

171 5292 263 5341 καί
280 5289 562 5354 δουλειῶν,
583 5290 676 5341 καὶ⁸
694 5290 994 5359 κηδεμόνες
1018 5294 1359 5359 πραγμάτων
1382 5292 1741 5363 ἀρχοντικῶν,

169 5378 338 5450 ηοῦ;

251 5472 385 5524 Ἀπ.
432 5472 495 5523 Οἱ
555 5472 614 5523 ἐν
674 5471 979 5541 Χαλκηδόνι
1045 5472 1394 5537 συνελθόντες
1461 5475 1735 5541 ἐξακοσιοι

169 5562 464 5629 τριάκοντα
516 5562 662 5632 ἆγιοι
709 5564 974 5633 Πατέρες,
1023 5565 1116 5615 καὶ
1146 5566 1244 5632 τὴν
1284 5566 1446 5632 ἁγίαν
1480 5568 1743 5637 τετάρτην

1857 4843 2094 4888 tenorem
2117 4832 2471 4897 admittatur;
2503 4847 2628 4887 nam
2662 4830 3030 4887 sacerdotium
3068 4846 3176 4885 non
3218 4846 3436 4900 prome-

1854 4924 2080 4979 rebitur.

1929 5107 2095 5163 Inter.
2130 5106 2221 5162 26.
2251 5107 2333 5162 An
2369 5106 2632 5176 episc0pi,
2674 5106 2954 5172 monachi,
2990 5114 3044 5162 et
3086 5106 3271 5161 clerici
3314 5106 3433 5161 sine

1855 5200 2099 5271 periculo
2120 5198 2737 5252 tiautadministratores
2766 5198 3101 5266 publicorum
3128 5196 3429 5250 oliiciorum

1852 5300 1906 5348 et
1946 5291 2396 5351 ministeriorum,
2427 5298 2479 5341 et
2508 5300 2793 5341 curatores
2845 5291 3185 5358 negotiorum
3215 5288 3280 5341 ad
3315 5304 3431 5340 ma-

1852 5384 2116 5456 gistratus
2141 5381 2548 5451 pertinentium,
2589 5380 2800 5433 necne?

1924 5474 2044 5527 Res.
2082 5475 2183 5539 Qui
2232 5472 2577 5527 Chalcedone
2624 5478 2995 5525 convenerunt
3042 5472 3279 5525 sexcenti
3328 5469 3429 5521 tri-

1852 5567 1999 5638 ginta
2034 5567 2206 5619 sancti
2257 5564 2447 5618 Patres
2488 5575 2538 5619 et
2583 5572 2827 5617 sanctam
2868 5572 3117 5633 quartam
3160 5562 3425 5632 synodum

1440 5683 1675 5737 VARI/{‘3
1720 5680 2123 5735 LECTIONES.

228 5768 256 5807 δ
286 5770 578 5848 Cvr/irritet.
651 5774 665 5810 ι
714 5775 804 5844 qui
848 5776 957 5831 Ita'c
996 5786 1219 5846 gestant.
1297 5777 1310 5828 i
1348 5780 1634 5848 ﬁscalium.
1718 5779 1741 5817 ι
1774 5779 1836 5831 ab
1867 5776 2106 5829 eruditis.
2176 5772 2189 5811 ¹
2231 5776 2517 5839 Quianam
2548 5779 2597 5832 in
2627 5778 2834 5832 Christo
2857 5777 3174 5831 voluntatem
3203 5776 3413 5831 statuit.

165 5844 205 5869 "
233 5841 627 5909 professionem.
