4188 6446
149 429 281 493 1061

1441 420 1710 482 ΟΒᾹΞΟΟ
1758 419 2161 484 ROMANUM.

3275 426 3414 492 1002

145 550 323 609 ἄλλως
363 541 487 600 τινὰ
513 539 607 593 τοῦ
640 539 862 602 κανόνος
893 539 961 592 δι’
999 537 1466 608 αἰσχροκέρδειαν,
1500 539 1529 589 ὁ
1561 536 1731 605 τούτῳ

1842 541 1924 592 vel
1975 539 2201 593 omnino
2257 539 2494 611 aliquem
2550 554 2614 595 ex
2660 553 2892 606 canone,
2941 543 3116 611 turpis
3169 557 3412 614 quaestus

143 639 533 708 ἐπιχειρήσας,
566 631 845 702 ἐλεγχθεὶς
875 629 1235 684 κινδυνευέτω
1267 630 1394 699 περὶ
1421 630 1512 682 τὸν
1539 628 1738 708 οἰκεῖον

145 702 404 800 βαθυμόνί
432 727 543 782 Καὶ
577 729 605 779 ὁ
639 722 1142 795 χειροτονούμενος,
1184 721 1352 792 μηδὲν
1395 722 1459 772 ἐκ
1485 719 1587 786 τῆς
1615 702 1738 769 κατ’

149 819 428 890 ἐμπορίαν
457 813 779 884 ὠφελείσθω
803 811 1192 883 χειροτονείας,
1217 811 1250 883 ἢ
1283 809 1555 880 προϐολῆς
1577 825 1590 840 ·
1618 806 1735 862 ἀλλ’

144 912 285 964 ἔστω
331 909 616 980 ἀλλότριος
643 907 742 974 τῆς
772 905 930 970 ἀξίας
981 905 1014 974 ἢ
1046 904 1142 958 τοῦ
1183 905 1582 974 φροντίσματος
1601 940 1617 966 ,
1646 898 1736 957 οὓς

145 1022 252 1073 τερ
283 1004 375 1056 ἐπὶ
404 1004 682 1072 χρήμασιν
705 997 911 1068 ἔτυχεν.
936 997 998 1050 Ei
1016 996 1074 1049 δέ
1100 1013 1182 1058 τις
1213 996 1515 1066 μεσιτεύων
1537 996 1732 1066 φανείη

145 1099 254 1157 τκῖς
286 1093 465 1156 οὕτως
518 1093 767 1161 αἰσχροῖς
828 1091 924 1142 καὶ
971 1087 1252 1158 ἀθεμίτοις
1304 1089 1579 1157 λήμμασι,
1637 1089 1734 1141 καὶ

144 1180 325 1249 οὗτος,
387 1187 437 1236 εί
493 1183 591 1253 μὲν
629 1179 892 1251 κληρικδς
920 1181 1029 1248 είη,
1067 1179 1160 1233 τοῦ
1190 1179 1392 1233 οίκείου
1421 1180 1733 1232 ἐκπιπτέτω

148 1277 363 1349 βαθμοῦ
394 1297 405 1307 ·
443 1280 492 1330 εί
523 1277 579 1330 δὲ
613 1277 802 1340 λαῖκδς
834 1276 866 1342 ἦ
905 1276 1001 1328 καὶ
1033 1273 1302 1341 μονάζων,
1339 1272 1734 1341 ἀναθεματιζέ-

147 1371 284 1422 σθω.
342 1368 456 1422 Καὶ
501 1367 526 1419 ό
561 1366 646 1435 κγ’
680 1365 860 1420 κανὼν
908 1366 1009 1432 τῆς
1044 1366 1103 1417 ὲν
1128 1363 1210 1434 τῷ
1234 1363 1488 1432 Τρούλλῳ
1509 1362 1604 1416 τοῦ
1637 1379 1733 1431 με·

147 1462 318 1528 γέιλου
379 1461 645 1514 παλατίου
691 1461 968 1530 συστάσης
1013 1459 1176 1527 ἁγίας
1213 1458 1307 1510 καὶ
1347 1458 1732 1525 οίκουμενικῆς

149 1556 371 1608 συνόδου
407 1554 578 1606 ταῦτα
602 1553 822 1617 διέξεισι
859 1552 987 1622 περὶ
1032 1549 1128 1604 τοῦ
1156 1550 1379 1618 Μηδένα
1410 1549 1726 1613 ἐπίσκοπον,

147 1647 257 1699 εἴτε
297 1645 692 1716 πρεσϐύτερον,
749 1646 860 1698 εἴτε
899 1643 1168 1706 διάκονον,
1199 1643 1296 1712 τῆς
1327 1641 1597 1711 ἀχρὰντου
1634 1657 1730 1708 με-

145 1737 427 1790 ταδιδόντα
460 1736 765 1799 κοινωνίας,
798 1735 950 1806 παρὰ
979 1733 1072 1786 τοῦ
1098 1733 1416 1804 μετέχοντος
1469 1732 1731 1804 εἰσπράτ-

144 1847 282 1892 τειν,
342 1831 440 1897 τῆς
480 1828 735 1897 τοιαύτης
796 1826 1150 1896 μεταλήψεως
1192 1825 1372 1895 χάριν,
1437 1824 1644 1886 ὀϐολὸν,
1695 1824 1726 1893 ἢ

147 1916 293 1983 εἶδος
323 1918 386 1971 τὸ
412 1917 637 1970 οἱονούν.
693 1916 827 1968 Οὐδὲ
863 1916 970 1986 γὰρ
1011 1916 1340 1986 πεπραμένη
1381 1914 1528 1968 ἐστὶν
1561 1914 1592 1982 ἡ
1627 1913 1726 1981 χὰ-

149 2028 255 2080 ρις,
292 2010 413 2062 οὐδὲ
446 2011 692 2079 χρήμασι
719 2009 812 2060 τὶν
851 2006 1123 2076 ἁγιασμδν
1148 2007 1241 2059 τοῦ
1275 2005 1582 2075 πνεύματος
1638 2022 1731 2074 με-

146 2102 489 2170 ταδιδόαμεν,
553 2099 689 2153 ἀλλὰ
741 2101 853 2160 τοῖς
892 2097 1064 2161 ἀξίοις
1109 2096 1204 2150 τοῦ
1250 2096 1422 2167 δώρου
1453 2098 1730 2166 ἀπανουρ-

145 2195 356 2262 γεύτως
391 2192 734 2262 μεταδοτέον.
770 2194 829 2246 Ei
862 2194 916 2246 δὲ
949 2194 1140 2260 φανείη
1169 2209 1252 2254 τις
1281 2191 1390 2244 τῶν
1415 2192 1472 2243 ὲν
1496 2191 1572 2261 τῷ
1602 2190 1733 2260 κλή.

147 2305 226 2356 py
291 2285 732 2354 κατειλεγμένων
803 2283 1058 2338 ἁπαιτῶν
1125 2277 1170 2352 ᾧ
1243 2284 1566 2352 μεταδῖδωσι
1629 2284 1730 2352 τῆς

143 2379 419 2448 ὰχράντου
457 2376 738 2438 κοινωνίας
791 2374 851 2427 τὸ
885 2375 1090 2428 οἱονοῦν
1141 2372 1301 2439 εἶδος,
1335 2375 1726 2444 καθαιρείσθω,

145 2471 221 2532 ὡς
260 2469 360 2538 τῆς
394 2467 488 2520 τοῦ
525 2468 763 2537 Σίμωνος
807 2465 1056 2538 ζηλωτὴς
1101 2469 1309 2538 πλάνης
1343 2469 1438 2522 καὶ
1492 2485 1730 2538 κακουρ-

149 2562 294 2628 γίας.

231 2652 552 2720 Ἐρώτησις
607 2650 713 2706 κσ.
769 2652 832 2705 Οἱ
868 2652 988 2705 κατ’
1037 2651 1334 2720 ἐπίγνωσιν
1377 2652 1554 2722 ἀληθῆ
1595 2657 1730 2722 πρὸς

145 2746 243 2813 τὴν
293 2745 575 2813 δρθόδοξον
612 2744 792 2796 πίστιν
825 2744 1134 2813 ἐρχόμενοι,
1186 2744 1543 2814 Νεττοριανοὶ
1575 2744 1730 2814 δηλο-

147 2835 282 2898 νότι,
330 2836 627 2904 Ἀρμένιοι,
674 2834 1003 2894 Ἰακωείται,
1035 2835 1127 2887 καὶ
1163 2835 1340 2904 ἕτεροι
1382 2835 1727 2904 αίρεσιῶται,

146 2927 234 2980 διὰ
273 2927 437 2997 μόνου
471 2929 562 2981 τοῦ
595 2928 750 2997 ἁγίου
787 2927 960 2998 μύρου
983 2927 1261 2996 όςςείλουσι
1300 2927 1660 2992 τελειοῦσθαι,
1695 2927 1726 2999 ἦ

149 3022 244 3074 καὶ
271 3021 362 3072 δια
395 3019 543 3073 Θείου
575 3020 988 3090 βαπτίσματος;

234 3117 367 3168 ’Ax.
407 3115 466 3167 ὐ
494 3113 574 3181 ιβ’
602 3115 783 3167 κανὼν
814 3118 911 3184 τῆς
960 3118 1015 3167 ὲν
1062 3113 1138 3184 τῷ
1181 3115 1438 3185 Τρούλλῳ
1485 3115 1726 3177 συνόδου,

1842 629 2037 698 gratia,
2091 630 2185 698 qui
2235 631 2339 686 hoc
2381 642 2621 690 tentasse
2656 635 2945 690 convictus
2980 634 3166 697 fuerit,
3192 636 3259 690 de
3291 652 3415 705 pru-

1839 718 1960 788 prio
1995 719 2166 789 gradu
2199 721 2254 774 in
2285 721 2588 790 periculum
2621 723 2799 778 veniat
2824 742 2840 790 ;
2861 732 2927 779 -ct
2956 726 3048 794 qui
3085 732 3167 780 est
3192 725 3414 781 ordina-

1840 818 1966 874 tus,
2007 826 2073 866 ex
2121 810 2471 867 ordinatione
2511 813 2595 866 vel
2649 816 3028 882 pronioriouc,
3070 831 3194 887 quae
3240 821 3414 873 instar

1839 911 2208 958 mercatorum
2261 901 2630 970 venundatur,
2668 905 2803 958 nihil
2834 905 3076 974 juvetur,
3135 908 3234 963 scd
3278 911 3349 965 sit
3382 926 3413 965 a

1839 994 2106 1065 dignitate
2167 995 2248 1051 vel
2309 995 2596 1052 curatione
2647 996 2904 1062 alienus,
2953 1014 3119 1068 quam
3163 1004 3413 1069 pecuniis

1837 1088 2070 1158 adeptus
2117 1096 2222 1144 est.
2253 1089 2311 1144 Si
2347 1090 2471 1159 quis
2507 1099 2688 1145 autem
2740 1099 3025 1158 sequester
3057 1102 3106 1147 et
3147 1093 3415 1149 interces-

1835 1195 1929 1235 sor
1983 1181 2120 1234 adeo
2167 1183 2420 1250 turpibus
2468 1189 2522 1237 et
2571 1183 2798 1238 nefariis
2850 1183 3020 1240 lucris
3067 1185 3412 1254 apparuerit,

1834 1269 1924 1324 hic
1975 1283 2212 1338 quoque,
2247 1270 2292 1326 si
2329 1271 2404 1325 sit
2440 1270 2663 1340 quidem
2697 1274 2952 1337 clericus,
2987 1275 3209 1344 proprio
3239 1275 3410 1344 gradu

1831 1361 2088 1428 excidat;
2122 1362 2167 1418 si
2208 1364 2281 1418 sit
2332 1370 2513 1418 autem
2559 1363 2759 1428 laicus,
2794 1366 2877 1421 vel
2924 1368 3247 1431 monachus,
3281 1382 3412 1420 ana-

1835 1452 2247 1508 tltematizetur.
2284 1453 2350 1507 Et
2398 1453 2469 1508 25
2511 1468 2688 1508 canon
2730 1465 2936 1509 sanctae
2969 1466 3023 1510 et
3062 1457 3412 1511 (BCllﬂiCllit‘iB

1830 1545 2022 1616 synodi
2064 1545 2115 1598 in
2153 1545 2344 1599 Trullo
2385 1547 2564 1615 magni
2615 1547 2796 1615 palatii
2833 1557 3036 1604 coacta:
3081 1548 3194 1602 haec
3228 1563 3412 1616 perse-

1831 1637 2024 1703 quitur
2052 1653 2067 1690 :
2101 1634 2168 1690 Ut
2205 1637 2413 1698 nullus,
2455 1638 2572 1691 sive
2612 1638 2925 1707 episcotius,
2957 1640 3070 1694 sive
3101 1639 3407 1708 presbyter,

1831 1730 1946 1784 sive
1997 1729 2285 1794 diaconus,
2317 1731 2721 1784 immaculatam
2770 1731 3019 1800 prmhcns
3064 1732 3410 1786 communico

1832 1837 1980 1886 nem,
2013 1822 2081 1876 ab
2124 1837 2210 1884 co,
2248 1824 2341 1892 qui
2377 1825 2764 1888 communicat,
2805 1825 2924 1891 ejus
2974 1824 3411 1894 participationis

1834 1915 2030 1986 gratia,
2060 1915 2276 1980 obolos,
2309 1917 2388 1970 vel
2433 1919 2685 1984 quamvis
2730 1918 2892 1970 aliam
2937 1918 3174 1986 speciem
3205 1918 3406 1988 exigat.

1833 2005 1951 2060 Non
1989 2013 2074 2061 est
2109 2007 2254 2061 enim
2289 2007 2497 2062 venalis
2527 2008 2724 2077 gratia,
2765 2023 2865 2062 nec
2892 2023 2990 2076 pro
3015 2009 3264 2076 pecuniis
3296 2009 3408 2076 spi-
3492 2019 3496 2022 ·

1833 2098 1975 2154 ritus
2015 2098 2508 2153 sanctiﬁcationem
2547 2100 2890 2167 impertimur
2921 2119 2937 2156 :
2971 2101 3065 2156 sed
3107 2116 3168 2156 ea
3198 2102 3284 2164 iis,
3317 2103 3410 2171 qui

1831 2189 1982 2260 digni
2025 2201 2172 2254 sunt,
2211 2192 2418 2261 absque
2447 2191 2556 2246 ulla
2592 2201 2676 2245 est
2725 2193 3020 2248 calliditate
3050 2200 3073 2226 °
3102 2197 3412 2248 comnmni-

1831 2281 2028 2335 cauda.
2071 2281 2125 2336 Si
2157 2283 2281 2352 quis
2311 2293 2492 2336 autent
2523 2299 2735 2346 eorum,
2770 2286 2862 2354 qui
2910 2293 3040 2338 sunt
3072 2286 3123 2338 in
3157 2287 3286 2340 cleri
3320 2301 3409 2340 ca-

1833 2372 2035 2440 talogo,
2066 2374 2134 2427 ab
2178 2388 2263 2435 eo,
2299 2375 2386 2427 cui
2437 2374 2842 2429 immaculatum
2884 2376 3126 2445 impertit
3164 2391 3412 2432 comnm-

1834 2465 2075 2528 nionem,
2101 2465 2268 2519 ullam
2299 2467 2537 2535 speciem
2575 2468 2794 2537 exigere
2823 2469 2976 2524 visus
3013 2469 3205 2535 fuerit,
3239 2469 3408 2539 depo--

1833 2565 2018 2617 natur,
2043 2564 2100 2610 ut
2127 2556 2423 2613 Simoniaci
2450 2560 2655 2614 erroris
2679 2569 2732 2614 et
2758 2561 3005 2615 malelicii
3035 2565 3340 2615 annuialor.

1905 2648 2071 2702 Inter.
2127 2651 2216 2705 9.9.
2275 2650 2378 2715 Qui
2441 2667 2535 2720 per
2597 2667 2776 2704 veram
2817 2654 3178 2722 cognitionem
3211 2652 3276 2705 ad
3321 2667 3412 2705 or-

1833 2742 2056 2795 thoxam
2128 2741 2288 2795 ﬁdem
2353 2741 2668 2805 accedunt,
2724 2741 3056 2796 Nestioriani
3110 2741 3405 2805 videlicet,

1835 2833 2101 2898 Armenii,
2133 2832 2417 2899 Jacohitae,
2461 2841 2514 2887 et
2545 2834 2635 2886 alii
2667 2833 2930 2898 haeretici,
2961 2847 3028 2887 an
3064 2834 3183 2888 solo
3217 2841 3409 2886 sancto

1833 2933 2116 2996 unguento
2169 2925 2404 2980 debeant
2451 2924 2682 2988 initiari,
2729 2937 2798 2977 an
2841 2939 2968 2979 vero
3011 2923 3175 2978 etiam
3226 2922 3409 2978 divino

1832 3018 2089 3072 lavacro?

1905 3109 2040 3180 Resp
2103 3110 2291 3163 (Ianon
2334 3109 2404 3165 95
2447 3109 2642 3180 synodi
2671 3109 2724 3162 in
2757 3108 2946 3162 Trullo
2989 3117 3215 3164 secutus
3256 3108 3286 3160 7
3320 3122 3410 3162 ca-

148 3208 520 3278 ἁκο).ουθήσας
555 3206 631 3277 τῷ
662 3206 704 3272 ζ’
740 3208 926 3260 κανόνι
961 3207 1058 3276 τῆς
1105 3208 1266 3274 ἁγίας
1297 3207 1392 3260 καὶ
1419 3209 1728 3277 οἱκουμενι-

1836 3219 2030 3257 nouem
2080 3212 2282 3258 sanctae
2329 3211 2382 3256 ct
2429 3201 2786 3256 occumeniete
2830 3200 2866 3254 2
2911 3201 3138 3271 synodi,
3180 3201 3297 3254 lucc
3341 3199 3408 3252 ad

149 3302 250 3368 κῆς
281 3300 327 3370 β’
359 3299 594 3361 συνόδου,
630 3299 752 3353 τάδε
797 3298 938 3352 κατὰ
971 3299 1122 3370 ῥῆμα
1154 3299 1512 3369 διαλαμϐάνει
1537 3317 1548 3329 ·
1591 3300 1730 3362 Τοὺς

150 3393 609 3463 προστιθεμένους
632 3394 694 3462 τῇ
722 3391 997 3461 ὀρθοδοξία
1025 3394 1119 3444 καὶ
1143 3395 1206 3462 τῇ
1240 3392 1416 3462 μερίδι
1435 3392 1540 3444 τῶν
1567 3393 1731 3455 σωζο‹

152 3485 333 3555 μένων
356 3484 463 3536 ἀπὸ
489 3482 801 3553 αἱρετικῶν,
826 3481 1094 3552 δεχόμεθα
1131 3482 1271 3536 κατὰ
1295 3482 1390 3552 τὴν
1413 3485 1728 3548 ὑποτεταγ-

151 3576 322 3644 μένην
352 3575 671 3628 ἀκολουθίαν
711 3591 768 3627 τε
808 3575 901 3627 καὶ
934 3574 1239 3646 συνήθειαν,
1282 3575 1596 3645 ’Δρειανοὺς
1630 3576 1728 3644 μὲν

149 3673 243 3722 καὶ
273 3667 708 3729 Μακεδονία-,ους
740 3669 833 3719 καὶ
870 3666 1275 3731 Ναϐατιανους,
1309 3668 1436 3731 τοὺς
1474 3667 1730 3736 λέγοντας

151 3761 381 3823 ἑαυτοὺς
417 3754 711 3829 καθαροὺς,
743 3759 835 3811 καὶ
875 3761 1217 3829 ἀριστεροὺς,
1256 3761 1494 3822 καὶτοὺς
1532 3776 1729 3814 τεσσα-

153 3851 656 3921 ρεσκαιδεκατὶτας,
683 3850 800 3920 ἦτοι
827 3850 1161 3920 τετραδίτας,
1193 3850 1359 3919 ἤγουν
1391 3852 1410 3880 ²
1444 3850 1728 3903 ’Δπολινα-

155 3948 404 4013 ρίαττὲς,
435 3944 699 4013 δεχόμεθα
722 3943 962 4006 διδόντας
989 3942 1288 4008 λεϐἐλλους,
1338 3943 1431 3995 καὶ
1463 3943 1731 4012 ἀναθεμα-

151 4039 397 4101 τέζονταξ
438 4037 618 4088 πᾶσαν
648 4035 860 4106 αἵρεσιν
891 4036 964 4106 μὴ
1003 4036 1309 4106 φρονοῦσαν
1357 4037 1430 4099 ὡς
1462 4040 1649 4104 φρονεῖ
1696 4039 1726 4107 ἡ

156 4127 281 4194 ἁγία
310 4125 402 4178 τοῦ
436 4126 570 4178 θεοῦ
599 4125 864 4196 καθολικὴ
891 4129 984 4179 καὶ
1021 4127 1354 4196 ἀποστολικὴ
1391 4127 1688 4195 Ἐκκλησία
1713 4141 1726 4155 ·

159 4217 631 4286 ςυραγιζομένους
674 4219 793 4288 ἦτοι
847 4219 1172 4288 χριομένους
1228 4219 1442 4288 πρνῖλτον
1486 4217 1562 4287 τῷ
1589 4219 1730 4288 ἁγίῳ

158 4310 312 4377 μ-ερῳ
348 4309 428 4372 τό,
463 4325 519 4359 τε
555 4308 802 4376 μέτωπον
836 4310 929 4360 καὶ
959 4311 1083 4372 τοὺς
1109 4309 1444 4380 ὀςθαλμοῦς,
1498 4310 1594 4364 καὶ
1629 4311 1730 4374 τὰς

158 4402 328 4466 ῥῖνας,
367 4399 462 4449 καὶ
490 4398 548 4448 τί.
585 4399 776 4466 στόμα,
808 4400 900 4450 καὶ
925 4398 993 4454 τὰ
1033 4394 1168 4452 ὦτα.
1203 4401 1313 4451 Καὶ
1340 4399 1730 4468 σφραγίζοντες

156 4490 372 4551 αὶτοῦς,
400 4488 656 4557 λέγομεν,
685 4489 925 4558 Σεραγὶς
953 4491 1160 4559 δωρεᾶς
1204 4491 1514 4558 πνεύματος
1543 4492 1724 4559 ἁγίου.

157 4578 288 4648 Περὶ
354 4579 409 4631 δὲ
468 4579 574 4630 τῶν
633 4580 1121 4642 παυ).ιανιτάντων,
1157 4577 1274 4632 εἶτα
1305 4581 1730 4650 προσφυγόντων

153 4675 215 4740 τῇ
253 4671 517 4740 καθολικῇ
567 4670 888 4742 Ἐκκλησία,
922 4673 1044 4743 ὅρος
1075 4674 1400 4739 ἐκτέθειται,
1428 4675 1737 4730 ἁναϐατετίο

155 4761 342 4824 ζετθαι
378 4760 577 4822 αὐτοὺς
611 4759 668 4823 ἐξ
701 4760 960 4822 ἅπαντος.
990 4762 1358 4831 Εὐνομιανοῦς
1391 4764 1570 4833 μέντοι
1607 4767 1733 4828 τοὺς

154 4855 232 4914 εἰς
261 4853 393 4919 μίαν
423 4852 721 4905 κατάδυσιν
748 4853 1205 4922 βαπτιζομένους,
1239 4856 1332 4906 καὶ
1357 4856 1734 4921 Μοντανιστὰς

152 4944 280 5005 τοὺς
315 4941 556 4994 sxta-30:1
579 4941 906 5012 λεγομένους
930 4943 1170 5013 Φρύγας,
1198 4946 1290 4996 καὶ
1320 4945 1735 5013 Σαϐελλιανοῦς,

153 5039 281 5101 τοὺς
325 5037 688 5109 υἱοπατορίαν-
724 5037 1051 5102 δοξάζοντας
1076 5081 1090 5105 ,
1151 5042 1244 5092 καὶ
1285 5040 1449 5111 ἓτερά
1480 5059 1603 5094 τινα
1632 5060 1732 5112 χα-

154 5129 295 5181 λεπὰ
347 5129 632 5192 ποιοῦντας
662 5145 676 5159 ·
734 5129 830 5182 καὶ
889 5128 1070 5192 πάσας
1117 5131 1234 5200 τὰςξ
1269 5131 1434 5195 ἄλλας
1469 5135 1731 5202 αἱρέσεις,

156 5221 345 5290 ἐπειδὴ
405 5220 590 5273 πολλοί
644 5222 781 5274 εἰσιν
827 5221 1082 5285 ἐνταῦθα,
1143 5223 1375 5290 μάλιστα
1419 5225 1466 5277 οἱ
1493 5226 1599 5278 ἀπὸ
1636 5229 1734 5294 τῆς

154 5311 417 5365 Γαλατῶν
455 5311 638 5382 χώρας
667 5313 1002 5384 ὁρμώμενοι,
1036 5315 1244 5378 πάντας
1275 5318 1399 5379 τοὺς
1426 5317 1520 5370 ἀπ’
1554 5318 1730 5370 αὐτῶν

157 5405 413 5466 ⁸ἢέλοντας
445 5404 832 5473 προστίθεσθαι
864 5407 930 5476 τῇ
981 5405 1292 5476 ὀρθοδοξίᾳ,
1346 5407 1419 5469 ὡς
1466 5408 1731 5478 ’Έλληνας

157 5495 420 5563 ἶεχόμεθα
453 5511 467 5524 ·
509 5496 602 5547 καὶ
626 5494 725 5566 τὴν
754 5495 977 5566 πρώτην
1012 5495 1225 5565 ἡμέραν
1256 5497 1516 5566 ποιοῦμεν
1535 5500 1733 5562 αὐτοὺς

161 5589 540 5658 Κριττιανοὺς,
580 5590 669 5640 καὶ
697 5589 796 5659 τὴν
817 5589 1076 5656 δευτέραν
1101 5591 1566 5661 κατηχουμένους,
1609 5586 1728 5645 εἶτα

1836 3295 2060 3350 verbum
2088 3293 2474 3363 complectitur
2507 3311 2520 3348 :
2563 3293 2686 3353 Eos,
2724 3294 2819 3362 qui
2854 3300 3015 3347 rectae
3047 3293 3113 3345 de
3149 3291 3252 3346 ﬁde
3280 3307 3408 3344 seu-

1833 3389 2017 3445 tentiae
2045 3388 2334 3452 accedunt,
2365 3395 2420 3442 et
2468 3387 2607 3457 parti
2655 3402 2864 3450 eorum,
2891 3387 2985 3455 qui
3028 3400 3092 3440 ex
3139 3384 3409 3439 haereticis

1833 3492 2144 3542 servantur,
2170 3482 2326 3550 juxta
2370 3481 2676 3547 thjcclam
2721 3479 3168 3547 consequentiam
3196 3489 3250 3531 et
3277 3493 3402 3530 con-

1831 3575 2180 3629 suetudinem
2205 3574 2571 3642 .recipientes,
2604 3573 2835 3625 Arianos
2867 3571 3111 3640 quidem,
3143 3577 3197 3624 et
3223 3568 3396 3623 Maeeo

1833 3667 2122 3730 donianos,
2167 3673 2222 3719 ct
2257 3664 2610 3727 Novatianos,
2650 3664 2743 3733 qui
2789 3677 2847 3717 se
2889 3663 3164 3732 καθαροὺς
3206 3659 3284 3733 [id
3324 3666 3408 3718 est

1834 3756 2027 3830 puros]
2069 3757 2363 3827 appellant,
2394 3765 2446 3811 et
2487 3768 2728 3812 tessares
2759 3755 3026 3810 decatitas
3057 3769 3154 3810 seu
3183 3754 3405 3808 tetradic

1831 3850 1994 3914 ditas,
2015 3858 2068 3904 et
2096 3849 2536 3916 Apollinaristas,
2560 3847 2855 3916 recipimus
2883 3845 3076 3900 dantes
3100 3844 3330 3907 libellos,
3354 3849 3409 3901 ei

1832 3955 2047 3994 onmem
2083 3938 2331 3992 haeresim
2359 3936 2905 3998 anathematizantes,
2931 3949 3051 4002 quae
3080 3948 3185 3986 non
3213 3933 3405 3997 sentit,

1833 4042 1893 4087 ut
1915 4030 2288 4086 scntitsaueta
2327 4027 2417 4081 Dei
2453 4026 2781 4079 universalis
2807 4033 2861 4079 et
2884 4023 3185 4092 apostolica
3217 4021 3408 4076 Eccle-

1832 4126 1910 4180 sia
1929 4141 1944 4178 :
1963 4131 2158 4178 sancto
2189 4122 2420 4189 primum
2450 4120 2747 4174 clrisniatc
2768 4126 2821 4173 ct
2843 4117 3168 4180 l‘rontem,ct
3195 4116 3386 4169 oculos

1830 4226 1886 4274 et
1923 4233 2107 4279 nares,
2149 4223 2204 4269 et
2250 4230 2330 4274 os,
2365 4222 2419 4266 et
2486 4227 2649 4266 aures
2711 4210 3108 4280 imprimentes,
3143 4207 3404 4260 dic-imus:

1837 4308 2196 4378 Siguaculum
2233 4305 2360 4358 duini
2391 4303 2628 4372 Spiritus
2656 4301 2853 4355 sancti.
2892 4300 2961 4354 De
2986 4299 3054 4352 iis
3085 4305 3290 4372 autem,
3314 4296 3407 4364 qui

1832 4402 2083 4458 Pauliaui
2117 4411 2325 4456 sectam
2360 4397 2536 4452 secuti
2570 4402 2724 4457 sunt,
2751 4391 2948 4446 deinde
2981 4390 3046 4444 ad
3082 4389 3408 4444 catholicam

1834 4497 2132 4553 Ecclesium
2169 4493 2556 4559 confugerunt,
2600 4498 2860 4542 statutum
2893 4491 2976 4538 est
3026 4491 3084 4536 ut
3115 4483 3150 4536 ii
3183 4481 3410 4536 omnino

1837 4588 2262 4657 rehaptizentur.
2313 4582 2682 4635 Eunomiauos
2732 4589 2971 4644 quoque,
3007 4572 3100 4643 qui
3144 4573 3198 4624 in
3245 4586 3406 4625 unam

1836 4679 2236 4735 demersioncm
2296 4674 2595 4742 haptizaut,
2640 4679 2693 4724 et
2743 4667 3133 4729 Montanistas,
3175 4663 3270 4733 qui
3321 4663 3410 4716 hic

1835 4770 2096 4823 dicuntur
2134 4765 2400 4835 Phryges,
2425 4772 2479 4816 et
2512 4760 2876 4822 Sabellianos,
2909 4757 3001 4828 qui
3032 4753 3230 4808 Filium
3265 4753 3405 4806 idem

1837 4877 1958 4916 esse
1992 4872 2121 4914 cum
2154 4858 2315 4912 Patre
2356 4855 2697 4916 existimant,
2727 4861 2775 4906 et
2806 4851 2911 4906 alia
2945 4849 3192 4918 quaedam
3222 4845 3407 4915 gravia

1837 4950 2078 5010 iaciunt,
2125 4956 2180 5002 et
2217 4961 2409 5000 omnes
2455 4944 2592 4998 alias
2640 4943 2908 5005 haereses,
2948 4940 3204 5009 quoniam
3253 4935 3408 4990 multi

1837 5043 1926 5096 hic
1983 5050 2147 5103 sunt,
2201 5045 2255 5093 et
2294 5037 2532 5090 maxime
2580 5035 2672 5103 qui
2721 5049 2785 5089 ex
2833 5031 3143 5086 Galatarum
3187 5029 3409 5097 regione

1836 5132 2063 5202 profecti
2099 5139 2223 5184 sunt
2260 5145 2273 5181 :
2309 5142 2499 5182 omnes
2531 5141 2595 5180 ex
2623 5127 2710 5186 iis,
2743 5124 2835 5193 qui
2871 5123 2936 5177 ad
2969 5129 3172 5176 rectam
3208 5118 3276 5172 de
3305 5119 3408 5172 lide

1837 5223 2162 5277 sententiam
2187 5221 2376 5272 volunt
2407 5218 2694 5280 accedere,
2721 5213 3015 5282 recipimus
3040 5221 3097 5264 ut
3121 5210 3341 5264 Graecos
3356 5218 3404 5262 ρ.

1839 5313 1904 5368 Et
1955 5315 2136 5384 primo
2166 5313 2388 5382 quidem
2437 5310 2563 5374 die,
2616 5324 2712 5364 cos
2758 5306 3101 5362 Christianos
3138 5302 3406 5366 facimus,

1839 5407 2079 5462 secundo
2112 5412 2315 5466 autem,
2349 5403 2801 5461 catechumenos,
2838 5397 3034 5453 deinde
3095 5395 3275 5459 tertio,
3307 5393 3402 5446 ad-

1832 5499 2106 5568 juramus,
2135 5495 2302 5550 simul
2327 5493 2488 5549 etiam
2517 5503 2600 5547 ter
2636 5492 2691 5545 in
2724 5490 2916 5545 faciem
2957 5497 3011 5544 et
3037 5500 3198 5540 aures
3228 5485 3404 5553 inspi-

1835 5598 2020 5643 rantes
2056 5605 2070 5641 :
2105 5594 2160 5641 ct
2193 5587 2271 5641 sic
2301 5585 2605 5651 iuitiamus,
2635 5588 2690 5636 ct
2718 5581 2808 5636 diu
2840 5581 2896 5634 in
2927 5577 3157 5635 ecclesia
3199 5573 3406 5631 versari

1417 5767 1654 5825 VARle
1685 5767 2086 5827 LECTlONES.

231 5876 242 5897 .-
283 5864 491 5931 fraude,
576 5872 600 5911 Ρ
641 5879 892 5932 paganos.
