4188 6446
786 403 930 470 1063

2046 401 2078 461 ,ἶ
2088 401 2183 461 US
2220 399 2504 461 CANONI
2512 401 2671 462 CUM

3908 401 4040 466 1065

780 532 835 577 et
869 518 1185 589 Scripturas
1236 516 1426 571 audire
1466 514 1720 581 facimus,
1748 521 1802 570 et
1830 520 1965 569 tunc
1996 514 2148 585 ipsos
2177 514 2358 585 bapti-

2466 518 2557 571 καὶ⁸
2597 516 2697 587 τὴν
2751 514 2945 586 τρίτην
2975 513 3459 587 ὲξορκιζομένους,
3492 514 3631 586 μετὰ
3660 514 3755 568 τοῦ
3788 516 4037 588 ὲμφυσᾷν

781 626 994 667 zamus.
1044 606 1353 674 Quinetiam
1415 604 1765 671 Manichanis,
1821 612 1876 659 et
1922 605 2359 672 Valentinianus,

782 713 837 758 et
883 699 1286 760 Marcionistas,
1315 703 1371 751 et
1398 696 1605 753 similes
1649 695 1960 752 haereticos.
2006 694 2363 751 Nestorianos

784 801 966 848 autem
1012 794 1233 858 oportet
1283 786 1499 842 libellos
1551 787 1751 852 facere,
1803 794 1858 840 et
1907 785 2157 840 haeresim
2206 800 2361 840 suam

783 879 1295 943 anathematizare,
1341 888 1396 933 et
1435 878 1742 932 Nestorium
1770 918 1786 943 ,
1831 885 1883 932 et
1934 876 2252 946 Eutychen,
2310 884 2366 931 et

785 971 1131 1035 Dioscorum,
1159 977 1215 1026 et
1260 970 1545 1032 Severum,
1573 976 1627 1023 et
1675 969 1916 1038 reliquos
1954 968 2146 1022 talium
2192 968 2364 1022 haere-

781 1078 912 1119 seon
946 1063 1246 1133 principes,
1278 1070 1331 1117 et
1358 1060 1451 1130 qui
1484 1062 1695 1128 eadem,
1728 1076 1851 1131 qua:
1880 1060 1984 1123 illi,
2009 1061 2277 1122 sentiunt,
2311 1065 2367 1112 et

781 1168 975 1209 omnes
1026 1152 1322 1223 praedictas
1400 1152 1638 1208 haereses
1671 1191 1685 1216 ,
1733 1158 1789 1205 et
1844 1152 1926 1207 sic
1979 1165 2101 1207 esse
2157 1162 2360 1207 sanctas

780 1243 1191 1299 communionis
1222 1243 1540 1312 participes.
1568 1243 1759 1312 Itaque
1800 1242 1957 1311 juxta
1989 1244 2216 1299 canonis
2262 1245 2365 1298 hu-

2463 609 2643 681 τρίτον
2671 609 2751 670 είς
2776 608 2835 661 τὸ
2858 608 3172 679 πρόσωπον,
3203 611 3299 663 καὶ
3322 610 3404 672 είς
3432 609 3501 662 τὰ
3557 605 3669 663 ὦτα
3693 626 3708 640 ·
3748 611 3845 664 καὶ
3874 611 4040 677 οὕτως

2466 696 2832 768 κατηχοῦμεν,
2862 700 2957 752 καὶ
2984 697 3244 769 ποιοῦμεν
3288 699 3559 769 χρονίζειν
3602 702 3683 765 είς
3714 700 3815 773 τὴν
3844 703 4039 771 ἐκκλη-

2468 789 2611 853 σίαν,
2638 790 2731 842 καὶ
2755 789 3060 859 ἀκροᾶσθαι
3093 788 3202 843 τῶν
3248 790 3484 859 Γραφιῖω
3508 806 3524 820 ·
3564 791 3659 843 καὶ
3693 792 3816 844 τότε
3852 794 4041 856 αὐτοὺς

2470 878 2828 949 βαπτίζομεν.
2872 881 2983 933 Καὶ
3012 880 3139 943 τοὺς
3172 880 3511 948 Μανιχαίους
3547 880 3624 946 δὲ,
3657 883 3753 936 καὶ
3780 885 3907 947 τοὺς
3941 884 3980 935 Γ
3984 902 4039 935 α-

2467 969 2829 1032 λεντινιανοὺς
2857 969 2927 1033 ⁸⁸,
2947 971 3043 1025 καὶ
3066 971 3193 1033 τοὺς
3214 971 3668 1042 Μαρκιωνιστὰς,
3703 974 3798 1025 καὶ
3832 977 3959 1038 τοὺς
3988 977 4042 1027 ἐκ

2467 1057 2577 1111 τῶν
2599 1057 2801 1126 ὁμοίων
2829 1058 3119 1131 αἱρέσεων,
3165 1059 3293 1122 τοὺς
3334 1059 3758 1130 Νεστοριανοίις,
3802 1066 3910 1134 χρὴ
3936 1082 4040 1117 ποι-

2465 1153 2545 1203 εῖν
2568 1150 2863 1216 λιὸέλλους,
2897 1152 2993 1205 καὶ
3015 1151 3442 1222 ἀναθεματίζειν
3470 1153 3570 1223 τὴν
3604 1155 3820 1223 αἵρεσιν
3846 1156 4040 1219 αὐτῶν,

2462 1242 2559 1295 καὶ
2605 1244 2927 1312 Νεστόριον,
2971 1243 3068 1296 καὶ
3118 1242 3387 1312 Εὐτυχέα,
3446 1243 3543 1296 καὶ
3592 1245 3910 1315 Διόσκορον,
3958 1247 4044 1297 καὶ

776 1331 869 1400 jus
906 1342 1153 1388 tenorem
1185 1333 1278 1387 alii
1310 1332 1528 1402 quidem
1577 1331 1820 1387 haeretici
1869 1333 2090 1387 lavacro
2117 1334 2364 1388 sanctiﬁ-

2466 1333 2721 1404 Σεόἧρον,
2762 1334 2858 1387 καὶ
2909 1334 3034 1397 τοὺς
3076 1333 3298 1398 λοιποὺς
3334 1335 3595 1405 ἐξάρχους
3631 1335 3739 1387 τῶν
3788 1336 4043 1389 τοιούτων

784 1431 1001 1487 cantur,
1037 1424 1126 1479 alii
1158 1433 1338 1478 autem
1385 1432 1578 1479 sancto
1614 1423 1882 1479 duntaxat
1909 1432 2191 1496 unguento
2226 1440 2362 1480 con-

2466 1425 2751 1495 αἱρέσεων,
2810 1425 2905 1477 καὶ
2939 1425 3067 1487 τοὺς
3099 1424 3436 1493 φρονοῦντας
3466 1426 3535 1478 τὰ
3573 1426 3777 1489 αὐτῶν,
3817 1430 3913 1478 καὶ
3945 1428 4042 1479 πά-

783 1521 1092 1568 secrantur.
2460 1532 2560 1580 σας
2626 1515 3147 1587 προσαναφυομένας
3188 1517 3465 1587 αἱρέσεις·
3498 1519 3592 1571 καὶ
3634 1517 3807 1581 οὕτως
3876 1535 4040 1585 μετα-

780 1606 1080 1677 λαμϐάνειν
1104 1608 1202 1677 τῆς
1242 1607 1403 1675 ἁγίας
1433 1608 1736 1671 κοινωνίας.
1773 1606 1931 1661 Κατά
1958 1608 2088 1677 γοῦν
2116 1607 2216 1679 τὴν
2246 1609 2339 1662 τοῦ
2378 1609 2621 1661 τοιούτου
2653 1610 2881 1672 κανόνος
2909 1608 3219 1680 περίληψιν,
3290 1610 3340 1661 οἱ
3407 1607 3506 1677 μὲν
3543 1608 3652 1663 τῶν
3714 1610 4042 1680 αἱρεσιωτῶν

780 1700 869 1754 διὰ
914 1701 1290 1772 βαπτίσματος
1326 1703 1662 1770 ἁγιὰζονται,
1718 1704 1767 1754 οἱ
1809 1702 1866 1755 δὲ
1911 1702 2000 1756 διὰ
2055 1704 2218 1772 μόνου
2261 1703 2354 1756 τοῦ
2396 1703 2551 1772 ἁγίου
2585 1703 2757 1773 μύρου
2784 1703 3136 1756 τελειοῦνται.

855 1797 1028 1852 Inter.
1069 1797 1158 1851 30.
1198 1798 1256 1851 Si
1303 1797 1599 1853 haereticus
1649 1798 1909 1852 sacerdos
1958 1797 2045 1850 vel
2096 1797 2364 1853 diaconus
2398 1806 2438 1860 Β

783 1889 984 1958 dignus
1038 1888 1258 1943 habitus
1308 1887 1494 1942 divino
1542 1896 1595 1941 et
1645 1896 1840 1944 sancto
1887 1886 2238 1957 baptismate,
2281 1888 2365 1942 vel

785 1993 882 2049 per
917 1985 1166 2032 sanctam
1200 1979 1513 2033 unctionem
1555 1979 1936 2034 sanctiﬁcattts
1979 1980 2071 2042 sit,
2108 1978 2366 2033 licebitne

784 2067 835 2122 ei
877 2082 1036 2123 sacra
1082 2065 1263 2122 lacere
1305 2082 1428 2120 cum
1466 2068 1651 2135 priore
1704 2069 2077 2133 ordinatione,
2124 2084 2191 2122 an
2235 2084 2366 2124 vero

786 2159 833 2213 si
873 2173 1027 2214 sacra
1058 2158 1373 2213 ministrare
1401 2158 1549 2221 velit,
1600 2158 1887 2215 iterabitur
1914 2160 2034 2226 ejus
2063 2161 2368 2215 ordinatio?

859 2248 985 2302 Res.
1021 2246 1209 2302 Canun
1249 2248 1317 2302 80
1352 2258 1667 2303 sanctorum
1717 2252 2087 2319 apostolorum
2126 2266 2241 2317 eos,
2272 2251 2364 2321 qui

785 2357 853 2397 ex
895 2354 1106 2411 pagana
1150 2341 1260 2394 vita
1303 2340 1369 2394 ad
1412 2340 1774 2395 orthodoxam
1821 2342 1982 2398 ﬁdem
2018 2342 2284 2397 accedunt
2314 2351 2368 2397 et

787 2438 1164 2508 baptizantur,
1193 2435 1559 2505 episcopalem
1601 2435 1764 2490 etiam
1796 2434 2114 2506 dignitatem
2147 2451 2365 2507 prome-

787 2529 895 2583 reri
927 2527 1139 2581 dcﬁnit.
1172 2525 1363 2582 Priore
1405 2527 1574 2597 igitur
1617 2527 1927 2583 sacerdotio
1969 2542 2068 2597 pro
2098 2529 2365 2597 sacrilego

788 2620 998 2685 habito,
1024 2629 1080 2674 et
1128 2634 1227 2688 pro
1273 2635 1382 2674 non
1434 2619 1603 2685 facto,
1635 2621 1681 2674 si
1728 2635 1855 2675 cum
1898 2621 2163 2676 canonica
2201 2621 2368 2677 disci-

787 2711 937 2781 plina
971 2710 1268 2779 judicatus,
1297 2710 1389 2780 qui
1429 2710 1510 2766 sic
1555 2710 1721 2765 fuerit
1747 2711 2091 2767 orthodoxus
2120 2710 2365 2777 ell‘ectus,

788 2812 843 2858 et
888 2819 1010 2857 cum
1061 2812 1211 2857 esset
1251 2802 1546 2871 aliquando
1588 2803 1849 2871 prolanus
1879 2802 2157 2869 sacerdos,
2190 2803 2243 2857 in
2272 2818 2368 2873 po-

788 2894 1016 2948 steriore
1059 2893 1170 2947 vita
1215 2908 1313 2948 sua
1367 2892 1752 2948 indemnabilis
1802 2893 2137 2963 apparuerit,
2170 2893 2367 2963 dignus

787 2996 1079 3041 censeatur
1121 3001 1232 3040 non
1280 2986 1607 3041 sacerdotali
1653 2986 1828 3041 solum
1860 2984 2146 3055 dignitate,
2179 2985 2275 3041 sed
2312 2993 2367 3041 ct

788 3077 1109 3147 episcopali,
1141 3092 1240 3147 per
1266 3084 1562 3132 consuetos
1592 3077 1820 3132 omnino
1846 3077 2047 3148 gradus
2073 3076 2141 3132 ad
2171 3078 2367 3133 docto-

788 3166 924 3219 riam
958 3174 1242 3234 promotus
1267 3166 1679 3221 sublimitatem.

862 3254 1032 3311 Inter.
1086 3258 1175 3312 3i.
1226 3257 1285 3311 Si
1334 3258 1596 3323 haeretici,
1651 3257 1746 3328 qui
1798 3257 1865 3313 ad
1932 3256 2360 3313 orthodoxorum

790 3347 952 3403 ﬁdem
1000 3351 1254 3414 accessit,
1301 3367 1441 3406 uxor
1485 3362 1539 3407 et
1578 3353 1759 3417 liberi,
1795 3353 1877 3408 vel
1909 3354 2072 3409 etiam
2108 3354 2199 3409 alii
2241 3355 2363 3425 ejus

791 3436 1089 3493 familiares
1128 3446 1184 3493 et
1229 3439 1540 3506 domestici,
1587 3457 1696 3495 non
1740 3444 1873 3496 ﬁant
1919 3443 2233 3509 orthodoxi,
2266 3444 2364 3499 sed

790 3527 1096 3582 inhaereant
1142 3530 1313 3599 priori
1361 3532 1581 3597 haeresi,
1630 3550 1698 3589 an
1747 3535 2126 3605 pt'obibdiitur
2168 3538 2238 3602 is,
2268 3535 2365 3606 qui

790 3621 873 3690 (ut
902 3621 1165 3693 diximus)
1217 3623 1545 3694 baptismate
1578 3627 1826 3684 initiatus
1871 3638 1977 3693 est,
2011 3629 2077 3683 ad
2106 3629 2366 3685 sacerdo-

790 3712 950 3767 talem
998 3714 1080 3768 vel
1125 3715 1442 3786 episcopum
1492 3721 1791 3775 ascendere
1830 3719 2060 3790 gradum
2092 3736 2107 3774 :
2137 3736 2205 3774 an
2236 3735 2365 3776 vero

791 3814 1013 3873 propter
1060 3805 1278 3862 illorum
1312 3810 1576 3864 malitiam
1624 3820 1679 3865 et
1713 3812 1827 3881 ipse
1869 3813 1964 3868 tali
2001 3814 2148 3868 bono
2185 3813 2366 3884 priva—

790 3893 973 3948 bitur?

860 3983 980 4039 Res.
1042 3985 1231 4042 Canon
1282 3989 1504 4059 quidem
1551 3992 1620 4047 '59
1671 3992 1865 4063 synodi
1915 3993 2364 4067 Carthaginensls

792 4076 891 4139 ait,
926 4086 984 4131 ut
1014 4080 1278 4151 episcopi,
1308 4091 1363 4136 et
1394 4084 1716 4154 presbyteri,
1748 4096 1801 4141 et
1828 4086 2044 4142 diaconi
2074 4103 2183 4145 non
2214 4090 2366 4145 ordi-

785 4177 1009 4234 nentur,
1047 4172 1367 4241 priusquam
1399 4188 1589 4231 omnes
1620 4177 1711 4245 qui
1737 4186 1867 4232 sunt
1900 4179 1951 4233 in
1981 4181 2098 4235 suis
2129 4181 2363 4248 aedibus,

788 4260 1135 4318 Christianos
1199 4264 1540 4322 orthodoxos
1610 4266 1861 4324 fecerint.
1925 4271 2113 4326 Canon
2181 4281 2364 4329 autem

785 4352 855 4405 72
896 4363 1101 4408 sanctae
1136 4362 1190 4410 et
1230 4359 1583 4414 mcumenica
1615 4360 1667 4415 in
1701 4360 1892 4415 Trullu
1929 4362 2124 4433 synodi
2165 4363 2279 4421 haec
2309 4365 2364 4420 in

2553 1796 2877 1865 Ἐρώτησις
2906 1795 2983 1851 λ’.
3030 1797 3158 1850 Ἐὰν
3196 1798 3489 1867 αἱρετικὸς,
3547 1796 3746 1866 ίερεὺς,
3790 1797 3824 1866 ἦ
3862 1797 4043 1850 διάκο-

2472 1906 2580 1953 νος,
2617 1888 2821 1959 ἀξιωθῇ
2848 1886 2943 1941 τοῦ
2996 1886 3143 1940 θείου
3171 1888 3264 1940 καὶ
3287 1888 3446 1954 ἁγίου
3475 1888 3929 1959 βαπτίσματος,ῆ
3959 1889 4044 1941 διὰ

2471 1979 2560 2033 τοῦ
2590 1979 2746 2046 ἁγίου
2785 1977 2960 2050 μύρου
2997 1979 3270 2050 ἁγιασθῇ,
3317 1980 3527 2031 ὲσεῖται
3568 1981 3867 2049 ἱερουργῶν
3908 1984 4043 2048 μετὰ

2471 2071 2569 2140 τῆς
2604 2070 2873 2140 προτέρας
2905 2070 3242 2140 χειροτονίας
3282 2069 3471 2135 αὑτοῦ,
3502 2069 3536 2140 ἢ
3567 2069 3757 2141 ἑτέρας
3786 2070 4042 2141 ἀξιωθείη

2473 2161 2827 2232 χειροτονίας,
2856 2160 2952 2213 ἐὰν
2982 2160 3186 2233 θελήσῃ
3214 2162 3549 2230 ἱερουργεῖν;

2561 2252 2680 2305 Ἁπ.
2725 2250 2785 2304 '0
2803 2250 2914 2303 τῶν
2947 2250 3121 2318 ἁγίων
3172 2248 3487 2303 ἀποστόλων
3517 2248 3571 2303 π’
3602 2251 3783 2305 κανὼν
3826 2254 3953 2316 τοὺς
3990 2256 4047 2319 ἐξ

2472 2342 2686 2397 ὲθνικοῦ
2719 2343 2835 2413 βίου
2866 2342 3264 2413 προσελθόντας
3326 2347 3392 2413 τῇ
3431 2343 3698 2415 ὀρθοδόξῳ
3734 2345 3915 2399 πίστει
3955 2350 4049 2400 καὶ

2473 2433 2886 2503 βαπτισθέντας,
2914 2435 3009 2486 καὶ
3032 2434 3392 2487 ἐπισκοπικοῦ
3417 2436 3733 2504 ἀξιώματος
3761 2437 4050 2502 καταξιοῦο

2473 2525 2598 2578 σθαι
2623 2524 2934 2596 διορίζεται.
2959 2525 3072 2595 Τῆς
3101 2522 3233 2591 γοῦν
3262 2524 3537 2593 προτέρας
3572 2525 3892 2595 ἱερωσύνης,
3924 2543 4048 2595 μια-

2478 2617 2726 2689 ρωσὺνης
2784 2616 3167 2686 νομιζομένης,
3194 2617 3286 2668 καὶ
3308 2617 3381 2678 ὠς
3405 2616 3481 2685 μὴ
3518 2618 3811 2687 γινομένης
3844 2621 4046 2687 λογιζο-

2476 2709 2667 2779 μένης,
2707 2706 2803 2761 ἐὰν
2854 2707 2993 2777 μετά
3022 2708 3122 2776 τῆς
3151 2708 3443 2776 κανονικῆς
3485 2708 3778 2778 ἀκριδείας
3816 2712 4049 2781 dm?"

2473 2800 2694 2870 νόμενος
2728 2802 2756 2853 ό
2782 2798 2953 2863 οὕτως
2982 2798 3365 2870 όρθοδοξήσας,
3418 2799 3514 2851 καὶ
3550 2800 3625 2853 ὢν
3659 2818 3786 2854 ποτε
3822 2802 4052 2872 βέϐηλος

2474 2887 2677 2956 ἱερεὺς,
2733 2889 2863 2957 περὶ
2907 2887 3001 2939 τοῦ
3041 2888 3270 2959 ὑστέρου
3309 2887 3476 2942 αὐτοῦ
3522 2888 3639 2957 βίον
3675 2891 4050 2963 ἀκατάκριτος

2472 2980 2790 3051 ἀναφανείη,
2819 2978 3074 3049 ἀξιωθείη
3101 2980 3161 3032 οὗ
3197 2979 3358 3050 μόνον
3388 2981 3666 3051 ἱερατικοῦ
3712 2983 4047 3053 ἀξιώματος,

2473 3072 2609 3124 ἀλλά
2655 3072 2748 3123 καὶ
2798 3070 3181 3135 ιπισκοπικοῦ,
3232 3071 3321 3124 διὰ
3372 3072 3486 3137 τῶν
3536 3074 3783 3143 συνήθων
3833 3076 4049 3139 παντως

2395 3151 2438 3211 C
2472 3164 2697 3235 βαθμῶν
2732 3165 2812 3227 είς
2845 3164 2905 3217 τὸ
2938 3164 3313 3218 διδασκαλικὸν
3346 3163 3481 3233 ὕψος
3511 3166 3871 3236 ἀναγόμενος.

2548 3254 2870 3323 Ἐρώτησις
2897 3254 3010 3309 λα’.
3043 3255 3168 3308 Ἐἁν
3198 3254 3292 3308 τοῦ
3336 3255 3727 3324 προσελθόντος
3753 3260 3818 3328 τῇ
3867 3259 4050 3312 πίστει

2466 3346 2574 3400 τῶν
2600 3347 2894 3417 ὀρθοδόξων
2917 3346 3195 3417 αἱρετικοῦ
3218 3348 3251 3416 ἡ
3281 3346 3444 3417 γυνὴ,
3484 3348 3577 3399 καὶ
3604 3350 3652 3399 οί
3675 3349 3881 3415 παῖδες,
3904 3352 3935 3419 ἦ
3958 3354 4051 3404 καὶ

2466 3439 2641 3510 ἕτεροι
2666 3438 2839 3507 τούτῳ
2861 3438 3128 3490 συνέστιοι
3150 3439 3246 3490 καὶ
3284 3439 3663 3506 συγκὰτοικοι,
3696 3440 3796 3493 οὒκ
3835 3442 4053 3511 ὀρθοδα-

2467 3530 2740 3600 ξήσουσιν,
2788 3528 2903 3583 ἀλλ’
2932 3528 3207 3599 ὲξέχονται
3232 3530 3331 3600 τῆς
3363 3531 3638 3600 προτέρας
3671 3531 3958 3603 αἱρέσεως,
3990 3536 4049 3587 οὗ

2468 3624 2837 3695 κωλυθήσεται
2869 3625 2898 3677 ὁ
2952 3624 3284 3690 τελειωθεὶς,
3328 3625 3404 3689 ὠς
3430 3627 3673 3696 εἴρηται,
3702 3627 3790 3682 διὰ
3823 3630 3920 3681 τοῦ
3957 3630 4053 3698 βας

2466 3716 2812 3784 πτίσματος,
2869 3718 2948 3779 εἱς
3002 3717 3282 3786 ἱερατικὸν
3330 3716 3541 3786 βαθμὸν
3593 3717 3625 3787 ἢ
3686 3718 4054 3773 ὲπισκοπικον

2466 3807 2711 3860 ἀνελθεῖν
2736 3823 2750 3860 '.
2792 3808 2825 3877 ἦ
2850 3807 2938 3860 διὰ
2958 3806 3055 3876 τὴν
3081 3806 3304 3861 ἐκείνων
3338 3806 3538 3860 κακίαν
3563 3808 3658 3859 καὶ
3686 3808 4052 3871 αὺτὺςτοσού-

2467 3914 2560 3951 του
2587 3896 2789 3966 ἀγαθοῦ
2824 3898 3174 3967 ἀποστερηθῇ
3202 3915 3215 3959 ς

2552 3991 2679 4044 Ἀπί,
2750 3989 2807 4043 '0
2851 3989 2951 4057 μὲν
2991 3989 3080 4053 λς’
3114 3987 3292 4041 κανὼν
3318 3988 3415 4057 τῆς
3443 3989 3501 4041 ὲν
3546 3989 3885 4061 Καρθαγὲνῃ
3924 4010 4051 4045 συν-

2466 4081 2610 4144 όδου,
2645 4080 2832 4150 φησὶν,
2867 4079 3201 4132 Ἐπίσκοπον
3227 4080 3321 4134 καὶ
3354 4079 3727 4150 πρεσϐύτερον
3758 4084 3856 4134 καὶ
3875 4082 4051 4134 διακο-

2466 4187 2556 4223 νον
2588 4170 2662 4239 μὴ
2702 4169 3128 4240 χειροτονεῖσθαι
3170 4170 3303 4239 πρὶν
3340 4171 3551 4234 πάντας
3572 4173 3697 4235 τοὺς
3722 4175 3779 4224 ὲν
3804 4173 3882 4242 τῷ
3911 4177 4050 4242 οίκῳ

2466 4265 2645 4319 αὐτῶν
2673 4264 2981 4335 όρθοδόξους
3008 4264 3367 4332 Χριστιανοὺς
3394 4266 3738 4336 ποιήσουσιν.
3803 4267 3864 4322 Ὀ
3902 4268 3959 4321 δὲ
4002 4267 4048 4337 β’

2466 4354 2648 4410 κανὼν
2687 4357 2787 4425 τῆς
2830 4357 2887 4407 ὲν
2926 4356 3003 4423 τῷ
3045 4355 3299 4426 Τρούλλῳ
3337 4358 3500 4423 ἁγίας
3533 4359 3625 4410 καὶ
3652 4360 4049 4429 οίκονμενικῇς

787 4455 941 4514 parte
997 4446 1191 4501 deﬁnit
1243 4450 1546 4519 expressim
1606 4467 1619 4503 :
1672 4451 1729 4506 Si
1781 4462 1965 4509 autem
2023 4456 2215 4525 aliqui,
2269 4456 2363 4531 qui

2472 4449 2687 4503 συνόδου
2709 4448 3001 4517 διορίζεται
3031 4450 3089 4501 ὲν
3115 4449 3272 4517 μέρει
3300 4448 3474 4501 ταῦτα
3501 4450 3703 4518 ῥητῶς,
3728 4450 3790 4503 Ei
3815 4452 3874 4505 δέ
3901 4470 4049 4515 τινες

790 4538 971 4592 adhuc
1015 4547 1145 4593 sunt
1192 4539 1459 4604 infideles,
1491 4550 1545 4597 et
1588 4543 1643 4596 in
1686 4545 2117 4600 ortltodoxorum
2146 4563 2362 4618 gregem

786 4626 1028 4681 nondum
1064 4628 1222 4683 relati
1264 4640 1414 4694 sunt,
1446 4632 1585 4687 inter
1630 4648 1689 4689 se
1737 4635 1981 4703 legitimo
2013 4644 2141 4691 sunt
2170 4639 2361 4691 matri-

788 4719 974 4771 monio
1016 4719 1299 4787 conjuncti
1350 4741 1363 4776 :
1408 4723 1607 4779 deinde
1654 4725 1744 4779 hic
1796 4726 2015 4796 quidem
2062 4742 2168 4794 eo,
2214 4728 2360 4798 quod

783 4817 869 4863 est
906 4809 1258 4879 honestums,
1294 4815 1492 4881 electo,
1526 4816 1593 4870 ad
1624 4816 1794 4872 lucem
1825 4818 2076 4875 veritatis
2104 4834 2359 4876 accurre-

785 4898 855 4952 rit
898 4916 912 4953 :
962 4900 1053 4955 ille
1080 4917 1209 4957 vero
1247 4905 1459 4961 erroris
1488 4905 1705 4961 vinculo
1744 4907 1998 4963 detentus
2032 4908 2219 4975 fuerit,
2257 4924 2359 4963 no-

784 4989 904 5044 lens
955 4991 1172 5048 diviuos
1228 4996 1411 5051 radios
1457 4996 1579 5052 lixis
1624 4998 1801 5052 oculis
1859 4999 2173 5064 intueri,.et
2214 5001 2356 5055 lideli

786 5081 995 5150 placeat
1042 5098 1166 5137 cum
1216 5086 1418 5141 inﬁdeli
1468 5088 1803 5152 cohabitare,
1869 5105 1936 5146 ne
1966 5108 1995 5145 a
2030 5106 2089 5147 se
2123 5092 2356 5146 invicem

790 5181 1135 5237 separentur.
1170 5172 1246 5227 Ex
1278 5175 1445 5230 divini
1473 5178 1613 5232 enim
1644 5178 1796 5233 Pauli
1830 5182 2119 5246 sententia,
2153 5184 2358 5237 sancti-

788 5260 980 5316 ﬁcatus
998 5275 1080 5319 est
1104 5267 1184 5319 vir
1220 5266 1455 5324 inlldelis
1483 5272 1535 5323 in
1561 5270 1808 5335 muliere,
1831 5282 1885 5327 et
1912 5274 2249 5328 sanctiﬁcata
2274 5282 2359 5330 est

791 5353 989 5406 mulier
1019 5355 1251 5412 inﬁdelis
1282 5358 1334 5412 in
1371 5362 1509 5414 viro.
1540 5362 1994 5419 Contrarietatcm
2021 5365 2188 5433 igitur
2213 5366 2349 5419 duo-

785 5457 903 5495 rum
956 5461 1245 5514 canonum,
1294 5467 1414 5521 qua:
1464 5468 1589 5508 esse
1637 5456 1875 5522 videtur,
1924 5458 2186 5512 canonice
2239 5456 2353 5510 sol-

2469 4538 2549 4591 ετι
2587 4540 2644 4591 ὲν
2683 4540 2748 4607 τῇ
2784 4537 3008 4608 ἀπιστίᾳ
3058 4538 3438 4605 τυγχάνοντες,
3483 4540 3577 4591 καὶ
3632 4539 3787 4592 οῠπω
3833 4544 3902 4611 τῇ
3938 4543 4052 4595 τῶν

2462 4627 2758 4697 ὀρθοδόξων
2805 4627 3265 4694 έγκαταλεγέντες
3300 4628 3526 4697 ποίμνῃ,
3580 4629 3837 4697 ἀλλήλοις
3881 4632 4049 4701 γάμῳ

2461 4720 2678 4789 νομίμῳ
2722 4720 3077 4790 ήρμόσθησαν
3107 4736 3122 4750 ·
3154 4715 3274 4772 εἶτα
3304 4721 3333 4773 ὁ
3364 4721 3465 4789 μὲν
3517 4722 3580 4774 τὸ
3624 4723 3790 4776 καλὸν
3822 4726 4049 4790 ἐκλεξῂ-

2464 4828 2643 4881 μενος,
2690 4810 2767 4879 τῷ
2816 4810 2956 4878 φωτὶ
2996 4810 3093 4881 τῆς
3138 4810 3397 4878 ἀληθείας
3463 4814 3846 4884 προσέδραμεν
3878 4834 3894 4849 ο
3928 4818 3958 4870 ὁ
3991 4819 4050 4871 δὲ

2461 4903 2565 4955 ὑπὸ
2593 4902 2686 4956 τοῦ
2717 4903 2815 4970 τῆς
2841 4901 3049 4968 πλάνης
3077 4903 3386 4972 κατεσχέθη
3411 4904 3634 4974 δεσμοῦ,
3668 4907 3745 4977 μὴ
3774 4908 3914 4978 πρὶς
3947 4913 4050 4972 τὰς

2461 4992 2607 5056 θείας
2658 4994 2902 5047 ἀτενίσαι
2948 4996 3172 5054 ἀκτῖνας
3227 4994 3521 5063 ἑλόμενος·
3592 4998 3805 5051 εὐδοκεῖ
3854 5000 3911 5052 δὲ
3966 5001 4049 5069 τῷ

2462 5083 2637 5153 πιστῷ
2662 5085 2695 5153 ἡ
2730 5084 2977 5149 ἄπιστος,
3012 5084 3046 5156 ἦ
3076 5084 3136 5137 τὸ
3170 5084 3397 5137 Εκπαλιν
3433 5088 3459 5138 ὁ
3493 5087 3719 5150 ἄπιστος
3770 5091 4049 5139 συνοικεῖν

2460 5180 2525 5247 τῇ
2570 5179 2735 5246 πιστῇ
2769 5193 2783 5207 ο
2827 5175 2901 5245 μὴ
2931 5175 3273 5245 χωριζέσθω,
3305 5178 3445 5229 κατὰ
3493 5176 3585 5228 τὸν
3634 5178 3774 5230 θεῖον
3801 5179 4047 5232 ἀπόστο-

2460 5269 2570 5322 λον.
2640 5268 2930 5335 Ἦγίασται
2977 5268 3085 5337 γὰρ
3114 5269 3142 5320 ὁ
3176 5267 3403 5331 ἄπιστος
3437 5269 3573 5338 ἀνὴρ
3605 5270 3663 5321 ἐν
3692 5272 3758 5339 τῇ
3791 5273 4047 5336 γυναικὶ,

2468 5362 2500 5430 ἦ
2537 5360 2792 5428 ἡγίασται
2827 5360 2860 5429 ή
2894 5360 3122 5421 ἄπιστος
3152 5361 3289 5430 γυνὴ
3330 5362 3385 5413 ἐν
3420 5359 3496 5428 τῷ
3535 5360 3715 5429 ἀνδρί.
3759 5360 3871 5431 Τὴν
3906 5364 4043 5413 ἀνα-

2463 5452 2793 5522 φαινομένην
2836 5450 2927 5505 οὖν
2956 5451 3305 5522 ἐναντιότητα
3361 5451 3470 5505 τῶν
3501 5451 3594 5504 δύο
3636 5452 3843 5507 τούτων
3876 5454 4045 5507 κανὸο

2074 5610 2313 5665 VARI/EI
2345 5606 2764 5666 LECTIONES.

856 5690 899 5721 ⁸⁸
926 5690 1380 5758 Βαλιντινιανούς.

852 5819 1041 5879 (ιᾳιιυι.
1096 5811 1278 5865 bonum
1331 5824 1427 5867 est.
