4188 6446
197 410 332 473 1065

1478 408 2178 469 GllrECO-ROMANUM.

3321 411 3456 475 1066

193 544 301 580 νων
341 524 643 587 κανονικῶς
664 525 905 591 λύοντες,
935 525 1166 595 λέγομεν
1197 526 1298 589 ὅτι,
1331 526 1358 576 ὁ
1386 527 1481 593 μὲν
1516 529 1577 577 ἐκ
1627 542 1774 590 γενεε

1889 534 2095 588 ventes,
2136 524 2376 580 dicimus
2409 541 2559 589 eum.
2595 526 2687 595 qui
2728 540 2853 581 cum
2889 540 2917 579 a
2954 524 3236 581 nativitate
3272 527 3456 579 ortho-

195 621 291 688 τῆς
342 617 419 671 ὢν
457 619 733 689 ὀρθόδοξος
762 662 776 683 ,
845 619 982 689 μετά
1024 618 1281 686 γυναικὸς
1327 619 1606 688 αἱρετικῆς
1655 635 1776 670 συν-

447 713 544 764 οὐκ
574 710 833 781 ἀξιωθείη
865 710 1216 782 κληρώσεως,
1253 711 1299 763 εί
1334 709 1409 780 μὴ
1444 710 1536 763 καὶ
1566 709 1689 772 τοὺς
1722 711 1778 761 ἐν

192 805 271 873 τῷ
308 806 445 874 οἴκῳ
475 803 639 857 αὑτοῦ
673 804 887 873 ποιήσει
910 801 1223 873 ὀρθοδὸξους
1252 799 1608 871 Χριστιανούς
1632 816 1646 831 ’
1696 801 1777 853 ὅτι

192 897 287 947 καὶ
346 896 444 963 τῆς
500 891 962 963 ὲκκλησιαστικῆς
1009 890 1419 961 κεχωρισμένος
1478 889 1596 942 ἐστὶ
1653 905 1777 943 συν·

191 988 388 1052 ἀξεως,
418 985 492 1046 ὡς
520 988 584 1055 τῇ
613 984 705 1037 τοῦ
738 981 973 1054 Χριστοῦ
1011 982 1186 1052 μερίδι
1230 980 1544 1051 συμπλέξας
1579 979 1780 1050 κλῆρον

191 1078 539 1148 ἁμαρτωλὸν.
614 1077 672 1128 Ὀ
725 1077 782 1129 δὲ
835 1074 1164 1144 αίρεσιώτης
1215 1073 1292 1126 ῶν
1336 1074 1400 1127 ἐκ
1448 1073 1780 1143 σπαργάνων

190 1171 395 1232 αὐτῶν,
422 1170 519 1221 ἐὰν
558 1167 655 1237 τὴν
677 1167 957 1239 ὀρθὸδοξον
984 1167 1167 1220 πίστιν
1189 1167 1505 1235 προέληται,
1528 1166 1774 1231 δικαίως,

191 1262 288 1315 ἐὰν
321 1260 431 1313 ἀπό
462 1276 607 1322 τινος
658 1260 847 1328 ἑτέρου
898 1259 1058 1324 λόγου
1105 1258 1204 1311 οὐκ
1246 1258 1634 1327 ἐμποδίζηται,
1663 1275 1778 1327 χει-

195 1355 443 1424 ροτονίας
486 1352 745 1420 ἀξιωθείη
806 1352 1105 1421 ἱερατικῆς.
1143 1353 1208 1404 τί
1246 1352 1355 1421 γὰρ
1409 1347 1576 1416 οἶδας,
1614 1352 1779 1421 φησιν

192 1448 222 1499 ὀ
280 1447 457 1515 μέγας
512 1442 855 1505 Ἀπόστολος,
893 1442 989 1495 ἑὰν
1020 1445 1048 1496 ὁ
1100 1442 1289 1506 πιστὸς
1340 1442 1625 1513 μεταγάγῃ
1680 1443 1780 1510 τὴν

192 1538 425 1591 ἄπιστον
454 1535 685 1601 σύζυγον
706 1533 871 1587 αὑτοῦ
901 1534 1039 1605 πρὸς
1066 1534 1165 1605 τὴν
1210 1536 1429 1601 πίστινς
1468 1534 1658 1598 Καλῶς
1687 1530 1780 1587 οὖν

194 1627 333 1687 ὀεὶς
366 1626 465 1695 τὴν
520 1625 802 1695 ὀρθὸδοξον
859 1625 1040 1677 πίστιν
1097 1624 1269 1678 ἐλθὼν
1323 1625 1431 1681 ἀπὸ
1482 1624 1781 1695 θρησκείας

194 1718 523 1788 αἱρετικῶν,
559 1716 701 1769 κατά
734 1717 965 1779 κανόνας
1003 1715 1264 1788 ἀξιωθείη
1296 1718 1607 1788 ἀξιώματος
1637 1719 1781 1788 ἱερα-

194 1809 375 1873 τικοῦ,
417 1808 517 1862 κᾶν
556 1808 632 1879 μὴ
675 1808 1166 1881 ὀρθοδοξίςσωσινή
1214 1810 1352 1881 γυνὴ
1396 1810 1583 1864 καὶτὰ
1613 1811 1781 1865 τέκνα

195 1901 383 1955 αὑτοῦ.

282 1993 483 2060 Ἐρώτ.
554 1992 653 2059 λβ’.
740 1993 1270 2064 ’Ᾱπροκριμὰτιστόν
1330 1994 1446 2047 ὲστι
1509 1994 1781 2049 τελεῖσθαι

195 2086 403 2139 τέκνων
433 2086 700 2155 ἀναδοχὰς
750 2087 838 2140 διὰ
870 2088 1132 2153 Λατίνων,
1176 2090 1497 2158 Ἀρμενίων,
1546 2088 1782 2143 Μονοθε-

196 2178 399 2246 λῃτῶν,
448 2177 851 2245 Νεστοριανῶν,
886 2179 979 2233 καὶ
1005 2178 1207 2233 λοιπῶν
1239 2180 1497 2233 τοιούτων
1526 2198 1539 2213 ·
1571 2182 1604 2252 ἦ
1644 2183 1781 2248 μᾶλο

196 2270 287 2321 λον
317 2268 546 2337 μισητδν
571 2268 667 2321 καὶ
697 2270 1107 2339 ἁποτρόπαιονς

270 2359 469 2412 Ἀπόκ.
509 2359 581 2410 Τὸ
634 2357 679 2427 β’
734 2358 1013 2429 θέσπισμα
1060 2359 1154 2413 τοῦ
1210 2366 1240 2413 ι’
1272 2361 1568 2430 κεφαλαίου
1601 2359 1693 2414 τοῦ
1734 2360 1780 2414 α’

195 2452 379 2506 τίτλον
416 2452 508 2505 τοῦ
564 2450 615 2507 α’
672 2453 878 2523 βιϐλίου
933 2453 1042 2507 τῶν
1082 2455 1432 2522 Βασιλικῶν;
1474 2455 1780 2525 Αίρετικδς,

199 2546 395 2615 φησιν,
431 2547 570 2609 ἐστὶ,
609 2546 705 2598 καὶ
732 2548 845 2609 τοῖς
872 2546 1015 2600 κατὰ
1044 2564 1153 2602 των
1179 2548 1472 2619 αίρετικῶν
1500 2549 1784 2602 ὑπόκειται

198 2639 420 2707 νόμοις,
479 2638 509 2690 ὁ
569 2638 763 2708 μικρὸν
813 2638 944 2706 γοῦν
976 2639 1239 2693 ἐκκλίνων
1260 2642 1358 2710 τῆς
1381 2638 1661 2709 ὀρθοδόξσυ
1694 2640 1784 2694 πί-

202 2747 395 2791 στεως.
468 2730 621 2783 Ἐπεὶ
670 2730 798 2798 γοῦν
828 2731 1028 2795 πάντες
1074 2733 1121 2784 oi
1162 2732 1643 2803 ἀπαριθμηθὲντες
1701 2734 1782 2796 είς

197 2823 298 2891 τὴν
357 2822 640 2893 παροῦσαν
685 2824 974 2894 ἐρώτησιν,
1027 2824 1086 2877 οὐ
1128 2824 1216 2877 διὰ
1274 2825 1493 2895 μικρὸν,
1524 2825 1658 2879 ἀλλὰ
1694 2827 1782 2880 διὰ

202 2916 410 2972 πλάτος
450 2915 595 2983 μέγα
632 2916 725 2967 καὶ
754 2914 1146 2985 δυσδιεξίτητον
1176 2917 1241 2970 ἐκ
1285 2916 1386 2985 τῆς
1418 2917 1529 2968 τῶν
1570 2916 1783 2986 δρθοδό-

204 3007 308 3070 ξων
363 3006 690 3075 Ἐκκλησίας
722 3005 1168 3076 ἀπεξενώθησαν,
1202 3008 1422 3069 πάντως
1454 3008 1575 3061 οὐδὲ
1623 3007 1784 3077 χάριν

202 3099 474 3168 ἀναδοχῆς
524 3100 730 3152 παίδων
782 3100 1175 3168 πνευματικῶν
1234 3100 1667 3170 μεσιτευομένης
1713 3101 1782 3153 δι’

203 3190 375 3257 ἁγίων
407 3190 582 3259 εὐχῶν
611 3191 704 3243 καὶ⁸
727 3191 1082 3261 ἁγιασμᾶιτων
1116 3191 1345 3254 πολλῶν,
1391 3194 1522 3262 ἡμῖν
1555 3209 1778 3260 συγκοι-

204 3284 543 3350 νωνήσουσιν
572 3296 584 3308 ·
624 3282 708 3333 ἵνα
760 3284 834 3351 μὴ
880 3283 975 3335 καὶ
1020 3284 1176 3336 αὐτοὶ
1222 3284 1586 3354 ἀκοινωνησία
1613 3302 1783 3338 κατα-

205 3371 511 3440 κριθῶμεν,
546 3372 688 3424 κατά
714 3372 806 3424 τὸν
837 3372 1055 3435 κανόνα,
1089 3374 1179 3425 τὸν
1206 3372 1453 3440 λέγοντα,
1502 3374 1561 3427 '0
1585 3390 1777 3427 κοινω-

206 3465 311 3516 νῶν
342 3466 714 3537 ἀκοινωνήτῳ,
747 3467 841 3519 καὶ
878 3465 1039 3528 αὐτὸς
1081 3465 1444 3536 ἀκοινώνητός
1472 3467 1639 3519 ἐστιν.

285 3554 491 3624 Ἐρώτ.
554 3557 657 3624 λτ’.
722 3556 1025 3627 Ὀρθόδοξοι
1099 3560 1357 3624 γυναῖκες
1426 3557 1786 3610 συνάπτονται

206 3648 346 3717 τάχα
376 3648 633 3717 γαμικῶς
678 3648 811 3718 μετὰ
844 3649 1198 3720 Σαρακηνῶν,
1232 3648 1265 3718 ἦ
1304 3648 1397 3701 καὶ
1424 3648 1785 3717 αἱρεσιωτῶν,

209 3744 301 3794 καὶ
338 3740 607 3804 θέλουσιν,
642 3741 715 3803 ὡς
746 3740 1147 3811 ὀρθοδοξοῦσαι,
1184 3738 1366 3803 καθὼς
1402 3739 1785 3805 διενίστανται,

212 3832 654 3903 μεταλαμῦέινειν
712 3832 821 3885 τῶν
869 3832 1028 3886 θείων
1075 3832 1467 3902 ἁγιασματων·
1513 3830 1789 3902 ζητοῦμεν

207 3924 296 3977 οὖν
326 3924 389 3977 τὸ
416 3925 664 3993 ποιητέον
695 3924 907 3992 μαθεῖν.

289 4018 489 4073 Ἀπόκ.
534 4018 593 4070 '0
623 4016 661 4069 o'
696 4017 876 4069 κανὼν
913 4017 1011 4085 τῆς
1056 4019 1112 4070 ὲν
1165 4017 1243 4086 τῷ
1275 4016 1529 4086 Τρούλλῳ
1570 4015 1787 4069 συνόδου

208 4112 383 4163 ταῦτα
414 4128 548 4179 φησι
575 4125 589 4138 ·
645 4110 733 4177 Μὴ
769 4108 967 4172 ἐξεῖναι
1007 4108 1285 4178 ὀρθόδοξον
1319 4109 1486 4178 ἄνδρα
1536 4109 1785 4178 αἱρετικῇ

212 4186 581 4257 συνάπτεσθαι
607 4200 843 4269 γυναικὶ,
875 4201 1011 4269 μήτε
1044 4200 1302 4270 αἱρετικῷ
1329 4201 1479 4267 ἀνδρὶ
1509 4197 1790 4267 ὀρθόδοξον

210 4297 446 4360 γυναῖκα
488 4292 907 4358 συζεύγνυσθαι.
964 4290 1105 4343 Ἀλλ’
1148 4292 1195 4341 εἰ
1248 4292 1341 4341 καὶ
1372 4294 1513 4359 φανῇ
1550 4289 1789 4342 τοιοῦτον

213 4385 314 4436 ὑπῦ
334 4399 482 4444 τινος
517 4382 622 4434 τῶν
653 4383 909 4434 ἁπάντων
933 4382 1238 4449 γινόμενον,
1271 4380 1475 4448 ἄκυρον
1500 4381 1591 4432 τὸν
1616 4380 1791 4449 γάμον

212 4472 500 4541 ἡγεῖσθαι,
543 4471 638 4524 καὶ
679 4470 740 4522 τὸ
784 4470 1026 4539 ἄθεσμον
1067 4468 1376 4522 διαλύεσθαι
1432 4469 1790 4524 συνοικέσιον.

194 730 406 775 αφυεις,

1885 618 2061 672 doxus
2090 627 2257 680 esset,
2286 632 2410 671 cum
2448 617 2702 672 haeretica
2728 620 2956 675 muliere
2986 619 3319 688 conjunctus
3354 630 3457 680 est.

1886 710 2112 779 dignum
2148 724 2255 765 non
2295 711 2532 773 censeri,
2565 712 2659 781 qui
2694 711 2747 765 in
2799 712 3007 767 clerum
3042 712 3329 781 allegatur,
3360 712 3464 764 nisi

1886 801 2219 856 domesticos
2259 816 2391 857 suos
2427 817 2620 857 omnes
2650 803 2995 857 Christianos
3046 802 3235 857 fecerit
3278 804 3468 857 ortho-

1889 896 2059 949 doxos
2092 912 2105 948 :
2142 895 2268 963 quia
2308 906 2359 950 et
2396 895 2465 950 ab
2495 896 2875 951 ecclesiastica
2906 903 2991 951 est
3034 906 3275 952 remotus
3313 912 3466 950 com-

1888 986 2170 1051 munione,
2201 995 2387 1056 utpote
2419 987 2512 1057 qui
2541 988 2743 1043 Christi
2772 987 3046 1058 partibus
3101 990 3463 1057 peccatricem

1888 1084 2092 1129 sortem
2127 1078 2490 1144 implexnerit.
2527 1077 2630 1143 Qui
2662 1089 2863 1142 autem,
2896 1079 3195 1133 haarcticns
3220 1094 3343 1132 cum
3375 1095 3467 1132 cs-

1888 1176 1973 1222 set
2017 1168 2086 1221 ab
2139 1168 2509 1231 incunabulis,
2562 1168 2922 1224 orthodoxam
2975 1168 3134 1224 ﬁdem
3176 1170 3465 1239 delegerit,

1886 1256 2031 1328 jure,
2060 1258 2166 1313 nisi
2199 1273 2321 1328 qua:
2346 1257 2503 1327 justa
2537 1272 2707 1313 causa
2747 1259 3032 1329 impediat,
3062 1261 3466 1314 ordinationem

1887 1348 2283 1403 sacerdotalem
2334 1349 2596 1419 consequi
2644 1349 2838 1419 possit.
2882 1349 3022 1414 Quid
3073 1350 3215 1403 enim
3267 1351 3468 1419 (inquit

1888 1453 2119 1507 magnus
2145 1439 2466 1510 Apostolus)
2499 1441 2668 1504 nosti,
2697 1441 2742 1495 si
2794 1440 2969 1495 lidelis
3010 1442 3243 1495 deducat
3275 1442 3468 1494 inﬁde.

1888 1528 1991 1583 lem
2040 1530 2331 1601 conjugem
2372 1530 2440 1584 ad
2486 1531 2687 1585 ﬁdem?
2719 1531 2889 1587 Recte
2933 1533 3120 1602 igitur,
3152 1534 3243 1602 qui
3276 1532 3342 1586 ad
3374 1547 3469 1586 or-

1890 1619 2183 1674 thodoxam
2234 1620 2395 1676 fidem
2450 1624 2598 1676 venit
2644 1624 2713 1677 ab
2761 1623 3144 1679 haereticorum
3200 1624 3469 1692 supersti-

1890 1710 2075 1774 tione,
2135 1712 2457 1767 sacerdorali
2521 1713 2821 1769 secundum
2868 1731 3109 1773 canones
3168 1716 3469 1771 honorctur

1889 1803 2170 1874 dignitate,
2213 1806 2340 1863 licet
2388 1822 2526 1862 uxor
2559 1817 2613 1863 et
2661 1808 2814 1864 liberi
2864 1810 2985 1881 ejus
3033 1811 3322 1867 orthodoxi
3356 1825 3467 1866 non

1811 1889 1855 1949 B
1886 1895 2036 1950 ﬁant.

1956 1988 2157 2042 Interr.
2181 1990 2270 2044 δε.
2298 1991 2379 2043 An
2412 2000 2563 2045 extra
2598 1992 2976 2063 praejudicium
3008 1990 3299 2046 infantium
3344 2005 3468 2045 sus-

1883 2083 2163 2151 ceptiones
2194 2083 2333 2138 fiunt
2372 2098 2403 2137 a
2453 2083 2685 2149 Latinis,
2728 2087 3024 2151 Armeniis,
3058 2084 3465 2148 Blonotheletis,

1884 2173 2253 2237 Nestoriauis,
2301 2183 2354 2231 et
2393 2177 2609 2229 cmtcris
2658 2175 2952 2245 ejusmodi,
2998 2191 3066 2229 an
3116 2176 3297 2245 potius
3342 2173 3468 2227 odio

1883 2265 2108 2333 dignum
2143 2276 2309 2335 atque
2347 2264 2772 2321 detestandum?

1955 2356 2112 2425 Resp.
2140 2356 2342 2412 Thema
2367 2358 2422 2422 2,
2446 2372 2567 2428 cap.
2604 2360 2688 2423 lt),
2724 2358 2807 2412 tit.
2837 2373 2878 2422 ι,
2912 2359 3004 2416 lib.
3040 2359 3461 2415 IBasilicorum:

1886 2448 2204 2517 lla-relictis,
2240 2450 2442 2521 inquit,
2475 2461 2559 2506 εει
2581 2492 2594 2514 ,
2630 2458 2685 2506 ει
2720 2451 2956 2522 legibus,
2990 2468 3110 2522 qua:
3141 2453 3206 2507 de
3250 2454 3466 2508 haereti-

1884 2541 1965 2594 cis
2002 2549 2151 2603 sunt,
2190 2540 2513 2609 subjicitur,
2549 2541 2639 2610 qui
2675 2542 2893 2611 paulum
2929 2542 2996 2597 ab
3026 2542 3332 2597 orthodoxa
3367 2544 3469 2598 title.

1887 2632 2147 2687 declinat.
2178 2632 2313 2686 Cum
2347 2633 2514 2702 igitur
2562 2634 2595 2688 ii
2634 2649 2846 2699 omnes,
2879 2636 2973 2705 qui
3020 2635 3122 2690 hac
3167 2637 3466 2708 interroga-

1885 2725 2035 2778 tione
2061 2725 2365 2779 enumerati
2400 2734 2552 2790 sunt,
2582 2741 2689 2779 non
2722 2742 2913 2795 parvo,
2949 2728 3043 2782 sed
3073 2728 3235 2798 longo
3265 2730 3469 2801 spatio,

1885 2822 1936 2868 et
1968 2816 2110 2884 quod
2156 2815 2374 2870 dillicile
2416 2816 2665 2885 superari
2704 2826 2889 2887 queat,
2924 2818 2992 2872 ab
3036 2820 3468 2875 orthodoxorum

1886 2904 2134 2961 Ευιιυδίὶὶ
2190 2922 2417 2977 prorsus
2464 2909 2767 2964 cxsulent:
2823 2924 2931 2964 non
2980 2914 3468 2967 communicabunt

1888 2999 2174 3053 nobiscum
2217 3001 2450 3068 gratiam
2488 3001 2862 3071 susceptionis
2899 3002 3201 3057 liberorum
3244 3005 3469 3074 spirita-
3507 3000 3510 3003 Α

1889 3089 2045 3151 lium,
2084 3104 2177 3158 per
2210 3104 2399 3144 sacras
2429 3105 2618 3159 preces
2667 3099 2720 3146 et
2757 3092 3226 3163 sanctilicationes
3269 3097 3468 3149 inultas

1890 3179 2279 3237 intercedentis
2317 3198 2330 3235 :
2374 3195 2442 3235 ne
2491 3190 2546 3235 et
2595 3184 3168 3239 excommunicatione
3206 3185 3468 3241 condento

1892 3285 2105 3337 netnur,
2143 3271 2300 3340 juxta
2336 3287 2602 3327 canonem
2634 3274 2929 3339 dicentem,
2965 3276 3066 3342 Qui
3098 3281 3470 3333 communicat

1889 3375 2013 3415 cum
2059 3363 2557 3429 excommunicato,
2587 3374 2672 3419 est
2710 3370 3220 3424 excommunicatus
3248 3380 3300 3424 et
3328 3372 3467 3440 ipse.

1965 3542 2167 3605 lnterr.
2204 3547 2293 3601 '55.
2343 3545 2676 3603 Orthodoxa:
2734 3550 2993 3607 mulieres
3055 3553 3469 3623 conjunguntur

1893 3635 2033 3691 forte
2068 3652 2162 3707 per
2188 3640 2409 3708 nuptias
2444 3656 2568 3693 cum
2604 3640 2896 3697 Saracenis
2931 3646 3011 3699 vel
3044 3645 3337 3708 haereticis,
3372 3663 3469 3701 vo-

1891 3728 2140 3799 luntquc,
2175 3740 2233 3785 ut
2264 3731 2401 3786 bene
2430 3731 2498 3786 de
2531 3732 2633 3786 ﬁde
2664 3734 2980 3802 sentientes,
3006 3736 3470 3804 quemadmodum

1892 3830 2217 3875 constanter
2251 3823 2629 3890 instituerunt,
2665 3828 2957 3896 participes
3000 3826 3117 3884 ﬁert
3156 3828 3468 3883 divinarum

1892 3913 2416 3969 sanctificationum.
2475 3914 2783 3981 Qua-rimus
2836 3919 2965 3986 quid
3021 3919 3327 3972 faciendum
3375 3922 3470 3975 sit.

1970 4002 2121 4073 Resp.
2145 4007 2333 4059 Conon
2355 4007 2422 4061 70
2454 4009 2650 4075 synodi
2678 4008 2730 4062 in
2766 4009 2956 4063 Trullo
2981 4009 3094 4065 hazc
3124 4012 3364 4066 ait:Non
3399 4003 3469 4067 li-

1893 4109 2016 4149 cere
2062 4096 2178 4150 viro
2219 4097 2527 4153 orthodoxe
2571 4114 2693 4153 cum
2744 4101 2973 4155 muliere
3031 4101 3282 4157 literetica
3340 4120 3472 4158 con-

1888 4186 2068 4254 jungi,
2103 4203 2280 4256 neque
2328 4205 2455 4243 vero
2509 4192 2830 4245 orthodoxa:
2878 4208 3003 4247 cum
3055 4195 3174 4247 viro
3214 4194 3471 4263 heretico

1894 4280 2160 4348 copulari.
2194 4280 2298 4336 Sed
2330 4282 2431 4337 etsi
2466 4283 2598 4352 quid
2650 4283 2922 4353 ejusmodi
2953 4286 3021 4339 ab
3057 4287 3168 4340 ullo
3197 4302 3261 4341 ex
3289 4284 3470 4342 οιιιιιὶ-

1896 4372 1998 4426 bus
2036 4371 2242 4427 factum
2287 4377 2619 4444 apparuerit,
2659 4377 2845 4432 irritas
2888 4378 3109 4447 nuptias
3142 4379 3469 4443 existimari,

1894 4475 1948 4519 et
1994 4464 2262 4520 nefarium
2302 4467 2615 4538 conjugium
2652 4469 2874 4523 dissolvi
2916 4488 2929 4524 :
2964 4485 3138 4539 neque
3196 4472 3342 4525 enim
3383 4487 3470 4534 ea,

215 4565 288 4615 Οὐ
322 4566 433 4634 γὰρ
467 4562 573 4632 χρὴ
616 4562 682 4613 τὰ
714 4560 921 4630 ἄμικτα
944 4563 1226 4631 μιγνύναι,
1275 4560 1396 4612 οὐδὲ
1426 4560 1504 4629 τῷ
1530 4561 1783 4631 προϐάτῳ

1898 4572 2017 4626 quae
2062 4572 2170 4611 non
2211 4568 2338 4613 sunt
2386 4561 2684 4625 miscenda,
2729 4561 2980 4627 misceri;
3018 4578 3120 4616 nec
3150 4578 3304 4617 ovem
3345 4577 3471 4617 cum

214 4656 306 4708 τὸν
327 4656 491 4707 λύκον
520 4651 946 4723 συμπλέκεσθαι,
982 4653 1077 4705 καὶ
1100 4654 1163 4722 τῇ
1184 4650 1279 4704 τοῦ
1314 4650 1552 4721 Χριστοῦ
1585 4651 1791 4722 ποίμνῃ

214 4748 304 4800 τὸν
361 4747 473 4799 τῶν
523 4744 863 4815 ἁμαρτωλῶν
906 4742 1129 4815 κλῆρον.
1170 4744 1232 4797 Εἰ
1259 4742 1316 4795 δὲ
1348 4743 1568 4812 παραϐῇ
1604 4759 1687 4805 τις
1722 4744 1792 4797 τὰ

217 4836 348 4907 παρ’
380 4834 540 4905 ήμῶν
564 4834 874 4904 ὁρισθέντα,
911 4833 1275 4903 ἀφοριζέσθω.
1314 4832 1377 4884 Ἡ
1401 4832 1530 4893 γοῦν
1562 4830 1651 4883 διὰ
1692 4830 1791 4901 τὴν

221 4928 461 4995 ἄθεσμον
483 4924 688 4994 ταύτην
714 4923 1000 4977 κοινωνίαν
1035 4923 1173 4993 μετά
1231 4922 1535 4992 αἱρετικοῦ,
1578 4924 1793 4991 ἀφωρι-

219 5019 396 5089 σμένη
427 5016 563 5071 οὖσα
594 5018 690 5069 καὶ
719 5014 1103 5085 ἀκοινώνητος,
1140 5016 1260 5079 πῶς
1304 5017 1413 5068 τῶν
1445 5016 1602 5069 θείων
1630 5016 1798 5082 ἅγια-ο

221 5114 450 5183 σμάτων
489 5108 791 5178 ἀξιωθείη;
822 5108 1042 5171 πάντως
1068 5108 1330 5178 οὐδαμοῦ,
1367 5110 1416 5160 εί
1447 5107 1521 5177 μὴ
1576 5108 1789 5177 ἀποστῇ

218 5205 314 5259 τοῦ
345 5201 546 5266 κακοῦ,
580 5200 675 5256 καὶ
705 5203 1008 5263 κανονικοῖς
1039 5200 1334 5270 ἐπιτιμίοις
1359 5199 1647 5270 διορθωθῇ.

303 5387 507 5457 Ἐρώτ.
585 5384 682 5440 λδ’.
766 5385 924 5447 Τινὲς
1003 5383 1331 5452 γυναικείων
1416 5382 1795 5453 μοναστηρίων

224 5480 572 5553 προεστῶται
602 5478 856 5547 ζητοῦσιν
893 5477 1200 5547 ἐκχώρησιν
1230 5477 1597 5546 ἑπισκοπικὴν
1639 5476 1797 5545 χάριν

228 5575 320 5627 τοῦ
366 5571 623 5643 δέχεσθαι
669 5570 962 5639 λογισμοὺς
1018 5569 1126 5621 τῶν
1172 5567 1264 5620 ὑπ’
1303 5568 1472 5630 αὐτὰς
1522 5568 1793 5637 μοναχῶν.

229 5666 507 5737 Ζητοῦμεν
537 5661 629 5718 οὖν
670 5666 717 5716 εί
750 5665 895 5716 ἔστιν
936 5660 1285 5731 ἐνδεχόμενον
1327 5660 1482 5714 τοῦτο
1517 5660 1793 5726 γενέσθαι.

1899 4651 2048 4721 lupo,
2090 4666 2189 4706 nec
2231 4658 2579 4720 peccatorum
2625 4662 2830 4707 sortem
2889 4668 3011 4708 cum
3062 4653 3266 4709 Chriin
3321 4664 3475 4725 parte

1899 4742 2154 4812 conjungi
2186 4751 2425 4813 oportet.
2481 4744 2539 4798 Si
2584 4745 2709 4814 quis
2751 4753 2931 4801 autem
2969 4760 3055 4809 ea,
3085 4762 3205 4816 qua:
3236 4763 3264 4800 a
3312 4749 3474 4803 nobis

1901 4835 2119 4891 decreta
2161 4849 2311 4902 sunt,
2347 4848 2725 4908 transgressus
2754 4838 2943 4902 fuerit,
2973 4853 3306 4911 scgregetur.
3344 4844 3474 4910 Qua:

1901 4929 2069 4998 igitur
2101 4943 2196 4997 per
2231 4929 2474 4984 illicitam
2514 4930 2657 4984 hanc
2685 4946 2812 4985 cunt
2850 4931 3105 4986 lueretico
3136 4936 3473 4999 societatem,

1898 5003 2259 5075 exterminata
2292 5023 2877 5091 excommunicataque
2902 5030 3017 5088 est,
3050 5039 3285 5093 quonam
3315 5027 3441 5080 mod
3469 5054 3475 5060 -

1905 5113 2196 5167 habebitur
2245 5112 2448 5167 divinis
2500 5113 3031 5172 sanctiﬁcationibus
3083 5117 3281 5186 digna?
3326 5118 3472 5172 nullc

1905 5219 2153 5273 prorsus,
2183 5204 2290 5259 nisi
2336 5220 2367 5259 a
2412 5206 2556 5261 malo
2587 5205 2845 5273 divertat,
2881 5216 2936 5263 et
2968 5210 3252 5265 canonicis
3286 5224 3473 5266 cmen-

1906 5295 2032 5349 data
2064 5296 2135 5349 sit
2165 5295 2628 5351 correctionibus.
3129 5296 3137 5305 ’

1976 5385 2176 5439 Interr.
2215 5386 2304 5441 54.
2345 5386 2606 5453 Quaedam
2636 5388 2987 5446 muliebrium
3012 5394 3474 5449 monasteriorum

1905 5476 2174 5547 praelecta:
2213 5478 2583 5551 episcopalem
2634 5483 2921 5552 requirunt
2969 5484 3182 5539 veniam
3206 5493 3251 5549 τ,
3280 5493 3341 5538 ιιι
3370 5487 3472 5541 sibi

1903 5569 2246 5625 subditarum
2274 5573 2590 5627 monialium
2616 5574 2908 5630 ratiocinia
2932 5586 2952 5613 ³
2970 5576 3291 5645 suscipiant.
3316 5576 3473 5642 ch-

1908 5663 2100 5723 rimus,
2137 5677 2204 5716 an
2249 5664 2381 5720 illud
2423 5665 2635 5720 admitti
2676 5668 2868 5736 possit.

1530 5751 1763 5808 νΑιιιτΕ
1803 5750 2205 5810 LECTIONES.

312 5862 331 5892 π
366 5849 787 5905 vermissiouem.
876 5851 893 5877 ⁵
935 5847 1304 5916 confessiones.

552 5946 821 6005 PA'I'ROL.
871 5944 984 6005 Gn.
1024 5942 1253 6004 CXIX.

3085 5945 3160 6006 34
