4188 6446
240 420 375 486 1073

315 525 510 591 Ἐρώτ.
577 523 687 593 μβἎ
757 525 879 587 Τοῖς

235 622 332 672 τὲα
371 619 520 671 ἐστὶν
571 620 607 689 ἠ
660 620 769 671 τῶν
805 618 965 672 θείων
1003 616 1361 687 ἁγιασματων
1419 614 1741 685 μετάληψις,
1779 615 1812 683 ἢ

234 709 330 776 ob;

317 801 515 855 Ἀπόκ.
553 802 613 856 '0
637 799 810 870 μέγας
834 802 890 853 ἐν
918 798 1231 870 ἀρχιερεῦσι
1252 796 1525 859 Βασίλειος
1556 797 1612 848 ἐν
1627 794 1815 863 διαφὸτ

239 910 352 960 ροις
374 894 598 946 κανόσιν
619 891 784 947 αὑτοῦ
811 892 871 945 οὐ
907 891 1122 945 δίδωσιν
1175 891 1361 945 ἄδειαν
1412 891 1523 951 τοῖς
1593 886 1819 956 πορνεύ-

234 999 357 1036 ουσι
382 982 493 1036 τῶν
531 982 692 1036 θείων
723 981 1084 1051 ἁγιασμάτων
1134 976 1598 1050 μεταλαμϐάνειν.
1644 975 1733 1028 Ἐν
1761 974 1818 1028 δὲ

237 1073 315 1143 τῷ
358 1081 413 1128 π’
465 1077 651 1128 κανόνι
706 1072 873 1127 αὑτοῦ
927 1071 1244 1142 διορίζεται,
1274 1070 1374 1138 τὴν
1426 1067 1817 1138 πορνεύουσαν,

237 1170 557 1221 ἀποστᾶσαν
588 1170 685 1237 τῆς
714 1167 991 1236 πορνείας,
1025 1166 1099 1235 μὴ
1136 1162 1489 1228 ἀπεντεῠθεν,
1511 1160 1647 1215 ἀλλὰ
1681 1161 1820 1231 μετὰ

235 1259 481 1331 τριετίαν
501 1260 610 1313 τῶν
633 1258 793 1313 θείων
817 1256 1175 1327 ἁγιασμάτων
1200 1255 1655 1327 μεταλαμϐάνειν.

323 1351 526 1419 Ἕρώτ.
588 1350 700 1423 μγ’.
776 1352 842 1405 Ἦ
911 1350 1285 1421 συμπενθερία
1341 1349 1451 1401 τῶν
1513 1349 1817 1401 συντέχνων

243 1443 407 1513 μέχρι
437 1444 605 1496 πόσου
639 1442 850 1514 βαθμοῦ
876 1442 1143 1496 κωλύεται
1170 1458 1183 1506 ;

310 1532 521 1585 Ἀπόκ.
567 1532 625 1584 '0
656 1533 755 1600 μὲν
790 1530 871 1600 νγ⁰
898 1532 1081 1586 κανὼν
1110 1531 1207 1599 τῆς
1248 1531 1306 1583 ὲν
1334 1528 1411 1599 τῷ
1440 1528 1694 1600 Τρούλλῳ
1729 1528 1821 1582 τοῦ

242 1624 483 1693 μεγάλου
514 1624 784 1679 παλατίου
817 1626 1090 1693 συστάσης
1119 1623 1281 1691 ἁγίας
1311 1622 1405 1675 καὶ
1436 1621 1823 1691 οἰκουμενικῆς

242 1715 462 1769 συνόδου
500 1716 720 1781 κολάζει
758 1716 882 1779 τοὺς
911 1716 1206 1785 ἀναδόχους
1253 1714 1623 1768 συνάπτεσθαι
1656 1730 1825 1782 γαμι-

241 1808 356 1871 κῶς
394 1809 517 1871 ui;
558 1808 800 1879 μητράσι
851 1807 961 1860 τῶν
1008 1810 1073 1861 ὲκ
1114 1807 1208 1860 τοῦ
1259 1806 1417 1874 ἁγίου
1450 1806 1822 1877 βαπτίσματος

242 1898 652 1968 ἀναδεχθέντων
714 1898 945 1953 παίδων.
1020 1900 1130 1953 Καὶ
1182 1896 1323 1967 μετὰ
1371 1898 1674 1951 ἀπόστασιν
1732 1896 1824 1950 τοῦ

241 1990 442 2054 κακοῦ,
494 1990 901 2044 καθυποόαλλει
933 1992 1303 2061 πορνευόντων
1338 1990 1620 2059 ἐπιτιμίῳ.
1662 1989 1736 2043 Τὸ
1771 1989 1826 2043 δὲ

238 2082 553 2136 τελευταῖον
588 2083 870 2151 θέσπισμα
914 2082 1007 2135 τοῦ
1037 2080 1067 2135 ι’
1100 2082 1393 2149 κεφαλαίου
1434 2081 1528 2134 τοῦ
1578 2080 1619 2133 ε’
1648 2082 1826 2134 τίτλου

238 2176 334 2230 τοῦ
367 2183 453 2245 κη’
492 2177 701 2247 βιϐλίου
731 2176 837 2231 τῶν
864 2174 1173 2230 Βασιλικῶν
1204 2175 1295 2227 ἐπὶ
1328 2173 1492 2228 πλέον
1526 2175 1828 2227 ἐπεκτείνει

239 2270 341 2339 τὴν
366 2268 611 2322 κόλασιν.
647 2270 768 2321 Ὀτι
790 2268 845 2321 δὲ
866 2269 960 2321 καὶ¹
979 2270 1006 2321 ό
1025 2267 1285 2337 δηλωθεὶς
1318 2266 1498 2321 κανὼν
1525 2267 1618 2320 καὶ
1650 2267 1677 2319 ό
1711 2266 1828 2319 δια-

240 2362 471 2430 ληφθεὶς
500 2361 665 2431 νόμος
704 2360 927 2430 μείζονα
953 2360 1051 2429 τὴν
1084 2358 1225 2411 κατὰ
1254 2357 1470 2428 πνεῦμα
1508 2358 1827 2425 συγγένειαν

240 2456 460 2523 λέγουσι
488 2456 590 2521 τῆς
624 2451 943 2522 σωματικῆς
968 2450 1284 2520 συναφείας,
1310 2450 1499 2517 γέγονε
1534 2450 1828 2519 σημείωμα

242 2547 524 2601 συνοδικὸν
554 2546 646 2599 ἐπὶ
671 2545 765 2599 τοῦ
793 2544 1124 2612 ἀγιωτὰτου.
1170 2544 1413 2602 Ἐκείνου
1448 2542 1827 2612 παρτριάρχου

240 2638 436 2707 κυρίου
473 2635 770 2698 Νικολάου,
799 2634 941 2689 κατὰ
979 2635 1126 2705 μῆνα
1147 2635 1321 2688 Μαΐου
1350 2633 1450 2702 τῆς
1482 2630 1543 2684 ιε’
1571 2633 1831 2705 ἐπινεμή-

244 2747 405 2794 σεωῖ·
437 2730 531 2783 ἐπὶ
588 2732 859 2799 ἐρωτήσει
908 2728 1002 2781 τοῦ
1058 2728 1365 2798 ὑπερτίμου
1396 2726 1605 2781 ἐκείνου
1638 2730 1828 2798 κυρίου

243 2822 548 2891 Γρηγορίου
577 2821 671 2873 τοῦ
694 2819 893 2890 Ξηροῦ,
933 2819 1302 2889 διοριζόμενον
1330 2824 1441 2885 τοῖς
1472 2824 1654 2883 αὐτοῖς
1684 2823 1831 2889 ὅροις

244 2909 644 2977 ουσιρίγγεσθαι
694 2910 788 2963 καὶ
839 2908 1222 2975 ὑοατλοῦσθαι
1258 2910 1351 2979 τὴν
1373 2911 1462 2964 διὰ
1493 2912 1593 2981 τῆς
1638 2929 1829 2964 συντε-

244 3020 273 3053 κ
315 3000 400 3063 ίας
428 3004 706 3054 συστᾶσαν
752 3001 1132 3071 πνευματικὴν
1175 3002 1516 3070 συγγένειαν,
1546 2998 1626 3066 οἷς
1652 3003 1746 3056 καὶ
1774 3003 1828 3054 αί

246 3095 559 3162 σωματικαὶ
585 3094 896 3160 συγγένειαι
918 3093 1343 3164 περιορίζονται.

329 3184 531 3253 Ἐρώτ.
584 3184 688 3254 μδ’.
743 3183 808 3237 Ἦ
868 3185 1022 3255 χώρα
1057 3186 1170 3237 τῶν
1249 3185 1642 3255 Ἀλεξανδρέων
1701 3185 1831 3239 πολ-
1862 3192 1908 3255 C

244 3276 363 3337 λαῖς
419 3276 650 3345 μυριάσι
708 3277 1202 3346 γενεαλογουμὲνη,
1260 3278 1357 3330 καὶ
1427 3276 1829 3348 πληθυνομένη,

243 3367 544 3436 ὁρθοδὸξων
602 3368 1089 3436 Χριστιανῶν......
1144 3368 1415 3437 ζητοῦμεν
1461 3365 1556 3422 οὖν
1617 3370 1830 3437 μαθεῖν,

245 3463 292 3512 εί
347 3460 563 3527 ὶφεῖται
619 3458 716 3511 καὶ
764 3460 913 3521 two;
960 3458 1053 3512 τοῦ
1109 3458 1163 3524 ς’
1208 3459 1417 3528 βαθμοῦ
1482 3461 1835 3531 συνάλλαγμα

244 3551 496 3615 γίνεσθαι
555 3548 820 3617 γαμικὸν,
880 3548 969 3601 διὰ
1008 3547 1106 3620 τὴν
1155 3550 1403 3619 ἀνάγκην
1449 3550 1546 3603 τοῦ
1577 3552 1835 3622 πραγμα-

245 3659 335 3697 τος
342 3682 356 3695 .

327 3736 525 3790 Ἀπόκ.
563 3735 626 3787 Oi
656 3733 787 3788 θεῖοι
816 3732 912 3786 καὶ
944 3732 1075 3802 ἱεροὶ
1108 3734 1332 3796 κανόνες
1367 3735 1459 3787 καὶ
1487 3734 1639 3803 νόμοι
1674 3736 1836 3805 χάριν

243 3829 349 3882 τῶν
386 3828 644 3897 γαμικῶν
700 3826 1163 3897 συναλλαγμάτων
1216 3828 1275 3877 ἐν
1332 3829 1497 3881 πᾶσιν
1529 3828 1835 3900 ὁμοζρονή-

246 3937 462 3982 σαντες,
491 3922 585 3972 καὶ
634 3919 948 3989 θεαρέστοις
1000 3918 1355 3988 σχοινίσμασι
1403 3920 1499 3973 καὶ
1540 3921 1836 3990 διδάγμασι

245 4014 313 4065 τὰ
336 4011 557 4079 γαμικὰ
599 4012 1011 4081 περιορίσαντες
1053 4012 1500 4080 συναλλάγματα,
1530 4013 1589 4076 ἐξ
1628 4015 1840 4083 οἱουδήο

244 4120 393 4163 τινος
416 4102 626 4171 τρόπου
662 4100 900 4166 ἐξελθεῖν
940 4100 1116 4154 ταῦτα
1156 4101 1256 4153 οὐκ
1301 4100 1650 4172 ἐξεχώρησαν
1676 4120 1689 4132 ο
1723 4103 1838 4156 ἀλλ’

248 4194 339 4244 ἐπὶ
378 4193 477 4260 μὲν
504 4192 612 4244 τῶν
661 4192 923 4245 ἀνιόντων
973 4191 1066 4245 καὶ
1106 4192 1405 4245 κατιόντων
1444 4195 1544 4262 τὴν
1592 4195 1840 4266 γαμικὴν

249 4285 553 4352 συνάφειαν
585 4282 977 4353 κεκωλυμένην
1007 4278 1148 4336 εἶναι
1177 4285 1460 4347 παντελῶς
1491 4286 1835 4355 διωρίσαντο’

247 4376 356 4429 τῶν
387 4378 452 4429 ἐκ
490 4376 722 4443 πλαγίου
774 4374 963 4446 δὲτὴν
1006 4376 1333 4442 συγγένειαν
1368 4376 1565 4446 μέχρις
1609 4378 1839 4448 ἑϐδόμου

250 4467 463 4535 βαθμοῦ
524 4466 752 4529 δικαίως
810 4465 1279 4537 ἐστενοχὼρησαν.
1329 4467 1439 4534 Τὴν
1481 4467 1537 4521 δὲ
1574 4468 1634 4532 ἐξ
1676 4471 1837 4539 ἀγχι-

250 4558 458 4618 στείας,
496 4557 617 4626 ἦτοι
678 4553 1106 4625 συμπενθερίας,
1156 4555 1498 4623 συγγένειαν,
1550 4560 1690 4609 κατὰ
1742 4559 1833 4611 τὸν

246 4649 406 4701 ἕκτον
425 4648 634 4717 βαθμὸν
657 4648 957 4703 ἀπέλυσαν.
986 4646 1291 4715 Ὀφείλουσι
1306 4647 1437 4716 γοῦν
1459 4648 1553 4702 καὶ
1582 4651 1633 4702 0i
1655 4649 1834 4717 Ἀλεξ-

246 4740 461 4809 ανδρείς
506 4738 649 4792 οὕτω
683 4738 942 4809 γαμικῶς
990 4740 1396 4804 συναλλάττειν,
1436 4742 1530 4794 καὶ
1575 4744 1676 4811 τὴν
1714 4761 1835 4797 στε-

246 4829 516 4899 νοχωρίαν
549 4829 660 4881 τῶν
714 4827 1010 4894 ὀρθοδόξων
1040 4830 1383 4899 Χριστιανῶν
1427 4834 1506 4895 είς
1555 4834 1832 4903 ἁμαρτίας

245 4919 527 4989 δικαίωμα
574 4919 653 4990 μὴ
678 4918 1093 4990 προϐάλλεσθαι.
1127 4922 1600 4991 Διασπασθήσεται
1638 4924 1747 4994 γὰρ
1775 4924 1837 4978 τὸ

246 5013 400 5083 παρὰ
424 5010 600 5065 ταῦτα
629 5012 994 5082 γενησόμενον
1025 5012 1359 5065 συνοικέσιον
1393 5029 1407 5044 ·
1437 5016 1528 5068 καὶ
1553 5017 1835 5085 μοιχευόν-

245 5120 355 5159 των
393 5104 695 5174 ἐπιτιμίοις
725 5104 777 5157 οἱ
812 5104 875 5159 τὸ
897 5104 1158 5174 ἀθέμιτον
1188 5090 1646 5172 ἠσυναλλάξαντες
1693 5110 1833 5163 καθ-

246 5196 754 5267 υτοοόληθήσονται.
802 5196 958 5249 Ἐπεὶ
985 5195 1043 5249 δὲ
1081 5195 1177 5250 καὶ
1226 5196 1336 5249 ἀπὸ
1384 5196 1479 5250 τοῦ
1514 5197 1681 5269 τόμου
1737 5198 1833 5253 τοῦ

245 5289 562 5356 ἀγιωτὰτου
591 5288 933 5359 πατριάρχου
968 5286 1180 5340 ἐκείνου
1217 5288 1412 5357 κυρίου
1444 5288 1707 5342 Σισιννίου
1739 5289 1834 5343 δύο

250 5378 461 5448 πρῶτοι
491 5376 779 5448 ἑξάδελφοι
828 5376 924 5431 δύο
968 5376 1207 5447 ἀδελφὰς
1252 5377 1315 5430 οὐ
1341 5376 1703 5447 λαμϐάνουσι,
1738 5381 1833 5435 καὶ

248 5469 448 5534 ταῦτα,
479 5469 577 5523 τοῦ
629 5470 1081 5541 συναλλάγματος
1116 5471 1455 5541 ἀναγομένου
1480 5473 1561 5533 είς
1588 5473 1746 5526 ἕκτον
1774 5472 1834 5538 ἐξ

251 5563 569 5630 ἀγχιστείας
604 5560 833 5631 βαθμὸν,
864 5562 955 5616 ἔσο
991 5564 1087 5617 καὶ
1112 5563 1182 5615 τὰ
1216 5562 1342 5633 περὶ
1402 5562 1594 5616 τούτου
1631 5564 1787 5628 εἰδώς
1814 5581 1827 5596 ·

254 5652 338 5703 ἵνα
371 5651 449 5723 μὴ
475 5656 617 5707 κατα
636 5654 810 5726 λήθην
842 5654 915 5726 τῷ
944 5655 1039 5725 τῆς
1062 5654 1391 5724 Ἐκκλησίας
1415 5653 1525 5708 ἔθει
1559 5654 1834 5725 ψυχοϐλαο

253 5743 363 5807 θῶς
383 5746 736 5817 ὲναντιωθῇς.

1514 413 1784 475 ΟΠᾸΞΕΟ
1822 410 2225 470 BOMANUM.

952 523 1443 592 παλλακευομὲνοις
1520 539 1804 591 συγχωρη-
1844 527 1880 577 ..\

3371 401 3505 463 1074

1983 518 2179 573 Interr.
2222 518 2308 572 .52.
2342 518 2397 573 In
2419 517 2787 572 concubinatu
2817 515 3107 585 agentibus
3140 511 3503 581 permittenda

1918 622 2002 665 est
2027 612 2336 665 divinarum
2364 610 2862 665 sanctiﬁcationqu
2890 606 3260 678 participatio,
3293 619 3463 659 necnc
3485 605 3507 655 ’ἰ

1991 790 2143 860 Resp.
2184 790 2415 862 Magnus
2459 790 2511 845 in
2545 788 2886 844 antistitibus
2928 787 3185 851 Basilius,
3247 787 3300 841 in
3338 788 3511 842 variis

1921 882 2229 939 canonibus
2257 882 2373 937 suis
2404 896 2512 937 non
2540 880 2633 935 dat
2663 878 3035 935 scortantihus
3064 878 3339 933 licentiam
3371 878 3507 931 div:-

1922 987 2021 1028 nas
2049 973 2514 1029 sanctiﬁcationes
2540 968 2879 1027 assumendi.
2915 967 2971 1021 In
2995 968 3268 1037 80;autem
3295 983 3507 1022 canone

1922 1062 2134 1128 definit,
2182 1063 2589 1126 scortatricem,
2624 1078 2745 1131 quze
2791 1076 2821 1115 a
2853 1060 3189 1116 scortatione
3231 1060 3505 1123 discessit,

1925 1169 2033 1208 non
2071 1153 2287 1215 exinde,
2312 1153 2407 1208 sed
2445 1159 2571 1222 post
2597 1151 2917 1218 triennium,
2954 1152 3267 1205 divinarum
3300 1151 3506 1205 sancti-

1926 1243 2243 1297 ﬁcationum
2273 1242 2603 1312 participem
2641 1241 2781 1295 ﬁeri.

1997 1333 2196 1389 lnlerr.
2247 1336 2339 1389 45.
2370 1334 2777 1389 Consoceratus
2806 1342 3155 1402 compatrum
3181 1332 3246 1387 ad
3278 1340 3507 1402 quotum

1926 1444 2100 1497 usque
2137 1427 2364 1499 gradum
2405 1424 2778 1495 prohibetur?

1995 1518 2150 1588 Resp.
2222 1516 2410 1572 Canon
2471 1517 2690 1587 quidem
2735 1515 3221 1586 quinquagesimns
3278 1522 3510 1582 quartus

1928 1623 2130 1667 sanctae
2152 1622 2206 1665 et
2237 1612 2589 1666 mcumenicaa
2619 1609 2838 1680 synodi,
2865 1609 2917 1661 in
2938 1607 3125 1661 'l‘rullo
3144 1608 3321 1676 magni
3357 1606 3510 1675 pala-

1930 1704 1987 1757 tii
2020 1715 2243 1766 coacne,
2288 1712 2431 1756 vetat
2474 1712 2826 1771 susceptores
2866 1700 3141 1754 connubio
3183 1698 3332 1768 jungi
3382 1711 3506 1751 cum

1931 1794 2198 1849 matribus
2238 1794 2527 1848 infantium
2562 1809 2592 1849 θ
2629 1803 2821 1847 sancto
2847 1793 3063 1846 lavacro
3094 1803 3504 1860 susceptorum,

1928 1896 1981 1942 ct
2018 1896 2136 1957 post
2192 1886 2589 1941 discessionem
2624 1901 2653 1938 a
2688 1885 2854 1951 maio,
2898 1884 3116 1953 subjicit
3145 1886 3506 1938 scortantium

1931 1994 2123 2048 pmntc.
2153 1978 2388 2034 Ultimus
2423 1988 2603 2032 autem
2648 1978 2955 2032 versiculus
3002 1977 3068 2030 ll)
3098 1992 3147 2031 c.
3190 1976 3244 2040 5,
3291 1976 3372 2030 tit.
3412 1977 3504 2041 28,

1931 2067 2072 2122 libro
2123 2067 2423 2131 Basilicwv,
2468 2068 2697 2124 alterius
2727 2068 3064 2138 punitionem
3095 2067 3357 2122 extendit.
3402 2067 3510 2121 Sed

1931 2161 2194 2230 quoniam
2231 2170 2283 2215 et
2328 2159 2641 2213 declaratus
2672 2174 2875 2230 canon,
2911 2166 2965 2213 et
2998 2175 3161 2230 supra
3194 2161 3393 2230 si-ripta
3427 2161 3454 2213 l4
3478 2177 3508 2213 ι

1931 2250 2234 2319 spiritalem
2262 2249 2645 2318 cognationem
2668 2250 2855 2303 dicunt
2875 2253 3133 2317 majorem
3163 2250 3507 2319 conjunctio-

1932 2355 2004 2395 ne
2058 2339 2332 2408 corporali
2388 2356 2401 2391 :
2464 2338 2604 2394 facta
2660 2338 2761 2391 fuit
2788 2340 3051 2410 syninlica
3099 2340 3508 2408 subnotationo,

1930 2440 2177 2501 tempore
2210 2431 2552 2486 sanctissimi
2580 2432 2727 2486 illius
2754 2431 3098 2499 patriarchae,
3122 2432 3326 2486 domini
3350 2432 3512 2486 Nico-

1932 2525 2027 2585 lai,
2060 2538 2248 2577 mense
2283 2522 2446 2588 Maio,
2496 2523 2898 2593 decimaqninta
2938 2525 3261 2587 indictione,
3320 2524 3385 2577 ad
3434 2527 3513 2579 in-

1932 2616 2356 2686 terrogationem
2420 2633 2679 2685 perquam
2732 2618 3036 2692 honorandi
3093 2618 3240 2674 illius
3299 2619 3510 2673 domini

1930 2706 2181 2778 Gregorii
2212 2707 2365 2775 Xeri,
2400 2709 2669 2765 deﬁniens
2705 2710 2898 2763 iisdem
2932 2712 3232 2781 constringi
3267 2720 3322 2765 et
3348 2714 3516 2784 expli-

1929 2804 2043 2857 cari
2075 2805 2328 2859 terminis
2355 2805 2383 2843 h
2409 2804 2731 2872 Spiritalcm,
2757 2818 2877 2871 quae
2902 2806 3512 2873 percompaternitatem

1931 2897 2296 2961 contrahitur,
2316 2897 2695 2966 cognationem
2721 2915 2735 2962 ;
2760 2897 2957 2967 quibus
2974 2899 3288 2967 corporales
3314 2914 3515 2969 cogna.

1935 2990 2117 3045 tiones
2148 2990 2703 3045 circumscribuntur.

2010 3175 2207 3228 Inlerr.
2234 3174 2323 3228 iii.
2358 3173 2851 3228 Alexandrinorum
2890 3176 3038 3246 regio
3072 3176 3258 3230 multis
3292 3192 3516 3246 genera-

1940 3268 2149 3320 tionum
2209 3267 2549 3337 myriadibus
2610 3269 2873 3336 populosa
2941 3279 3027 3322 est
3069 3276 3123 3322 et
3166 3270 3516 3339 ampliﬁcata,

1935 3357 2271 3414 Christianis
2302 3368 2481 3412 autem
2517 3360 2845 3415 orthodoxis
2887 3370 3266 3426 coangustata.
3309 3362 3520 3427 Quaeri-

1938 3465 2060 3503 mus
2088 3466 2219 3520 ergo
2264 3452 2503 3514 discere,
2546 3466 2613 3504 an
2648 3450 2979 3521 permissum
3017 3453 3089 3507 sit
3118 3462 3171 3506 et
3210 3452 3357 3509 intra
3394 3469 3522 3510 sex—

1940 3552 2054 3597 tum
2080 3544 2309 3611 gradum
2334 3547 2554 3617 nuptias
2592 3548 2943 3611 contrahere,
2980 3554 3201 3617 prorter
3228 3549 3305 3602 rei
3331 3564 3523 3605 neces-

1940 3637 2186 3692 sitatem.

2019 3729 2171 3796 Resp.
2208 3730 2382 3784 Dirini
2401 3740 2455 3785 et
2482 3732 2622 3786 sacri
2643 3745 2905 3792 canones,
2924 3739 2979 3785 ct
3002 3730 3167 3800 leges,
3192 3734 3516 3803 nuptialium

1939 3830 2323 3876 contracluum
2374 3836 2540 3876 causa
2595 3820 2647 3873 in
2689 3821 2946 3875 omnibus
2993 3822 3423 3889 consentientes,
3464 3834 3519 3878 et

1942 3920 2050 3973 Deo
2082 3919 2249 3988 gratis
2283 3919 2584 3973 intervallis
2608 3927 2659 3971 et
2684 3920 2966 3985 praeceptis
3003 3917 3272 3987 nuptiales
3300 3933 3519 3974 contra-

1941 4021 2065 4067 ctus
2094 4010 2635 4075 circumscribentes,
2673 4010 2824 4064 nullo
2864 4011 3023 4065 modo
3063 4025 3127 4064 ea
3155 4011 3339 4079 egredi
3376 4013 3520 4068 sive-

1944 4112 2069 4158 runt
2097 4122 2110 4157 :
2134 4104 2226 4159 sed
2250 4106 2390 4157 inter
2415 4103 2774 4157 ascendentes
2804 4104 3022 4171 quidem
3049 4115 3102 4158 et
3124 4103 3525 4161 descendentes

1942 4193 2243 4263 nuptialem
2305 4193 2557 4262 copulam
2623 4191 2948 4261 prohibitam
2996 4208 3120 4248 csse
3169 4192 3519 4249 deﬁnierunt.

1947 4283 2144 4338 Eorum
2179 4294 2382 4346 autem,
2406 4284 2499 4352 qui
2530 4293 2653 4338 sunt
2676 4299 2741 4338 ex
2767 4295 3099 4349 transverso,
3138 4289 3522 4355 cognationem

1944 4378 2012 4432 ad
2053 4377 2346 4445 septimum
2389 4392 2563 4445 usque
2602 4377 2830 4446 gradum
2871 4377 2997 4446 jure
3048 4389 3517 4448 coangustarunt:

1943 4470 2326 4537 cognationem
2353 4483 2502 4531 vero,
2537 4483 2658 4538 qua:
2688 4483 2785 4536 per
2822 4468 3159 4534 aliinitatem,
3198 4472 3278 4525 vel
3321 4485 3522 4526 conso-

1942 4573 2188 4620 ceratum
2220 4564 2570 4627 conciliatur,
2609 4572 2733 4634 post
2761 4568 2975 4619 sextum
3004 4562 3230 4632 gradum
3265 4563 3523 4619 obsolue-

1943 4664 2092 4711 runt.
2132 4654 2340 4709 Debent
2369 4654 2537 4724 igitur
2567 4663 2621 4710 et
2654 4654 3008 4708 Alexandrini
3043 4655 3261 4723 nuptias
3294 4656 3347 4709 in
3380 4656 3525 4713 hunc

1944 4746 2165 4800 modum
2216 4746 2568 4810 contrahere,
2623 4756 2678 4799 et
2722 4745 3049 4814 paucitatem
3091 4747 3522 4801 orthodosorum

1940 4837 2386 4893 Christianorum
2426 4838 2492 4891 ad
2524 4837 3203 4908 peccatijustilicationem
3244 4852 3354 4892 non
3395 4854 3526 4908 pro-

1944 4946 2166 4998 ponere.
2206 4928 2542 4983 Distrahitur
2578 4943 2732 4999 ergo,
2769 4929 2915 4997 quod
2952 4936 3146 4997 praeter
3177 4928 3290 4982 haec
3320 4928 3524 4983 factum

1943 5023 2131 5086 fuerit,
2182 5021 2553 5091 conjugium;
2608 5030 2667 5076 et
2720 5019 3115 5074 mmchantium
3176 5019 3375 5084 pcenis,
3427 5018 3526 5090 qui

1942 5112 2193 5167 illicitum
2248 5110 2644 5177 contraxerint,
2698 5108 3086 5180 suhjicientur.
3141 5107 3281 5175 Quia
3338 5117 3522 5164 autem

1941 5202 2282 5260 sanctissimi
2306 5203 2475 5258 etiam
2501 5202 2830 5271 patriarcha:
2854 5200 3029 5264 illius,
3051 5198 3259 5255 domini
3293 5198 3521 5255 Sisinnii

1939 5294 2224 5354 decisione
2247 5340 2261 5363 ,
2294 5297 2407 5352 duo
2445 5296 2723 5366 patrueles
2762 5308 2863 5350 seu
2906 5293 3249 5357 consobrini,
3301 5309 3525 5351 sorores

1940 5389 2080 5444 duas
2109 5405 2216 5444 non
2256 5387 2559 5458 accipiunt,
2592 5393 2647 5441 ct
2679 5386 2815 5452 hac,
2849 5394 3137 5442 contractu
3175 5384 3413 5441 deducto
3453 5385 3521 5440 ad

1942 5490 2154 5535 sextum
2197 5478 2478 5532 atlinitatis
2513 5476 2767 5548 gradum,
2801 5474 2975 5540 disce,
3000 5488 3123 5545 quae
3162 5474 3215 5527 in
3251 5489 3315 5529 ea
3346 5474 3525 5529 conti-

1940 5575 2175 5623 nentur:
2216 5583 2304 5631 ne,
2338 5583 2434 5637 per
2458 5567 2811 5629 oblivionem,
2849 5565 3106 5620 Ecclesia:
3136 5565 3521 5621 consuetudini

1943 5678 2068 5715 cum
2108 5661 2304 5716 anima:
2335 5662 2664 5717 detrimento
2698 5659 3025 5715 adrerscris.

1556 5841 1786 5897 ΥᾹΙΗεΕ
1832 5841 2234 5899 LECI'IONES.

342 5933 369 5973 ὕ
388 5934 601 5986 extendi
633 5932 849 6001 limbus.
