4188 6446
692 467 711 529 1
723 469 828 531 υ79

1972 479 2108 539 JUS
2144 479 2586 541 CANONICUM

3797 482 3935 545 1030

688 600 799 637 rem
861 594 1218 642 consecratus
1276 589 1367 651 sit,
1420 604 1521 645 nos
1576 590 1806 647 aliorum
1850 594 1916 648 ad
1940 611 2101 666 opera
2157 614 2254 652 usu

2365 600 2632 669 ἀτιμίας;
2678 600 2743 651 Ἦ
2768 599 2883 662 πῶς
2913 600 2975 653 ού
3022 600 3299 663 παντελῶς
3353 601 3726 669 άσυνείδητον,
3795 603 3938 655 ἑπτὰ

687 686 974 730 contentos
1003 692 1109 731 non
1142 692 1288 745 esse,
1325 695 1502 751 neque
1551 682 1701 737 illum
1738 685 1967 742 Domino
1992 688 2255 745 eximium

686 780 737 820 et
769 769 1086 824 inviolatum
1122 786 1453 829 conservare
1491 792 1503 828 :
1547 774 1639 830 sed
1671 776 1845 846 ipsum
1876 781 2039 835 etiam
2072 783 2258 853 vulga-

690 876 801 912 rem
850 861 1049 924 facere,
1084 864 1395 935 nostrisque
1423 866 1684 934 operibus
1719 871 2102 939 applicandum
2160 890 2260 945 pu-

689 962 825 1013 tarv',
860 952 1139 1021 religionis
1167 971 1275 1010 non
1306 966 1389 1011 est
1416 972 1643 1026 prorsus
1674 959 1987 1016 dissolutas?
2012 962 2260 1032 Quapro-

690 1053 807 1108 pter
838 1044 1074 1102 dicimus
1107 1056 1161 1102 et
1186 1062 1306 1113 nos,
1338 1050 1484 1104 omni
1521 1052 1844 1121 operatione
1874 1055 2259 1124 (quemadmo-

686 1132 817 1186 dum
855 1133 1059 1190 dictum
1105 1141 1207 1206 est)
1269 1151 1522 1197 cessante
1542 1143 1593 1208 ιι,
1642 1159 1766 1199 cum
1813 1154 1867 1200 et
1925 1146 2026 1214 ipsi
2063 1150 2257 1204 rustici

687 1225 1057 1293 negotientur,
1091 1236 1145 1282 et
1177 1230 1436 1286 omnibus
1471 1234 1683 1290 coactis
1719 1236 1926 1290 versari
1989 1237 2045 1291 in
2080 1240 2257 1294 eccle-

685 1319 807 1381 siis,
832 1329 883 1372 et
917 1320 1225 1389 gloriﬁcare
1257 1326 1438 1391 potius
1468 1324 1633 1380 Deum
1670 1326 1758 1381 die
1789 1326 2255 1400 Doininico,quod

686 1407 873 1463 ﬁdeles
914 1410 1007 1479 qui
1041 1427 1253 1476 sumus,
1287 1414 1341 1468 in
1388 1431 1450 1469 ea
1484 1416 1783 1473 viderimus
1814 1418 2043 1488 iustitia:
2074 1422 2254 1479 Solem

684 1500 1091 1569 resplenduisse
1132 1504 1173 1556 ί.
1216 1504 1407 1575 Neque
1455 1507 1617 1575 igitur
1641 1509 1734 1577 qui
1775 1509 2095 1566 balneorum
2121 1529 2260 1584 prae-

683 1592 936 1646 censoria
976 1592 1301 1663 lavacraque
1319 1607 1370 1650 et
1400 1597 1601 1667 reliqua
1623 1598 1854 1667 faciunt,
1874 1601 1958 1657 his
1978 1604 2259 1660 ministra-

682 1680 839 1741 bunt.
874 1698 1052 1752 neque
1085 1685 1257 1740 ﬁdelis
1296 1688 1437 1743 ullus
1471 1689 1683 1743 veniam
1708 1692 2041 1759 ruerebitur,
2075 1695 2257 1763 quiab

682 1772 931 1827 oratione
966 1775 1273 1840 abstinens,
1326 1786 1382 1831 et
1425 1793 1454 1832 a
1489 1780 1719 1835 multum
1769 1783 2111 1838 celebrandis
2142 1786 2259 1855 glo—

682 1861 1080 1919 rilicationibus
1162 1869 1729 1942 praceptioniliusque
1809 1873 1914 1928 diei
1986 1873 2255 1931 Dominici

2363 689 2587 760 ἡμερῶν
2616 689 2808 753 ούσῶν,
2848 682 2922 744 ὧν
2955 691 3053 761 μία
3112 693 3190 753 εἰς
3220 693 3553 763 Δεσποτικὴν
3588 692 3758 763 τιμὴν
3791 693 3940 744 ἀνεί·

2361 799 2471 845 ται,
2516 783 2588 852 μὴ
2640 782 2922 853 ἀρκεῖσθαι
2985 784 3129 853 ἡμᾶς
3186 786 3307 845 ταῖς
3350 784 3408 848 ἒξ
3452 785 3941 852 ἅποκεχρημὲνους

2362 876 2442 936 εἰς
2505 873 2683 945 ἔργον,
2732 874 2825 927 καὶ
2879 875 3239 949 ἀναφαίρετον
3294 874 3372 945 τῷ
3422 876 3668 945 Δεσπότῃ
3720 874 3939 942 ἐκείνην

2362 968 2553 1035 τηρεῖν
2579 985 2593 998 ο
2628 966 2763 1020 ἀλλὰ
2814 967 2908 1020 καὶ
2953 967 3158 1038 ταύτην
3210 966 3653 1030 κοινοποιεῖσθαι,
3701 967 3939 1019 καὶτῶν

2361 1060 2645 1129 ἡμετέρων
2676 1059 2851 1130 ἔργων
2871 1058 3111 1129 νομίζειν
3156 1060 3382 1129 καιρόν;
3419 1059 3508 1111 Διό
3581 1074 3766 1128 φαμεν
3831 1060 3927 1109 καὶ

2361 1154 2542 1223 ἡμεῖς,
2594 1152 2774 1221 πάσης
2803 1152 3083 1223 ἐνεργείας
3111 1150 3590 1221 ὲμπορευομένων,
3636 1150 3731 1202 καὶ
3755 1148 3938 1202 αὐτῶν

2359 1243 2424 1314 δὴ
2444 1244 2552 1297 τῶν
2578 1243 2861 1314 γεωργῶν,
2918 1243 3374 1314 ἀπρακτησάσης,
3422 1241 3498 1303 ὡς
3547 1242 3785 1311 εἴρηται,
3842 1240 3937 1291 καὶ

2361 1336 2578 1389 πάντων
2605 1334 3066 1403 ἀναγκαζομένων
3112 1336 3231 1395 ταῖς
3282 1332 3601 1401 ἐκκλησίαις
3624 1332 3936 1401 ἐνασχυλεί-

2363 1428 2506 1491 σθαι,
2543 1427 2636 1481 καὶ
2679 1427 2975 1495 δοξολογεῖν
3004 1427 3094 1479 τὸν
3123 1426 3255 1479 Θεὸν
3290 1426 3493 1496 μᾶλλον
3540 1425 3679 1478 κατά
3727 1423 3936 1491 ταύτην

2359 1519 2455 1590 τὴν
2500 1519 2864 1589 κυριώνυμον,
2888 1518 2975 1572 διὰ
3028 1518 3089 1570 τὸ
3136 1519 3194 1570 ὲν
3248 1517 3384 1586 αὐτῇ
3429 1517 3556 1569 ἰδεῖν
3609 1518 3759 1585 ἡμᾶς
3809 1517 3936 1575 τοὺς

2359 1613 2583 1675 πιστοὺς
2610 1612 2700 1665 τὸν
2718 1612 2816 1682 τῆς
2844 1610 3187 1681 δικαιοσύνης
3221 1609 3407 1663 Ἥλιον
3442 1609 3730 1678 λάμψαντα
3750 1624 3766 1639 ο
3811 1606 3934 1659 οὔτε

2359 1697 2449 1755 οὖν
2472 1703 2521 1755 οἱ
2547 1700 2615 1754 τά
2644 1701 2750 1754 τῶν
2777 1700 3072 1770 βαλανείων
3096 1702 3531 1773 προκαυστήρια.
3558 1697 3824 1768 λουτήριά
3854 1714 3934 1761 τε,

2360 1792 2454 1846 καὶ
2491 1792 2652 1847 λοιπά
2679 1792 3026 1863 ἐνεργοῦντες
3055 1793 3266 1855 τούτοις
3295 1793 3755 1862 ὑπηρετήσουσιν,
3809 1788 3934 1841 οὔτε

2358 1900 2442 1947 τις
2474 1884 2663 1948 πιστὸς
2696 1883 3026 1953 συγγνώμης
3052 1883 3310 1952 ἀξιωθείη
3332 1899 3347 1914 ·
3376 1884 3473 1952 τῆς
3509 1883 3606 1950 μὲν
3629 1880 3936 1950 προσευκῆἶ

683 1954 963 2017 recedens,
994 1958 1152 2026 aquis
1193 1960 1388 2016 calidis
1419 1961 1661 2017 adhaeret
1691 1971 1746 2018 et
1778 1972 2083 2035 occupatur
2113 1986 2127 2024 :
2156 1968 2251 2025 sed

2365 1970 2746 2041 ἀποσχόμενος,
2776 1971 2871 2025 καὶ
2902 1969 3011 2024 τῶν
3068 1969 3462 2040 πολυύμνήτων
3486 1968 3805 2035 δοξολογιῶν
3845 1968 3937 2019 καὶ

683 2045 977 2114 episcopali
998 2048 1208 2117 judicio
1238 2052 1717 2108 emendationibus
1748 2055 2075 2128 corrigetur.

2358 2061 2715 2116 διδασκαλιῶν
2747 2066 2844 2134 τῆς
2884 2062 3229 2134 κυριωνύμου
3263 2061 3651 2130 ἀφιστάμενος,
3676 2062 3771 2113 καὶ
3806 2059 3933 2129 θερ-

689 2135 809 2199 μοῖς
841 2133 996 2188 ὕδασι
1056 2140 1404 2211 προσανέχων
1454 2143 1549 2195 καὶ
1603 2145 2043 2217 ἀσχολούμενος*
2097 2149 2233 2204 ἀλλά
2271 2150 2359 2204 διά
2388 2153 2679 2222 ἐπιτιμίων
2737 2133 2877 2209 κατὰ
2904 2133 3003 2226 τήν
3064 2154 3430 2223 ὲπισκοπικὴν
3483 2152 3758 2220 διάκρισιν
3841 2151 3938 2204 δι-

682 2226 1075 2298 ορθωθήσεται.

755 2317 964 2400 Ιηιιινν.Δ
1001 2321 1091 2377 52.
1131 2320 1406 2393 Jejunium
1440 2327 1665 2385 solvens
1694 2331 1973 2400 carnibus,
2009 2350 2170 2392 caseo
2200 2346 2255 2393 et

686 2426 811 2478 ovo,
832 2395 1026 2470 dieb‘us
1074 2414 1326 2472 Mercurii
1354 2426 1408 2474 et
1438 2418 1663 2479 Veneris
1699 2424 1867 2481 totius
1916 2427 2069 2494 anni,
2098 2430 2259 2486 venia

686 2505 906 2575 dignus,
932 2509 1153 2563 annon?

760 2596 915 2667 Resp.
946 2600 1335 2669 Sexagesimus
1361 2618 1535 2660 nonus
1576 2620 1752 2663 canon
1784 2618 2099 2665 sanctorum
2130 2628 2263 2683 apo-

688 2689 954 2744 stolorum
986 2691 1058 2744 ait
1088 2710 1100 2745 :
1130 2692 1185 2746 Si
1218 2694 1343 2763 quis
1375 2696 1685 2767 episcopus,
1727 2700 1811 2754 vel
1842 2703 2146 2775 presbyter,
2178 2706 2263 2761 vel

686 2778 975 2843 diaconus,
1010 2781 1094 2834 vel
1133 2782 1322 2850 lector,
1373 2785 1460 2841 vel
1506 2795 1719 2855 cantor,
1757 2801 2006 2847 sanctam
2037 2794 2262 2852 Pascha:

689 2868 1173 2941 Quadragesimam
1202 2891 1307 2929 non
1332 2877 1567 2946 jejunat,
1592 2882 1674 2936 vel
1705 2891 1958 2952 quartum
1985 2886 2151 2949 diem,
2178 2889 2262 2944 vel

687 2962 1055 3031 Parascevcn,
1090 2974 1285 3035 praeter
1316 2984 1479 3039 quam
1510 2972 1554 3026 si
1586 2974 2257 3042 propterimbecillitatem

689 3055 1029 3125 corporalem
1062 3057 1413 3127 impediatur,
1455 3060 1763 3131 deponatur
1798 3082 1811 3119 :
1849 3067 1893 3121 si
1944 3067 2016 3122 sit
2075 3079 2256 3124 autem

688 3144 887 3209 laicus,
920 3160 1252 3217 segregetur.
1284 3149 1385 3215 Qui
1435 3151 1600 3221 igitur
1637 3154 1756 3209 sine
1786 3157 2058 3226 corporali
2107 3158 2259 3212 intir-

688 3238 878 3293 unitate
900 3238 1151 3294 dissolvit
1183 3240 1196 3290 i
1237 3240 1354 3297 dies
1380 3240 1637 3299 Mercurii
1664 3255 1719 3301 et
1754 3248 1999 3313 Veneris,
2032 3252 2259 3319 punitur

685 3329 842 3398 juxta
869 3332 1096 3386 canonis
1126 3332 1291 3401 hujus
1326 3342 1593 3391 tenorem.
1628 3337 1856 3403 Quando
1893 3356 2020 3397 vero
2039 3350 2260 3412 propter

2440 2338 2632 2405 Ἐρώτ.
2684 2336 2782 2407 νβ’.
2857 2336 2916 2389 Ὀ
2972 2335 3254 2391 καταλύων
3300 2335 3388 2389 διὰ
3433 2333 3698 2406 κρέατος,
3761 2329 3931 2400 τυροῦ

2357 2430 2453 2485 καὶ
2477 2428 2604 2496 ὠοῦ,
2634 2429 2731 2492 τὰς
2792 2428 3058 2498 τετράδας
3113 2428 3207 2479 καὶ
3263 2425 3362 2489 τὰς
3431 2424 3789 2496 παρασκευάς
3845 2422 3939 2476 =05

2353 2520 2480 2576 ὅλου
2506 2518 2722 2589 χρόνου,
2755 2516 3129 2585 συγγνωστέος
3150 2514 3322 2583 ἐστὶν,
3345 2516 3378 2586 ἦ
3402 2512 3462 2568 05
3493 2533 3508 2579 ς

2441 2608 2633 2663 Ἀπόκ.
2665 2606 2724 2660 Ὀ
2752 2606 2827 2671 ξο’
2852 2605 3030 2659 κανὼν
3056 2604 3163 2657 τῶν
3194 2605 3362 2671 ἁγίων
3390 2604 3711 2659 ἀποστόλων
3746 2604 3935 2673 φησίν·

2360 2701 2427 2753 El
2448 2718 2530 2762 τις
2568 2700 2883 2762 ἐπίσκοπος,
2915 2696 2947 2767 ἢ
2972 2695 3239 2768 πρεσϐύτε
3252 2713 3362 2766 ρος,
3388 2695 3420 2765 ἢ
3455 2696 3722 2759 διάκονος,
3745 2694 3779 2764 ἦ
3808 2697 3939 2747 ἀκα-

2362 2792 2634 2864 γνὼστης,
2678 2791 2964 2862 ῆψάλτης,
2997 2790 3101 2860 τὴν
3142 2789 3304 2856 ἁγίαν
3334 2790 3375 2841 Τ
3381 2787 3791 2857 εσσαρακοστὴν
3844 2784 3939 2837 =05

2359 2886 2549 2954 Πάσχα
2578 2884 2638 2936 ού
2689 2880 2955 2952 νηστεύει,
2987 2879 3289 2953 ἢτετράδα,
3323 2878 3355 2949 ἢ
3400 2879 3777 2949 παρασκευὴν.
3809 2876 3943 2928 καθ--

2360 2975 2621 3047 αιρείσθω
2647 2991 2659 3006 ·
2713 2975 2761 3027 εί
2795 2974 2869 3045 μὴ
2922 2973 2991 3027 δι’
3022 2971 3307 3026 ἀσθένειαν
3341 2971 3719 3040 ἐμποδίζοιτο,
3756 2969 3819 3020 Εἰ
3883 2969 3941 3021 δὲ

2361 3068 2548 3130 λαῖκὸς
2572 3067 2680 3135 εἴη,
2714 3064 3077 3136 ἀφοριζέσοω.
3119 3064 3175 3117 Ὀ
3202 3063 3335 3132 γοῦν
3362 3062 3646 3116 καταλύων
3678 3063 3804 3114 ἄνευ
3832 3077 3943 3113 σωο

2368 3157 2603 3230 ματικῆς
2652 3156 2933 3220 ἀσθενείας
2985 3154 3084 3219 τὰς
3144 3154 3411 3227 τετράδας
3454 3154 3550 3206 καὶ
3606 3152 3704 3214 τὰς
3753 3168 3943 3219 παρα-

2367 3252 2586 3315 σκευὰς,
2618 3248 2905 3311 κολάζεται
2942 3246 3082 3300 κατὰ
3115 3248 3213 3316 τὴν
3277 3244 3372 3297 τοῦ
3419 3243 3658 3297 τοιούτου
3712 3243 3944 3299 κανόνος

2371 3338 2688 3411 περίληψιν.
2729 3335 2939 3390 Ὀτεδὲ
2996 3335 3062 3388 δι’
3086 3334 3374 3389 ἀσθένειαν
3421 3329 3796 3399 ἀναγκασθείη
3853 3346 3941 3391 τις

695 3421 1125 3477 imbecillitatem
1177 3433 1401 3480 coactus
1453 3426 1614 3482 fuerit
1650 3430 1975 3497 dissolvere,
2016 3434 2261 3503 piscibus

2368 3430 2693 3493 καταλῦσαι,
2722 3428 2810 3481 διὰ
2850 3426 3047 3497 ἰχθύων
3078 3426 3111 3496 ἦ
3142 3424 3322 3477 ἐλαίου
3373 3424 3658 3495 μετριάσει
3685 3421 3781 3473 τοῦ
3834 3421 3943 3489 ερ-

692 3513 778 3569 vel
808 3513 927 3569 oleo
948 3514 1317 3572 moderabitur
1343 3522 1718 3589 aagrotationis
1742 3523 2107 3581 aﬁlictionem.
2133 3525 2264 3581 Car-

692 3620 792 3661 nes
818 3607 961 3662 enim
982 3608 1066 3663 vel
1095 3622 1341 3674 caseum,
1370 3623 1463 3665 aut
1482 3627 1643 3667 ovum
1672 3615 1941 3687 attingere
1961 3632 2069 3672 non
2102 3617 2267 3673 fuerit

692 3712 1041 3764 concessum,
1080 3698 1209 3754 licet
1226 3710 1525 3756 extremam
1550 3702 1691 3758 eﬁlet
1713 3707 1973 3772 animam,
2008 3723 2184 3777 neque
2209 3710 2263 3763 in

696 3805 895 3860 magna
920 3788 1304 3861 Quadragena,
1328 3807 1506 3864 neque
1531 3794 1585 3848 in
1610 3795 1982 3867 qualicunque
2007 3796 2263 3856 Mercurii

691 3881 778 3934 vel
813 3878 1041 3936 Veneris
1065 3881 1175 3936 die.
1216 3881 1425 3937 Sufﬁcit
1448 3885 1592 3938 enim
1615 3885 1688 3952 ei,
1713 3886 1804 3955 qui
1830 3889 2144 3943 necessario
2171 3904 2267 3959 per

640 4014 643 4016 .
693 3970 970 4025 aridorum
1008 3985 1162 4026 csum
1198 3974 1547 4041 magniﬁcare
1571 3975 1728 4032 debet
1757 3977 1876 4034 dies
1927 3977 2181 4035 Mercurii
2212 3987 2267 4035 et

696 4060 951 4126 Veneris,
990 4078 1086 4133 per
1121 4064 1306 4118 oleum
1350 4074 1405 4120 et
1463 4067 1645 4136 pisces
1678 4070 1853 4125 morbi
1914 4072 2265 4127 acerbitatem

692 4155 963 4224 mitigare.
1010 4153 1213 4224 Excipe
1264 4154 1397 4209 mihi
1436 4156 1555 4211 dies
1615 4156 1867 4215 Mercurii
1916 4171 1970 4215 et
2015 4161 2264 4229 Veneris,

693 4246 1516 4317 carnisprivii,septuagesima,
1560 4251 1932 4308 renovationis
1963 4260 2017 4309 et
2056 4253 2267 4311 duode--

696 4338 801 4392 cim
852 4338 1085 4392 dierum.
1128 4340 1186 4394 1n
1240 4339 1323 4393 his
1354 4340 1497 4394 enim
1533 4356 1630 4411 per
1660 4357 1853 4399 carnes
1908 4344 2099 4409 etiam,
2127 4345 2267 4401 citra

694 4429 999 4499 periculum
1041 4429 1244 4499 jejunia
1284 4430 1633 4502 frangimus:
1690 4435 1817 4505 quia
1848 4436 1996 4490 circa
2032 4436 2269 4492 dodeca-

699 4522 981 4576 hemerum
1013 4520 1264 4591 jejunant
1287 4524 1530 4579 Armenii
1548 4534 1769 4595 propter
1792 4526 2192 4593 Artziburium,
2211 4531 2267 4585 in

699 4613 1038 4669 hebdomade
1063 4616 1235 4683 prima
1266 4615 1641 4687 carnisprivii,
1675 4628 1900 4689 propter
1938 4620 2211 4677 Ninivitas
2250 4639 2263 4674 :

699 4716 752 4759 et
776 4706 829 4760 in
864 4706 1201 4761 hebdomade
1233 4708 1519 4777 tyropiiagi
1545 4706 1839 4763 Tetraditze
1873 4710 2268 4782 hmrcticijeju-

2366 3523 2723 3592 ρωστήματος
2743 3519 2841 3589 τὴν
2892 3517 3191 3586 κακότητα.
3226 3517 3469 3585 Κρέατος
3529 3515 3637 3583 γάρ
3685 3512 3719 3582 ἢ
3770 3509 3941 3580 τυροῦ

2364 3615 2398 3686 ἢ
2428 3613 2536 3668 ὡοῦ
2562 3613 2802 3683 ἅψασθαι
2835 3612 2895 3664 ού
2925 3608 3329 3681 συγχωρηθείη,
3362 3607 3467 3661 κᾶν
3508 3607 3645 3677 πνέῃ
3699 3605 3768 3658 τα
3826 3604 3944 3656 λοί-

2366 3707 2511 3771 σοια,
2591 3704 2714 3757 οὔτε
2761 3704 2819 3755 ὲν
2874 3706 2940 3772 τῇ
2985 3700 3195 3771 μεγάλῃ
3245 3698 3691 3768 Τεσσαρακοστῇ,
3727 3694 3852 3748 οὗτε
3881 3697 3945 3746 ἓν

2363 3799 2626 3870 οίαδήτινι
2665 3795 2882 3866 τετράδι
2915 3794 3010 3847 καὶ
3039 3794 3362 3862 παρασκευῇ
3389 3806 3402 3820 ο
3437 3791 3600 3859 ἀρκεῖ
3637 3788 3746 3857 γὰρ
3766 3786 3843 3854 τῷ
3881 3788 3945 3851 ἐξ

2366 3891 2610 3960 ἀνάγκης
2638 3888 2726 3940 διὰ
2756 3884 3094 3956 ξηροφαγίας
3154 3882 3475 3953 μεγαλύνειν
3528 3880 3799 3947 ὀξεὶλοντι
3837 3879 3943 3939 τας

2364 3982 2622 4053 τετράδας
2644 3980 2736 4033 καὶ
2761 3979 2858 4040 τὰς
2892 3976 3265 4047 παρασκευὰς,
3300 3973 3386 4026 διὰ
3418 3973 3595 4025 ἐλαίου
3615 3972 3711 4024 καὶ
3739 3970 3945 4039 ἰχθύων

2366 4072 2710 4129 ὲπιεικεῦσαι
2737 4072 2798 4123 τὸ
2838 4064 3343 4138 νόσημα.’Υπὲξελέ
3377 4082 3466 4134 μοι
3505 4064 3603 4124 τὰς
3646 4062 3942 4132 τετράδας,

2369 4168 2462 4221 καὶ
2498 4165 2595 4227 τὰς
2637 4160 2987 4233 παρασκευας
3020 4158 3117 4227 τῆς
3145 4157 3421 4224 ἀπόκρεω,
3478 4155 3575 4222 τῆς
3622 4152 3944 4221 τυροςάγου

2366 4259 2465 4330 τῆς
2507 4254 2885 4323 διακινησίμου
2935 4251 3003 4313 η,
3058 4249 3153 4302 καὶ
3221 4248 3315 4300 τοῦ
3359 4246 3800 4316 δωδεκαημέρου.
3847 4244 3945 4298 Ἐν

2368 4351 2591 4413 ταύταις
2616 4348 2724 4417 γάρ
2748 4346 2843 4398 καὶ
2872 4344 2962 4397 διὰ
3010 4343 3241 4411 κρέατος
3299 4338 3596 4401 ἀκινδύνως
3666 4337 3944 4391 καταλύσ-

2372 4456 2489 4512 μεν·
2555 4439 2638 4491 ὅτι
2694 4435 2836 4489 κατά
2892 4433 2954 4486 τὸ
3015 4432 3429 4501 δωδεκαήμερςν
3480 4429 3833 4498 νηστεύουσιν
3887 4428 3944 4479 οι

2381 4530 2655 4603 Ἀρμένιοι
2687 4527 2775 4580 διὰ
2832 4525 2924 4577 τὸν
2963 4522 3365 4594 Ἀρτζιεούριον
3389 4538 3402 4551 ο
3473 4520 3614 4573 κατά
3640 4520 3737 4589 τὴν
3792 4517 3947 4570 ἑϐδο-

2372 4622 2512 4692 μάδα
2535 4619 2632 4689 τῆς
2656 4616 2878 4687 πρώτης
2904 4614 3179 4685 ἀπόκρεω,
3208 4613 3294 4665 διά
3326 4613 3451 4674 τους
3485 4611 3778 4672 Νινειῖτας
3798 4628 3813 4641 ·
3848 4611 3947 4663 καὶ

2372 4710 2514 4765 κατὰ
2543 4709 2641 4774 τὴν
2668 4706 2937 4776 ἑϐδομάδα
2967 4704 3063 4773 τῆς
3117 4702 3429 4772 τυροφάγου
3478 4701 3829 4769 νηστεύουσιν
3892 4702 3946 4752 οἱ

699 4798 852 4851 nium
882 4812 1139 4868 magnum
1189 4799 1509 4853 observant.
1538 4798 1648 4855 Nos
1690 4800 1855 4870 igitur
1892 4804 2170 4858 contraria
2200 4805 2262 4861 iis

2373 4801 2691 4872 Τετραδῖται
2720 4798 2769 4850 οι
2798 4794 3068 4866 αίρετικοὶ
3124 4793 3381 4863 νηστείαν
3430 4791 3691 4861 μεγάλην.
3749 4791 3948 4860 Ἡμεῖς

700 4889 989 4952 facientes.
1022 4890 1325 4961 frangimus
1343 4890 1390 4956 ι,
1438 4906 1508 4948 ne
1556 4891 1846 4948 videamur
1871 4910 1994 4950 cum
2031 4896 2099 4951 iis
2136 4911 2269 4952 con-

702 4981 934 5047 sentire,
974 4996 1041 5037 eo
1086 4990 1335 5053 excepto,
1381 4982 1525 5053 quod
1572 4983 1705 5038 illud
1746 4984 1858 5049 ﬁet,
1891 4986 1937 5040 si
1993 4986 2117 5056 quis
2143 5003 2269 5042 cum

700 5072 1000 5130 Tetraditis
1030 5083 1126 5129 aut
1171 5075 1448 5132 Armeniis
1485 5075 1714 5132 habitet.
1768 5076 1987 5148 Alioqui
2019 5079 2185 5144 enim,
2222 5079 2270 5135 si

704 5166 759 5221 in
783 5167 1006 5237 regione
1028 5167 1225 5236 degat,
1255 5166 1344 5222 ubi
1378 5166 1565 5223 nullus
1601 5178 1685 5224 est
1714 5167 2045 5238 ejuscemodi
2064 5209 2079 5234 ,
2111 5169 2277 5237 degu-

702 5258 872 5314 stabit
898 5266 1111 5314 tantum
1158 5273 1224 5314 ex
1256 5259 1542 5326 carnibus,
1582 5261 1667 5315 vel
1695 5274 1878 5328 caseo,
1913 5270 1967 5316 et
1996 5261 2268 5331 suspicio-

704 5365 828 5407 nein
877 5351 1182 5407 attenuabit
1211 5367 1307 5424 per
1359 5348 1775 5419 continentiam,
1807 5368 1914 5409 non
1968 5368 2063 5424 per
2088 5354 2271 5425 inglu-

2373 4889 2948 4961 οὒνάντιπράττοντες
3001 4884 3233 4949 τούτοις,
3298 4883 3665 4953 καταλύομεν,
3726 4882 3813 4935 ἵνα
3868 4884 3949 4953 μὴ

2374 4986 2612 5055 δόξωμεν
2657 4980 2978 5052 ὁμοφρονεῖν
3025 4978 3227 5039 αὐτοῖς.
3260 4975 3404 5045 Πλὴν
3435 4977 3529 5026 καὶ
3592 4972 3751 5026 τοῦτο
3780 4974 3948 5042 γενή-

2378 5094 2552 5140 σεται,
2580 5076 2704 5128 ὅταν
2736 5089 2820 5136 τις
2850 5071 2987 5141 μετά
3016 5067 3357 5139 Τετραδιτῶν
3387 5066 3421 5138 ἦ
3473 5065 3776 5137 Ἀρμενίων
3818 5082 3951 5118 συν-

2377 5169 2682 5239 αυλίζηται.
2766 5164 2826 5217 El
2859 5162 2966 5235 γάρ
2987 5163 3067 5224 είς
3092 5159 3278 5230 χώραν
3307 5159 3482 5226 διάγει
3544 5158 3675 5211 ἔνθα
3702 5158 3806 5211 ούκ
3832 5158 3953 5210 ἐστι

2375 5259 2638 5323 τοιοῦτος,
2669 5254 3038 5324 ἀπογεύσεται
3080 5251 3243 5323 μόνον
3293 5252 3521 5321 κρέατσς
3548 5250 3582 5320 ἢ
3629 5249 3822 5319 τυροῦ,
3856 5252 3955 5304 καὶ

2383 5352 2705 5426 μετεωρίσει
2750 5348 2850 5421 τὴν
2883 5346 3117 5416 ὑποψίαν
3145 5344 3212 5398 δι’
3244 5343 3593 5415 ἐγκρατείας,
3621 5344 3682 5397 ού
3732 5343 3842 5414 μὴν
3863 5343 3956 5397 διὰ

1990 5486 2073 5543 VA
2084 5486 2224 5544 [ile
2264 5486 2671 5545 LECTIONES.

791 5625 839 5657 δ’
868 5624 1312 5697 διακαινησίμου.

777 5743 804 5781 δ
834 5758 952 5795 cum
979 5759 1128 5797 omne
1156 5758 1283 5809 opus
1315 5744 1719 5811 negotiatorum,
1757 5754 1803 5796 et
1841 5744 2074 5811 ipsorum
2109 5756 2308 5809 quoque
2332 5739 2686 5811 agricolarum
2718 5745 2903 5800 cesset,
2944 5734 3216 5811 indictum
3242 5743 3345 5811 est,
3391 5748 3957 5811 omnesqne_cogniilnr

706 5830 762 5865 in
800 5814 1031 5867 ecclesiis
1070 5816 1288 5867 versari.

707 5893 871 5950 ciant,
914 5884 992 5939 his
1026 5898 1209 5952 operas
1254 5900 1378 5939 suae
1410 5888 1642 5951 {acturos
1746 5884 1757 5933 ἱ
1791 5884 1969 5938 violat.

1370 5804 1399 5853 ἶ
1428 5804 1810 5880 resplenduisse
1840 5804 1869 5866 ε’
1887 5830 1949 5867 ne
1972 5804 2177 5883 quidem
2216 5804 2301 5863 eos
2329 5849 2343 5872 ,
2367 5804 2466 5870 'qui
2512 5810 2812 5864 balneorum
2847 5806 3102 5862 wstuaria
3142 5813 3189 5858 et
3235 5804 3468 5871 (aratra,
3511 5817 3559 5861 et
3593 5804 3797 5877 reliquit
3851 5821 3957 5861 tra-

1370 5900 1378 5934 ι
1411 5888 1642 5934 tacturos
1746 5884 1757 5933 ἱ
1791 5884 1969 5934 violat.
2049 5884 2071 5923 ιε
2102 5881 2357 5934 uiolamus
2387 5882 2515 5934 [ια-ι’.

2049 5884 2071 5923 ιε
2102 5884 2357 5936 violamus
2387 5884 2515 5935 [ια-ι’.
