4188 6446
188 463 323 528 1081

1456 475 2163 539 GRzECO-ROMANUM.

3312 479 3445 544 1082

182 574 549 639 ἀόὀηςαγίας.
599 575 757 627 Κατᾶ
805 575 860 627 δὲ
898 577 996 645 τὴν
1034 578 1304 650 ἑόδομάδα
1340 580 1437 650 τῆς
1470 583 1763 653 διακινησί·

1876 587 2040 641 viem.
2075 581 2424 639 llebdomade
2474 592 2650 638 autem
2704 585 3095 652 antipascuatis
3147 583 3264 636 sine
3310 590 3450 653 peri-

188 683 291 733 μου
330 667 376 697 ³⁸
406 667 703 730 ἀκινδύνως
738 672 1225 739 κρεωξαγήσομεν,
1279 676 1421 727 κατά
1460 674 1557 742 τὴν
1598 676 1769 744 αὐτῆς

184 758 443 827 τετράδα,
466 758 560 812 καὶ
599 763 975 831 παρασκευήν.
1024 762 1111 825 Ὠς
1167 764 1266 833 μία
1327 765 1433 835 γὰρ
1497 766 1769 834 λογίζεται

185 847 530 919 κνριώνυμος
558 851 619 903 τὸ
654 852 1002 922 ἑπταήμερον
1027 852 1190 907 τοῦτο
1237 856 1533 927 διάστημα.

268 941 474 1007 Ἐρώτ.
507 948 605 1009 νγθ.
665 944 727 995 Δί
781 946 1028 1014 νηστεῖαι
1080 946 1177 1014 τῆς
1218 947 1411 1018 ἑορτῆς
1447 948 1557 1001 τῶν
1593 949 1770 1017 ἁγίων

190 1031 543 1099 ἀποστόλων,
590 1034 686 1087 καὶ
724 1035 822 1104 τῆς
868 1036 1102 1099 Χριστοῦ
1146 1041 1493 1108 γεννήσεως,
1542 1040 1768 1110 καὶτῆς

186 1126 505 1195 κοιμήσεως
558 1126 658 1195 τῆς
713 1128 875 1195 ἁγίας
913 1127 1197 1195 Θεοτὸκου,
1247 1130 1342 1185 καὶ
1375 1131 1465 1184 τοῦ
1491 1132 1765 1202 Σωτῆρος,

186 1216 554 1286 ἀπαραίτητοι
586 1220 745 1282 εἰσιν,
771 1220 802 1286 ἦ
848 1222 1226 1293 συγχωρητέαι
1252 1223 1350 1276 καὶ
1378 1224 1700 1294 ἀδιάφοροι;

277 1310 475 1361 Ἁπόκ.
566 1308 630 1361 Ἦ
700 1309 798 1379 μὲν
879 1311 937 1364 ἐν
1001 1312 1567 1366 Κωνσταντινουπόλει
1636 1314 1768 1381 ἁγία

190 1396 407 1459 σύνοδος
464 1398 558 1449 ἐπὶ
621 1398 730 1449 τῶν
767 1398 994 1469 ἡμερῶν
1052 1399 1147 1453 τοῦ
1202 1401 1512 1468 ἀγιωτάτου
1556 1402 1765 1455 ἐκείνου

186 1488 696 1558 πατριάρχω.......
731 1490 1067 1559 ἐρωτηθεῖσα
1089 1493 1137 1544 εί
1160 1491 1267 1562 χρὴ
1292 1491 1391 1561 τὴν
1440 1492 1499 1544 ὲν
1535 1492 1612 1562 τῷ
1654 1494 1764 1547 Αύ-

184 1581 403 1649 -ςούστῳ
433 1581 687 1649 νηστείαν
726 1581 1019 1645 ἐπιτελεῖν,
1078 1584 1458 1654 ἀπελογήσατο
1514 1585 1590 1649 ὡς
1626 1588 1764 1658 αὕτη

188 1672 476 1741 ηνηστεία
525 1673 804 1742 μετετέθη,
860 1673 947 1727 διά
998 1674 1057 1727 τὸ
1109 1676 1183 1745 μὴ
1222 1677 1574 1746 περιπίπτειν
1636 1682 1761 1741 ταῖς

187 1766 328 1817 κατά
355 1766 448 1817 τὸν
471 1765 661 1834 καιρὸν
684 1765 874 1817 τοῦτον
920 1766 1234 1835 γινομέναις
1266 1769 1510 1832 ἐθνικαῖς
1539 1770 1764 1838 νηστεί-

190 1875 293 1919 αις.
328 1857 477 1927 Πλὴν
495 1859 590 1910 καὶ
619 1856 697 1909 ἔτι
734 1857 922 1911 πολλοὶ
952 1858 1061 1911 τῶν
1106 1859 1413 1929 ἀνθρώπων
1434 1861 1639 1930 ταύτην
1666 1860 1763 1931 τὴν

186 1949 443 2014 νηστείαν
494 1948 867 2018 νηστεύουσιν.
904 1950 1098 2019 Ἡμεῖς
1145 1950 1228 2014 δὲ,
1281 1952 1653 2021 σκοπήσαντες
1697 1954 1766 2005 τά
1799 1924 1838 1978 Β

187 2041 315 2111 περὶ
342 2041 560 2100 τούτου,
590 2040 1029 2110 ἀπολογούμεθα,
1076 2043 1158 2094 ὅτι
1204 2042 1263 2108 ἑξ
1318 2043 1570 2113 ἀνάγκης
1624 2060 1760 2114 προσ

184 2129 444 2198 ηγοῦνται
480 2132 722 2199 νηστεῖαι
752 2131 856 2200 πρὸ
873 2129 980 2183 τῶν
1003 2132 1282 2202 τεσσάρων
1296 2134 1498 2188 τούτων
1525 2134 1723 2205 ἑορτῶν
1746 2148 1763 2164 ο

190 2222 359 2289 ἤγουν
394 2223 505 2293 πρὸ
524 2223 620 2293 τῆς
652 2224 845 2294 ἑορτῆς
877 2223 987 2276 τῶν
1030 2224 1231 2293 ’Λγίων
1261 2226 1627 2290 Ἀποστόλων,
1666 2227 1765 2293 τῆς

185 2310 497 2382 Γεννήσεως
545 2315 640 2366 τοῦ
685 2314 944 2383 Χριστοῦ,
997 2316 1099 2380 τῆς
1129 2316 1619 2387 Μεταμορφώσεως
1670 2315 1762 2369 τοῦ

184 2403 425 2472 Χριστοῦ
457 2405 551 2457 καὶ
593 2403 730 2458 Θεοῦ
775 2406 955 2474 ἡμῶν,
1013 2407 1109 2459 καὶ
1153 2405 1253 2476 τῆς
1283 2407 1612 2477 Κοιμήσεως
1661 2407 1760 2471 τῆς

184 2496 345 2562 ἁγίας
392 2495 682 2549 Θεοτόκουο
730 2497 869 2567 πλὴν
902 2498 1264 2569 ἑπταήμεροι.
1302 2499 1416 2551 Μία
1457 2498 1567 2569 γάρ
1633 2515 1762 2551 τεσ-

186 2584 667 2655 σαρακονθήμερος
695 2587 918 2655 νηστεία
952 2588 1121 2651 ἐστὶν,
1159 2585 1304 2658 ήτοῦ
1355 2588 1514 2655 ἁγίου
1551 2589 1642 2641 καὶ
1668 2605 1763 2658 με-

184 2676 351 2741 γάλου
405 2675 617 2745 Πάσχα.
658 2676 719 2729 Ei
757 2677 812 2729 δέ
839 2694 919 2740 τις
955 2677 1050 2731 καὶ
1096 2678 1255 2731 πλέον
1294 2679 1405 2731 τῶν
1439 2678 1578 2732 ἑπτὰ
1622 2682 1762 2748 ἡμε-

189 2765 293 2835 ρῶν
307 2766 451 2819 κατά
469 2768 567 2835 τὴν
586 2768 781 2837 ἑορτὴν
799 2768 907 2821 τῶν
932 2768 1131 2837 Ἀγίων
1154 2768 1212 2822 Ἀ
1224 2770 1497 2822 ποστὸλων
1512 2772 1605 2822 καὶ
1620 2769 1762 2824 κατά

182 2857 279 2924 τὴν
326 2858 522 2927 ἑορτὴν
552 2860 649 2928 τῆς
696 2860 1008 2927 Γεννήσεως
1053 2860 1148 2914 τοῦ
1193 2861 1431 2929 Χριστοῦ
1487 2862 1758 2930 νηστεύει,

183 2950 213 3018 ἢ
244 2950 450 3011 ἑκοντὶ,
476 2949 509 3019 ἦ
534 2950 640 3001 ἀπὸ
680 2951 1007 3021 κτητορικοῦ
1038 2950 1271 3004 τυπικοῦ
1330 2950 1756 3021 συνωθούμενος,

182 3043 241 3095 οὐ
264 3042 816 3113 καταισχυνθήσεται.
853 3044 1041 3108 Ὅπως
1065 3044 1121 3097 δὲ
1149 3044 1240 3095 καὶ
1264 3043 1405 3096 διατί
1466 3043 1572 3113 πρὸ
1628 3043 1760 3097 ἑκά-

184 3152 318 3205 στης
379 3137 587 3189 τούτων
632 3137 742 3188 τῶν
787 3137 1068 3206 τεσσάρων
1139 3136 1344 3205 ἑορτῶν
1406 3137 1759 3206 ἑπταήμερον

1876 679 1998 733 culo
2031 679 2292 733 carnibus
2347 691 2636 732 vesccmur
2677 678 2731 730 in
2784 678 2906 745 ejus
2970 677 3229 729 Mercurii
3279 678 3367 729 die
3401 688 3454 731 ιιι

1874 770 2118 825 Veneris.
2160 770 2293 825 Nam
2325 784 2423 840 pro
2464 782 2573 822 uno
2604 767 2694 821 die
2750 766 3036 821 Bominico
3070 767 3310 820 habetur
3340 767 3447 820 huc

1870 870 2075 929 septem
2105 862 2313 916 dierum
2346 861 2716 915 intervallum.

1943 953 2140 1008 lnterr.
2161 955 2248 1009 5'5.
2281 952 2493 1023 Jejunia
2523 954 2629 1008 diei
2660 952 3126 1009 festiSanctorum
3149 954 3445 1021 Apostolo-

1873 1059 2017 1108 rum,
2055 1054 2106 1098 et
2145 1042 2355 1098 Natalis
2377 1043 2584 1098 Christi
2608 1084 2622 1107 ,
2664 1052 2718 1097 et
2752 1044 3193 1099 Obtlormitionis
3246 1055 3449 1096 sancta:

1876 1138 2128 1207 Deiparae
2153 1147 2206 1190 et
2233 1134 2567 1200 Servatoris,
2620 1138 3018 1192 inexcusabilia
3050 1148 3202 1199 sunt,
3228 1152 3295 1190 an
3331 1153 3450 1206 per-

1869 1228 2133 1283 mittenda
2160 1238 2214 1281 et
2238 1227 2648 1282 ittdiilerentia?

1941 1319 2093 1388 Resp.
2118 1319 2724 1387 Constantinopolitana
2749 1320 2969 1388 quidem
2991 1329 3177 1371 sancta
3207 1320 3447 1388 synodus

1869 1412 1924 1467 in
1953 1413 2148 1467 diebus
2176 1412 2510 1467 sanctissimi
2552 1411 2701 1465 illius
2751 1410 3169 1477 patriam-hau...
3210 1411 3446 1462 interro-

1868 1514 2014 1574 gata,
2042 1519 2107 1556 an
2141 1512 2391 1573 oporteat
2442 1502 2674 1571 Augusti
2713 1503 2921 1555 mensis
2956 1501 3224 1569 jejunium
3277 1500 3442 1566 perli-

1868 1593 2042 1650 cerel
2082 1610 2095 1646 ε
2136 1594 2441 1662 respondit,
2476 1595 2526 1647 id
2571 1594 2841 1663 jejunium
2878 1600 3146 1645 mutatum
3190 1607 3330 1652 esse,
3380 1606 3446 1643 ne.

1866 1699 1990 1739 cum
2028 1686 2255 1755 paganis
2312 1684 2537 1753 jejuniis
2591 1699 2711 1752 quae
2751 1682 2941 1737 eodem
3002 1691 3249 1750 tempore
3286 1682 3444 1742 iittnt,

1867 1784 2181 1829 concurrat.
2214 1774 2365 1829 Multi
2391 1784 2570 1827 tamen
2603 1774 2850 1829 homines
2891 1772 2942 1826 id
2971 1773 3241 1840 jejunium
3264 1770 3446 1823 adhuc

1867 1870 2183 1922 observant.
2222 1866 2330 1921 Nos
2364 1876 2545 1919 autem
2579 1879 2701 1917 cum
2742 1879 2827 1928 ea,
2858 1878 2978 1933 qua:
3019 1863 3082 1916 ad
3137 1863 3237 1915 hoc
3274 1862 3444 1930 perti.

1868 1966 2018 2019 nent,
2047 1957 2582 2011 consideraverimus
2606 1995 2621 2020 ,
2651 1953 3222 2022 defendimusjejunia
3252 1969 3444 2009 ncces-

1868 2051 2014 2105 sario
2037 2051 2343 2120 praecedere
2370 2049 2486 2103 lucc
2502 2056 2737 2117 quatuor
2763 2045 2900 2101 festa
2927 2063 2940 2099 :
2970 2047 3227 2099 nimirum
3247 2045 3444 2098 festum

1867 2144 2192 2197 Sanctorum
2237 2141 2624 2211 Apostolorum
2649 2178 2664 2203 ,
2705 2135 2913 2192 Natalis
2955 2136 3157 2190 Christi
3182 2174 3195 2196 ,
3237 2134 3445 2189 Trausr

1868 2234 2209 2289 formationis
2233 2232 2437 2288 Christi
2466 2240 2521 2287 et
2557 2230 2647 2285 Dei
2680 2230 2872 2293 nostri,
2905 2237 2960 2284 et
2994 2228 3443 2283 Obdormitionis

1865 2336 2070 2381 sancta:
2103 2326 2364 2395 Deiparaz,
2392 2325 2483 2379 sed
2518 2333 2726 2377 tantum
2754 2330 2959 2389 septem
2999 2321 3234 2373 dierum.
3267 2318 3443 2373 Unum

1864 2420 2006 2474 enim
2036 2416 2499 2487 cstquadraginta
2519 2416 2732 2468 dierum
2762 2413 3029 2480 jejunium
3049 2411 3223 2464 sancti
3245 2420 3298 2463 et
3327 2426 3444 2463 ma-

1865 2511 1951 2580 gni
1982 2510 2295 2564 Paschatis.
2335 2507 2492 2573 Quod
2523 2506 2567 2560 si
2603 2506 2729 2574 quis
2758 2507 3044 2574 plusquam
3084 2514 3292 2571 septem
3327 2502 3442 2553 die-

1862 2601 1967 2655 bus
1993 2600 2139 2654 circa
2175 2598 2373 2655 festum
2404 2598 2727 2653 Sanctorum
2750 2594 3138 2665 Apostolorum
3175 2592 3442 2645 ctfestum

1862 2693 2070 2746 natalis
2097 2690 2301 2745 Christi
2332 2689 2563 2758 jejunet,
2602 2704 2697 2743 seu
2734 2697 2952 2757 sponte,
2992 2702 3087 2740 seu
3121 2701 3149 2740 a
3186 2684 3441 2737 fundato-

1862 2784 1943 2838 ria
1975 2783 2161 2852 regula
2190 2791 2231 2819 ω
2259 2781 2555 2851 impulsus,
2589 2796 2697 2835 non
2739 2778 3162 2847 vituperabitur.
3196 2778 3441 2841 Quomo-

1862 2876 1933 2930 do
1951 2885 2152 2935 autem,
2191 2882 2244 2928 et
2263 2881 2483 2941 propter
2503 2871 2631 2939 quid
2652 2878 2776 2924 ante
2795 2868 3224 2938 unumquodque
3240 2866 3439 2919 hormn

1862 2974 2101 3034 quatuor
2141 2964 2406 3018 festorum
2462 2962 2715 3031 jejunare
2748 2961 3070 3021 debeamus,
3103 2959 3442 3011 declaratum

1862 3057 1917 3111 in
1970 3056 2222 3127 synodali
2279 3054 2681 3119 decisione,de
2737 3068 2801 3107 eo
2857 3066 2885 3105 a
2944 3052 3103 3105 nobis
3139 3049 3303 3103 facta.
3339 3049 3442 3113 Qui

1862 3149 2026 3220 igitur
2049 3164 2153 3203 non
2182 3148 2430 3218 jejunant
2462 3159 2589 3201 ante
2609 3143 3044 3213 unumquodque
3080 3144 3272 3196 horum
3302 3155 3443 3210 qua-

180 3226 436 3297 νηστείαν
464 3226 522 3293 ἑξ
550 3227 794 3297 ἀνάγκης
839 3226 1119 3298 νηστεύειν
1168 3227 1476 3295 ὀφείλομεν,
1513 3212 1758 3299 ἐδηλώθη

1866 3249 1985 3295 tuor
2018 3238 2281 3293 festorum
2314 3238 2435 3293 sine
2456 3236 2565 3289 ulla
2593 3236 2819 3291 omnino
2844 3233 3205 3288 excusatione
3229 3228 3443 3298 magnis

181 3322 240 3373 ἑν
272 3320 348 3390 τῷ
374 3321 621 3388 γεγονότι
659 3320 791 3388 παρ’
827 3318 985 3389 ἡμῶν
1037 3320 1195 3389 χάριν
1254 3318 1445 3371 τούτου
1491 3318 1753 3391 συνοδικῷ

1864 3325 2303 3382 emendabuntur
2336 3325 2540 3395 pmnis.

182 3414 354 3481 τόμῳ.
385 3410 451 3465 Οί
485 3410 615 3477 γοῦν
650 3410 724 3481 μὴ
756 3410 1110 3481 νηστεύοντες
1144 3411 1250 3481 πρὸ
1290 3411 1526 3481 ἑκάστης
1549 3411 1753 3467 τούτων
1792 3416 1900 3471 τῶν
1926 3419 2208 3488 τεσσάρων
2232 3418 2435 3489 ἑορτῶν
2475 3416 2616 3470 κατά
2683 3416 2745 3469 τὸ
2816 3414 2993 3485 πάντη
3046 3412 3441 3483 ἀπαραίτητον,

181 3504 245 3557 δι’
276 3503 572 3573 ἐπιτιμίων
601 3505 853 3575 μεγάλων
882 3505 1363 3575 διορθωθήσονται.

258 3597 462 3665 Ἔρὼτ.
494 3596 590 3650 νδ¹.
625 3598 690 3651 Oi
732 3597 873 3651 κατὰ
896 3599 1100 3661 ταύτας
1148 3599 1245 3661 τὰς
1272 3599 1527 3669 νηστείας
1553 3600 1759 3672 ἐγκρα-

182 3686 497 3755 τευόμενοι,
556 3686 694 3757 πρὸς
759 3688 816 3741 δὲ
882 3688 977 3741 καὶ
1033 3690 1082 3741 οἱ
1143 3690 1287 3742 κατά
1343 3690 1443 3753 τὰς
1496 3692 1760 3761 τετράδας

182 3778 277 3828 καὶ
323 3777 685 3845 παρασκευὰς
750 3777 1211 3848 ξηροφαγοῦντες,
1281 3780 1760 3851 ἑκχωρηθήσονται

181 3868 264 3920 διὰ
293 3868 558 3937 δευτέρας
584 3869 870 3939 τραπέζης
898 3871 1237 3941 θεραπεῦσαι
1297 3872 1396 3943 τὴν
1440 3872 1535 3925 τοῦ
1571 3872 1756 3943 σῶμα·

180 3976 266 4022 τος
289 3959 520 4025 ἔνδειαν,
563 3960 595 4030 ἢ
639 3960 700 4013 οὔ
730 3978 744 4026 ;

262 4048 466 4100 Ἀπόκ.
488 4046 760 4117 Κυρίωςή
783 4048 1100 4119 ἐγκράτεια,
1117 4049 1342 4120 νηστεία
1362 4049 1509 4103 ἐστίν
1530 4065 1543 4080 ·
1562 4053 1644 4105 ὃτι
1661 4052 1757 4104 καλ⁵

182 4136 537 4200 παθοκτόνος,
592 4138 692 4191 οὐκ
736 4139 1184 4209 ἀνθρωποκτόνος
1224 4141 1496 4195 καλεῖται.
1529 4142 1593 4194 Ei
1624 4141 1758 4209 γοῦν

180 4230 229 4282 oi
284 4228 774 4300 ἑγκρατευόμενοι,
826 4230 919 4285 διὰ
948 4229 1212 4285 σύστασιν
1256 4231 1350 4285 τοῦ
1382 4232 1631 4304 σώματος
1664 4232 1761 4288 καὶ

181 4319 443 4389 δευτέρας
502 4321 786 4391 τραπέζης
837 4323 1126 4392 δεηθῶσιν,
1178 4323 1241 4376 οὐ
1284 4323 1762 4394 προκριματισθή-

184 4427 390 4463 σονται.
449 4411 675 4475 Πάντως
728 4414 837 4483 γὰρ
872 4415 965 4466 καὶ
990 4415 1143 4468 αὐτοὶ
1182 4415 1281 4485 τὴν
1329 4415 1629 4484 ὁλοήμερον
1661 4416 1762 4468 οὐκ

1930 3598 2131 3654 Interr.
2163 3598 2251 3652 54.
2305 3596 2407 3664 Qui
2442 3598 2528 3652 his
2572 3595 2798 3665 jejuniis
2850 3592 3200 3649 continenter
3246 3598 3435 3659 agunt,

1859 3689 2045 3744 adltmc
2074 3699 2123 3743 et
2149 3688 2345 3742 diebus
2379 3686 2632 3742 Mercurii
2668 3694 2722 3740 et
2740 3683 2971 3739 Veneris
3000 3683 3172 3737 aridis
3204 3695 3438 3734 vescun-

1860 3790 1971 3845 tur,
1998 3780 2252 3835 sinentur
2281 3794 2378 3849 per
2412 3778 2797 3834 secundariam
2832 3791 3076 3831 mensam
3096 3788 3290 3828 curare
3312 3787 3441 3827 cor-

1862 3870 2013 3942 poris
2046 3870 2428 3941 indigentiam,
2466 3868 2685 3924 annon?

1938 4045 2096 4116 Resp.
2135 4044 2365 4116 Pr0prie
2410 4045 2778 4109 continentia,
2837 4041 3111 4111 jejunium
3150 4048 3271 4107 est;
3313 4039 3439 4108 quia

1868 4145 1925 4195 et
1960 4138 2287 4203 aﬂ'ecticida,
2325 4152 2433 4191 non
2466 4136 2738 4192 homicida
2781 4143 3028 4190 vocatur.
3062 4132 3119 4187 Si
3163 4148 3316 4199 ergo,
3347 4131 3441 4200 qui

1868 4230 2221 4286 continenter
2266 4231 2500 4292 vivunt,
2554 4229 2621 4283 ad
2680 4229 2933 4297 corporis
2984 4225 3439 4281 sustentationem

1869 4320 2197 4378 secundaria
2266 4333 2455 4374 mensa
2517 4318 2837 4385 indigeant,
2893 4314 3271 4385 prmjudicium
3332 4326 3444 4365 non

1869 4415 2168 4483 patientur.
2198 4410 2330 4464 Nam
2366 4424 2469 4463 nec
2495 4410 2548 4462 hi
2586 4417 2697 4463 tota
2725 4407 2811 4461 die
2846 4405 3247 4461 continentiam
3296 4401 3442 4456 infa-

180 4500 546 4570 ἀτιμάσουσιν
599 4473 949 4572 ἐγκράτειαν,
988 4503 1076 4557 διὰ
1112 4473 1405 4574 ἑσπερινῆς
1442 4473 1760 4573 ’ἀκρασίαᾳ

1872 4504 2099 4559 mabunt
2136 4518 2232 4573 per
2266 4500 2724 4557 incontinentiam
2776 4508 3103 4553 nocturnam
3128 4504 3180 4549 ιι.
3209 4495 3265 4548 ld
3294 4493 3442 4546 enim

182 4593 351 4648 Τοῦτο
379 4593 437 4645 δὲ
472 4596 822 4664 ποιήσαντες,
856 4595 1371 4666 ἑπιτιμηθήσονται.

262 4686 464 4752 Ἐρώτ.
503 4691 596 4741 γε’.
658 4686 818 4740 Κατά
863 4687 962 4759 τὴν
1020 4688 1345 4758 παραμονὴν
1388 4688 1488 4759 τῆς
1542 4689 1607 4741 ἑκ
1668 4705 1761 4741 νε-

182 4778 331 4850 κρῶν
364 4779 642 4851 ἑγέρσεως
676 4779 772 4833 τοῦ
804 4781 1016 4835 δικαίου
1052 4782 1326 4852 Λαζάρου,
1372 4785 1469 4835 καὶ
1497 4782 1636 4835 κατά
1658 4784 1760 4854 τὴν

183 4871 377 4943 ἑορτὴν
403 4871 513 4925 τῶν
562 4871 742 4939 Δγίων
764 4874 1210 4943 Τεσσαράκοντα,
1234 4874 1527 4936 ἀκινδύνως
1546 4874 1759 4927 τελείαν

184 4962 500 5033 ἱερουργίαν
556 4964 903 5035 ίερουργήσει
949 4982 1055 5029 τις,
1109 4966 1143 5035 ἢ
1196 4965 1291 5031 οῦ;
1337 4965 1612 5027 Ὡσαύτως
1664 4965 1760 5018 καὶ

182 5054 323 5106 κατὰ
347 5054 449 5123 τὴν
485 5054 613 5126 ὃλην
644 5056 810 5124 ἁγίαν
837 5058 1296 5128 Τεσσαρακοστην
1341 5057 1518 5123 ἔξεστι
1551 5056 1760 5126 βαπτί-

183 5144 317 5211 ζειν,
376 5145 411 5217 ἢ
469 5147 767 5216 ίερολογίας
822 5152 1017 5220 γάμων
1070 5150 1167 5204 καὶ
1214 5150 1519 5223 ανηστειῶν
1560 5152 1757 5216 ποιεῖν,

181 5236 342 5307 ἠοῦς

252 5328 452 5384 ’Δπόκ.
486 5327 547 5387 Ὀ
569 5329 644 5402 νβ’
659 5330 948 5403 κανὼντῆς
961 5334 1018 5387 ἑν
1037 5331 1115 5405 τῷ
1126 5329 1381 5404 Τρούλλῳ
1403 5328 1498 5385 τοῦ
1520 5327 1756 5403 μεγάλου

1870 4595 1915 4652 si
1962 4593 2211 4657 fecerint,
2241 4591 2670 4647 coercebuntur.

1941 4684 2139 4738 Interr.
2209 4683 2300 4738 55.
2364 4684 2421 4737 lu
2476 4682 2892 4752 exspectatione
2941 4674 3368 4734 resurrectionis
3410 4687 3443 4726 a

1870 4779 2103 4833 mortuis
2128 4777 2259 4845 justi
2298 4775 2513 4839 Lazari,
2554 4784 2607 4828 et
2652 4776 2704 4827 in
2750 4774 2886 4827 festo
2929 4770 3257 4824 Sanctorum
3291 4765 3442 4830 Qua-

1869 4871 2143 4939 draginta,
2174 4868 2291 4922 sine
2320 4868 2567 4937 periculo
2597 4864 2929 4919 sacrilicium
2965 4860 3239 4931 quispiam
3264 4856 3445 4926 perfe-

1868 4972 2017 5019 ctum
2065 4960 2407 5025 celebrabit,
2458 4958 2679 5012 annon?
2738 4956 2953 5011 Pariter
2982 4963 3035 5009 et
3082 4959 3196 5006 tota
3246 4956 3439 5004 sancta

1868 5055 2231 5124 Quadragena
2275 5053 2411 5107 licet
2466 5050 2779 5121 baptizare,
2859 5054 2955 5101 aut
3030 5040 3441 5098 benedictiones

1867 5147 2190 5218 nuptiarum
2218 5144 2740 5216 sponsaliorumque
2770 5139 2977 5204 facere,
3011 5132 3235 5191 annon?

1937 5325 2094 5397 Resp.
2113 5323 2619 5397 Quinquagesimus
2643 5318 2920 5378 secundus
2945 5330 3127 5374 canon
3148 5320 3355 5371 sanctze
3383 5317 3439 5365 et

1464 5521 1695 5579 VARUE
1751 5515 2162 5577 LECTIONES.

254 5655 299 5687 ”
331 5655 777 5726 διακαινησίμου.

258 5790 277 5831 ι
312 5794 553 5863 Augusto
594 5810 785 5858 mense.
822 5794 1088 5864 jejunium
1124 5803 1351 5849 servaret
1381 5811 1399 5847 :

1502 5808 1541 5836 ιι
1571 5814 1659 5851 seu
1696 5816 1727 5852 a
1754 5796 2061 5863 municipali
2082 5796 2309 5864 quodam
2336 5792 2560 5864 decreto.

2658 5797 2683 5825 ³³
2714 5787 2944 5844 Omnino
2979 5792 3148 5837 tamen
3198 5789 3286 5830 nec
3336 5770 3434 5837 ipsi

189 5873 302 5918 tota
324 5862 409 5918 die
430 5866 789 5919 continuatam
819 5862 1247 5935 temperantiam,
1272 5882 1361 5935 per
1390 5870 1739 5936 t'espcrtt'nam
1780 5862 2241 5936 intemperantiam
2295 5862 2685 5933 deformabunt.
