4188 6446
738 448 873 516 ῙΟξἹ

732 667 844 718 tus.
882 665 935 710 et
992 671 1087 723 per
1120 656 1226 709 vim
1276 656 1635 712 orthodoxam
1698 660 1855 712 tidem
1911 660 2182 728 ejuratus,
2240 674 2304 714 ac

733 748 1117 811 circumcisus,
1140 748 1350 817 absque
1386 750 1796 804 intermissione
1838 749 1951 805 fere
2005 749 2303 804 immuud’-

734 837 863 891 tiem
921 837 1101 903 dcﬂet,
1158 848 1212 893 et
1272 840 1412 893 clam
1472 856 1595 895 cum
1659 839 1980 896 orthodoxis
2026 839 2303 906 convenit,

733 929 1062 1000 invocatque
1090 935 1344 987 salutem.
1380 932 1517 997 Quia
1548 941 1731 987 autem
1767 933 1883 987 vult
1930 940 2306 987 sacramento-

735 1034 856 1072 rum
903 1020 1019 1074 lieri
1070 1024 1370 1092 particeps,
1417 1023 1741 1093 qumrimus,
1793 1022 1924 1095 quid
1968 1024 2043 1079 sit
2104 1021 2306 1077 facien-

733 1109 886 1165 dum.

806 1201 964 1273 Resp.
1007 1202 1348 1258 Ccrtantium
1397 1214 1527 1260 sunt
1587 1221 1823 1273 coronae,
1855 1218 1905 1263 et
1932 1208 2196 1263 Dominus
2241 1223 2306 1264 ac

738 1294 879 1345 Deus
915 1303 1106 1348 noster
1135 1292 1294 1349 Jesus
1328 1294 1623 1350 Christus:
1661 1296 1716 1350 Si
1750 1297 1873 1365 quis
1922 1313 2007 1352 me
2039 1299 2305 1354 confitea-

737 1394 825 1436 tur
846 1424 861 1448 ,
889 1385 1105 1455 inquit,
1134 1400 1317 1440 coram
1374 1387 1689 1443 hominibus
1716 1429 1730 1452 ,
1765 1399 1817 1445 et
1857 1404 1958 1459 ego
2005 1392 2309 1446 conﬁtebor

738 1492 861 1531 eum
889 1492 1074 1531 coram
1108 1476 1268 1531 Patre
1300 1493 1443 1543 meo,
1480 1481 1571 1549 qui
1621 1480 1674 1535 in
1716 1482 1877 1537 caelis
1921 1491 2027 1538 est.
2064 1483 2307 1537 Immun-

733 1564 863 1618 dum
921 1581 1054 1636 ergo
1106 1583 1225 1632 vas,
1279 1569 1344 1623 ad
1391 1571 1800 1639 susceptionem
1856 1574 2143 1641 unguenti,
2197 1588 2305 1643 qua

735 1657 941 1712 mentis
999 1659 1331 1715 alienatione
1373 1663 1727 1717 admittetur?
1774 1663 2141 1730 Quamobrem
2176 1680 2309 1720 con-

732 1746 1062 1801 solationem
1090 1750 1313 1816 quidem
1346 1751 1739 1821 episcopicam,
1772 1764 1828 1808 et
1875 1755 2023 1809 aliud
2054 1756 2307 1825 spiritale

732 1838 1064 1906 colloquium
1094 1840 1183 1894 ille
1226 1842 1304 1895 sic
1362 1845 1661 1911 paenitens,
1699 1854 1752 1900 et
1805 1846 1946 1900 bona
1994 1850 2305 1903 mutatione

734 1928 934 1982 mutari
977 1932 1192 1995 VOIt'IlS,
1224 1936 1661 2000 promerebitur;
1720 1936 1814 1991 sed
1870 1940 2076 1994 sanctis
2124 1954 2310 1995 sacra-

734 2025 933 2075 mentis
960 2024 1159 2094 dignus
1179 2042 1285 2079 non
1312 2027 1625 2082 habebitur.
1651 2029 1817 2084 Delet
1839 2032 1983 2085 enim
2008 2033 2307 2101 impietatis

733 2116 925 2171 sordes
954 2118 1197 2181 abluere,
1231 2128 1283 2171 et
1313 2120 1385 2172 ita
1410 2119 1622 2175 admitti
1650 2140 1663 2175 :
1689 2130 1742 2175 et
1778 2132 1904 2191 post
1939 2126 2307 2192 praestitutum

732 2219 950 2279 tempus
978 2220 1179 2265 sanctae
1232 2216 1397 2269 etiam
1430 2216 1950 2273 communicationis
2011 2217 2101 2274 [iet
2134 2220 2309 2289 parti-

731 2314 881 2370 ccps.

803 2388 1004 2445 Inmr.
1066 2391 1156 2445 59.
1204 2391 1535 2449 Vicanorum
1592 2396 1765 2451 turba:
1820 2411 1968 2461 eum,
2025 2399 2117 2467 qui
2176 2398 2309 2469 ipsis

730 2481 948 2535 videtur
976 2498 1098 2539 esse
1126 2484 1326 2553 dignus
1370 2488 1688 2556 episc0pali,
1719 2488 1801 2542 vel
1847 2488 2183 2544 sacerdotali
2226 2490 2304 2543 di-

738 2575 968 2645 gnitate,
1000 2575 1133 2630 mihi
1176 2577 1468 2641 exhibent;
1505 2588 1804 2647 petuntque
1836 2588 1895 2633 ut
1945 2580 2063 2635 sine
2090 2579 2308 2650 repulsa

738 2668 1088 2720 renuntietur
1118 2668 1520 2739 ordineturque
1550 2669 1820 2738 pontifex,
1876 2678 1972 2725 aut
2022 2672 2304 2737 sacerdos,

733 2756 817 2809 vel
880 2757 1170 2812 diaconus.
1229 2758 1428 2823 Oller
1490 2759 1691 2829 igitur,
1753 2775 1819 2815 an
1875 2763 2308 2821 acclamationes

734 2848 919 2917 populi
947 2850 1098 2918 sequi
1136 2852 1434 2918 compellar
1458 2852 1507 2904 δ.

804 2937 959 3005 Resp.
1002 2938 1140 2993 Olim
1172 2940 1467 3010 aliquando
1496 2942 1876 2999 ordinationes
1902 2945 2304 3016 episcoporum,

730 3037 785 3081 et
817 3030 1157 3097 reliquorum
1184 3031 1361 3085 sacris
1408 3031 1747 3087 iuitiatorum
1780 3034 2073 3090 ordinibus
2105 3036 2309 3092 ﬁebant

733 3137 829 3191 per
856 3123 1180 3179 electionem
1215 3125 1606 3188 multitudinis,
1635 3140 1959 3197 eorumque,
2015 3129 2110 3197 qui
2141 3129 2305 3185 simul

733 3213 1099 3282 impvrabant.
1133 3214 1387 3270 Decimus
1428 3218 1625 3271 tertius
1675 3227 1856 3271 autem
1888 3233 2064 3274 canon
2111 3220 2308 3276 Laodi-

732 3319 883 3358 cenze
928 3305 1144 3375 synodi,
1191 3317 1242 3361 et
1291 3306 1325 3361 5
1376 3323 1550 3363 canon
1599 3320 1804 3364 sanctae
1852 3321 1906 3365 et
1949 3315 2305 3369 oecumenicze

730 3396 763 3449 7
796 3398 1007 3466 synodi,
1046 3398 1353 3463 lmjusmodi
1401 3402 1777 3457 ordinationes
1822 3403 1889 3456 ab
1930 3405 2305 3462 ecclesiastico

735 3487 922 3555 rejecit
960 3497 1124 3544 statu.
1158 3490 1250 3545 Ille
1291 3491 1436 3545 enim
1487 3493 1584 3557 ait,
1636 3495 1812 3549 turbis
1866 3510 1973 3549 non
2025 3512 2147 3553 esse
2180 3514 2306 3567 per-

734 3580 1057 3635 mittendum
1091 3596 1300 3647 eorum,
1331 3585 1421 3652 qui
1458 3594 1587 3639 sunt
1642 3588 1693 3640 in
1734 3589 2047 3643 sacerdotio
2100 3593 2308 3646 consti-

733 3669 949 3737 tuendi,
982 3670 1307 3728 electionem
1351 3674 1551 3729 facere.
1604 3676 1700 3731 llic
1730 3688 1911 3732 autem
1948 3683 2303 3748 pronuntiat:

730 3762 959 3817 Omnem
992 3764 1337 3830 electionem,
1398 3782 1519 3836 quae
1554 3768 1609 3821 iit
1653 3787 1680 3821 a
1715 3771 2147 3839 magistratibus,
2190 3777 2307 3844 epi-

729 3854 911 3924 scopi,
947 3856 1030 3910 vel
1064 3858 1389 3928 presbyteri,
1418 3860 1498 3914 vel
1527 3859 1768 3925 diaconi,
1800 3864 2010 3917 irritam
2043 3881 2303 3922 manere:

731 3961 799 3999 ex
826 3960 1037 4000 canone
1073 3948 1308 4011 dicente,
1344 3947 1400 4002 Si
1434 3951 1559 4019 quis
1618 3953 1910 4022 episcopus
1944 3958 2306 4013 saacularibus

733 4039 1145 4107 magistratibus
1184 4056 1337 4105 usus,
1373 4057 1470 4111 per
1501 4057 1596 4097 eos
1649 4044 1937 4099 ecclesiam
1981 4047 2304 4112 obtinuerit,

731 4127 1040 4197 deponatur
1064 4170 1079 4193 ,
1113 4137 1166 4185 et
1211 4141 1564 4201 segregetur,
1607 4142 1659 4187 et
1694 4150 1885 4189 omnes
1939 4138 2029 4206 qui
2088 4154 2212 4192 cum
2241 4156 2307 4195 eo

734 4221 1166 4275 communicant.
1203 4220 1426 4290 Oportet
1455 4224 1600 4278 enim
1626 4239 1773 4287 eum,
1803 4228 1897 4295 qui
1957 4236 2039 4282 est
2088 4245 2308 4298 promo-

736 4311 947 4364 vendns
971 4310 1036 4365 ad
1064 4312 1465 4382 episcopatum,
1495 4314 1562 4369 ab
1585 4316 1858 4385 episcopis
1902 4318 2026 4385 eligi
2050 4361 2063 4379 .
2115 4334 2310 4387 quem-

735 4400 1029 4454 admodum
1066 4416 1094 4454 a
1121 4404 1331 4457 sanctis
1370 4402 1628 4459 Patribus
1658 4403 1835 4460 Niceti:
1886 4406 2166 4462 decretum
2203 4418 2306 4473 est,

735 4493 790 4544 in
827 4506 1039 4546 canone
1072 4494 1165 4562 qui
1202 4494 1370 4548 dicit:
1419 4494 1751 4565 Episcopum
1797 4506 2015 4567 oportet
2073 4502 2309 4554 maxime

2030 448 2168 510 JUS
2206 448 2647 510 CANONICUM

802 565 1000 619 Iuterr.
1036 565 1125 619 58.
1166 565 1516 620 ()rtbodoxus
1545 566 1764 633 quidam
1786 566 1852 619 ab
1877 567 2141 633 Agarenis
2169 581 2295 637 cap-
2332 569 2378 624 A

3857 443 3996 507 π’δῖ

2490 567 2687 632 Ἐρώτ·
2766 574 2866 637 νη¹.
2961 565 3269 637 Ὀρθὸδοξός
3357 582 3441 620 τις
3528 564 3997 634 αἱχμα)ωτ·σθε”ι;

2408 659 2562 726 παρα
2609 658 2946 728 ’Λγαρηνῶ-ι,
3002 659 3092 710 καὶ
3124 658 3265 711 κατὰ
3299 657 3421 727 βίαν
3456 657 3552 726 τὴν
3592 657 3872 725 όρθόδοξον
3904 657 3993 706 πῖ-

2410 765 2528 801 στιν
2577 748 3002 817 ἐξομοσάμενος,
3034 748 3128 801 καὶ
3184 747 3567 818 περιτμηθεῖς,
3589 747 3765 799 διόλου
3804 748 3993 814 σχεδον

2406 840 2506 910 τὴν
2536 841 2881 911 ἀκαθαρσίαν
2918 842 3299 907 ἀποκλαίεται,
3337 842 3432 893 καὶ
3480 841 3616 910 μετα
3643 840 3751 893 τῶν
3775 840 3994 909 596966-

2408 932 2514 999 ξων
2552 932 2825 1001 λαθραίως
2860 934 3199 1001 συνέρχεται,
3227 935 3318 986 καὶ
3353 932 3451 1001 τὴν
3480 932 3754 999 σωτηρίαν
3782 932 3993 984 ἀνακα-

2407 1022 2599 1076 λεῖται.
2647 1022 2802 1075 Ἐπεὶ
2840 1022 2896 1074 δὲ
2928 1023 3103 1075 ἐθέλει
3133 1021 3227 1075 καὶ
3260 1024 3369 1074 τῶν
3414 1022 3775 1090 ἁγιασματων
3828 1040 3993 1087 μετα-

2407 1114 2733 1181 λαμεάνειν,
2762 1113 3035 1185 ζητοῦμεν
3061 1116 3122 1168 τὸ
3144 1116 3397 1185 ποιητέον
3427 1114 3641 1183 μαθεῖν.

2492 1205 2695 1259 Ἀπόκ.
2729 1205 2850 1256 Τῶν
2875 1206 3293 1275 ἀγωνιζομένων
3323 1207 3462 1258 εἰσὶν
3499 1206 3547 1256 οἱ
3584 1203 3863 1270 στέφανοι.
3898 1204 3991 1254 καὶ

2409 1298 2437 1351 ὁ
2466 1297 2668 1369 Κύριος
2701 1298 2795 1349 καὶ
2814 1296 2947 1360 Θεὸς
2976 1298 3133 1367 ἡμῶν
3166 1296 3375 1365 Ἰησοῦς
3409 1297 3669 1366 Χριστός.
3720 1294 3784 1347 Εἰ
3813 1293 3896 1353 τίς
3925 1312 3992 1362 με

2408 1388 2757 1459 ὁμολογήσει,
2790 1388 2974 1458 φησὶν,
3010 1388 3321 1459 ἔμπροσθεν
3347 1387 3455 1440 τῶν
3484 1386 3812 1456 ἀνθρώπων,
3839 1386 3994 1451 κατεῖ»

2409 1480 2729 1551 ὁμολογήσω
2750 1480 2913 1532 αὐτὸν
2968 1479 3279 1550 ἔμπροσθεν
3314 1479 3408 1532 τοῦ
3436 1478 3646 1547 Πατρός
3686 1496 3789 1547 μου
3820 1476 3911 1529 τνιῦ
3938 1478 3994 1528 ἐν

2410 1573 2681 1642 οὐρανοῖς.
2724 1572 3061 1642 ’Δκάθαρτον
3115 1570 3247 1639 γοῦν
3295 1573 3515 1637 ἀγγεῖον
3545 1569 3679 1640 πρὸς
3721 1570 3993 1636 ὑποδοχὴν

2414 1662 2587 1733 μύρου
2623 1662 2738 1725 πῶς
2768 1662 3267 1733 παραφρονοῦντως
3304 1662 3669 1731 δεχθίσεται;
3717 1662 3810 1714 Διὸ
3857 1679 3996 1731 παρα

2412 1755 2638 1824 ηγορίας
2694 1755 2793 1825 μὲν
2835 1754 3206 1825 ἐπισκοπικῆς
3260 1756 3356 1807 καὶ
3404 1754 3569 1822 ἄλλης
3610 1753 3994 1821 πνευματικῆς

2412 1844 2649 1914 ὁμιλίας,
2702 1846 2731 1896 ό
2782 1844 2925 1897 οὕτω
2985 1846 3282 1915 μετανοῶν,
3337 1845 3434 1897 καὶ
3481 1844 3581 1913 τὴν
3618 1844 3791 1911 καλὴν
3824 1844 3994 1896 θὲὶων

2410 1935 2769 2006 ἀλλοιωθῆναι
2804 1935 3107 2000 ἀλλοίωσιν,
3143 1935 3508 2003 ἀξιωθήσεται
3530 1951 3543 1965 ·
3595 1934 3703 1987 τῶν
3729 1934 3786 1987 δέ
3820 1936 3996 2000 ἁγίων

2414 2028 2732 2097 μυστηρίων
2782 2029 2881 2080 οῦκ
2917 2027 3305 2096 ἀξιωθήσεται.
3331 2028 3606 2096 Πρότερον
3639 2027 3749 2095 γὰρ
3788 2028 3992 2080 ἆεεέλει

2408 2119 2509 2187 τῆς
2549 2120 2802 2182 ἀσεϐείας
2969 2120 3270 2191 βεϐηλωσιν
3290 2119 3676 2187 ἀπονίψασθαι,
3704 2122 3995 2181 καίοῦτως

2408 2209 2666 2280 δεχθῆναι
2693 2225 2706 2239 '
2752 2212 2844 2263 καὶ
2904 2212 3041 2279 μετὰ
3076 2210 3167 2261 τὸν
3220 2208 3607 2278 νενομισμένον
3669 2210 3862 2278 καιρὶν
3903 2210 3995 2260 καὶ

2409 2302 2508 2372 τῆς
2541 2303 2703 2368 ἁγίας
2744 2301 3096 2371 μεταλήψεως
3126 2303 3413 2370 γενήσεται
3446 2301 3689 2369 μέτοχος.

2493 2395 2685 2461 Ἐρώτ.
2722 2394 2820 2448 νϐ’.
2858 2393 3044 2463 Πλήθη
3095 2393 3365 2463 χωριτικα
3414 2392 3506 2444 τὸν
3554 2391 3817 2443 δοκοῦντα
3861 2389 3991 2442 τοῦ-

2409 2502 2521 2548 τοις
2550 2486 2697 2550 ἄξιον
2734 2482 2873 2539 εἶναι
2912 2488 3048 2556 πρὸς
3092 2484 3307 2554 ἀξίωμα
3357 2486 3713 2537 ἐπισκοπικὶν
3759 2485 3791 2554 ἦ
3842 2487 3995 2552 ἱερα-

2410 2579 2560 2632 τικὸν
2593 2580 2900 2649 παριστῶσί
2933 2596 3022 2649 μοι
3046 2593 3062 2609 °
3096 2580 3191 2632 καὶ
3218 2577 3443 2649 ζητοῦσι
3495 2576 3637 2629 κατὰ
3662 2577 3718 2629 τὲ
3752 2579 3998 2645 ἀπαραί-

2410 2688 2572 2742 τητον
2595 2671 3034 2741 ἐπικηρυχθῆναι
3060 2670 3157 2723 καὶ
3214 2669 3661 2739 χειροτονηθῆναι
3702 2670 3995 2737 ἀρχιερέα,

2410 2765 2442 2835 ἢ
2474 2763 2741 2818 διάκονον.
2784 2763 2941 2833 Ζητῶ
2966 2763 3144 2815 τοίνυν
3181 2760 3374 2831 μαθεῖν
3424 2763 3475 2813 εί
3506 2764 3626 2823 ταῖς
3656 2764 3862 2829 φωναῖς
3887 2763 3998 2813 τίν

2409 2856 2581 2928 ὄχλων
2605 2855 3030 2924 ἀναγκαζόμεθα
3059 2854 3503 2907 κατακολουθεῖν.

2494 2952 2614 3003 Ἀπ.
2641 2947 2822 3002 Πάλαι
2845 2947 2975 3000 ποτε
3000 2948 3054 2999 αί
3081 2946 3408 3017 χειροτονίαι
3428 2944 3539 2997 τῶν
3566 2945 3886 2997 ἐπισκόπων
3902 2947 3998 2996 καὶ

2409 3040 2520 3094 τῶν
2556 3040 2760 3093 λοιπῶν
2813 3040 3129 3111 ἱερωμένων
3162 3039 3231 3091 δι’
3282 3036 3544 3104 ἐπιλογῆς
3575 3036 3669 3089 τοῦ
3706 3037 3865 3104 ὄχλου
3898 3039 3995 3088 καὶ

2409 3133 2519 3186 τῶν
2550 3132 3137 3203 παραδυναστευόντων
3163 3131 3397 3196 ἐγίνοντο
3422 3148 3434 3160 ·
3464 3132 3491 3183 ὀ
3512 3130 3567 3181 δὲ
3592 3137 3657 3195 ιγ
3687 3131 3867 3181 κανὼν
3899 3132 4000 3197 τῆς

2335 3241 2378 3299 c
2412 3229 2470 3279 ἐν
2505 3223 2796 3293 Λαοδικείᾳ
2828 3224 3070 3284 συνόδου,
3106 3224 3199 3274 καί
3230 3223 3258 3273 ὀ
3288 3221 3333 3288 γ’
3358 3220 3539 3273 κανὼν
3577 3222 3672 3289 τῆς
3702 3221 3870 3286 ἁγίας
3900 3222 4001 3271 καὶ

2407 3315 2792 3383 οίκουμενικῆς
2848 3313 2891 3376 ζ’
2929 3315 3145 3367 συνόδου
3168 3354 3183 3377 ,
3226 3315 3322 3371 τας
3360 3313 3616 3375 τοιαύτας
3654 3312 3996 3380 χειροτονίας

2410 3405 2520 3458 ἀπὸ
2554 3408 2653 3475 τῆς
2685 3404 3150 3474 ὲκκλησιαστικῆς
3186 3405 3535 3467 ἁπεξὲνωσαν
3574 3403 3998 3463 καταστάσεως.

2424 3499 2481 3551 Ὀ
2524 3498 2623 3567 μὲν
2644 3498 2752 3569 γάρ
2780 3514 2914 3565 φησι
2944 3498 3072 3565 περὶ
3103 3495 3196 3549 τοῦ
3221 3496 3294 3565 μὴ
3323 3495 3504 3564 δχλοις
3546 3494 3870 3560 ἐπιτρέπειν
3902 3494 4002 3554 τὰς

2409 3588 2641 3656 ἐκλογὰς
2690 3588 2959 3641 ποιεῖσθαι
2997 3586 3106 3640 τῶν
3151 3586 3457 3655 μελλόντων
3506 3584 3872 3637 καθίστασθαι
3923 3586 4003 3646 εἰς

2413 3682 2710 3748 ίερατεῖον·
2751 3680 2779 3731 ὁ
2814 3678 2870 3731 δὲ
2916 3676 3089 3730 ταῦτα
3119 3676 3361 3739 διέξεισι,
3397 3676 3585 3727 Πίσαν
3634 3674 3819 3742 ψῆςον
3843 3692 3999 3739 τινος

2416 3772 2585 3843 μένην
2615 3771 2765 3841 παρὰ
2793 3771 2903 3823 τῶν
2925 3770 3225 3839 ἀρχόντων,
3253 3769 3579 3831 ἐπισκόπου,
3620 3768 3652 3836 ἦ
3690 3768 4004 3835 πρεσϐυτέ-

2414 3877 2530 3931 ρου,
2562 3861 2593 3929 ἢ
2618 3860 2895 3921 διακόνου,
2928 3860 3131 3928 ἄκυρον
3160 3857 3361 3926 μένειν,
3393 3858 3533 3908 κατα
3564 3857 3654 3908 τὸν
3676 3858 3886 3909 κανόνα
3910 3858 4004 3908 τον

2410 3951 2657 4020 λέγοντα.
2695 3952 2761 4003 Εἴ
2785 3968 2867 4013 τις
2890 3950 3186 4011 ἐπίσκοπος
3213 3950 3495 4017 κοσμικοῖς
3526 3948 3756 4017 ἄρχουσι
3788 3949 4005 4015 χρησα-

2414 4059 2595 4112 μενος,
2626 4042 2693 4095 δι’
2720 4041 3184 4111 αὖτῶνὲγκρατὴς
3210 4040 3506 4109 ἐκκλησίας
3527 4040 3775 4108 γένηται,
3799 4040 3994 4091 καθαι-

2415 4134 2615 4204 ρείσθω
2662 4134 2755 4185 καὶ
2810 4132 3177 4202 ἁφοριζέσθω,
3216 4132 3313 4184 καὶ
3338 4133 3389 4184 οἱ
3435 4130 3825 4190 κοινωνοῦντες
3850 4132 4006 4199 αῦτῷ

2413 4226 2639 4287 πάντες.
2667 4227 2758 4276 Δεῖ
2774 4224 2883 4293 γὰρ
2910 4224 3000 4281 τὸν
3028 4223 3295 4292 μέλλοντα
3317 4222 3752 4292 προεισάζεσθαι
3780 4225 3860 4285 εἰς
3885 4224 4009 4273 ἐπι-

2414 4318 2645 4385 σκοπὴν,
2702 4316 2806 4369 ὐπὸ
2850 4314 3168 4367 ἐπισκόπων
3219 4312 3585 4384 ψηφίζεσθαι·
3658 4313 3844 4375 καθὼς
3908 4322 4005 4367 καὶ

2414 4409 2569 4478 παρὰ
2602 4405 2715 4469 τῶν
2739 4404 2911 4474 ἁγίων
2972 4406 3234 4477 Πατέρων
3271 4405 3382 4457 τῶν
3418 4406 3475 4457 ἐν
3501 4404 3707 4473 Nini;
3740 4404 4003 4473 ὦριτται,

2413 4502 2470 4553 ἐν
2491 4500 2568 4569 τῷ
2603 4498 2788 4551 κανόνι
2822 4497 2899 4566 τῷ
2921 4497 3159 4565 λέγοντι.
3212 4498 3549 4549 Ἐπίσκοπον
3594 4501 3865 4565 προσήκει
3893 4497 4005 4564 μά-

736 4582 954 4651 quidem
986 4584 1055 4637 ab
1078 4584 1354 4652 omnibus,
1389 4587 1483 4655 qui
1511 4596 1639 4641 sunt
1672 4588 1724 4641 in
1764 4589 2062 4657 provincia,
2093 4591 2303 4645 consti-

2414 4593 2572 4644 λιστα
2596 4592 2693 4660 μὲν
2722 4590 2825 4643 ὑπὸ
2858 4591 3075 4643 πάντων
3108 4588 3216 4641 τῶν
3246 4592 3304 4641 ἐν
3351 4591 3417 4657 τῇ
3459 4588 3702 4657 ἐπαρχία
3733 4589 4003 4640 καθίσταο

742 4675 949 4730 ιιιίιεὶ
1012 4687 1199 4729 autem
1257 4676 1358 4731 hoc
1430 4676 1646 4733 diﬂicile
1698 4678 1887 4741 fuerit,
1947 4680 2030 4733 vel
2088 4691 2310 4750 propter

742 4773 1029 4833 urgentem
1071 4767 1484 4832 necessitatem,
1545 4768 1626 4821 vel
1660 4778 1882 4837 propter
1931 4770 2031 4823 vim
2066 4771 2308 4841 longitu-

738 4858 945 4918 dinem,
973 4868 1083 4912 tres
1106 4860 1331 4913 omnino
1347 4858 1537 4913 eodem
1560 4860 1973 4924 convenientes,
1996 4861 2062 4915 iis
2091 4877 2310 4932 quoque

736 4949 828 5017 qni
863 4950 1087 5012 absunt,
1120 4951 1281 5004 simul
1306 4950 1630 5021 suﬂragium
1665 4950 1987 5016 ferentibus,
2026 4961 2081 5007 et
2116 4967 2306 5009 assen-

734 5039 1000 5095 tientibus
1054 5056 1152 5111 per
1217 5042 1465 5107 litteras,
1506 5050 1635 5096 tunc
1703 5041 1885 5097 facere
1954 5044 2305 5101 electionem.

738 5130 938 5186 Eorum
981 5141 1187 5199 autem,
1247 5148 1368 5203 quae
1421 5147 1451 5187 a
1513 5148 1573 5189 se
1629 5134 1787 5200 lium,
1836 5134 2306 5192 conﬁrmationem

738 5222 871 5278 dare
918 5224 1216 5294 unicuique
1265 5226 1706 5296 metropolitano.

810 5312 1009 5371 Imm.
1042 5316 1132 5373 60.
1165 5316 1346 5373 Liberi
1368 5334 1435 5373 ex
1464 5320 1725 5375 secundis
1770 5320 1976 5390 nuptiis
2008 5326 2304 5393 procreati,

736 5417 789 5462 et
825 5409 919 5479 qui
951 5424 1014 5463 ex
1046 5410 1284 5476 ancillis,
1321 5426 1386 5467 ac
1418 5413 1774 5479 concubinis,
1812 5414 2122 5471 sacerdotio
2151 5417 2304 5487 digni

739 5498 1149 5567 iudicabuntur,
1185 5502 1410 5557 annon?

812 5593 962 5663 Resp.
988 5595 1360 5651 Secundarum
1395 5596 1708 5665 nuptiarum
1744 5598 1896 5654 liberi
1920 5599 2065 5654 nulla
2091 5602 2305 5659 ratione

2420 4684 2545 4737 σθαι
2568 4699 2581 4712 ·
2612 4685 2659 4733 εί
2684 4682 2736 4734 δὲ
2763 4682 3023 4751 δυσχερὲς
3051 4684 3135 4750 εἴη
3163 4680 3344 4739 τοῦτο,
3377 4678 3521 4749 ῆδια
3554 4683 4004 4745 κατεπείγουσαν

2416 4777 2683 4845 ἀνάγκην,
2713 4774 2745 4841 ἦ
2776 4774 2864 4826 διὰ
2898 4774 3071 4843 μῆκος
3103 4772 3246 4836 ὁδοῦ,
3280 4772 3339 4837 ἐξ
3368 4772 3608 4834 Ξπαντος
3642 4773 3796 4840 τρεῖς
3826 4772 3923 4823 ἐπὶ
3945 4773 4006 4823 τὸ

2416 4869 2550 4922 αὐτὸ
2578 4868 2999 4935 συναγομένους,
3057 4865 3365 4934 συμψήφων
3417 4864 3723 4932 γινομένων
3769 4864 3866 4915 καὶ
3893 4864 4004 4914 τῶν

2415 4960 2684 5024 ἀπόντων,
2739 4958 2833 5011 καὶ
2885 4956 3286 5025 συντιθεμένων
3335 4954 3424 5008 διὰ
3461 4955 3835 5023 γραμμάτων,
3877 4955 4003 5005 τότε

2416 5050 2515 5120 τὴν
2546 5048 2880 5119 χειροτονίαν
2925 5045 3220 5100 ποιεῖσθαι.
3257 5046 3332 5099 Τὸ
3360 5045 3415 5098 δὲ
3444 5043 3615 5113 κῦρος
3642 5044 3751 5096 τῶν
3779 5045 4006 5113 γινομέ-

2415 5158 2524 5195 νων
2561 5140 2798 5194 δίδοσθαι
2855 5138 2979 5193 καθ“
3006 5137 3247 5208 ἑκάστην
3294 5135 3567 5206 ἐπαρχίαν
3598 5134 3678 5205 τῷ
3712 5151 4003 5205 μητροπο-

2415 5230 2562 5286 λίτη.

2502 5249 2701 5391 ἓίρώτ.
2749 5320 2812 5387 ξ’.
2850 5321 2915 5375 Oi
2958 5318 3053 5373 τοῦ
3102 5317 3359 5388 δευτέρου
3388 5315 3569 5385 γάμου
3620 5316 3839 5379 παῖδες,
3898 5318 3998 5369 καὶ

2418 5417 2469 5471 οἱ
2500 5415 2607 5469 ἀπὸ
2630 5414 2887 5468 δουλίδων
2941 5413 3038 5467 καὶ
3086 5409 3381 5466 παλλακῶν
3418 5407 3725 5479 τεχθέντες,
3756 5408 4001 5478 ἀξιωθή-

2423 5525 2607 5562 σονται
2636 5506 2961 5579 ἱερωσύνης,
2998 5505 3031 5575 ἢ
3058 5504 3154 5571 οῦς

2484 5604 2542 5656 Ἀ
2555 5602 2696 5656 adn.
2724 5601 2787 5653 Ol
2807 5599 2900 5653 τοῦ
2918 5598 3171 5669 δευτέρου
3190 5596 3368 5667 γάμου
3395 5596 3581 5659 παῖδες
3598 5594 3658 5659 ἐξ
3676 5590 3891 5655 οὐδενὸς
3915 5591 4001 5644 λό’

2010 5775 2237 5833 ΥΛΙΗΑΞ
2277 5776 2567 5834 LECTION
2576 5777 2675 5833 ES.

815 5864 840 5903 ῒ·
868 5879 932 5917 an
980 5880 1120 5918 voces
1158 5880 1431 5934 reputare:
1479 5868 1620 5933 sequi
1656 5882 1919 5935 cogamur.
