4188 6446
764 415 905 479 1095

2052 408 2082 467 ,ἶ
2093 407 2190 468 US
2229 402 2673 466 CANONICUM

3888 406 4032 472 1096

760 533 846 587 sin
923 543 987 582 ex
1052 523 1267 580 luxuria
1329 530 1383 578 et
1441 522 1722 593 petatione
1785 521 1989 587 nimia,
2050 536 2148 577 nec
2198 519 2333 583 hic,

2456 518 2502 571 3i
2561 519 2619 573 δὲ
2674 522 2738 573 ὲκ
2800 518 3016 591 τρυῳῆς
3062 519 3154 573 καὶ
3216 518 3600 585 πολυποσίας,
3661 521 3803 591 μήτε
3846 518 4029 583 οὗτος.

770 636 872 677 nec
907 620 1018 674 ille.
1046 646 1116 658 —
1143 613 1342 669 lnterr.
1382 614 1486 681 Qui
1515 627 1707 684 captus
1732 628 1761 667 a
1794 613 2110 685 gentilibus,
2142 621 2196 669 et
2227 626 2343 665 am-

759 716 950 785 plexus
992 708 1312 777 religionem
1355 721 1644 778 paganam,
1677 716 1841 777 atque
1875 708 1928 761 in
1959 707 2129 761 eunti
2166 706 2343 776 pollu-

760 814 849 858 tus
905 799 1135 854 necdum
1210 807 1390 851 tamen
1439 797 1619 852 factus
1667 805 1752 852 est
1798 796 2175 854 Musulmanus
2206 795 2342 868 (40),

762 909 832 949 an
883 891 1162 946 unctionis
1194 890 1251 944 fit
1284 888 1593 960 particeps?
1626 890 1709 945 vel
1743 890 1837 959 qui
1869 899 1991 943 vota
2016 889 2151 943 dirae
2183 904 2341 943 man-

765 981 1076 1039 duCalionis
1096 981 1317 1049 accipit,
1338 995 1404 1031 an
1428 980 1592 1033 etiam
1626 979 2027 1035 communicat?
2057 978 2212 1047 Resp.
2238 978 2340 1044 Qui

761 1076 896 1131 d.rte
926 1070 1368 1127 rnandncationis
1404 1069 1579 1125 factus
1615 1080 1699 1125 est
1735 1072 2029 1141 particeps,
2062 1070 2343 1127 Christum

764 1176 965 1238 negat;
999 1180 1098 1218 nec
1136 1160 1427 1217 confestim
1461 1161 1673 1215 admitti
1715 1169 1917 1232 potest,
1953 1165 2046 1218 sed
2087 1172 2208 1234 post
2237 1162 2341 1216 ali-

763 1260 913 1328 quod
947 1266 1161 1324 tempus
1189 1294 1203 1318 ,
1236 1253 1420 1322 dignis
1453 1254 1783 1322 paenitentia:
1818 1254 2056 1323 peractis
2086 1254 2345 1322 operibus

766 1363 824 1405 ut
857 1351 1169 1403 iunctionem
1211 1354 1601 1413 consequatur,
1630 1359 1695 1397 ac
1728 1356 1917 1413 postea
1948 1344 2339 1399 communicet.

766 1439 1045 1494 —Inlerr.
1097 1439 1153 1494 St
1185 1436 1417 1492 ecclesia
1450 1436 1626 1489 locum
1664 1447 1872 1488 certum
1910 1451 2017 1489 non
2046 1435 2241 1490 habeat
2277 1435 2343 1490 ad

766 1532 1158 1589 effundendum
1188 1545 1382 1598 aquam
1422 1528 1700 1597 baptismi,
1732 1528 1956 1581 ubinam
2012 1527 2154 1582 hanc
2184 1528 2345 1583 debet

765 1624 1087 1682 effundere?
1132 1622 1283 1689 Resp.
1322 1621 1424 1675 Ubi
1471 1619 1705 1673 mundus
1737 1628 1821 1673 est
1870 1619 2045 1685 locus,
2099 1620 2191 1688 qui
2237 1636 2343 1673 non

770 1717 1122 1785 proculcatur
1150 1713 1403 1782 pedibus.
1426 1741 1489 1751 —
1515 1711 1709 1764 Interr.
1739 1708 2061 1766 Oblatioues
2092 1710 2345 1764 meretri-

768 1824 893 1861 Clllll
925 1805 1329 1873 accipiendamc
1362 1812 1513 1868 sunt,
1540 1801 1762 1855 annon?
1791 1800 1945 1868 Resp.
1968 1800 2339 1871 Nequaquam.

768 1899 902 1952 Nam
932 1898 1032 1951 sub
1063 1902 1469 1959 censurasunt,
1500 1910 1598 1947 nec
1619 1894 1685 1947 ab
1716 1895 1795 1948 eis
1814 1894 2017 1948 oblatio
2036 1908 2134 1949 nec
2158 1895 2345 1949 incen-

770 2006 893 2047 sum
923 1990 1240 2057 accipietur.
1259 1985 1540 2039 —Interr.
1568 1986 1835 2041 Sacerdos
1863 1986 1907 2041 si
1939 1995 2133 2042 tonsus
2162 1988 2345 2055 fuerit,

772 2099 839 2137 an
872 2082 952 2136 fas
975 2083 1079 2135 erit
1109 2097 1237 2134 eum
1268 2095 1425 2135 sacra
1448 2080 1751 2149 peragere?
1790 2079 1945 2148 Resp.
1981 2078 2261 2149 Siquidem
2294 2091 2349 2137 et

774 2183 935 2229 antea
975 2172 1174 2242 dignus
1206 2179 1343 2237 erat,
1388 2186 1480 2239 per
1523 2180 1805 2225 tonsuram
1849 2186 1957 2225 non
2004 2172 2344 2239 prohibetur.

767 2262 1049 2316 -—lnterr.
1084 2262 1249 2316 Esme
1278 2261 1357 2315 fas
1388 2261 1589 2314 lumina
1619 2270 1934 2314 sanctorum
1967 2261 2349 2331 Theoplianio-

770 2370 918 2417 rum,
951 2354 1295 2421 aliorumque
1328 2351 1590 2406 festorum
1620 2351 1799 2406 facere
1840 2367 2171 2423 quocunque
2202 2354 2351 2409 lubet

773 2447 825 2498 in
856 2444 1027 2497 vase?
1062 2442 1217 2507 Resp.
1251 2441 1542 2496 Sacrorum
1593 2443 1862 2496 luminum
1898 2458 2026 2499 vasa
2055 2445 2189 2500 solis
2229 2446 2348 2501 istis

775 2534 1079 2590 luminibus
1091 2534 1336 2589 dedicata
1352 2532 1811 2589 suntm—Intern
1830 2535 2028 2590 Servos
2040 2552 2161 2590 eum
2176 2541 2349 2593 servis

773 2632 1060 2701 eopnlatos
1087 2646 1116 2684 a
1142 2631 1378 2685 dominis
1407 2631 1522 2685 suis
1548 2630 1756 2699 abSqne
1784 2631 2188 2693 benedictione.
2216 2648 2346 2687 num

773 2722 1071 2793 participes
1113 2736 1283 2776 sacrae
1327 2723 1735 2777 communionis
1786 2722 2083 2787 faciemus,
2121 2725 2204 2780 vel
2253 2725 2352 2779 lto-

775 2812 937 2866 stiam
986 2826 1174 2865 eorum
1206 2810 1619 2880 suscipiemus?
1662 2812 1821 2881 Resp.
1852 2811 2123 2879 Quoniam
2166 2816 2350 2870 coitus

776 2904 982 2971 absque
1019 2903 1193 2956 sacris
1244 2904 1518 2970 precibus.
1552 2913 1637 2958 est
1678 2907 1966 2970 scortatio,
2004 2906 2119 2961 sive
2159 2921 2350 2963 servus

779 2993 873 3053 sit,
898 2992 989 3057 qui
1020 2992 1418 3048 benedictionis
1443 3010 1640 3063 expers
1663 3004 1769 3063 est,
1812 2998 1927 3051 sive
1965 2998 2121 3063 liber,
2155 3014 2253 3053 nec
2284 2998 2350 3053 ad

777 3082 1110 3137 oblationem
1151 3087 1393 3140 muneris
1432 3097 1515 3141 est
1554 3088 1945 3152 admittendus,
1980 3104 2077 3145 nec
2117 3091 2184 3145 ad
2225 3107 2351 3162 pre-

2448 612 2578 682 μήτ’
2602 614 2829 677 ἐκεῖνος.
2851 642 2925 655 -
2964 611 3157 680 Ἐρώτ.
3201 611 3261 665 ’0
3290 613 3370 676 είς
3407 612 3534 683 ἔθνη
3566 613 3886 683 κρατηθεὶς,
3933 618 4032 666 καὶ

2447 703 2779 773 μαγαρίσας,
2820 704 2919 758 καὶ
2950 705 3007 757 ὲν
3057 705 3214 775 κοίτῃ
3245 704 3531 774 μιανθεὶς,
3568 707 3736 776 μήπω
3760 706 3818 758 δὲ
3857 708 4029 775 μου).-

2446 793 2864 860 σουμανίσας⁸¹,
2922 793 3234 864 μυρώνεται
3260 812 3276 860 ;
3309 794 3340 864 ἢ
3369 795 3467 857 τὰς
3490 796 3656 865 τύχας
3696 797 3799 866 τῆς
3826 814 4028 866 μιαρο-

2445 884 2648 951 φαγίας
2713 882 3002 954 λαμϐάνει,
3030 886 3128 939 καὶ
3177 887 3471 952 κοινωνεῖς
3515 886 3723 941 Ἀπόκ.
3786 889 3848 940 Ὀ
3891 906 4025 956 μιαο

2446 976 2782 1045 ροφαγήσας,
2811 976 2903 1029 τὸν
2942 978 3177 1049 Χριστὸν
3233 979 3516 1049 ἀρνεῖταιο
3568 979 3665 1031 καὶ
3713 980 3815 1031 οὑκ
3866 980 4031 1043 εὐθὺς

2446 1064 2599 1118 ἔσται
2625 1065 2833 1133 δεκτὸς,
2856 1067 2992 1120 ἀλλὰ
3018 1068 3155 1137 μετὰ
3177 1068 3389 1138 χρόνον,
3413 1068 3538 1136 ᾇξια
3568 1070 3859 1137 μετανοίας
3888 1070 4029 1138 ἔργα

2445 1160 2699 1227 ποιήσας,
2732 1162 2820 1215 ἵνα
2868 1161 3096 1234 μυρωθῇ
3125 1178 3138 1190 ·
3193 1164 3287 1216 καὶ
3324 1164 3464 1232 μετὰ
3490 1163 3686 1227 ταῦτα,
3730 1164 3818 1216 ἵνα
3859 1181 4029 1232 μετα-

2445 1250 2606 1322 λάϐῃ.
2648 1278 2719 1289 -
2767 1251 2965 1321 Ἐρώτ.
3023 1254 3086 1307 Εἰ
3133 1254 3234 1307 οὐκ
3292 1253 3407 1323 ἔχει
3476 1256 3642 1307 τόπον
3685 1256 3718 1323 ἡ
3758 1254 4029 1324 ἐκκλησία

2444 1342 2539 1394 τοῦ
2594 1341 2889 1413 ἁποχύνειν
2922 1343 2981 1397 τὸ
3013 1344 3303 1414 ἁπόλουμα
3325 1345 3423 1414 τῆς
3468 1344 3881 1415 κολυμϐήθρας,
3924 1344 4025 1397 ποῦ

2445 1434 2651 1503 ὀφείλει
2677 1436 2969 1505 χύνεσθαι;
3037 1436 3396 1503 Ἀπόκρισις.
3457 1438 3629 1489 Ὅπου
3680 1437 3794 1489 ἐστι
3864 1438 4029 1500 τόπος

2446 1525 2710 1595 καθαρὸς,
2737 1526 2834 1580 καὶ
2859 1527 2933 1598 μὴ
2960 1527 3609 1597 πατούμενος.-Ἐρὼτ.
3641 1528 3705 1581 Δί
3739 1528 3850 1581 τῶν
3882 1530 4030 1580 ἑται-

2448 1618 2610 1687 ρίδων
2642 1620 2949 1691 προσφοραὶ
2970 1663 2985 1687 ,
3014 1619 3200 1673 δεκταί
3225 1620 3382 1684 εἰσιν,
3413 1619 3447 1689 ἦ
3479 1619 3574 1685 οΰ;
3622 1620 3820 1673 Ἀπόκ.
3871 1622 4024 1687 Οὐχί.

2458 1710 2596 1762 Ὑπὸ
2622 1711 2895 1780 ἐπιτίμιον
2922 1712 3032 1779 γάρ
3070 1712 3176 1764 εἰσι
3200 1728 3214 1742 ’
3250 1712 3345 1764 καὶ
3389 1710 3514 1764 οὗτε
3542 1714 3877 1781 προσφοραὶ.
3903 1712 4028 1763 οὔτε

2451 1800 2703 1873 θυμίαμα
2747 1802 3089 1873 δεχθήσεται.
3134 1833 3197 1844 -
3260 1802 3461 1872 Ἐρώτ.
3517 1803 3716 1873 Ἰερεὺς
3761 1806 3860 1856 ἐὰν
3897 1806 4030 1855 ἁπι-

2450 1897 2633 1964 καρῇ,
2714 1894 2861 1946 ἐστιν
2938 1894 3087 1960 ἄξιος
3149 1895 3540 1964 ἱερουργῆσαις
3616 1895 3815 1949 ’Azc’x.
3903 1894 4029 1947 Ἐὰν

2453 1987 2548 2038 καὶ
2578 1984 2767 2055 πρώην
2817 1982 2885 2056 ἦν
2930 1985 3100 2050 ἄξιος,
3133 1986 3194 2039 ού
3228 1986 3498 2039 κωλύεται
3524 1986 3612 2039 διὰ
3641 1988 3741 2056 τῆς
3783 1988 4029 2057 ἀποκαρ-

2454 2094 2613 2139 σεως.
2674 2110 2714 2120 -
2753 2078 2949 2145 Ἔρώτ.
2978 2080 3166 2132 Ἔστιν
3188 2079 3335 2143 ἄξιον
3359 2080 3532 2131 ποιεῖν
3564 2080 3891 2149 φωτίσματα
3922 2081 4030 2132 τῶν

2450 2169 2620 2235 ἁγίων
2651 2169 2979 2237 Θεοφανίων,
3022 2171 3115 2223 καὶ
3147 2170 3371 2236 λοιπῶν,
3403 2173 3461 2224 ὲν
3492 2171 3698 2240 ἀγγείῳ
3724 2173 4030 2242 οῐῳδηποτο

2451 2261 2582 2329 05v;
2629 2263 2833 2317 οΑπόκ.
2885 2262 2964 2315 Τὰ
3009 2263 3118 2317 τῶν
3169 2264 3329 2316 θείων
3374 2264 3739 2333 φωτισμάτων
3807 2267 4027 2330 ἀγγεῖα,

2456 2355 2634 2423 μόνοις
2667 2358 2779 2417 τοῖς
2830 2354 3174 2422 φωτίσμασιν
3220 2355 3689 2425 ἀφοριζέσθωσαν.
3718 2386 3789 2395 --
3836 2356 4029 2423 Ἐρώτ.

2452 2445 2683 2503 Δούλους
2747 2446 2842 2498 καὶ
2900 2445 3092 2509 δούλας
3133 2446 3533 2517 ζευγνυμένους
3581 2448 3735 2517 παρὰ
3777 2449 3888 2500 τῶν
3938 2467 4033 2502 κυ·

2458 2536 2587 2606 ρὶων
2605 2537 2784 2590 αὐτῶν
2807 2536 2934 2590 ἄνευ
2961 2537 3325 2605 εὐλογήσεως,
3354 2538 3737 2607 μεταδώσομεν
3756 2540 3853 2606 τῆς
3878 2540 4033 2603 (λείας

2454 2629 2772 2694 κοινωνίας,
2830 2629 2862 2699 ἢ
2925 2628 3335 2699 προσδεξόμεθα
3393 2629 3492 2699 τὴν
3566 2630 3760 2682 θυσίαν
3815 2631 4031 2694 αὐτῶ-κς

2466 2719 2666 2772 Ἀπόκ.
2776 2718 2928 2770 Ἐπεὶ
3000 2720 3145 2788 μίξις
3214 2719 3347 2780 ᾇνευ
3418 2720 3722 2789 ἱερολογίας
3803 2722 4036 2789 πορνεία

2454 2811 2591 2871 ἐστὶ,
2622 2808 2721 2863 κᾶν
2744 2826 2801 2861 τε
2834 2809 3019 2872 δοῦλος
3120 2812 3149 2863 ὀ
3170 2810 3547 2879 ἀνευλάγητος,
3582 2813 3683 2866 κᾶν
3727 2830 3786 2864 τε
3818 2812 4037 2865 ἐλεύθε-

2459 2917 2569 2969 ρος,
2603 2899 2725 2953 οὔτε
2748 2903 2827 2961 εἰς
2850 2901 3190 2970 δωροφορίαν
3215 2902 3593 2971 προσδεκτέος,
3616 2903 3737 2955 οὒτε
3758 2905 3837 2965 εἰς
3864 2920 4036 2972 προσ-

2456 2993 2618 3060 ευχὴν
2652 2995 2709 3046 ὲν
2742 2991 2817 3061 τῷ
2842 2991 2979 3061 οἴκῳ
3010 2991 3236 3061 Κυρίου.
3291 2992 3442 3046 Ἐπεὶ
3472 2995 3566 3047 καὶ
3608 2997 3637 3047 ὁ
3676 2995 3820 3057 θεῖος
3871 2996 4037 3049 Ἀπόο

2459 3087 2642 3146 στολος
2707 3086 2841 3154 μήτε
2901 3084 3199 3137 συνεσθίειν
3229 3084 3461 3149 κελεύει,
3535 3088 3672 3154 μήτε
3730 3088 4037 3155 συναναμί-

778 3175 1048 3229 catiouem
1085 3176 1139 3229 in
1171 3177 1335 3230 domo
1378 3176 1612 3232 Domini.
1654 3178 1869 3249 Quippe
1916 3181 2135 3236 divinus
2183 3184 2347 3238 etiam

2460 3175 2692 3242 γνυσθαι
2726 3175 2956 3237 τούτοις.
3002 3175 3162 3227 Ἀλλὰ
3203 3176 3299 3228 καὶ
3338 3177 3387 3228 οἱ
3420 3176 3699 3239 δεσπόται,
3728 3178 3852 3229 ἐπεὶ
3896 3194 4039 3245 προσ

778 3267 1078 3336 Apostolus
1118 3268 1208 3322 ille
1244 3284 1343 3323 nec
1372 3272 1516 3324 vesci
1549 3286 1674 3324 cum
1705 3272 1806 3335 eis,
1848 3287 1952 3327 nec
1998 3276 2352 3330 consuetudi-

778 3370 902 3411 nem
937 3356 1134 3411 habere
1172 3360 1435 3428 praecipit.
1493 3362 1806 3426 Quinetiam
1843 3363 1946 3433 ipsi
1985 3366 2189 3419 domini
2225 3381 2350 3420 cum

782 3455 1037 3502 auctores
1073 3450 1184 3503 sint
1217 3451 1470 3505 interitus
1489 3467 1792 3518 servorum,
1818 3457 1944 3509 dum
1977 3470 2071 3510 eos
2101 3456 2167 3510 ad
2200 3457 2351 3511 illtun

786 3540 991 3594 coitum
1028 3541 1281 3606 invitant,
1313 3559 1477 3613 quem
1521 3546 1768 3603 inhibere
1807 3557 2080 3618 poterant,
2110 3550 2354 3605 dominio

783 3647 1068 3689 servorum
1108 3637 1369 3691 excidunt
1398 3638 1552 3707 juxta
1589 3642 1861 3694 novellam
1900 3644 2239 3697 sanctionem
2274 3646 2357 3698 in-

782 3727 906 3796 clyti
929 3727 1196 3797 principis
1226 3731 1422 3794 nostri,
1454 3731 2152 3789 dominiAlexii.—-Interr.
2174 3736 2255 3789 An
2274 3736 2357 3791 fas

784 3826 870 3871 est
904 3833 934 3871 e
980 3818 1253 3888 baptismo
1298 3822 1583 3889 suscipere
1625 3822 1920 3877 liberorum
1958 3839 2186 3879 suorum
2218 3826 2357 3881 libe-

784 3909 920 3962 ros?
962 3908 1120 3976 Resp.
1172 3909 1361 3979 Neque
1406 3912 1514 3973 lex,
1550 3927 1728 3983 neque
1772 3916 2025 3985 princeps
2064 3919 2356 3987 quisquam

786 3998 888 4053 hoc
909 4000 1453 4069 prohibet.—lnterr.
1480 4003 1704 4060 Licetne
1721 4008 2012 4073 sacerdoti,
2034 4024 2191 4062 suum
2226 4012 2359 4079 bap-

787 4091 960 4147 tizare
984 4094 1252 4148 infantem
1276 4095 1300 4146 ?
1323 4095 1472 4163 Resp.
1510 4096 1623 4152 Hoc
1644 4099 1866 4152 minime.
1889 4101 2220 4168 prohibitum
2250 4113 2356 4157 est.

786 4183 1063 4238 —Interr.
1087 4185 1141 4241 Si
1167 4187 1374 4243 fuerint
1394 4188 1593 4245 fratres
1612 4190 1740 4256 duo,
1772 4193 1853 4246 vel
1876 4200 2010 4258 tres,
2044 4195 2125 4249 vel
2150 4195 2356 4265 plures,

785 4284 840 4331 et
866 4293 1009 4332 unus
1038 4294 1069 4333 e
1099 4279 1373 4349 baptismo
1401 4286 1710 4352 susceperit
1742 4284 2028 4349 infantem,
2075 4302 2142 4341 an
2171 4304 2362 4344 omnes

788 4371 1213 4438 appellabuntur
1248 4375 1597 4443 compatres?
1628 4376 1777 4446 Resp.
1816 4378 1957 4445 Non,
1999 4380 2093 4435 sed
2134 4381 2181 4435 is
2216 4381 2361 4436 dun-

786 4464 1067 4531 taxat,qui
1088 4468 1634 4535 suscepit.-Interr.
1658 4471 1713 4524 Si
1748 4472 1944 4527 mulier
1969 4482 2152 4541 parata
2190 4474 2263 4529 sit
2294 4477 2358 4529 ad

787 4555 1098 4621 nuptiarum
1148 4557 1606 4625 benedictionem,
1654 4562 1813 4631 eique
1864 4565 2168 4619 acciderint
2219 4582 2354 4621 con-

789 4652 966 4708 sueta,
1002 4662 1131 4701 num
1163 4651 1491 4722 participare
1517 4654 1711 4709 debet?
1737 4655 1888 4723 Resp.
1911 4656 2355 4715 l’urilicatiouem

787 4738 1152 4805 exspectabit,
1178 4748 1344 4809 atque
1374 4744 1444 4795 ita
1480 4753 1586 4796 tam
1615 4760 1896 4800 sacrarum
1926 4751 2212 4819 conceptio
2237 4767 2361 4820 pre-

788 4838 932 4892 cum,
971 4842 1134 4894 quam
1178 4844 1649 4887 sacramentorum
1693 4837 2043 4907 participatio
2084 4842 2357 4895 succedet.

795 4916 1067 4971 —Inlerr.
1092 4919 1146 4974 Si
1168 4937 1297 4975 vero
1317 4922 1521 4994 indigni
1539 4934 1667 4979 sunt
1698 4930 1877 4993 ambo,
1895 4930 1985 4997 qui
2008 4932 2359 5001 participent,

790 5022 860 5061 an
897 5011 1228 5080 participare
1274 5026 1496 5083 propter
1545 5015 1979 5072 benedictionem
2020 5020 2255 5086 debent,
2298 5038 2363 5078 ac

794 5102 990 5158 deinde
1009 5120 1260 5160 censurae
1287 5107 1672 5177 Subjici?Rcsp.
1696 5108 1801 5163 Pro
1825 5112 2005 5180 specie
2026 5112 2365 5168 differentia-

790 5209 899 5263 qne
943 5197 1172 5264 peccati,
1218 5208 1477 5267 sequetur
1512 5210 1566 5254 et
1605 5202 1966 5270 dispensatio.
1990 5234 2046 5243 -
2080 5203 2279 5259 lnterr.
2309 5206 2367 5263 Si

794 5287 993 5340 mulier
1032 5298 1244 5355 partum
1277 5291 1529 5353 ediderit,
1557 5300 1609 5344 et
1639 5292 1859 5360 quidam
1894 5294 1950 5347 in
1979 5295 2096 5364 ejus
2141 5297 2361 5350 domum

797 5377 1027 5447 ingressi
1079 5377 1304 5444 fuerint,
1337 5382 1583 5450 quandiu
1624 5398 1718 5451 per
1761 5400 2048 5439 censuram
2080 5402 2108 5439 a
2143 5390 2363 5456 partici-

797 5471 1015 5539 patione
1039 5471 1238 5525 debent
1270 5473 1489 5527 arceri?
1536 5472 1689 5543 Resp.
1726 5476 1907 5531 Abluti
1945 5479 2208 5546 postridie
2256 5497 2363 5535 non

2454 3268 2602 3320 δοται
2657 3272 2757 3337 τῆς
2809 3267 2918 3319 τῶν
2963 3268 3165 3321 δούλων
3207 3268 3483 3331 ἀπωλείας
3540 3270 3699 3334 εἰσὶν,
3745 3270 3822 3331 ὡς
3878 3270 4041 3323 αὐτοὶ

2460 3362 2890 3431 προτρεπόμενοι
2918 3360 3138 3423 τούτους
3176 3360 3591 3430 ἐπιμίγνυσθαι,
3617 3361 3669 3413 sf
3690 3378 3752 3427 γε
3787 3363 4039 3415 δύναιντο

2456 3454 2805 3507 ἀναστέλλειν
2855 3454 2914 3507 τὸ
2965 3454 3157 3517 πάθος,
3192 3457 3291 3523 τῆς
3337 3454 3444 3505 τῶν
3477 3455 3675 3506 δούλων
3716 3455 4040 3518 δεσποτείας

2456 3546 2806 3611 ἐκπίπτουσι,
2856 3548 2995 3599 κατᾶ
3029 3547 3089 3598 τὸ
3135 3546 3326 3616 νεαρὸν
3376 3546 3653 3615 θέσπισμα
3682 3546 3777 3598 τοῦ
3822 3548 4039 3600 κλεινοῦ

2460 3638 2620 3707 ἡμῶν
2638 3638 3058 3709 αὐτοκράτορος,
3077 3638 3244 3706 scopo-3
3268 3637 3532 3701 Ἀλεξίου.
3548 3668 3608 3679 —-
3624 3639 3713 3704 'E‘r.
3723 3638 3826 3693 ὠτ.
3845 3640 4041 3691 ’Ἔστιν

2458 3731 2607 3796 ἄξιον
2662 3730 3017 3799 ἀναδέχεσθαι
3064 3728 3133 3781 τὰ
3187 3729 3374 3782 παιδία
3416 3730 3525 3781 τῶν
3577 3729 3786 3783 παίδων
3820 3731 4037 3795 αὐτῷν;

2471 3823 2835 3890 Ἀπόκρισις.
2876 3821 2990 3874 Οὐκ
3014 3821 3129 3872 ἔστι
3161 3820 3343 3887 νόμος,
3376 3822 3408 3889 ἢ
3442 3820 3691 3887 βασιλεὺς
3722 3820 3901 3874 ταῦτα
3929 3840 4043 3876 κω-

2460 3912 2623 3966 λύων.
2648 3941 2717 3951 -
2758 3910 2958 3978 Ἐρώτ.
2997 3912 3184 3963 Ἔστιν
3205 3911 3354 3974 ἄξιον
3392 3912 3537 3980 ἱερέα
3557 3912 3877 3981 βαπτίσαιτδ
3911 3913 4044 3965 ίδιιν

2463 4004 2697 4069 παιδίον;
2729 4006 2934 4058 Ἀπόκ.
2969 4003 3879 4072 Ἀκώλυτὸνὲστιτοῦτο.-Ἐρώτ.
3915 4007 4043 4059 Ἐὰν

2460 4090 2592 4149 ὦσιν
2623 4096 2842 4164 ἀδελφοὶ
2867 4094 2979 4158 δύο,
3009 4096 3040 4165 ἢ
3073 4097 3241 4164 τρεῖς,
3282 4096 3315 4164 ἢ
3367 4094 3611 4160 πλείους,
3648 4099 3742 4149 καὶ
3766 4097 3993 4165 δέξηται
4017 4100 4044 4151 ὁ

2463 4185 2543 4253 εἷς
2565 4190 2796 4254 παιδίον,
2818 4189 2906 4241 ἵνα
2923 4188 3188 4256 λέγωνται
3206 4189 3312 4241 ὅλοι
3334 4188 3634 4253 σύντεκνοι;
3651 4189 3713 4243 Ἀ
3724 4192 3861 4242 πόκ.
3882 4191 4043 4259 Οὐχί.

2476 4282 2634 4336 Ἀλλὰ
2656 4282 2815 4352 μόνος
2834 4285 2860 4334 ὁ
2882 4281 3268 4352 δεξάμενος.-
3286 4281 3486 4346 Ἐρώτ.
3529 4281 3656 4333 Ἐὰν
3686 4282 3823 4350 γυνὴ
3851 4283 4043 4351 εὐτρε-

2463 4375 2629 4443 πισθῇ
2665 4374 2800 4443 πρὸς
2833 4374 3012 4441 γὰλου
3073 4374 3380 4443 εὐλόγησιν,
3424 4374 3518 4425 καὶ
3567 4373 3749 4442 συμϐῇ
3786 4376 3925 4444 αὐτῇ
3980 4376 4045 4427 τὰ

2466 4464 2693 4531 συνήθη,
2733 4459 2840 4530 ἆρα
2869 4463 3071 4529 ὀφείλει
3103 4462 3459 4531 μεταλαδεῖν;
3507 4464 3713 4516 Ἀπόκ.
3751 4466 4045 4533 Περίμενεί

2464 4555 2561 4624 τὴν
2592 4555 2881 4623 κάθαρσιν,
2923 4555 3014 4606 καὶ
3045 4553 3187 4606 οὕτω
3222 4554 3289 4605 τὰ
3330 4556 3428 4622 τῆς
3474 4555 3776 4623 Ξερολογίας
3824 4556 4043 4607 ἀκωλύ-

2465 4665 2593 4710 τως,
2630 4649 2723 4699 καὶ
2758 4646 2826 4699 τὰ
2876 4648 2973 4714 τῆς
3010 4646 3347 4714 μεταδόσεως
3382 4645 3490 4699 τῶν
3519 4647 3880 4715 ἁγιασματων
3914 4666 4045 4715 προ-

2467 4741 2716 4807 ϐήσεται.
2746 4769 2816 4777 —
2862 4737 3061 4804 Ἐρώτ.
3088 4738 3148 4790 Εἰ
3179 4737 3234 4789 δὲ
3264 4737 3469 4803 ἀνάξιοί
3497 4739 3634 4789 εἰσιν
3668 4740 3716 4789 οἱ
3744 4739 4046 4808 ἀμςόττροι

2468 4833 2563 4884 τοῦ
2598 4830 3056 4901 μεταλαμϐάνειν,
3109 4826 3217 4897 ἄρα
3266 4830 3537 4897 ὀψείλουσι
3586 4832 3917 4899 μεταλαϐεῖν
3960 4834 4047 4887 διὰ

2460 4926 2558 4995 τὴν
2580 4924 2885 4991 εύλόγήσιν,
2911 4924 3005 4975 καί
3031 4922 3215 4974 ἔκτοτε
3236 4922 3649 4992 ἐπιτιμηθῆνας
3679 4922 3880 4976 Ἀπόκ.
3904 4925 4045 4993 Πρὸς

2463 5017 2523 5069 τὸ
2557 5013 2697 5077 εἶδος
2724 5015 2819 5067 καὶ
2850 5016 2954 5084 τήν
2985 5013 3251 5083 διαφορὰν
3295 5013 3392 5065 τοῦ
3432 5014 3831 5082 ἁμαρτήματος
3855 5015 4046 5083 ’ἕψεται

2468 5111 2561 5163 καὶ
2590 5109 2943 5179 ἡοὶκονομία.
2976 5137 3045 5148 -
3089 5106 3287 5175 Ἐρώτ.
3334 5108 3460 5160 Ἐὰν
3497 5108 3636 5178 γυνή
3666 5111 3926 5180 γεννήσῃ.
3958 5112 4046 5162 καὶ

2470 5200 2754 5253 εἰσέλθωσί
2781 5216 2923 5261 τινες
2952 5200 3029 5260 εἰς
3057 5198 3155 5267 τὴν
3188 5198 3366 5250 οἰκίαν
3395 5197 3587 5265 αὐτῆς,
3614 5197 3783 5250 πόσον
3812 5199 4049 5264 ὀφείλου-

2474 5310 2559 5345 σιν
2582 5290 2963 5361 ὲπιτιμήθῆναι
2981 5290 3073 5341 ἐπὶ
3085 5289 3163 5358 τῷ
3184 5288 3529 5357 μετα).α6εῖν;
3562 5290 3767 5342 Ἀπόκ.
3789 5288 4047 5342 Ἄτταλον-

2475 5384 2699 5453 σάμενοι
2732 5384 2787 5434 ἐν
2821 5385 2886 5451 τῇ
2919 5381 3044 5449 ἐξῆς
3073 5382 3183 5433 τῶν
3212 5380 3573 5448 ἀγιασμάτων
3605 5381 3666 5433 ού
3701 5381 4046 5448 κωὶνυῦήσον-

2474 5474 2875 5543 ται.-Ἔρώτ.
2916 5474 2977 5529 Εἰ
3007 5474 3061 5526 δὲ
3088 5476 3179 5529 καὶ
3208 5474 3268 5528 τὸ
3300 5472 3811 5544 βρέφτςβαπτιτθῇ,
3850 5474 4048 5541 δςείλει

2075 5589 2308 5646 VARLE
2352 5591 2763 5649 LECTIONES.

872 5674 915 5705 ⁸¹
953 5690 1055 5743 μου
1064 5674 1454 5745 σουλμανίσας.

2296 5774 2526 5831 NOTAE.

877 5863 987 5924 (40)
1019 5862 1131 5919 lloc
1168 5872 1269 5929 est,
1296 5862 1525 5931 Turcus,
1557 5866 1848 5921 accedente
1880 5868 2317 5922 t'll'CUlllClleIlt‘.
