4188 6446
171 419 312 489 1097

1452 432 1496 489 Ο
1511 430 1551 488 fl
1563 427 2147 490 lECO-ROMANUM.

3313 422 3455 495 1098

167 532 498 600 θηλάζεσθαι
557 534 706 605 παρὰ
762 538 861 607 τῆς
922 536 1088 591 αὐτοῦ
1140 538 1384 609 μητρδς,
1448 538 1523 591 ἔτι
1582 537 1745 605 οὔσης

1868 540 2232 593 trz'cbuntnra
2267 536 2926 594 sacramentis.-—Interr.
2963 537 3347 609 Silbaptizatus
3382 543 3455 595 sit

166 625 508 695 ἀκαθάρτους
549 626 741 680 Ἀετήκ.
760 628 992 696 Θηλάσει
1019 628 1234 691 πάντως
1252 629 1310 680 τὸ
1337 628 1552 698 βρὲψος,
1574 628 1657 681 ἵνα
1686 628 1760 698 μὴ

167 716 741 785 ἀπόληται.-Ἒρὼτ.
776 718 956 772 Καλόν
989 724 1105 773 ἐστι
1141 719 1200 771 τὸ
1228 718 1664 789 ἐξομολογεῖσθαι
1693 722 1761 771 τα

170 808 549 877 ἁμαρτήματα
612 809 772 879 ἡμῶν
799 810 1195 880 ’πνευματικοῖς
1229 811 1518 881 ἀνδράσινε
1555 812 1759 864 Ἀπόκ.

171 897 352 950 Καλὶθ
392 901 512 967 μὲν,
554 901 649 952 καὶ
679 901 820 953 πάνυ
851 900 1151 972 ὠφέλιμον,
1176 902 1312 955 ἀλλὰ
1359 902 1432 972 μὴ
1463 904 1574 963 τοῖς
1605 901 1765 954 ἀπεί-

176 1007 286 1059 ρως
336 992 431 1043 καὶ
475 991 762 1055 ἰδιωτικῶς
812 995 940 1063 περὶ
977 995 1045 1048 τά
1086 995 1309 1048 τοιαῦτα
1355 994 1763 1064 διακειμένοις·

170 1084 256 1137 ἴνα
292 1084 369 1153 μὴ
416 1085 503 1137 δια
548 1085 645 1155 τὴς
674 1087 870 1154 ἀλόγου
910 1088 1260 1157 συμπαθείας
1299 1089 1392 1140 καὶ
1424 1087 1759 1157 οἰκονομίας,

172 1176 326 1245 ῆδιὰ
370 1177 469 1245 τῆς
498 1178 729 1248 ἀκαίρου
776 1180 870 1231 καὶ
920 1180 1358 1251 ἀνεπιστήμονος
1399 1180 1765 1250 παρατάσεως

170 1268 280 1318 τῶν
318 1267 630 1335 ἐπιτιμίων,
688 1272 1107 1341 καταφρονητὴν
1142 1271 1175 1342 ἢ
1214 1272 1456 1344 ῥᾴθυμον
1502 1272 1535 1343 ἢ
1576 1288 1767 1341 παρει-

177 1358 339 1426 μένον
386 1376 443 1412 σε
476 1360 891 1433 ἀπεργάσηται·
925 1362 1020 1415 ἐὰν
1073 1363 1165 1418 οὖν
1198 1364 1364 1436 εὕρῃς
1396 1363 1563 1433 ἀνδρα
1601 1380 1765 1416 πνευν

176 1453 409 1517 ματικὶν
438 1454 532 1505 καὶ
580 1452 864 1525 ἔμπειρον,
900 1455 1203 1526 δυνάμενον
1255 1474 1313 1509 σε
1364 1456 1646 1526 ἰατρεῦσαι
1674 1458 1769 1508 άν-

176 1545 581 1613 επαισχύντως,
610 1548 703 1598 καὶ
731 1548 868 1616 μετὰ
893 1547 1150 1614 πίστεως,
1178 1548 1571 1619 ὲξομολόγησαι
1594 1548 1764 1619 αὐτῷ,

174 1634 246 1696 ὡς
284 1636 361 1704 τῷ
390 1638 599 1706 Κυρίῳ,
623 1636 715 1689 καὶ
743 1638 841 1691 οὐκ
871 1638 1232 1710 ἀνθρώπῳ.-
1277 1639 1474 1707 Ἐρώτ.
1516 1641 1575 1692 Ei
1607 1640 1663 1693 δὲ
1693 1641 1768 1711 μὴ

176 1725 322 1795 εὕρω
349 1728 660 1798 ἄνθρωπον,
695 1731 773 1793 εἰς
803 1729 862 1781 ὃν
888 1730 997 1801 ἔχω
1031 1731 1409 1803 πληροφορίαν
1444 1732 1769 1804 ἐξομολογή-

178 1820 393 1882 σατθαι,
412 1820 464 1872 τί
494 1822 692 1888 ὀφείλω
722 1822 944 1892 ποιῆσαι
969 1825 1285 1889 ;-Ἀπόκ.
1341 1824 1767 1896 Ἐξομολόγησαι

1868 631 2071 688 infans.
2109 646 2176 681 au
2218 631 2405 685 lactari
2449 647 2477 684 a
2528 640 2702 686 matre
2743 646 2841 686 sua
2901 632 3082 694 debet,
3127 630 3305 685 adhuc
3348 635 3454 685 im-

1878 720 2079 773 munda
2106 720 2291 789 ?Resp.
2315 720 2549 775 Omnino
2576 723 2798 777 lactabit
2829 721 3115 787 infantem,
3147 740 3213 777 ne
3245 732 3451 792 pert-at.

1866 811 2133 866 —Interr.
2155 812 2234 867 An
2270 814 2470 867 bonum
2490 821 2593 878 est,
2616 815 2860 867 confiteri
2883 830 2980 868 nos
3005 824 3224 884 peccata
3262 828 3451 869 noStra

1870 904 2003 957 viris
2030 904 2445 974 spiritualibus?
2475 903 2627 974 Resp.
2664 904 2872 958 Bonum
2900 917 2981 961 est
3002 922 3062 958 ac
3093 906 3248 959 valde
3277 908 3447 961 utile:

1867 996 1959 1047 sed
2028 1010 2136 1048 non
2184 996 2272 1059 iis,
2347 997 2441 1065 qui
2524 1010 2631 1049 non
2709 996 2943 1064 experti,
3020 1004 3071 1048 et
3124 997 3287 1049 rudes
3338 998 3451 1051 sint

1871 1086 2063 1138 liarum
2099 1100 2278 1138 rerum
2310 1103 2322 1138 :
2355 1102 2421 1140 ne
2452 1087 2576 1155 quis
2611 1101 2705 1155 per
2735 1087 2968 1139 alienam
2999 1100 3025 1137 a
3058 1088 3272 1140 ratione
3303 1102 3452 1140 com-

1870 1179 2180 1246 passioucm
2219 1188 2271 1230 et
2315 1177 2807 1247 dispensationem,
2844 1180 2924 1233 vel
2972 1194 3066 1248 per
3102 1179 3450 1248 intempesti~

1872 1282 1994 1321 vam
2039 1279 2093 1322 et
2128 1268 2436 1339 imperitam
2483 1270 2838 1325 intentionem
2892 1286 3202 1340 pmnarum,
3230 1281 3283 1326 te
3316 1287 3447 1326 eon-

1870 1370 2218 1431 temptorem,
2274 1371 2367 1416 aut
2414 1361 2680 1426 desidem,
2733 1371 2826 1418 aut
2866 1364 3191 1419 dissolutum
3233 1366 3447 1423 reddat.

1877 1452 2067 1523 itaque
2099 1454 2144 1506 si
2214 1453 2390 1506 virum
2459 1453 2734 1508 inveneris
2788 1455 3130 1524 spiritualem
3187 1463 3243 1510 et
3307 1457 3451 1524 peri-

1872 1552 2007 1607 tum,
2051 1545 2142 1614 qui
2195 1543 2524 1599 medicinam
2576 1545 2836 1600 adbibere
2877 1546 2974 1600 tibi
3026 1548 3199 1617 possit
3246 1547 3450 1618 absque

1871 1636 2226 1697 verecundia,
2262 1648 2317 1692 et
2350 1652 2475 1691 cum
2517 1636 2642 1703 fide,
2698 1638 3016 1694 confitearis
3052 1642 3139 1703 ei,
3187 1650 3445 1711 tanquam

1872 1729 1975 1800 ipsi
2006 1728 2255 1791 Domino,
2276 1746 2383 1783 non
2406 1729 2909 1787 nomint—Intern
2944 1733 3011 1786 At
3034 1749 3162 1787 vero
3194 1735 3239 1789 si
3274 1736 3449 1788 homi-

1874 1834 1997 1873 nem
2041 1835 2148 1873 non
2190 1820 2487 1883 inveniam,
2523 1819 2617 1889 qui
2660 1819 2793 1873 mihi
2843 1820 3147 1875 satisfaciat
3185 1824 3238 1875 in
3279 1822 3452 1875 confi-

176 1910 254 1979 τῷ
288 1910 410 1981 Θεῷ
434 1914 697 1974 κατ’δὲαν,
715 1915 1059 1985 κατακρίνων
1079 1917 1289 1979 ἑαυτὸν,
1309 1918 1401 1969 καὶ
1431 1917 1606 1985 λέγων
1644 1918 1762 1971 καθ¹

1874 1912 2062 1973 tendo,
2099 1911 2229 1981 quid
2268 1882 2511 1965 faciam?
2537 1882 2691 1980 fiesp.
2723 1910 2997 1967 Confitere
3032 1912 3140 1967 Dco
3171 1915 3447 1983 privatim,

176 2004 473 2073 ὁμοιότητα
495 2004 587 2057 τοῦ
614 2004 844 2060 τελώνου
870 2024 882 2036 ο
903 2009 960 2060 ’0
992 2008 1120 2071 θεὸς
1144 2008 1321 2078 ἡμῶν.
1358 2008 1421 2061 σὺ
1450 2009 1765 2076 ἐπίστασαι,

176 2092 259 2143 δτι
311 2093 642 2162 ἁμαρτωλός
693 2098 826 2167 εἰμι,
874 2098 969 2151 καὶ
1005 2098 1223 2164 ἀνάξιος
1257 2099 1437 2169 πάσης
1475 2102 1764 2170 συγχωρή-

179 2202 334 2249 σεως.
356 2186 517 2239 Ἀλλὰ
548 2188 717 2242 σῶσόν
739 2207 803 2259 με
836 2190 1021 2243 ἕνεκεν
1049 2190 1140 2243 τοῦ
1159 2191 1338 2255 ἐλέους
1361 2192 1764 2261 σου.-Ἔρώτ.

188 2277 714 2350 Ἐξομολογούμενος
771 2280 827 2334 δὲ
886 2281 963 2352 τῷ
1030 2281 1187 2353 Θεῷ,
1250 2283 1609 2353 μνημονεύσω
1669 2288 1763 2340 καὶ

178 2370 285 2421 ἀπα
298 2372 553 2442 ριθμήσω
583 2375 757 2428 πᾶσαν
778 2374 1071 2445 ἁμαρτίαν,
1092 2376 1158 2446 ἢν
1177 2374 1419 2447 ἔπραξα;
1440 2377 1635 2431 Ἀπόκ.
1660 2377 1766 2431 0'3-

177 2460 365 2529 δαμρῖις
390 2478 402 2491 '
446 2464 701 2532 μάλιστα,
725 2467 821 2518 ὲὲιν
862 2466 1074 2537 σώματι
1101 2474 1196 2520 καὶ
1229 2468 1453 2539 πορνεία
1486 2468 1762 2540 ἁμάρτῃς.

178 2551 267 2605 Ἐν
298 2555 409 2624 ῐσῳ
450 2557 559 2626 γὰρ
581 2555 752 2620 θέλεις
800 2558 1176 2628 μνημονεῦσαι
1211 2558 1310 2628 τῆς
1338 2559 1507 2622 δεῖνος
1539 2561 1631 2614 καὶ
1662 2563 1761 2629 τῆς

178 2644 372 2712 δεῖνος,
432 2647 720 2718 μολύνεται
756 2666 847 2702 σου
878 2651 911 2720 ἡ
939 2650 1106 2720 ψυχή.
1156 2651 1356 2704 Λοιπὸν
1409 2650 1595 2717 καλὸν,
1641 2651 1765 2704 καθ’

178 2738 474 2808 ὁμοιότητα
502 2739 594 2793 τοῦ
634 2740 864 2794 τελώνου
881 2742 1059 2811 λέγειν
1080 2758 1093 2773 ·
1123 2743 1183 2798 Ὀ
1209 2741 1362 2810 Θεὸς,
1391 2742 1643 2815 ἱλάσθητί
1670 2760 1761 2816 μοι

180 2828 253 2896 τῷ
280 2830 613 2900 ἁμαρτωλῷ.

206 3061 615 3115 ΔΗΜΗΤΡΙοΥ
690 3062 1125 3126 ΣΥΓΚΕΛΛΟΥ,
1191 3063 1739 3118 ΜΗΤΡΟΠΟΛΙΤΟΥ

637 3133 895 3185 Krzuw
912 3134 966 3198 ι’,
1000 3134 1317 3188 meum.

1871 2004 2219 2073 temetipsum
2272 2002 2564 2068 damnans,
2622 2013 2677 2059 et
2707 2004 2775 2058 ad
2827 2005 3137 2075 exeinplum
3172 2008 3445 2077 publicani

1868 2094 2061 2150 dicens
2096 2110 2109 2147 :
2159 2096 2297 2151 Deus
2332 2105 2539 2161 noster,
2575 2104 2630 2149 tu
2665 2111 2749 2150 me
2781 2097 2893 2151 scis
2923 2113 3041 2151 esse
3080 2108 3444 2168 peccatorcm,

1869 2199 1917 2243 et
1954 2188 2238 2259 indignum
2271 2190 2420 2242 omni
2453 2189 2632 2242 venia.
2661 2188 2861 2243 Verum
2900 2190 3050 2245 salva
3085 2207 3189 2254 me,
3227 2203 3447 2261 propter

1868 2278 2766 2336 mist-ricordiamtuam—Intern
2799 2283 2932 2336 Cum
2964 2292 3143 2337 autem
3176 2283 3283 2338 Deo
3311 2301 3445 2339 coa-

1875 2371 2051 2439 fiteor,
2119 2388 2186 2427 an
2223 2374 2552 2427 mentionem
2614 2373 2807 2428 faciam
2866 2384 2919 2429 et
2977 2379 3443 2431 (‘nlltltt‘l'alitmz‘ttl

1868 2465 2111 2519 omnium
2154 2474 2527 2534 peccatorum,
2564 2481 2685 2535 quae
2702 2467 2998 2521 commisi?
3040 2467 3189 2539 llesp.
3226 2468 3445 2539 Nequa-

1869 2571 2065 2625 quam;
2102 2556 2356 2620 maxime,
2384 2556 2429 2610 si
2460 2571 2689 2626 corpore
2718 2557 3031 2628 deliqueris,
3051 2568 3098 2613 et
3131 2561 3442 2615 scortandn.

1869 2647 2080 2717 Quippe
2110 2647 2239 2702 dum
2274 2650 2610 2702 mentionem
2647 2647 2828 2703 facere
2855 2650 2938 2705 vis
2978 2650 3140 2721 hujus
3170 2664 3263 2705 aut
3301 2654 3446 2707 illius

1871 2741 2105 2810 peccati,
2149 2738 2413 2811 polluitur
2455 2740 2639 2794 anima
2680 2748 2792 2794 tua.
2835 2739 3073 2798 Proinde
3104 2744 3304 2798 bonum
3336 2760 3440 2808 esr,

1870 2832 1937 2887 ad
1986 2833 2292 2901 exemplum
2349 2831 2628 2902 publicani
2677 2832 2857 2888 dicere
2908 2852 2923 2888 :
2974 2832 3140 2901 Deus,
3176 2838 3443 2907 prOpitius

1870 2934 1990 2982 esto
2025 2925 2155 2979 mihi
2195 2926 2492 2995 peccaturi.

1973 3058 2299 3114 DEHETRII
2347 3058 2722 3128 SYNCELLI,
2773 3060 3341 3119 METBOPOLITAM

2166 3129 2507 3196 amcam,
2541 3130 2982 3187 DECLAMATIO
3013 3132 3146 3203 (ιιι).

253 3246 525 3306 Πολλάκις
568 3246 697 3314 ἡμῖν
738 3246 940 3315 ἐπῆλθε
975 3246 1083 3301 τῶν
1116 3246 1326 3320 ἀνδρῶν
1375 3247 1598 3302 ἐκείνων
1628 3248 1761 3302 θαυ-

1941 3243 2095 3316 Saepe
2144 3246 2307 3302 nobis
2330 3248 2432 3301 bos
2462 3248 2650 3302 mirari
2679 3247 2825 3303 viros
2848 3249 2914 3303 ad
2948 3250 3189 3303 animum
3221 3250 3441 3312 accidit,

185 3340 403 3409 μάζειν,
461 3340 513 3391 τί
572 3355 700 3392 ποτε
755 3340 1149 3410 διανοούμενοι,
1200 3340 1301 3394 καὶ
1349 3340 1500 3405 τίνας
1564 3343 1763 3410 νόμους

181 3428 359 3489 θείους
395 3428 426 3497 ἢ
458 3427 828 3497 ἀνθρωπίνους
872 3428 1202 3499 πληροῦντες
1228 3469 1243 3493 ,
1278 3429 1347 3482 τὰ
1402 3430 1671 3498 μηδεμιᾶς
1706 3431 1764 3482 ὲν

180 3525 290 3583 τοῖς
340 3521 540 3589 γάμοις
595 3520 881 3583 κωλύσεως
934 3522 1079 3584 ἀξια,
1136 3521 1279 3590 τάχα
1343 3519 1400 3573 δὲ
1449 3521 1570 3573 οὐδὲ
1626 3521 1763 3584 ὅλως

180 3614 663 3683 ἀμφιεὸητήτιμα,
712 3613 817 3665 ὑπὸ
851 3613 1065 3683 μακρὰς
1093 3612 1235 3666 οὓτω
1264 3612 1357 3665 καὶ
1393 3615 1633 3682 συνεχεῖς
1678 3630 1761 3665 τι-

181 3704 336 3757 θέασι
365 3706 463 3766 τάς
496 3706 773 3773 ζητήσεις,
804 3705 904 3757 οὐκ
948 3700 1045 3757 οἷδ’
1082 3704 1204 3757 ὃθεν
1234 3704 1416 3766 αὐτοῖς
1443 3702 1763 3768 ὲντακέντος

180 3796 273 3848 τοῦ
303 3796 559 3849 τοσούτου
593 3796 755 3866 ζήλου
789 3797 884 3850 καὶ
928 3796 1026 3865 τῆς
1058 3794 1414 3866 θερμότητος,
1462 3795 1537 3858 ὡς
1569 3796 1762 3861 παῖδας

180 3888 368 3949 ἁπλῶς
426 3889 573 3941 δυοῖν
626 3890 965 3959 γεννητόρων
1018 3888 1186 3958 μηδὲν
1260 3887 1759 3940 ὲπικοινωνούντων

182 3981 435 4050 ἀλλήλοις
485 3982 624 4033 κατὰ
678 3981 1025 4049 συγγένειαν,
1084 3979 1203 4050 μεθ’
1283 3979 1584 4050 ίερολογίας
1634 3996 1761 4031 συν·-

182 4072 477 4140 αςθέντας,
529 4072 631 4142 ἥδη
667 4072 724 4123 δὲ
764 4074 857 4124 καὶ
905 4070 1424 4141 παιδοποιήσαντας,
1463 4070 1763 4134 ἀποζεῦξαι

187 4164 499 4232 πειρᾶσθαι,
532 4165 623 4216 καὶ
654 4163 951 4217 διασπάσαι
988 4163 1049 4215 τὸ
1098 4162 1457 4229 συνοικέσιον,
1487 4164 1760 4232 ἐπιτροπῇ

180 4258 272 4307 καὶ
301 4254 497 4317 ταῦτα,
523 4257 619 4308 καὶ
640 4255 939 4307 συναινέσει
964 4254 1057 4306 δύο
1082 4253 1292 4322 προόαν
1323 4254 1758 4323 μητροπολιτῶν,

180 4346 268 4407 οὓς
294 4347 433 4414 τάχα
462 4347 643 4416 δεήσει
675 4346 769 4397 καὶ
799 4347 1047 4398 καθελεῖν
1072 4346 1193 4399 κατ’
1224 4347 1419 4410 αὐτοὺς
1449 4346 1549 4414 τῆς
1583 4345 1758 4411 ἀξίας,

180 4437 253 4499 ὡς
286 4437 348 4488 τὸ
376 4436 548 4499 οὓτως
581 4437 815 4505 ἄθεσμον
846 4437 1262 4508 ἐπιτρέψαντας.
1296 4437 1412 4489 Ἵνα
1454 4437 1509 4488 δὲ
1538 4435 1695 4506 δῆλον

182 4531 241 4582 τὸ
264 4530 581 4600 λεγόμενον,
614 4531 707 4583 κατ.
735 4529 874 4584 αύτά
904 4531 968 4585 τὰ
996 4529 1104 4582 τῶν
1139 4530 1444 4598 λεγομένων
1482 4529 1759 4597 συγγενῶν

187 4623 529 4691 παραθετέον
558 4622 817 4691 ὀνόματα.
864 4622 1197 4691 Δημήτριος,
1233 4622 1388 4689 φησὶ,
1439 4622 1533 4673 καὶ
1579 4620 1761 4674 Ἰωάν-

182 4730 301 4782 νης,
336 4712 576 4780 ἀδελφοί.
614 4708 780 4773 Αὖθις
822 4710 1009 4781 ἕτερον
1040 4710 1219 4778 γένος,
1250 4710 1440 4779 Μαρία
1479 4710 1571 4763 καὶ
1599 4710 1763 4762 Νικό-

183 4804 332 4869 λαος,
362 4803 601 4871 ἀδελφοί.
632 4803 969 4855 Συνάπτεται
1007 4801 1157 4872 νόμῳ
1194 4800 1373 4871 γάμου
1404 4804 1470 4871 τῇ
1515 4800 1703 4869 Μαρία
1731 4800 1762 4852 ό

196 4893 473 4961 Ἰωάννης.
536 4893 752 4945 Τούτων
802 4893 1249 4961 συναπτομένων·
1280 4882 1336 4944 ’ὁ
1392 4893 1490 4960 τῆς
1541 4890 1761 4960 Μαρίας

184 4984 410 5051 ἀδελφὸς
440 4983 705 5046 Νικόλαος
757 4984 898 5036 κατὰ
932 4984 1161 5053 νομικὴν
1203 4982 1491 5051 ἀκρίϐειαν
1520 4983 1613 5035 τὸν
1652 4984 1758 5051 Δη-

188 5078 417 5145 μήτριον
454 5075 670 5138 παντως
693 5073 941 5144 οὐδαμῶς
964 5073 1225 5142 ὀνομάσει
1257 5072 1653 5143 συμπένθερον·
1686 5071 1761 5135 ὼς

182 5167 278 5219 τοῦ
331 5168 498 5234 νόμου
550 5169 743 5235 μόνους
782 5166 1023 5229 ἐκείνους
1076 5165 1487 5234 συμπενοέρους
1536 5164 1760 5229 εἰδότος,

182 5261 307 5322 τοὶς
359 5258 468 5311 τῶν
504 5258 927 5327 συναπτομένων
961 5258 1311 5327 γεννήτορας,
1349 5256 1487 5326 πρὸς
1531 5254 1611 5318 δὲ,
1667 5257 1761 5308 καὶ

182 5351 308 5410 τοὺς
346 5349 527 5402 αὐτῶν
567 5349 841 5412 ἀνιόντας.
879 5349 941 5402 Et
983 5349 1057 5418 μή
1087 5364 1170 5410 τις
1202 5347 1312 5417 ἀρα
1343 5346 1601 5416 συνηθείᾳ
1632 5346 1762 5399 ἐπό-

188 5457 368 5508 μενος,
400 5440 479 5509 τῷ
504 5440 611 5493 τῶν
634 5440 1028 5510 συμπενθέρων
1056 5439 1282 5509 ὀνόματι
1314 5437 1406 5490 καὶ
1436 5439 1527 5489 ἐπὶ
1555 5437 1760 5490 τούτων

186 5532 420 5602 βουληθῇ
458 5532 933 5603 καταχρήσασθαι.
971 5529 1128 5584 Οὕτω
1166 5530 1222 5582 δὲ
1274 5528 1479 5581 τούτων
1504 5545 1760 5595 συγγενι-·

187 5624 300 5676 κῶν
353 5624 702 5695 ἀπορούντων
752 5624 1021 5694 κλήσεων,
1076 5624 1200 5685 τοὺς
1257 5620 1658 5690 ἀποτεχθέντας
1700 5621 1758 5687 ἐξ

1870 3336 2004 3407 quid
2052 3338 2271 3392 tandem
2311 3337 2641 3408 cogitantes,
2667 3348 2719 3392 et
2752 3338 2952 3407 quibus
2992 3339 3204 3409 legibus
3237 3339 3443 3394 divinis

1867 3428 1952 3481 vel
1982 3427 2236 3481 humanis
2267 3426 2669 3482 satisfacientes
2702 3427 2850 3480 nulla
2884 3428 2937 3480 iu
2962 3430 3168 3495 nuptiis
3195 3428 3441 3498 prof-ibi.

1868 3519 2017 3573 tione
2054 3519 2216 3589 digna
2248 3518 2592 3589 fortasseque
2622 3534 2720 3574 nec
2769 3519 2920 3574 dubii
2979 3520 3283 3590 quidquam
3342 3521 3445 3574 lia-

1868 3610 2203 3676 bentia,sub
2252 3622 2359 3665 tam
2409 3611 2648 3680 prolixas
2700 3620 2754 3666 et
2780 3613 3072 3667 continuas
3113 3613 3443 3682 quaestiones

1868 3711 2127 3756 revocent
2156 3718 2170 3755 :
2200 3701 2344 3754 baud
2400 3703 2608 3756 scimus
2646 3701 2786 3756 unde
2814 3700 2983 3755 infixo
3008 3702 3083 3756 eis
3117 3710 3268 3756 tanto
3322 3703 3444 3756 zelo

1868 3806 1932 3847 ac
1954 3791 2188 3858 fervore,
2230 3800 2287 3845 ut
2309 3792 2630 3862 simpliciter
2656 3793 2855 3847 liberos
2877 3794 3108 3848 duorum
3132 3802 3441 3863 parentum,

1867 3884 2015 3937 nulla
2047 3899 2107 3939 se
2158 3884 2486 3952 cognatione
2538 3882 2902 3953 tangentium,
2961 3886 3135 3938 sacris
3188 3886 3441 3953 precib::s

1868 3974 2361 4028 intervenientibus
2382 3973 2690 4042 eopulatos,
2728 3974 2932 4044 quique
2975 3975 3087 4044 jam
3134 3975 3336 4032 liberos
3389 3991 3443 4033 ct

1866 4065 1970 4134 ipsi
2027 4063 2393 4133 susceperint,
2439 4063 2757 4133 disjungere
2801 4074 3090 4129 conentur,
3139 4081 3441 4137 eorumque

1864 4156 2325 4210 cobabitationem
2380 4155 2661 4220 dirimere,
2720 4156 2993 4225 pennissu
3057 4166 3112 4211 et
3169 4174 3441 4214 consensu

1864 4248 2094 4303 duorum
2126 4262 2346 4317 quoque
2388 4249 2928 4317 metropolitanorum
2957 4256 3314 4314 contractam,
3347 4253 3441 4319 qui

1864 4341 2115 4395 fortassis
2152 4342 2319 4395 etiam
2357 4342 2425 4395 de
2458 4341 2653 4395 borum
2709 4342 2981 4395 sententia
3024 4341 3286 4408 dignitate
3341 4344 3439 4397 de-

1861 4434 2084 4503 jiciendi
2118 4446 2301 4500 erunt,
2330 4435 2477 4504 quod
2510 4451 2622 4489 rem
2642 4435 2778 4489 adeo
2798 4436 3042 4489 illicitam
3071 4439 3439 4503 permiserint.

1867 4524 1937 4581 Ut
1972 4534 2152 4579 autem
2209 4528 2564 4596 perspicuum
2598 4527 2691 4593 sit,
2758 4528 2903 4595 quod
2967 4527 3223 4592 dicimus,
3274 4531 3441 4583 etiam

1868 4617 1984 4687 ipsa
2012 4616 2253 4680 illorum,
2285 4618 2378 4688 qni
2406 4618 2619 4683 cognati
2678 4618 3058 4686 perhibentur,
3120 4622 3442 4689 apponeuda

1870 4711 2028 4764 nobis
2059 4709 2302 4762 nomina.
2338 4706 2669 4773 Demetrius,
2704 4708 2878 4771 aiunt,
2911 4718 2965 4763 ct
3010 4707 3251 4764 loaanes
3312 4720 3443 4765 sunt

1869 4798 2091 4854 fratres.
2144 4797 2357 4852 Rursus
2415 4799 2521 4851 alia
2578 4796 2806 4861 familia,
2856 4799 3028 4852 Maria
3065 4808 3118 4852 et
3162 4798 3442 4866 Nicolaus,

1868 4890 2088 4945 fratres.
2121 4888 2303 4943 Mariae
2346 4888 2587 4943 Joannes
2632 4889 2965 4942 matrimonii
3009 4890 3124 4959 lege
3168 4890 3442 4959 jungitur.

1869 4978 1967 5032 llis
2019 4980 2292 5047 copulatis
2337 4978 2507 5032 frater
2560 4977 2730 5031 Maria
2792 4978 3083 5045 Nicolaus,
3135 4981 3442 5034 secundum

1863 5067 2220 5121 subtilitatem
2248 5067 2418 5136 juris,
2449 5082 2794 5139 nequaquam
2824 5068 3157 5123 Demetrium
3188 5072 3439 5140 appella-

1862 5158 2321 5215 bitconsocerum
2356 5177 2369 5213 :
2405 5175 2575 5229 quum
2646 5161 2730 5214 lex
2780 5160 2904 5216 illos
2946 5162 3212 5216 duntaxat
3267 5180 3439 5233 agno-

1864 5264 1983 5307 scat
2018 5265 2368 5316 consoceros,
2402 5252 2495 5321 qui
2520 5252 2903 5322 copulatorum
2960 5262 3217 5321 parentes
3278 5264 3432 5321 sunt,

1861 5348 1916 5394 et
1947 5341 2265 5395 earumdem
2299 5342 2696 5397 adscendentes
2718 5360 2730 5396 :
2750 5341 2851 5397 nisi
2878 5344 3000 5412 quis
3029 5342 3170 5399 forte
3198 5362 3439 5401 cuiusne-

1864 5432 2111 5488 tudinem
2141 5434 2286 5503 vulgi
2311 5449 2570 5503 sequens,
2616 5434 2842 5489 nomine
2892 5449 3324 5489 eonsocerorum
3382 5447 3440 5491 et

1869 5525 1923 5578 in
1954 5525 2040 5580 his
2073 5525 2226 5581 abuti
2258 5526 2508 5581 voluerit.
2540 5526 2655 5581 Hoc
2678 5528 2839 5582 modo
2885 5542 3011 5581 cum
3071 5528 3155 5583 liis
3196 5530 3442 5598 appella-

1869 5619 2045 5674 tiones
2071 5620 2375 5690 cognaticae
2412 5620 2691 5683 deficiant,
2723 5621 2944 5690 quinam
2976 5621 3189 5676 vocabit
3239 5624 3441 5692 aliquis

1690 5755 1896 5813 ΝΟΤΑΞ
1909 5797 1923 5810 .

268 5850 380 5907 fill
412 5849 523 5903 iloc
555 5851 822 5918 scriptum
861 5859 1011 5911 nota,
1037 5867 1134 5905 ceu
1170 5851 1326 5907 valde
1376 5851 1747 5907 necessarium
1803 5862 1852 5907 et
1893 5852 2043 5905 utile.

388 5948 663 6005 Ριτιιοι.
714 5943 832 6005 Gn.
882 5943 1103 6011 CXIX.

3043 5937 3118 5999 35
