4188 6446
165 405 297 468 1101

1445 384 2152 453 GR/ECO-ROMANUM.

3280 367 3415 432 1102

158 518 454 570 δείκνυται.
488 511 561 564 Τὸ
586 510 642 564 δὲ
676 512 740 563 ἐκ
767 511 866 579 τῆς
901 506 996 561 τοῦ
1036 502 1335 560 ἀκολούθου
1386 502 1647 572 εἰσφορᾶς
1677 499 1736 552 τὸ
1772 537 1776 554 ι

1876 498 2169 551 vnneulum
2212 493 2431 564 praprie
2468 490 2741 562 loquendo
2790 487 3066 559 appellare
3096 502 3108 540 :
3143 498 3305 556 quem
3344 500 3414 539 ex

162 608 436 677 σιωπηθὲν
464 602 901 671 συλλογίζεσθαι,
949 598 1071 654 κατ’
1099 598 1265 652 αὐτὸν
1305 596 1471 666 φάναι
1504 595 1592 648 τὸν
1617 593 1738 647 θεο-

162 710 427 769 φαντορα,
459 694 879 768 νομοθετοῦντός
913 693 1083 759 ἐστιν,
1118 690 1179 745 ού
1211 688 1281 744 τά
1317 686 1410 743 τοῦ
1455 688 1620 757 νόμου
1655 685 1744 737 λέ-

162 808 371 863 ῖῧντῦς.

248 1122 408 1175 Ἐπεὶ
450 1118 591 1172 οὕτω
639 1135 703 1187 γε
747 1116 963 1182 ἐξέσται
997 1114 1075 1185 τῷ
1108 1112 1508 1184 πονηρεύεσθαι
1557 1110 1745 1181 βουλο-

172 1215 340 1285 μένῳ,
388 1213 483 1265 καὶ
532 1212 623 1263 ἐπὶ
662 1212 786 1271 τοὺς
826 1208 906 1260 ἔτι
941 1206 1273 1277 πορρωτέρω
1311 1203 1404 1257 τοῦ
1432 1203 1622 1272 γένους
1654 1202 1748 1255 τὸν

169 1308 330 1374 λόγον
374 1305 653 1363 ἐκτείνειν,
708 1301 799 1353 καὶ
840 1301 1007 1352 πᾶσιν
1051 1296 1364 1350 ἀποκλείειν
1412 1294 1607 1365 ἐπίσης
1650 1295 1749 1365 τὴν

173 1402 313 1470 προς
363 1396 625 1465 ἀλλήλους
668 1392 910 1465 γαμικὴν
961 1391 1200 1462 ὁμιλίαν,
1230 1390 1319 1444 διὰ
1364 1389 1461 1459 τῆς
1510 1403 1750 1458 παρατε⁴

176 1494 418 1560 mpsim;
442 1488 642 1557 ταύτης
665 1488 969 1556 ἀπεράντου
1011 1486 1198 1554 σειρᾶς
1229 1483 1261 1554 ἢ
1294 1482 1579 1552 κλίμακος,
1607 1475 1670 1533 οὗ
1699 1479 1753 1533 τί

173 1583 373 1651 γένοιτ’
401 1581 466 1632 ἂν
496 1578 853 1647 ἀδικώτερον;
888 1576 1145 1646 Καίτοιγε
1177 1574 1270 1627 ἐπὶ
1298 1572 1443 1627 τέλει
1470 1572 1565 1626 τοῦ
1589 1573 1757 1627 αὑτοῦ

176 1675 390 1743 Ματρὸς
421 1676 533 1735 τοῖς
572 1670 822 1740 νομίμοις
852 1668 1049 1738 γάμοις
1082 1668 1344 1719 πλατεῖαν
1382 1665 1499 1719 ὁδὸν
1532 1664 1758 1719 ὑπανοί-

176 1782 389 1830 γοντος,
434 1764 529 1815 καὶ
558 1762 743 1829 σαφῶς
780 1762 873 1815 ἐπὶ
900 1760 1058 1814 τοῦτο
1088 1758 1555 1830 προτρεπομένου.
1601 1757 1755 1809 ’Em-

1848 600 2188 646 transverso.
2226 602 2322 656 per
2352 585 2571 639 modum
2610 581 2909 646 afilnitatis,
2947 577 3167 633 familiae
3215 574 3413 631 Plotini

1846 678 2558 747 necessitudinejunctum,
2586 674 2735 729 nulla
2768 687 3011 743 unquam
3068 671 3188 741 lege
3244 684 3418 721 avun-

1847 771 2030 827 culum
2064 769 2185 840 ejus
2216 767 2323 823 dici
2358 764 2646 836 probatur.
2671 763 2739 815 At
2767 774 2896 815 vero
2921 774 2987 814 ex
3017 758 3262 813 illatione
3286 770 3423 810 cort-

1848 864 2129 933 sequentis
2161 861 2216 916 id
2245 858 2565 914 ratiocinari
2588 854 2746 917 velle,
2771 850 2917 921 quod
2947 850 3166 905 silentio
3196 848 3420 919 tegitur,

1849 964 1909 1010 ut
1939 950 2621 1022 cumhocipsotheologo
2673 947 2869 1017 loquar
2922 942 3256 1014 legislatoris
3312 950 3419 1001 est,

1848 1063 1957 1103 non
1986 1047 2154 1117 legem
2190 1044 2504 1114 allegantis.

1921 1140 2058 1196 Nam
2085 1142 2188 1195 hoc
2233 1139 2451 1209 quidem
2501 1133 2663 1191 modo
2716 1132 2900 1188 licebit
2949 1128 3224 1185 malitiose
3268 1137 3432 1195 agere

1847 1235 2073 1299 volenti,
2098 1234 2262 1289 etiam
2284 1231 2352 1286 ad
2380 1230 2705 1286 remotiores
2739 1239 2936 1297 genere
2960 1223 3102 1277 hanc
3123 1217 3427 1275 orationem

1851 1329 2167 1395 extendere,
2215 1334 2378 1396 atque
2432 1338 2625 1380 omnes
2684 1320 2892 1391 pariter
2948 1331 2979 1372 a
3039 1310 3432 1369 consuetudine

1854 1419 2249 1477 matrimoniali
2278 1414 2591 1478 excludere,
2616 1418 2840 1482 propter
2870 1408 3014 1462 banc
3044 1404 3266 1474 longius
3304 1415 3432 1471 pro-

1855 1524 2067 1570 tensam
2120 1509 2502 1578 infinitamque
2523 1506 2722 1560 lineam
2754 1512 2810 1558 et
2855 1499 3058 1557 scalam
3097 1513 3112 1551 :
3148 1510 3259 1565 quo
3303 1505 3435 1547 sane

1854 1604 1987 1675 quid
2023 1601 2140 1657 fieri
2188 1599 2362 1671 possit
2408 1594 2713 1669 iniustius?
2742 1591 3044 1664 praesertim
3070 1601 3196 1644 cum
3238 1586 3295 1640 in
3330 1583 3437 1638 fine

1857 1674 1947 1751 hic
1971 1693 2114 1749 idem
2152 1700 2309 1763 pater
2337 1688 2594 1760 legitimis
2638 1685 2844 1757 nuptiis
2865 1685 3029 1738 latam
3062 1678 3270 1749 aperiat
3293 1674 3435 1729 viam

1859 1795 1914 1844 et
1938 1785 2217 1843 evidenter
2244 1784 2353 1840 huc
2375 1783 2586 1838 invitet.
2611 1777 2845 1847 Suhjieit
2872 1775 3016 1829 enim
3049 1788 3063 1826 :
3093 1769 3217 1823 Haec
3245 1780 3437 1825 eorum

176 1858 334 1926 φέρει
365 1855 494 1923 γάρ·
522 1854 828 1924 Κεφάλαιον
845 1852 899 1907 δὲ
926 1852 1034 1905 τῶν
1057 1852 1382 1923 είρημένων,
1415 1852 1461 1903 εί
1483 1850 1581 1919 μὲν
1608 1850 1757 1919 νόμῳ

1875 1886 1946 1933 ast
1977 1889 2193 1932 summa
2224 1887 2347 1943 quae
2396 1871 2541 1927 dicta
2604 1874 2752 1924 sunt.
2792 1864 2851 1918 Si
2903 1862 3028 1932 quis
3077 1860 3193 1929 lege
3218 1857 3441 1912 ducitur

175 1967 258 2009 τις
274 1948 516 2017 ὁρμᾶται
554 1946 704 2016 πρὸς
723 1945 921 2014 γάμον,
950 1945 1199 2015 ἦνοικται
1223 1940 1396 2012 τούτῳ
1426 1942 1577 1995 πᾶσα
1614 1942 1648 2013 ἡ
1680 1942 1757 1993 οί-

177 2059 275 2095 κου
288 2044 451 2110 μένη.
487 2040 529 2092 Τ
537 2039 551 2090 ί
577 2039 621 2091 δ’
646 2036 1011 2106 ἐννομώτερον
1030 2035 1260 2100 ἐκείνου,
1275 2032 1303 2086 ὃ
1321 2033 1459 2104 μήτε
1480 2033 1645 2104 νόμος
1665 2050 1762 2087 πο-

179 2135 409 2197 λ.ιτικ³.ς,
431 2135 565 2203 μήτε
585 2130 766 2185 κανὼν
787 2132 830 2182 ἱε
841 2130 930 2201 ρος
958 2127 1345 2199 ἀπαγορεύσας
1363 2145 1466 2181 που
1490 2129 1761 2197 φαίνεται,

180 2230 227 2282 εί
263 2228 340 2297 μὴ
373 2228 467 2279 καὶ
510 2227 688 2296 ῥητῶς
729 2219 885 2286 αὖθις
914 2220 1260 2292 ὲπὲτρεψαν;
1304 2221 1569 2292 Ἐπείπερ
1603 2222 1665 2274 ού
1696 2221 1766 2275 τὰ

183 2316 659 2389 συγκεχωρημένα
678 2333 740 2367 πε
752 2316 871 2385 ριλα
880 2313 1106 2384 μῦάνειν
1132 2313 1335 2366 οἴδασιν
1352 2314 1401 2367 oi
1420 2314 1767 2383 περὶτούτων

182 2408 665 2479 θεσμοθετοῦντες,
708 2404 847 2460 ἀλλὰ
882 2405 1019 2473 μόνα
1060 2403 1129 2457 τὰ
1159 2403 1513 2474 κεκωλυμένα
1561 2406 1767 2475 ἀπαριο

184 2500 468 2570 θμεῑσθαι,
500 2499 594 2551 καὶ
619 2490 693 2551 ὧν
722 2501 754 2567 ἡ
792 2495 1103 2567 παράϐασις
1134 2496 1398 2565 μεγίστην
1426 2492 1532 2549 οἶδε
1564 2496 1768 2567 βλάϐην

187 2592 510 2647 άποτίκτειν
560 2593 671 2651 τοῖς
726 2588 1169 2658 περιπίπτουσιν.
1216 2589 1427 2659 Ὠσπερ
1471 2590 1563 2641 καὶ
1611 2590 1663 2641 εῐ
1689 2607 1769 2652 τις

191 2687 380 2754 ια’ρῖς
421 2683 502 2754 τῷ
540 2682 802 2751 κάμνιντι
833 2679 1216 2750 ἀπαγορεύσας
1260 2678 1327 2733 τὰ
1359 2679 1684 2749 βλάπτοντα,
1708 2682 1768 2734 ού

192 2782 414 2839 πάντως
469 2774 714 2841 ἀνάγκην
760 2771 870 2841 ἔχει
915 2771 1010 2823 καὶ
1063 2770 1386 2839 καταλέγειν
1444 2772 1548 2826 ἀνὰ
1607 2773 1771 2843 μέρος

193 2871 413 2923 ἅπαντα
434 2869 501 2921 τὰ
525 2870 589 2937 τῇ
610 2866 770 2935 φύσει
803 2864 967 2935 μηδὲν
1000 2865 1399 2934 λυμαινόμενα.
1436 2866 1593 2919 Ἀλλὰ
1617 2867 1775 2937 δεῦρο

193 2961 381 3015 λοιπὸν
421 2961 450 3012 ὁ
482 2959 553 3010 τὰ
589 2959 709 3010 θεῖα
756 2955 1259 3028 παρεξηγούμενος,
1294 2958 1432 3011 αὐτὰ
1478 2958 1613 3027 πρὶς
1646 2958 1775 3021 ἔπος

193 3048 618 3121 διερμηνεύθητι
652 3047 720 3099 τὰ
748 3045 847 3113 τῆς
894 3044 1185 3113 ἐπιστολῆς
1215 3044 1306 3097 τοῦ
1342 3046 1577 3113 μεγάλου
1611 3048 1776 3116 {sq-.0-

200 3163 315 3214 ρος,
357 3146 424 3213 τῇ
469 3141 678 3211 διανοίᾳ
722 3143 816 3192 καὶ
862 3138 939 3208 τῷ
980 3138 1165 3208 σκοπῷ
1200 3139 1307 3191 τῶν
1340 3138 1647 3207 λεγομένων
1688 3139 1780 3191 τὸν

197 3238 324 3291 νοῦν
368 3234 585 3305 πρῶτον
616 3234 853 3305 ἐρείσας.
882 3233 993 3285 Καὶ
1023 3232 1207 3301 σαυτῷ
1241 3234 1377 3302 τάχα
1426 3234 1554 3285 ποτὲ
1588 3232 1778 3304 μέμψῃ

197 3331 296 3399 τῆς
324 3327 675 3399 προπετείας.
723 3325 874 3379 Ἐπεὶ
909 3325 1003 3378 καὶ
1034 3325 1232 3388 κανὼν,
1258 3325 1330 3385 ὡς
1353 3320 1527 3389 οἶσθα,
1558 3325 1780 3394 νομικός

198 3421 371 3482 ἐστιν,
420 3417 507 3470 ἐπ’
556 3416 781 3468 ἐκείνων
838 3415 1013 3485 μόνων
1068 3413 1167 3477 τὰς
1209 3414 1319 3466 τῶν
1371 3414 1552 3480 νόμων
1605 3413 1782 3475 Θέσεις

203 3510 433 3579 ἰσχύειν,
462 3508 547 3576 ἐφ’
574 3502 648 3561 ὧν
668 3508 760 3559 καὶ
781 3505 1228 3575 ἑξεφωνήοησαν.
1257 3504 1394 3558 Καθ’
1423 3504 1482 3557 ὃν
1505 3504 1661 3573 λόγον
1688 3504 1783 3558 καὶ

203 3604 311 3661 πᾶς
336 3601 563 3671 νομικὶς
593 3598 772 3652 κανὼν
800 3600 937 3669 πρὸς
967 3601 1080 3661 τοῖς
1105 3598 1285 3659 ἄλλοις
1314 3596 1510 3668 σαθρὸς
1538 3594 1676 3649 εἶναι
1706 3596 1786 3649 λέ-

201 3713 387 3764 γεται.
418 3693 581 3746 Ὀθεν
607 3692 799 3762 άμέλει
828 3690 930 3745 κᾶν
964 3691 1143 3744 ὁτιοῦν
1171 3691 1418 3758 γένηται,
1455 3691 1538 3741 ἐπ’
1562 3690 1784 3742 ἐκείνων

205 3790 428 3850 πάντως
461 3787 730 3856 κρατήσει
776 3784 873 3837 καὶ
906 3784 974 3836 τὰ
1024 3783 1129 3835 ὑπὸ
1155 3782 1249 3835 τοῦ
1295 3782 1591 3852 θεολήπτου
1630 3782 1783 3834 τοῦδε

205 3876 632 3945 διηγορευμένα,
660 3876 743 3943 ἐφ’
777 3868 852 3928 ὧν
878 3875 1002 3926 τότε
1030 3872 1315 3944 ἐξηνέχθη.
1349 3874 1515 3942 Δῆλον
1540 3875 1617 3939 δὲ,
1644 3873 1783 3925 ὥστε

210 3971 284 4037 μῆ
315 3968 413 4021 δύο
437 3966 692 4032 ἀδελφαῖς
720 3965 817 4018 ’ἐνα
846 3964 1054 4018 καὶτὸν
1096 3965 1260 4018 αὑτὸν
1284 3965 1453 4034 ἄνδρα
1489 3965 1654 4032 γάμῳ
1684 3966 1784 4033 ἁρ-

212 4056 786 4132 μόζεσθαι·ὦσπεραῦ
809 4058 970 4111 πάλιν
1002 4059 1097 4111 καὶ
1127 4057 1193 4111 τὰ
1216 4057 1323 4111 ἀπὸ
1349 4058 1500 4111 τοῦδε
1530 4057 1608 4128 τῷ
1638 4058 1786 4127 τόμῳ

213 4153 662 4221 μεταληφθέντα,
693 4155 751 4205 ἐν
783 4150 1010 4209 ἐκείνοις
1041 4148 1150 4212 ἕξει
1178 4149 1238 4201 τὸ
1282 4150 1500 4218 κράτος,
1535 4153 1613 4211 εἰς
1645 4150 1788 4218 άπερ

211 4248 341 4315 ἔστη
386 4246 451 4297 τὸ
500 4243 851 4311 ἀποτέλεσμα
911 4242 1025 4306 τοῦ,
1071 4243 1208 4311 μήτε
1253 4241 1346 4294 δύο
1382 4242 1643 4309 ἀδελφοὺς
1696 4242 1790 4294 δύο

212 4338 511 4404 ὲξαδέλφας
557 4336 877 4406 λαμϐάνειν,
922 4337 1057 4406 μήτε
1095 4335 1235 4388 θεῖον
1267 4338 1358 4388 καὶ
1389 4335 1606 4404 ἀνεψιὸν
1638 4336 1792 4387 ἁδελο

214 4433 321 4497 9'2;
346 4428 462 4481 δύο·
494 4428 589 4480 καὶ
627 4426 697 4479 τὰ
723 4426 926 4479 τούτων
957 4427 1211 4496 ἔμπαλιν,
1246 4427 1293 4478 εί
1331 4428 1423 4478 καί
1460 4426 1679 4489 πολλαῖς
1706 4427 1792 4479 διὰ

218 4522 386 4589 μέσου
434 4522 555 4581 ταῖς
596 4519 998 4589 παρεκϐάσεσιν
1048 4519 1415 4587 ἐξυφαίνεται.
1465 4518 1601 4570 Ἀλλ’
1650 4519 1678 4570 ὃ
1709 4520 1794 4572 λέ-

216 4626 337 4675 γειν
369 4607 733 4677 ὡρμήθημεν,
768 4611 796 4661 ὁ
829 4608 1002 4677 μέγας
1032 4607 1318 4678 τοιγαροῦν
1343 4601 1516 4671 οὗτος.
1552 4607 1668 4670 ἐνὸς
1698 4611 1792 4660 ἁν-

217 4700 343 4767 δίός
383 4699 705 4770 συμπλοκὴν
737 4698 872 4769 πρὸς
903 4698 1131 4767 ἀδελφὰς
1157 4698 1250 4752 δύο
1280 4699 1656 4769 ἀπαγορεύων,
1701 4700 1795 4752 καὶ

217 4796 278 4845 τὸ
304 4794 757 4860 κατεγνωσμένον
789 4792 1059 4862 διασύρων
1090 4793 1186 4861 τῆς
1219 4792 1490 4860 πράξεως,
1519 4794 1592 4855 ὡς
1623 4794 1793 4860 ἔκφυ-

220 4889 308 4937 λον
378 4886 554 4951 πάντη
606 4885 699 4935 καὶ
755 4883 877 4951 μηδ’
925 4888 1061 4954 ἀκοῇ
1105 4888 1336 4955 φορητὸν
1374 4886 1527 4954 ὁσία,
1570 4886 1651 4947 τὸ,
1682 4885 1795 4939 Οὐκ

220 4974 506 5044 είσελεύσῃ
536 4974 669 5043 πρὸς
699 4975 875 5026 πάντα
907 4977 1105 5027 οἰκεῖον
1137 4977 1336 5044 σαρκός
1368 4993 1483 5038 σου,
1518 4975 1795 5028 ἀποκαλύ-

222 5068 319 5135 ψαι
350 5066 740 5136 ἀσχημοσύνην
764 5066 949 5132 αὑτοῦ,
978 5069 1085 5119 ἀπὸ
1113 5068 1210 5136 τῆς
1246 5070 1465 5137 Γραφῆς
1495 5069 1633 5138 πρὸς
1663 5070 1798 5121 ἀπο-

223 5160 431 5228 τροπὴν
456 5156 656 5219 λαϐὼν,
681 5158 850 5222 δεῖξαι
878 5158 1219 5229 βουλόμενος,
1244 5161 1318 5222 ὡς
1347 5161 1407 5214 τὸ
1436 5164 1597 5231 ῥητὸν
1625 5162 1803 5212 ἐκεῖνο

224 5251 649 5319 ἐμπεριεκτικόν
678 5250 793 5302 ἐστι
818 5251 911 5303 καὶ
939 5252 1129 5305 τούτου
1160 5254 1254 5306 τοῦ
1284 5253 1456 5317 εἴδους
1482 5255 1579 5323 τῆς
1608 5255 1800 5306 οἰκειό-

223 5358 411 5409 τητος,
468 5340 563 5391 καὶ
618 5339 693 5403 ὡς
746 5341 851 5393 ὑπὸ
875 5343 974 5411 τῆς
1032 5344 1180 5407 θείας
1210 5344 1433 5413 Γραφῆς
1481 5347 1513 5415 ἡ
1558 5345 1652 5398 τοῦ
1684 5346 1799 5407 ἐνὸς

227 5437 417 5504 ἀνδρὸς
456 5436 591 5504 πρὸς
646 5434 882 5503 ἀδελφὰς
919 5436 1012 5489 δύο
1044 5437 1258 5506 γαμική
1309 5437 1493 5505 ὁμιλία
1526 5439 1625 5508 ήδη
1660 5454 1795 5508 προσ

230 5528 625 5599 απηγόρευται,
650 5529 859 5597 εἰσάγει
879 5528 1099 5592 τούτους
1128 5528 1575 5599 τουςλογισμούς.
1610 5531 1673 5583 Τί
1701 5531 1807 5599 γὰρ

1861 1966 1928 2021 ad
1959 1962 2201 2035 nuptias,
2223 1962 2271 2017 ei
2303 1953 2450 2015 totus
2486 1956 2638 2012 orbis
2691 1960 2914 2024 apertus
2940 1959 3046 2006 est.
3082 1945 3226 2014 Quid
3259 1954 3443 1999 autem

1863 2057 2037 2127 magis
2094 2062 2179 2110 est
2223 2067 2290 2110 eo
2346 2050 2672 2122 legitimum,
2731 2045 2877 2115 quod
2924 2055 3099 2111 neque
3144 2040 3234 2109 jus
3264 2036 3441 2098 civile,

1865 2161 2043 2217 neque
2062 2158 2282 2199 sacrum
2313 2142 2553 2212 aliquem
2587 2149 2851 2192 canonem
2887 2131 3231 2204 prohibuisse
3265 2137 3442 2197 paret,

1868 2214 2084 2291 tametsi
2133 2234 2337 2289 diserte
2374 2246 2480 2286 non
2513 2225 2913 2300 permiserint?
2950 2222 3160 2291 Quippe
3202 2214 3310 2273 non
3358 2232 3444 2277 ea,

1867 2342 1988 2398 quae
2020 2339 2278 2381 concessa
2329 2330 2477 2386 sunt,
2523 2315 2987 2388 comprehendere
3014 2310 3449 2382 promulgatores

1868 2421 2064 2475 harum
2116 2431 2299 2471 rerum
2349 2415 2528 2468 solent
2578 2430 2592 2466 :
2653 2410 2746 2466 sed
2796 2409 3065 2464 duntaxat
3121 2416 3447 2459 enumerare

1870 2512 2143 2584 prohibita
2206 2519 2261 2563 et
2312 2521 2546 2577 quorum
2601 2501 2965 2572 transgressio
3018 2496 3307 2551 maximam
3384 2492 3451 2545 iis

1872 2619 2070 2659 nexum
2124 2615 2316 2670 parere
2356 2598 2664 2655 consuerit,
2700 2594 2791 2659 qui
2826 2606 2890 2646 ea
2940 2588 3313 2644 committunt.
3354 2585 3452 2639 l’e-

1874 2695 2031 2752 rinde
2054 2709 2117 2747 ac
2147 2692 2192 2747 si
2226 2689 2469 2744 medicus
2495 2694 2700 2758 trgroto
2746 2683 2924 2738 noxiis
2954 2682 3119 2736 rebus
3155 2678 3453 2733 interdixe-

1874 2786 1964 2847 rit,
2014 2797 2119 2837 non
2154 2780 2378 2835 omnino
2421 2778 2467 2831 ei
2503 2789 2731 2830 necesse
2760 2783 2841 2827 est
2863 2772 3026 2826 etiam
3080 2766 3451 2837 particulatim

1875 2873 2054 2928 omnia
2086 2876 2389 2930 recenseat,
2418 2881 2539 2936 quae
2589 2873 2797 2918 natura:
2828 2861 2963 2915 nihil
3002 2866 3221 2913 nocent.
3251 2855 3451 2910 Verum

1876 2982 1975 3036 age
2017 2962 2256 3026 tandem,
2299 2960 2391 3029 qui
2446 2971 2601 3013 sacra
2651 2955 2789 3010 falso
2824 2951 3054 3021 exponis
3101 2948 3167 3003 ad
3198 2947 3447 3003 verbum.

1880 3059 2245 3124 interpreiare
2302 3067 2422 3121 quae
2454 3051 2505 3103 in
2540 3050 2687 3102 illius
2734 3047 2915 3115 magni
2951 3042 3187 3097 oratoiis
3221 3040 3453 3110 epistola

1883 3149 2086 3218 scripta
2111 3156 2240 3201 sunt
2265 3184 2281 3208 ,
2315 3153 2495 3197 mente
2525 3142 2678 3210 prius
2701 3140 2752 3193 in
2780 3138 3108 3192 sententiam
3137 3144 3189 3189 et
3228 3146 3455 3200 scopum

1805 3212 1848 3268 θ’
1881 3212 2071 3297 eorum
2127 3253 2249 3304 qua:
2289 3234 2550 3289 dicuntur
2605 3231 2803 3287 defixa.
2842 3229 2961 3294 Quo
3006 3228 3170 3292 facto,
3207 3226 3458 3278 fortassis

1886 3324 2001 3403 ipse
2065 3334 2428 3387 temeritatem
2486 3326 2783 3395 aliquando
2847 3332 2995 3376 tuam
3070 3316 3457 3388 reprehendes.

1884 3427 2020 3480 Nam
2054 3433 2107 3481 et
2131 3425 2318 3494 regula
2342 3421 2487 3489 juris
2522 3430 2606 3473 est
2633 3418 2769 3488 (43),
2803 3426 2859 3469 nt
2906 3415 3072 3479 nosti,
3108 3413 3374 3466 duntaxat
3405 3410 3461 3462 in

1885 3519 1954 3573 iis
1999 3519 2177 3585 legum
2236 3514 2417 3568 valere
2460 3521 2686 3573 statuta,
2721 3512 2787 3564 de
2809 3509 3010 3578 quibus
3058 3504 3278 3574 prolata:
3326 3504 3458 3556 sint.

1887 3610 2002 3674 Qua
2043 3609 2205 3662 etiam
2259 3606 2471 3659 ratione
2499 3604 2610 3673 (44)
2646 3602 2824 3656 omnis
2861 3601 3043 3671 regula
3072 3600 3234 3668 juris.
3270 3609 3465 3666 prreter

1887 3702 2012 3765 alia,
2044 3699 2251 3769 fragilis
2298 3712 2421 3752 esse
2455 3697 2678 3749 dicitur.
2714 3692 3006 3762 Propterea
3039 3692 3084 3745 si
3112 3688 3241 3758 quid
3273 3704 3337 3742 cx
3379 3689 3466 3742 his

1888 3797 2162 3861 sequitur,
2214 3806 2336 3861 qua:
2386 3790 2454 3843 ab
2505 3789 2727 3841 homine
2792 3787 2979 3839 divino
3042 3785 3255 3839 sancita
3311 3790 3462 3841 sunt,

1888 3887 2111 3941 omnino
2156 3885 2222 3939 de
2277 3884 2343 3937 iis
2390 3881 2705 3950 accipienda
2736 3886 2916 3941 erunt,
2969 3877 3037 3931 de
3088 3875 3287 3945 quibus
3338 3884 3467 3926 tunc

1890 3978 2042 4033 fuere
2077 3977 2310 4045 prolata.
2346 3974 2700 4029 Manifestum
2739 3980 2823 4026 est
2852 3977 3056 4031 autem,
3097 3982 3163 4021 eo
3193 3974 3466 4034 spectare,

1889 4085 1958 4124 ne
1980 4070 2063 4122 vir
2092 4083 2232 4121 unus
2263 4077 2317 4120 et
2362 4067 2503 4122 idem
2538 4066 2753 4119 duabus
2796 4062 3079 4117 sororibus
3121 4056 3469 4113 matrimonio

1888 4161 2173 4230 jungatur.
2208 4158 2379 4211 Sicuti
2430 4172 2651 4211 rursum
2682 4168 2804 4223 quae
2842 4153 2911 4205 ab
2949 4152 3042 4205 illo
3092 4159 3339 4218 tempore
3374 4161 3470 4215 pa-

1894 4250 2172 4304 triarchali
2221 4257 2370 4301 tomo
2414 4255 2543 4299 sunt
2588 4247 2816 4306 inserta,
2846 4243 3013 4298 robur
3060 4243 3115 4294 in
3158 4241 3225 4293 iis
3256 4238 3472 4291 obtine-

1899 4345 2055 4406 bunt,
2106 4343 2160 4394 in
2194 4355 2315 4409 qua:
2357 4340 2488 4392 ιυιιιί
2535 4339 2733 4392 desinit
2780 4336 3007 4390 allectus
3042 4352 3055 4387 :
3092 4334 3371 4393 nimirum,
3408 4341 3469 4382 ut

1824 4454 1871 4512 ι)
1898 4450 2075 4503 neque
2105 4432 2214 4486 duo
2243 4431 2441 4485 fratres
2470 4431 2606 4483 duas
2645 4428 3007 4482 consobrinas
3035 4426 3257 4487 ducant,
3294 4437 3473 4490 neque

1896 4539 2124 4595 patruus
2151 4533 2205 4577 et
2230 4524 2414 4577 fratris
2444 4524 2588 4576 filius
2612 4523 2751 4575 duas
2779 4536 3020 4581 sorores,
3044 4534 3107 4572 ac
3131 4518 3247 4571 vice
3267 4530 3423 4571 versa
3455 4534 3469 4567 :

1895 4620 2024 4672 licet
2058 4619 2171 4672 haec
2204 4618 2389 4671 multis
2431 4614 2737 4684 interiectis
2771 4612 3206 4682 digressionibus
3238 4614 3309 4662 ita
3340 4624 3475 4661 con-

1899 4717 2173 4763 terantur.
2207 4708 2314 4761 Sed
2352 4716 2409 4759 ut
2452 4715 2793 4759 revertamur
2825 4704 2891 4757 ad
2933 4703 3007 4763 id,
3040 4702 3183 4771 quod
3227 4700 3472 4755 institui-

1899 4817 2023 4854 mus
2056 4800 2237 4853 dicere
2261 4839 2274 4859 ,
2310 4813 2539 4867 magnus
2564 4798 2653 4850 hic
2683 4805 2867 4850 noster
2902 4794 3153 4856 Basilius,
3181 4792 3476 4861 prohibens

1896 4893 2061 4945 unius
2108 4890 2212 4942 viri
2239 4889 2783 4956 copulationemeum
2830 4884 3045 4939 duabus
3086 4883 3389 4945 sororibus,
3423 4892 3480 4934 et

1898 4983 2208 5037 damnabile
2235 4980 2449 5036 facinus
2485 4982 2587 5034 hoc
2629 4980 2882 5049 culpans,
2934 4980 3009 5031 uti
3056 4978 3201 5047 quod
3252 4978 3476 5029 examino

1903 5078 1975 5131 sit
2002 5075 2242 5128 alienum
2274 5088 2302 5125 a
2337 5074 2559 5143 pietate,
2593 5087 2696 5126 nec
2748 5070 3022 5139 religiosis
3069 5069 3296 5122 auribus
3342 5067 3478 5117 tole-

1903 5170 2121 5229 rabiie;
2172 5166 2468 5233 simulque,
2499 5162 2646 5217 dieto
2686 5162 2811 5225 illo,
2856 5159 2975 5214 Non
3036 5158 3364 5229 ingredieris
3410 5158 3479 5209 ad

1905 5260 2157 5330 quemvis
2210 5258 2574 5313 necessarium
2607 5255 2791 5310 carnis
2828 5260 2955 5317 tum,
2998 5259 3058 5305 ut
3092 5252 3328 5306 dedecus
3361 5250 3481 5316 ejus

1908 5352 2156 5417 reveles,
2202 5364 2232 5404 e
2279 5351 2452 5403 sacris
2498 5346 2720 5401 Litteris
2760 5343 3086 5400 dehortandi
3143 5356 3307 5395 causa
3349 5356 3479 5408 ιιι-«ις

1908 5443 2039 5504 lato,
2067 5441 2196 5495 dum
2230 5440 2463 5508 probare
2491 5437 2629 5501 vult,
2654 5436 2860 5492 dictum
2910 5433 3043 5488 illud
3086 5433 3228 5486 hanc
3261 5446 3479 5499 quoque.

1916 5531 2338 5603 propinquitatis
2416 5530 2650 5600 speciem
2718 5526 3028 5599 complecti,
3086 5525 3337 5597 quodque
3385 5538 3480 5592 per

1780 5686 2010 5742 NOTAE.

303 5800 531 5865 (1709.5.
566 5801 622 5854 β.
658 5801 719 5856 de
758 5818 1000 5873 κανεῖ.

1984 5802 2091 5870 (ii)
2124 5802 2312 5858 Omnis
2352 5802 2455 5857 ‘20).
2485 5817 2496 5856 :
2525 5802 2583 5854 υ.
2619 5806 2740 5858 eod.
