4188 6446
763 401 903 466 1103

2051 403 2088 462 J
2097 402 2192 462 US
2241 402 2683 467 CANONICUM

3870 413 4018 480 1104

760 531 949 569 sacras
997 514 1232 568 Litteras
1274 513 1437 566 unius
1481 509 1579 563 viri
1628 523 1751 564 cum
1785 510 1996 564 duabus
2044 511 2332 564 sororibus

2435 512 2500 564 ἂν
2531 516 2762 580 γένοιτο,
2797 517 2966 585 λέγει,
3004 519 3159 590 ἀνδρὶ
3188 520 3516 590 οἰκειότερον
3547 522 3646 593 τῆς
3682 525 3886 580 ἐαυτοῦ
3919 546 4020 597 γυ-

758 607 927 659 coitio
959 604 1380 658 matrimonialis
1433 601 1545 671 jam
1585 610 1712 654 ante
1760 601 2031 670 prohibita
2066 603 2135 655 sit
2170 618 2183 653 :
2221 602 2333 655 haec

759 698 875 765 ipsa
933 695 1182 766 producit
1232 701 1582 764 argumenta.
1632 691 1796 758 Quid,
1864 692 2063 762 inquit,
2108 699 2333 762 tangere

757 791 932 842 virum
972 789 1229 858 propiore
1285 786 1690 842 necessitudine
1737 786 1932 856 possit,
1973 800 2137 854 quam
2171 801 2327 850 uxor,

759 877 838 928 vel
896 876 1013 945 ipsa
1043 879 1224 947 potius
1274 877 1449 946 ipsius
1495 874 1674 929 caro?
1713 875 1830 928 Non
1870 875 2016 927 enim
2065 877 2175 927 duo
2207 883 2332 930 sunt

755 967 1010 1037 amplius,
1059 967 1152 1021 sed
1209 983 1315 1019 una
1362 979 1511 1019 caro.
1547 964 1668 1030 Quo
1729 964 1806 1032 ﬁt,
1837 973 1897 1018 ut
1946 979 2040 1034 per
2084 981 2331 1018 uxorem.

757 1056 921 1105 etiam
989 1054 1104 1121 ipsa
1161 1068 1319 1107 soror
1382 1053 1526 1120 ejus,
1583 1053 1650 1107 ad
1704 1053 1805 1107 viri
1877 1053 2335 1108 necessitudinem

757 1152 1019 1197 transeat.
1060 1141 1133 1198 De
1159 1146 1348 1199 eodem
1371 1143 1488 1199 haec
1516 1144 1733 1198 tandem
1761 1144 1944 1200 infert.
1979 1144 2336 1210 Quemadmo-

755 1236 885 1288 dmn
951 1247 1201 1302 matrem,
1269 1238 1470 1307 inquit,
1524 1239 1735 1306 uxoris,
1789 1253 1900 1292 non
1974 1239 2158 1303 ducet,
2235 1251 2335 1290 nec

757 1325 921 1378 tiliam
957 1328 1166 1389 uxoris,
1197 1327 1268 1381 ob
1323 1341 1442 1381 eam
1507 1341 1756 1392 causam,
1789 1329 1932 1395 quod
1969 1341 2068 1380 nec
2104 1337 2332 1379 matrem

757 1431 912 1468 suam
951 1434 964 1469 :
1001 1416 1083 1472 sic
1119 1431 1295 1487 neque
1338 1431 1585 1472 sororem
1627 1419 1839 1483 uxoris,
1888 1417 2330 1487 quandoquidem

2439 601 2645 663 ναικὸς,
2697 604 2896 672 μᾶλλον
2945 605 3000 658 δὲ
3030 607 3129 676 τῆς
3159 608 3354 662 ἐαυτοῦ
3405 613 3638 680 σαρκόςς
3674 615 3751 667 Ού
3793 618 3904 686 γὰρ
3939 621 4020 672 ἐτι

2440 689 2549 742 εἰσὶ
2589 691 2704 756 δύο,
2737 695 2872 749 ἀλλά
2904 696 3042 767 σάρξ
3091 698 3210 767 μία.
3252 699 3416 754 Ὥστε
3446 702 3532 756 διὰ
3561 705 3658 774 τῆς
3693 708 3954 773 γυναικὸς
3985 712 4017 779 ἡ

2439 781 2640 853 ἀδελφὴ
2673 787 2810 857 πρὸς
2840 790 2937 855 τὴν
2969 790 3062 842 τοῦ
3096 791 3289 862 ἀνδρὸς
3333 795 3642 864 οἰκειότητα
3672 799 4017 867 μεταϐαίνει.

2441 871 2549 922 Καὶ
2592 875 2623 941 ἡ
2657 875 2915 948 ἐπαγωγὴ
2967 879 3093 948 περὶ
3133 880 3226 932 τοῦ
3265 880 3454 935 αὐτοῦ.
3508 883 3595 948 Ὠς
3627 886 3739 956 γὰρ
3773 891 4020 958 μητέρα,

2441 962 2594 1029 φησι,
2628 965 2886 1030 γυναικὸς
2912 968 2972 1019 οὐ
3006 968 3256 1038 λήψεται,
3299 971 3420 1024 οὐδέ
3451 972 3729 1045 θυγατέρα
3770 978 3870 1043 τῆς
3924 996 4022 1045 γυ-

2438 1052 2642 1116 ναικὸς,
2694 1054 2826 1108 διότι
2862 1060 2997 1127 μηδὲ
3040 1059 3137 1129 τὴν
3168 1062 3364 1115 ἑαυτοῦ
3394 1064 3624 1133 μητέρα.
3667 1067 3855 1130 Οὕτως
3896 1071 4020 1122 ούδέ

2438 1141 2674 1212 ἀδελφὴν
2720 1149 2997 1213 γυναικὸς,
3048 1152 3182 1204 διότι
3210 1155 3344 1223 μηδέ
3379 1155 3477 1227 τὴν
3509 1157 3703 1210 ἐαυτοῦ
3755 1159 4018 1230 ἀδελφήν.

2438 1235 2546 1288 Καὶ
2598 1237 2658 1290 τὸ
2696 1239 2986 1306 ἀνάπαλιν,
3019 1245 3139 1298 οὐδὲ
3182 1250 3248 1317 τῇ
3275 1247 3500 1315 γυναικὶ
3528 1246 3768 1312 ἐξέσται,
3795 1249 3891 1302 τοῦ
3921 1253 4017 1303 ἀν-

2434 1325 2560 1395 δρὸς
2587 1333 2699 1393 τοῖς
2729 1334 2949 1396 οἰκείοις
2981 1340 3270 1391 συνοικεῖν.
3311 1341 3482 1392 Κοινά
3508 1343 3615 1410 γὰρ
3651 1340 3738 1392 ἐπ’
3772 1342 4017 1411 ἀμφοτέ-

2440 1433 2556 1485 ροις
2591 1422 2656 1474 τὰ
2683 1423 2782 1490 τῆς
2805 1427 3127 1492 συγγενείας
3157 1427 3360 1482 δίκαια.

755 1527 858 1566 nec
910 1527 1154 1566 sororem
1199 1512 1496 1582 propriam.
1539 1514 1613 1567 Ac
1644 1514 1761 1568 vice
1832 1527 2012 1577 versa,
2063 1526 2172 1566 non
2239 1511 2402 1565 etiam
2445 1513 2662 1570 mulieri
2725 1517 2928 1583 licebit,
3005 1520 3188 1575 mariti
3266 1521 3594 1578 necessariis
3677 1523 4016 1582 cohabitare.

752 1603 888 1659 ‘iam
947 1606 1259 1660 communia
1306 1613 1435 1659 sunt
1493 1607 1546 1660 in
1621 1607 1866 1676 utrisque
1935 1607 2061 1674 jura
2119 1602 2488 1673 cognationis.

829 1703 990 1757 Hisce
1045 1704 1618 1767 determinatiouibns,
1685 1703 1767 1756 vir
1805 1714 2026 1758 sanctus
2092 1703 2331 1758 absurdo

754 1803 954 1846 conatu
1015 1795 1301 1862 castigato,
1352 1795 1614 1846 duntaxat
1645 1793 1906 1847 hactenus
1948 1793 2325 1846 inhibitionem

2509 1705 2726 1772 Τούτοις
2749 1711 2859 1770 τοῖς
2879 1709 3125 1780 ὁρισμοῖς
3161 1712 3190 1765 ό
3210 1710 3494 1774 θεσπέσιος
3521 1715 3580 1766 τὸ
3597 1715 3800 1768 ἄτοπον
3836 1717 4014 1786 ἀπορ-

2439 1797 2674 1865 ῥαπίσας
2705 1800 2802 1868 τῆς
2821 1802 3209 1870 ἐγχειρήσεως,
3238 1803 3398 1872 μέχρι
3417 1805 3605 1858 τούτου
3629 1807 3722 1860 καὶ
3751 1809 3918 1876 μόνου
3950 1809 4014 1860 τὰ

756 1902 910 1938 suam
941 1894 1174 1937 coercet.
1211 1884 1372 1953 Atqui
1426 1884 1619 1937 licebat
1647 1884 1718 1948 ei,
1763 1885 1807 1938 si
1848 1885 2131 1946 voluisset,
2164 1883 2323 1936 etiam

2435 1889 2529 1956 τῆς
2556 1890 2978 1960 ἀπαγορεύσεως
3005 1894 3204 1962 ἵστησι.
3226 1894 3480 1962 Καίτοιγε
3505 1897 3629 1964 ἐξῆν
3652 1899 3823 1967 αύτῷ,
3856 1900 4013 1969 εἴπερ

756 1981 822 2028 ad
857 1976 1178 2029 remotiores
1205 1975 1634 2029 necessitudines
1664 1976 1962 2029 orationem
1993 1977 2322 2043 producere;

753 2067 1210 2134 quemadmodum
1250 2067 1433 2121 multis
1461 2081 1584 2121 eum
1615 2066 1750 2121 locis
1785 2081 2057 2120 canonum
2099 2080 2323 2132 suorum

757 2158 938 2210 facere
974 2156 1325 2210 manifestum
1365 2168 1475 2212 est.
1509 2155 1720 2225 Quippe
1763 2157 2102 2225 respondens
2136 2156 2201 2208 ad
2238 2171 2323 2218 ea,

754 2262 875 2314 qute
957 2247 1026 2300 ab
1097 2247 1369 2315 aliquibus
1428 2247 1873 2315 proponebantur
1929 2246 2103 2298 sicubi
2161 2234 2327 2299 tacite

753 2336 1011 2404 quiddam
1053 2337 1198 2390 velut
1235 2338 1422 2390 enasci
1472 2335 1640 2399 videt,
1673 2346 1725 2390 et
1774 2336 2061 2404 consequi,
2096 2335 2326 2404 subjun-

755 2444 884 2496 gere
919 2429 1078 2482 solet.
1112 2426 1254 2482 Idem
1287 2440 1338 2482 et
1364 2429 1416 2482 in
1455 2429 1542 2494 iis,
1572 2429 1662 2497 qui
1701 2428 1814 2482 hzec
1851 2430 1933 2484 vel
1972 2430 2060 2482 illa
2097 2429 2324 2482 faciunt.

755 2523 998 2585 Quorum
1025 2535 1158 2574 sane
1214 2519 1353 2574 nihil
1401 2521 1489 2575 hic
1521 2522 1588 2574 ab
1620 2536 1685 2575 eo
1716 2524 1786 2575 sit
1818 2522 1977 2574 sicuti
2023 2536 2120 2574 nec
2148 2536 2178 2574 a
2213 2529 2328 2574 toto

755 2623 898 2666 metu
934 2618 1212 2666 beatorum
1248 2619 1414 2667 sextae
1463 2613 1654 2681 synodi
1701 2613 1918 2666 Patrqu
1983 2618 2056 2678 (et
2104 2612 2327 2666 omnino

757 2713 810 2756 te
861 2704 958 2756 hos
990 2702 1358 2755 admissurum
1417 2712 1547 2770 pulo
1577 2702 1902 2770 interpretes
1952 2701 2100 2754 illius
2145 2701 2326 2768 tnagni

755 2794 855 2847 viri
893 2792 1231 2860 verborum),
1265 2794 1356 2862 qui
1387 2792 1454 2846 ab
1487 2807 1552 2847 eo
1600 2792 1864 2846 duntaxat
1907 2793 2060 2858 quasi
2103 2793 2328 2850 compli-

755 2895 878 2940 cata
938 2887 1254 2954 sancitaque
1323 2885 1595 2946 strictius.
1648 2885 1877 2938 dilatare
1946 2884 2211 2945 volentes,
2269 2889 2326 2937 et

756 2979 986 3032 clariora
1072 2977 1334 3039 reddere,
1422 2992 1684 3031 canonem
1763 2990 1851 3030 Liv
1935 2985 2324 3043 exposuerunt,

757 3072 821 3124 ad
868 3073 1089 3125 verbum
1141 3073 1254 3126 haec
1302 3071 1669 3124 continentem
1720 3090 1730 3122 :
1768 3088 1785 3119 ι
1827 3067 1961 3122 Cum
2021 3067 2123 3120 hoc
2155 3081 2326 3120 sacra:

763 3180 780 3212 ι
829 3162 1125 3230 Scriptura:
1179 3169 1505 3230 prrcccptum
1553 3161 1643 3218 sit.
1704 3157 1818 3213 Non
1885 3157 2204 3227 ingredieris
2257 3157 2322 3210 ad

763 3273 780 3302 σ
828 3257 1074 3320 quemvis
1131 3255 1499 3309 necessarium
1565 3254 1744 3306 carnis
1792 3262 1916 3315 tum,
1973 3260 2031 3305 ut
2081 3251 2321 3305 dedecus

759 3368 776 3399 ‹
825 3350 943 3416 ejus
983 3349 1187 3402 reveles
1225 3366 1236 3400 :
1276 3348 1462 3399 divino
1510 3345 1724 3399 aﬂlatus
1774 3345 1862 3398 ille
1897 3346 2118 3397 numine
2168 3344 2321 3397 Basi-

761 3463 777 3492 ι
831 3444 932 3494 litis
967 3440 1182 3508 nuptias
1212 3440 1474 3507 quasdam
1525 3437 1827 3506 prohibitas
1859 3437 1974 3490 suis
2007 3437 2059 3488 in
2099 3437 2320 3490 canoni-

760 3553 777 3584 ι
832 3536 928 3587 bus
980 3533 1271 3594 recensuit,
1312 3530 1584 3599 plerisque
1639 3530 1858 3584 silentio
1913 3529 2219 3596 praeteritis,
2270 3537 2323 3582 et

758 3643 774 3671 ι
825 3633 1056 3689 utraque
1102 3620 1185 3671 via
1235 3630 1424 3672 nostro
1476 3626 1768 3686 procurato
1816 3615 2124 3670 commodo.
2187 3616 2319 3668 Nam

759 3735 775 3764 ‹
821 3717 1014 3768 evitata
1053 3715 1312 3768 foedarum
1356 3711 1776 3782 appellationum
1832 3709 2200 3776 multitudine,
2257 3723 2322 3760 ne

760 3827 778 3857 ι
828 3809 1006 3860 verbis
1040 3809 1108 3860 iis
1155 3808 1455 3859 orationem
1505 3819 1657 3860 suam
1693 3804 2125 3866 contaminaret;
2159 3817 2322 3870 gene-

759 3922 778 3952 ι
827 3903 925 3954 rali
988 3903 1209 3955 nomine
1266 3900 1582 3967 complexus
1653 3909 1734 3952 est
1799 3899 2167 3966 impuritates,
2231 3908 2325 3962 per

761 4015 778 4041 σ
825 4010 964 4063 quas
1009 3995 1315 4047 summatim
1375 3993 1534 4046 nobis
1593 3990 1830 4044 nefarias
1873 3987 2324 4043 commonstravit

759 4106 777 4139 ι
825 4087 1064 4155 ruptias.
1123 4087 1259 4151 Quia
1327 4100 1456 4139 vero
1515 4099 1577 4138 ex
1634 4083 1904 4151 ejusmodi
1973 4081 2209 4142 silentio,
2269 4087 2325 4131 et

760 4197 778 4227 ι
826 4193 1015 4246 parum
1053 4180 1321 4246 explicata
1361 4176 1726 4245 prohibitione
1757 4173 2066 4242 nuptiarum
2108 4173 2325 4224 illicita-

760 4287 778 4319 ι
830 4284 973 4331 r-tm,
1025 4269 1279 4322 confusio
1350 4279 1558 4320 natura:
1613 4266 1856 4334 quaedam
1936 4272 2019 4318 est
2091 4272 2322 4317 secuta:

763 4379 779 4408 ι
825 4361 1026 4413 nudius
1077 4361 1189 4414 lucc
1234 4357 1552 4427 exponenda
1591 4356 1902 4417 statuimus,
1941 4355 2184 4422 adeoque
2231 4352 2326 4405 de-

763 4469 781 4500 ι
829 4453 1100 4504 cernimus
1140 4467 1154 4516 ;
1198 4450 1453 4515 deinceps
1506 4463 1652 4509 eum,
1687 4447 1776 4515 qui
1822 4461 1945 4497 cum
1993 4459 2089 4498 sua
2133 4457 2330 4496 conso-

827 4539 979 4590 Iit-ina
1013 4539 1339 4591 matrimonii
1373 4537 1635 4592 sccietate
1662 4537 1970 4600 copulatur.
1994 4544 2088 4586 aut
2117 4542 2324 4601 patrem
2360 4561 2406 4618 ο
2439 4554 2458 4588 ι

829 4639 882 4681 et
932 4629 1098 4682 ﬁlium
1147 4645 1269 4682 cum
1322 4637 1494 4681 matre
1544 4643 1607 4682 ac
1639 4628 1771 4689 ﬁlia,
1818 4629 1900 4679 vel
1952 4640 2072 4679 cum
2115 4624 2329 4678 duabus

829 4720 1022 4786 puellis
1057 4720 1338 4771 sororibus
1386 4730 1590 4787 patrem
1637 4728 1798 4785 atque
1859 4717 2046 4778 lilium,
2091 4715 2172 4768 vel
2205 4729 2327 4768 cum

835 4807 1052 4860 duobus
1113 4805 1341 4860 fati-ibus
1391 4816 1619 4860 matrem
1655 4815 1707 4859 et
1747 4806 1935 4866 tiliam,
1989 4806 2070 4855 vel
2127 4803 2325 4856 fratres

829 4898 966 4950 duos
1022 4912 1143 4949 cum
1221 4898 1436 4951 duabus
1498 4897 1779 4950 sororibus
1837 4908 2050 4963 pmnam
2103 4896 2331 4950 canonis

769 5009 783 5035 ι
829 4989 1113 5054 septennio
1166 4989 1633 5056 circumscriptam
1690 4987 2010 5049 incurrere,
2070 4987 2326 5038 nimirum

766 5102 780 5128 ι
827 5091 876 5132 et
920 5083 1050 5146 ipsis
1107 5096 1134 5132 a
1183 5081 1390 5134 nefario
1440 5080 1791 5132 matrimonio
1837 5078 2258 5130 divertentibus.
2303 5095 2321 5127 ι

765 5173 826 5222 lit
879 5175 988 5223 luec
1038 5174 1256 5238 quidem
1306 5181 1388 5225 est
1422 5172 1567 5225 illius
1599 5170 1868 5224 sententia
1900 5170 2148 5233 canonis,
2188 5180 2242 5221 et
2272 5169 2324 5222 in

763 5267 906 5314 hunc
973 5264 1185 5315 modum
1257 5264 1325 5316 ab
1385 5264 1474 5316 illo
1551 5261 1710 5317 Patre
1776 5263 1995 5317 silentio
2053 5264 2327 5330 praeterita

760 5358 961 5408 mulius
998 5359 1204 5423 pariter
1242 5364 1405 5424 atque
1459 5356 1618 5408 latius
1665 5370 1694 5408 a
1732 5354 2128 5423 posterioribus
2160 5369 2327 5422 expo-

759 5456 857 5502 sita
914 5466 1031 5504 sun‘
1093 5451 1360 5513 Pati-ibus,
1395 5460 1447 5503 et
1484 5450 1804 5504 naminatim
1856 5463 1918 5500 ac
1955 5447 2321 5516 particulatim

759 5545 978 5597 detimta
1027 5545 1421 5612 proliibitaque.
1474 5540 1750 5595 Nuscuam
1801 5553 1930 5592 vero
1990 5538 2320 5591 mentionem

2435 1979 2703 2046 ἐϐούλετο,
2733 1983 2827 2034 καὶ
2856 1984 2946 2034 ἐπὶ
2971 1986 3068 2045 τας
3094 1984 3173 2036 ἐτι
3198 1987 3530 2054 πορρωτέρω
3555 1989 3896 2059 οἰκειότητας
3922 1991 4012 2042 τὸν

2435 2072 2588 2138 λόγον
2630 2078 2988 2144 προαγαγεῖν,
3040 2076 3289 2144 καθάπερ
3349 2079 3614 2147 πολλαχοῦ
3661 2081 3770 2132 τῶν
3814 2083 4011 2133 ἑαυτοῦ

2434 2166 2670 2219 κανόνων
2718 2167 2888 2219 ποιῶν
2922 2168 3194 2235 φαίνεται.
3244 2170 3626 2238 Ἐπιλυόμενος
3667 2174 3774 2243 γὰρ
3805 2175 3875 2226 τα
3908 2177 4013 2227 ὑπό

2432 2273 2594 2310 τ;νων
2639 2258 3053 2328 προτεινόμενα,
3085 2263 3142 2313 ἐν
3179 2255 3259 2324 οἷς
3289 2263 3661 2331 ὑποφερόμενον
3691 2267 3793 2334 ὁρᾷ
3823 2283 3878 2316 τι
3920 2268 4013 2317 καὶ

2436 2350 2880 2414 συνακολουθοῦν,
2914 2353 3137 2420 ἐπάγειν
3173 2352 3349 2407 εἴωθε.
3385 2355 3458 2406 Τὸ
3483 2356 3614 2405 αὐτο
3648 2356 3742 2408 καὶ
3783 2357 3876 2407 ἐπὶ
3904 2358 4014 2407 τιῖν

2431 2441 2555 2493 τάδε
2585 2443 2678 2493 καὶ
2711 2442 2857 2507 τάδε,
2889 2445 3042 2512 φησὶ,
3081 2445 3398 2497 ποιούντων.
3428 2441 3529 2497 Ὧν
3562 2445 3715 2497 οὐδὲν
3749 2445 4009 2507 ἐνταῦθα,

2433 2535 2568 2586 καθὸ
2600 2537 2688 2587 καὶ
2715 2538 2741 2587 ό
2766 2535 2936 2604 δῆμος
2968 2537 3084 2598 ὅλος
3105 2537 3214 2588 τῶν
3245 2537 3342 2606 τῆς
3374 2543 3427 2600 ς’
3461 2537 3680 2589 συνόδου
3719 2539 4013 2606 μακαρίων

2436 2625 2713 2694 Πατέρων,
2757 2626 2848 2690 οὓς
2884 2626 2949 2681 ἀν
2979 2627 3105 2699 δέξῃ
3133 2629 3346 2690 πάντως
3376 2627 3482 2679 τῶν
3513 2629 3605 2680 τοῦ
3642 2629 3885 2697 μεγαλου
3919 2631 4012 2680 λο-

2433 2731 2542 2781 γων
2573 2716 2864 2784 ἐξηγητὰς,
2891 2719 2939 2769 οἳ
2970 2720 3034 2770 τά
3061 2720 3192 2779 τέως
3220 2720 3310 2770 ὑπ’
3343 2719 3550 2772 ἐκείνου
3587 2719 4010 2787 συνεπτυτμένα

2435 2808 2524 2858 καὶ
2564 2801 2673 2859 οἷον
2723 2808 3120 2879 διγιγορευμένα
3173 2809 3438 2862 πλατύναι
3494 2811 3586 2862 καὶ
3653 2811 4011 2862 διαλευκίναι

2435 2895 2764 2964 βουλόμενοι,
2819 2899 2909 2949 τὸν
2961 2899 3030 2950 νδ¹
3091 2899 3288 2951 κανόνα
3356 2899 3618 2962 ἐξέθεντο,
3677 2901 3809 2968 πρὸς
3864 2901 4011 2963 λέξιν

2432 2987 2620 3056 ἔχοντα
2650 2989 2840 3051 οὕτως·
2882 3007 2900 3040 ι
2936 2991 3048 3058 Τῆς
3082 2990 3230 3051 Θείας
3264 2993 3411 3059 ἡμᾶς
3445 2991 3616 3054 οὕτως
3651 2993 4008 3044 ἐκδιδασκού-

2438 3098 2456 3130 ι
2506 3097 2600 3148 cm;
2638 3081 2881 3148 Γραφῆς,
2915 3081 3028 3134 Ούκ
3075 3081 3353 3151 εἰσελεύσῃ
3391 3082 3524 3150 πρὸς
3575 3082 3753 3132 πάντα
3805 3085 4010 3133 οἰκεῖον

2440 3189 2458 3221 ι
2504 3171 2703 3240 σαρκός
2751 3188 2874 3234 σου,
2915 3172 3260 3241 ἀποκαλύψαι
3310 3172 3697 3242 ἀσχημοσύνην
3747 3172 3954 3237 αἰτοῦ,
3985 3176 4014 3224 ὁ

2436 3279 2453 3311 ι
2501 3261 2754 3330 θεοφόρος
2787 3261 3066 3323 Βασίλειός
3091 3280 3239 3326 τινας
3267 3263 3374 3314 τῶν
3402 3263 3873 3331 ἀπηγορευμένων
3906 3267 4010 3329 γα-

2435 3372 2453 3405 ι
2501 3371 2614 3421 μων
2642 3357 2698 3405 ἐν
2720 3356 2826 3414 τοῖς
2856 3354 3073 3415 οἰκείοις
3097 3355 3316 3406 κανόσιν
3343 3353 3788 3423 ἀπηριθμήσατο,
3826 3356 4011 3424 σιωπῇ

2434 3464 2452 3496 ι
2499 3447 2565 3497 τὰ
2610 3445 2833 3497 πλεῖστα
2872 3445 3266 3515 παραδραμὼν,
3303 3445 3396 3498 καὶ
3431 3447 3550 3498 κατ’
3584 3447 3871 3514 ἀμ’ςύτερα
3908 3461 4010 3498 κα-

2500 3534 2842 3596 τασκευάσας
2863 3535 2992 3602 ἡμῖν
3011 3536 3070 3587 τὸ
3091 3535 3384 3604 ιὶιςςέλιμον.
3409 3537 3480 3586 Τὸ
3500 3535 3607 3604 γαρ
3632 3535 3739 3586 τῶν
3765 3535 4013 3603 αἰσχρῶν

2497 3627 2800 3695 ὀνομασιῶν
2829 3627 3029 3694 πλῆθος
3063 3627 3562 3696 παραιτησάμενος,
3596 3627 3670 3689 ὡς
3701 3628 3763 3679 ἂν
3799 3629 3873 3695 μὴ
3920 3628 4011 3678 τὶν

2499 3718 2654 3784 λόγον
2679 3719 3113 3788 καταρῤυπαίνοι
3152 3722 3260 3780 τοῖς
3295 3721 3519 3787 ῥήμασι,
3552 3719 3752 3785 γενικῷ
3780 3720 4012 3786 ὀνόματι

2499 3809 2594 3871 τὰς
2625 3809 2962 3878 ἀκαθαρσίας
2991 3809 3202 3861 διὲλαόε
3226 3826 3237 3838 ⁸
3277 3809 3343 3861 δι’
3375 3803 3450 3862 ὧν
3483 3809 3846 3876 περιεκτικῶς
3877 3811 4012 3877 ἡμῖι

2501 3902 2626 3964 τοὺς
2679 3902 3028 3970 παρανόμους
3085 3903 3296 3970 γάμους
3340 3901 3640 3964 ὑπέδειξεν.
3697 3902 3922 3970 Ἐπειδὴ
3955 3902 4012 3952 δὲ

2498 4083 2752 4151 ἀθέσμων
2797 4084 2990 4151 γάμων
3039 4081 3462 4151 ἀπαγορεύσεως
3525 4081 3724 4146 ἑαυτὴν
3759 4081 3792 4148 ὴ
3843 4079 4011 4145 φύσις

2505 4176 2756 4241 συνέχεε,
2807 4174 3120 4242 συνείδομεν
3167 4174 3501 4240 γυμνότερον
3534 4173 3600 4222 τὰ
3639 4173 3764 4238 περὶ
3801 4172 4010 4222 τούτων

2504 4265 2794 4327 ἐκθέσθαι,
2838 4265 3112 4331 ὁρίζοντες
3162 4263 3270 4315 ἀπὸ
3319 4263 3408 4314 τοῦ
3454 4263 3548 4313 νῦν
3586 4263 3675 4314 τὶν
3730 4264 3796 4331 τῇ
3829 4262 4011 4330 οἰκεία

2503 4356 2764 4425 ἐξαδέλιρῃ
2797 4357 2932 4423 προς
2978 4357 3156 4424 γάμου
3189 4356 3474 4406 κοινωνάν
3505 4354 3936 4418 συναπτόμενον,
3976 4353 4007 4420 ἦ

2508 4447 2717 4513 πατέρα
2747 4448 2839 4498 καὶ
2867 4448 2980 4498 υἱον
3017 4447 3185 4515 μητρὶ
3216 4447 3311 4496 καὶ
3343 4445 3386 4495 θ·
3413 4445 3595 4510 γατρὶ,
3626 4445 3656 4513 ἦ
3691 4443 3783 4494 δύο
3819 4445 4008 4509 κόραις

2507 4536 2759 4602 ἀδελφαῖς
2791 4536 3000 4602 πατέρα
3025 4537 3116 4588 καὶ
3145 4535 3278 4596 υἱον,
3304 4534 3334 4602 ἦ
3367 4535 3613 4596 ἑίελςςοῖς
3641 4534 3758 4585 δυσὶ
3794 4535 4007 4601 μητέρα

2437 4011 2454 4044 ι
2502 3997 2566 4060 τῇ
2624 3991 2846 4062 τοιαύτῃ
2902 3996 3027 4062 σιγῇ
3084 3993 3176 4044 καὶ
3230 3993 3306 4061 τῷ
3357 3992 3709 4060 ἀδιαγνὼστῳ
3762 3993 3862 4058 τῆς
3900 3993 4011 4043 τῶν

2439 4646 2457 4680 ι
2503 4630 2596 4680 καὶ
2627 4629 2920 4697 θυγατέρα,
2956 4628 2987 4697 ἧ
3014 4628 3272 4695 ἀδελφοὺς
3296 4627 3384 4678 δύο
3411 4627 3559 4678 δυσὶν
3588 4626 3869 4692 ἀδελφαῖς.
3899 4624 4007 4677 ὑπὸ

2438 4739 2455 4771 ι
2501 4720 2591 4772 τὸν
2613 4721 2708 4784 τῆς
2727 4719 3016 4781 ἑπταετίας
3068 4719 3288 4769 πίπτειν
3332 4718 3555 4774 κ;νὸνα.
3615 4718 4006 4784 ἀφισταμένων

2435 4827 2452 4859 ι
2501 4809 2678 4861 αὐτῶν
2703 4808 2983 4876 προδήλως
3020 4807 3113 4858 τοῦ
3143 4810 3458 4877 παρανόμου
3487 4806 3844 4858 συνοικεσίου.
3879 4825 3897 4856 ι
3936 4806 4007 4856 ’1ο

2433 4901 2530 4970 μὲν
2559 4899 2652 4951 τοῦ
2705 4901 2925 4961 κανόνος
2967 4899 3319 4967 ἐπάγγελμα,
3356 4898 3642 4949 τοσοῦτον
3700 4899 3792 4949 καὶ
3832 4899 4005 4956 circa;

2429 4994 2495 5044 τά
2513 5008 2571 5057 γε
2593 4992 2696 5042 ὑπὸ
2716 4989 2806 5042 τοῦ
2824 4990 3030 5058 Πατρὸς
3049 4991 3392 5058 σιωπηθέντα
3410 4991 3639 5057 γυμνότε
3651 5006 3742 5056 ρον
3761 4987 3896 5055 ἐμοῦ
3915 4990 4006 5038 καὶ

2432 5083 2765 5149 πλατύτερον
2799 5082 2902 5132 ὑπὸ
2923 5081 3029 5131 τῶν
3062 5081 3357 5148 μετέπειτα
3383 5081 3639 5148 ιιατέρων
3672 5080 4000 5140 ἐκτεθειται,

2430 5175 2520 5224 καὶ
2565 5171 2874 5240 προσόνομα
2914 5172 3222 5240 καταμέρος
3270 5171 3534 5239 ὥρισται,
3580 5172 3675 5221 καὶ
3735 5170 4002 5222 διακεκώ-

2430 5264 2603 5316 λυται.
2635 5263 2834 5330 Μνήμη
2865 5263 2917 5316 δέ
2949 5280 3027 5323 τις
3060 5264 3188 5331 παρ’
3216 5262 3396 5322 αὐτοῖς
3423 5260 3531 5312 τῶν
3562 5259 3735 5321 οὔτως
3767 5262 4002 5327 ἐχνᾷντιην

2431 5357 2567 5425 πρὸς
2595 5357 2729 5409 ἄλλα
2748 5357 2791 5386 ⁵⁸
2827 5354 3156 5422 προσώπων,
3191 5353 3427 5422 οὐδαμοῦ
3457 5352 3548 5404 ὑπ’
3579 5353 3759 5404 αἰτίαν
3787 5354 3924 5412 am;
3952 5369 4001 5400 τι

2430 5449 2632 5500 τούτων
2682 5448 2905 5517 ἠνέχθη,
2958 5447 3051 5499 καὶ
3109 5447 3383 5498 διαστάσει
3438 5444 3730 5496 ὑπέπεσεν.
3763 5439 3886 5502 Ὧν,
3929 5445 4002 5502 ὡς

2433 5539 2630 5602 ἔοικεν,
2679 5539 3044 5607 ἐντελέστεροι
3096 5538 3244 5599 ὅντες
3289 5537 3338 5588 οξ
3365 5536 3460 5588 νῦν
3492 5534 3869 5603 ἐνιστάμενοι,
3910 5537 4002 5586 και

2045 5713 2277 5769 VARI}:
2311 5713 2688 5771 LECTlONES

828 5812 871 5844 "
905 5808 990 5862 ἀλλ
1003 5809 1128 5874 ηλα.
