4188 6446
193 384 335 446 1105

1500 378 1768 440 ΟΒΙΕΟΟ
1792 381 2197 445 ΒυΜΑΝυΜ.

3334 375 3465 437 lliit}

197 492 370 544 ταῦτα
406 491 572 559 μήπω
618 487 752 558 μηδὲ
801 487 1263 557 άντιφθέγγεσθαι
1296 491 1488 559 καιρὸν
1529 491 1561 559 ἦ
1608 490 1773 543 τόπον

1900 496 2059 549 acere
2117 508 2472 563 personarum
2524 509 2642 548 eam
2704 507 2832 563 erga
2873 491 3008 546 alias
3058 489 3322 543 rationem
3364 493 3458 543 ha-

196 585 445 653 ἔχοντες,
498 581 636 650 μήτε
684 579 911 653 γνώμην
965 582 1173 637 οἰκείαν
1228 582 1474 648 είσάγειν
1514 583 1606 635 ἐπὶ
1663 583 1781 645 ταῖς

198 673 471 744 κρίσεσιν,
503 671 605 725 οὐκ
648 668 744 725 οἶδ’
780 672 809 725 ὅ
838 689 890 726 τι
939 671 1227 735 παθόντες,
1255 672 1349 724 καὶ
1377 673 1503 736 τοὺς
1543 672 1781 742 θύραθεν

197 766 301 836 ἤδη
353 764 681 834 διαγράφειν
732 763 1103 835 έπιχειροῦσι’
1176 765 1356 819 καίτοι
1418 764 1523 835 τὴν
1583 764 1779 833 συγγέ-

197 874 351 909 νειαν
378 894 396 911 .
436 896 451 909 .
485 895 501 911 .
533 895 548 910 .
580 896 592 909 .
635 857 770 925 μηδὲ
816 856 1052 927 ἐξαρχῆς
1110 858 1490 927 ὲπινοηθεῖσαν
1536 859 1634 924 τῆς
1675 858 1784 910 τῶν

196 950 262 1001 ἐκ
295 950 530 1016 πλαγίου
560 949 757 1019 γάμων
799 950 1088 1012 κωλύσεως
1116 951 1303 1014 ἕνεκα,
1331 950 1467 1004 ἀλλὰ
1495 950 1562 1003 δι’
1593 950 1784 1016 ἑτέρας

198 1041 407 1103 αἰτίας.
439 1041 715 1095 Πλατῦναι
743 1043 872 1111 γὰρ,
905 1042 1092 1111 φησιν,
1119 1043 1167 1093 οἱ
1196 1042 1465 1095 πολιτικοὶ
1492 1041 1650 1113 νόμοι
1686 1041 1785 1111 τὴν

200 1134 316 1184 τῶν
355 1132 592 1187 πολιτῶν
636 1134 755 1203 ἢτοι
784 1134 1044 1203 ὑπηκόων
1088 1133 1401 1204 βουλόμενοι
1433 1134 1787 1204 γνησιότητα.

203 1225 303 1277 καὶ
337 1223 414 1295 μὴ
460 1224 871 1296 περικλείεσθαι
914 1226 1013 1296 τὴν
1045 1226 1385 1295 συγγένειαν,
1419 1227 1545 1290 τοὺς
1580 1224 1786 1297 μεταξὺ

205 1316 322 1369 τῶν
380 1319 446 1371 ὲκ
495 1318 724 1385 πλαγίου
764 1316 1100 1373 διεκώλυσαν
1157 1319 1387 1388 γάμους,
1448 1318 1525 1382 ὡς
1572 1318 1638 1373 ἂν
1677 1320 1790 1382 τοῖς

208 1408 417 1475 Ξξωθεν
466 1411 567 1480 τῆς
607 1410 816 1464 ἑαυτῶν
841 1412 1162 1480 συγγενείας
1188 1411 1379 1479 ὲξανὰγ
1397 1428 1495 1479 κης
1526 1409 1793 1464 συναπτό-

212 1515 390 1567 μενοι,
418 1501 518 1569 τὴν
542 1500 675 1571 πρὸς
705 1500 902 1563 αὐτοὺς
934 1502 1113 1572 σχοῖεν
1138 1499 1471 1570 γνησιότητά
1496 1515 1554 1552 τε
1580 1499 1670 1553 καὶ
1701 1498 1792 1552 εὕ-

207 1608 382 1645 νοιαν.
416 1587 511 1656 Οἷς
544 1594 754 1664 συνῳδὰ
781 1595 877 1647 καὶ
903 1597 928 1647 δ
952 1595 1047 1664 τὴν
1074 1594 1319 1663 γλῶτταν
1342 1593 1656 1663 χρυσοῦςξὲν
1681 1594 1792 1657 τοῖς

208 1684 557 1755 ἐξηγητικοῖς
574 1686 739 1741 αὐτοῦ
767 1685 865 1754 τῆς
894 1687 1165 1749 Γενέσεως
1198 1686 1375 1755 λόγοις
1402 1684 1680 1750 διέξεισιν.

1890 582 2155 641 bentium,
2189 582 2256 636 de
2284 596 2389 651 qua
2427 582 2589 637 modo
2619 581 2831 651 agimus
2870 599 2881 634 :
2921 592 3021 633 nec
3056 578 3249 632 horum
3300 580 3459 647 quid-

1892 691 2053 742 quam
2085 674 2153 729 ab
2182 674 2263 729 eis
2294 674 2730 743 reprehenditur.
2760 684 2855 728 aut
2886 673 2939 727 in
2969 670 3193 726 dubium
3221 680 3466 724 vocatur.

1891 767 2122 832 Quibus,
2161 775 2221 820 ut
2253 772 2498 836 apparet,
2543 764 2900 832 perfectiores
2933 762 3229 817 adversarii
3266 765 3464 824 nostri,

1865 858 2142 926 quamvis
2214 857 2444 911 necdum
2496 852 2931 915 contradicendi,
2994 868 3092 907 nec
3117 869 3270 908 suam
3304 854 3468 922 inju-

1892 946 2051 1001 diciis
2100 948 2428 1001 sententiam
2485 945 2797 1016 proferendi
2838 943 3186 998 occasionem
3258 944 3468 996 locum-

1892 1052 1955 1090 ve
1988 1036 2153 1099 nacti,
2189 1036 2331 1090 haud
2378 1038 2494 1091 scio
2547 1052 2785 1106 quonam
2823 1035 3046 1103 impulsi
3090 1034 3277 1099 malo;
3307 1034 3469 1087 etiam

1891 1144 2182 1186 extraneos
2222 1131 2549 1200 quihusdam
2597 1132 3050 1185 circumscribere
3119 1130 3318 1183 tinilnts
3373 1144 3469 1180 co-

1894 1236 2093 1280 nantur
2142 1240 2156 1279 :
2205 1225 2330 1279 licet
2387 1224 2529 1277 haud
2590 1223 2864 1294 ignorent,
2921 1238 2988 1275 nc
3034 1223 3207 1291 ipsam
3251 1221 3470 1291 quidem

1891 1317 2272 1384 cognationem
2305 1315 2460 1369 initio
2495 1317 2803 1383 nuptiarum
2852 1328 2917 1367 ex
2974 1324 3289 1367 transverso
3347 1329 3475 1383 pro-

1898 1406 2259 1463 hibendarmn
2296 1407 2491 1476 gratia,
2541 1406 2634 1461 sed
2657 1406 2793 1462 alias
2851 1405 2923 1459 ob
2953 1420 3149 1459 causas
3184 1405 3465 1471 excogita-

1900 1509 2033 1556 tam.
2085 1499 2256 1568 Leges
2301 1500 2445 1554 eni-n
2498 1499 2708 1563 civiles,
2754 1508 2812 1552 ut
2861 1496 3082 1567 quidam
3120 1497 3215 1559 ait,
3268 1495 3471 1549 civium

1899 1592 2015 1647 sive
2070 1592 2414 1646 subditorum
2480 1591 2751 1645 sinceram
2810 1590 2954 1644 inter
3009 1604 3068 1644 se
3132 1587 3471 1641 atTectionem

1898 1683 2127 1738 dilatare
2160 1685 2418 1746 volentes,
2454 1698 2553 1737 nec
2584 1683 2718 1737 artis
2768 1681 3150 1748 cognationem
3190 1676 3474 1732 includere

212 1774 416 1829 finibus
456 1777 675 1845 nuptias
700 1776 839 1830 inter
856 1791 971 1838 eos,
992 1776 1083 1846 qui
1114 1776 1216 1830 sibi
1254 1783 1382 1831 sunt
1412 1791 1475 1830 ex
1503 1786 1840 1837 transverso,
1878 1773 2127 1829 contrahi
2163 1782 2451 1827 vetuerunt
2488 1791 2501 1827 :
2537 1781 2593 1827 nt
2626 1773 2937 1828 necessario
2975 1788 3097 1826 eum
3158 1770 3473 1826 constitutis

209 1874 366 1919 extra
402 1867 785 1935 cognationem
818 1882 973 1922 suam
1021 1866 1264 1937 copulati
1316 1866 1534 1923 sincera
1602 1866 1823 1920 eosdem
1866 1865 2172 1919 animorum
2224 1864 2512 1919 allectione
2590 1878 2653 1916 ac
2714 1862 3090 1917 benevolentia
3143 1860 3473 1928 complecte-

213 1967 424 2012 rentur.
452 1960 661 2023 Quibus
688 1968 1058 2014 consentanea
1110 1970 1504 2015 commemorat
1541 1966 1596 2014 et
1628 1966 1814 2014 orator
1848 1956 1940 2013 ille
1978 1956 2236 2027 praaditus
2283 1969 2449 2010 aurea
2497 1954 2680 2025 lingua
2720 1956 2764 2020 ί,
2831 1954 2886 2008 in
2965 1953 3312 2007 orationibus
3356 1951 3473 2007 suis

209 2052 414 2123 quibus
448 2053 643 2107 librum
666 2054 733 2108 de
755 2064 876 2109 ortu
910 2070 1091 2109 rerum
1122 2064 1363 2111 enarrat.

281 2146 451 2197 ’Ήκει
487 2145 543 2198 δὲ
572 2144 760 2199 λοιπὸν
789 2148 817 2201 ὀ
846 2146 1000 2214 λόγνς
1028 2149 1120 2202 καὶ
1156 2150 1284 2219 περὶ
1311 2151 1411 2219 τῆς
1453 2148 1783 2217 συγγενείας

1958 2145 2229 2200 Caeterum
2280 2144 2523 2214 postulat
2570 2156 2717 2197 nuuc
2757 2140 3028 2196 orationis
3068 2139 3263 2205 series,
3306 2139 3471 2193 etiam

211 2237 529 2308 διαιρέσεως
566 2236 674 2289 τῶν
694 2236 799 2303 ἔξω
829 2238 1009 2308 νόμων
1038 2239 1465 2309 ἐπιμνησθῆναι,
1497 2240 1591 2292 καὶ⁹
1622 2238 1790 2303 δεῖξαι

220 2329 521 2383 κάντεῦθεν
550 2329 610 2383 τὸ
642 2331 942 2400 ματαιάζον
980 2331 1074 2384 καὶ
1123 2332 1313 2401 δύσερι
1350 2332 1459 2386 τῶν
1495 2335 1579 2397 εἰς
1637 2332 1791 2387 οὐδὲν

212 2425 403 2493 ἕτερον
438 2423 858 2494 εὐκαιρούντων,
894 2424 926 2495 ἢ
961 2425 1142 2494 λέγειν
1176 2427 1271 2479 καὶ
1300 2426 1520 2479 ἀκούειν
1545 2428 1793 2480 καινότε-

216 2516 309 2584 ρόν
336 2532 389 2568 τι
424 2514 519 2567 καὶ
553 2514 803 2582 ἄκαιρον.
845 2516 981 2583 Φησὶ
1036 2516 1165 2585 γάρ·
1198 2516 1271 2569 Τὸ
1327 2516 1426 2586 τῆς
1474 2518 1795 2584 συγγενείας

214 2606 387 2673 ὄνομα
414 2605 494 2667 εἰς
518 2607 643 2673 τρία
692 2606 965 2676 διῄρηται.
1000 2606 1093 2668 Et;
1128 2605 1400 2669 ἀνιόντας,
1443 2608 1523 2669 εἰς
1574 2609 1792 2661 κατιόνι-

214 2714 335 2761 τας,
377 2698 474 2750 καὶ
505 2701 633 2759 τοὺς
662 2700 725 2750 ὲκ
770 2697 1022 2765 πλαγίου.
1060 2698 1297 2766 Ἐκάστη
1327 2700 1382 2751 δὲ
1408 2698 1609 2752 τούτων
1644 2699 1794 2764 τάξις

213 2788 507 2857 διαφόρους
542 2787 656 2857 ἔχει
681 2788 947 2858 βαθμούς.
996 2789 1134 2841 Ἀλλ’
1158 2791 1253 2842 ἐπὶ
1290 2791 1388 2860 μὲν
1415 2790 1797 2858 τῶνρνιόντων

216 2882 312 2932 καὶ
371 2880 691 2943 κατιόντων,
751 2883 832 2943 εἰς
887 2881 1191 2949 ἀπέραντον
1247 2883 1276 2934 ὁ
1327 2883 1505 2950 γάμος
1556 2883 1798 2936 κεκώλυ-

215 2986 305 3021 ται
343 2984 359 3001 ο
410 2971 546 3039 μηδὲ
602 2971 710 3040 γὰρ
768 2972 915 3023 ὅσιον
980 2968 1116 3026 εἶναι
1150 3012 1165 3033 ,
1223 2971 1283 3024 τὸ
1338 2973 1436 3041 τῆς
1494 2973 1795 3043 γεννήσεως

215 3062 390 3113 αἰτιον
440 3060 752 3114 ὑποϐαίνειν
803 3062 880 3132 τῷ
925 3063 1265 3133 γεννωμένῳ,
1304 3063 1440 3133 ὅπερ
1487 3064 1657 3117 πολλὰ
1704 3067 1796 3119 καὶ

218 3152 323 3203 τῶν
377 3150 589 3220 ἀλόγων
638 3152 947 3207 ἀποσείεται
1000 3154 1175 3216 ζώων.
1249 3155 1371 3206 Ἐπὶ
1433 3155 1489 3207 δὲ
1554 3155 1663 3208 τῶν
1735 3158 1798 3208 ὲκ

220 3243 452 3309 πλαγίου
497 3242 568 3296 τὰ
620 3243 719 3312 τῆς
791 3242 1081 3307 κωλύσεως
1162 3245 1222 3296 οὔ
1300 3245 1609 3313 περαιτέρω
1679 3248 1797 3316 ἀρι-

220 3336 436 3402 Θμεῑται
491 3334 582 3386 τοῦ
612 3335 770 3387 ἕκτου
802 3334 1032 3405 βαθμοῦ.
1103 3335 1415 3394 Ἀκὸλουθον
1454 3335 1510 3388 δὲ
1535 3340 1796 3406 γτροσυεῖ-

219 3443 302 3481 ναι
331 3429 429 3479 καὶ
460 3428 528 3479 τὰ
557 3425 616 3490 ἐξ
638 3427 953 3494 ἀγχιστείας
986 3428 1138 3495 παρὰ
1166 3425 1260 3479 τοῦ
1315 3426 1479 3495 νόμου
1516 3427 1648 3496 πρὸς
1696 3428 1793 3495 γά-

1895 2237 1963 2291 de
1992 2236 2263 2291 divisione
2294 2233 2643 2305 cegnationis
2690 2232 3050 2287 extrariarum
3112 2230 3289 2300 legum
3324 2245 3475 2282 men»

1897 2327 2097 2379 tionem
2148 2325 2297 2390 fieri;
2346 2334 2404 2377 ut
2450 2321 2579 2376 hinc
2607 2335 2824 2391 quoque
2855 2318 3259 2373 demonstretur
3285 2332 3469 2371 eorum

1895 2418 2111 2472 vanitas
2168 2426 2223 2471 et
2270 2415 2596 2486 pertinacia,
2649 2416 2741 2483 qui
2793 2413 2929 2468 nulli
2987 2418 3184 2465 vacant
3232 2412 3322 2465 alii
3375 2412 3472 2471 rei,

1895 2524 2058 2578 quam
2094 2516 2155 2562 ut
2181 2507 2389 2575 aliquid
2422 2506 2662 2561 insolens
2695 2521 2758 2559 ac
2793 2506 3165 2575 importunum
3196 2503 3476 2573 proferant

1896 2611 1950 2653 et
1994 2600 2238 2655 audiant.
2288 2599 2377 2653 Ait
2415 2598 2561 2652 enim
2595 2596 3029 2667 jurisconsultus
3065 2594 3176 2665 (45)
3215 2613 3227 2648 :
3260 2596 3475 2665 Cogna-

1899 2693 2062 2746 tionis
2110 2707 2329 2753 nomen,
2382 2692 2436 2745 in
2483 2691 2587 2744 tria
2644 2689 2960 2743 dividitur:
2997 2689 3051 2743 in
3093 2687 3473 2750 ascendentes,

1900 2787 1952 2840 in
2002 2786 2425 2846 descendentes,
2466 2792 2519 2838 et
2557 2798 2674 2848 eos,
2718 2782 2811 2851 qui
2849 2791 2976 2836 sunt
3027 2797 3090 2835 ex
3139 2790 3475 2835 transverso.

1898 2884 2104 2936 llorum
2146 2896 2273 2935 vero
2314 2880 2544 2949 quilibet
2582 2878 2740 2939 ordo,
2769 2876 3019 2930 diversos
3059 2876 3259 2945 gradus
3292 2873 3473 2927 habet.

1900 2976 2006 3029 Sed
2045 2976 2097 3029 in
2154 2972 2581 3028 ascendentibus
2613 2970 2856 3040 quidem,
2886 2983 2949 3022 ac
2992 2967 3475 3024 descendentibus,

1900 3067 1954 3120 in
1989 3065 2264 3119 infinitum
2307 3063 2598 3134 prohibita
2648 3068 2779 3116 sunt
2820 3060 3044 3129 nuptiae.
3084 3056 3192 3111 Nec
3222 3058 3365 3111 enim
3398 3068 3478 3109 est

1901 3173 2139 3227 :equum,
2167 3166 2225 3210 ut
2257 3156 2399 3227 quod
2438 3154 2834 3225 procreationis
2859 3160 2943 3207 est
2973 3165 3160 3211 causa,
3194 3158 3479 3218 procreato

1901 3265 2022 3305 sese
2094 3250 2380 3304 submittat
2434 3264 2449 3303 :
2495 3247 2548 3301 id
2599 3245 2745 3316 quod
2796 3245 2958 3300 etiam
3014 3245 3171 3299 bruta
3222 3243 3477 3312 pleraque

1901 3341 2161 3395 animalia
2202 3340 2385 3395 facere
2438 3347 2716 3394 recusant.
2754 3338 2812 3392 ln
2864 3340 2931 3392 iis
2966 3346 3169 3399 autem,
3206 3337 3296 3405 qui
3350 3345 3482 3387 sunt

1903 3449 1967 3487 ex
2011 3442 2361 3497 transverso,
2400 3447 2507 3486 non
2565 3432 2707 3484 ultra
2748 3439 2963 3485 sextum
3018 3430 3244 3498 gradum
3293 3430 3481 3498 prohi-

223 3536 329 3586 μου
351 3518 640 3571 κοινωνίαν
662 3518 982 3589 κωλυόμενα
1008 3519 1291 3588 πρόσωπα,
1311 3518 1403 3586 ἀφ’
1429 3513 1494 3590 ἦς
1517 3520 1639 3573 οὐδὲ
1668 3537 1793 3588 συγ-

1905 3527 2039 3581 bitio
2069 3541 2191 3581 sese
2224 3526 2476 3598 porrigit.
2516 3524 2801 3595 Sequitur,
2834 3532 2892 3577 ut
2932 3522 3233 3578 alliciamus
3278 3532 3331 3577 et
3361 3524 3480 3576 illas

223 3612 439 3678 γένειαν
498 3607 635 3665 εἶναι
678 3615 707 3665 ὁ
760 3612 922 3682 νόμος
962 3612 1236 3681 ἀνέχεται.
1303 3611 1611 3679 ’Δγχιστεία
1663 3614 1791 3683 γὰρ,

224 3704 412 3769 φησιν,
454 3704 603 3756 ἐστὶν
646 3704 915 3773 οἰκειότης
968 3702 1278 3775 προσώπων
1308 3703 1373 3754 ἐκ
1416 3703 1608 3771 γάμων
1662 3709 1795 3774 ἡμῖν

224 3794 609 3863 συνημμένων,
674 3797 993 3865 συγγενείας
1026 3797 1201 3858 ἐκτός.
1245 3797 1383 3850 Ἀλλ’
1413 3800 1561 3867 ὅμως
1596 3797 1795 3867 πολλὴν

222 3886 503 3939 κάνταῦθα
554 3887 649 3940 τοῦ
731 3886 931 3958 σεμνοῦ
1001 3887 1283 3957 τιθέμενος
1341 3890 1594 3957 πρόνοιαν
1627 3930 1642 3955 ,
1704 3889 1798 3942 καὶ

223 3980 351 4049 περὶ
386 3979 578 4032 τούτου
640 3978 825 4049 φησίν·
883 3980 959 4032 Οὐ
1009 3979 1246 4049 δύναμαι
1276 3980 1459 4032 λαϐεῖν
1511 3982 1609 4050 τὴν
1658 3981 1796 4049 ἐμὴν

230 4068 562 4138 προγονὴνῆ
596 4068 836 4139 νύμφην,
876 4070 996 4122 οὐδὲ
1032 4071 1129 4139 τὴν
1163 4069 1545 4139 συμπενθεράν
1595 4089 1718 4138 μου,
1762 4073 1795 4142 ἦ

224 4160 321 4229 τὴν
354 4161 629 4230 μητρυιάν
660 4179 785 4230 μου,
818 4161 941 4214 οὐδὲ
991 4161 1088 4231 τὴν
1124 4161 1397 4230 θυγατέρα
1426 4163 1524 4229 τῆς
1568 4163 1799 4227 ἀποζευ-

224 4253 446 4321 χθείσης
478 4270 582 4322 μου
635 4254 902 4319 γυναικὸς,
951 4255 1049 4322 τὴν
1082 4254 1221 4323 μετὰ
1251 4253 1346 4323 τὴν
1375 4253 1666 4318 ἁπὸζευξιν
1714 4274 1800 4308 τε·

225 4343 445 4411 χθεῖσαν
488 4343 547 4407 ἐξ
599 4345 785 4414 ἐτέρου
826 4345 1037 4415 ἀνδρός.
1073 4346 1184 4415 Τὴν
1213 4344 1307 4398 τοῦ
1340 4347 1542 4416 πατρός
1603 4365 1728 4416 μου,
1766 4349 1799 4418 ἢ

225 4434 316 4487 τοῦ
345 4434 575 4503 ἅδε).φοῦ
628 4452 730 4504 μου
784 4437 1053 4505 μνηστὴν,
1086 4438 1145 4489 ού
1195 4436 1431 4506 δύναμαι
1488 4437 1690 4492 λαϐεῖν.
1725 4441 1800 4492 Οὔ

231 4528 391 4596 μόνον
420 4530 455 4596 ὴ
497 4526 591 4579 τοῦ
624 4528 854 4597 πατρὸς,
892 4527 1029 4581 ἀλλὰ.
1079 4529 1173 4580 καὶ
1264 4529 1358 4581 τοῦ
1416 4530 1662 4593 πάππου,
1698 4549 1801 4601 μη-

223 4620 385 4689 τρυιὰ
438 4620 651 4687 λέγεται
684 4635 698 4649 ·
761 4621 855 4674 καὶ
901 4620 1182 4689 κωλύομαι
1225 4620 1408 4673 λαϐεῖν
1456 4623 1645 4683 αὐτάς.
1682 4625 1803 4676 Κᾶν

224 4711 428 4771 πολλὰς
459 4712 616 4781 ἔσχεν
646 4714 675 4766 ὁ
708 4716 913 4782 πατὴρ,
968 4711 1223 4781 οὐδεμίαν
1277 4713 1457 4766 αὐτῶν
1516 4714 1799 4781 λαμϐάνωδ

1908 3635 2195 3688 personas,
2241 3633 2363 3686 quae
2404 3633 2498 3687 per
2539 3618 2706 3688 legem
2772 3618 2981 3671 ratione
3019 3617 3293 3670 aflinitatis
3328 3631 3354 3668 a
3389 3632 3481 3671 so-

1904 3713 2103 3765 cietate
2147 3711 2459 3779 nuptiarum
2508 3720 2767 3763 arcentur
2810 3727 2823 3764 :
2869 3723 2973 3776 qua
3023 3709 3237 3778 quidem
3275 3725 3337 3760 ex
3372 3709 3483 3760 aﬂi-

1904 3804 2072 3857 nitate
2122 3803 2324 3855 nullam
2372 3802 2507 3856 Oriri
2553 3800 2934 3870 cognationem
2986 3800 3071 3852 lex
3125 3803 3345 3868 patitur.
3390 3798 3483 3852 Est

1903 3892 2047 3945 enim
2084 3890 2338 3953 affinitas,
2373 3890 2569 3959 inquit,
2601 3889 2952 3943 necessitudo
2988 3905 3344 3956 personarum
3390 3906 3486 3959 per

1906 3985 2126 4051 nuptias
2176 3983 2335 4037 nobis
2383 3983 2845 4050 conjunctarum,
2888 3982 3023 4035 citra
3076 3984 3480 4049 cognationem.

1909 4073 2013 4127 Sed
2071 4083 2252 4127 tamen
2295 4086 2347 4127 et
2391 4073 2517 4127 huic
2550 4088 2800 4142 magnam
2837 4073 3051 4126 honesti
3088 4075 3350 4127 rationem
3390 4074 3483 4127 ha-

1907 4162 2043 4216 bens
2078 4203 2091 4227 ,
2156 4162 2338 4231 inquit
2396 4181 2409 4216 :
2464 4160 2579 4215 Non
2647 4178 2869 4231 possum
2927 4164 3127 4217 ducere
3182 4165 3481 4232 privignam

1907 4269 2105 4318 meam,
2151 4255 2238 4307 vel
2275 4270 2504 4318 nurum;
2535 4268 2637 4307 nec
2678 4268 3003 4307 consocrum
3036 4269 3232 4316 meam,
3269 4257 3348 4308 vel
3384 4272 3482 4309 no-

1908 4362 2124 4401 vercam
2171 4362 2380 4409 meam;
2429 4362 2528 4399 nec
2573 4345 2737 4399 filiam
2789 4345 2995 4409 uxoris,
3038 4362 3160 4413 qure
3200 4362 3227 4399 a
3276 4363 3361 4402 Ire
3405 4352 3482 4401 di.

1910 4441 2095 4505 vertit,
2128 4446 2254 4508 post
2304 4438 2599 4493 divortium
2648 4454 2714 4493 ex
2762 4441 2870 4494 alio
2919 4442 3114 4493 marito
3147 4452 3478 4509 susrcp'am.

1908 4534 2089 4589 Patris
2132 4534 2259 4597 mei,
2300 4534 2386 4588 vel
2440 4534 2627 4588 fratris
2670 4532 2773 4586 mei
2815 4547 3093 4600 sponsam.
3128 4534 3328 4586 (inicere
3374 4551 3480 4587 lttit:

1910 4641 2157 4696 possum.
2208 4626 2329 4680 Non
2380 4627 2557 4679 solum
2601 4624 2770 4692 patris
2815 4639 2975 4685 uxor,
3027 4623 3120 4678 sed
3167 4626 3330 4677 etiam
3374 4627 3481 4681 avi.

1910 4732 2146 4772 noverca
2172 4718 2407 4780 dicitur;
2461 4732 2662 4785 easque
2690 4717 2889 4771 ducere
2913 4721 3225 4788 prohibeor.
3260 4721 3481 4776 Etiamsi

227 4804 363 4857 Οὖδὶ
408 4804 509 4873 τὴν
558 4808 768 4875 μητέρα
797 4806 895 4875 τῆς
941 4805 1069 4857 ποτέ
1121 4822 1221 4874 μου
1263 4807 1524 4875 μνηστῆς,
1558 4808 1678 4860 οὐδὲ
1706 4808 1793 4878 rip

1913 4810 2099 4880 plures
2138 4819 2292 4878 pater
2324 4810 2536 4874 habuit,
2568 4810 2770 4863 nullam
2818 4826 2883 4865 ex
2923 4812 3001 4867 eis
3030 4812 3190 4867 duco.
3218 4813 3329 4866 Nec
3370 4829 3483 4866 ma-

227 4895 465 4963 γυναῖκα
510 4911 642 4948 ποτε
686 4896 780 4949 τοῦ
835 4894 1101 4965 προγονοῦ
1165 4913 1289 4965 μου.
1324 4896 1462 4950 Οὔτε
1506 4899 1807 4967 ήμητρυιὰ

226 4993 493 5063 λαμϐάνει
562 4996 652 5045 τον
702 4994 1067 5062 γεγενημένον
1117 4992 1285 5061 ἄνδρα
1353 4991 1453 5059 τῆς
1536 4991 1807 5059 προγονῆς

230 5085 421 5152 αὐτῆς.
454 5084 565 5149 Τὴν
595 5084 867 5153 προγονὴν
906 5083 1002 5136 τοῦ
1030 5084 1259 5152 ἁδελφοῦ
1290 5100 1389 5151 μου
1413 5081 1595 5135 λαϐεῖν
1623 5082 1685 5134 οὐ
1717 5081 1806 5134 δύο

232 5194 421 5247 ναμαι,
459 5175 580 5228 οὔτε
611 5177 708 5242 τὴν
746 5176 1018 5245 θυγατέρα
1065 5175 1163 5243 τῆς
1195 5175 1470 5244 προγόνης
1524 5184 1625 5243 μου
1654 5173 1797 5244 λαμ-

233 5266 400 5320 ϐάνω.
432 5259 533 5318 Ὧν
579 5265 701 5319 καθ’
730 5264 957 5319 ἱκαστόν
1006 5281 1090 5329 τις
1140 5264 1399 5331 ὲφιστῶν,
1429 5264 1522 5316 καὶ
1571 5264 1803 5316 σκοπού-

239 5374 397 5426 μενος
444 5356 712 5431 ἀκριϐὦς,
753 5357 957 5427 πολλὴν
992 5359 1048 5410 ὲν
1101 5356 1312 5421 τούτοις
1354 5356 1462 5409 τῶν
1495 5356 1801 5426 νομοθετῶν

1910 4910 2046 4955 trem
2081 4914 2297 4969 sponsa:
2326 4900 2600 4970 quondam
2633 4916 2782 4956 mete.
2810 4901 2919 4956 Nec
2947 4904 3177 4973 privigni
3207 4906 3482 4973 quondam

1910 4991 2014 5045 mei
2049 4990 2361 5059 conjugcm.
2396 4990 2507 5045 Nec
2538 5006 2770 5045 noverca
2813 4993 2967 5047 nubit
2997 4995 3067 5056 ei,
3102 4996 3190 5063 qui
3227 4997 3485 5066 privigtm‘

1907 5081 2083 5150 ipsius
2118 5082 2349 5135 maritus
2392 5080 2514 5134 fuit.
2561 5080 2873 5151 Privignam
2919 5083 3103 5138 fratris
3143 5085 3246 5137 mei
3285 5085 3483 5141 ducere

1909 5187 2017 5225 non
2067 5188 2314 5242 possum,
2356 5187 2457 5227 nec
2493 5173 2621 5227 item
2661 5174 2824 5226 tiliam
2866 5174 3126 5244 privigno:
3160 5192 3291 5229 mem
3321 5176 3480 5233 duco.

1909 5261 2041 5328 Quae
2070 5265 2117 5318 si
2149 5266 2273 5334 quis
2314 5264 2631 5335 singulatim
2679 5264 2936 5336 inspiciat
2968 5276 3022 5321 et
3051 5266 3359 5321 consideret
3389 5285 3483 5323 ac-

1911 5366 2121 5419 curate,
2167 5371 2415 5427 magnam
2462 5356 2516 5411 in
2564 5356 2646 5412 eis
2696 5356 3066 5427 legislatorum
3113 5356 3487 5428 deprehendet

1492 5489 1726 5545 VARIAZ
1753 5491 2127 5547 LECTIONE"

309 5594 325 5631 ί
361 5589 788 5659 Chrysouamus.

1740 5726 1969 5783 NOTAL.

312 5820 421 5888 (55)
463 5816 489 5891 §
528 5833 567 5882 t,
602 5819 776 5875 Ιιιειῑι.
818 5819 891 5874 De
927 5839 1049 5876 nun.
1085 5831 1135 5879 ct
1167 5823 1190 5887 ξ
1226 5821 1361 5888 Ενιιυ
1395 5839 1495 5877 ιιυιι
1528 5840 1722 5878 οιιιιιεδ.
1764 5823 1935 5879 lnstit.
1974 5826 2072 5878 cod
