4188 6446
188 431 329 499 1109

1465 437 1732 497 ΟΙὶίΕΟΟ
1770 438 2033 500 HOMAN
2049 443 2179 501 ΗΜ.

3318 442 3451 502 i110

183 535 470 615 ὁνομιὶτων
516 546 685 618 πολλὴ
742 546 838 600 καὶ
897 548 1234 617 καταφανὴς,
1283 550 1357 612 ὼς
1417 549 1527 601 τῶν
1580 549 1791 603 αὐτῶν

1889 568 1987 607 tem
2040 554 2366 624 prohiberi?
2410 570 2643 623 quorum
2698 566 2876 607 tamen
2936 553 3330 607 commercium
3396 558 3448 607 in

186 640 457 708 πρότερον
496 638 597 708 μὲν
636 639 958 708 ὲξαδέλφους
981 640 1245 709 ἀλλήλους
1270 640 1603 700 καλούντων,
1634 641 1773 709 μετὰ

182 732 239 784 δὲ
273 731 375 799 τὴν
402 727 538 798 πρὸς
566 730 805 792 ἐκείνους
846 730 1163 797 συνάφειαν,
1194 729 1585 800 συγγάμϐρους
1615 725 1772 793 αὖθις

187 820 683 891 συνελαυνομένους
698 822 743 854 ⁸⁸
766 823 1172 891 κατονομάζειν.
1187 822 1322 875 Κατ’
1346 823 1459 876 ι’σον
1471 822 1527 874 δὲ
1548 823 1643 874 καὶ
1666 821 1775 873 τῶν

187 912 427 975 θηλειῶν
468 913 768 982 ὲξαδὲλιρας
808 914 945 983 ὁμοῦ
999 915 1096 967 καὶ
1159 914 1483 983 συννύμφας
1537 914 1774 983 ἀλλήλας

188 1004 404 1058 καλεῖν.
442 1006 553 1073 Τὴν
583 1004 754 1076 αὐτὴν
806 1004 851 1058 δ’
893 1005 959 1059 ἀν
1014 1024 1098 1068 τις
1138 1005 1247 1058 τῶν
1301 1006 1586 1075 ὀνομάτων
1639 1004 1777 1072 σύγ·

190 1111 357 1161 χυσιν
420 1094 520 1147 ίδοι
570 1095 665 1146 καὶ
720 1095 814 1147 ἐπὶ
842 1095 952 1147 τῶν
994 1096 1259 1164 ἀδελφῶν,
1310 1096 1419 1149 τῶν
1474 1097 1534 1161 ἐξ
1588 1097 1777 1166 ἐτέρου

193 1186 391 1251 γένους
431 1186 713 1256 δευτέραις
769 1186 1087 1257 ἒξαδὲλφαις
1142 1189 1658 1259 συναρμοζομένων.
1712 1188 1777 1240 Τί

192 1278 237 1331 δ’
271 1278 340 1331 ἄν
382 1295 467 1340 τις
500 1277 644 1331 εἴποι
677 1279 773 1331 καὶ
805 1279 933 1345 περὶ
966 1279 1074 1331 τῶν
1106 1281 1542 1349 τρισεξαδέλῳων
1572 1298 1587 1347 ;
1626 1273 1720 1342 Οἷς
1752 1280 1780 1331 6

196 1371 366 1439 νόμος
404 1370 503 1440 τὴν
553 1370 801 1441 γαμικὴν
860 1371 1191 1440 ἐπαγγελίαν
1242 1374 1301 1425 οὐ
1354 1373 1513 1442 μόνον
1569 1372 1782 1439 ἀφῆκεν

196 1464 501 1527 ἀκώλυτον,
534 1463 672 1518 ἀλλά
698 1465 792 1516 καὶ
822 1465 1001 1533 ῥητῶς
1020 1464 1227 1534 ταύτην
1251 1466 1575 1534 ἐπέτρεψεν,
1612 1468 1668 1518 ἐν
1701 1461 1783 1528 οἷς

198 1567 404 1621 φησιν*
453 1554 521 1605 'H
544 1556 822 1623 γραφεῖσα
866 1554 973 1608 ὑπὸ
1027 1556 1240 1625 αἵρεσιν
1272 1558 1371 1623 τῆς
1401 1556 1604 1624 μητρὸς
1655 1556 1784 1625 κλη-

202 1645 456 1714 ρονόμος,
486 1645 624 1698 Ἐὰν
646 1646 724 1712 τῷ
748 1647 1200 1717 τρισεξαδέλςσῳ
1223 1648 1481 1718 ταμηθῆ,
1496 1650 1602 1716 πλη
1613 1649 1785 1720 ρούτω

201 1736 427 1797 πάντως
454 1735 554 1803 τὴν
578 1737 811 1804 αἵρεσιν.
853 1740 929 1791 Ού
958 1738 1316 1809 γὰρ-αἰσχρός
1354 1742 1502 1792 ἐστιν
1527 1742 1557 1793 6
1586 1741 1783 1807 γάμος.

202 1824 266 1877 Εἰ
299 1825 377 1895 μὴ
416 1825 527 1895 ἀρα
555 1827 764 1890 ἐκεῖνος
806 1827 1112 1898 ἐμποδίζοι.
1146 1824 1306 1883 Οὗτοι
1351 1829 1483 1898 γοῦν
1513 1830 1785 1881 συναπτό-

208 1934 383 1985 μενοι,
438 1918 513 1971 οὗ
572 1919 865 1984 συνεύνους
930 1922 1094 1991 μόνον
1148 1923 1271 1979 ἀντὶ
1352 1923 1786 1992 τρισεξαδέλφων

202 2010 551 2076 καλέσουσιν,
588 2010 834 2066 ἀλλὰκαὶ
866 2016 991 2078 τοὺς
1017 2015 1264 2086 ἀλλήλων
1303 2014 1568 2087 πατέρας,
1610 2015 1787 2079 θείους

204 2104 325 2170 ἅμα
351 2103 447 2157 καὶ
488 2103 785 2175 πενθερούς
805 2121 823 2138 ο
849 2108 945 2161 καὶ
966 2109 1017 2160 οί
1063 2109 1391 2177 γεννήτορες
1449 2104 1629 2171 αὖθις,
1669 2108 1789 2161 ἀνε-

212 2194 375 2262 ’ᾇιοὺς
396 2195 527 2257 τοὺς
559 2196 760 2259 αὐτοὺς
788 2197 886 2251 καὶ
918 2198 1225 2269 γαμϐρούς.
1260 2200 1368 2253 Καὶ
1397 2200 1459 2253 τὸ
1481 2200 1546 2271 δὴ
1577 2199 1791 2269 θαυμα-

212 2285 468 2356 στότερον
488 2303 504 2317 ·
532 2287 615 2340 ὃτι
646 2288 740 2341 καὶ
762 2287 1198 2360 κληρονομοῦσιν
1239 2290 1525 2361 ἀλλήλους,
1560 2291 1788 2360 ἑϐδόμου

211 2376 429 2446 βαθμοῦ
456 2378 845 2447 τυγχάνοντες,
876 2380 986 2434 τῶν
1022 2384 1475 2454 προσεχεστέρων
1504 2383 1562 2449 ἒξ
1609 2383 1788 2437 ἐπιλι-

212 2472 429 2523 πόντων
490 2470 739 2540 βαθμῶν,
774 2472 957 2536 καθὼς
1013 2475 1109 2527 καὶ
1148 2476 1177 2527 6
1232 2477 1359 2546 περὶ
1425 2475 1790 2546 κληρονομίας

212 2561 513 2631 παρίστησι
558 2561 741 2632 νόμος.
783 2561 847 2616 ἸΙ
882 2564 1178 2635 συγγενικὴ
1201 2565 1442 2635 βοήθεια,
1469 2566 1527 2631 ἒξ
1550 2566 1791 2637 βαθμοὺς

214 2654 541 2719 συγγενείας
599 2655 1032 2727 περιλαμϐάνει,
1093 2660 1189 2712 καί
1246 2659 1356 2713 ἀπὸ
1418 2660 1512 2714 τοῦ
1562 2660 1791 2731 ἑϐδόμου

215 2744 495 2812 πρόσωπα
561 2744 677 2810 δύο,
709 2746 779 2799 τὰ
811 2749 1110 2817 τικτόμενα
1148 2750 1255 2803 ἀπὸ
1288 2751 1381 2803 τοῦ
1413 2751 1791 2820 δισεξαδέλφου

213 2834 309 2885 καὶ
340 2833 439 2899 τῆς
466 2834 878 2906 δισεξαδέλφης.
929 2838 994 2890 Τί
1016 2838 1220 2891 τούτων
1267 2840 1422 2903 αὖθις
1454 2841 1793 2911 συγχυτικώ-

212 2941 375 2993 τερον
395 2941 410 2988 ;
434 2925 575 2978 Ἀλλ’
603 2928 631 2979 6
661 2928 977 2998 νομοθέτης,
1009 2930 1103 2983 τὸν
1131 2932 1297 2986 αὐτὸν
1328 2932 1589 3003 πενθερὸν
1604 2934 1795 3002 ὀνομά-

215 3016 331 3078 ζειν
367 3017 462 3069 καὶ
482 3016 643 3079 θεῖον,
667 3019 761 3073 καὶ
784 3019 1118 3093 κληρονόμον
1148 3023 1311 3077 αὑτοῦ
1335 3023 1393 3089 ἐξ
1414 3025 1793 3093 ἀποτελέσμα-

214 3122 305 3169 τος
349 3107 681 3175 δείκνυσθαι,
711 3111 808 3181 οὐχ
853 3113 1098 3182 ήγήσατο
1122 3114 1401 3184 σύγχυσιν.
1438 3119 1623 3178 Διατί;
1672 3118 1795 3170 Ὅτι

1875 644 2200 699 hodiernum
2256 660 2433 714 usque.
2484 645 2629 698 diem
2676 658 2851 713 neque
2876 644 2957 697 lex
2986 682 3001 705 ,
3056 656 3233 711 neque
3275 659 3451 696 c.lltttll

1877 739 2023 792 ullus
2065 737 2272 800 vetuit;
2323 736 2419 791 sed
2468 737 2605 789 citra
2655 736 3099 806 prohibitionem,
3133 744 3189 788 et
3231 737 3454 803 impune

1878 845 1966 885 res
2025 828 2273 899 quotidie
2320 827 2621 897 peragitur.
2667 826 3034 880 Nihilominus
3089 826 3219 879 hinc
3259 840 3454 893 magna

1879 922 2282 992 manifestaque
2311 920 2568 975 confusio
2602 930 2655 973 et
2688 921 3017 988 permutatio
3050 919 3332 972 nominum
3365 934 3459 969 eo-

1876 1011 2151 1080 gnationis
2198 1012 2433 1074 exsistit,
2459 1024 2581 1064 cum
2636 1009 2827 1062 illimet
2878 1008 3001 1076 ipsi,
3055 1006 3147 1075 qui
3194 1009 3347 1076 prius
3400 1023 3459 1060 se

1878 1101 2243 1154 cttnsubrinos
2288 1101 2578 1164 voeabanl,
2615 1108 2734 1168 pnsl
2776 1100 2965 1151 initam
3002 1098 3143 1151 hanc
3193 1112 3316 1151 eum
3351 1098 3459 1151 illis

1880 1193 2322 1262 coajnnctionem
2368 1208 2489 1245 sese
2538 1191 2904 1261 eongenerosi
2951 1192 3224 1261 appellare
3267 1207 3463 1259 cogat;-

1883 1296 1992 1339 tur.
2026 1284 2147 1338 Pari
2202 1285 2363 1338 modo
2406 1290 2460 1337 et
2508 1281 2638 1351 ipsa:
2686 1282 2900 1336 femina:
2935 1292 3046 1335 tum
3077 1285 3457 1343 eoiiSohriiias.

1884 1387 1997 1432 tum
2031 1376 2250 1431 fratrias
2284 1392 2341 1430 se
2386 1374 2615 1427 invicem
2659 1373 3039 1427 uominabunt.
3071 1374 3324 1428 Eanulem
3362 1390 3463 1433 no-

1883 1466 2089 1520 minum
2125 1464 2505 1521 confusionem
2548 1466 2732 1518 ridere
2763 1464 2891 1518 licet
2925 1464 3087 1517 etiam
3116 1463 3167 1516 in
3202 1463 3463 1517 fratribus

1885 1557 1977 1623 qui
2015 1556 2295 1628 prognatis
2330 1572 2395 1611 ex
2431 1556 2535 1609 alia
2586 1556 2789 1609 familia
2831 1557 3072 1610 sobrinis
3116 1557 3460 1625 copulantur.

1887 1648 1953 1701 Et
1974 1648 2122 1715 quid,
2147 1662 2358 1715 quaeso,
2392 1647 2591 1701 dixerit
2623 1648 2821 1715 aliquis
2852 1649 2917 1699 de
2950 1648 3297 1702 sobrinarum
3328 1665 3465 1715 qtiu-

1886 1755 1993 1809 que
2036 1740 2259 1795 liberis?
2286 1740 2488 1808 quibus
2532 1740 2613 1793 lex
2660 1738 3141 1809 repromissiouem
3179 1739 3465 1791 matrimo-

1890 1833 2089 1888 nialem
2146 1848 2254 1887 non
2319 1834 2480 1887 modo
2530 1848 2638 1887 non
2696 1832 3024 1902 prohibitam
3073 1832 3331 1901 reliquit,
3375 1831 3464 1885 sint

1889 1920 2053 1974 etiam
2105 1920 2308 1974 diserte
2356 1920 2625 1989 permisit,
2663 1936 2829 1988 quum
2865 1921 2941 1973 ait
2973 1938 2985 1973 :
3029 1921 3159 1985 Qua:
3200 1921 3301 1975 sub
3334 1937 3464 1976 con-

1887 2010 2095 2065 ditione
2142 2010 2335 2065 matris
2381 2022 2464 2065 est
2495 2013 2668 2066 hmres
2713 2011 2944 2079 scripta,
2991 2012 3048 2066 Si
3092 2012 3293 2065 sobrim’
3352 2014 3467 2081 ﬁlio

1890 2101 2129 2166 nupserit
2184 2101 2321 2169 (66),
2367 2101 2594 2155 omnino
2640 2102 3013 2156 conditionem
3071 2102 3315 2172 impleat.
3348 2101 3464 2155 Non

1889 2194 2033 2247 enim
2065 2203 2251 2262 turpes
2284 2203 2411 2246 sunt
2450 2194 2672 2263 nuptiae.
2701 2194 2815 2249 Nisi
2851 2193 2992 2248 forte
3025 2211 3118 2265 per
3148 2197 3326 2264 ipsum
3358 2206 3467 2249 stc-

1892 2284 2037 2347 terit,
2078 2284 2375 2352 quominus
2416 2286 2526 2340 fiat.
2578 2284 2632 2340 Si
2666 2302 2797 2357 ergo
2844 2288 2897 2341 hi
2948 2290 3295 2358 amputentur,
3360 2306 3467 2342 non

1892 2378 2054 2433 modo
2096 2395 2155 2433 se
2202 2379 2306 2432 tori
2355 2389 2644 2435 consortes
2682 2396 2779 2451 pro
2809 2381 3159 2435 sobrinorum
3191 2382 3337 2445 filiis,
3372 2397 3467 2447 ap—

1892 2470 2196 2540 pellabunt,
2247 2472 2605 2526 rerumetiam
2662 2480 2847 2542 patres
2899 2490 3030 2529 suos
3072 2482 3183 2526 ttttn
3231 2474 3469 2526 minores

1898 2570 2126 2630 ῃτιῑιυοε
2192 2563 2583 2628 avunculosve,
2649 2576 2762 2617 tum
2812 2579 3036 2618 SOCCI‘OS
3068 2582 3081 2617 2
3114 2579 3178 2616 ac
3218 2574 3471 2633 parentes

1893 2654 2011 2707 vice
2060 2667 2215 2707 versa
2277 2655 2643 2709 nominabunt
2696 2655 2918 2710 eosdem
2977 2667 3087 2709 tum
3141 2656 3466 2725 patruelium

1895 2744 2119 2808 liberos,
2161 2755 2273 2797 tum
2306 2760 2559 2815 generos.
2598 2744 2661 2799 Et
2703 2746 2846 2813 quod
2894 2749 3066 2815 magis
3114 2756 3198 2802 est
3244 2747 3467 2817 dignum

1896 2835 2277 2898 admiratione,
2297 2838 2399 2892 sibi
2431 2838 2735 2893 succedunt
2758 2840 3013 2899 invicem.
3042 2854 3207 2904 quum
3239 2840 3471 2907 septimo

1896 2927 2094 2980 distent
2123 2926 2320 2998 gradu,
2357 2928 2709 2997 propioribus
2748 2944 2840 2982 sex
2866 2928 3125 2999 gradibus
3152 2929 3468 2991 exstinctis,

1897 3018 2040 3072 sicut
2068 3026 2121 3070 et
2156 3020 2239 3071 lex
2269 3017 2336 3071 de
2367 3018 2722 3072 successione
2751 3020 3038 3071 continuat
3070 3018 3205 3086 (ιδ’)
3232 3035 3245 3070 ι
3274 3016 3469 3070 Reme-

1896 3111 2044 3162 dium
2087 3107 2238 3161 Unde
2283 3110 2518 3178 cognati,
2557 3125 2649 3163 sex
2693 3108 2896 3179 gradus
2945 3108 3284 3179 cognationis
3322 3124 3470 3163 com-

219 3198 388 3266 μηδὲν
414 3200 631 3264 πάντως
669 3200 939 3273 ἔκθεσμον
974 3205 1142 3257 avarae
1175 3206 1255 3275 τῷ
1302 3207 1608 3276 πράγματι.
1643 3208 1791 3262 Καθὸ

1902 3200 2177 3268 plectitur,
2215 3208 2270 3253 et
2311 3216 2341 3252 e
2381 3204 2615 3270 septimo
2659 3215 2922 3269 personas
2978 3200 3139 3265 duas,
3180 3216 3301 3269 qua:
3348 3216 3471 3269 pro-

218 3293 309 3341 καὶ
348 3293 521 3361 μήπω
547 3293 771 3357 κανόνος
821 3295 970 3364 ἱεροῦ
999 3298 1031 3367 ἢ
1077 3297 1246 3368 νόμου
1280 3299 1469 3352 καινοῦ
1502 3300 1631 3364 τοὺς
1660 3301 1797 3369 πρὸς

217 3382 485 3450 ἀλλήλους
518 3383 627 3436 τῶν
657 3386 918 3439 τοιούτων
951 3389 1263 3458 προσώπων
1291 3391 1502 3459 γάμους
1537 3391 1793 3450 ἀποκλειο

222 3476 456 3538 σάντων,
489 3476 760 3545 χωροῦσιν
790 3474 938 3533 οὗτοι
960 3479 1047 3535 διὰ
1072 3480 1309 3543 πάντων,
1338 3484 1433 3535 καὶ
1455 3482 1797 3548 διαδίδονται,

219 3565 327 3617 τῶν
376 3567 695 3637 συγχύσεων
772 3569 930 3637 ὀλίγα
999 3572 1396 3641 φροντίζοντες.
1460 3574 1618 3628 Ἀλλὰ
1692 3576 1800 3646 γὰρ

220 3656 413 3725 ῶσπερ
444 3658 543 3710 ἐπὶ
583 3659 693 3711 τῶν
718 3661 784 3714 ὲκ
814 3661 1068 3730 πλαγίου,
1089 3664 1253 3733 μέχρι
1278 3663 1387 3717 τῶν
1404 3664 1799 3735 δισεξαδέλφων

220 3751 246 3798 6
280 3750 445 3817 νόμος
472 3750 543 3802 τὰ
556 3750 657 3819 τῆς
681 3752 968 3816 κωλύσεως
984 3755 1328 3824 ὁρισάμενος,
1346 3758 1471 3820 τοὺς
1492 3761 1801 3829 περαιτέρω

220 3840 424 3894 τούτων
452 3842 625 3906 ἀδεῶς
660 3846 837 3914 ἀφῆκε
889 3846 1316 3916 συμπλέκεσθαι·
1345 3848 1521 3913 οὕτως
1570 3850 1677 3919 ἀρα
1707 3852 1799 3905 καὶ

224 3931 287 3981 τὰ
334 3932 395 3996 ἐξ
426 3932 748 4001 ἀγχιστείας
795 3936 1098 4003 καταλέξας
1145 3938 1466 4007 κωλυόμενα
1511 3941 1795 4008 πρόσωπα,

223 4024 315 4075 καὶ
343 4024 572 4091 ,τούτοις
618 4026 718 4097 τήν
778 4028 1164 4100 ἀπαρίθμησιν
1211 4031 1413 4085 ὡσανεί
1462 4050 1586 4086 τινα
1624 4036 1801 4102 τειχία

222 4114 315 4166 καὶ
344 4117 509 4183 ὄρους
542 4116 788 4186 θέμενος.
821 4118 917 4189 τήν
958 4120 1202 4191 γαμικὴν
1235 4123 1451 4191 ὁμιλίαν
1482 4126 1590 4187 τοῖς
1620 4126 1802 4190 ἄλλοις

221 4206 547 4275 ἐπέτρεψεν.
606 4202 703 4270 Οἷς
756 4211 785 4262 6
846 4210 1276 4281 ἀντινομοθετῶν
1315 4254 1331 4277 ,
1395 4218 1489 4268 καὶ
1538 4217 1608 4269 τὰ
1668 4220 1801 4287 γένη

225 4298 508 4369 προδήλως
536 4298 759 4362 ἀδικῶν,
787 4301 977 4374 λέληθε
998 4305 1171 4375 δήπου
1201 4307 1381 4374 πολλῷ
1411 4307 1674 4379 πρότερον
1706 4309 1802 4362 καὶ

225 4390 426 4452 αὐτοὺς
461 4388 554 4440 ὑπ’
585 4389 818 4457 εὐθύνην
840 4393 990 4458 ἄγων
1025 4396 1151 4455 τοὺς
1178 4397 1503 4466 παριδόντας
1535 4399 1611 4460 είς
1641 4397 1802 4467 δεῦρο

225 4480 291 4533 τὰ
322 4480 551 4533 τοιαῦτα
595 4484 771 4545 θείους
822 4485 1067 4553 Πατέρας
1119 4488 1213 4539 καὶ
1252 4489 1612 4557 πατριάρχας.
1639 4489 1706 4541 Οἵ
1737 4505 1799 4554 γε

1900 3298 2163 3345 creantur
2205 3306 2271 3345 ex
2311 3292 2537 3345 sobrino
2569 3301 2623 3345 et
2670 3290 2914 3346 sobrina.
2943 3291 3080 3355 Quid
3128 3291 3211 3345 his
3255 3306 3469 3344 rursum

1899 3382 2210 3436 confusioni
2247 3382 2505 3450 propius?
2534 3380 2835 3451 Legislator
2864 3389 3045 3434 tamen
3075 3380 3324 3434 eumdem
3356 3388 3467 3431 tam

1901 3489 2154 3529 socerum
2207 3474 2533 3536 nominare,
2582 3482 2697 3527 tum
2755 3474 3022 3527 minorem
3078 3482 3373 3541 patruum,
3421 3481 3475 3524 ιιι

1901 3567 2217 3623 Conditione
2268 3566 2487 3635 impleta
2524 3564 2788 3620 lueretlem
2842 3567 2959 3634 ejus
3006 3568 3220 3628 fatere,
3266 3582 3473 3634 nequa-

1901 3674 2063 3727 quam
2135 3659 2345 3730 putatit
2404 3674 2529 3714 esse
2598 3658 3001 3713 confusionem.
3056 3657 3475 3723 Quamobrem"

1901 3753 2161 3820 quoniam
2220 3752 2350 3805 huic
2408 3752 2485 3805 rei
2543 3750 2675 3804 nihil
2732 3752 2959 3804 omnino
3020 3749 3194 3802 illiciti
3258 3748 3474 3801 νῆάς-[κει

1904 3844 2101 3897 inesse.
2146 3842 2267 3908 Quo
2314 3844 2393 3905 fit,
2431 3850 2492 3895 ut
2543 3857 2665 3895 cum
2710 3841 2893 3895 nullus
2924 3855 3159 3909 unquam
3192 3856 3347 3894 Sacer
3379 3857 3469 3891 Cit~

1903 3951 2034 3992 non.
2068 3942 2163 3987 aut
2202 3935 2284 3988 lex
2325 3935 2505 4003 aliqua
2550 3948 2725 3996 nova,
2774 3933 2992 4001 nuptias
3036 3932 3177 3985 inter
3210 3946 3472 3999 personas

1905 4027 2220 4095 hujusmcdi
2270 4036 2586 4079 contractas
2632 4025 3007 4087 excluserim;
3054 4024 3103 4077 hi
3149 4032 3329 4076 tamen
3381 4040 3474 4092 ιπε-

1903 4117 2091 4173 omnia
2133 4125 2309 4171 semet
2360 4118 2612 4187 ingerant
2656 4131 2719 4171 ac
2764 4126 3029 4185 vagentur
3070 4132 3178 4168 non
3224 4130 3473 4184 magnam

1903 4210 2289 4265 confusionutn
2340 4206 2604 4260 rationem
2676 4204 2962 4259 habentes.
3027 4203 3278 4258 S«denim
3336 4219 3469 4271 qut--

1906 4301 2253 4355 madmodum
2290 4300 2342 4353 in
2385 4299 2473 4359 iis,
2518 4299 2611 4367 qui
2645 4308 2771 4351 sunt
2801 4314 2864 4352 ex
2910 4307 3245 4361 transverso,
3284 4297 3348 4348 ad
3383 4314 3475 4349 so-

1906 4394 2093 4447 brinus
2136 4407 2309 4460 usque
2354 4392 2574 4446 tletinita
2630 4389 3027 4459 prohibitione,
3089 4388 3473 4443 remotioribus

1906 4486 2072 4539 libere
2123 4484 2356 4540 coeundi
2394 4490 2714 4551 potestatem
2764 4482 2847 4535 lex
2885 4480 3012 4535 fecit
3044 4498 3057 4534 :
3092 4482 3171 4535 sic
3200 4481 3362 4534 etiam
3395 4496 3479 4531 rt-

226 4571 319 4626 καὶ
358 4571 762 4628 κινδυνεύσουσι
794 4576 1005 4637 πάντως
1034 4576 1094 4628 τὸ
1116 4578 1234 4629 κατ’
1263 4578 1498 4644 (auratac,
1534 4580 1791 4647 ἐπάρατοι

1903 4578 2131 4635 censitis
2163 4575 2419 4647 personis
2453 4576 2667 4629 ratione
2694 4574 2974 4629 aflinitatis
3006 4573 3316 4643 prohibitis,
3339 4573 3474 4625 hane

223 4666 500 4733 γενέσθαι,
536 4669 631 4719 καὶ
686 4668 783 4737 τῆς
840 4668 1160 4739 Ἑκκλησίας
1195 4670 1544 4741 ὲκκήρυκτοι,
1598 4674 1647 4724 εἰ
1702 4673 1797 4726 καὶ

226 4758 532 4825 φωστήρων
555 4757 714 4829 δίκην
735 4757 1062 4828 ἐξέλαμψαν.
1102 4760 1196 4813 Ἐν
1225 4760 1318 4811 ἐπὶ
1339 4761 1546 4824 τούτοις
1570 4762 1801 4831 ἐροῦμεν

225 4850 319 4901 καὶ
370 4848 659 4915 σύντομον.
709 4848 771 4901 Et
833 4850 934 4919 μὲν
998 4851 1138 4905 αὐτά
1197 4852 1265 4904 τὰ
1300 4854 1429 4923 περὶ
1486 4852 1801 4921 συγχύσεως

223 4940 677 5008 ἀπεριμερίμνως
700 4940 774 5008 τῷ
796 4940 944 5011 τόμῳ
973 4944 1402 5013 παρεῤῥιμμὲνα
1435 4944 1595 5013 ρήτά,
1622 4947 1712 4997 καὶ
1734 4948 1797 5014 τῇ

224 5029 316 5082 τοῦ
392 5030 629 5099 μεγάλου
687 5031 964 5085 Βασιλείου
1040 5034 1298 5106 ἐπιστολῇ
1372 5037 1797 5107 ἀπαραλείπτως

224 5122 525 5191 ὲγκείμενα
576 5122 833 5188 δείξουσι,
859 5123 1083 5177 διδόσθω
1131 5128 1249 5179 κατ’
1279 5126 1475 5190 αὐτοὺς
1500 5168 1513 5191 ,
1565 5129 1657 5179 καὶ
1700 5128 1800 5196 τὴν

224 5210 335 5262 τῶν
372 5210 632 5273 πολλάκις
667 5214 1147 5281 μνημονευθέντων
1175 5216 1478 5281 προσώπων
1502 5217 1798 5283 συνάφειαι]

226 5300 335 5352 τῶν
361 5299 638 5371 ἀθεμίτων
670 5302 961 5373 ὑπάρχειν.
997 5304 1150 5375 Ἔχει
1178 5310 1267 5359 καί
1291 5306 1399 5377 γὰρ
1416 5306 1584 5370 οὕτως
1608 5311 1633 5359 6
1659 5310 1799 5378 ίερὶς

1905 4672 2075 4738 ipsam
2118 4670 2587 4723 enumerationem
2618 4666 2698 4719 eis
2729 4666 2890 4719 veluti
2936 4672 3088 4733 septa
3131 4664 3376 4733 quadam
3414 4680 3474 4715 ac

1906 4762 2108 4814 limites
2139 4759 2452 4819 constituit,
2486 4756 2874 4811 malt'itnouiali
2920 4757 3135 4811 caneris
3180 4766 3475 4809 consuetu-

1901 4854 2031 4909 dine
2079 4852 2369 4921 permissa.
2405 4850 2620 4915 Quibus
2683 4864 2814 4903 sane
2863 4850 2957 4918 qui
2993 4849 3100 4902 lata
3164 4849 3320 4915 quasi
3364 4849 3475 4913 lege

1904 4944 2181 5001 contraria
2220 4943 2431 5006 statuit,
2459 4949 2511 4996 et
2538 4942 2830 4994 manifesto
2861 4940 3081 4994 familiis
3108 4940 3360 5005 iniuriam
3394 4940 3474 4991 fa-

1912 5039 2018 5103 cit;
2072 5039 2236 5092 etiam
2297 5037 2462 5089 tacite
2511 5044 2732 5088 sanctos
2764 5034 2951 5087 Patres
3002 5048 3063 5085 ae
3110 5034 3475 5101 pztti-inrrhas.

1906 5128 1997 5196 qui
2048 5126 2315 5180 hactenus
2370 5124 2496 5178 talia
2539 5124 2893 5193 neglexerint,
2930 5139 3052 5176 reus
3094 5125 3298 5191 peragit
3334 5142 3343 5175 :
3383 5125 3475 5190 qui

1908 5221 2130 5287 quidem
2173 5216 2419 5276 omnino,
2452 5221 2719 5282 quantuni
2752 5212 2805 5267 in
2842 5213 2960 5267 istis
2998 5222 3099 5277 est,
3134 5223 3284 5266 extra
3331 5214 3475 5281 peri-

1908 5310 2092 5362 trttltttn
2128 5308 2414 5361 constituti
2465 5321 2573 5361 non
2614 5313 2795 5369 erunt,
2832 5305 3130 5374 quominus
3165 5304 3472 5358 exsecrabi-

1532 5476 1762 5529 [ληίτιά
1798 5474 2202 5531 LECTEONES.

302 5555 343 5587 ⁸⁸
381 5558 881 5629 συνελαυνομένων.

303 5645 426 5700 ire!
478 5649 692 5712 rectius,
740 5651 997 5718 cca/fines.

1702 5749 1930 5805 NOTAE.

300 5837 412 5910 (i6)
449 5838 484 5893 Ι.
526 5853 584 5905 tt,
614 5838 675 5895 C.
723 5839 795 5895 De
822 5839 993 5896 imtt't.
1027 5852 1071 5895 et
1114 5841 1385 5896 substitttt.

1982 5845 2112 5915 (ω’)
2150 5845 2242 5901 I.I.
2290 5844 2316 5917 ξ
2354 5842 2481 5899 IIa'c
2503 5856 2697 5900 autent.
2728 5842 2790 5898 D.
2836 5840 2982 5897 Unde
3013 5840 3265 5911 cognatis,
