4188 6446
740 432 871 496 1111
2041 437 2287 497 JUSCA

2400 436 2643 498 NICUM
3866 436 4005 504 1112

738 546 817 599 les
854 546 1077 611 fuerint,
1111 558 1165 604 et
1210 550 1278 603 ab
1320 549 1561 607 Ecclesia
1592 551 1824 615 exclusi,
1862 550 1989 603 licet
2023 551 2196 603 instar
2232 549 2295 600 lu-

2420 548 2514 601 καὶ
2549 549 2721 617 μέγας
2752 549 3052 612 Βασίλειος,
3078 550 3105 601 δ
3130 566 3224 603 και
3253 549 3321 603 τὰ
3362 548 3500 620 βάθη
3527 548 3622 603 τοῦ
3658 550 4003 621 Πνεύματος.

736 637 1028 693 minarium
1088 640 1482 709 splenduerint.
1530 643 1709 699 Unum
1773 650 1969 713 praeter
2032 640 2181 701 hac,
2235 645 2290 690 et

2398 639 2539 691 κατὰ
2562 640 2656 710 τὴν
2681 640 2945 708 Θεολὸγου
2999 642 3204 711 φωνὴν,
3238 642 3504 709 ἐρευνῶν·

737 730 925 794 paucis
966 731 1183 799 quidem
1219 734 1419 799 verbis,
1471 736 1810 804 adjiciemus.
1855 735 1910 789 Si
1958 734 2175 805 quidem
2218 732 2307 784 illa
2347 730 2415 785 de
2458 732 2786 788 confusione
2819 736 3007 802 verba,
3054 735 3419 806 incogitanter
3486 737 3731 805 ipsorum
3799 734 4002 803 injecta

736 823 962 890 scripto,
997 823 1161 877 etiam
1203 826 1324 881 sine
1371 827 1583 883 defectu
1625 831 1680 884 in
1726 831 1905 900 magni
1958 827 2143 882 Basilii
2194 824 2425 895 epistola
2459 827 2637 894 posita
2670 829 3067 897 probaverint:
3140 830 3474 884 concedatur
3539 844 3694 891 sane,
3761 841 3824 886 ut
3878 846 4003 897 qua:

736 913 979 979 ipsoruttt
1017 923 1100 970 est
1130 920 1427 981 sententia.
1465 920 1667 989 stt-pius
1708 919 2071 973 iudicatarum
2108 928 2467 985 personarum
2497 915 2817 985 coujunctiu
2868 919 2938 973 sit
2974 918 3189 972 illicita.
3246 916 3379 971 Nam
3454 916 3533 972 sic
3602 918 3767 973 habet
3843 934 4003 974 sacer

736 1020 799 1058 ac
836 1021 1066 1074 inagnus
1108 1009 1198 1063 ille
1232 1009 1485 1071 Basilius,
1520 1012 1611 1079 qui
1656 1019 1711 1065 et
1759 1012 1987 1082 spiritus
2019 1006 2442 1079 profunditates,
2478 1014 2535 1059 ut
2563 1006 2860 1078 Gregorius
2894 1011 3204 1079 Theologus
3234 1010 3325 1073 ait,
3356 1022 3654 1067 scrutatur.

811 1100 1048 1154 Basilius
1081 1115 1233 1170 ergo,
1287 1101 1353 1155 de
1388 1104 1595 1171 nuptiis
1630 1102 1954 1172 quibusdam
1987 1101 2196 1155 illicitis
2226 1099 2305 1153 lo-

738 1208 932 1260 quens,
983 1194 1451 1263 compendiariam
1496 1198 1696 1266 praebet
1728 1205 1935 1257 notam,
1966 1209 2073 1263 qua
2106 1193 2307 1249 illicita:

739 1284 939 1352 tzttplim
988 1300 1015 1335 τι
1060 1286 1317 1351 legitimis
1366 1286 1525 1342 facile
1572 1288 1785 1343 secerni
1826 1288 2058 1359 possint.
2095 1287 2154 1341 ln
2186 1286 2306 1355 qui-

737 1375 860 1435 lms,
892 1374 1093 1443 inquit,
1127 1378 1343 1445 generis
1367 1377 1759 1447 appellationes
1786 1379 2220 1440 confunduntur,
2253 1376 2306 1430 in

737 1466 821 1519 his
858 1465 1079 1520 nefaria:
1110 1476 1235 1521 sunt
1272 1471 1490 1533 nuptiae.
1528 1470 1651 1525 "asc
1695 1472 1769 1525 illi
1812 1482 1959 1525 torno
1990 1470 2150 1525 verba
2182 1476 2309 1522 sunt

737 1559 964 1612 inserta.
996 1560 1196 1613 Verum
1228 1562 1453 1629 epistola
1497 1579 1621 1617 cum
1658 1564 1723 1618 de
1755 1565 1822 1618 iis
1847 1563 2079 1627 diﬂerat,
2122 1562 2214 1633 qui
2244 1575 2307 1614 ex

737 1667 841 1699 tttrn
898 1652 1016 1705 viro
1044 1664 1093 1707 et
1135 1653 1350 1709 duabus
1410 1656 1627 1711 feminis
1660 1658 1943 1713 sororibus
1973 1665 2307 1721 nascuntur,

737 1745 870 1797 nihil
914 1747 1060 1800 aliud
1111 1748 1347 1816 positum
1399 1749 1641 1804 invenire
1687 1759 1789 1812 est,
1825 1764 1986 1817 quam
2031 1749 2145 1803 bzec
2190 1749 2305 1811 ipsa

741 1836 899 1888 nulla
953 1854 966 1889 :
1016 1836 1286 1901 Quanam,
1322 1838 1518 1907 inquit,
1560 1855 1626 1893 ex
1663 1843 1985 1909 cognatione
2029 1841 2108 1894 sic
2146 1848 2304 1893 natos

735 1928 1123 1997 appellabunt?
1151 1922 1287 1984 Num
1334 1931 1529 1986 fratres
1577 1932 1719 1986 inter
1748 1947 1808 1987 se
1848 1934 2046 1997 dicent,
2080 1949 2145 1985 an
2177 1947 2300 1986 con-

734 2018 1025 2074 sobrinos?
1076 2020 1323 2087 Utraque
1383 2032 1531 2076 certe
1586 2032 1898 2091 competent
1941 2024 2041 2084 eis,
2082 2030 2303 2091 propter

730 2105 1135 2161 confusiOncm.
1166 2107 1529 2173 Quamobrem
1563 2124 1686 2163 eum
1719 2110 1883 2163 verba
1926 2110 2081 2171 torni,
2116 2109 2183 2161 ab
2216 2110 2301 2161 in-

729 2195 987 2261 terpretis
1017 2210 1196 2249 rerum
1225 2196 1533 2249 divinarum
1574 2196 1759 2250 Basilii
1795 2197 1977 2251 verbis
2018 2206 2299 2263 tantopere

728 2286 1064 2356 discrepent,
1122 2297 1236 2341 tum
1286 2289 1529 2357 ipsorum
1576 2288 1889 2349 verborum,
1937 2295 2050 2339 tum
2104 2300 2298 2341 sensus

729 2379 971 2444 ratione;
1015 2394 1250 2449 cumque
1289 2382 1424 2435 adeo
1473 2388 1677 2435 remota
1721 2380 1833 2435 sint
1874 2395 1900 2433 a
1948 2394 2005 2435 se
2042 2380 2297 2440 invicem,

729 2480 788 2524 ut
841 2485 1001 2525 nemo
1050 2485 1156 2525 non
1217 2472 1306 2526 illa
1361 2480 1506 2525 torno
1560 2472 1953 2540 comprehensa
2010 2484 2109 2539 pro
2148 2483 2299 2522 vano

726 2565 986 2634 tigmento
1009 2562 1275 2617 duntaxat
1311 2566 1507 2617 haheat
1547 2584 1559 2618 :
1591 2564 1842 2634 quisquis
1872 2578 2003 2619 sane
2037 2571 2295 2632 tanquam

725 2656 968 2726 generali
998 2655 1229 2726 quadam
1259 2658 1441 2725 regula
1475 2665 1677 2711 temere
1705 2656 1847 2710 volet
1872 2655 1957 2710 his
1983 2655 2081 2717 uti,
2108 2662 2297 2723 totque

725 2747 1082 2803 confusiones
1132 2747 1259 2803 inde
1310 2745 1679 2802 matrimoniis
1726 2747 2006 2810 invehere,
2054 2746 2293 2815 scipsurn

725 2840 1046 2909 imprudens
1098 2840 1320 2911 decipit,
1356 2839 1482 2894 dum
1535 2839 1689 2893 falsis
1735 2854 1799 2893 ex
1854 2837 2160 2908 principiis,
2194 2850 2293 2891 ceu

729 2932 834 2988 dici
864 2933 1025 2997 solet,
1059 2932 1346 3002 opiniones
1380 2947 1510 2987 suas
1540 2931 1769 3001 probare
1802 2932 2015 2984 nititur.

794 3022 1006 3088 Restat,
1055 3032 1114 3077 ut
1148 3024 1215 3077 ad
1265 3024 1503 3093 ipsorum
1550 3023 1861 3084 honestum,
1906 3021 2117 3075 honesti
2153 3035 2293 3090 pra--

723 3125 929 3169 textum
980 3128 1043 3168 ac
1090 3113 1346 3177 fulcrum,
1385 3115 1574 3183 paucis
1621 3112 1920 3167 differendo
1960 3111 2290 3180 respondea-

2486 1092 2656 1161 οὗτος
2687 1100 2815 1160 περί
2856 1118 3001 1164 τινος
3042 1100 3301 1167 ἀθεμίτου
3349 1100 3529 1167 γάμου
3585 1101 3994 1171 διαλεγόμενος,

2412 1189 2673 1259 ἐπέτομον
2701 1190 2991 1261 γνώρισμα
3025 1192 3264 1257 δίδωσιν,
3296 1193 3355 1245 ἐν
3379 1186 3422 1259 ᾧ
3451 1194 3519 1245 τὰ
3573 1193 3683 1245 τῶν
3714 1194 3993 1263 ἀθεμίτων

2411 1279 2607 1347 γάμων
2657 1280 2857 1350 ῥᾳδίως
2903 1280 3013 1332 τῶν
3066 1283 3312 1351 νομίμων
3353 1283 3819 1353 ἀποκριθήσονται
3848 1302 3863 1315 ο
3906 1288 3995 1337 Ἐν

2413 1365 2518 1434 οἷς,
2551 1369 2747 1438 λέγων,
2784 1372 2853 1425 τά
2881 1371 2972 1424 τοῦ
3025 1373 3213 1440 γένους
3275 1374 3594 1443 συγχέονται
3632 1376 3896 1443 ὀνόματα,
3939 1378 3995 1429 ἐν

2411 1459 2622 1523 τούτοις
2663 1463 2691 1514 ὁ
2720 1463 2897 1532 γάμος
2926 1464 3205 1534 ἀθέμιτος.
3240 1465 3351 1518 Καὶ
3388 1465 3561 1519 ταῦτα
3594 1466 3692 1534 μέν
3722 1470 3750 1517 ὁ
3801 1468 3990 1537 τὸμο-.

2409 1552 2554 1622 Δύτῇ
2594 1554 2651 1606 δέ
2676 1557 2741 1626 τῇ
2774 1556 3033 1627 ἐπιστολῇ
3070 1558 3197 1628 περὶ
3247 1556 3355 1609 τῶν
3384 1556 3443 1621 ἐξ
3474 1558 3594 1621 ἐνὸς
3644 1559 3836 1625 ἀνδρὸς
3897 1563 3993 1613 καὶ

2404 1642 2549 1695 δυοῖν
2574 1646 2851 1712 γυναικῶν
2885 1647 3131 1715 ἀδελφῶν
3152 1648 3485 1717 τικτομένων
3510 1648 3663 1710 δντος
3684 1650 3777 1701 to}
3801 1652 3988 1715 λόγου,

2405 1734 2568 1787 πλέον
2611 1736 2763 1789 οὐδὲν
2819 1741 3217 1810 προσκείμενον
3270 1742 3452 1812 εὑρεῖν
3484 1741 3600 1794 ἔστι
3641 1742 3748 1793 τῶν
3814 1743 3989 1805 οὕτως

2407 1827 2639 1896 ἐχόντων
2698 1830 2899 1899 ῥητῶν.
2946 1831 3039 1883 Ἐκ
3080 1831 3258 1893 ποίας.
3293 1833 3446 1900 φησὶ,
3495 1834 3812 1900 συγγενείας
3865 1836 3989 1896 τοὺς

2405 1920 2771 1989 γεννηθέντας
2805 1924 3377 1992 προσαγορεύσουσιν;
3426 1922 3711 1992 ’Δδελφοίις
3739 1925 3991 1995 ἀλλήλων

2404 2011 2435 2080 ἢ
2487 2011 2739 2080 ἀνεψιοὺς
2806 2016 3212 2085 προσεροῦσινς
3272 2015 3587 2085 Ἀμφὸτερα
3642 2017 3751 2085 γὰρ
3802 2017 3989 2082 αὐτοῖς

2403 2103 2774 2172 προσαρμόσει
2806 2104 2891 2156 διὰ
2930 2104 3029 2172 τὴν
3074 2103 3359 2172 σύγχυσιν.
3413 2104 3695 2171 Ton-311;;
3730 2103 3825 2155 οὖν
3866 2105 3985 2156 δια-

2402 2196 2608 2261 φωνίας
2657 2195 2901 2265 ὑπούσης
2953 2196 3059 2248 τῶν
3105 2195 3200 2248 τοῦ
3247 2197 3413 2265 νόμου
3436 2196 3483 2228 ⁸⁸
3511 2197 3689 2266 ῥητῶν
3736 2200 3874 2266 πρὸς
3917 2198 3986 2251 τά

2399 2285 2494 2339 τοῦ
2532 2287 2888 2357 θεοφάντορος
2920 2290 3013 2341 καὶ
3056 2291 3119 2357 τῇ
3152 2288 3351 2358 φράσει
3400 2290 3493 2340 καὶ
3530 2291 3596 2357 τῇ
3654 2290 3857 2359 ἐννοίᾳ,
3890 2294 3987 2343 καὶ

2399 2377 2572 2438 οὕτως
2594 2378 3025 2447 ἀπεξενωμὲνων
3048 2380 3181 2447 πρὸς
3208 2379 3433 2445 ἄλληλα,
3460 2381 3530 2441 ὼς
3548 2380 3797 2433 διάκενον
3825 2384 3989 2450 μένον

2401 2468 2760 2539 ἀναπλασμδν
2790 2469 2940 2538 παρά
2982 2472 3115 2523 πᾶσι
3175 2470 3243 2523 τά
3297 2469 3392 2523 τοῦ
3425 2471 3593 2541 τὸμου
3619 2472 3793 2524 ταῦτα
3826 2475 3985 2541 νομε-

2399 2557 2613 2621 ζεσθαι,
2665 2561 2693 2611 ὁ
2731 2561 2941 2620 τούτοις
2992 2558 3248 2630 καθάπερ
3310 2561 3416 2611 τινὶ
3481 2559 3756 2629 καθολικῷ
3798 2562 3987 2613 xcvi-vt

2398 2650 2772 2713 ἀνεπιστάτως
2795 2651 3095 2720 χρώμενος,
3134 2652 3227 2702 καὶ
3286 2652 3389 2711 τὰς
3424 2649 3760 2719 τηλικαύτας
3793 2652 3983 2702 ἐντεῦ-

2398 2740 2490 2792 θεν
2522 2742 2817 2808 συγχύσεις
2847 2742 3155 2807 ἐπεισάγων
3183 2742 3296 2801 τοῖς
3326 2740 3547 2808 γάμοις.
3574 2740 3772 2791 ἐαυτδν
3804 2742 3982 2808 δήπου

2397 2832 2621 2901 λέληθεν
2687 2831 2955 2896 ἀπατῶν,
3019 2832 3079 2894 ἐξ
3127 2833 3517 2884 ἀνυποστάτων
3561 2831 3780 2901 ἀρχῶν.
3848 2832 3877 2883 ὃ
3916 2832 3984 2900 δὴ

2398 2923 2616 2991 λέγεται
2645 2964 2659 2985 ,
2702 2922 2772 2976 τά
2817 2923 3076 2977 δοκοῦντα
3125 2923 3563 2984 κατασκευάζειν
3610 2922 3983 2991 τεχνώμενος.

2464 3014 2720 3068 Λείπεται
2777 3017 2959 3067 τοίνυν
3010 3016 3148 3086 πρὸς
3198 3015 3260 3067 τὸ
3322 3014 3596 3083 εὐπρεπὲς
3637 3015 3843 3077 αὐτῶν,
3884 3014 3985 3066 τοῦ

2394 3106 2707 3176 εὐπρεποῦς
2762 3106 3057 3176 πρόσλημά
3084 3122 3145 3157 τε
3198 3106 3293 3157 καί
3352 3103 3808 3174 ἐρεισμα,μικρὰ
3859 3123 3987 3157 τινα

722 3220 868 3259 mus.
897 3205 963 3257 Hi
1005 3203 1151 3257 enim
1194 3203 1444 3257 homines
1473 3204 1610 3257 citra
1648 3202 1942 3258 discrimen
1984 3202 2151 3256 ullum
2185 3202 2288 3257 alia

2398 3195 2694 3252 διαλαϐεῖν.
2739 3198 2851 3251 Καὶ
2909 3198 3018 3267 γὰρ
3058 3193 3203 3250 οὗτοι
3264 3196 3339 3267 μὴ
3393 3196 3822 3259 διαστέλλοντες,
3867 3197 3987 3249 ἀλλ’

720 3309 821 3363 pro
860 3293 986 3347 aliis
1018 3291 1383 3363 proferentes,
1410 3294 1584 3362 deque
1610 3294 1733 3347 aliis
1765 3293 2115 3363 pronuntiata
2147 3294 2298 3348 mali-

2403 3291 2565 3362 ἕτερα
2595 3292 2714 3346 ἀνθ’
2745 3292 2949 3363 ἐτέρων
2979 3290 3427 3361 προσαλλόμενοι,
3460 3290 3555 3341 καὶ
3574 3287 3641 3340 τὰ
3666 3289 3754 3355 ἐφ’
3776 3290 3989 3359 ἐτέρων

721 3399 827 3452 gne
856 3384 1207 3449 sulfurantes,
1230 3393 1285 3440 et
1314 3400 1478 3440 aures
1505 3386 1905 3453 simpliciorum
1937 3384 2295 3441 demulcendo

2403 3382 2788 3451 ἐκφωνηθέντα
2832 3384 3158 3452 κακούργως
3204 3384 3550 3446 κλέπτοντες,
3603 3384 3700 3435 καὶ
3740 3384 3841 3446 τὰς
3873 3383 3989 3436 τῶν

717 3482 1159 3542 corrumpentes,
1187 3475 1391 3530 dictum
1421 3474 1568 3529 istud
1603 3492 1617 3528 :
1650 3472 1706 3529 In
1739 3474 1945 3545 nuptiis
1977 3490 2086 3530 non
2123 3477 2299 3531 solum

716 3568 851 3635 quid
906 3580 1234 3623 concessum
1263 3606 1278 3629 .
1325 3568 1416 3623 sed
1459 3569 1621 3623 etiam
1664 3567 1794 3638 quid
1848 3568 2138 3625 honestum
2190 3569 2296 3650 sit.

715 3658 1017 3726 «Itinerimus
1060 3677 1075 3714 :
1119 3674 1364 3725 sursum,
1405 3660 1663 3715 deorsum
1712 3661 1968 3732 allegant.
2008 3660 2299 3717 Enimvero

715 3751 808 3819 qui
851 3750 977 3820 jura
1024 3751 1108 3806 vel
1146 3751 1366 3821 paulum
1416 3752 1808 3823 inspectitavit,
1840 3755 2068 3810 omnino
2110 3756 2299 3825 nequit

717 3844 993 3912 ignorare.
1019 3841 1483 3912 quemadmodum
1516 3843 1571 3897 in
1600 3843 1763 3913 paulo
1793 3852 1920 3899 ante
1946 3845 2293 3915 pmcedenti,

713 3946 769 3988 ει
822 3949 914 3987 χιι
958 3948 1181 4003 quoque
1252 3936 1451 4005 capite,
1497 3934 1565 3990 de
1612 3935 1965 3992 naturalibus
2008 3936 2195 3992 liberis
2244 3946 2298 3993 et

721 4022 1017 4092 adoptivis,
1048 4022 1257 4093 quique
1295 4038 1325 4076 a
1364 4025 1541 4079 servis
1570 4024 1933 4089 descendunt,
1966 4032 2020 4081 et
2049 4040 2079 4080 a
2108 4028 2296 4083 servili

720 4114 1003 4177 affinitate,
1032 4114 1208 4185 deque
1254 4115 1378 4169 aliis
1418 4116 1746 4186 quibusdam
1779 4116 1864 4171 lex
1901 4116 2137 4173 disserat
2170 4134 2185 4172 :
2220 4118 2295 4172 ita

719 4200 1093 4270 p‘rvulgatum
1140 4202 1285 4257 istud
1340 4204 1557 4260 honesti
1605 4206 1901 4276 capitulum
1951 4208 2152 4276 regula
2196 4222 2294 4263 cu-

721 4291 931 4343 :usdam
970 4291 1141 4346 instar
1174 4293 1308 4363 legis
1345 4294 1674 4351 auctoritate
1724 4297 2125 4368 promulgatum
2171 4314 2293 4355 esse

718 4381 785 4433 tle
813 4380 1003 4436 liberis
1037 4383 1461 4439 constitutorum
1497 4386 1553 4440 in
1585 4385 1871 4456 dignitate,
1899 4385 2076 4456 deque
2107 4398 2293 4457 patro-

718 4471 843 4527 nis:
877 4479 937 4525 ut
964 4472 1018 4526 hi
1054 4474 1275 4542 quidem
1300 4474 1594 4538 libertinis.
1628 4478 1703 4533 illi
1736 4492 1866 4531 vero
1894 4480 2143 4549 personis
2171 4496 2291 4537 sce-

2404 3474 2790 3546 ἀπλουστέρων
2853 3476 3024 3537 ἀκοὰς
3083 3475 3541 3545 παρασαῐνοντες,
3581 3475 3665 3535 τὸ,
3728 3474 3818 3526 Ἐν
3869 3478 3987 3536 τοῖς

2401 3566 2624 3637 γάμοις,
2664 3567 2846 3634 φασιν,
2877 3568 2937 3619 οὐ
2972 3567 3135 3635 μόνον
3190 3568 3252 3619 τὸ
3306 3568 3810 3636 ἐπιτετραμμένον,
3845 3568 3991 3619 ἀλλὰ

2401 3657 2495 3711 καὶ
2534 3658 2593 3711 τὸ
2620 3658 2895 3727 εὐπρεπὲς
2956 3658 3253 3727 ζητοῦμεν,
3290 3658 3403 3711 ἀνω
3435 3658 3531 3710 καὶ
3567 3660 3721 3711 κάτω
3774 3658 3987 3725 προφέ-

2404 3765 2612 3820 ρουσιν.
2638 3749 2817 3817 Ὅπερ
2864 3749 2892 3801 6
2946 3750 3040 3801 καὶ⁵
3080 3750 3276 3818 μικρὸν
3319 3749 3565 3815 ἐγκύψας
3591 3750 3701 3809 τοῖς
3767 3744 3985 3813 νόμοις,

2397 3842 2499 3893 οὐκ
2536 3841 2794 3910 ἀγνοήσει
2823 3842 3063 3902 πάντως,
3093 3842 3175 3892 ὅτι
3204 3840 3395 3909 ῶσπερ
3416 3842 3473 3893 ἐν
3506 3840 3583 3909 τῷ
3632 3838 3818 3908 μικρῷ
3872 3839 3988 3909 ago

2398 3930 2590 3985 τούτου
2608 3932 2906 4002 κεφαλαίῳ,
2942 3933 3079 4001 πρὸς
3108 3931 3185 3995 δέ,
3207 3934 3299 3985 καὶ
3327 3932 3416 3996 ιῡκ
3436 3932 3565 3998 περὶ
3587 3930 3697 3982 τῶν
3730 3932 3988 3996 ςυσικῶν

2399 4023 2602 4076 παίδων
2627 4022 2859 4075 καὶτῶν
2906 4024 3099 4087 θετῶν,
3132 4024 3231 4075 καὶ
3279 4025 3388 4076 τῶν
3426 4025 3534 4077 ἀπ’)
3580 4022 3786 4073 δούλων
3839 4040 3980 4074 κατ-

2396 4114 2701 4182 αγομένων,
2767 4114 2859 4167 καὶ
2915 4115 3025 4165 τῶν
3081 4116 3147 4166 ἐκ
3182 4114 3432 4183 δουλικῆς
3491 4115 3831 4184 ἀγχιστεέας,
3881 4117 3983 4166 καὶ

2396 4207 2601 4277 ἐτέρων
2636 4205 2800 4259 τινῶν
2835 4205 2912 4275 τῷ
2955 4206 3105 4275 νόμῳ
3149 4206 3477 4274 διείληπταιο
3503 4205 3647 4256 οὕτω
3695 4205 3760 4272 δὴ
3797 4207 3894 4258 καὶ
3923 4207 3987 4257 τὸ

2396 4299 2761 4369 περιφόρητον
2808 4297 2872 4368 δὴ
2924 4296 3085 4349 τοῦτο
3142 4296 3235 4349 τοῦ
3295 4297 3606 4364 εὐπρεποῦς
3651 4298 3983 4364 κεςάλαιον,

2395 4388 2526 4455 περὶ
2560 4388 2669 4439 τῶν
2715 4388 2827 4441 ἀπὸ
2880 4387 2990 4439 τῶν
3052 4387 3439 4456 ἀξιωματικῶν
3498 4388 3839 4452 τικτομένων
3882 4391 3984 4439 καὶ

2390 4478 2715 4548 πατρὼνων·
2744 4478 2887 4531 ὥστε
2944 4479 3065 4540 τοὺς
3114 4479 3215 4547 μὲν
3273 4479 3346 4547 μὴ
3401 4477 3981 4547 ἀπελευθέροις.τοὺς

717 4562 861 4615 nivis
900 4565 1259 4621 matrimonio
1296 4582 1404 4622 non
1453 4569 1799 4639 copulentur.
1834 4569 1897 4623 Et
1936 4571 2155 4641 quidem
2185 4573 2288 4627 hoc

2398 4569 2449 4623 δὲ
2496 4568 2570 4641 μὴ
2610 4571 2886 4639 σκηνικοϊς
2935 4568 3251 4637 προσώποις
3297 4570 3431 4637 πρὸς
3484 4569 3662 4635 γάμον
3726 4569 3978 4635 ἀρμύζεςο

717 4664 878 4720 caput
904 4657 1210 4724 expositum
1239 4673 1365 4714 esse
1397 4660 1769 4730 peculiariter,
1795 4663 1861 4716 ad
1892 4662 2287 4731 prohibendum

716 4745 1156 4815 coniunctionem
1191 4749 1431 4814 illorum,
1462 4752 1552 4821 qui
1586 4754 1850 4809 senatorii
1887 4762 2015 4809 sunt
2052 4754 2288 4820 ordinis,

716 4852 841 4889 cum
890 4838 1179 4900 libertinis,
1224 4852 1319 4894 aut
1362 4845 1637 4897 scenicam
1692 4844 2065 4901 factitantibus
2108 4865 2121 4899 :
2174 4848 2291 4917 ipse

717 4936 899 4981 textus
953 4929 1084 4998 legis
1130 4931 1174 4984 si
1223 4932 1396 4989 lectus
1455 4932 1638 4998 fuerit,
1666 4938 1936 4993 ostendet.
1972 4938 2027 4992 In
2058 4940 2288 5005 coniun-

714 5015 991 5069 ctionibus
1040 5018 1372 5085 nuptiarum,
1428 5023 1625 5091 inquit,
1672 5039 1779 5079 non
1816 5027 1992 5081 solum
2026 5028 2284 5084 conside-

715 5106 886 5157 randa
939 5107 1214 5162 subtilitas
1248 5121 1354 5173 est,
1402 5128 1591 5167 verum
1630 5118 1794 5170 etiam
1843 5134 1970 5171 num
2004 5121 2073 5174 sit
2116 5121 2286 5176 hone-

716 5200 884 5258 stum,
910 5198 1051 5263 quod
1076 5199 1275 5268 agitur.
1297 5199 1473 5269 Atque
1491 5201 1655 5271 huius
1675 5206 1876 5274 regula-
1897 5207 2282 5262 obscuritatem

714 5287 996 5351 explicans
1042 5286 1377 5358 Stephanus,
1404 5298 1460 5343 et
1508 5294 1714 5363 quibus
1745 5308 2007 5364 congruat
2036 5302 2283 5365 casibus,

714 5378 919 5428 docens
968 5391 981 5425 :
1033 5378 1145 5430 Hoc
1196 5379 1349 5445 dixit,
1389 5385 1587 5453 inquit.
1624 5389 1802 5455 capite
1834 5405 1941 5450 xu,
1975 5391 2132 5457 cujus
2175 5392 2280 5443 ini-

724 5467 878 5527 tium,
912 5464 1184 5524 Senaturis
1225 5474 1339 5540 ﬁlia
1373 5490 1391 5527 :
1424 5477 1581 5544 quasi
1612 5478 1838 5543 diceret,
1872 5482 2075 5534 clarius
2118 5482 2278 5535 isthic

713 5557 1017 5622 cspositunt
1051 5574 1191 5615 esse.
1230 5562 1435 5619 Deinde
1469 5570 1690 5637 apponit
1742 5571 1855 5639 ipsa
1897 5574 2055 5625 etiam
2088 5575 2273 5639 verba,

2393 4662 2551 4725 σθαι,
2604 4658 2683 4728 τῷ
2722 4659 2873 4728 νόμῳ
2932 4660 3332 4714 κεκανόνισται.
3382 4658 3506 4711 Ὀτι
3564 4657 3618 4709 δὲ
3674 4657 3737 4709 τὸ
3789 4660 3978 4710 τοιοῦ-

2394 4766 2484 4803 τον
2544 4747 2839 4818 κεφάλαιον
2882 4748 3193 4813 ἰδιαζόντως
3266 4748 3399 4817 πρὸς
3450 4748 3829 4814 ἀπαγόρευσιν
3868 4749 3979 4817 τῆς

2389 4841 2497 4894 τῶν
2534 4840 2915 4912 συγκλητικῶν
2954 4842 3090 4913 πρὸς
3148 4840 3550 4907 ἀπελευθέρους
3575 4841 3609 4908 ἢ
3668 4841 3979 4908 σκηνικοὺς

2393 4933 2686 5001 συναφείας
2719 4930 3136 5001 ἐκπεφώνηται,
3170 4932 3303 4985 αὐτὸ
3326 4932 3501 4984 τὸτοῦ
3534 4932 3704 4997 νόμου
3765 4931 3980 4993 πλάτος

2391 5027 2734 5096 παραστήσει
2789 5023 3158 5093 ἀναγνωσθέν.
3204 5025 3292 5076 Ἐν
3329 5026 3452 5086 ταῖς
3495 5024 3813 5091 συναφείαις
3858 5028 3981 5092 γάρ

2391 5117 2569 5186 (φησὶ)
2610 5118 2719 5169 τῶν
2760 5118 2976 5187 γάμων,
3021 5116 3085 5169 οὐ
3143 5116 3303 5186 μόνον
3359 5116 3458 5184 τὴν
3511 5115 3801 5184 ἀκρίὸειαν
3840 5132 3980 5168 σκο-

2387 5209 2607 5262 πεῖσθαι
2643 5211 2844 5277 χρεὼν,
2876 5208 2992 5261 ἀλλ’
3021 5210 3069 5262 εἰ
3100 5210 3195 5261 καὶ
3240 5210 3438 5278 σεμνόν
3468 5210 3582 5260 ἐστι
3610 5211 3670 5259 τὸ
3726 5212 3977 5277 πραττό-

2392 5318 2571 5370 μενον.
2604 5301 2711 5353 Τοῦ
2740 5300 2796 5353 δέ
2834 5298 3081 5354 τοιούτου
3119 5300 3343 5362 κανόνος
3374 5301 3475 5366 τὴν
3518 5299 3793 5365 ἀσάφειαν
3831 5300 3974 5350 ἀνα-

2390 5393 2681 5445 καλύπτων
2710 5395 2738 5443 ὁ
2762 5392 3053 5459 Στέφανος,
3090 5393 3185 5444 καὶ
3223 5392 3397 5452 ποίοις
3427 5391 3699 5442 διδάσκων
3724 5390 3977 5459 ἁρμόζε-

2388 5484 2510 5535 σθαι
2539 5486 2586 5517 ⁸⁶
2611 5482 2811 5551 θέμασι
2842 5501 2854 5512 ·
2884 5482 3040 5535 τοῦτο
3073 5479 3193 5535 εἷπε
3227 5484 3433 5551 (ςησὶν)
3464 5484 3519 5535 ἐν
3555 5483 3634 5552 τῷ
3664 5483 3744 5547 ις’
3786 5500 3972 5551 x59“:-

2384 5576 2865 5644 λσίῳ,Σενιὶτορις
2902 5577 3070 5643 φίλια
3097 5591 3108 5603 ·
3165 5575 3364 5627 ὡσανεὶ
3398 5575 3590 5641 λέγων,
3626 5577 3973 5645 σαφέστερον

2010 5748 2239 5804 ΥΛῐὶΗΕ
2280 5752 2684 5809 ιεετιυδεε.

784 5828 829 5859 ⁸⁸
861 5823 955 5881 τοῦ
985 5827 1175 5893 τόμον.
1251 5831 1298 5863 ⁸⁸
1330 5830 1649 5899 ἁρμόζεται.
