4188 6446
751 464 883 528 1115

2049 465 2183 524 JUS
2222 463 2660 523 CAVONICUM

3874 460 4009 521 111C-

744 599 863 638 mns
888 597 1047 652 quam
1083 583 1211 647 ipsxe
1254 583 1417 651 leges.
1465 595 1563 634 nec
1594 580 1899 635 canmiibus
1936 580 2051 635 sive
2108 578 2309 648 regulis

2415 591 2607 644 τερος,
2646 574 2769 625 οὐδὲ
2798 572 2905 625 τῶν
2956 574 3195 623 κανόνων
3228 568 3517 639 εὐθύτερος
3542 611 3556 633 ,
3593 570 3710 623 οὑδὲ
3744 572 3850 622 τοῖιν
3880 573 4007 624 τού-

742 676 959 740 rectior,
1018 688 1118 727 nec
1167 673 1299 741 ipsis
1356 671 1609 727 Patribus
1670 672 1763 741 qui
1823 672 2014 726 harum
2064 678 2314 724 auctores

742 775 892 828 sunt,
927 766 979 817 in
1012 763 1275 819 sanandis
1310 778 1371 816 ac
1422 762 1784 832 repurgandis
1818 762 2020 816 animis
2065 760 2309 829 peritior,

741 853 1049 920 quicunque
1078 850 1296 905 tandem
1348 850 1445 904 sis.
1499 850 1599 905 Ubi
1664 866 1794 905 vero
1853 866 2020 904 novas
2056 848 2309 919 coegeris

740 943 995 1014 synodos,
1029 957 1305 1011 novosque
1359 950 1535 996 tomos
1578 942 1980 1012 eomposueris,
2030 941 2307 1011 adjunctis

738 1035 1029 1090 sententiis
1064 1034 1436 1104 imperatoriis
1468 1052 1481 1088 :
1519 1043 1649 1088 tunc
1674 1032 1909 1089 fortasse
1944 1049 2041 1087 nos
2070 1034 2235 1088 etiam
2262 1041 2315 1087 te

738 1139 1029 1193 sequemur
1055 1126 1107 1178 in
1152 1125 1239 1189 iis,
1290 1139 1412 1194 qua:
1455 1135 1643 1195 postea
1680 1125 2001 1194 contingent
2044 1142 2058 1178 :
2111 1126 2206 1180 sed
2240 1126 2312 1178 ita

738 1225 938 1280 tamen,
974 1226 1025 1269 ut
1068 1230 1164 1271 eos
1212 1216 1305 1285 qui
1339 1216 1449 1285 jam
1502 1216 1636 1284 legis
1686 1216 2018 1270 auctoritate
2076 1216 2312 1285 copulati

736 1318 887 1374 sunt,
917 1324 978 1363 ac
1021 1309 1221 1364 liberos
1272 1315 1657 1377 procrearuut,
1712 1324 2059 1378 nequaquam
2096 1322 2315 1378 separa-

736 1402 842 1454 turi
883 1402 1089 1462 simus;
1152 1416 1221 1454 ne
1270 1399 1472 1453 malum
1528 1400 1673 1453 man
1719 1408 2001 1461 sanantes.
2061 1411 2115 1454 et
2164 1401 2314 1469 ipsos

734 1494 980 1563 digamos
1036 1491 1357 1557 efficiamus,
1406 1498 1460 1544 et
1523 1499 1839 1560 procreatos
1885 1505 1951 1545 ex
1985 1491 2067 1545 eis
2109 1490 2313 1547 liberos

734 1584 1070 1648 exhtercdes,
1099 1590 1152 1638 et
1182 1582 1484 1645 mendicos,
1519 1592 1571 1637 et
1610 1585 1745 1648 lros,
1776 1590 1830 1636 et
1869 1583 2042 1652 ipsius
2077 1582 2313 1654 denique

732 1685 939 1729 naturae
1007 1675 1227 1743 probra.
1308 1673 1486 1729 Donec
1557 1686 1737 1729 autem
1805 1690 1984 1731 novus
2042 1676 2310 1746 quispiam

734 1776 916 1818 tomus
954 1763 1097 1818 baud
1150 1763 1429 1833 prodierit,
1476 1772 1529 1818 et
1569 1764 1771 1819 emdem
1821 1765 1967 1835 leges
2012 1773 2175 1835 atque
2222 1779 2311 1819 ca-

734 1871 906 1910 nones
1014 1855 1252 1924 vigorrm
1337 1869 1496 1908 suum
1563 1856 1942 1918 obtinuerint,
2014 1870 2115 1909 nec
2196 1854 2307 1909 fieri

732 1947 953 2015 poterit.
990 1955 1048 1999 ut
1099 1940 1427 2000 abolcantur
1472 1947 1693 2005 ;multo
1744 1948 1924 2002 minus
1984 1946 2096 2002 ﬁeri
2151 1960 2312 2015 posse

735 2039 897 2103 scias,
938 2045 994 2090 ut
1035 2038 1137 2091 hoc
1167 2038 1327 2091 modo
1352 2046 1633 2091 contracta
1668 2038 2017 2092 matrimonia
2050 2038 2312 2091 diritnan-

737 2138 847 2184 tur.
870 2129 973 2182 Sed
1022 2128 1189 2193 enim,
1238 2128 1320 2182 vir
1359 2129 1561 2197 optime
1618 2144 1680 2181 ac
1732 2130 2076 2199 gravissime,
2112 2129 2313 2199 quique

734 2219 913 2289 legum
986 2233 1248 2272 novarum
1316 2234 1373 2271 es
1431 2228 1623 2271 auctor
1681 2221 1858 2279 (cave
1922 2216 2307 2278 excandescas,

734 2310 863 2364 dum
896 2320 1200 2379 opportune
1242 2310 1441 2364 veritas
1472 2311 1698 2364 liberius
1735 2318 1913 2362 tecum
1939 2311 2095 2378 agit),
2121 2323 2312 2363 coerce

734 2402 999 2470 linguam,
1040 2416 1232 2456 coerce
1251 2402 1554 2470 paululum,
1598 2402 1643 2456 si
1677 2410 1874 2468 potes;
1930 2400 2147 2453 tandem
2210 2399 2312 2452 ali-

734 2494 952 2563 quando
989 2493 1165 2563 prisca
1206 2494 1409 2563 pariter
1439 2508 1502 2547 ac
1521 2494 1758 2548 recentia
1815 2492 2037 2547 Patrum
2093 2490 2308 2545 decreta

736 2585 1030 2649 reveritus,
1061 2599 1299 2653 quorum
1343 2585 1606 2638 terminos
1655 2596 1723 2635 ne
1773 2596 2013 2635 mOvcas.
2045 2579 2311 2650 Exspecta

733 2675 950 2731 dicendi
1009 2682 1064 2729 et
1112 2674 1522 2730 contradicendi
1588 2674 1765 2727 locum
1840 2680 2003 2740 atque
2068 2678 2310 2738 tempus.

734 2766 898 2834 paulo
944 2771 1069 2835 post
1121 2765 1425 2818 obventura
1493 2764 1611 2817 tibi.
1670 2763 1863 2815 Parum
1908 2762 2085 2815 adhuc
2149 2760 2311 2830 spatii

732 2865 921 2921 restat,
975 2863 1029 2909 et
1080 2854 1134 2908 in
1187 2854 1325 2907 solio
1372 2852 1654 2908 seniorum
1708 2850 1956 2904 laudabis
1993 2849 2307 2904 Dominum.

731 2944 845 2998 Cur
882 2953 1008 3000 ante
1046 2944 1295 3007 thronos,
1324 2959 1551 2997 munera
1581 2945 1903 2997 thronorutn
1940 2942 2008 2995 ad
2039 2952 2089 2995 te
2122 2939 2311 3010 rapis?

729 3052 830 3090 cur
858 3050 1023 3091 onera
1056 3047 1272 3107 portatu
1300 3036 1536 3091 dillicilia
1568 3034 1819 3103 colligas,
1852 3046 1975 3101 qua:
2003 3046 2100 3085 nec
2132 3032 2302 3100 digito

732 3127 939 3182 moveri
1006 3129 1275 3198 possunt?
1324 3125 1428 3181 Ubi
1502 3126 1719 3195 paulum
1793 3124 1972 3177 adhuc
2047 3123 2308 3189 temporis

729 3218 948 3283 abierit,
1020 3218 1264 3272 doctoris
1345 3224 1398 3273 te
1464 3218 1698 3271 thronus
1777 3215 2031 3283 excipiet.
2098 3214 2302 3268 Oculos

730 3309 973 3378 undique
1026 3321 1153 3364 tuos
1190 3309 1514 3374 circumfer;
1551 3324 1613 3362 ac
1660 3308 1801 3371 vide,
1848 3305 2305 3376 quemadmodum

728 3399 846 3453 haec
900 3400 969 3454 ab
1039 3399 1181 3465 hac,
1254 3400 1390 3453 illzec
1449 3398 1518 3451 ab
1588 3398 1689 3451 ista
1771 3404 1923 3465 parte
1991 3396 2311 3463 metropolis

731 3499 1063 3559 exspectans
1120 3491 1337 3559 Supiuis
1382 3500 1433 3545 te
1467 3489 1719 3543 manibus
1775 3486 2092 3555 excipiant;
2139 3488 2309 3541 altera

729 3580 982 3638 invidens
1026 3580 1203 3647 alteri,
1231 3581 1359 3634 dum
1416 3589 1534 3634 utra
1582 3581 1773 3633 ducem
1810 3576 2203 3645 doctoremquc
2248 3584 2301 3631 te

732 3674 802 3727 sit
855 3673 1132 3740 habitura,
1168 3674 1528 3729 contendunt.
1578 3670 1716 3725 Tum
1752 3671 2009 3724 nimirum
2062 3679 2114 3723 et
2162 3685 2313 3725 com-

732 3764 948 3820 modius
1002 3764 1205 3830 trades,
1254 3781 1375 3834 quae
1424 3766 1537 3819 visa
1587 3763 1680 3817 tibi
1759 3761 1995 3827 fuerint;
2046 3772 2101 3815 et
2165 3762 2308 3829 leges

733 3854 942 3923 majore
992 3870 1117 3909 cum
1166 3855 1495 3909 conﬁdentia
1549 3854 1714 3915 feres,
1758 3861 1811 3907 et
1847 3852 2089 3908 vicissim
2138 3853 2309 3921 magis

732 3943 913 3999 adhuc
952 3959 1091 3998 nova
1138 3945 1532 4015 promulgabis,
1566 3953 1619 3998 et
1652 3944 1790 3997 alios
1836 3944 2073 3997 clamore
2104 3943 2306 3997 vinces.

732 4032 874 4100 Quin
920 4035 1085 4089 etiam
1131 4035 1273 4090 elato
1311 4036 1625 4104 supercilio,
1681 4044 1890 4089 torvum
1922 4050 2017 4088 eos
2060 4035 2309 4087 intuebe-

732 4126 830 4189 ris,
868 4140 931 4179 ac
974 4126 1263 4180 titanicurn
1304 4127 1358 4179 in
1406 4141 1653 4190 morem;
1690 4140 1996 4194 nasumque
2044 4134 2213 4179 totum
2247 4125 2301 4179 in

732 4230 827 4270 eos
866 4217 1160 4285 expandes,
1204 4225 1258 4271 et
1290 4216 1522 4272 fortasse
1568 4217 1960 4271 moderatiores
1994 4232 2060 4271 ne
2085 4217 2301 4284 quidem

734 4306 1026 4359 mussitare
1088 4304 1258 4368 sines,
1294 4306 1507 4360 tametsi
1543 4306 1765 4360 canitiei
1815 4314 1867 4359 et
1920 4306 2098 4359 aetatis
2128 4306 2306 4376 digni-

732 4410 842 4454 tate
873 4407 1129 4466 prestent
1178 4416 1191 4452 :
1223 4400 1442 4469 quando
1480 4401 1592 4469 jam

2418 684 2544 729 τους
2571 666 2814 736 θεμένων
2840 664 3099 734 ῐιατέρων
3126 662 3687 737 ἐπιστημονικώτερος
3711 665 3792 723 είς
3816 665 4003 731 duxi}.

2418 758 2717 828 θεραπείαν
2747 757 2843 810 καὶ
2882 760 3170 826 κάθαρσιν,
3206 758 3355 817 ὅστις
3392 756 3521 808 ποτὲ
3557 752 3625 807 εἴ.
3660 758 3787 809 Ὅτε
3816 757 3873 809 δὲ
3907 760 4001 810 καὶ

2416 848 2542 911 νέας
2557 848 2804 913 συνόδους
2818 848 3113 919 ἀθροίσεις,
3128 848 3221 901 καὶ
3235 849 3293 900 τό
3302 865 3433 917 μους
3453 848 3541 900 ἑτέ
3550 864 3675 916 ρους
3690 848 3922 917 συνθήσε
3933 868 4000 913 ες,

2416 939 2511 991 καὶ
2541 939 2828 1009 βασιλικὰς
2860 940 3169 1009 ἐπικρίσεις
3204 939 3557 1010 προσθήσεις,
3587 942 3709 992 τότε
3740 942 3882 1010 τᾶχα
3916 959 3999 995 σοι

2417 1030 2511 1083 καὶ⁵
2537 1033 2702 1101 ἡμεῖς
2730 1032 2868 1102 πρὸς
2894 1032 2992 1102 μὲν
3018 1031 3082 1085 τά
3114 1031 3429 1102 ἔμπροσθεν
3459 1033 3998 1104 ἐπακολουθήσομεν,

2414 1122 2542 1185 τοὺς
2575 1122 2633 1175 δὲ
2661 1121 2809 1193 νόμῳ
2836 1122 3205 1191 συναφθέντας
3232 1123 3333 1193 ήδη
3363 1122 3458 1175 καὶ
3480 1124 3998 1193 παιδοποιήσαντας,

2414 1210 2665 1279 οὐδαμῶς
2698 1210 3071 1283 διαζεύξομεν,
3110 1214 3185 1277 ὡς
3228 1212 3296 1267 ἂν
3334 1213 3409 1284 μὴ
3444 1212 3708 1283 διγάμους
3748 1216 3997 1283 ἀπεργα-

2417 1300 2661 1371 σὼμεθα,
2694 1302 2847 1374 κακῷ
2875 1304 2935 1356 τδ
2963 1305 3133 1358 κακὸν
3167 1304 3410 1375 ἰώμενοι,
3437 1305 3785 1375 ἀποκλήρους
3812 1306 3870 1358 δὲ
3901 1308 3998 1359 καὶ

2413 1394 2539 1457 τοὺς
2561 1394 2764 1448 τούτων
2781 1396 3197 1466 ἀποτεχθέντας,
3217 1398 3313 1450 καὶ
3334 1397 3654 1466 προσαίτας,
3679 1398 3773 1448 καὶ
3791 1396 3993 1465 Ἴρους,

2415 1487 2510 1538 καὶ
2531 1486 2663 1540 αὐτὸ
2686 1487 2863 1551 τοῦτο,
2895 1488 3071 1559 ὀνείδη
3100 1488 3201 1557 τῆς
3226 1488 3462 1557 φύσεως.
3493 1490 3636 1551 Ἕως
3660 1489 3704 1541 δ’
3732 1487 3800 1542 ἃ)
3828 1490 3999 1557 τόμος

2417 1578 2519 1645 μὲν
2567 1576 2721 1631 οὔπω
2760 1578 2944 1642 καινὸς
2986 1579 3194 1649 ἕτερος,
3228 1580 3279 1633 οἱ
3325 1580 3481 1633 αὐτοὶ
3521 1579 3579 1632 δὲ
3610 1580 3763 1648 νόμοι
3797 1597 3855 1632 τε

2414 1668 2641 1733 κανόνες
2680 1670 2974 1739 ὲπέχωσιν,
3010 1670 3365 1740 ἀναιρεθῆναι
3411 1670 3466 1721 δὲ
3506 1669 3728 1731 τούτους
3777 1671 3995 1739 ἀμήχα-

2412 1776 2523 1823 νον,
2552 1760 2961 1831 ἀδυνατώτερον
3014 1760 3071 1813 εὖ
3104 1761 3213 1815 ῐσθι
3240 1760 3335 1815 καὶ
3362 1761 3428 1813 τὰ
3456 1760 3628 1823 οὕτως
3659 1760 3851 1829 ἔχοντα
3884 1760 3998 1812 δια-

2410 1851 2639 1921 λυθῆναι
2670 1851 3181 1919 συνοικέσια.Ἀλλ⁹,
3210 1846 3255 1904 ὧ
3286 1851 3528 1922 βέλτιστε
3572 1852 3664 1903 καὶ
3695 1868 3999 1919 σεμνοπρε-

3905 1583 3997 1631 καὶ

2345 1919 2385 1978 Β
2416 1919 2672 2006 πέστατε,
2705 1945 2801 1998 καὶ
2832 1944 3013 2014 νόμων
3065 1919 3335 2014 εἰσηγητά
3367 1943 3571 1996 καινῶν
3608 1944 3736 2011 (καί
3774 1959 3859 1995 σοι
3894 1962 4001 2011 μη-

2413 2035 2501 2089 δὲν
2559 2036 2696 2107 πρὸς
2752 2036 2942 2107 ὀργὴν,
2998 2035 3269 2106 εὐκαίρως
3320 2034 3840 2107 παρρησιαζομένης
3900 2036 4001 2102 τῆς

2415 2127 2732 2199 ἀληθείας),
2764 2127 2985 2198 ἐπίσχες
3014 2127 3208 2196 μικρὸν
3237 2124 3335 2197 τὴν
3365 2126 3635 2193 γλῶτταν,
3673 2126 3921 2194 ἐπίσχες,
3954 2128 4001 2177 εί

2414 2218 2657 2282 δυνατὸν,
2692 2218 2957 2280 αἰδεσθεὶς
2996 2217 3096 2285 ὀψέ
3125 2234 3256 2270 ποτε
3292 2218 3498 2270 παλαιά
3528 2235 3587 2270 τε
3618 2216 3756 2285 ὁμοῦ
3785 2218 3879 2268 καὶ
3902 2217 3999 2269 νέα

2415 2309 2673 2379 Πατέρων
2695 2310 3020 2379 διδάγματα,
3048 2303 3122 2362 ὧν
3150 2310 3223 2379 μὴ
3247 2310 3469 2379 μέταιρε
3493 2310 3637 2377 ὄρεα.
3678 2309 3747 2361 Ἀ
3774 2309 3999 2375 ἀμεινον

2414 2400 2507 2453 τὸν
2533 2399 2625 2452 τοῦ
2653 2399 2832 2467 λέγειν
2862 2401 2957 2453 καὶ
2981 2401 3282 2469 ἀντιλέγειν
3314 2402 3477 2453 τόπον
3504 2418 3561 2453 τε
3594 2401 3688 2453 καὶ
3718 2401 3932 2469 καιρὸν,
3962 2400 3999 2453 1

2418 2491 2536 2562 μετ’
2558 2491 2737 2558 ὀλίγον
2767 2491 2884 2561 ἥξει
2909 2509 3013 2546 σοι.
3034 2492 3155 2544 Ἔτι
3183 2492 3377 2563 βραχὺ,
3402 2493 3497 2544 καὶ
3528 2497 3585 2544 ἐν
3602 2492 3841 2563 καθέδρα
3865 2511 4002 2562 πρε-

2416 2583 2693 2652 σϐυτέρων
2717 2585 2951 2646 αἰνέσεις
2974 2584 3065 2635 τὸν
3084 2582 3310 2653 Κύριον.
3343 2584 3410 2637 Τί
3435 2584 3538 2658 πρδ
3570 2584 3680 2639 τῶν
3702 2588 3912 2655 Θρόνιον
3932 2586 3999 2639 τὶ

2417 2672 2525 2725 τῶν
2558 2673 2761 2744 θρόνων
2796 2664 3098 2741 ἀρπάζεις;
3138 2674 3201 2725 Τί
3222 2672 3520 2745 ,δεσμεῧεις
3561 2678 3758 2745 φορτία
3791 2676 3998 2727 δυσδα-

2417 2780 2644 2828 στακτα,
2670 2764 2703 2816 ἃ
2731 2763 2864 2833 μηδὲ
2881 2764 2955 2834 τῷ
2982 2764 3229 2836 δακτύλῳ
3252 2768 3473 2833 κινῆσαι
3495 2767 3757 2831 δυνατόν;
3784 2769 4001 2835 Μικρὶν

2412 2855 2537 2907 ὅσον
2583 2855 2678 2907 καὶ
2708 2854 2736 2907 ὀ
2781 2858 2880 2924 τῆς
2927 2856 3277 2919 διδασκαλίας
3332 2857 3519 2927 θρόνος
3550 2875 3608 2909 σε
3654 2857 3999 2921 ὑποδέξεται.

2414 2941 2585 3016 Ἀρον
2615 2947 2800 3017 κύκλῳ
2826 2947 2955 3010 τοὺς
2981 2948 3295 3019 ὀφθαλμούς
3324 2968 3440 3012 σου,
3474 2951 3563 3003 καὶ
3604 2950 3702 3015 ἴδε,
3735 2951 3811 3013 ὡς
3839 2953 3873 3021 ἡ
3902 2954 3963 3020 με
3976 2974 4001 3001 ν

2417 3038 2588 3103 ἐνθεν,
2614 3039 2647 3108 ἡ
2674 3038 2729 3091 δὲ
2760 3039 3009 3092 ἐντεῦθεν
3024 3040 3132 3093 τῶν
3161 3042 3545 3110 μητροπόλεων
3570 3043 3996 3109 περιμένουσαι,

2414 3128 2631 3192 ὑπτίαις
2652 3146 2710 3182 σε
2738 3131 2924 3201 χερσὶν
2942 3132 3352 3202 ἀπεκδέχονται,
3367 3134 3456 3185 καί
3475 3132 4001 3199 ἀντιζηλοτυποῦσιν

2412 3218 2670 3285 ἀλλήλαις
2693 3220 2993 3288 ὲρίζουσαι,
3020 3222 3225 3292 ποτέρα
3240 3221 3442 3276 τούτων
3464 3224 3786 3291 καθηγητὴν
3809 3225 3907 3275 καὶ
3924 3226 4001 3275 διο

2410 3304 2674 3359 δᾶσκαλον
2700 3307 2809 3371 ἓξει
2834 3326 2912 3363 σε.
2945 3311 3078 3362 Τότε
3102 3310 3232 3377 γοῦν
3252 3312 3347 3365 καὶ
3375 3314 3643 3384 εἰσηγήσῃ
3670 3314 3739 3364 τὰ
3764 3311 4000 3377 δόξαντα

2412 3396 2817 3469 εὐκαιρότερον,
2854 3400 2950 3452 καὶ
2986 3400 3364 3470 θεμιστεύσεις
3398 3401 3870 3472 θαρραλεώτερον,
3902 3406 4000 3453 καὶ

2412 3486 2915 3559 ἀντινομοθετήσεις
2962 3490 3029 3543 τὰ
3062 3492 3142 3544 ἔτι
3179 3492 3491 3561 καινότερα,
3530 3493 3621 3545 καὶ
3655 3492 3993 3563 ὑπερτρωνῄ-

2416 3592 2527 3638 σεις
2551 3579 2676 3640 τοὺς
2699 3578 2909 3642 ἄλλους.
2939 3581 3047 3633 Καί
3076 3598 3178 3634 που
3207 3583 3301 3636 καὶ
3326 3583 3425 3645 τὰς
3450 3582 3620 3652 ὀφρῦς
3646 3584 3997 3649 ἀνασπάσας,

2411 3666 2575 3737 δριμύ
2608 3686 2660 3721 τι
2690 3669 2901 3733 τούτοις
2928 3671 3240 3741 ὲμϐλέψεις.
3271 3674 3366 3727 καὶ
3400 3673 3709 3735 τιτανῶδες,
3747 3674 3846 3725 καὶ
3874 3673 3997 3727 ὅλον

2407 3758 2589 3821 αὐτοῖς
2620 3758 2713 3811 τόν
2748 3761 3000 3830 μυκτῆρα
3047 3762 3462 3832 δημοσιεύσεις·
3496 3763 3591 3816 καὶ
3626 3764 3746 3815 οὐδὲ
3796 3764 3996 3832 γρύξαι

2406 3852 2568 3920 τυχον
2605 3855 2730 3915 τοὺς
2761 3856 3199 3925 ἐπιεικεστέρους
3240 3859 3492 3926 ἀφήσεις,
3539 3858 3641 3909 κᾶν
3695 3858 3860 3927 πολιᾷ
3899 3860 3999 3911 καὶ

2408 3943 2587 4011 χρόνῳ
2611 3944 2942 4014 προέχωσιν·
2967 3945 3042 4008 ὡς
3072 3946 3168 4000 νῦν
3194 3964 3253 4014 γε
3282 3948 3391 4000 τῶν
3426 3948 3824 4017 πρεσϐυτέρων
3854 3966 3992 4001 κατ-

2410 4038 2791 4107 επαιρόμενος,
2849 4041 3031 4093 καὶτὸ
3079 4041 3174 4094 τοῦ
3217 4040 3378 4109 λόγου
3423 4042 3482 4093 ὲν
3511 4040 3678 4110 καρὸς
3716 4043 3850 4110 αἴσῃ
3897 4042 3998 4092 αἰν-

2409 4130 2534 4190 τοὺς
2579 4129 2944 4199 λογιζόμενος.
2993 4133 3183 4202 Κρῖμα
3230 4131 3446 4202 σεαυτῷ
3502 4130 3881 4200 θησαυρίζεις,
3935 4134 3998 4183 ἐν

2410 4224 2593 4295 ἡμέρᾳ
2626 4225 3034 4289 ἁνταποδόσεως
3072 4226 3367 4296 περιμένον
3413 4242 3493 4277 σε.
3540 4223 3683 4278 Ἀλλ’
3712 4226 3774 4277 οὗ
3810 4225 3997 4277 milio-

2417 4332 2538 4383 μεν.
2569 4317 2677 4368 Καὶ
2706 4317 2764 4369 τὸ
2791 4318 2916 4385 ἑξῆς
2947 4317 3107 4380 αὐτὸς
3138 4316 3351 4387 σεαυτῷ
3378 4317 3619 4383 ἐπίλεγε.

1688 4408 1857 4455 temet
1912 4401 2184 4457 adversus
2248 4408 2495 4464 seniores
2527 4410 2781 4475 efferens,
2808 4426 3011 4479 eosque
3043 4411 3166 4465 loco
3192 4412 3567 4481 gregariorum
3607 4410 3775 4480 (quod
3809 4404 3992 4469 aiunt)

732 4492 963 4544 militum
1034 4490 1261 4555 habens,
1318 4492 1825 4546 condemnationem
1892 4494 2008 4562 ipse
2057 4495 2153 4549 tibi
2222 4502 2494 4568 cumulas,
2547 4518 2668 4571 quae
2710 4504 2805 4558 tibi
2856 4503 2921 4557 ad
2971 4503 3135 4573 diem]
3170 4503 3323 4558 illum
3378 4504 3853 4574 compensationis
3906 4496 3997 4564 es"

730 4584 1116 4654 exspectanda.
1168 4583 1272 4639 Sed
1326 4584 1529 4639 frustra
1596 4586 1727 4642 haec.
1762 4586 1841 4641 Tu
1870 4587 1987 4657 ipse
2026 4588 2123 4644 tibi
2167 4592 2311 4659 quod
2353 4606 2622 4665 superest,
2678 4597 2981 4669 adjungito.

1327 4720 1707 4777 BESPONSIO

732 4854 814 4906 Ad
867 4868 1006 4911 eum,
1043 4854 1134 4920 qui
1177 4853 1470 4920 prohibitus
1518 4856 1699 4908 aiebat
1748 4873 1858 4911 esse
1904 4860 2115 4924 nuptias
2163 4861 2301 4915 inter

971 4939 1217 4991 personas
1242 4940 1306 4977 ea:
1346 4924 1510 4978 tribus
1548 4926 1764 4981 diversis
1796 4928 2039 4994 familiis.

799 5033 1040 5089 Caniclei
1083 5035 1301 5105 quidem
1359 5053 1561 5105 praeses
1603 5039 1903 5105 obstinate,
1939 5050 2102 5112 atque
2131 5044 2293 5098 etiam

732 5127 1133 5181 inconsiderate
1170 5128 1249 5198 (ut
1280 5129 1396 5183 lene
1423 5130 1550 5199 quid
1579 5131 1805 5201 dicam).
1839 5132 2030 5195 instat,
2056 5136 2295 5190 nefarias

731 5216 983 5285 inquiens
1045 5232 1169 5271 esse
1212 5220 1430 5287 nuptias
1485 5221 1626 5274 inter
1666 5236 1926 5289 personas
1990 5225 2153 5278 trium
2217 5226 2298 5277 (li-

733 5320 1011 5359 versurum
1081 5306 1430 5361 familiarum.
1494 5299 1720 5366 Temere
1792 5328 1921 5367 vero
2000 5315 2052 5368 id
2114 5315 2299 5369 dicere

730 5394 1094 5449 convincitur.
1160 5395 1370 5467 Quippe
1426 5399 1559 5452 nihil
1623 5400 1776 5455 all‘ert
1830 5418 1893 5456 ex
1942 5402 2087 5471 jure,
2151 5405 2297 5473 quod

731 5484 906 5536 lucum
949 5485 1161 5541 habeat.
1196 5487 1309 5558 Ego
1344 5505 1472 5543 vero
1507 5506 1699 5548 servus
1739 5501 1886 5554 tuus.
1914 5495 2058 5563 quod
2095 5496 2298 5551 diserte

734 5592 839 5627 isnu
879 5578 1099 5629 vetitum
1130 5587 1212 5633 est
1240 5594 1268 5632 a
1297 5581 1433 5649 lege,
1471 5599 1814 5652 nequaquam
1866 5600 1931 5639 ex
1962 5587 2297 5656 conjec-turis

733 5662 1023 5718 adnittei‘e
1058 5681 1301 5735 possunt,
1344 5680 1596 5739 tanquam
1634 5675 2112 5743 expressum..ch
2148 5680 2293 5731 enim

737 5760 801 5807 de
853 5756 1101 5822 personis
1146 5759 1310 5811 trium
1360 5761 1700 5816 divm'sarum
1767 5764 2094 5818 familiarum
2177 5784 2297 5835 qme

736 5848 1057 5903 contrahere
1090 5857 1362 5915 vetantur,
1400 5852 1599 5908 diserte
1632 5856 1811 5911 verbis
1854 5858 1998 5913 hisce
2039 5857 2293 5914 disserit:

2329 4682 2384 4741 D

2988 4728 3384 4784 ΔΠΔΝἸἨΣΙΣ

2406 4863 2565 4931 Πρὸς
2593 4863 2700 4916 τὸν
2720 4864 2977 4938 ,λέγοντα
3003 4865 3419 4938 κεκωλυμένον·
3445 4859 3599 4938 εἶναι
3634 4867 3742 4917 τὸν
3770 4868 3837 4921 ἐι
3872 4888 3993 4938 τῃ.

2639 4936 2875 5002 rev-sia;-
2901 4935 3110 5003 γάμον,
3142 4936 3243 4988 καὶ
3280 4934 3741 5004 ἀσυγχώρητον.

2490 5044 2550 5114 Ὁ
2585 5042 2682 5113 μὲν
2710 5045 2802 5097 ἐπὶ
2836 5043 3183 5109 Κανικλείου,
3232 5044 3612 5114 ἀμεταθέτως,
3646 5048 3707 5099 οὐ
3766 5051 3895 5103 πολὺ
3929 5053 3986 5105 δὲ

2405 5135 2578 5186 εἰπεῖν
2604 5136 2697 5188 καὶ
2728 5136 3142 5204 ἀπερισκέπτως
3178 5136 3475 5199 ἐνίσταται,
3510 5136 3687 5205 λέγων
3719 5135 3861 5191 εἶναι
3894 5146 3990 5193 τῖν

2398 5226 2683 5295 εἰρημένον
2734 5227 2797 5278 ἐκ
2852 5227 3159 5295 τριγενείας
3196 5226 3375 5294 γάμον
3423 5229 3758 5297 παράνομον.
3801 5233 3986 5298 ’ῐῖλέγ-

2396 5331 2550 5385 χεται
2581 5315 2637 5365 δὲ
2682 5316 2857 5383 μάτην
2923 5316 3313 5383 φθεγγόμενος.
3344 5315 3512 5367 υῦδὲν
3542 5318 3648 5383 γὰρ
3705 5325 3985 5389 παρέπτη-

2399 5419 2483 5454 σιν
2513 5404 2575 5454 ὲκ
2605 5402 2701 5454 τοῦ
2738 5403 2901 5471 νόμου
2941 5404 3173 5471 καίριον.
3232 5402 3374 5469 Ἐγὼ
3403 5405 3457 5456 δὲ
3491 5404 3519 5455 ό
3566 5404 3751 5467 δοῦλίς
3796 5426 3889 5459 σου
3926 5412 3986 5460 τι)

2400 5493 2475 5563 μὴ
2504 5494 2650 5561 παρᾶ
2692 5493 2785 5545 τοῦ
2822 5494 2985 5559 νόμον
3018 5493 3198 5561 ῥητῶς
3231 5493 3471 5545 κωλνθὲν
3518 5494 3577 5544 οὶ
3606 5495 3844 5561 δὼαςαε
3877 5502 3984 5549 aza

2404 5584 2725 5655 στοχασμῶν
2769 5586 2843 5647 ὠς
2895 5585 3213 5652 ὲκφωνηθὲν
3248 5586 3673 5653 παραδέχεσθτι.
3722 5590 3828 5640 Καὶ
3876 5593 3981 5657 τὶρ

2403 5678 2431 5729 ὁ
2462 5680 2621 5743 νόμος
2647 5678 2772 5744 περὶ
2802 5677 2909 5727 τῶν
3026 5677 3330 5745 τριγενείας
3362 5678 3763 5742 κεκωλδμένωδ
3797 5681 3976 5747 ῥητῶς

2403 5766 2635 5828 διέλαϐε,
2673 5771 2893 5835 ιραισκων
2922 5767 3125 5829 οὕτως·
3154 5768 3290 5819 Ο.)δέ
3324 5767 3417 5836 τὴν
3458 5770 3583 5819 ποτε
3612 5772 3851 5834 γυναῖκα
3885 5770 3976 5821 τοῦ

2409 5860 2668 5929 προτνὶνηγ)
2726 5876 2824 5926 μοι)
2868 5858 3145 5926 λαίλῗάνω.
3183 5860 3315 5910 05¢;
3424 5862 3661 5927 μητρυιὰ
3708 5859 3979 5930 λαμϐάνει
