4188 6446
766 418 902 483 1123

2033 415 2064 474 J
2073 415 2167 474 US
2200 413 2640 475 CANONICUM

3875 413 4019 482 1124

765 531 975 588 Salutio
1046 532 1249 587 Nicena:
1308 530 1597 603 Mitylenwi
1644 528 2023 584 Thessalonica:
2056 528 2335 582 antistitis.

2440 529 2632 596 Λύσις
2687 529 2794 584 τοῦ
2865 530 3341 598 Θεσσαλονίκης,
3374 528 3579 597 πυροῦ
3626 524 3851 591 Nimim
3909 528 4018 583 τοῦ

834 687 1092 753 Quisnam
1130 686 1230 753 sis,
1258 688 1329 742 mi
1365 688 1546 748 homo,
1574 686 1667 756 qui
1700 700 1898 752 magno
1936 700 2000 740 ex
2042 682 2332 738 intervallo

763 778 831 834 de
901 779 986 833 his
1029 781 1360 849 interrogas,
1400 778 1652 847 equidem
1686 778 1879 846 ignoro
1928 795 1943 830 :
1976 792 2099 830 cum
2135 785 2186 830 te
2230 790 2333 830 nec

762 871 1013 934 viderim,
1069 886 1170 925 nec
1223 871 1495 925 allocutus
1531 870 1658 924 sim.
1720 868 1910 922 Errata
1954 867 2173 936 quidem
2218 868 2329 934 illa,

762 977 885 1030 qua:
939 962 1215 1034 suggestio
1245 970 1338 1015 tua
1390 962 1654 1023 continet,
1703 960 2023 1030 corrigenda
2081 960 2330 1025 veniunt,

764 1061 1024 1121 tuamque
1072 1052 1138 1106 de
1188 1052 1275 1108 bis
1330 1052 1815 1123 interrogationem
1848 1050 2055 1120 probo;
2091 1052 2331 1121 quando-

763 1145 980 1213 quidem
1023 1159 1212 1198 eorum
1270 1152 1513 1215 peccata,
1549 1144 1640 1213 qui
1692 1143 1936 1198 dominis
2000 1144 2329 1206 inserviunt,

762 1235 880 1288 sive
918 1234 1029 1288 sint
1070 1235 1237 1297 servi,
1264 1236 1380 1289 sive
1435 1234 1610 1299 liberi,
1654 1235 1738 1288 vel
1773 1236 1957 1303 potius
1982 1236 2026 1288 si
2049 1233 2211 1295 servi,
2238 1240 2332 1286 aut

760 1338 991 1392 prorsus
1026 1325 1256 1380 alterius
1307 1326 1361 1378 in
1400 1333 1687 1393 potestate,
1716 1324 2074 1379 conferuntur
2104 1325 2155 1377 in
2184 1324 2331 1394 ipsos

762 1414 1208 1484 patresfamilias,
1269 1414 1315 1469 si
1380 1415 1506 1484 quis
1569 1416 1719 1471 omni
1793 1416 1977 1469 studio
2035 1413 2103 1467 de
2156 1415 2333 1489 corri-

760 1507 955 1577 gendis
1004 1522 1083 1559 ets
1133 1522 1238 1559 non
1307 1509 1529 1576 cogitet.
1567 1506 1721 1572 Quod
1772 1508 1819 1563 si
1884 1522 1986 1560 nec.
2041 1505 2331 1561 manifesta

765 1608 913 1661 Sttltl,
980 1598 1086 1652 Deo
1134 1599 1399 1653 rationem
1456 1598 1643 1654 reddet
1675 1600 1742 1665 is,
1791 1600 1883 1669 qui
1932 1615 1994 1654 ea
2020 1599 2328 1654 committit:

764 1688 849 1742 sin
906 1689 1221 1752 manifesta,
1254 1691 1647 1759 paterfamilias
1679 1692 1810 1760 :qui
1862 1692 2077 1760 quidem
2116 1705 2177 1744 ea
2229 1689 2330 1743 loci

762 1779 881 1847 ejus
914 1780 1161 1833 ecclesiae
1195 1780 1501 1848 patefacere
1557 1781 1740 1845 debet,
1787 1791 1844 1834 ut
1874 1789 1986 1833 tum
2016 1780 2328 1848 episcopus,

3009 604 3445 668 Μιτυληναίου.

2505 692 2601 756 Τίς
2628 692 2725 762 μὲν
2752 689 2822 757 εἴ,
2841 694 3118 765 ἄνθρωπε,
3138 695 3336 762 ἀγνοῶ,
3362 695 3391 746 6
3422 693 3594 748 ταῦτα
3629 690 3925 761 ἐπερωτῶν
3952 692 4019 743 ὲκ

2438 782 2649 851 μακροῦ
2672 784 3062 853 διαστήματος,
3097 784 3237 852 μήτε
3289 781 3416 835 ἰδών
3470 800 3556 843 σε,
3586 783 3725 850 μήτε
3773 777 4019 849 ἐντυχών

2436 887 2538 928 σοι.
2585 872 2672 938 Ἐξ
2704 873 2949 941 ἀνάγκης
2978 872 3033 925 δὲ
3060 870 3097 926 ἃ.
3125 870 3481 940 διαλαμϐάνει
3527 871 3559 941 ἡ
3587 868 3892 939 ὑπόμνησίς
3921 884 4019 920 σου

2442 962 2761 1031 σφάλματα,
2806 962 3101 1032 διορθωτέα
3129 961 3255 1016 εἰσί.
3286 961 3394 1013 Καὶ
3420 959 3757 1029 ἀποδέχομαι
3790 975 3883 1009 σου
3916 956 4020 1024 τὴν

2436 1055 2566 1123 περὶ
2612 1054 2819 1107 τούτων
2875 1055 3169 1126 ἐρώτησιν,
3221 1054 3304 1106 ὅτι
3355 1054 3422 1106 τά
3473 1051 3850 1122 ἁμαρτήματα
3907 1049 4019 1101 τῶν

2439 1146 2860 1216 ὑπηρετούντων
2911 1150 3024 1211 τοῖς
3071 1146 3381 1209 δεσπόταις,
3440 1146 3551 1198 εἴτε
3598 1143 3775 1196 δοῦλοί
3828 1143 3971 1195 είσιν
4000 1179 4017 1201 ,

2432 1239 2543 1292 εἴτε
2588 1239 2886 1308 ἐλεύθεροι,
2950 1241 3046 1293 καὶ
3096 1238 3298 1308 μᾶλλον
3358 1237 3408 1315 εἰ
3440 1236 3637 1299 δοῦλοι,
3674 1236 3708 1304 ἢ
3742 1235 3878 1297 ὅλως
3915 1234 4017 1287 ὑπ-

2437 1329 2672 1392 εξούσιοι
2728 1330 2824 1381 ἐπὶ
2875 1331 3002 1392 τοὺς
3025 1328 3411 1390 οίκοδεσπὲτας
3453 1328 3740 1395 φέρονται,
3769 1325 3887 1390 εἴτε
3943 1323 4019 1391 μὴ

2433 1421 2705 1484 παντοίως
2739 1420 3016 1490 φροντίζοι
3043 1437 3128 1481 τις
3157 1422 3259 1488 τῆς
3275 1417 3479 1471 τούτων
3507 1416 3869 1487 διορθώσεως.
3906 1414 4018 1467 Καὶ

2433 1514 2483 1565 εί
2524 1512 2621 1580 μὲν
2645 1513 2781 1565 είσὶν
2820 1512 3021 1581 ἀφανῆ,
3045 1510 3124 1579 τῷ
3148 1509 3267 1578 Θεῷ
3293 1508 3454 1560 δώσει
3482 1507 3683 1576 λόγονὸ
3707 1508 3969 1577 πράττων
3999 1519 4016 1535 ·

2433 1605 2482 1655 εί
2511 1603 2566 1655 δὲ
2610 1603 2842 1673 φανερὰ,
2884 1605 2912 1655 6
2964 1602 3372 1670 οἰκοδεσπότης.
3413 1600 3509 1662 Ὃς
3555 1599 3650 1652 καὶ
3699 1597 3909 1665 ὀφείλει
3947 1597 4015 1665 τῇ

2434 1699 2576 1752 κατά
2617 1700 2781 1751 τόπον
2804 1698 3074 1768 ἐκκλησίᾳ
3100 1696 3274 1750 ταῦτα
3306 1692 3592 1765 φανεροῦν,
3620 1693 3708 1744 ἵνα
3737 1692 3765 1742 6
3791 1691 4019 1743 ἐπίσκο-

2435 1806 2535 1850 πος
2558 1790 2651 1843 καὶ
2680 1790 2727 1841 oi
2758 1791 2937 1842 ἐκεῖσε
2964 1789 3130 1857 ἱερεῖς
3155 1788 3250 1840 καὶ
3281 1785 3506 1855 μοναχοὶ
3531 1801 3595 1836 πε
3606 1784 3658 1853 ρὶ
3680 1783 3783 1852 τῆς
3808 1785 4019 1834 τούτων

762 1877 876 1921 tum
932 1867 1040 1921 illic
1094 1869 1375 1922 constituti
1436 1870 1750 1924 sacerdotes
1820 1884 1883 1923 ac
1931 1870 2206 1933 monachi,
2266 1869 2333 1922 dc

2438 1875 2773 1943 διορθώσεως
2801 1873 3195 1941 ἀγωνίζωνται.
3230 1875 3363 1926 Τότε
3395 1874 3503 1942 γὰρ
3544 1873 3572 1924 6
3602 1870 4015 1938 οἱκοδεσπὸτης,

763 1960 1100 2029 corrigendis
1129 1960 1234 2014 illis
1291 1962 1510 2017 solliciti
1574 1963 1704 2015 sint.
1778 1963 1990 2031 Quippe
2034 1971 2162 2016 tunc
2212 1962 2331 2016 loco

762 2064 864 2103 suo
908 2050 1261 2117 castigandus
1298 2061 1384 2106 est
1439 2052 1850 2119 paterfamilias,
1896 2062 1949 2105 et
1982 2053 2050 2106 ab
2098 2053 2332 2107 ecclesia

764 2141 1126 2210 separandos,
1185 2158 1306 2197 cum
1339 2144 1652 2200 admonitus
1689 2149 2024 2215 negligenter
2068 2162 2125 2200 se
2170 2147 2330 2215 gerit,

764 2248 865 2287 nec
890 2234 957 2287 ad
992 2235 1427 2292 emendationem
1471 2237 1651 2291 delicti
1708 2237 1837 2293 facit
1870 2238 2077 2300 omnia,
2109 2255 2230 2307 quit:
2263 2237 2330 2289 ah

766 2327 885 2397 ipso
931 2329 1301 2398 requiruntur.
1362 2328 1548 2398 Itaque.
1604 2345 1725 2383 cum
1790 2331 2026 2398 alicujus
2080 2331 2221 2385 servi
2279 2339 2332 2384 ct

765 2418 977 2472 ancillae
1008 2428 1345 2485 scortantur,
1374 2420 1551 2489 deque
1576 2420 1676 2474 hoc
1708 2419 1883 2474 factus
1918 2422 2116 2475 certior
2144 2436 2330 2475 eorum

765 2510 1041 2571 dominus,
1075 2525 1181 2565 non
1214 2511 1362 2565 omni
1433 2510 1595 2565 modo
1655 2520 1936 2580 peccatum
1978 2514 2028 2565 id
2065 2514 2329 2582 corrigit,

767 2608 938 2671 utque
994 2616 1169 2657 sacra:
1208 2603 1606 2658 benedictionis
1656 2605 1947 2673 participes
1997 2604 2148 2666 fiant,
2209 2620 2334 2673 per-

767 2694 956 2757 mittit,
994 2695 1390 2764 segregationis
1420 2710 1634 2764 paruam
1682 2708 1942 2761 meretur,
1976 2696 2129 2767 juxta
2150 2711 2337 2751 sacros

768 2799 835 2839 ac
900 2786 1120 2840 divinos
1176 2801 1435 2851 canones,
1475 2787 1551 2839 uti
1609 2796 1664 2840 tu
1714 2802 1932 2856 quoque
1982 2797 2337 2857 peraceurate

770 2876 1096 2931 disserendo
1127 2878 1596 2932 commonstrasti.
1633 2876 1860 2933 Frustra
1917 2895 2045 2934 vero
2080 2888 2332 2934 metuunt

768 2967 1017 3033 domini,
1064 2984 1133 3023 ne
1185 2969 1230 3023 si
1280 2982 1517 3039 potestas
1585 2970 1722 3023 facta
1782 2970 1947 3026 fuerit
2004 2974 2211 3037 servis,
2276 2983 2337 3028 ut

770 3061 1167 3118 interveniente
1220 3064 1602 3118 benedictione
1671 3064 1929 3132 legitimis
1985 3079 2109 3118 cum
2148 3068 2337 3120 uxori-

770 3151 894 3215 bus,
966 3154 1046 3206 vel
1133 3168 1257 3207 cum
1315 3155 1526 3207 maritis
1573 3155 1782 3208 ancilla:
1842 3156 2182 3225 copulentur,
2236 3158 2333 3225 ipsi

2435 1965 2591 2033 εῐπερ
2621 1963 2849 2032 ἀμελοίη
2881 1962 3275 2033 ὑπομνησθεὶς,
3299 1962 3395 2014 καὶ
3420 1962 3541 2031 οὐχὶ
3563 1962 3631 2013 τά
3652 1962 3784 2030 παρ’
3814 1959 4015 2012 ἑαυτοῦ

2434 2056 2613 2107 πάντα
2642 2055 2784 2106 ποιεῖ
2809 2055 2946 2125 πρὸς
2984 2054 3293 2123 διόρθωσιν,
3335 2053 3683 2120 ἐπιτιμητέος
3712 2053 3831 2102 ἐστὶ
3874 2051 4019 2103 κατὰ

2432 2145 2533 2212 τὴν
2558 2142 2722 2195 αὑτοῦ
2752 2142 3042 2207 τάξιν,καὶ
3071 2142 3421 2212 ἀφοριστέος.
3461 2142 3587 2193 Ὀτε
3623 2140 3753 2205 γοῦν
3775 2138 4018 2193 οἱδοῦλοι

2433 2232 2527 2283 καὶ
2550 2232 2606 2281 αἱ
2633 2230 2866 2292 δουλίδες
2893 2229 3036 2292 τινὸς
3065 2229 3409 2299 πορνεύουσι,
3439 2229 3534 2281 καὶ
3563 2229 3773 2297 εἴδησιν
3801 2226 4018 2296 λαμδάο

2434 2337 2540 2371 νων
2595 2317 2840 2387 ὁκύριος
2895 2319 3205 2382 αὑτῶν,ού
3237 2301 3529 2380 ’παντοίως
3584 2316 3895 2386 διορθοῦται
3953 2315 4018 2367 τδ

2432 2406 2670 2462 τοιοῦτον
2694 2407 3021 2477 ἁμάρτημα,
3052 2408 3146 2458 καὶ
3184 2405 3467 2475 ἐπιτρέπει
3492 2405 3640 2474 αὑτῷ
3662 2406 3707 2436 ⁸⁸
3739 2406 3843 2473 τὴν
3877 2406 4022 2473 ἱερο-

2433 2495 2643 2563 λογίαν,
2675 2494 2985 2565 ἀφορισμοῦ
3019 2497 3168 2546 ἐστιν
3191 2492 3343 2557 ἄξιος
3372 2496 3511 2546 κατά
3536 2495 3662 2554 τοὺς
3703 2493 3884 2562 ἱεροὺς
3924 2494 4020 2545 καὶ

2435 2588 2614 2651 θείους
2664 2588 2934 2649 κανόνας,
2966 2584 3152 2648 καθὼς
3207 2587 3303 2638 καὶ
3355 2585 3518 2646 αὑτὸς
3566 2584 4018 2655 ὴκριὸολογήσω.

2448 2676 2653 2731 Ἐκεῖνο
2701 2678 2758 2731 δὲ
2799 2676 2976 2749 μάτην
3007 2676 3375 2731 ὑποπτεύεται
3402 2676 3552 2746 παρὰ
3578 2675 3688 2728 τῶν
3711 2676 4019 2737 δεσποτῶν,

2434 2771 2516 2823 ὅτι
2556 2771 2649 2821 ὲάν
2690 2769 3120 2839 συγχωρηθῶσιν
3142 2770 3191 2821 οί
3217 2767 3392 2820 δοῦλοι
3419 2766 3831 2837 ίερολογηθῆναι
3881 2768 4022 2836 μετά

2433 2862 2710 2930 γυναικῶν
2750 2863 3022 2931 νομίμων,
3050 2862 3083 2932 ἢ
3121 2862 3178 2913 αἱ
3204 2861 3440 2922 δουλίδες
3465 2861 3603 2931 μετά
3625 2859 3861 2931 ἀνδρῶν,
3888 2860 4021 2921 τοὺς

2436 2955 2667 3016 οἰκείους
2712 2954 2931 3017 οἰκέτας
2964 2953 3361 3007 ἀπολέσουσινο
3417 2952 3492 3015 ὡς
3539 2951 3641 3021 τῆς
3701 2952 4017 3021 ίερολογίας

2439 3045 2793 3115 ἁρπαζούσης
2820 3046 3018 3108 αὐτοὺς
3046 3048 3127 3108 είς
3162 3043 3495 3115 ἐλευθερίαν.
3522 3043 3741 3114 Ταύτην
3772 3046 3885 3113 γὰρ
3920 3046 4023 3113 τὴν

2439 3139 2671 3209 ὑποψίαν
2720 3138 2927 3191 ἀνεῖλεν
2959 3138 2988 3189 6
3009 3138 3253 3205 ἀοίδιμος
3277 3136 3528 3207 βασιλεὺς
3573 3134 3741 3205 κῦρος
3778 3136 4023 3198 ’Δλέξιος

772 3202 894 3215 _,_,
1139 3202 1257 3207 η---
1574 3202 1781 3208 _-----_
1846 3202 2182 3225 --,-.-_-._-.-.,
2236 3202 2331 3225 Ἰν-.

770 3243 1058 3314 mancipiis
1116 3245 1232 3299 suis
1289 3245 1581 3308 excidant,
1647 3261 1711 3299 ac
1773 3246 1817 3298 si
1880 3249 2168 3316 conceptio
2202 3263 2332 3316 pre-

2441 3230 2527 3284 διὰ
2556 3202 2778 3299 νεαρᾶς,
2812 3228 2880 3299 ἢν
2906 3228 3002 3280 καὶ
3031 3227 3089 3279 αἱ
3125 3202 3413 3295 ὲκκλῆσίαι
3440 3202 3713 3289 ἐδέξαντο.
3757 3226 3870 3279 Καὶ
3912 3226 4022 3277 λοι-

768 3347 893 3387 cum
950 3350 1232 3389 sacrarum
1278 3351 1371 3390 eos
1404 3338 1454 3389 iu
1511 3338 1814 3389 libertatem
1864 3336 2339 3407 raperet.Quippe

770 3433 981 3480 metum
1044 3426 1190 3481 hunc
1224 3429 1304 3482 eis
1339 3429 1567 3482 abstulit
1613 3429 1854 3498 inclytus
1890 3429 2189 3497 imperator
2224 3430 2336 3493 ille,

770 3514 1031 3571 dominus
1082 3516 1305 3572 Alexius
1328 3532 1423 3587 per
1484 3518 1758 3572 novellam
1803 3518 1871 3572 ab
1918 3518 2179 3571 Ecclesiis
2244 3532 2339 3584 ap-

770 3604 1077 3678 probatum.
1106 3604 1339 3676 Ideoque
1394 3623 1463 3662 ne
1489 3608 1633 3662 servi
1672 3617 2004 3671 scortantur,
2061 3617 2338 3677 receptum

770 3703 875 3757 est,
937 3704 994 3748 ut
1043 3696 1424 3752 benedictione
1464 3713 1621 3753 sacra
1652 3713 1901 3767 personat
1925 3699 2148 3753 serviles
2173 3713 2343 3768 copu-

774 3782 969 3847 lentur,
1026 3799 1089 3837 ac
1153 3786 1509 3841 nihilominus
1566 3789 1813 3840 servituti
1856 3789 1965 3840 sint
2033 3786 2334 3841 obnoxiae:

774 3891 955 3944 neque
1012 3876 1215 3929 domini
1257 3892 1479 3931 causam
1541 3878 1705 3931 ullam
1767 3878 1989 3944 habent,
2045 3882 2340 3949 quominus

770 3982 959 4020 servus
1034 3982 1165 4023 sues
1213 3969 1453 4037 legitime
1511 3985 1634 4025 cum
1690 3972 1906 4026 ancillis
1945 3973 2232 4035 uxoribus,
2288 3980 2340 4026 ct

769 4058 1002 4111 ancillas
1044 4072 1167 4112 cum
1222 4061 1397 4115 servis
1450 4062 1687 4123 maritis,
1749 4062 2145 4119 interveniente
2182 4080 2340 4119 sacra

769 4147 1171 4211 benedictione,
1209 4151 1465 4219 copulent
1488 4167 1501 4204 :
1526 4151 1793 4221 adeoque,
1822 4153 1876 4205 ni
1910 4153 2130 4218 faciant,
2164 4156 2340 4224 pueuis

769 4240 1055 4293 canonicis
1089 4240 1311 4296 obnoxii
1347 4250 1495 4307 sunt,
1567 4244 1820 4298 videlicet
1866 4247 2339 4314 segregationibus

769 4340 821 4380 et
882 4331 1291 4386 exclusionibns
1354 4348 1385 4386 a
1446 4336 1832 4389 communione
1906 4350 2085 4387 sacra.
2128 4334 2340 4389 Talium

770 4434 991 4487 quaque
1062 4435 1420 4488 personarum
1481 4423 1792 4479 oblationes
1856 4426 2182 4495 recipienda1
2233 4442 2338 4480 non

2434 3322 2542 3381 1:6v
2574 3322 2661 3373 ἵνα
2696 3320 2772 3391 μὴ
2805 3319 3142 3390 πορνεύωσιν
3166 3318 3218 3371 οἱ
3246 3318 3444 3384 δοῦλοι,
3478 3317 3676 3387 ἐδέχθη
3710 3318 3774 3370 τὺ
3813 3318 4023 3388 ἱερολο-

2442 3414 2655 3481 γεῖσθαι
2719 3413 2792 3464 τὰ
2842 3411 3065 3466 δουλικά
3117 3412 3423 3481 πρόσωπα,
3472 3414 3564 3463 καὶ
3619 3411 3807 3480 μένειν
3858 3410 4023 3462 πάλιν

2442 3506 2549 3558 ὑπὸ
2573 3508 2671 3576 τὴν
2702 3504 2970 3558 δουλείαν.
3003 3504 3116 3557 Καὶ
3143 3503 3400 3572 οὐδεμίαν
3436 3502 3650 3573 ἔχουσιν
3675 3503 3724 3554 oi
3756 3502 4019 3553 δεσπόται

2442 3599 2714 3669 πρόφασιν
2743 3601 2823 3661 εις
2865 3597 2927 3650 τὸ
2972 3596 3047 3668 μὴ
3076 3596 3425 3664 συζευγνύειν
3462 3596 3590 3657 τοὺς
3624 3594 3864 3657 οἰκείους
3894 3593 4016 3646 60°3-

2441 3690 2568 3750 λους
2598 3689 2843 3759 νομίμως
2869 3690 2989 3751 ταῖς
3018 3687 3234 3750 δούλαις
3257 3687 3496 3755 γυναιξὶ,
3520 3685 3616 3738 καὶ
3637 3686 3739 3748 τάς
3765 3685 4021 3746 δουλίδας

2442 3782 2665 3850 ἀνδράσι
2709 3781 2918 3842 δούλοις
2972 3780 3113 3847 μετά
3167 3779 3490 3850 ίερολογίας.
3527 3780 3636 3830 Καὶ
3672 3780 3723 3830 εἰ
3757 3777 3834 3847 μὴ
3862 3776 4026 3829 τοῦτο

2442 3873 2711 3935 ποιοῦσιν,
2743 3871 3033 3924 ὑπεύθυνοί
3062 3873 3168 3924 εἱσι
3192 3874 3305 3933 τοῖς
3337 3872 3651 3933 κανονικοῖς
3689 3871 4020 3940 ἐπιτιμίοις,

2443 3964 2609 4032 ἤγουν
2640 3965 2965 4033 ἀφορισμοῖς
3002 3964 3096 4015 καὶ
3135 3962 3575 4031 ἀκοινωνησίαις.
3603 3960 3724 4014 Τῶν
3755 3962 3815 4014 δὲ
3845 3962 4025 4013 τοιού-

2440 4072 2570 4118 των,
2600 4054 2720 4106 ούδὲ
2750 4057 2805 4107 αἱ
2835 4056 3146 4125 προσφοραὶ
3198 4055 3407 4119 δεκταὶ,
3432 4054 3538 4117 ἕως
3575 4053 3640 4107 ἀν
3673 4054 4023 4124 capacem».

2440 4164 2552 4200 ται.
2618 4145 2780 4198 Ἀ).λά
2827 4145 2923 4198 καὶ
2978 4147 3027 4197 οἱ
3074 4145 3546 4214 ἐπιτετραμμένοι
3610 4146 3900 4214 ἐπιτηρεῖν
3953 4146 4024 4196 si

2441 4239 2665 4290 τοιαῦτα
2706 4238 2803 4288 καὶ
2836 4236 3043 4306 διορᾷν,
3066 4240 3115 4289 εἱ
3148 4237 3223 4305 μὴ
3252 4235 3410 4288 τοῦτο
3455 4234 3690 4299 ποιοῦσι,
3724 4238 3821 4287 καὶ
3868 4238 4025 4289 αὑτοὶ

2440 4331 2550 4391 τοῖς
2583 4328 2746 4396 ἱεροῖς
2790 4328 3007 4379 κανόσιν
3061 4326 3355 4379 ὑπεύθυνοι
3399 4326 3661 4394 γίνονται.
3701 4327 3763 4377 Εἰ
3826 4326 3883 4378 δέ
3938 4344 3967 4378 τ
3998 4345 4022 4387 ς

2442 4421 2666 4488 εὐπορεῖ
2712 4419 2830 4480 ἑνὸς
2881 4418 3069 4470 δούλου
3121 4417 3153 4487 ἢ
3201 4417 3477 4481 δουλίδος,
3519 4418 3715 4487 ἀπορεῖ
3744 4417 3801 4469 δὲ
3833 4419 4023 4488 ἓτερεν

768 4527 913 4579 sunt,
963 4513 1137 4567 donec
1198 4517 1571 4583 corrigantur.
1635 4515 1778 4583 Quin
1829 4520 1991 4573 etiam
2029 4521 2086 4585 ii,
2137 4521 2337 4590 quibus

2445 4508 2745 4579 κτήσασθαι
2773 4508 2909 4577 πρὸς
2959 4507 3021 4559 τὸ
3088 4506 3343 4571 συζεῦξαι
3384 4507 3683 4567 αὑτὸν,καὶ
3737 4507 3827 4559 διὰ
3860 4507 4020 4558 τοῦτο

768 4620 850 4662 est
880 4610 1258 4669 commissum,
1287 4614 1343 4659 ut
1397 4606 1587 4661 isthaac
1613 4611 1905 4663 observent
1937 4618 1990 4664 et
2016 4611 2331 4680 iuspieiant,

767 4700 873 4753 nisi
912 4699 1113 4752 faciant
1165 4697 1420 4760 oﬂicium,
1494 4712 1668 4766 pinna:
1729 4713 2012 4755 sacrorum
2065 4716 2335 4755 canonum

769 4806 890 4845 sese
928 4789 1160 4843 reddunt
1219 4783 1517 4843 obnoxios.
1560 4789 1713 4855 Quod
1778 4792 1824 4845 si
1860 4792 1983 4860 quis
2013 4808 2181 4846 unum
2215 4809 2333 4848 ser-

768 4898 918 4943 \‘Ittu,
987 4882 1071 4935 vcl
1129 4895 1290 4934 unam
1370 4880 1625 4933 ancillam
1686 4882 1948 4949 possidet,
2012 4891 2066 4937 et
2115 4896 2339 4954 propter

771 4970 1006 5039 inopiam
1039 4983 1365 5039 comparare
1418 4971 1607 5039 nequit
1665 4970 1917 5035 alterum,
1953 4973 2034 5025 vel
2082 4974 2329 5039 alteram,

768 5078 957 5116 eorum
1032 5060 1463 5130 copulandorum
1511 5076 1714 5126 causa,
1761 5062 1991 5130 ideoque
2051 5063 2333 5119 scortandi

770 5155 1041 5209 licentiam
1074 5153 1331 5207 concedit
1364 5154 1437 5217 ei,
1472 5169 1633 5222 quem
1667 5167 1902 5222 quamve
1942 5168 2041 5207 sua
2084 5154 2137 5206 in
2178 5164 2334 5222 pote-

767 5256 906 5300 state
936 5246 1096 5299 habet
1126 5261 1139 5297 :
1173 5245 1220 5299 is
1278 5246 1436 5309 sciat,
1495 5245 1698 5299 idcirco
1765 5259 1824 5300 se
1877 5260 1984 5299 non
2018 5245 2236 5299 liberari
2269 5248 2336 5302 ab

766 5335 1141 5391 ecclesiastica
1168 5342 1221 5389 et
1272 5338 1532 5390 canonica
1583 5350 1741 5404 pmna
1777 5352 1791 5389 :

2442 4602 2693 4673 ἀνέχεται
2726 4600 3009 4671 πορνεύειν
3032 4598 3090 4652 δν
3123 4600 3255 4668 ἔχει,
3279 4599 3311 4669 ἢ
3333 4599 3400 4669 ῆν
3428 4599 3565 4667 ἔχει,
3596 4599 3701 4650 ὑπὸ
3738 4605 3837 4669 τὴν
3884 4599 4022 4652 ἰδίαν

2444 4691 2714 4756 ἐξουσίαν,
2748 4692 2881 4744 ἴστω
2907 4691 2983 4754 ὼς
3006 4690 3164 4743 τοῦτο
3211 4691 3314 4742 οὑκ
3362 4689 3620 4742 ἐκϐάλλει
3673 4691 3873 4751 αὑτοὺς
3920 4693 4021 4758 τῆς

2442 4785 2898 4853 ὲκκλησιαστικῆς
2931 4784 3023 4837 καὶ
3040 4784 3327 4851 κανονικῆς
3354 4783 3727 4851 ἐπιτιμήσεως
3755 4798 3769 4811 ·
3798 4784 3901 4834 ἀὶά
3926 4784 4021 4834 καὶ

2442 4877 2604 4940 αὑτὸς
2640 4876 2909 4937 παντοίως
2932 4878 3243 4928 ἀπαιτεῖται
3271 4868 3481 4938 δίδάξιι
3534 4874 3624 4925 τὸν
3645 4875 3847 4925 οἰκεῖον
3876 4876 4023 4927 οἱκὲ·

2444 4986 2544 5038 την
2576 4970 2897 5037 σωφρονεῖν,
2923 4965 2956 5036 ἦ
2980 4966 3269 5019 κωλύσει⁶¹
3323 4966 3423 5034 τὴν
3476 4965 3736 5033 πορνείαν
3782 4965 3871 5018 διὰ
3898 4969 4025 5035 τρε.

2442 5078 2544 5115 που
2580 5059 2802 5123 παντὸς,
2843 5058 3006 5127 γάμῳ
3036 5056 3388 5126 ὁπωσδήποτε
3446 5054 3709 5119 συζεύξας
3762 5056 3823 5107 τ’)
3881 5073 4022 5125 πορ-

2443 5153 2596 5207 νεῦον
2628 5153 2942 5221 πρόσωπον,
2972 5150 3067 5202 καὶ
3098 5149 3270 5212 οὕτως
3320 5147 3475 5201 ἔσται
3499 5148 3813 5211 ἀνεύθυνος.
3868 5148 4021 5217 Μηνὶ

2445 5244 2823 5315 Σεπτεμϐρίῳ,
2848 5243 3222 5312 ὲπινεμήσεως
3250 5248 3341 5295 ια’.

1843 5336 1937 5391 sed
1994 5337 2219 5391 oumino
2268 5339 2338 5393 ab
2374 5339 2494 5408 ipso
2557 5336 2875 5405 requiritur,
2941 5341 3002 5386 ut
3084 5339 3332 5386 servum‘
3372 5348 3532 5387 suum
3585 5330 3653 5385 ad
3706 5331 4020 5385 castitatem

766 5426 1199 5493 condocefaciat,
1238 5430 1320 5482 vel
1361 5430 1509 5483 omni
1553 5431 1713 5484 modo
1736 5432 2127 5486 scortatiouem
2193 5435 2494 5503 impediat;
2563 5445 2823 5502 persona,
2898 5442 3022 5498 quae
3077 5428 3178 5481 hac
3230 5442 3290 5481 se
3361 5428 3590 5497 polluit,
3648 5426 3718 5480 ad
3775 5424 4021 5494 conjugii

767 5520 935 5587 legem
972 5520 1216 5574 astricta.
1241 5520 1331 5574 Sic
1356 5523 1500 5576 enim
1528 5523 1701 5591 culpa:
1736 5539 1936 5593 expers
1967 5526 2089 5579 erit.
2134 5525 2329 5581 Datum
2370 5540 2562 5582 mense
2591 5521 2923 5593 Septembri,
2957 5520 3256 5576 indictione
3303 5536 3377 5574 xi.

836 5609 1163 5679 Subscriptio
1197 5628 1214 5665 :

938 5702 1154 5759 Nicetas
1179 5704 1581 5763 Thessalonica:
1636 5710 2106 5779 metropohtanus.

2574 5617 2612 5682 ἠ
2639 5613 2991 5683 Marenen:

2685 5708 2739 5759 '0
2752 5709 3196 5775 μητίοπολίτης
3230 5705 3685 5772 Barzaentes-£1114-
3733 5704 4016 5771 Νικήτας.

2078 5829 2303 5885 ΥᾹΙὶίέῘί
2343 5825 2738 5884 LECTIONES.

855 5920 897 5947 "’
928 5920 1126 5975 αἰτῶν.
1205 5921 1243 5952 ’³
1271 5920 1529 5976 κωλῦσαι.
