4188 6446
160 373 304 441 Ηῖθ

1452 368 2013 432 ϐΒῶΟΟ-ΒΟΜΑΝ
2026 370 2158 433 UM.

3265 368 3407 432 1180

154 482 388 553 Ειρὴνῃ
417 481 707 552 λογίζεται
740 484 772 535 o’
808 483 1128 549 Θεόδωρος,
1155 482 1292 535 οὔτε
1327 481 1448 545 τοῖς
1481 483 1551 545 ἐξ
1580 482 1736 550 ἀρχι·

1851 484 1967 533 tatis
2029 481 2191 533 ullius
2252 478 2469 533 uinculis
2542 486 2700 547 atque
2773 478 3011 533 terminis
3095 478 3412 547 ostriugttur

154 580 367 642 στείας
423 575 666 645 δεσμοῖς
697 575 794 628 καὶ
848 575 1007 643 ὅροις
1070 576 1491 643 συσφίιγγεται,
1523 572 1620 627 διὰ
1667 575 1734 628 τὸ

152 666 495 737 ὑπερϐῆναι
527 668 635 721 τὸν
673 667 743 731 ἐξ
783 667 1132 735 ἀγχιστείας
1161 666 1423 734 βιιθμόιο.

228 759 501 829 τοιαύτης
535 753 629 813 οὖν
660 759 757 829 τῆς
817 757 1104 826 συνοδικῆς
1168 757 1496 825 ἀποφάσεως
1556 758 1736 822 ἐξενε-

151 852 385 924 χθείσης
420 852 548 922 περὶ
574 848 666 903 τοῦ
709 848 1154 919 ἀνατεταγμένου
1182 850 1653 920 συναλλάγματος,
1675 852 1735 903 οὐ

151 943 545 1013 κωλυθήσεται
599 942 691 994 καὶ
725 940 754 993 δ
798 939 1073 1011 πορνικῶς
1138 940 1431 1007 συναφθεὶς
1493 943 1735 1007 γυναικὶ,

152 1036 346 1088 λαϐεῖν
391 1036 470 1096 εἰς
520 1033 755 1103 γυναῖκα
795 1032 945 1103 νόμῳ
995 1031 1175 1101 γάμου
1224 1032 1322 1103 τὴν
1348 1032 1740 1103 δισεξαδέλφην

153 1128 334 1195 αὐτῆς
358 1143 371 1156 ·
397 1127 479 1179 ὅτι
510 1124 644 1195 μηδὲ
678 1126 856 1195 γάμον
886 1121 1026 1178 εἶναι
1046 1126 1147 1193 τὴν
1173 1125 1453 1194 πορνείαν,
1480 1126 1615 1196 μηδὲ
1638 1126 1739 1193 γά-

156 1236 267 1287 μου
328 1217 521 1287 ἀρχὴν.
561 1220 589 1271 ὁ
651 1218 826 1286 μέγας
874 1216 1219 1286 γνωματεύει
1268 1217 1572 1281 Βασίλειος,
1624 1217 1738 1270 ἀλλ’

153 1311 470 1378 ἁμάρτημα
504 1307 803 1377 ἐπιτιμίοις
831 1306 1311 1374 ἔκκλησιαστικοῖς
1334 1308 1693 1375 ὑποκείμενον
1722 1327 1735 1339 ·

154 1405 257 1455 καὶ
282 1403 365 1455 ὅτι
424 1402 504 1463 είς
549 1400 644 1453 τὸν
693 1399 752 1465 ἐξ
799 1398 1119 1470 ἀγχιστείας
1152 1398 1382 1469 ἕϐδομον
1408 1401 1469 1452 τὸ
1498 1400 1741 1453 τοιοῦτον

156 1493 519 1562 συνάλλαγμα
547 1491 921 1562 περιίσταται,
951 1490 1045 1543 καὶ
1074 1490 1132 1553 ὃς
1152 1491 1215 1555 δὴ
1244 1491 1306 1544 ἐκ
1331 1491 1614 1561 τεσσάρων
1649 1495 1743 1546 καὶ

151 1584 356 1655 ιιιριῶν.
406 1583 653 1652 δηλονότι
701 1581 1170 1652 πρωτεξαδέλφων
1203 1583 1300 1651 μὲν
1332 1582 1391 1649 ἐξ
1421 1584 1612 1652 ἑτέρου
1648 1584 1741 1650 γέ-

158 1693 317 1739 νους,
356 1674 507 1736 θείας
530 1674 590 1727 δὲ
624 1674 720 1727 καὶ
758 1674 987 1743 ἀνεψιᾶς
1015 1672 1073 1739 ἑξ
1098 1675 1283 1744 ἐτέρου
1306 1691 1318 1703 ·
1357 1674 1452 1727 καὶ
1482 1677 1546 1728 ἐκ
1578 1677 1740 1728 πέντε

152 1767 399 1831 καὶδύο,
432 1766 599 1837 ἤγουν
660 1764 877 1834 πρώτου
943 1765 1233 1834 ὲξαδὲλφου
1281 1768 1376 1819 καὶ
1423 1767 1649 1837 ἀνεψιοῦ
1676 1770 1742 1821 ὲκ

154 1858 635 1927 πρωτεξαδέλφου,
652 1858 746 1911 καὶ
774 1857 868 1911 δύο
890 1858 1263 1927 αὐταδέλφων,
1289 1860 1383 1912 καὶ
1412 1859 1737 1924 ἀκολούθως,

154 1948 271 2001 ἀπὺ
291 1947 353 2012 ἒξ
380 1948 473 2000 καὶ
492 1948 813 2019 ἑνὸς,ἧγουν
840 1948 1253 2018 δισεξαδέλφων,
1278 1950 1482 2003 καὶτοῦ
1512 1952 1739 2015 ταύταις

155 2038 220 2104 ιε
251 2038 445 2110 ἑτέρου
498 2040 687 2106 γένους
744 2041 1181 2109 συναπτομὲνου,
1233 2042 1581 2096 συνίστασθαι
1646 2044 1742 2096 πέ-

156 2148 338 2199 φυκε·
373 2132 469 2185 καὶ
490 2131 551 2185 τὸ
598 2131 781 2196 πλέον,
813 2133 897 2185 ὅτι
946 2132 1068 2186 οὐδὲ
1115 2135 1227 2196 τοῖς
1267 2134 1741 2205 ἀπηγορευμένοις

155 2224 237 2286 ὡς
269 2223 550 2293 ἀθεμίτοις
597 2224 967 2287 συντάττεται,
1014 2223 1154 2277 κατά
1180 2224 1279 2296 τὴν
1314 2226 1410 2279 τοῦ
1455 2228 1745 2295 ἀναπεσωο

162 2315 407 2384 τετιμένον
438 2314 511 2367 ντῖ
537 2314 759 2377 κανόνος
779 2314 878 2383 τῆς
902 2315 1290 2385 οἰκουμενικῆς
1318 2317 1484 2387 ἕκτης
1516 2319 1736 2373 συνόδου

158 2403 480 2476 περίληψιν.
512 2406 608 2458 Διά
636 2420 699 2471 γε
736 2403 842 2474 μὴν
875 2404 972 2473 τὴν
1011 2405 1290 2473 πορνείαν,
1318 2406 1524 2473 ὀφείλει
1557 2410 1585 2460 ὀ
1611 2408 1740 2476 περὶ

154 2490 222 2550 οὗ
248 2499 278 2549 ὁ
307 2495 460 2563 λόγος
497 2495 660 2563 ἀνὴρ,
686 2492 753 2545 δι’
784 2493 960 2562 ἔργων
997 2495 1189 2548 ἑαυτὸν
1219 2495 1478 2564 καθᾶραι,
1522 2497 1621 2552 τῶν
1648 2500 1740 2553 δυ-

155 2588 418 2656 ναμένων
439 2585 779 2651 ὲξιλεοῦσθαι
805 2584 899 2639 τὸν
927 2588 1052 2648 τοὺς
1090 2589 1487 2655 μετανοοῦντας
1514 2590 1742 2660 δεχόμε-

158 2698 276 2743 νον,
310 2680 406 2733 καὶ
444 2681 538 2731 ἐπὶ
560 2678 783 2740 κακίαις
847 2677 1152 2749 ἀνθρώπων
1189 2680 1573 2748 μετανοούνται
1609 2685 1745 2752 φιλ-ε

158 2770 263 2825 ἀνθ
271 2785 457 2839 ρωπον
488 2768 713 2838 Κύριον.

1838 583 2111 641 propterea
2183 576 2319 640 quod
2396 582 2549 626 extra
2624 572 2849 641 gradum
2924 574 3198 643 aﬂim’tatis
3270 576 3414 627 eosi-

1839 677 1922 718 tus
1974 667 2065 717 sit.

1909 753 2057 811 Talis
2112 771 2243 827 ergo
2301 756 2571 811 sententia
2620 756 2814 827 synodi
2874 771 2997 811 cum
3057 759 3414 827 pronuntiata

1840 850 1913 902 sit
1936 849 1999 902 de
2023 856 2312 903 contractu
2341 861 2508 916 supra
2534 858 2987 912 commemorato,
3017 864 3126 905 non
3152 850 3417 918 impedie-

1842 948 1930 992 tur
1963 938 2011 994 is
2040 940 2231 1006 etiam,
2266 939 2360 1009 qui
2399 938 2599 993 furtiva
2633 954 2758 995 cum
2790 940 2972 1009 aliqua
3023 941 3249 995 muliere
3281 956 3417 994 con-

1841 1028 2187 1085 suetudinem
2270 1031 2497 1093 habuit,
2561 1031 2857 1100 quominus
2946 1031 3224 1087 sobrinam
3296 1032 3418 1100 ejus

1844 1122 2103 1191 legitimis
2138 1123 2349 1191 nuptiis
2386 1136 2613 1176 uxorem
2667 1122 2873 1177 ducat:
2916 1132 3029 1177 tum
3062 1124 3211 1195 quod
3264 1138 3422 1179 scor.

1842 1218 2101 1272 tationem
2139 1231 2369 1285 magnus
2413 1215 2503 1268 ille
2540 1213 2772 1269 Basilius
2820 1228 2923 1268 nec
2951 1229 3075 1269 esse
3127 1218 3420 1272 matrimo-

1844 1311 2016 1375 nium,
2097 1323 2198 1364 nec
2267 1307 2483 1361 initium
2544 1308 2916 1373 matrimonii;
2976 1309 3071 1363 sed
3134 1320 3419 1377 peceatum

1845 1401 2023 1469 poenis
2092 1399 2484 1455 ecclesiasticis
2530 1399 2852 1465 obnoxium,
2906 1404 3165 1455 decernat
3230 1420 3244 1456 :
3303 1417 3420 1456 tum

1843 1489 1989 1557 quod
2046 1488 2316 1557 ejusmodi
2349 1497 2666 1544 contractus
2703 1490 2755 1543 in
2793 1492 3021 1558 gradum
3056 1506 3121 1545 ex
3159 1491 3423 1546 afﬁnitate

1844 1581 2135 1649 septimum
2168 1580 2402 1645 desinat,
2451 1582 2596 1636 sicut
2619 1582 2754 1636 illud
2798 1584 3419 1650 etiammatrimoninm,

1845 1672 1991 1741 quod
2028 1673 2280 1727 contrahi
2321 1673 2465 1728 solet
2521 1689 2589 1728 ex
2628 1673 2893 1743 gradibus
2946 1682 3188 1743 quatuor
3222 1686 3277 1730 et
3309 1676 3417 1729 tri-

1848 1765 1947 1821 bus
1980 1765 2239 1819 nimirum
2277 1766 2627 1820 consobrinis
2649 1781 2716 1819 ex
2747 1782 2857 1820 uno
2879 1782 3101 1836 genere,
3156 1784 3221 1820 ex
3248 1769 3423 1822 altero

1849 1857 2017 1911 amita
2093 1857 2391 1925 fratrisque
2447 1857 2603 1923 ﬁlia;
2656 1866 2711 1913 et
2754 1862 2898 1927 quod
2954 1876 3020 1913 ex
3070 1861 3312 1929 quinque
3360 1874 3427 1914 ac

1848 1950 2086 2012 duobus,
2157 1948 2209 2002 id
2265 1958 2349 2003 est
2411 1949 2742 2004 consobrino
2797 1965 2861 2003 ac
2912 1952 3228 2005 consobrini
3290 1951 3424 2013 filio,

1850 2038 2177 2108 duobusque
2206 2040 2487 2109 germanis
2528 2039 2795 2095 fratribus
2822 2049 2877 2095 et
2933 2042 3097 2095 simili
3140 2041 3323 2106 modo,
3358 2044 3428 2095 de

1849 2147 1943 2189 sex
1968 2141 2202 2198 etnno;
2246 2131 2486 2185 sobrinis
2540 2130 2752 2186 scilicet
2778 2140 2832 2186 et
2888 2147 2975 2198 eo,
3034 2133 3125 2202 qui
3181 2148 3304 2187 eum
3342 2134 3428 2188 his

1850 2240 1917 2278 ex
1961 2224 2070 2278 alio
2122 2237 2322 2291 genere
2384 2221 2717 2290 copulatur:
2757 2232 2867 2276 tum
2924 2223 3184 2293 denique,
3253 2224 3429 2295 magis

1843 2315 2009 2370 etiam
2072 2323 2358 2383 propterea
2419 2314 2567 2383 quod
2620 2315 2764 2369 inter
2826 2317 3081 2384 conjugia
3124 2316 3424 2387 prohibita,

1843 2417 2100 2476 tanquam
2138 2407 2350 2479 illicita,
2388 2407 2689 2461 secundum
2716 2407 2790 2472 id,
2820 2409 2969 2477 quod
3004 2412 3234 2469 recitato
3252 2431 3424 2487 supra

1845 2499 2304 2570 quinquagesimo
2328 2508 2526 2569 quarto
2542 2500 2875 2557 universalis
2907 2512 3077 2559 sextae
3109 2509 3302 2577 synodi
3330 2525 3430 2563 ca-

1846 2608 1991 2648 none
2026 2592 2362 2654 continetur,
2394 2608 2502 2646 non
2537 2594 2833 2650 referatur.
2896 2594 3267 2655 Scortationis
3292 2604 3420 2673 qui-

1852 2684 1975 2739 dem
2024 2683 2336 2737 commissa:
2374 2697 2537 2738 causa
2566 2683 2727 2738 debet
2773 2685 2842 2747 is,
2874 2686 2942 2741 de
2975 2703 3086 2757 quo
3120 2689 3427 2760 loquimur,

1869 2776 2028 2831 factis
2074 2774 2347 2845 ejusmodi
2384 2789 2442 2830 se
2474 2791 2746 2845 purgare;
2778 2793 2897 2847 qua:
2942 2779 3235 2850 benignum
3273 2784 3428 2837 illum

166 2862 503 2927 Dominum,
538 2860 629 2930 qui
670 2860 1048 2931 paenitentiam
1081 2870 1303 2930 agentes
1333 2864 1547 2935 recipit,
1599 2876 1653 2923 et
1701 2870 1772 2925 ob
1816 2870 2129 2926 mortalium
2159 2868 2485 2923 aﬂlictiones
2545 2860 2706 2921 aliam
2742 2870 2859 2938 ipse
2906 2879 3144 2927 mentem
3227 2874 3425 2937 induit,

160 2960 389 3029 placare
420 2958 654 3027 possint.

626 3070 859 3126 ΤΟΜΟΣ
894 3072 1276 3138 ΕΞΙΤΗΡῘΟΣ,

2207 3078 2544 3134 LIBELLUS
2568 3078 3065 3147 ABDICATIONIS,

165 3188 333 3269 Ἥξει
369 3186 730 3269 παραίτησις
784 3184 892 3265 τοῦ
904 3185 1249 3269 Λάγιιωτάτου
1300 3190 1745 3269 ιίητρρπολίτσυ

1856 3192 1977 3249 Sive
2013 3193 2353 3269 renuntiatio-
2372 3193 2699 3269 sanctissimi
2729 3191 3102 3269 ﬂerocliensis
3125 3202 3428 3269 metropm'i-

231 3256 623 3379 :lﬂpauslac,
670 3256 856 3321 xvme
897 3255 1199 3322 Θεοδώρου
1258 3256 1363 3310 τοῦ
1417 3261 1744 3326 Κριτοπού-

279 3344 375 3379 ου.

279 3344 375 3379 ου.

234 3416 635 3485 Παναγιώτατέ
680 3432 784 3485 μου
840 3415 1096 3478 δέσποτα,
1139 3416 1376 3471 αὖθὲντα
1431 3421 1525 3474 καὶ
1562 3422 1745 3474 οἰκου-

166 3508 361 3579 μενικὲ
394 3506 731 3576 πατριάρχα,
773 3506 868 3557 καὶ
919 3506 1098 3574 ὑμεῖς,
1133 3506 1277 3573 ἅγιοι
1316 3524 1417 3577 μου
1464 3510 1745 3575 δεσπόται,

164 3598 413 3666 ἀδελφοὶ,
442 3597 536 3649 καὶ
560 3594 965 3665 συλλειτουργοί
987 3612 1001 3627 ο
1044 3596 1192 3660 ὅπως
1226 3598 1325 3667 μὲν
1362 3599 1644 3671 ύπετάγην
1671 3602 1747 3671 τῷ

167 3689 485 3749 καλέσαντι,
547 3688 643 3738 καὶ
709 3685 966 3754 ὑπέκυψα
1011 3686 1103 3740 τὸν
1128 3690 1330 3757 αὐχένα
1354 3690 1430 3759 τῷ
1470 3689 1620 3760 ζυγῷ
1654 3692 1745 3745 τοῦ

168 3778 536 3847 Εὐαγγελίου,
564 3779 675 3829 είτε
704 3776 764 3841 ἐξ
791 3775 1047 3847 ἀπειρίας
1073 3778 1295 3841 ἔπαθον,
1319 3781 1427 3831 εἴτε
1454 3781 1512 3843 ἐξ
1538 3781 1747 3851 ἀνθρω-

172 3873 335 3942 πίνης
371 3870 603 3940 δρέξεως
634 3870 734 3921 οὑκ
755 3868 863 3937 ἔχω
890 3870 1095 3922 είπεῖν⁶
1130 3870 1267 3933 τέως
1310 3870 1355 3923 δ’
1399 3868 1513 3934 οὖν,
1545 3872 1749 3926 ἔπαθόν

169 3984 220 4019 τι
248 3963 578 4034 ἐπισφαλές.
622 3962 776 4014 Ἐπεὶ
806 3961 861 4012 δὲ
898 3961 967 4013 τὰ
1018 3963 1143 4013 κατ’
1177 3961 1275 4030 ἐμὲ
1310 3962 1595 4029 κατολίγον
1631 3964 1750 4016 ὲπι-

171 4057 564 4124 σκεπτόμενος,
631 4050 898 4123 ἐθεώρουν
929 4051 989 4104 τὸ
1018 4051 1149 4119 ἐμὸν
1208 4052 1507 4121 χαμερπὲς,
1546 4055 1637 4105 καὶ
1690 4055 1749 4106 τὸ

171 4150 303 4218 ὕψος
336 4147 429 4200 τοῦ
467 4143 799 4213 ἀξιώματος,
831 4141 1091 4195 τοσοῦτον
1128 4142 1221 4193 ἀπ’
1253 4142 1501 4211 ἀλλήλων
1528 4143 1749 4213 διεστη-

168 4241 328 4297 κότα.
370 4238 495 4289 ὅσον
537 4237 565 4286 ὁ
590 4235 816 4304 οὐρανὸς
846 4233 940 4285 καὶ
968 4233 1000 4301 ὴ
1026 4232 1121 4301 γῆ,
1156 4232 1468 4302 ἀφροσύνην
1512 4232 1749 4301 ἐμαυτοῦ

168 4329 596 4395 κατεγίνωσκον,
643 4326 758 4387 καὶ,
793 4324 891 4386 Τίς
926 4323 1201 4383 κοινωνία,
1237 4322 1480 4384 ἐλάλουν,
1517 4325 1638 4390 ἐμοὶ
1669 4324 1748 4393 τῷ

174 4421 477 4490 περιπεζίῳ
530 4418 625 4471 καὶ
676 4420 741 4485 τῇ
795 4414 1039 4484 ἀγχιθὲῳ
1076 4416 1351 4485 ἱερατεέᾳ;
1391 4416 1517 4467 Ὅτε
1574 4416 1751 4469 δὲκαὶ

2142 3264 2277 3327 tani,
2320 3261 2531 3315 Domini
2565 3262 2824 3317 Theodori
2857 3264 3147 3334 Critopufi.

1928 3418 2288 3475 Sanetissime
2312 3419 2383 3472 mi
2418 3419 2568 3481 here,
2605 3418 2845 3478 domine.
2874 3434 2938 3473 ac
2972 3421 3303 3478 universalis
3334 3441 3430 3495 pa-

1858 3510 2119 3573 triarcha,
2153 3523 2383 3578 vosque,
2408 3509 2586 3563 sancti
2616 3507 2845 3573 domini,
2884 3511 3081 3567 fratres
3119 3521 3173 3568 et
3206 3530 3432 3569 consor-

1858 3605 1941 3653 tes
1989 3598 2043 3651 in
2102 3597 2406 3652 ministerio
2448 3596 2553 3651 mei
2581 3616 2594 3649 :
2622 3614 2733 3667 quo
2762 3599 3013 3669 equidem
3067 3602 3227 3655 modo
3268 3619 3434 3657 voca-

1859 3687 2028 3742 tionis
2062 3689 2273 3742 a'rctori
2320 3702 2407 3742 me
2450 3688 2823 3754 submiserirn,
2878 3701 2933 3743 et
2979 3688 3258 3761 Evangelii
3298 3694 3433 3764 jugo

1856 3777 2125 3833 cervicem
2167 3777 2507 3833 subdiderim
2543 3819 2556 3844 ,
2590 3796 2655 3835 ex
2694 3780 2965 3850 imperitia
2996 3798 3082 3846 ne,
3106 3798 3174 3837 an
3194 3783 3433 3839 humana

1858 3868 2168 3938 cupiditate
2210 3868 2471 3935 quadam,
2507 3870 2556 3921 id
2593 3870 2853 3925 acciderit
2887 3872 3041 3931 mihi,
3091 3888 3222 3926 sane
3252 3875 3434 3929 dicere

1858 3974 1963 4011 non
1993 3972 2217 4026 possum
2252 3973 2266 4010 :
2294 3958 2485 4011 saltem
2514 3958 2615 4011 hoc
2640 3958 2834 4023 fateor,
2866 3960 3132 4015 accidisse
3155 3962 3288 4015 mihi
3319 3978 3431 4016 rem

1860 4049 2087 4117 periculi
2129 4047 2369 4115 plenam.
2418 4047 2777 4116 Posteaquam
2837 4064 2967 4103 vero
3022 4050 3283 4118 paulatim
3320 4068 3433 4106 me-

1859 4142 2034 4206 ipsum
2066 4139 2447 4200 considerans,
2474 4148 2528 4192 et
2553 4139 2914 4192 humilitatem
2948 4155 3121 4193 meam
3172 4150 3228 4195 et
3262 4140 3425 4195 oflicit

1856 4231 2174 4301 dignitatem
2228 4229 2605 4297 inspiciebarn,
2664 4238 2874 4282 tantmn
2905 4245 2934 4283 a
2966 4247 3024 4285 se
3060 4232 3289 4287 invicem
3347 4236 3435 4286 dio

1858 4321 2085 4383 stantia,
2132 4328 2397 4390 quantmn
2439 4321 2638 4373 malum
2675 4329 2728 4372 et
2757 4327 2899 4373 terra
2943 4340 2956 4374 :
2991 4323 3258 4391 meipsum
3290 4328 3430 4377 stul-

1861 4414 1987 4467 titize
2006 4413 2583 4477 damnans:Qua:nam
2607 4428 2726 4467 esse
2758 4416 2948 4481 possit,
2976 4414 3219 4483 inquam,
3252 4418 3436 4470 socie-

170 4514 262 4567 τὸν
292 4514 418 4580 ὅρον
449 4509 543 4563 τοῦ
604 4507 839 4576 μεγάλου
898 4504 1113 4557 Παύλου
1161 4506 1252 4557 ἐπὶ
1286 4506 1551 4575 στόματος
1580 4503 1745 4578 εἶχον,

1861 4516 1942 4559 tas
1974 4507 2118 4559 inter
2151 4522 2234 4559 me
2282 4506 2433 4558 humi
2491 4505 2737 4568 affixam,
2782 4515 2834 4560 et
2865 4510 3131 4561 accedens
3163 4523 3331 4578 prope
3360 4516 3426 4566 ad

167 4605 259 4657 τὸν
283 4600 658 4654 εἰδοποιοῦντα
697 4600 755 4651 τὸ
808 4596 903 4650 τοῦ
936 4597 1239 4667 ἀρχιερέως
1301 4598 1599 4667 μόρφωμα,
1653 4598 1750 4652 καὶ

170 4696 510 4765 ἀνελεγὸμην
557 4693 748 4746 τούτου
786 4692 853 4743 τὰ
882 4692 1187 4761 χρώματα·
1236 4692 1296 4743 τὸ
1327 4693 1495 4758 ὅσιον,
1521 4692 1583 4746 τὸ
1614 4693 1746 4747 ἄκα-

171 4807 289 4852 κον,
321 4789 382 4840 τὸ
410 4786 674 4856 ἀμίαντον
698 4800 710 4812 ·
740 4784 834 4835 καὶ
868 4782 989 4835 καθ’
1026 4783 1219 4836 ἑαυτὸν
1248 4785 1540 4836 ἀνεπὸλουν
1564 4803 1577 4815 ι
1621 4788 1748 4837 ἐτα-

172 4880 474 4949 πεινούμην
502 4877 563 4929 τὸ
597 4875 909 4945 πρόσωπον,
948 4877 1042 4927 καὶ
1072 4875 1211 4927 κατὰ
1234 4876 1323 4928 τὸν
1355 4875 1551 4928 Μανωὲ
1582 4875 1750 4928 ὲδὸων

170 4973 271 5027 καὶ
317 4970 501 5031 αὐτὸς,
546 4966 902 5036 Ἀπωλόμην·
959 4965 1058 5033 οὐχ
1113 4967 1196 5018 ὅτι
1263 4965 1396 5017 Θεὸν
1462 4968 1750 5036 ἑωράκειν,

173 5065 290 5121 ἀλλ’
318 5064 400 5115 ὅτι
438 5062 576 5126 ὑπὲρ
608 5060 764 5128 Epiri;
805 5058 988 5111 είκὼν.
1029 5053 1138 5111 Ποῦ
1173 5058 1282 5127 γάρ
1315 5076 1405 5128 μοι
1448 5060 1517 5111 τδ
1533 5056 1752 5129 eprasz

174 5156 368 5223 αὐτῆς,
398 5154 445 5205 εί
480 5152 556 5222 μὴ
589 5152 723 5221 μόνη
760 5150 891 5219 ψιλὴ
927 5150 958 5217 ὴ
990 5151 1304 5219 ὁμωνυμία,
1338 5148 1753 5221 καὶ’μέχρι’τοῦ

176 5246 444 5316 ποδήρους
494 5244 528 5311 ἡ
566 5240 874 5309 φαντασία;
912 5239 974 5291 Et
1023 5238 1079 5291 δὲ
1122 5240 1215 5292 καὶ
1276 5238 1447 5301 θείαις
1510 5240 1548 5290 Γ
1556 5242 1754 5310 ραφαῖς

178 5333 612 5407 προσομιλήσας,
647 5331 744 5393 τὰς
769 5329 997 5390 ἀπειλάς
1037 5329 1349 5399 διεξήειντῇ
1386 5330 1629 5399 γλώσση,
1662 5331 1754 5383 καὶ

177 5429 272 5491 τὰς
298 5425 440 5491 ὑπὲρ
472 5425 708 5490 ἑκάστης
738 5421 970 5483 εὐθύνας
1002 5420 1198 5491 ψυχῆς,
1221 5424 1350 5482 ὅσας
1388 5423 1641 5475 ύπέσειόν
1667 5441 1755 5491 μοι

177 5522 228 5574 οἱ
260 5519 558 5590 προφῆται.
590 5518 618 5567 ὁ
656 5516 839 5584 νόμος,
872 5516 900 5567 ὁ
939 5514 1195 5583 Χριστὸς,
1230 5515 1291 5566 τὸ
1322 5515 1669 5581 Εὐαγγέλιον,
1708 5515 1756 5565 οἱ

181 5610 488 5672 ἀπόστολοι,
514 5608 613 5659 οὐκ
650 5606 729 5658 ἔτι
761 5606 816 5658 αἱ
853 5606 1067 5674 Γραφαὶ
1118 5606 1266 5673 λόγοι
1310 5606 1471 5673 μονον
1514 5607 1753 5669 ἐδόκουν,

182 5703 291 5756 ἀλλ’
313 5696 434 5771 ἧλοι
460 5698 684 5768 μονονοὺ
727 5696 1148 5767 ἐμπεπαρμένοι
1171 5714 1184 5726 ·
1216 5698 1335 5749 οὲὃὲ
1370 5698 1460 5749 τὸν
1486 5696 1620 5767 ἀέρα
1645 5698 1757 5751 δαί-

185 5810 385 5862 ,ςο-ιτες,
409 5792 542 5843 ἀλλᾶ
570 5788 628 5841 τὸ
649 5788 779 5858 ἐμὸν
809 5788 1182 5857 περικάρδιον.
1216 5788 1398 5843 Ταῦτα
1418 5788 1545 5855 γοῦν
1578 5792 1755 5845 πάντα

501 5884 772 5941 Panos.
820 5883 934 5940 Gn.
981 5881 1172 5941 CXIX

1858 4595 2027 4652 Deum
2059 4595 2466 4652 sacerdotium?
2495 4598 2629 4651 Cum
2664 4609 2844 4653 autem
2875 4601 3052 4669 magni
3083 4604 3248 4654 etiam
3284 4602 3434 4657 iliius

1859 4690 2011 4744 Pauli
2044 4690 2417 4743 definitionem
2452 4691 2506 4744 in
2554 4705 2649 4745 ore
2688 4691 2967 4759 haberem,
3000 4707 3119 4761 qua:
3149 4694 3433 4762 speciatim

1862 4781 2137 4849 pontiﬁcis
2173 4781 2331 4849 quasi
2365 4778 2597 4833 formam
2629 4782 2891 4844 delineat,
2947 4792 3001 4836 et
3043 4779 3190 4838 illius
3230 4786 3436 4857 relege-

1864 4888 1975 4927 rcm
2012 4872 2248 4936 colores,
2310 4873 2587 4940 pietatem,
2653 4874 3041 4943 integritatem,
3095 4876 3431 4944 puritatem,

1859 4977 2064 5031 eosque
2088 4977 2298 5016 mecum
2332 4964 2503 5031 ipsius
2532 4964 2918 5033 cxpendcrem,
2969 4980 3093 5019 cum
3128 4967 3436 5025 humilitate

1864 5052 2055 5108 faciem
2086 5054 2462 5116 demittebam,
2495 5063 2548 5109 et
2578 5057 2828 5125 exemplo
2855 5056 3060 5112 Manom
3079 5058 3377 5113 clamabam
3419 5077 3431 5113 :

1862 5146 2049 5199 Perii:
2085 5159 2195 5200 non
2230 5147 2375 5215 quod
2418 5146 2585 5201 Deum
2634 5148 2989 5218 aspexissent,
3027 5150 3123 5203 sed
3168 5150 3310 5218 quod
3355 5153 3435 5207 si-

1865 5243 2168 5294 mulacrum
2202 5241 2306 5295 hoc
2334 5256 2501 5311 supra
2536 5243 2676 5297 vires
2714 5256 2862 5297 meas
2910 5254 3073 5298 esset.
3126 5242 3259 5298 Nam
3304 5246 3435 5315 quid

1863 5332 2081 5388 tandem
2123 5343 2205 5389 est
2234 5335 2366 5388 mihi
2400 5350 2522 5388 cum
2554 5334 2671 5402 eius
2704 5332 2927 5387 delinito
2984 5351 3293 5403 commune,
3331 5340 3436 5394 nisi

1867 5428 2007 5480 nuda
2056 5428 2295 5482 societas
2340 5427 2747 5497 appellationis,
2794 5436 2846 5479 et
2889 5428 2955 5481 ad
3006 5440 3208 5483 vestem
3260 5447 3435 5500 usque

1864 5521 2093 5571 talarem
2131 5520 2387 5588 species?
2423 5518 2580 5585 Quod
2636 5520 2681 5572 si
2743 5534 2929 5573 sacras
2978 5520 3139 5573 etiam
3202 5519 3437 5579 Litteras

1868 5611 2140 5674 lectitatis,
2174 5626 2267 5664 eas
2298 5612 2755 5667 comminationes
2802 5612 2985 5682 lingula
3034 5627 3433 5679 percurrerem,

1868 5702 2284 5770 rcddendasque
2312 5717 2410 5771 pro
2456 5704 2699 5771 qualibet
2743 5705 2924 5757 anima
2983 5704 3242 5767 rationes,
3300 5721 3437 5773 quas

1869 5792 2210 5845 incutiebant
2240 5794 2370 5845 mihi
2402 5796 2697 5864 propinet-1',
2729 5795 2833 5861 lex,
2879 5792 3157 5855 Christus,
3196 5792 3436 5867 Evange-

2966 5884 3035 5945 35
