4188 6446
821 377 954 446 ttat
2111 388 2248 451 JUS
2288 388 2731 452 CANONICUM
3949 403 3968 466 ι
3985 404 4071 468 132

815 499 973 564 lium,
1009 495 1237 566 apostoli
1275 514 1289 551 :
1324 502 1438 550 tum
1469 511 1599 552 vero
1626 496 1818 552 littera:
1839 512 2010 554 sacrae
2033 515 2139 554 non
2165 503 2364 573 ampliu

2504 505 2563 555 ὲκ
2611 505 2828 577 μακροῦ
2863 506 3104 580 θεωρῶν,
3159 508 3346 563 ὥδινον
3399 509 3617 583 πνεῦμα
3674 515 3974 587 σωτήριον,
4023 520 4076 572 τὸ

813 592 976 646 verba
1012 589 1143 644 mihi
1185 589 1452 645 duntaxat
1508 605 1630 646 esse
1676 590 2030 658 videbantur,
2089 593 2180 647 sed
2245 595 2372 647 clavi

2491 595 2779 666 ἐνδυθῆναί
2813 615 2878 668 με
2917 599 3119 671 δηλαδὴ
3163 602 3224 654 τὸ
3255 603 3353 674 τῆς
3401 606 3694 674 μετανοίας
3729 608 3949 679 σχῆμα,
3995 613 4077 663 καὶ

811 693 1021 739 tantum
1061 696 1169 736 non
1207 681 1260 734 in
1291 697 1376 735 me
1424 681 1608 747 deﬁxi,
1658 697 1759 736 nec
1782 697 1962 739 aerem
2007 685 2382 753 verberantes,

808 776 904 832 sed
941 788 1058 827 mea
1090 773 1413 843 praecordia.
1439 773 1566 829 Haec
1591 775 1758 844 igitur
1791 777 1973 830 omnia
2004 775 2211 830 dudum
2255 795 2386 833 eon-

808 868 1079 933 siderans,
1100 867 1352 938 spiritum
1382 867 1631 937 equidem
1669 870 1964 923 salutarem
1985 871 2382 938 parturiebam,

806 959 1069 1013 nimirum
1103 967 1164 1013 ut
1200 958 1444 1013 habitum
1492 960 1827 1028 pmnitentia:
1861 959 2166 1026 induerem,
2195 963 2385 1017 solita-

806 1047 1057 1118 riamque
1109 1048 1276 1101 vitam
1331 1048 1562 1102 adirem.
1612 1048 1677 1104 Et
1720 1065 1863 1106 nunc
1917 1050 2051 1106 adeo
2116 1051 2228 1108 fetu
2286 1070 2383 1123 per

806 1137 1202 1208 inspectionem
1235 1139 1765 1204 Christi'viviﬂcato,
1797 1141 1980 1212 peperi
2013 1144 2159 1212 quod
2193 1155 2380 1214 partu-

804 1229 1035 1285 riebam.
1086 1228 1322 1300 Ideoque
1357 1231 1618 1301 scriptum
1664 1231 1768 1286 hoc
1809 1233 2173 1290 abdicationis
2206 1252 2377 1306 expo-

803 1336 964 1388 nens,
980 1336 1087 1375 non
1117 1329 1325 1387 coacte,
1345 1321 1436 1375 sed
1459 1330 1691 1390 sponte;
1727 1339 1836 1377 non
1864 1323 2252 1394 iucogitanter,
2285 1327 2378 1381 sed

807 1424 909 1478 per
936 1407 1216 1472 otium,et
1269 1408 1673 1478 supplicatione
1725 1410 1790 1464 ad
1847 1410 2014 1466 Deum
2076 1413 2376 1469 instituta:

803 1499 1042 1569 Maneat,
1077 1500 1331 1571 inquam.
1362 1501 1487 1557 aliis
1517 1503 1659 1557 haud
1689 1503 1870 1557 ablata
1911 1504 2265 1574 pontiﬁcatus
2292 1507 2379 1561 di-

802 1592 1009 1662 gnitas,
1045 1592 1139 1661 qui
1171 1592 1482 1648 sacerdotio
1516 1592 1691 1649 functi
1724 1601 1853 1649 sunt
1885 1597 2188 1650 secundum
2230 1598 2379 1653 ordi-

800 1698 926 1737 nem
980 1680 1214 1747 Christi,
1267 1682 1456 1736 aeterni
1491 1683 2075 1753 pontiﬁcismliorum
2134 1688 2189 1742 in
2242 1689 2377 1743 solia

802 1773 1196 1829 collocationes
1225 1773 1358 1827 nulli
1381 1772 1632 1830 obnoxiae
1671 1776 1956 1830 mutationi
1994 1779 2124 1841 sint,
2168 1778 2220 1832 in
2257 1782 2379 1847 qui-

802 1863 910 1920 bus
941 1863 1240 1920 illustratio
1260 1861 1496 1932 Spiritus
1518 1863 1700 1918 sedem
1721 1879 1876 1918 suam
1907 1866 2040 1920 ﬁxit.
2071 1866 2199 1922 Mihi
2231 1886 2376 1939 quae-
2409 1854 2449 1908 Β

797 1957 937 2011 riter
973 1955 1306 2021 obedientia,
1350 1954 1626 2024 vestisque
1677 1955 1806 2026 pilis
1857 1965 2140 2024 constans,
2192 1971 2245 2015 et
2291 1961 2373 2014 la-

796 2062 987 2120 cryma
1068 2047 1426 2116 pmnitentim,
1468 2061 1576 2118 quo
1611 2047 1906 2102 abluantur
1948 2049 2192 2107 facinora
2234 2069 2371 2108 mea.

796 2137 1073 2194 Renuntio
1104 2137 1241 2203 sedi,
1274 2146 1327 2194 et
1371 2139 1652 2209 dignitati,
1709 2148 1764 2194 et
1807 2143 2140 2196 sacerdotio.
2200 2142 2372 2199 Simul

796 2231 949 2286 hisce
976 2229 1158 2285 verbis
1194 2236 1309 2284 tum
1343 2229 1497 2284 illum
1534 2231 1822 2296 exhortor,
1873 2234 1966 2301 qui
1994 2249 2078 2289 me
2112 2234 2240 2288 olim
2283 2251 2376 2289 cx-

798 2321 1157 2386 hortabatur;
1198 2328 1309 2373 tum
1340 2333 1502 2390 quem
1552 2318 1794 2390 Spiritus
1826 2323 1916 2377 ille
1956 2326 2276 2380 consolator
2306 2327 2372 2380 ad

795 2412 1160 2480 apostolatum
1223 2425 1382 2466 suum
1451 2413 1785 2483 segregabit.
1843 2416 2028 2482 Salve,
2084 2428 2366 2487 pastorum

793 2502 1050 2572 deinceps
1093 2510 1152 2559 et
1185 2502 1348 2559 Pater
1399 2513 1660 2574 patrum:
1699 2507 1952 2575 precibus
2000 2523 2087 2564 me
2133 2510 2239 2564 tuis
2272 2509 2368 2564 de-

793 2594 1003 2662 ducito,
1034 2607 1239 2665 tuoque
1269 2596 1384 2650 sive
1418 2598 1740 2666 pastoricio,
1793 2599 1909 2653 sive
1963 2611 2195 2668 paterno
2231 2605 2370 2671 pedo

791 2700 880 2741 me
909 2685 1123 2742 fulcite.
1157 2685 1370 2756 Quippe
1429 2704 1536 2743 non
1593 2697 1705 2744 tam
1739 2704 1839 2760 ego
1881 2700 2066 2759 pastor
2096 2706 2214 2746 sum
2251 2707 2370 2746 am-

791 2777 960 2845 plius,
993 2776 1085 2845 qui
1113 2791 1341 2830 munere
1372 2778 1614 2847 pastoris
1649 2779 1903 2848 imperite
1952 2780 2216 2848 fungebar
2270 2783 2364 2836 sed

790 2865 1028 2929 ovicula,
1061 2865 1157 2920 sed
1190 2865 1356 2922 ﬁlius.
1417 2867 1597 2937 Atque
1655 2869 1866 2923 utinam
1925 2871 2124 2926 addere
2186 2872 2366 2936 liceat,

790 2965 984 3013 auctus
1035 2959 1237 3013 divinis
1279 2959 1750 3016 benedictionibus
1807 2961 1940 3025 tuis,
1976 2971 2028 3017 et
2064 2963 2112 3015 in
2151 2975 2368 3018 senecta

790 3049 1084 3114 proﬁciens
1135 3050 1322 3119 vigore
1369 3048 1817 3120 perfectioneque
1842 3052 2081 3107 virtutis.
2115 3053 2357 3117 Salvete,

2487 685 2578 737 τὸν
2639 687 2848 758 μονήρη
2922 691 3122 761 τρόπον
3184 692 3548 751 ύπεισελθεῖν.
3593 699 3703 750 Καὶ
3737 699 3840 771 ἤδη
3887 705 3952 771 τῇ
3991 702 4079 755 τοῦ

2488 777 2724 848 Χριστοῦ
2766 782 3040 854 ἐπισκοπῇ
3076 784 3560 860 ἀναζωπυρησάσῃ
3589 790 3687 844 τοῦ
3747 791 4078 861 συλληνςθὶν,

2487 868 2674 921 ἔτεκον
2705 868 2734 921 ὃ
2761 868 2973 928 ὥδινον.
3009 873 3171 930 Ὅθεν
3217 877 3310 930 καὶ
3370 879 3461 932 τὸν
3513 881 3762 950 παρόντα
3804 883 4078 955 {inﬁgam

2486 959 2650 1026 τόμον
2673 960 2988 1033 ἐκθέμενος,
3015 967 3114 1019 οὐκ
3147 969 3595 1038 ἀναγκαστικῶς,
3630 973 3748 1027 ἀλλ’
3773 975 4042 1040 ἑκουσίως
4064 993 4075 1005 ·

2487 1050 2592 1102 οὐκ
2641 1053 3013 1126 ἀμελετήτοις,
3058 1057 3190 1112 ἀλλὰ
3233 1060 3372 1130 μετὰ
3402 1062 3597 1134 σχολῆς
3634 1067 3730 1118 καὶ
3796 1069 4078 1141 ἱκετηρίας

2483 1141 2582 1232 τῆς
2621 1146 2700 1206 εἰς
2738 1144 2870 1199 Θεόν
2893 1163 2906 1176 ·
2951 1149 3178 1216 Ἀλλων,
3222 1154 3386 1222 φημὶ,
3413 1153 3553 1207 ἔστω
3580 1157 3639 1209 τὸ
3672 1159 3774 1228 τῆς
3807 1161 4074 1232 ἀρχιερω-

2485 1231 2652 1303 σύνης
2685 1237 3075 1307 ἀναφαίρετον,
3107 1241 3157 1293 οἳ
3193 1243 3334 1297 κατὰ
3363 1245 3460 1314 τὴν
3496 1246 3650 1310 τάξιν
3681 1249 3779 1302 τοῦ
3837 1252 4072 1321 Χριστοῦ

2486 1326 2809 1396 ἱεράτευσαν
2836 1331 2929 1384 τοῦ
2957 1333 3259 1404 ἀρχιερέως
3284 1339 3365 1401 είς
3398 1339 3491 1392 τὸν
3531 1340 3728 1406 αίῶνα,
3763 1345 3861 1397 καὶ
3900 1346 4069 1399 ἄλλων

2483 1416 2530 1467 οἱ
2550 1413 2898 1488 ἐνθρονισμοὶ
2932 1421 3282 1492 ἀμετάθετοι,
3317 1420 3394 1488 οἷς
3435 1427 3691 1500 σύνεδρος
3721 1433 3752 1501 ἡ
3788 1432 3885 1486 τοῦ
3907 1437 4064 1488 πνεύ-

2485 1521 2653 1572 ματος
2691 1504 2980 1578 ἕλλαμψις.
3022 1511 3175 1581 Ἐμοὶ
3228 1515 3285 1568 δὲ
3336 1516 3610 1579 ζητείσθω
3667 1522 3946 1594 ὐποταγὴ,
3975 1529 4061 1578 καὶ

2480 1595 2720 1666 τρίχινον
2744 1600 2934 1670 ράκος,
2966 1604 3062 1656 καὶ
3090 1605 3152 1657 τὸ
3175 1605 3274 1677 τῆς
3299 1610 3592 1676 μετανοίας
3627 1613 3894 1684 δάκρυον,
3935 1620 4062 1670 ἀπο·

2482 1688 2684 1744 πλῦνόν
2725 1709 2828 1761 μου
2879 1694 2947 1745 τὰ
2986 1699 3380 1767 πεπραγμένα.
3448 1703 3836 1775 Παραιτοῦμαι
3865 1709 3923 1761 δὲ
3973 1713 4061 1762 καὶ

2479 1778 2571 1831 τὸν
2599 1779 2809 1850 θρόνον,
2831 1786 2924 1836 καὶ
2950 1786 3049 1854 τὴν
3091 1788 3286 1858 ἀρχὴν,
3325 1793 3421 1844 καὶ
3453 1793 3552 1863 τὴν
3585 1796 3912 1868 ἱερωσύνην.
3961 1802 4060 1853 Καὶ

2480 1874 2786 1939 παρακαλῶ
2811 1875 3024 1939 τούτοις
3043 1877 3133 1930 τὸν
3164 1883 3632 1954 προκαλούμενον,
3657 1890 3751 1940 καὶ
3785 1891 3848 1942 ὃν
3879 1892 3908 1944 ὁ
3950 1892 4056 1944 Πα-

2480 1961 2748 2032 ράκλητος
2771 1967 2851 2027 εἰς
2883 1967 2982 2036 τὴν
3016 1968 3325 2041 ἀποστολὴν
3372 1973 3539 2028 αὐτοῦ
3579 1977 3856 2048 ἀφορίσει.
3889 1983 4055 2052 Χαῖρε

2479 2048 2596 2115 οὖν,
2635 2049 2679 2107 ὦ
2711 2058 3078 2127 ποιμενάρχα,
3121 2061 3214 2114 καὶ
3257 2064 3448 2135 Πατὴρ
3496 2071 3772 2140 πατέρων,
3817 2075 3912 2126 καὶ
3941 2079 4056 2138 ταῖς

2479 2146 2667 2213 εὐχαῖς
2733 2148 2827 2200 σού
2865 2165 2932 2217 με
2969 2151 3281 2219 ἐφοδίασον,
3327 2156 3420 2210 καὶ
3465 2161 3534 2229 τῇ
3565 2169 3901 2235 ποιμαντικῇ
3951 2169 4053 2219 εἴτε

2477 2240 2571 2289 καὶ
2601 2243 2840 2309 πατρικῇ
2914 2242 3189 2316 βακτηρίᾳ
3247 2263 3340 2300 σου
3372 2250 3647 2321 στήριξον.
3698 2256 3900 2309 Οὐκέτι
3951 2261 4054 2329 γάρ

2477 2331 2591 2396 είμι
2645 2333 2871 2404 ποιμὴν,
2915 2337 3224 2402 ποιμαίνων
3285 2342 3565 2412 ἀπείρως·
3623 2345 3759 2398 ἀλλᾶ
3804 2350 4054 2418 ποίμνιον

2475 2419 2600 2488 ἥδη,
2633 2423 2728 2474 καὶ
2752 2423 2963 2479 τέκνον.
3008 2427 3104 2498 Εῐη
3164 2427 3219 2480 δὲ
3251 2430 3426 2483 εἰπεῖν
3459 2434 3552 2487 καὶ
3590 2435 3904 2505 ηὐξημένον
3939 2445 4053 2505 ταῖς

2477 2512 2597 2572 σαῖς
2633 2512 2912 2582 εὐλογίαις
2957 2519 3097 2571 κατὰ
3153 2518 3308 2588 Θεὸν,
3349 2524 3446 2576 καὶ
3477 2526 3537 2580 ἐν
3565 2527 3713 2598 γήρα
3740 2534 4052 2600 προκύπτω

2471 2603 2572 2669 τὴν
2632 2606 2752 2657 κατ’
2790 2607 2994 2680 ἀρετὴν
3025 2609 3210 2682 ἀκμὴν
3243 2614 3337 2666 καὶ
3384 2615 3686 2674 τελείωσιν.
3723 2622 3961 2693 Χαίρετε
4000 2627 4052 2678 δὲ

2472 2693 2564 2745 καὶ
2595 2694 2775 2764 ὑμεῖς,
2814 2700 2861 2752 οἱ
2885 2700 2984 2765 τῆς
3019 2704 3290 2774 μυστικῆς
3351 2710 3700 2778 παραστάται
3741 2716 4049 2787 τραπέζης.

2473 2784 2566 2876 καὶ
2592 2787 2697 2851 ’ἐως
2729 2792 2831 2855 τῆς
2865 2793 3107 2862 σήμερον
3143 2801 3501 2864 συγκοινωνοί
3537 2819 3639 2871 μου
3674 2806 3770 2857 καὶ
3830 2784 4044 2876 συμμε-

2474 2873 2639 2967 ρίταιι
2675 2877 2907 2948 ’Δπάρτι
2947 2881 3055 2952 γὰρ
3098 2885 3159 2938 οὐ
3213 2886 3290 2954 μὴ
3346 2887 3455 2940 πίω
3498 2891 3618 2959 μεθ’
3662 2894 3818 2962 ὑμῶν
3852 2873 3917 2950 ὲκ
3954 2900 4048 2967 τῆς

2470 2966 2716 3035 ἀμπέλου
2751 2970 2955 3041 ταύτης
2982 2973 3081 3042 τῆς
3110 2976 3324 3044 νοητῆς.
3360 2978 3471 3030 Καὶ
3526 2981 3805 3052 μέμνησθέ
3843 3005 3946 3055 μου
3994 2966 4046 3041 ἐν

2469 3056 2587 3117 ταῖς
2622 3057 2829 3126 εὐχαῖς,
2859 3061 2944 3113 ἵνα
2987 3062 3037 3113 εί
3068 3065 3162 3116 καὶ
3192 3064 3290 3135 τῆς
3313 3066 3465 3135 ὐμῶν
3502 3067 3789 3136 ξυναυλίας
3824 3079 3919 3128 καὶ
3955 3081 4046 3146 τῆς

785 3151 886 3190 vos
918 3137 1105 3202 etiam,
1127 3136 1317 3192 astites
1352 3150 1554 3191 mense
1579 3137 1840 3207 mysticae,
1870 3152 1932 3191 ac
1957 3139 2009 3192 in
2039 3139 2363 3194 hodiernum

787 3243 961 3250 _--_--_
1002 3229 1138 3250 ΔΖ-..
1175 3229 1308 3250 ---τι
1361 3236 1405 3250 ,ι
1458 3235 1743 3250 -----..ι,,
1780 3228 1884 3250 _-:
1973 3228 2204 3250 h.-.l,_-
2251 3247 2313 3250 η-
2339 3249 2347 3250 ,

2476 3147 2631 3250 φίλης
2660 3149 2754 3202 καὶ
2780 3156 3156 3222 πνευματικῆς
3202 3155 3414 3229 διαίτης
3457 3164 3675 3225 τωτέως
3714 3136 4040 3240 saepem;

787 3243 965 3298 usque
996 3229 1140 3283 diem
1173 3229 1311 3284 socii
1357 3236 1411 3284 et
1454 3235 1746 3284 consortes
1779 3228 1908 3284 mei.
1973 3228 2208 3286 Posthac
2249 3247 2357 3287 non

2476 3237 2583 3292 ἀλλ’
2631 3240 2690 3294 ἐν
2717 3245 2784 3314 τῇ
2830 3243 3079 3317 βασιλείᾳ
3109 3247 3220 3301 τῶν
3255 3228 3502 3320 οὐρανῶν
3554 3257 3666 3310 πίω
3713 3228 3881 3315 τοῦτο
3929 3228 4042 3334 μέθξ

784 3319 970 3374 bibam
1005 3319 1293 3374 vobiscum
1340 3318 1407 3374 de
1458 3318 1562 3374 hac
1591 3319 1701 3374 vite
1733 3318 2060 3375 intellectili.
2123 3320 2360 3378 Memen-

784 3417 897 3464 tote
930 3411 1034 3465 mei
1074 3412 1275 3466 vestris
1311 3413 1367 3465 in
1403 3410 1680 3481 precibus,
1712 3417 1794 3478 ut,
1828 3412 2043 3467 tametsi
2068 3426 2099 3466 a
2132 3427 2361 3470 consor-

784 3507 862 3557 tio
893 3511 1078 3559 vestro
1132 3514 1296 3574 atque
1332 3501 1402 3558 ab
1432 3501 1522 3557 illa
1547 3501 1793 3572 jucunda
1830 3511 1886 3558 et
1925 3504 2196 3573 spirituali
2228 3520 2362 3560 con-

784 3596 1097 3652 versatione
1126 3610 1274 3650 nunc
1325 3595 1551 3650 avulsus
1582 3595 1685 3651 sim
1713 3635 1728 3662 ,
1779 3595 2059 3650 vobiscum
2093 3606 2269 3652 tamen
2302 3599 2356 3654 in

783 3702 952 3756 regno
1009 3689 1274 3742 calorum
1325 3701 1392 3742 eo
1449 3693 1584 3755 potu
1636 3685 1929 3741 recentiori
1990 3685 2159 3742 fruar.
2217 3690 2359 3745 Ante

782 3779 966 3833 omnia
982 3793 1132 3846 vero,
1160 3788 1214 3834 et
1239 3793 1404 3848 supra
1427 3793 1639 3844 omnes,
1671 3779 1844 3846 salve,
1881 3787 1935 3832 tu
1961 3794 2198 3850 quoque,
2227 3780 2362 3836 ﬁde-

2469 3331 2622 3401 ὐμῶν
2667 3333 3002 3406 καινότερον.
3048 3338 3276 3409 Χαίροις
3318 3342 3375 3395 δὲ
3405 3344 3511 3414 πρὸ
3550 3348 3770 3402 πάντων
3822 3331 4038 3407 καὶ-ἐπὶ

2469 3424 2604 3477 πᾶσι
2637 3428 2734 3480 καὶ
2767 3427 2856 3494 σύ,
2883 3431 2912 3481 ὁ
2947 3432 3269 3498 πιστότατος
3288 3435 3444 3502 ἄναξ,
3466 3441 3494 3492 ὁ
3523 3442 3588 3493 ἐκ
3607 3443 3742 3497 Θεοῦ
3767 3447 4038 3502 ἀπεσταλ-

2470 3513 2650 3605 μένος,
2700 3517 2729 3569 ὀ
2773 3517 2978 3588 ὑψηλὸς
3025 3522 3119 3574 τὸν
3163 3523 3445 3592 βραχίονα,
3495 3531 3588 3583 καὶ
3629 3536 3928 3605 μετενδύης
3968 3540 4038 3591 Et:

2469 3603 2696 3660 ἒ⁶¹...αὶ
2744 3608 2826 3662 ἔτι
2871 3610 3071 3683 λευκὴν
3095 3613 3292 3686 στολὴν
3318 3618 3385 3671 τὰ
3416 3619 3682 3689 βασίλεια,
3717 3629 3815 3679 καὶ
3845 3603 3934 3699 εῖη
3965 3635 4036 3682 εὶ-

2473 3697 2670 3764 ρηναία
2703 3698 2737 3767 ἡ
2785 3697 3050 3767 βασιλεία,
3099 3703 3194 3755 καὶ
3228 3706 3261 3774 η
3297 3705 3392 3760 τοῦ
3435 3708 3570 3763 Θεοῦ
3621 3697 3944 3786 Ἐκκλησία,
3988 3721 4042 3771 ὲν

2473 3786 2751 3858 πνεύματι
2783 3791 2878 3844 καὶ
2902 3790 3131 3860 δυνάμει
3156 3794 3251 3845 τοῦ
3273 3796 3602 3868 είρηνάρχου
3639 3802 3906 3872 Χριστοῦ.

783 3871 990 3927 Iissime
1018 3885 1134 3937 rex,
1161 3887 1192 3926 a
1229 3871 1338 3926 Deo
1364 3870 1550 3935 misse,
1604 3871 1764 3939 cujus
1792 3870 2026 3925 sublime
2067 3873 2353 3928 brachium
2394 3885 2501 3932 est.
2535 3876 2735 3935 lnduas
2770 3881 2974 3952 regiam
3005 3883 3129 3937 albo
3158 3887 3226 3939 ab
3248 3889 3411 3942 annis
3445 3889 3512 3943 ad
3573 3870 3752 3951 annos
3817 3900 4022 3955 amici"

780 3971 838 4019 et
900 3971 1150 4032 pacatum
1210 3961 1521 4031 imperium,
1579 3967 1772 4029 pacata
1827 3961 2072 4017 Ecclesia
2125 3961 2217 4017 Dei
2267 3965 2361 4032 sit,
2405 3968 2458 4023 in
2513 3970 2710 4040 spiritu
2747 3985 2812 4024 ac
2842 3973 3047 4028 virtute
3104 3974 3336 4042 Christi,
3383 3979 3476 4049 qui
3544 3984 3696 4052 pacis
3769 3995 3859 4041 εει
3902 3963 4047 4058 μηνὶ

781 4070 932 4126 eeps.

781 4168 1142 4228 HANDATA
1212 4165 1388 4234 QUJE
1437 4165 1739 4220 DANTUR
1788 4165 2350 4222 METROPOLITA-

854 4239 1008 4302 NIS,
1035 4239 1126 4293 ET
1153 4234 1808 4303 AHCHIEPISCOPIS,
1839 4235 1934 4292 ET
1955 4237 2176 4302 ALHS,
2200 4237 2356 4293 CUM

858 4307 1371 4366 ORDINANTUR.

1239 4419 1484 4488 Epistola
1555 4419 1893 4488 patriarcha.

854 4535 1233 4593 Sanctissimis
1265 4533 1562 4606 episcopis,
1609 4533 2043 4602 religiosissimis
2073 4533 2356 4605 presbyte-

2458 4170 2889 4242 ΕΝΤΑΛΜΑΤΑ
2931 4175 3294 4231 ΔῙΔΟΜΕΝΑ
3341 4180 3506 4233 ΤΟΙΣ
3547 4183 4042 4242 ΧΕΙΡΟΤΟΝΟΥ-

2531 4241 3497 4314 ειεινριξηωιιτροηοᾼιτλιε,
3542 4254 3672 4305 ΚΑΙ
3715 4241 4042 4314 sensu)-

2536 4312 2879 4378 ΣΚΟΠΟΙΣ,
2904 4315 3039 4366 ΚΑΙ
3065 4315 3404 4372 ΕῚῈΡΟΙΣ.

3019 4428 3480 4498 Πατριαρχικόν.

2535 4535 2662 4598 Τοῖς
2692 4537 3010 4601 ὀσιωτάτοις
3040 4539 3388 4609 ἐπισκόποις,
3431 4544 3879 4617 θεοσεϐεστάτοις
3910 4572 4038 4626 πρε.

779 4633 881 4695 ris,
921 4627 1322 4684 amantissimis
1373 4625 1469 4682 Dei
1497 4625 1771 4691 diaconis,
1804 4634 1858 4680 et
1889 4624 2150 4679 universo
2196 4639 2358 4679 sacro

2476 4624 2770 4696 πὸυτίροις,
2817 4628 3257 4696 θεοφιλεστάτοις
3281 4633 3570 4700 διακόνοις,
3616 4639 3711 4692 καὶ
3762 4624 4040 4714 παντὶ-τῷ

786 4724 943 4776 clero
1004 4737 1018 4774 :
1085 4718 1505 4790 gloriosissimis
1566 4727 1622 4772 et
1682 4717 2011 4772 clarissimis
2070 4717 2363 4786 municipi-

781 4813 887 4866 bus
921 4819 975 4865 et
1008 4808 1203 4864 incolis
1240 4808 1529 4864 custodita
1560 4806 1824 4860 divinitus
1859 4805 2014 4861 urbis
2047 4805 2110 4858 N.

852 4983 982 5039 Vult
1011 4985 1316 5055 spiritualis
1369 4984 1588 5039 ordinis
1621 4986 1704 5039 lex
1756 4995 1920 5054 atque
1975 4986 2182 5055 regula,
2239 5001 2359 5055 quae

783 5073 1084 5130 secundum
1115 5073 1462 5143 evangelicas
1505 5083 1557 5128 et
1587 5074 1918 5144 apostolicas
1953 5073 2207 5142 dirigitur
2233 5086 2356 5142 gra-

781 5168 908 5232 tias,
947 5164 1206 5219 ornandae
1271 5179 1442 5220 sacra:
1485 5164 1738 5234 dignitati
1763 5163 2090 5223 destinatos,
2130 5165 2180 5216 in
2211 5174 2350 5218 statu

782 5258 998 5315 decenti
1035 5268 1088 5310 et
1119 5258 1399 5327 inculpato
1435 5271 1767 5312 conservare
1796 5275 1809 5310 :
1841 5264 1899 5308 ut
1929 5264 2039 5310 tam
2074 5255 2353 5321 Ecclesiae,

782 5365 946 5421 quam
977 5350 1290 5419 reipublicm
1322 5364 1546 5419 corpus,
1581 5364 1678 5419 per
1719 5349 2029 5418 religiosam
2077 5351 2355 5418 guberna-

785 5440 1010 5504 tionem,
1050 5440 1104 5492 in
1142 5439 1438 5508 tranquilla
1472 5446 1773 5507 pacataque
1837 5439 2128 5492 serenitate
2162 5453 2357 5491 secun-

786 5529 913 5583 dum
949 5531 1283 5584 voluntatem
1321 5527 1416 5582 Dei
1457 5537 1700 5600 regatur,
1735 5537 1900 5597 atque
1939 5529 2118 5582 omnis
2148 5529 2355 5583 alieno-

2467 4715 2655 4781 εὐαγεῖ
2684 4715 2868 4786 κλήρῳ
2890 4733 2903 4746 ·
2939 4719 3050 4780 τοῖς
3086 4718 3452 4785 ἐνδοξοτάτοις
3505 4725 3599 4776 καὶ
3627 4723 4039 4796 λαμπροτάτοις

2464 4806 2728 4875 κτήτορσι
2771 4808 2867 4861 καὶ
2910 4809 3191 4881 οἰκήτορσι
3221 4811 3320 4880 τῆς
3350 4811 3655 4868 θεοσώστου
3689 4818 3904 4884 πόλεως
3947 4822 4038 4889 τῆς

2461 4894 2631 4949 δεῖνα.

2523 4987 2604 5048 ,⁸0
2639 4986 2742 5056 τῆς
2771 4990 3151 5070 πνευματικῆς
3193 4992 3516 5058 ἀκολουθίας
3553 4997 3678 5067 ὄρος
3713 5000 3808 5052 καὶ
3855 5002 4038 5072 νόμος,

2466 5079 2585 5141 ταῖς
2611 5078 2995 5146 εὐαγγελικαῖς
3037 5083 3132 5133 καὶ
3167 5081 3553 5148 ἀποστολικαῖς
3599 5088 3916 5158 lemnius-ro;
3946 5096 4040 5163 χά,-

2469 5184 2600 5237 ρισι,
2640 5169 2764 5232 τούς
2798 5169 2894 5240 τὴν
2949 5171 3100 5241 ίερᾰν
3145 5173 3303 5237 ἀξίαν
3335 5181 3560 5246 κοσμεῖν
3605 5181 3949 5252 ἠξιωμένους
3973 5187 4036 5244 ⁸³,

2464 5260 2523 5310 ἐν
2552 5260 2814 5330 ἀξιολόγῳ
2846 5263 2939 5314 καὶ
2971 5265 3330 5336 ἀνεπιλήπτῳ
3359 5274 3548 5338 τηρεῖν
3601 5274 3846 5341 βτύλεται
3875 5293 4038 5329 κατα-

2469 5355 2733 5421 στήματιο
2779 5354 2854 5415 ὡς
2906 5355 2972 5407 ἂν
3015 5356 3200 5426 τὸτῆς
3244 5359 3568 5430 Ἑκκλησίας
3617 5366 3712 5417 καὶ
3761 5369 4038 5430 πολιτείας

2467 5442 2680 5508 εὐαγῶς
2724 5443 3232 5516 διακυϐερνώμενον
3284 5450 3576 5522 πλήρωμα,
3629 5456 3685 5506 ἐν
3740 5457 4039 5526 ἀκύμαντῳ

2465 5533 2559 5584 καὶ
2612 5535 2863 5604 είρηναίᾳ
2909 5539 3117 5607 γαλήνη
3177 5540 3495 5613 θεοπρεπῶς
3543 5546 3885 5619 διεξαγηται,
3948 5552 4035 5602 καὶ

2079 5664 2166 5719 VA
2181 5663 2316 5721 BHE
2343 5664 2742 5723 LECTIONES.

856 5783 903 5817 (³
930 5783 1024 5836 ἐπὶ
1041 5781 1136 5853 ἔτη
1172 5783 1266 5838 καὶ
1305 5782 1421 5849 ἐτη.
1498 5784 1543 5815 ⁸³
1578 5783 1647 5838 al.
1682 5781 2071 5855 ὴπειγμένους.
