  <div class='ocr_page' id='page_1' title='image "/cluster/home/n/w/nwhite01/storage/ocr_20150623/119/nnc1.0046980091/574.png"; bbox 0 0 4188 6446; ppageno 0'>
   <div class='ocr_carea' id='block_1_1' title="bbox 173 422 309 485">
    <p class='ocr_par' dir='ltr' id='par_1_1' title="bbox 173 422 309 485">
     <span class='ocr_line' id='line_1_1' title="bbox 173 422 309 485; baseline 0.029 -4"><span class='ocrx_word' id='word_1_1' title='bbox 173 422 309 485; x_wconf 67' lang='grc'><strong>11233</strong></span> 
     </span>
    </p>
   </div>
   <div class='ocr_carea' id='block_1_2' title="bbox 1447 415 2151 481">
    <p class='ocr_par' dir='ltr' id='par_1_2' title="bbox 1447 415 2151 481">
     <span class='ocr_line' id='line_1_2' title="bbox 1447 415 2151 481; baseline -0.006 0"><span class='ocrx_word' id='word_1_2' title='bbox 1447 422 1548 481; x_wconf 81' lang='lat' dir='ltr'><strong>GR</strong></span> <span class='ocrx_word' id='word_1_3' title='bbox 1560 419 1735 480; x_wconf 69' lang='lat' dir='ltr'><strong>xECO-</strong></span> <span class='ocrx_word' id='word_1_4' title='bbox 1745 415 2151 479; x_wconf 70' lang='lat' dir='ltr'><strong>ROMANUM.</strong></span> 
     </span>
    </p>
   </div>
   <div class='ocr_carea' id='block_1_3' title="bbox 3296 411 3431 477">
    <p class='ocr_par' dir='ltr' id='par_1_3' title="bbox 3296 411 3431 477">
     <span class='ocr_line' id='line_1_3' title="bbox 3296 411 3431 477; baseline 0 -2"><span class='ocrx_word' id='word_1_5' title='bbox 3296 411 3431 477; x_wconf 70' lang='grc' dir='ltr'>ιιθι</span> 
     </span>
    </p>
   </div>
   <div class='ocr_carea' id='block_1_4' title="bbox 162 526 1756 603">
    <p class='ocr_par' dir='ltr' id='par_1_4' title="bbox 162 529 1745 603">
     <span class='ocr_line' id='line_1_4' title="bbox 162 529 1745 603; baseline -0.001 -17"><span class='ocrx_word' id='word_1_6' title='bbox 162 534 319 587; x_wconf 71' lang='grc' dir='ltr'>πᾶσα</span> <span class='ocrx_word' id='word_1_7' title='bbox 360 529 651 602; x_wconf 74' lang='grc' dir='ltr'><strong>δογμάτων</strong></span> <span class='ocrx_word' id='word_1_8' title='bbox 705 529 1021 600; x_wconf 71' lang='grc' dir='ltr'><strong>ἀλλοφύλων</strong></span> <span class='ocrx_word' id='word_1_9' title='bbox 1084 530 1465 602; x_wconf 77' lang='grc' dir='ltr'>ἀποκρούηται</span> <span class='ocrx_word' id='word_1_10' title='bbox 1514 532 1745 603; x_wconf 78' lang='grc' dir='ltr'>ζήτησις</span> 
     </span>
    </p>
   </div>
   <div class='ocr_carea' id='block_1_5' title="bbox 1858 526 3426 603">
    <p class='ocr_par' dir='ltr' id='par_1_5' title="bbox 1858 526 3426 598">
     <span class='ocr_line' id='line_1_5' title="bbox 1858 526 3426 598; baseline -0.001 -16"><span class='ocrx_word' id='word_1_11' title='bbox 1858 543 1971 582; x_wconf 87' lang='lat' dir='ltr'><strong>rum</strong></span> <span class='ocrx_word' id='word_1_12' title='bbox 1999 529 2320 598; x_wconf 83' lang='lat' dir='ltr'><strong>dogmatum</strong></span> <span class='ocrx_word' id='word_1_13' title='bbox 2352 527 2637 598; x_wconf 76' lang='lat' dir='ltr'><strong>inquisitio</strong></span> <span class='ocrx_word' id='word_1_14' title='bbox 2670 541 2734 583; x_wconf 88' lang='lat' dir='ltr'><strong>ac</strong></span> <span class='ocrx_word' id='word_1_15' title='bbox 2767 531 3071 596; x_wconf 88' lang='lat' dir='ltr'><strong>tempestas</strong></span> <span class='ocrx_word' id='word_1_16' title='bbox 3105 526 3426 596; x_wconf 64' lang='lat' dir='ltr'><strong>repellatur.</strong></span> 
     </span>
    </p>
   </div>
   <div class='ocr_carea' id='block_1_6' title="bbox 163 623 1745 696">
    <p class='ocr_par' dir='ltr' id='par_1_6' title="bbox 163 623 1745 696">
     <span class='ocr_line' id='line_1_6' title="bbox 163 623 1745 696; baseline 0 -19"><span class='ocrx_word' id='word_1_17' title='bbox 163 628 263 677; x_wconf 80' lang='grc' dir='ltr'>καὶ</span> <span class='ocrx_word' id='word_1_18' title='bbox 291 623 453 694; x_wconf 80' lang='grc' dir='ltr'>ζάλη,</span> <span class='ocrx_word' id='word_1_19' title='bbox 493 623 590 676; x_wconf 75' lang='grc' dir='ltr'>καὶ</span> <span class='ocrx_word' id='word_1_20' title='bbox 614 623 727 677; x_wconf 86' lang='grc' dir='ltr'><strong>τῶν</strong></span> <span class='ocrx_word' id='word_1_21' title='bbox 766 624 1215 696; x_wconf 70' lang='grc' dir='ltr'><strong>ἐπανισταμένων</strong></span> <span class='ocrx_word' id='word_1_22' title='bbox 1245 624 1523 679; x_wconf 84' lang='grc' dir='ltr'>λαιλάπων</span> <span class='ocrx_word' id='word_1_23' title='bbox 1550 625 1615 677; x_wconf 76' lang='grc' dir='ltr'>ἐκ</span> <span class='ocrx_word' id='word_1_24' title='bbox 1644 640 1745 677; x_wconf 85' lang='grc' dir='ltr'>πο-</span> 
     </span>
    </p>
   </div>
   <div class='ocr_carea' id='block_1_7' title="bbox 162 717 1745 790">
    <p class='ocr_par' dir='ltr' id='par_1_7' title="bbox 162 717 1745 790">
     <span class='ocr_line' id='line_1_7' title="bbox 162 717 1745 790; baseline -0.001 -19"><span class='ocrx_word' id='word_1_25' title='bbox 162 718 363 789; x_wconf 78' lang='grc' dir='ltr'>λεμίας</span> <span class='ocrx_word' id='word_1_26' title='bbox 386 718 674 789; x_wconf 70' lang='grc' dir='ltr'>αἱρέσεως,</span> <span class='ocrx_word' id='word_1_27' title='bbox 697 717 1116 790; x_wconf 75' lang='grc' dir='ltr'>διασκεδάζηται</span> <span class='ocrx_word' id='word_1_28' title='bbox 1138 717 1388 787; x_wconf 79' lang='grc' dir='ltr'><strong>ζοφώδης</strong></span> <span class='ocrx_word' id='word_1_29' title='bbox 1410 718 1745 787; x_wconf 85' lang='grc' dir='ltr'>σκοτόμηνα.</span> 
     </span>
    </p>
   </div>
   <div class='ocr_carea' id='block_1_8' title="bbox 161 803 1751 879">
    <p class='ocr_par' dir='ltr' id='par_1_8' title="bbox 161 803 1751 879">
     <span class='ocr_line' id='line_1_8' title="bbox 161 803 1751 879; baseline -0.001 -19"><span class='ocrx_word' id='word_1_30' title='bbox 161 806 428 862; x_wconf 78' lang='grc' dir='ltr'>Τοιοῦτον</span> <span class='ocrx_word' id='word_1_31' title='bbox 462 810 573 879; x_wconf 78' lang='grc' dir='ltr'>γὰρ</span> <span class='ocrx_word' id='word_1_32' title='bbox 599 803 742 862; x_wconf 70' lang='grc' dir='ltr'>εἶναι</span> <span class='ocrx_word' id='word_1_33' title='bbox 763 808 844 861; x_wconf 76' lang='grc' dir='ltr'>δεῖ</span> <span class='ocrx_word' id='word_1_34' title='bbox 870 808 962 862; x_wconf 76' lang='grc' dir='ltr'>τὸν</span> <span class='ocrx_word' id='word_1_35' title='bbox 990 807 1123 861; x_wconf 86' lang='grc' dir='ltr'>λαοῦ</span> <span class='ocrx_word' id='word_1_36' title='bbox 1149 807 1614 878; x_wconf 82' lang='grc' dir='ltr'>προστησόμενον,</span> <span class='ocrx_word' id='word_1_37' title='bbox 1654 807 1751 860; x_wconf 82' lang='grc' dir='ltr'>καὶ</span> 
     </span>
    </p>
   </div>
   <div class='ocr_carea' id='block_1_9' title="bbox 161 900 1750 975">
    <p class='ocr_par' dir='ltr' id='par_1_9' title="bbox 161 900 1750 975">
     <span class='ocr_line' id='line_1_9' title="bbox 161 900 1750 975; baseline -0.002 -20"><span class='ocrx_word' id='word_1_38' title='bbox 161 902 535 975; x_wconf 78' lang='grc' dir='ltr'>ἀνθεξόμενον</span> <span class='ocrx_word' id='word_1_39' title='bbox 567 900 661 955; x_wconf 80' lang='grc' dir='ltr'><strong>τοῦ</strong></span> <span class='ocrx_word' id='word_1_40' title='bbox 688 902 831 955; x_wconf 85' lang='grc' dir='ltr'><strong>κατά</strong></span> <span class='ocrx_word' id='word_1_41' title='bbox 863 900 961 972; x_wconf 83' lang='grc' dir='ltr'>τὴν</span> <span class='ocrx_word' id='word_1_42' title='bbox 990 900 1212 971; x_wconf 79' lang='grc' dir='ltr'>διδαχὴν</span> <span class='ocrx_word' id='word_1_43' title='bbox 1230 901 1423 955; x_wconf 77' lang='grc' dir='ltr'><strong>πιστοῦ</strong></span> <span class='ocrx_word' id='word_1_44' title='bbox 1451 900 1637 968; x_wconf 85' lang='grc' dir='ltr'>λόγου,</span> <span class='ocrx_word' id='word_1_45' title='bbox 1657 903 1750 953; x_wconf 80' lang='grc' dir='ltr'><strong>καὶ</strong></span> 
     </span>
    </p>
   </div>
   <div class='ocr_carea' id='block_1_10' title="bbox 155 991 1752 1064">
    <p class='ocr_par' dir='ltr' id='par_1_10' title="bbox 155 991 1752 1064">
     <span class='ocr_line' id='line_1_10' title="bbox 155 991 1752 1064; baseline -0.003 -17"><span class='ocrx_word' id='word_1_46' title='bbox 155 993 473 1064; x_wconf 76' lang='grc' dir='ltr'>ὀφθαλμὸν,</span> <span class='ocrx_word' id='word_1_47' title='bbox 502 994 598 1047; x_wconf 79' lang='grc' dir='ltr'>καὶ</span> <span class='ocrx_word' id='word_1_48' title='bbox 622 994 815 1063; x_wconf 79' lang='grc' dir='ltr'>ἀκοὴν,</span> <span class='ocrx_word' id='word_1_49' title='bbox 850 993 945 1046; x_wconf 82' lang='grc' dir='ltr'>καὶ</span> <span class='ocrx_word' id='word_1_50' title='bbox 971 994 1148 1064; x_wconf 80' lang='grc' dir='ltr'>χεῖρα,</span> <span class='ocrx_word' id='word_1_51' title='bbox 1191 995 1289 1046; x_wconf 74' lang='grc' dir='ltr'>καὶ</span> <span class='ocrx_word' id='word_1_52' title='bbox 1319 993 1461 1047; x_wconf 86' lang='grc' dir='ltr'>πόδα</span> <span class='ocrx_word' id='word_1_53' title='bbox 1498 991 1600 1063; x_wconf 85' lang='grc' dir='ltr'>τῆς</span> <span class='ocrx_word' id='word_1_54' title='bbox 1629 991 1752 1043; x_wconf 86' lang='grc' dir='ltr'>ποί-</span> 
     </span>
    </p>
   </div>
   <div class='ocr_carea' id='block_1_11' title="bbox 173 1084 1748 1157">
    <p class='ocr_par' dir='ltr' id='par_1_11' title="bbox 173 1084 1748 1157">
     <span class='ocr_line' id='line_1_11' title="bbox 173 1084 1748 1157; baseline -0.001 -18"><span class='ocrx_word' id='word_1_55' title='bbox 173 1104 347 1157; x_wconf 86' lang='grc' dir='ltr'>μνης,</span> <span class='ocrx_word' id='word_1_56' title='bbox 381 1084 518 1157; x_wconf 81' lang='grc' dir='ltr'>πρὸς</span> <span class='ocrx_word' id='word_1_57' title='bbox 540 1086 770 1156; x_wconf 81' lang='grc' dir='ltr'>ὁδηγίαν</span> <span class='ocrx_word' id='word_1_58' title='bbox 804 1085 903 1155; x_wconf 79' lang='grc' dir='ltr'>μὲν</span> <span class='ocrx_word' id='word_1_59' title='bbox 934 1086 1032 1137; x_wconf 77' lang='grc' dir='ltr'>καὶ</span> <span class='ocrx_word' id='word_1_60' title='bbox 1073 1084 1322 1156; x_wconf 79' lang='grc' dir='ltr'>φυλακὴν</span> <span class='ocrx_word' id='word_1_61' title='bbox 1347 1084 1458 1137; x_wconf 83' lang='grc' dir='ltr'><strong>τῶν</strong></span> <span class='ocrx_word' id='word_1_62' title='bbox 1502 1084 1748 1154; x_wconf 83' lang='grc' dir='ltr'>κρειττό-</span> 
     </span>
    </p>
   </div>
   <div class='ocr_carea' id='block_1_12' title="bbox 162 1174 1751 1247">
    <p class='ocr_par' dir='ltr' id='par_1_12' title="bbox 162 1174 1751 1247">
     <span class='ocr_line' id='line_1_12' title="bbox 162 1174 1751 1247; baseline -0.001 -18"><span class='ocrx_word' id='word_1_63' title='bbox 162 1193 299 1239; x_wconf 87' lang='grc' dir='ltr'>νων,</span> <span class='ocrx_word' id='word_1_64' title='bbox 349 1174 565 1247; x_wconf 79' lang='grc' dir='ltr'>ἀποχὴν</span> <span class='ocrx_word' id='word_1_65' title='bbox 596 1176 654 1229; x_wconf 82' lang='grc' dir='ltr'>δὲ</span> <span class='ocrx_word' id='word_1_66' title='bbox 702 1176 798 1229; x_wconf 75' lang='grc' dir='ltr'>καὶ</span> <span class='ocrx_word' id='word_1_67' title='bbox 850 1176 1167 1247; x_wconf 79' lang='grc' dir='ltr'><strong>ἀνατροπὴν</strong></span> <span class='ocrx_word' id='word_1_68' title='bbox 1217 1174 1328 1229; x_wconf 87' lang='grc' dir='ltr'><strong>τῶν</strong></span> <span class='ocrx_word' id='word_1_69' title='bbox 1362 1176 1623 1239; x_wconf 70' lang='grc' dir='ltr'>ἀναντίως</span> <span class='ocrx_word' id='word_1_70' title='bbox 1656 1178 1751 1230; x_wconf 77' lang='grc' dir='ltr'>καὶ</span> 
     </span>
    </p>
   </div>
   <div class='ocr_carea' id='block_1_13' title="bbox 159 1262 1751 1337">
    <p class='ocr_par' dir='ltr' id='par_1_13' title="bbox 159 1262 1751 1337">
     <span class='ocr_line' id='line_1_13' title="bbox 159 1262 1751 1337; baseline 0.003 -20"><span class='ocrx_word' id='word_1_71' title='bbox 159 1266 375 1335; x_wconf 78' lang='grc' dir='ltr'>ἑτέρως</span> <span class='ocrx_word' id='word_1_72' title='bbox 421 1266 653 1336; x_wconf 78' lang='grc' dir='ltr'>ἐχόντων</span> <span class='ocrx_word' id='word_1_73' title='bbox 707 1267 985 1333; x_wconf 74' lang='grc' dir='ltr'>ἐσόμενον.</span> <span class='ocrx_word' id='word_1_74' title='bbox 1028 1268 1182 1319; x_wconf 79' lang='grc' dir='ltr'>Ἐπεὶ</span> <span class='ocrx_word' id='word_1_75' title='bbox 1236 1262 1330 1319; x_wconf 85' lang='grc' dir='ltr'><strong>οῦν</strong></span> <span class='ocrx_word' id='word_1_76' title='bbox 1381 1267 1441 1319; x_wconf 83' lang='grc' dir='ltr'>ὲν</span> <span class='ocrx_word' id='word_1_77' title='bbox 1495 1268 1751 1337; x_wconf 78' lang='grc' dir='ltr'><strong>στερήσει</strong></span> 
     </span>
    </p>
   </div>
   <div class='ocr_carea' id='block_1_14' title="bbox 162 1359 1752 1431">
    <p class='ocr_par' dir='ltr' id='par_1_14' title="bbox 162 1359 1752 1431">
     <span class='ocr_line' id='line_1_14' title="bbox 162 1359 1752 1431; baseline 0.001 -21"><span class='ocrx_word' id='word_1_78' title='bbox 162 1359 433 1427; x_wconf 78' lang='grc' dir='ltr'><strong>ποιμένος</strong></span> <span class='ocrx_word' id='word_1_79' title='bbox 468 1359 563 1429; x_wconf 78' lang='grc' dir='ltr'><strong>τὴν</strong></span> <span class='ocrx_word' id='word_1_80' title='bbox 608 1359 733 1413; x_wconf 84' lang='grc' dir='ltr'>καθ’</span> <span class='ocrx_word' id='word_1_81' title='bbox 766 1359 913 1429; x_wconf 76' lang='grc' dir='ltr'>ὑμᾶς</span> <span class='ocrx_word' id='word_1_82' title='bbox 963 1360 1337 1431; x_wconf 83' lang='grc' dir='ltr'>εύαγεστάτην</span> <span class='ocrx_word' id='word_1_83' title='bbox 1378 1360 1616 1431; x_wconf 83' lang='grc' dir='ltr'>ποίμνην</span> <span class='ocrx_word' id='word_1_84' title='bbox 1651 1361 1752 1412; x_wconf 77' lang='grc' dir='ltr'><strong>ἑπ-</strong></span> 
     </span>
    </p>
   </div>
   <div class='ocr_carea' id='block_1_15' title="bbox 161 1448 1754 1522">
    <p class='ocr_par' dir='ltr' id='par_1_15' title="bbox 161 1448 1754 1522">
     <span class='ocr_line' id='line_1_15' title="bbox 161 1448 1754 1522; baseline -0.001 -20"><span class='ocrx_word' id='word_1_85' title='bbox 161 1448 419 1518; x_wconf 83' lang='grc' dir='ltr'>ἑγνωμεν</span> <span class='ocrx_word' id='word_1_86' title='bbox 446 1450 831 1520; x_wconf 82' lang='grc' dir='ltr'>διαμένουσαν,</span> <span class='ocrx_word' id='word_1_87' title='bbox 845 1448 941 1504; x_wconf 84' lang='grc' dir='ltr'><strong>τοῦ</strong></span> <span class='ocrx_word' id='word_1_88' title='bbox 972 1451 1448 1522; x_wconf 83' lang='grc' dir='ltr'>προποιμάναντος</span> <span class='ocrx_word' id='word_1_89' title='bbox 1479 1451 1580 1521; x_wconf 74' lang='grc' dir='ltr'>ήδη</span> <span class='ocrx_word' id='word_1_90' title='bbox 1616 1450 1754 1518; x_wconf 74' lang='grc' dir='ltr'>πρὸς</span> 
     </span>
    </p>
   </div>
   <div class='ocr_carea' id='block_1_16' title="bbox 163 1540 1750 1613">
    <p class='ocr_par' dir='ltr' id='par_1_16' title="bbox 163 1540 1750 1613">
     <span class='ocr_line' id='line_1_16' title="bbox 163 1540 1750 1613; baseline 0.001 -21"><span class='ocrx_word' id='word_1_91' title='bbox 163 1540 268 1609; x_wconf 77' lang='grc' dir='ltr'>τὴν</span> <span class='ocrx_word' id='word_1_92' title='bbox 295 1542 474 1593; x_wconf 67' lang='grc' dir='ltr'>ἐκεῖσε</span> <span class='ocrx_word' id='word_1_93' title='bbox 508 1540 664 1611; x_wconf 78' lang='grc' dir='ltr'>λῆξιν</span> <span class='ocrx_word' id='word_1_94' title='bbox 694 1542 1029 1613; x_wconf 83' lang='grc' dir='ltr'>ἀπάραντος,</span> <span class='ocrx_word' id='word_1_95' title='bbox 1066 1542 1161 1594; x_wconf 77' lang='grc' dir='ltr'>καὶ</span> <span class='ocrx_word' id='word_1_96' title='bbox 1195 1542 1332 1611; x_wconf 84' lang='grc' dir='ltr'>πρὸς</span> <span class='ocrx_word' id='word_1_97' title='bbox 1369 1543 1469 1603; x_wconf 82' lang='grc' dir='ltr'><strong>τάς</strong></span> <span class='ocrx_word' id='word_1_98' title='bbox 1502 1542 1621 1594; x_wconf 82' lang='grc' dir='ltr'>ἐκεῖ</span> <span class='ocrx_word' id='word_1_99' title='bbox 1650 1557 1750 1610; x_wconf 88' lang='grc' dir='ltr'>μο-</span> 
     </span>
    </p>
   </div>
   <div class='ocr_carea' id='block_1_17' title="bbox 164 1633 1755 1705">
    <p class='ocr_par' dir='ltr' id='par_1_17' title="bbox 164 1633 1755 1705">
     <span class='ocr_line' id='line_1_17' title="bbox 164 1633 1755 1705; baseline 0.003 -21"><span class='ocrx_word' id='word_1_100' title='bbox 164 1634 268 1696; x_wconf 79' lang='grc' dir='ltr'><strong>νάς</strong></span> <span class='ocrx_word' id='word_1_101' title='bbox 297 1633 700 1699; x_wconf 69' lang='grc' dir='ltr'>εἰσελάσαντος,</span> <span class='ocrx_word' id='word_1_102' title='bbox 732 1635 856 1687; x_wconf 79' lang='grc' dir='ltr'>,οὐκ</span> <span class='ocrx_word' id='word_1_103' title='bbox 902 1633 1162 1705; x_wconf 78' lang='grc' dir='ltr'><strong>ᾠήθημεν</strong></span> <span class='ocrx_word' id='word_1_104' title='bbox 1208 1634 1320 1688; x_wconf 81' lang='grc' dir='ltr'>δεῖν</span> <span class='ocrx_word' id='word_1_105' title='bbox 1352 1636 1444 1687; x_wconf 72' lang='grc' dir='ltr'><strong>ἐπὶ</strong></span> <span class='ocrx_word' id='word_1_106' title='bbox 1472 1633 1607 1688; x_wconf 82' lang='grc' dir='ltr'>πολὺ</span> <span class='ocrx_word' id='word_1_107' title='bbox 1657 1650 1755 1703; x_wconf 73' lang='grc' dir='ltr'><strong>χη-</strong></span> 
     </span>
    </p>
   </div>
   <div class='ocr_carea' id='block_1_18' title="bbox 161 1724 1754 1798">
    <p class='ocr_par' dir='ltr' id='par_1_18' title="bbox 161 1724 1754 1798">
     <span class='ocr_line' id='line_1_18' title="bbox 161 1724 1754 1798; baseline 0.001 -19"><span class='ocrx_word' id='word_1_108' title='bbox 161 1724 445 1797; x_wconf 83' lang='grc' dir='ltr'>ρεύουσαν</span> <span class='ocrx_word' id='word_1_109' title='bbox 489 1725 587 1779; x_wconf 76' lang='grc' dir='ltr'>καὶ</span> <span class='ocrx_word' id='word_1_110' title='bbox 630 1726 894 1796; x_wconf 74' lang='grc' dir='ltr'>ἄνανδρον</span> <span class='ocrx_word' id='word_1_111' title='bbox 925 1726 1199 1798; x_wconf 85' lang='grc' dir='ltr'>καθῆσθαι</span> <span class='ocrx_word' id='word_1_112' title='bbox 1220 1727 1267 1759; x_wconf 68' lang='grc'>⁸⁸</span> <span class='ocrx_word' id='word_1_113' title='bbox 1309 1726 1409 1797; x_wconf 80' lang='grc' dir='ltr'>τὴν</span> <span class='ocrx_word' id='word_1_114' title='bbox 1452 1725 1575 1780; x_wconf 73' lang='grc' dir='ltr'>καθ’</span> <span class='ocrx_word' id='word_1_115' title='bbox 1608 1728 1754 1797; x_wconf 80' lang='grc' dir='ltr'>ὑμᾶς</span> 
     </span>
    </p>
   </div>
   <div class='ocr_carea' id='block_1_19' title="bbox 178 1817 1754 1892">
    <p class='ocr_par' dir='ltr' id='par_1_19' title="bbox 178 1817 1754 1892">
     <span class='ocr_line' id='line_1_19' title="bbox 178 1817 1754 1892; baseline 0.001 -20"><span class='ocrx_word' id='word_1_116' title='bbox 178 1818 547 1888; x_wconf 78' lang='grc' dir='ltr'>Ἐκκλησίαν,</span> <span class='ocrx_word' id='word_1_117' title='bbox 578 1817 674 1871; x_wconf 91' lang='grc' dir='ltr'><strong>τοῦ</strong></span> <span class='ocrx_word' id='word_1_118' title='bbox 699 1818 1043 1886; x_wconf 82' lang='grc' dir='ltr'>διεξάγοντος</span> <span class='ocrx_word' id='word_1_119' title='bbox 1071 1820 1297 1892; x_wconf 76' lang='grc' dir='ltr'>ἔρημον.</span> <span class='ocrx_word' id='word_1_120' title='bbox 1328 1821 1495 1873; x_wconf 79' lang='grc' dir='ltr'>’Ὅθεν</span> <span class='ocrx_word' id='word_1_121' title='bbox 1528 1820 1754 1884; x_wconf 79' lang='grc' dir='ltr'>ἐκλεξά-</span> 
     </span>
    </p>
   </div>
   <div class='ocr_carea' id='block_1_20' title="bbox 1856 618 3433 692">
    <p class='ocr_par' dir='ltr' id='par_1_20' title="bbox 1856 618 3433 692">
     <span class='ocr_line' id='line_1_20' title="bbox 1856 618 3433 692; baseline -0.003 -17"><span class='ocrx_word' id='word_1_122' title='bbox 1856 628 1912 675; x_wconf 90' lang='lat' dir='ltr'><strong>et</strong></span> <span class='ocrx_word' id='word_1_123' title='bbox 1961 621 2280 692; x_wconf 65' lang='lat' dir='ltr'><strong>caliginosa:</strong></span> <span class='ocrx_word' id='word_1_124' title='bbox 2334 619 2614 674; x_wconf 85' lang='lat' dir='ltr'><strong>turbinum</strong></span> <span class='ocrx_word' id='word_1_125' title='bbox 2640 634 2709 675; x_wconf 88' lang='lat' dir='ltr'><strong>ex</strong></span> <span class='ocrx_word' id='word_1_126' title='bbox 2741 619 2929 674; x_wconf 86' lang='lat' dir='ltr'><strong>hostili</strong></span> <span class='ocrx_word' id='word_1_127' title='bbox 2947 618 3154 676; x_wconf 65' lang='lat' dir='ltr'><strong>haeresi</strong></span> <span class='ocrx_word' id='word_1_128' title='bbox 3182 632 3244 673; x_wconf 91' lang='lat' dir='ltr'><strong>se</strong></span> <span class='ocrx_word' id='word_1_129' title='bbox 3277 633 3433 672; x_wconf 85' lang='lat' dir='ltr'><strong>com-</strong></span> 
     </span>
    </p>
   </div>
   <div class='ocr_carea' id='block_1_21' title="bbox 1852 711 3432 782">
    <p class='ocr_par' dir='ltr' id='par_1_21' title="bbox 1852 711 3432 782">
     <span class='ocr_line' id='line_1_21' title="bbox 1852 711 3432 782; baseline -0.002 -15"><span class='ocrx_word' id='word_1_130' title='bbox 1852 715 2191 768; x_wconf 86' lang='lat' dir='ltr'><strong>moventium</strong></span> <span class='ocrx_word' id='word_1_131' title='bbox 2244 712 2488 769; x_wconf 67' lang='lat' dir='ltr'><strong>tenebrae</strong></span> <span class='ocrx_word' id='word_1_132' title='bbox 2555 714 2915 781; x_wconf 76' lang='lat' dir='ltr'><strong>dissipentur.</strong></span> <span class='ocrx_word' id='word_1_133' title='bbox 2982 711 3196 782; x_wconf 81' lang='lat' dir='ltr'><strong>Quippe</strong></span> <span class='ocrx_word' id='word_1_134' title='bbox 3267 712 3432 765; x_wconf 87' lang='lat' dir='ltr'><strong>talem</strong></span> 
     </span>
    </p>
   </div>
   <div class='ocr_carea' id='block_1_22' title="bbox 1851 803 3438 877">
    <p class='ocr_par' dir='ltr' id='par_1_22' title="bbox 1851 803 3438 877">
     <span class='ocr_line' id='line_1_22' title="bbox 1851 803 3438 877; baseline -0.003 -16"><span class='ocrx_word' id='word_1_135' title='bbox 1851 813 2070 876; x_wconf 83' lang='lat' dir='ltr'><strong>oportet</strong></span> <span class='ocrx_word' id='word_1_136' title='bbox 2098 823 2224 863; x_wconf 88' lang='lat' dir='ltr'><strong>eum</strong></span> <span class='ocrx_word' id='word_1_137' title='bbox 2258 821 2402 873; x_wconf 87' lang='lat' dir='ltr'><strong>esse,</strong></span> <span class='ocrx_word' id='word_1_138' title='bbox 2453 806 2550 877; x_wconf 88' lang='lat' dir='ltr'><strong>qui</strong></span> <span class='ocrx_word' id='word_1_139' title='bbox 2604 805 2810 874; x_wconf 85' lang='lat' dir='ltr'><strong>populo</strong></span> <span class='ocrx_word' id='word_1_140' title='bbox 2865 803 3201 874; x_wconf 68' lang='lat' dir='ltr'><strong>praefuturus</strong></span> <span class='ocrx_word' id='word_1_141' title='bbox 3246 804 3343 870; x_wconf 90' lang='lat' dir='ltr'><strong>sit,</strong></span> <span class='ocrx_word' id='word_1_142' title='bbox 3380 812 3438 857; x_wconf 91' lang='lat' dir='ltr'><strong>et</strong></span> 
     </span>
    </p>
   </div>
   <div class='ocr_carea' id='block_1_23' title="bbox 1852 896 3435 969">
    <p class='ocr_par' dir='ltr' id='par_1_23' title="bbox 1852 896 3435 969">
     <span class='ocr_line' id='line_1_23' title="bbox 1852 896 3435 969; baseline 0.001 -18"><span class='ocrx_word' id='word_1_143' title='bbox 1852 896 2124 954; x_wconf 68' lang='lat' dir='ltr'><strong>doctrinae</strong></span> <span class='ocrx_word' id='word_1_144' title='bbox 2176 899 2305 955; x_wconf 88' lang='lat' dir='ltr'><strong>lidei</strong></span> <span class='ocrx_word' id='word_1_145' title='bbox 2348 914 2537 955; x_wconf 92' lang='lat' dir='ltr'><strong>curam</strong></span> <span class='ocrx_word' id='word_1_146' title='bbox 2592 897 2925 963; x_wconf 80' lang='lat' dir='ltr'><strong>habiturus,</strong></span> <span class='ocrx_word' id='word_1_147' title='bbox 2962 898 3168 969; x_wconf 83' lang='lat' dir='ltr'><strong>quique</strong></span> <span class='ocrx_word' id='word_1_148' title='bbox 3216 896 3435 952; x_wconf 74' lang='lat' dir='ltr'><strong>futurus</strong></span> 
     </span>
    </p>
   </div>
   <div class='ocr_carea' id='block_1_24' title="bbox 1853 989 3437 1060">
    <p class='ocr_par' dir='ltr' id='par_1_24' title="bbox 1853 989 3437 1060">
     <span class='ocr_line' id='line_1_24' title="bbox 1853 989 3437 1060; baseline -0.001 -17"><span class='ocrx_word' id='word_1_149' title='bbox 1853 989 1927 1043; x_wconf 83' lang='lat' dir='ltr'><strong>sit</strong></span> <span class='ocrx_word' id='word_1_150' title='bbox 1975 991 2190 1057; x_wconf 78' lang='lat' dir='ltr'><strong>oculus,</strong></span> <span class='ocrx_word' id='word_1_151' title='bbox 2226 998 2281 1047; x_wconf 87' lang='lat' dir='ltr'><strong>et</strong></span> <span class='ocrx_word' id='word_1_152' title='bbox 2339 990 2511 1054; x_wconf 86' lang='lat' dir='ltr'><strong>auris,</strong></span> <span class='ocrx_word' id='word_1_153' title='bbox 2541 998 2597 1046; x_wconf 90' lang='lat' dir='ltr'><strong>et</strong></span> <span class='ocrx_word' id='word_1_154' title='bbox 2626 1005 2843 1056; x_wconf 88' lang='lat' dir='ltr'><strong>manus,</strong></span> <span class='ocrx_word' id='word_1_155' title='bbox 2879 999 2933 1044; x_wconf 88' lang='lat' dir='ltr'><strong>et</strong></span> <span class='ocrx_word' id='word_1_156' title='bbox 2975 1004 3072 1060; x_wconf 92' lang='lat' dir='ltr'><strong>pes</strong></span> <span class='ocrx_word' id='word_1_157' title='bbox 3108 991 3326 1059; x_wconf 84' lang='lat' dir='ltr'><strong>gregis,</strong></span> <span class='ocrx_word' id='word_1_158' title='bbox 3377 999 3437 1042; x_wconf 86' lang='lat' dir='ltr'><strong>ut</strong></span> 
     </span>
    </p>
   </div>
   <div class='ocr_carea' id='block_1_25' title="bbox 1856 1078 3437 1154">
    <p class='ocr_par' dir='ltr' id='par_1_25' title="bbox 1856 1078 3437 1154">
     <span class='ocr_line' id='line_1_25' title="bbox 1856 1078 3437 1154; baseline -0.002 -16"><span class='ocrx_word' id='word_1_159' title='bbox 1856 1082 2030 1138; x_wconf 84' lang='lat' dir='ltr'><strong>bonos</strong></span> <span class='ocrx_word' id='word_1_160' title='bbox 2060 1083 2228 1137; x_wconf 88' lang='lat' dir='ltr'><strong>ducat</strong></span> <span class='ocrx_word' id='word_1_161' title='bbox 2252 1094 2422 1154; x_wconf 89' lang='lat' dir='ltr'><strong>atque</strong></span> <span class='ocrx_word' id='word_1_162' title='bbox 2452 1084 2751 1150; x_wconf 82' lang='lat' dir='ltr'><strong>custodiat,</strong></span> <span class='ocrx_word' id='word_1_163' title='bbox 2780 1083 2955 1138; x_wconf 87' lang='lat' dir='ltr'><strong>malos</strong></span> <span class='ocrx_word' id='word_1_164' title='bbox 3001 1090 3058 1138; x_wconf 93' lang='lat' dir='ltr'><strong>et</strong></span> <span class='ocrx_word' id='word_1_165' title='bbox 3084 1082 3245 1137; x_wconf 83' lang='lat' dir='ltr'><strong>aliter</strong></span> <span class='ocrx_word' id='word_1_166' title='bbox 3300 1078 3437 1135; x_wconf 73' lang='lat' dir='ltr'><strong>alie-</strong></span> 
     </span>
    </p>
   </div>
   <div class='ocr_carea' id='block_1_26' title="bbox 1852 1171 3431 1245">
    <p class='ocr_par' dir='ltr' id='par_1_26' title="bbox 1852 1171 3431 1245">
     <span class='ocr_line' id='line_1_26' title="bbox 1852 1171 3431 1245; baseline -0.003 -14"><span class='ocrx_word' id='word_1_167' title='bbox 1852 1184 1973 1232; x_wconf 88' lang='lat' dir='ltr'><strong>ctos</strong></span> <span class='ocrx_word' id='word_1_168' title='bbox 2001 1176 2187 1245; x_wconf 79' lang='lat' dir='ltr'><strong>abigat</strong></span> <span class='ocrx_word' id='word_1_169' title='bbox 2220 1191 2284 1231; x_wconf 91' lang='lat' dir='ltr'><strong>ac</strong></span> <span class='ocrx_word' id='word_1_170' title='bbox 2318 1177 2626 1231; x_wconf 83' lang='lat' dir='ltr'><strong>subvertat.</strong></span> <span class='ocrx_word' id='word_1_171' title='bbox 2654 1176 2847 1244; x_wconf 79' lang='lat' dir='ltr'><strong>itaque</strong></span> <span class='ocrx_word' id='word_1_172' title='bbox 2872 1191 2996 1230; x_wconf 85' lang='lat' dir='ltr'><strong>cum</strong></span> <span class='ocrx_word' id='word_1_173' title='bbox 3028 1171 3431 1244; x_wconf 87' lang='lat' dir='ltr'><strong>acceperimus,</strong></span> 
     </span>
    </p>
   </div>
   <div class='ocr_carea' id='block_1_27' title="bbox 1854 1266 3435 1338">
    <p class='ocr_par' dir='ltr' id='par_1_27' title="bbox 1854 1266 3435 1338">
     <span class='ocr_line' id='line_1_27' title="bbox 1854 1266 3435 1338; baseline -0.001 -17"><span class='ocrx_word' id='word_1_174' title='bbox 1854 1267 2331 1336; x_wconf 79' lang='lat' dir='ltr'><strong>religiosissimum</strong></span> <span class='ocrx_word' id='word_1_175' title='bbox 2360 1268 2516 1324; x_wconf 87' lang='lat' dir='ltr'><strong>urbis</strong></span> <span class='ocrx_word' id='word_1_176' title='bbox 2540 1274 2736 1322; x_wconf 67' lang='lat' dir='ltr'><strong>vestrae</strong></span> <span class='ocrx_word' id='word_1_177' title='bbox 2758 1281 2978 1338; x_wconf 83' lang='lat' dir='ltr'><strong>gregem</strong></span> <span class='ocrx_word' id='word_1_178' title='bbox 3003 1266 3182 1320; x_wconf 83' lang='lat' dir='ltr'><strong>adhuc</strong></span> <span class='ocrx_word' id='word_1_179' title='bbox 3210 1274 3435 1335; x_wconf 83' lang='lat' dir='ltr'><strong>pastore</strong></span> 
     </span>
    </p>
   </div>
   <div class='ocr_carea' id='block_1_28' title="bbox 1858 1356 3437 1430">
    <p class='ocr_par' dir='ltr' id='par_1_28' title="bbox 1858 1356 3437 1430">
     <span class='ocr_line' id='line_1_28' title="bbox 1858 1356 3437 1430; baseline -0.002 -17"><span class='ocrx_word' id='word_1_180' title='bbox 1858 1374 2070 1423; x_wconf 85' lang='lat' dir='ltr'><strong>carere,</strong></span> <span class='ocrx_word' id='word_1_181' title='bbox 2104 1367 2397 1430; x_wconf 81' lang='lat' dir='ltr'><strong>postquam</strong></span> <span class='ocrx_word' id='word_1_182' title='bbox 2430 1360 2500 1424; x_wconf 89' lang='lat' dir='ltr'><strong>is,</strong></span> <span class='ocrx_word' id='word_1_183' title='bbox 2549 1360 2644 1430; x_wconf 83' lang='lat' dir='ltr'><strong>qui</strong></span> <span class='ocrx_word' id='word_1_184' title='bbox 2675 1360 2946 1415; x_wconf 80' lang='lat' dir='ltr'><strong>hactenus</strong></span> <span class='ocrx_word' id='word_1_185' title='bbox 2998 1357 3120 1427; x_wconf 83' lang='lat' dir='ltr'><strong>ejus</strong></span> <span class='ocrx_word' id='word_1_186' title='bbox 3174 1356 3437 1427; x_wconf 83' lang='lat' dir='ltr'><strong>pascendi</strong></span> 
     </span>
    </p>
   </div>
   <div class='ocr_carea' id='block_1_29' title="bbox 1857 1445 3439 1520">
    <p class='ocr_par' dir='ltr' id='par_1_29' title="bbox 1857 1445 3439 1520">
     <span class='ocr_line' id='line_1_29' title="bbox 1857 1445 3439 1520; baseline -0.003 -16"><span class='ocrx_word' id='word_1_187' title='bbox 1857 1463 2044 1504; x_wconf 87' lang='lat' dir='ltr'><strong>curam</strong></span> <span class='ocrx_word' id='word_1_188' title='bbox 2079 1449 2271 1520; x_wconf 87' lang='lat' dir='ltr'><strong>gessit,</strong></span> <span class='ocrx_word' id='word_1_189' title='bbox 2319 1448 2388 1503; x_wconf 91' lang='lat' dir='ltr'><strong>ad</strong></span> <span class='ocrx_word' id='word_1_190' title='bbox 2419 1448 2647 1503; x_wconf 80' lang='lat' dir='ltr'><strong>alteram</strong></span> <span class='ocrx_word' id='word_1_191' title='bbox 2682 1448 2849 1501; x_wconf 83' lang='lat' dir='ltr'><strong>vitam</strong></span> <span class='ocrx_word' id='word_1_192' title='bbox 2884 1446 3162 1515; x_wconf 73' lang='lat' dir='ltr'><strong>migravit,</strong></span> <span class='ocrx_word' id='word_1_193' title='bbox 3212 1454 3266 1501; x_wconf 89' lang='lat' dir='ltr'><strong>et</strong></span> <span class='ocrx_word' id='word_1_194' title='bbox 3312 1445 3439 1500; x_wconf 75' lang='grc' dir='ltr'>εωιί</span> 
     </span>
    </p>
   </div>
   <div class='ocr_carea' id='block_1_30' title="bbox 1858 1537 3439 1612">
    <p class='ocr_par' dir='ltr' id='par_1_30' title="bbox 1858 1537 3439 1612">
     <span class='ocr_line' id='line_1_30' title="bbox 1858 1537 3439 1612; baseline -0.004 -17"><span class='ocrx_word' id='word_1_195' title='bbox 1858 1542 2174 1596; x_wconf 83' lang='lat' dir='ltr'><strong>mansiones</strong></span> <span class='ocrx_word' id='word_1_196' title='bbox 2214 1542 2502 1612; x_wconf 88' lang='lat' dir='ltr'><strong>ingressus</strong></span> <span class='ocrx_word' id='word_1_197' title='bbox 2527 1548 2612 1595; x_wconf 88' lang='lat' dir='ltr'><strong>est</strong></span> <span class='ocrx_word' id='word_1_198' title='bbox 2650 1556 2663 1594; x_wconf 87' lang='lat'><strong>:</strong></span> <span class='ocrx_word' id='word_1_199' title='bbox 2700 1539 2928 1594; x_wconf 88' lang='lat' dir='ltr'><strong>minime</strong></span> <span class='ocrx_word' id='word_1_200' title='bbox 2982 1537 3439 1592; x_wconf 85' lang='lat' dir='ltr'><strong>committendum</strong></span> 
     </span>
    </p>
   </div>
   <div class='ocr_carea' id='block_1_31' title="bbox 1855 1628 3440 1705">
    <p class='ocr_par' dir='ltr' id='par_1_31' title="bbox 1855 1628 3440 1705">
     <span class='ocr_line' id='line_1_31' title="bbox 1855 1628 3440 1705; baseline -0.003 -17"><span class='ocrx_word' id='word_1_201' title='bbox 1855 1635 2199 1705; x_wconf 82' lang='lat' dir='ltr'><strong>putavimus,</strong></span> <span class='ocrx_word' id='word_1_202' title='bbox 2231 1642 2291 1688; x_wconf 88' lang='lat' dir='ltr'><strong>ut</strong></span> <span class='ocrx_word' id='word_1_203' title='bbox 2317 1632 2561 1689; x_wconf 84' lang='lat' dir='ltr'><strong>Ecclesia</strong></span> <span class='ocrx_word' id='word_1_204' title='bbox 2592 1640 2775 1687; x_wconf 84' lang='lat' dir='ltr'><strong>vestra</strong></span> <span class='ocrx_word' id='word_1_205' title='bbox 2830 1630 3028 1685; x_wconf 85' lang='lat' dir='ltr'><strong>marito</strong></span> <span class='ocrx_word' id='word_1_206' title='bbox 3061 1645 3161 1685; x_wconf 89' lang='lat' dir='ltr'><strong>suo</strong></span> <span class='ocrx_word' id='word_1_207' title='bbox 3204 1628 3440 1699; x_wconf 76' lang='lat' dir='ltr'><strong>spoliata</strong></span> 
     </span>
    </p>
   </div>
   <div class='ocr_carea' id='block_1_32' title="bbox 1857 1722 3441 1795">
    <p class='ocr_par' dir='ltr' id='par_1_32' title="bbox 1857 1722 3441 1795">
     <span class='ocr_line' id='line_1_32' title="bbox 1857 1722 3441 1795; baseline -0.003 -16"><span class='ocrx_word' id='word_1_208' title='bbox 1857 1733 2186 1795; x_wconf 86' lang='lat' dir='ltr'><strong>rectoreque</strong></span> <span class='ocrx_word' id='word_1_209' title='bbox 2213 1724 2503 1791; x_wconf 88' lang='lat' dir='ltr'><strong>destituta,</strong></span> <span class='ocrx_word' id='word_1_210' title='bbox 2534 1726 2626 1779; x_wconf 85' lang='lat' dir='ltr'><strong>diu</strong></span> <span class='ocrx_word' id='word_1_211' title='bbox 2657 1740 2783 1779; x_wconf 89' lang='lat' dir='ltr'><strong>cum</strong></span> <span class='ocrx_word' id='word_1_212' title='bbox 2815 1723 3106 1778; x_wconf 78' lang='lat' dir='ltr'><strong>viduitatis</strong></span> <span class='ocrx_word' id='word_1_213' title='bbox 3130 1722 3441 1778; x_wconf 78' lang='lat' dir='ltr'><strong>incommo-</strong></span> 
     </span>
    </p>
   </div>
   <div class='ocr_carea' id='block_1_33' title="bbox 1856 1813 3440 1887">
    <p class='ocr_par' dir='ltr' id='par_1_33' title="bbox 1856 1813 3440 1887">
     <span class='ocr_line' id='line_1_33' title="bbox 1856 1813 3440 1887; baseline -0.002 -16"><span class='ocrx_word' id='word_1_214' title='bbox 1856 1817 1946 1873; x_wconf 87' lang='lat' dir='ltr'><strong>dis</strong></span> <span class='ocrx_word' id='word_1_215' title='bbox 1981 1816 2418 1873; x_wconf 85' lang='lat' dir='ltr'><strong>conﬂictaretur.</strong></span> <span class='ocrx_word' id='word_1_216' title='bbox 2446 1816 2681 1887; x_wconf 89' lang='lat' dir='ltr'><strong>Ideoque</strong></span> <span class='ocrx_word' id='word_1_217' title='bbox 2704 1831 2833 1872; x_wconf 89' lang='lat' dir='ltr'><strong>cum</strong></span> <span class='ocrx_word' id='word_1_218' title='bbox 2866 1816 3176 1886; x_wconf 82' lang='lat' dir='ltr'><strong>piissimum</strong></span> <span class='ocrx_word' id='word_1_219' title='bbox 3212 1813 3440 1886; x_wconf 78' lang='lat' dir='ltr'><strong>presby-</strong></span> 
     </span>
    </p>
   </div>
   <div class='ocr_carea' id='block_1_34' title="bbox 169 1894 1756 1980">
    <p class='ocr_par' dir='ltr' id='par_1_34' title="bbox 169 1907 1751 1980">
     <span class='ocr_line' id='line_1_34' title="bbox 169 1907 1751 1980; baseline 0.002 -21"><span class='ocrx_word' id='word_1_220' title='bbox 169 1925 331 1977; x_wconf 81' lang='grc' dir='ltr'>μενοι</span> <span class='ocrx_word' id='word_1_221' title='bbox 381 1910 472 1960; x_wconf 82' lang='grc' dir='ltr'>τὸν</span> <span class='ocrx_word' id='word_1_222' title='bbox 528 1907 677 1961; x_wconf 83' lang='grc' dir='ltr'>δεῖνα</span> <span class='ocrx_word' id='word_1_223' title='bbox 733 1908 826 1961; x_wconf 75' lang='grc' dir='ltr'><strong>τόν</strong></span> <span class='ocrx_word' id='word_1_224' title='bbox 873 1907 1295 1963; x_wconf 80' lang='grc' dir='ltr'>θεοσεϐέστατον</span> <span class='ocrx_word' id='word_1_225' title='bbox 1356 1911 1751 1980; x_wconf 77' lang='grc' dir='ltr'>πρεσϐύτερον,</span> 
     </span>
    </p>
   </div>
   <div class='ocr_carea' id='block_1_35' title="bbox 1858 1894 3436 1980">
    <p class='ocr_par' dir='ltr' id='par_1_35' title="bbox 1862 1904 3436 1977">
     <span class='ocr_line' id='line_1_35' title="bbox 1862 1904 3436 1977; baseline -0.002 -14"><span class='ocrx_word' id='word_1_226' title='bbox 1862 1916 2041 1963; x_wconf 89' lang='lat' dir='ltr'><strong>terum</strong></span> <span class='ocrx_word' id='word_1_227' title='bbox 2080 1905 2148 1960; x_wconf 87' lang='lat' dir='ltr'><strong>N.</strong></span> <span class='ocrx_word' id='word_1_228' title='bbox 2184 1907 2595 1977; x_wconf 84' lang='lat' dir='ltr'><strong>selegissemus,</strong></span> <span class='ocrx_word' id='word_1_229' title='bbox 2623 1906 2785 1977; x_wconf 91' lang='lat' dir='ltr'><strong>eique</strong></span> <span class='ocrx_word' id='word_1_230' title='bbox 2816 1906 3223 1961; x_wconf 75' lang='lat' dir='ltr'><strong>interveniente</strong></span> <span class='ocrx_word' id='word_1_231' title='bbox 3253 1904 3436 1960; x_wconf 79' lang='lat' dir='ltr'><strong>Patris</strong></span> 
     </span>
    </p>
   </div>
   <div class='ocr_carea' id='block_1_36' title="bbox 167 1998 1753 2071">
    <p class='ocr_par' dir='ltr' id='par_1_36' title="bbox 167 1998 1753 2071">
     <span class='ocr_line' id='line_1_36' title="bbox 167 1998 1753 2071; baseline 0.003 -20"><span class='ocrx_word' id='word_1_232' title='bbox 167 1998 461 2069; x_wconf 70' lang='grc' dir='ltr'><strong>ἐπικλήσει</strong></span> <span class='ocrx_word' id='word_1_233' title='bbox 510 1998 603 2052; x_wconf 87' lang='grc' dir='ltr'><strong>τοῦ</strong></span> <span class='ocrx_word' id='word_1_234' title='bbox 647 1998 996 2069; x_wconf 84' lang='grc' dir='ltr'>προανάρχου</span> <span class='ocrx_word' id='word_1_235' title='bbox 1054 2000 1292 2071; x_wconf 75' lang='grc' dir='ltr'>Πατρός,</span> <span class='ocrx_word' id='word_1_236' title='bbox 1339 2003 1431 2055; x_wconf 76' lang='grc' dir='ltr'>καὶ</span> <span class='ocrx_word' id='word_1_237' title='bbox 1476 2002 1753 2055; x_wconf 75' lang='grc' dir='ltr'><strong>ἐπινεύσει</strong></span> 
     </span>
    </p>
   </div>
   <div class='ocr_carea' id='block_1_37' title="bbox 162 2089 1750 2163">
    <p class='ocr_par' dir='ltr' id='par_1_37' title="bbox 162 2089 1750 2163">
     <span class='ocr_line' id='line_1_37' title="bbox 162 2089 1750 2163; baseline 0.003 -21"><span class='ocrx_word' id='word_1_238' title='bbox 162 2089 263 2143; x_wconf 90' lang='grc' dir='ltr'><strong>τοῦ</strong></span> <span class='ocrx_word' id='word_1_239' title='bbox 315 2090 653 2161; x_wconf 87' lang='grc' dir='ltr'>συνανάρχου</span> <span class='ocrx_word' id='word_1_240' title='bbox 689 2089 844 2155; x_wconf 80' lang='grc' dir='ltr'>Υῐοῦ,</span> <span class='ocrx_word' id='word_1_241' title='bbox 879 2092 974 2145; x_wconf 79' lang='grc' dir='ltr'>καὶ</span> <span class='ocrx_word' id='word_1_242' title='bbox 1027 2092 1288 2163; x_wconf 69' lang='grc' dir='ltr'>συνεργίᾳ</span> <span class='ocrx_word' id='word_1_243' title='bbox 1322 2094 1416 2146; x_wconf 80' lang='grc' dir='ltr'><strong>τοῦ</strong></span> <span class='ocrx_word' id='word_1_244' title='bbox 1464 2095 1750 2162; x_wconf 74' lang='grc' dir='ltr'>όμοουσίου</span> 
     </span>
    </p>
   </div>
   <div class='ocr_carea' id='block_1_38' title="bbox 166 2180 1751 2255">
    <p class='ocr_par' dir='ltr' id='par_1_38' title="bbox 166 2180 1751 2255">
     <span class='ocr_line' id='line_1_38' title="bbox 166 2180 1751 2255; baseline 0.004 -24"><span class='ocrx_word' id='word_1_245' title='bbox 166 2182 266 2232; x_wconf 73' lang='grc' dir='ltr'>καὶ</span> <span class='ocrx_word' id='word_1_246' title='bbox 314 2180 647 2251; x_wconf 73' lang='grc' dir='ltr'>ἡγεμονικοῦ</span> <span class='ocrx_word' id='word_1_247' title='bbox 698 2183 1040 2252; x_wconf 82' lang='grc' dir='ltr'>Πνεύματος,</span> <span class='ocrx_word' id='word_1_248' title='bbox 1091 2182 1167 2247; x_wconf 87' lang='grc' dir='ltr'><strong>ῶς</strong></span> <span class='ocrx_word' id='word_1_249' title='bbox 1216 2184 1491 2255; x_wconf 71' lang='grc' dir='ltr'>ἐλάχιστοι</span> <span class='ocrx_word' id='word_1_250' title='bbox 1527 2189 1622 2239; x_wconf 77' lang='grc' dir='ltr'>καὶ</span> <span class='ocrx_word' id='word_1_251' title='bbox 1655 2189 1751 2240; x_wconf 83' lang='grc' dir='ltr'>ἀν-</span> 
     </span>
    </p>
   </div>
   <div class='ocr_carea' id='block_1_39' title="bbox 166 2272 1754 2345">
    <p class='ocr_par' dir='ltr' id='par_1_39' title="bbox 166 2272 1754 2345">
     <span class='ocr_line' id='line_1_39' title="bbox 166 2272 1754 2345; baseline 0.004 -20"><span class='ocrx_word' id='word_1_252' title='bbox 166 2272 315 2338; x_wconf 81' lang='grc' dir='ltr'>άξιοι</span> <span class='ocrx_word' id='word_1_253' title='bbox 344 2275 505 2344; x_wconf 80' lang='grc' dir='ltr'>χεῖρα</span> <span class='ocrx_word' id='word_1_254' title='bbox 539 2272 843 2337; x_wconf 74' lang='grc' dir='ltr'>ἐπιθέντες,</span> <span class='ocrx_word' id='word_1_255' title='bbox 876 2274 972 2327; x_wconf 78' lang='grc' dir='ltr'>καὶ</span> <span class='ocrx_word' id='word_1_256' title='bbox 999 2275 1320 2345; x_wconf 83' lang='grc' dir='ltr'>ίερωνύμως</span> <span class='ocrx_word' id='word_1_257' title='bbox 1339 2276 1408 2330; x_wconf 76' lang='grc' dir='ltr'><strong>τά</strong></span> <span class='ocrx_word' id='word_1_258' title='bbox 1438 2280 1560 2332; x_wconf 73' lang='grc' dir='ltr'>κατ’</span> <span class='ocrx_word' id='word_1_259' title='bbox 1590 2278 1754 2331; x_wconf 82' lang='grc' dir='ltr'>αὑτὸν</span> 
     </span>
    </p>
   </div>
   <div class='ocr_carea' id='block_1_40' title="bbox 169 2364 1755 2440">
    <p class='ocr_par' dir='ltr' id='par_1_40' title="bbox 169 2364 1755 2440">
     <span class='ocr_line' id='line_1_40' title="bbox 169 2364 1755 2440; baseline 0.006 -24"><span class='ocrx_word' id='word_1_260' title='bbox 169 2364 583 2429; x_wconf 57' lang='grc' dir='ltr'>εκτελϋαντες,</span> <span class='ocrx_word' id='word_1_261' title='bbox 633 2365 900 2437; x_wconf 76' lang='grc' dir='ltr'>ἀρχιερέα</span> <span class='ocrx_word' id='word_1_262' title='bbox 950 2368 1048 2437; x_wconf 80' lang='grc' dir='ltr'>τῆς</span> <span class='ocrx_word' id='word_1_263' title='bbox 1104 2367 1407 2422; x_wconf 84' lang='grc' dir='ltr'>θεοσώστου</span> <span class='ocrx_word' id='word_1_264' title='bbox 1455 2370 1611 2440; x_wconf 85' lang='grc' dir='ltr'>ὑμῶν</span> <span class='ocrx_word' id='word_1_265' title='bbox 1660 2372 1755 2424; x_wconf 83' lang='grc' dir='ltr'>ἀν-</span> 
     </span>
    </p>
   </div>
   <div class='ocr_carea' id='block_1_41' title="bbox 164 2455 1751 2532">
    <p class='ocr_par' dir='ltr' id='par_1_41' title="bbox 164 2455 1751 2532">
     <span class='ocr_line' id='line_1_41' title="bbox 164 2455 1751 2532; baseline 0.004 -24"><span class='ocrx_word' id='word_1_266' title='bbox 164 2455 559 2527; x_wconf 86' lang='grc' dir='ltr'>ηγορεύσαμεν</span> <span class='ocrx_word' id='word_1_267' title='bbox 601 2458 830 2521; x_wconf 80' lang='grc' dir='ltr'>πόλεως.</span> <span class='ocrx_word' id='word_1_268' title='bbox 862 2458 1124 2529; x_wconf 75' lang='grc' dir='ltr'>Ἀσμενοι</span> <span class='ocrx_word' id='word_1_269' title='bbox 1161 2459 1277 2523; x_wconf 87' lang='grc' dir='ltr'>οῦν,</span> <span class='ocrx_word' id='word_1_270' title='bbox 1322 2462 1417 2515; x_wconf 77' lang='grc' dir='ltr'>καὶ</span> <span class='ocrx_word' id='word_1_271' title='bbox 1441 2462 1751 2532; x_wconf 76' lang='grc' dir='ltr'><strong>γηθόσυνοι,</strong></span> 
     </span>
    </p>
   </div>
   <div class='ocr_carea' id='block_1_42' title="bbox 166 2549 1755 2621">
    <p class='ocr_par' dir='ltr' id='par_1_42' title="bbox 166 2549 1755 2621">
     <span class='ocr_line' id='line_1_42' title="bbox 166 2549 1755 2621; baseline 0.004 -21"><span class='ocrx_word' id='word_1_272' title='bbox 166 2551 268 2602; x_wconf 76' lang='grc' dir='ltr'>καὶ</span> <span class='ocrx_word' id='word_1_273' title='bbox 299 2550 399 2621; x_wconf 80' lang='grc' dir='ltr'><strong>ὅλῃ</strong></span> <span class='ocrx_word' id='word_1_274' title='bbox 428 2549 574 2620; x_wconf 72' lang='grc' dir='ltr'>ψυχῇ</span> <span class='ocrx_word' id='word_1_275' title='bbox 608 2551 704 2602; x_wconf 65' lang='grc' dir='ltr'>καὶ</span> <span class='ocrx_word' id='word_1_276' title='bbox 732 2550 944 2621; x_wconf 74' lang='grc' dir='ltr'>διανοίᾳ</span> <span class='ocrx_word' id='word_1_277' title='bbox 969 2550 1162 2605; x_wconf 86' lang='grc' dir='ltr'>τοῦτον</span> <span class='ocrx_word' id='word_1_278' title='bbox 1183 2552 1525 2619; x_wconf 77' lang='grc' dir='ltr'>εἰσδέξασθε,</span> <span class='ocrx_word' id='word_1_279' title='bbox 1556 2553 1650 2607; x_wconf 70' lang='grc' dir='ltr'>καὶ</span> <span class='ocrx_word' id='word_1_280' title='bbox 1668 2555 1755 2617; x_wconf 78' lang='grc' dir='ltr'><strong>ὡς</strong></span> 
     </span>
    </p>
   </div>
   <div class='ocr_carea' id='block_1_43' title="bbox 172 2641 1756 2717">
    <p class='ocr_par' dir='ltr' id='par_1_43' title="bbox 172 2641 1756 2717">
     <span class='ocr_line' id='line_1_43' title="bbox 172 2641 1756 2717; baseline 0.003 -23"><span class='ocrx_word' id='word_1_281' title='bbox 172 2642 396 2713; x_wconf 80' lang='grc' dir='ltr'>πατέρα</span> <span class='ocrx_word' id='word_1_282' title='bbox 439 2641 746 2713; x_wconf 77' lang='grc' dir='ltr'>αἰδέσθητε,</span> <span class='ocrx_word' id='word_1_283' title='bbox 783 2644 880 2696; x_wconf 73' lang='grc' dir='ltr'>καὶ</span> <span class='ocrx_word' id='word_1_284' title='bbox 912 2643 988 2707; x_wconf 85' lang='grc' dir='ltr'><strong>ῶς</strong></span> <span class='ocrx_word' id='word_1_285' title='bbox 1033 2644 1269 2715; x_wconf 76' lang='grc' dir='ltr'>ποιμένα</span> <span class='ocrx_word' id='word_1_286' title='bbox 1313 2644 1605 2717; x_wconf 75' lang='grc' dir='ltr'>ὁμοψύχως</span> <span class='ocrx_word' id='word_1_287' title='bbox 1634 2648 1756 2701; x_wconf 69' lang='grc' dir='ltr'>επί-</span> 
     </span>
    </p>
   </div>
   <div class='ocr_carea' id='block_1_44' title="bbox 168 2735 1756 2808">
    <p class='ocr_par' dir='ltr' id='par_1_44' title="bbox 168 2735 1756 2808">
     <span class='ocr_line' id='line_1_44' title="bbox 168 2735 1756 2808; baseline 0.004 -22"><span class='ocrx_word' id='word_1_288' title='bbox 168 2752 377 2805; x_wconf 83' lang='grc' dir='ltr'>γνωτε,</span> <span class='ocrx_word' id='word_1_289' title='bbox 407 2737 502 2788; x_wconf 71' lang='grc' dir='ltr'>καὶ</span> <span class='ocrx_word' id='word_1_290' title='bbox 526 2735 602 2799; x_wconf 85' lang='grc' dir='ltr'>ὡς</span> <span class='ocrx_word' id='word_1_291' title='bbox 642 2736 820 2806; x_wconf 81' lang='grc' dir='ltr'>ὁδηγῷ</span> <span class='ocrx_word' id='word_1_292' title='bbox 850 2736 988 2807; x_wconf 80' lang='grc' dir='ltr'>πρὸς</span> <span class='ocrx_word' id='word_1_293' title='bbox 1033 2738 1310 2808; x_wconf 78' lang='grc' dir='ltr'>σωτηρίαν</span> <span class='ocrx_word' id='word_1_294' title='bbox 1340 2738 1615 2792; x_wconf 77' lang='grc' dir='ltr'>ἐλαύνοντι</span> <span class='ocrx_word' id='word_1_295' title='bbox 1655 2742 1756 2793; x_wconf 85' lang='grc' dir='ltr'><strong>ὲπ-</strong></span> 
     </span>
    </p>
   </div>
   <div class='ocr_carea' id='block_1_45' title="bbox 170 2827 1752 2901">
    <p class='ocr_par' dir='ltr' id='par_1_45' title="bbox 170 2827 1752 2901">
     <span class='ocr_line' id='line_1_45' title="bbox 170 2827 1752 2901; baseline 0.004 -22"><span class='ocrx_word' id='word_1_296' title='bbox 170 2827 607 2896; x_wconf 73' lang='grc' dir='ltr'>ακολουθήσατε,</span> <span class='ocrx_word' id='word_1_297' title='bbox 658 2828 753 2880; x_wconf 77' lang='grc' dir='ltr'>καὶ</span> <span class='ocrx_word' id='word_1_298' title='bbox 801 2828 876 2892; x_wconf 87' lang='grc' dir='ltr'><strong>ῶς</strong></span> <span class='ocrx_word' id='word_1_299' title='bbox 910 2827 1047 2882; x_wconf 79' lang='grc' dir='ltr'>ἰδιον</span> <span class='ocrx_word' id='word_1_300' title='bbox 1081 2828 1307 2900; x_wconf 81' lang='grc' dir='ltr'>θήραμα</span> <span class='ocrx_word' id='word_1_301' title='bbox 1358 2831 1752 2901; x_wconf 78' lang='grc' dir='ltr'>περιθάλψατε,</span> 
     </span>
    </p>
   </div>
   <div class='ocr_carea' id='block_1_46' title="bbox 172 2918 1752 2993">
    <p class='ocr_par' dir='ltr' id='par_1_46' title="bbox 172 2918 1752 2993">
     <span class='ocr_line' id='line_1_46' title="bbox 172 2918 1752 2993; baseline 0.003 -21"><span class='ocrx_word' id='word_1_302' title='bbox 172 2921 274 2973; x_wconf 70' lang='grc' dir='ltr'><strong>καὶ</strong></span> <span class='ocrx_word' id='word_1_303' title='bbox 306 2918 383 2982; x_wconf 81' lang='grc' dir='ltr'>ὡς</span> <span class='ocrx_word' id='word_1_304' title='bbox 408 2918 558 2982; x_wconf 80' lang='grc' dir='ltr'>τάξιν</span> <span class='ocrx_word' id='word_1_305' title='bbox 592 2919 725 2972; x_wconf 84' lang='grc' dir='ltr'>υἱῶν</span> <span class='ocrx_word' id='word_1_306' title='bbox 755 2920 886 2990; x_wconf 88' lang='grc' dir='ltr'>παρ’</span> <span class='ocrx_word' id='word_1_307' title='bbox 920 2920 1071 2993; x_wconf 83' lang='grc' dir='ltr'><strong>αύτῷ</strong></span> <span class='ocrx_word' id='word_1_308' title='bbox 1116 2921 1373 2991; x_wconf 77' lang='grc' dir='ltr'>φέροντες</span> <span class='ocrx_word' id='word_1_309' title='bbox 1405 2922 1715 2993; x_wconf 76' lang='grc' dir='ltr'>ὑποτάγητε</span> <span class='ocrx_word' id='word_1_310' title='bbox 1737 2940 1752 2956; x_wconf 89' lang='grc'><strong>·</strong></span> 
     </span>
    </p>
   </div>
   <div class='ocr_carea' id='block_1_47' title="bbox 165 3011 1757 3085">
    <p class='ocr_par' dir='ltr' id='par_1_47' title="bbox 165 3011 1757 3085">
     <span class='ocr_line' id='line_1_47' title="bbox 165 3011 1757 3085; baseline 0.004 -21"><span class='ocrx_word' id='word_1_311' title='bbox 165 3011 565 3080; x_wconf 81' lang='grc' dir='ltr'>γινώσκοντες,</span> <span class='ocrx_word' id='word_1_312' title='bbox 604 3012 677 3075; x_wconf 82' lang='grc' dir='ltr'>ὡς</span> <span class='ocrx_word' id='word_1_313' title='bbox 721 3013 864 3066; x_wconf 85' lang='grc' dir='ltr'><strong>κατά</strong></span> <span class='ocrx_word' id='word_1_314' title='bbox 904 3012 1117 3067; x_wconf 86' lang='grc' dir='ltr'>Παῦλον</span> <span class='ocrx_word' id='word_1_315' title='bbox 1174 3014 1264 3066; x_wconf 74' lang='grc' dir='ltr'><strong>τὸν</strong></span> <span class='ocrx_word' id='word_1_316' title='bbox 1294 3014 1469 3085; x_wconf 80' lang='grc' dir='ltr'>μέγαν</span> <span class='ocrx_word' id='word_1_317' title='bbox 1502 3014 1757 3070; x_wconf 83' lang='grc' dir='ltr'>διδάσκα-</span> 
     </span>
    </p>
   </div>
   <div class='ocr_carea' id='block_1_48' title="bbox 170 3103 1757 3178">
    <p class='ocr_par' dir='ltr' id='par_1_48' title="bbox 170 3103 1757 3178">
     <span class='ocr_line' id='line_1_48' title="bbox 170 3103 1757 3178; baseline 0.004 -23"><span class='ocrx_word' id='word_1_318' title='bbox 170 3104 292 3165; x_wconf 88' lang='grc' dir='ltr'>λον,</span> <span class='ocrx_word' id='word_1_319' title='bbox 323 3103 647 3173; x_wconf 77' lang='grc' dir='ltr'>ἁκοιμήτοις</span> <span class='ocrx_word' id='word_1_320' title='bbox 697 3104 999 3175; x_wconf 80' lang='grc' dir='ltr'>ὀφθαλμοῖς</span> <span class='ocrx_word' id='word_1_321' title='bbox 1055 3107 1497 3177; x_wconf 77' lang='grc' dir='ltr'>ὲπαγρυπνήσει,</span> <span class='ocrx_word' id='word_1_322' title='bbox 1528 3111 1622 3161; x_wconf 72' lang='grc' dir='ltr'>καὶ</span> <span class='ocrx_word' id='word_1_323' title='bbox 1656 3108 1757 3178; x_wconf 84' lang='grc' dir='ltr'><strong>τῆς</strong></span> 
     </span>
    </p>
   </div>
   <div class='ocr_carea' id='block_1_49' title="bbox 168 3194 1827 3288">
    <p class='ocr_par' dir='ltr' id='par_1_49' title="bbox 168 3194 1827 3288">
     <span class='ocr_line' id='line_1_49' title="bbox 168 3194 1827 3288; baseline 0.004 -41"><span class='ocrx_word' id='word_1_324' title='bbox 168 3194 418 3265; x_wconf 76' lang='grc' dir='ltr'>ψυχικῆς</span> <span class='ocrx_word' id='word_1_325' title='bbox 453 3194 605 3264; x_wconf 78' lang='grc' dir='ltr'>ὑμῶν</span> <span class='ocrx_word' id='word_1_326' title='bbox 632 3195 903 3265; x_wconf 84' lang='grc' dir='ltr'>σωτηρίας</span> <span class='ocrx_word' id='word_1_327' title='bbox 930 3196 1191 3261; x_wconf 70' lang='grc' dir='ltr'>επιεικῶς</span> <span class='ocrx_word' id='word_1_328' title='bbox 1225 3199 1612 3269; x_wconf 76' lang='grc' dir='ltr'>προνοήσεται.</span> <span class='ocrx_word' id='word_1_329' title='bbox 1647 3199 1757 3252; x_wconf 76' lang='grc' dir='ltr'><strong>Καὶ</strong></span> <span class='ocrx_word' id='word_1_330' title='bbox 1776 3227 1827 3288; x_wconf 76' lang='lat' dir='ltr'><strong>c</strong></span> 
     </span>
    </p>
   </div>
   <div class='ocr_carea' id='block_1_50' title="bbox 173 3284 1757 3362">
    <p class='ocr_par' dir='ltr' id='par_1_50' title="bbox 173 3284 1757 3362">
     <span class='ocr_line' id='line_1_50' title="bbox 173 3284 1757 3362; baseline 0.004 -23"><span class='ocrx_word' id='word_1_331' title='bbox 173 3287 287 3357; x_wconf 88' lang='grc' dir='ltr'><strong>γάρ</strong></span> <span class='ocrx_word' id='word_1_332' title='bbox 317 3286 386 3339; x_wconf 83' lang='grc' dir='ltr'><strong>δι’</strong></span> <span class='ocrx_word' id='word_1_333' title='bbox 415 3284 582 3340; x_wconf 80' lang='grc' dir='ltr'>αὑτοῦ</span> <span class='ocrx_word' id='word_1_334' title='bbox 629 3286 785 3350; x_wconf 73' lang='grc' dir='ltr'>ἐλπὶς</span> <span class='ocrx_word' id='word_1_335' title='bbox 815 3288 954 3358; x_wconf 68' lang='grc' dir='ltr'>ἡμῖν</span> <span class='ocrx_word' id='word_1_336' title='bbox 985 3287 1179 3359; x_wconf 78' lang='grc' dir='ltr'>βεϐαία</span> <span class='ocrx_word' id='word_1_337' title='bbox 1207 3290 1346 3355; x_wconf 66' lang='grc' dir='ltr'>ἐστὶ,</span> <span class='ocrx_word' id='word_1_338' title='bbox 1390 3290 1461 3344; x_wconf 83' lang='grc' dir='ltr'><strong>τά</strong></span> <span class='ocrx_word' id='word_1_339' title='bbox 1488 3290 1757 3362; x_wconf 87' lang='grc' dir='ltr'>κράτιστα</span> 
     </span>
    </p>
   </div>
   <div class='ocr_carea' id='block_1_51' title="bbox 174 3378 1753 3455">
    <p class='ocr_par' dir='ltr' id='par_1_51' title="bbox 174 3378 1753 3455">
     <span class='ocr_line' id='line_1_51' title="bbox 174 3378 1753 3455; baseline 0.004 -22"><span class='ocrx_word' id='word_1_340' title='bbox 174 3384 336 3451; x_wconf 77' lang='grc' dir='ltr'><strong>παρά</strong></span> <span class='ocrx_word' id='word_1_341' title='bbox 360 3378 481 3448; x_wconf 87' lang='grc' dir='ltr'>Θεῷ</span> <span class='ocrx_word' id='word_1_342' title='bbox 514 3382 612 3433; x_wconf 81' lang='grc' dir='ltr'>καὶ</span> <span class='ocrx_word' id='word_1_343' title='bbox 661 3381 940 3452; x_wconf 77' lang='grc' dir='ltr'>σωτηρίας</span> <span class='ocrx_word' id='word_1_344' title='bbox 989 3381 1228 3451; x_wconf 76' lang='grc' dir='ltr'>ἐχόμενα</span> <span class='ocrx_word' id='word_1_345' title='bbox 1268 3384 1413 3453; x_wconf 75' lang='grc' dir='ltr'>ὑμᾶς</span> <span class='ocrx_word' id='word_1_346' title='bbox 1465 3383 1753 3455; x_wconf 78' lang='grc' dir='ltr'>λήψεσθαι.</span> 
     </span>
    </p>
   </div>
   <div class='ocr_carea' id='block_1_52' title="bbox 173 3471 1758 3544">
    <p class='ocr_par' dir='ltr' id='par_1_52' title="bbox 173 3471 1758 3544">
     <span class='ocr_line' id='line_1_52' title="bbox 173 3471 1758 3544; baseline 0.004 -19"><span class='ocrx_word' id='word_1_347' title='bbox 173 3471 243 3525; x_wconf 74' lang='lat' dir='ltr'><strong>Et</strong></span> <span class='ocrx_word' id='word_1_348' title='bbox 266 3472 379 3542; x_wconf 79' lang='grc' dir='ltr'><strong>γάρ</strong></span> <span class='ocrx_word' id='word_1_349' title='bbox 403 3471 554 3542; x_wconf 78' lang='grc' dir='ltr'><strong>αὑτῷ</strong></span> <span class='ocrx_word' id='word_1_350' title='bbox 587 3472 647 3525; x_wconf 80' lang='grc' dir='ltr'>τὸ</span> <span class='ocrx_word' id='word_1_351' title='bbox 676 3472 767 3537; x_wconf 82' lang='grc' dir='ltr'><strong>οῦς</strong></span> <span class='ocrx_word' id='word_1_352' title='bbox 799 3473 954 3544; x_wconf 84' lang='grc' dir='ltr'>ὑμῶν</span> <span class='ocrx_word' id='word_1_353' title='bbox 981 3474 1348 3541; x_wconf 82' lang='grc' dir='ltr'>ύποκλίνοιτε,</span> <span class='ocrx_word' id='word_1_354' title='bbox 1384 3477 1480 3531; x_wconf 78' lang='grc' dir='ltr'>καὶ</span> <span class='ocrx_word' id='word_1_355' title='bbox 1513 3480 1627 3541; x_wconf 81' lang='grc' dir='ltr'>τοῖς</span> <span class='ocrx_word' id='word_1_356' title='bbox 1664 3477 1758 3532; x_wconf 82' lang='grc' dir='ltr'>ὑπ’</span> 
     </span>
    </p>
   </div>
   <div class='ocr_carea' id='block_1_53' title="bbox 178 3563 1759 3640">
    <p class='ocr_par' dir='ltr' id='par_1_53' title="bbox 178 3563 1759 3640">
     <span class='ocr_line' id='line_1_53' title="bbox 178 3563 1759 3640; baseline 0.006 -23"><span class='ocrx_word' id='word_1_357' title='bbox 178 3563 351 3618; x_wconf 79' lang='grc' dir='ltr'>αὑτοῦ</span> <span class='ocrx_word' id='word_1_358' title='bbox 412 3564 733 3635; x_wconf 81' lang='grc' dir='ltr'>λεγομένοις</span> <span class='ocrx_word' id='word_1_359' title='bbox 797 3568 1161 3638; x_wconf 80' lang='grc' dir='ltr'>προσέχοιτε,</span> <span class='ocrx_word' id='word_1_360' title='bbox 1230 3568 1339 3623; x_wconf 85' lang='grc' dir='ltr'><strong>τῶν</strong></span> <span class='ocrx_word' id='word_1_361' title='bbox 1388 3568 1759 3640; x_wconf 69' lang='grc' dir='ltr'>ἐλπιζομένων</span> 
     </span>
    </p>
   </div>
   <div class='ocr_carea' id='block_1_54' title="bbox 179 3654 1758 3734">
    <p class='ocr_par' dir='ltr' id='par_1_54' title="bbox 179 3654 1758 3734">
     <span class='ocr_line' id='line_1_54' title="bbox 179 3654 1758 3734; baseline 0.004 -26"><span class='ocrx_word' id='word_1_362' title='bbox 179 3656 407 3725; x_wconf 81' lang='grc' dir='ltr'>ἀγαθῶν</span> <span class='ocrx_word' id='word_1_363' title='bbox 426 3654 824 3723; x_wconf 67' lang='grc' dir='ltr'>ἐπιτεύξοισθε,</span> <span class='ocrx_word' id='word_1_364' title='bbox 849 3660 946 3711; x_wconf 74' lang='grc' dir='ltr'><strong>καὶ</strong></span> <span class='ocrx_word' id='word_1_365' title='bbox 972 3658 1082 3712; x_wconf 88' lang='grc' dir='ltr'><strong>τῶν</strong></span> <span class='ocrx_word' id='word_1_366' title='bbox 1108 3659 1317 3715; x_wconf 71' lang='grc' dir='ltr'>ἐκεῖθεν</span> <span class='ocrx_word' id='word_1_367' title='bbox 1346 3661 1591 3731; x_wconf 70' lang='grc' dir='ltr'>ἀμοιδῶν</span> <span class='ocrx_word' id='word_1_368' title='bbox 1608 3662 1758 3734; x_wconf 78' lang='grc' dir='ltr'>αὐτῷ</span> 
     </span>
    </p>
   </div>
   <div class='ocr_carea' id='block_1_55' title="bbox 180 3748 1753 3819">
    <p class='ocr_par' dir='ltr' id='par_1_55' title="bbox 180 3748 1753 3819">
     <span class='ocr_line' id='line_1_55' title="bbox 180 3748 1753 3819; baseline 0.003 -20"><span class='ocrx_word' id='word_1_369' title='bbox 180 3749 648 3818; x_wconf 84' lang='grc' dir='ltr'>συμμετάσχοιτε.</span> <span class='ocrx_word' id='word_1_370' title='bbox 706 3748 818 3818; x_wconf 77' lang='grc' dir='ltr'><strong>Πρὸ</strong></span> <span class='ocrx_word' id='word_1_371' title='bbox 866 3749 923 3803; x_wconf 77' lang='grc' dir='ltr'>δὲ</span> <span class='ocrx_word' id='word_1_372' title='bbox 973 3750 1203 3819; x_wconf 86' lang='grc' dir='ltr'>τούτων,</span> <span class='ocrx_word' id='word_1_373' title='bbox 1235 3753 1331 3805; x_wconf 77' lang='grc' dir='ltr'>καὶ</span> <span class='ocrx_word' id='word_1_374' title='bbox 1372 3753 1460 3806; x_wconf 77' lang='grc' dir='ltr'><strong>διά</strong></span> <span class='ocrx_word' id='word_1_375' title='bbox 1516 3753 1753 3818; x_wconf 83' lang='grc' dir='ltr'>πάντων,</span> 
     </span>
    </p>
   </div>
   <div class='ocr_carea' id='block_1_56' title="bbox 175 3838 1756 3914">
    <p class='ocr_par' dir='ltr' id='par_1_56' title="bbox 175 3838 1756 3914">
     <span class='ocr_line' id='line_1_56' title="bbox 175 3838 1756 3914; baseline 0.003 -24"><span class='ocrx_word' id='word_1_376' title='bbox 175 3839 397 3909; x_wconf 78' lang='grc' dir='ltr'>δεήσεις</span> <span class='ocrx_word' id='word_1_377' title='bbox 436 3839 675 3902; x_wconf 71' lang='grc' dir='ltr'>ἐκτενεῖς</span> <span class='ocrx_word' id='word_1_378' title='bbox 713 3840 808 3892; x_wconf 83' lang='grc' dir='ltr'>καὶ</span> <span class='ocrx_word' id='word_1_379' title='bbox 852 3838 1125 3906; x_wconf 72' lang='grc' dir='ltr'>ὲντεύξεις</span> <span class='ocrx_word' id='word_1_380' title='bbox 1171 3841 1439 3911; x_wconf 80' lang='grc' dir='ltr'>διηνεκεῖς</span> <span class='ocrx_word' id='word_1_381' title='bbox 1483 3842 1624 3914; x_wconf 83' lang='grc' dir='ltr'>ὑπὲρ</span> <span class='ocrx_word' id='word_1_382' title='bbox 1659 3843 1756 3896; x_wconf 85' lang='grc' dir='ltr'><strong>τοῦ</strong></span> 
     </span>
    </p>
   </div>
   <div class='ocr_carea' id='block_1_57' title="bbox 185 3928 1758 4005">
    <p class='ocr_par' dir='ltr' id='par_1_57' title="bbox 185 3928 1758 4005">
     <span class='ocr_line' id='line_1_57' title="bbox 185 3928 1758 4005; baseline 0.004 -24"><span class='ocrx_word' id='word_1_383' title='bbox 185 3928 451 3999; x_wconf 77' lang='grc' dir='ltr'>σωτηρίου</span> <span class='ocrx_word' id='word_1_384' title='bbox 498 3928 732 4000; x_wconf 76' lang='grc' dir='ltr'>κράτους</span> <span class='ocrx_word' id='word_1_385' title='bbox 760 3929 870 3985; x_wconf 82' lang='grc' dir='ltr'><strong>τῶν</strong></span> <span class='ocrx_word' id='word_1_386' title='bbox 902 3930 970 3984; x_wconf 70' lang='grc' dir='ltr'><strong>εκ</strong></span> <span class='ocrx_word' id='word_1_387' title='bbox 1008 3931 1146 3986; x_wconf 83' lang='grc' dir='ltr'>Θεοῦ</span> <span class='ocrx_word' id='word_1_388' title='bbox 1174 3932 1614 4005; x_wconf 86' lang='grc' dir='ltr'>προλαμπόντων</span> <span class='ocrx_word' id='word_1_389' title='bbox 1658 3952 1758 4005; x_wconf 72' lang='grc' dir='ltr'>με-</span> 
     </span>
    </p>
   </div>
   <div class='ocr_carea' id='block_1_58' title="bbox 183 4020 1757 4098">
    <p class='ocr_par' dir='ltr' id='par_1_58' title="bbox 183 4020 1757 4098">
     <span class='ocr_line' id='line_1_58' title="bbox 183 4020 1757 4098; baseline 0.003 -23"><span class='ocrx_word' id='word_1_390' title='bbox 183 4020 368 4087; x_wconf 67' lang='grc' dir='ltr'>γάλων</span> <span class='ocrx_word' id='word_1_391' title='bbox 429 4021 708 4090; x_wconf 54' lang='grc' dir='ltr'>,βασιλέων</span> <span class='ocrx_word' id='word_1_392' title='bbox 765 4021 925 4093; x_wconf 74' lang='grc' dir='ltr'>ἡμῶν</span> <span class='ocrx_word' id='word_1_393' title='bbox 971 4025 1244 4080; x_wconf 81' lang='grc' dir='ltr'>ποιεῖσθαι</span> <span class='ocrx_word' id='word_1_394' title='bbox 1300 4026 1377 4098; x_wconf 79' lang='grc' dir='ltr'>μὴ</span> <span class='ocrx_word' id='word_1_395' title='bbox 1422 4026 1757 4081; x_wconf 70' lang='grc' dir='ltr'>διαλιποιτεο</span> 
     </span>
    </p>
   </div>
   <div class='ocr_carea' id='block_1_59' title="bbox 180 4109 1759 4187">
    <p class='ocr_par' dir='ltr' id='par_1_59' title="bbox 180 4109 1759 4187">
     <span class='ocr_line' id='line_1_59' title="bbox 180 4109 1759 4187; baseline 0.006 -26"><span class='ocrx_word' id='word_1_396' title='bbox 180 4110 333 4172; x_wconf 80' lang='grc' dir='ltr'>ὅπως</span> <span class='ocrx_word' id='word_1_397' title='bbox 360 4110 565 4179; x_wconf 79' lang='grc' dir='ltr'>Κύριος</span> <span class='ocrx_word' id='word_1_398' title='bbox 610 4112 640 4163; x_wconf 89' lang='grc' dir='ltr'><strong>ό</strong></span> <span class='ocrx_word' id='word_1_399' title='bbox 679 4109 815 4174; x_wconf 78' lang='grc' dir='ltr'>Θεὸς</span> <span class='ocrx_word' id='word_1_400' title='bbox 840 4113 868 4164; x_wconf 98' lang='lat'><strong>6</strong></span> <span class='ocrx_word' id='word_1_401' title='bbox 901 4112 1124 4185; x_wconf 66' lang='grc' dir='ltr'>στέψας,</span> <span class='ocrx_word' id='word_1_402' title='bbox 1159 4116 1256 4168; x_wconf 69' lang='grc' dir='ltr'>καὶ</span> <span class='ocrx_word' id='word_1_403' title='bbox 1295 4116 1623 4187; x_wconf 72' lang='grc' dir='ltr'>συμμαχῶν,</span> <span class='ocrx_word' id='word_1_404' title='bbox 1666 4118 1759 4170; x_wconf 82' lang='grc' dir='ltr'>καὶ</span> 
     </span>
    </p>
   </div>
   <div class='ocr_carea' id='block_1_60' title="bbox 184 4204 1760 4280">
    <p class='ocr_par' dir='ltr' id='par_1_60' title="bbox 184 4204 1760 4280">
     <span class='ocr_line' id='line_1_60' title="bbox 184 4204 1760 4280; baseline 0.006 -25"><span class='ocrx_word' id='word_1_405' title='bbox 184 4206 495 4272; x_wconf 79' lang='grc' dir='ltr'>νικητικαῐς</span> <span class='ocrx_word' id='word_1_406' title='bbox 522 4204 848 4275; x_wconf 81' lang='grc' dir='ltr'>εὐημερίαις</span> <span class='ocrx_word' id='word_1_407' title='bbox 881 4204 980 4276; x_wconf 80' lang='grc' dir='ltr'>τὴν</span> <span class='ocrx_word' id='word_1_408' title='bbox 1011 4206 1271 4278; x_wconf 81' lang='grc' dir='ltr'>γαλήνιον</span> <span class='ocrx_word' id='word_1_409' title='bbox 1315 4209 1619 4280; x_wconf 79' lang='grc' dir='ltr'>κεφαλὴν⁶⁸</span> <span class='ocrx_word' id='word_1_410' title='bbox 1658 4211 1760 4264; x_wconf 87' lang='grc' dir='ltr'>αύ-</span> 
     </span>
    </p>
   </div>
   <div class='ocr_carea' id='block_1_61' title="bbox 182 4295 1761 4372">
    <p class='ocr_par' dir='ltr' id='par_1_61' title="bbox 182 4295 1761 4372">
     <span class='ocr_line' id='line_1_61' title="bbox 182 4295 1761 4372; baseline 0.006 -26"><span class='ocrx_word' id='word_1_411' title='bbox 182 4295 293 4347; x_wconf 88' lang='grc' dir='ltr'><strong>τῶν</strong></span> <span class='ocrx_word' id='word_1_412' title='bbox 329 4295 565 4362; x_wconf 76' lang='grc' dir='ltr'>στέφων,</span> <span class='ocrx_word' id='word_1_413' title='bbox 585 4296 681 4348; x_wconf 73' lang='grc' dir='ltr'><strong>ἐπὶ</strong></span> <span class='ocrx_word' id='word_1_414' title='bbox 706 4295 889 4350; x_wconf 74' lang='grc' dir='ltr'>πλεῖον</span> <span class='ocrx_word' id='word_1_415' title='bbox 922 4297 1016 4350; x_wconf 75' lang='grc' dir='ltr'>καὶ</span> <span class='ocrx_word' id='word_1_416' title='bbox 1043 4296 1227 4352; x_wconf 78' lang='grc' dir='ltr'>πλεῖον</span> <span class='ocrx_word' id='word_1_417' title='bbox 1255 4301 1376 4364; x_wconf 83' lang='grc' dir='ltr'>ταῖς</span> <span class='ocrx_word' id='word_1_418' title='bbox 1398 4300 1518 4353; x_wconf 82' lang='grc' dir='ltr'>κατ’</span> <span class='ocrx_word' id='word_1_419' title='bbox 1546 4301 1761 4372; x_wconf 69' lang='grc' dir='ltr'>ἐαθρῶν</span> 
     </span>
    </p>
   </div>
   <div class='ocr_carea' id='block_1_62' title="bbox 180 4385 1761 4465">
    <p class='ocr_par' dir='ltr' id='par_1_62' title="bbox 180 4385 1761 4465">
     <span class='ocr_line' id='line_1_62' title="bbox 180 4385 1761 4465; baseline 0.005 -24"><span class='ocrx_word' id='word_1_420' title='bbox 180 4385 491 4458; x_wconf 72' lang='grc' dir='ltr'>ἀνυψώσειε</span> <span class='ocrx_word' id='word_1_421' title='bbox 550 4392 881 4465; x_wconf 72' lang='grc' dir='ltr'>προκοπαῖς,</span> <span class='ocrx_word' id='word_1_422' title='bbox 930 4391 1184 4463; x_wconf 78' lang='grc' dir='ltr'>φρουρῶν</span> <span class='ocrx_word' id='word_1_423' title='bbox 1242 4395 1335 4447; x_wconf 81' lang='grc' dir='ltr'>καὶ</span> <span class='ocrx_word' id='word_1_424' title='bbox 1383 4392 1761 4463; x_wconf 82' lang='grc' dir='ltr'>διαφυλάττων</span> 
     </span>
    </p>
   </div>
   <div class='ocr_carea' id='block_1_63' title="bbox 1854 1996 3440 2070">
    <p class='ocr_par' dir='ltr' id='par_1_63' title="bbox 1854 1996 3440 2070">
     <span class='ocr_line' id='line_1_63' title="bbox 1854 1996 3440 2070; baseline -0.004 -16"><span class='ocrx_word' id='word_1_425' title='bbox 1854 2009 1981 2055; x_wconf 82' lang='lat' dir='ltr'><strong>ante</strong></span> <span class='ocrx_word' id='word_1_426' title='bbox 2002 2000 2187 2053; x_wconf 82' lang='lat' dir='ltr'><strong>omnia</strong></span> <span class='ocrx_word' id='word_1_427' title='bbox 2215 1999 2471 2070; x_wconf 88' lang='lat' dir='ltr'><strong>principii</strong></span> <span class='ocrx_word' id='word_1_428' title='bbox 2498 1998 2738 2068; x_wconf 87' lang='lat' dir='ltr'><strong>expertis</strong></span> <span class='ocrx_word' id='word_1_429' title='bbox 2762 1996 3133 2059; x_wconf 77' lang='lat' dir='ltr'><strong>invocatione,</strong></span> <span class='ocrx_word' id='word_1_430' title='bbox 3159 2004 3440 2050; x_wconf 86' lang='lat' dir='ltr'><strong>annuente</strong></span> 
     </span>
    </p>
   </div>
   <div class='ocr_carea' id='block_1_64' title="bbox 1855 2089 3442 2161">
    <p class='ocr_par' dir='ltr' id='par_1_64' title="bbox 1855 2089 3442 2161">
     <span class='ocr_line' id='line_1_64' title="bbox 1855 2089 3442 2161; baseline -0.003 -15"><span class='ocrx_word' id='word_1_431' title='bbox 1855 2092 2021 2147; x_wconf 90' lang='lat' dir='ltr'><strong>simul</strong></span> <span class='ocrx_word' id='word_1_432' title='bbox 2056 2102 2279 2160; x_wconf 87' lang='lat' dir='ltr'><strong>experte</strong></span> <span class='ocrx_word' id='word_1_433' title='bbox 2324 2092 2577 2161; x_wconf 85' lang='lat' dir='ltr'><strong>principii</strong></span> <span class='ocrx_word' id='word_1_434' title='bbox 2617 2090 2781 2155; x_wconf 90' lang='lat' dir='ltr'><strong>Filio,</strong></span> <span class='ocrx_word' id='word_1_435' title='bbox 2832 2098 3165 2159; x_wconf 86' lang='lat' dir='ltr'><strong>cooperante</strong></span> <span class='ocrx_word' id='word_1_436' title='bbox 3195 2089 3442 2144; x_wconf 88' lang='lat' dir='ltr'><strong>consub-</strong></span> 
     </span>
    </p>
   </div>
   <div class='ocr_carea' id='block_1_65' title="bbox 1858 2181 3439 2253">
    <p class='ocr_par' dir='ltr' id='par_1_65' title="bbox 1858 2181 3439 2253">
     <span class='ocr_line' id='line_1_65' title="bbox 1858 2181 3439 2253; baseline -0.004 -14"><span class='ocrx_word' id='word_1_437' title='bbox 1858 2183 2103 2240; x_wconf 84' lang='lat' dir='ltr'><strong>stantiali</strong></span> <span class='ocrx_word' id='word_1_438' title='bbox 2150 2198 2215 2238; x_wconf 90' lang='lat' dir='ltr'><strong>ac</strong></span> <span class='ocrx_word' id='word_1_439' title='bbox 2260 2184 2509 2253; x_wconf 85' lang='lat' dir='ltr'><strong>principe</strong></span> <span class='ocrx_word' id='word_1_440' title='bbox 2568 2181 2802 2253; x_wconf 89' lang='lat' dir='ltr'><strong>Spiritu,</strong></span> <span class='ocrx_word' id='word_1_441' title='bbox 2840 2190 3101 2251; x_wconf 84' lang='lat' dir='ltr'><strong>tanquam</strong></span> <span class='ocrx_word' id='word_1_442' title='bbox 3134 2182 3345 2235; x_wconf 85' lang='lat' dir='ltr'><strong>minimi</strong></span> <span class='ocrx_word' id='word_1_443' title='bbox 3382 2190 3439 2236; x_wconf 89' lang='lat' dir='ltr'><strong>et</strong></span> 
     </span>
    </p>
   </div>
   <div class='ocr_carea' id='block_1_66' title="bbox 1857 2273 3437 2347">
    <p class='ocr_par' dir='ltr' id='par_1_66' title="bbox 1857 2273 3437 2347">
     <span class='ocr_line' id='line_1_66' title="bbox 1857 2273 3437 2347; baseline -0.003 -17"><span class='ocrx_word' id='word_1_444' title='bbox 1857 2276 2067 2347; x_wconf 84' lang='lat' dir='ltr'><strong>indigni</strong></span> <span class='ocrx_word' id='word_1_445' title='bbox 2119 2291 2344 2330; x_wconf 87' lang='lat' dir='ltr'><strong>manum</strong></span> <span class='ocrx_word' id='word_1_446' title='bbox 2408 2275 2887 2346; x_wconf 85' lang='lat' dir='ltr'><strong>imposuissemus,</strong></span> <span class='ocrx_word' id='word_1_447' title='bbox 2944 2281 2999 2328; x_wconf 89' lang='lat' dir='ltr'><strong>et</strong></span> <span class='ocrx_word' id='word_1_448' title='bbox 3050 2274 3152 2327; x_wconf 89' lang='lat' dir='ltr'><strong>rite</strong></span> <span class='ocrx_word' id='word_1_449' title='bbox 3202 2288 3325 2343; x_wconf 76' lang='lat' dir='ltr'><strong>qua:</strong></span> <span class='ocrx_word' id='word_1_450' title='bbox 3368 2273 3437 2326; x_wconf 84' lang='lat' dir='ltr'><strong>ad</strong></span> 
     </span>
    </p>
   </div>
   <div class='ocr_carea' id='block_1_67' title="bbox 1858 2365 3437 2438">
    <p class='ocr_par' dir='ltr' id='par_1_67' title="bbox 1858 2365 3437 2438">
     <span class='ocr_line' id='line_1_67' title="bbox 1858 2365 3437 2438; baseline -0.001 -16"><span class='ocrx_word' id='word_1_451' title='bbox 1858 2369 2041 2438; x_wconf 90' lang='lat' dir='ltr'><strong>ipsum</strong></span> <span class='ocrx_word' id='word_1_452' title='bbox 2091 2368 2459 2438; x_wconf 87' lang='lat' dir='ltr'><strong>pertinerent,</strong></span> <span class='ocrx_word' id='word_1_453' title='bbox 2534 2368 3049 2437; x_wconf 67' lang='lat' dir='ltr'><strong>expedit-issemus,</strong></span> <span class='ocrx_word' id='word_1_454' title='bbox 3086 2381 3235 2421; x_wconf 86' lang='lat' dir='ltr'><strong>.cum</strong></span> <span class='ocrx_word' id='word_1_455' title='bbox 3282 2365 3437 2421; x_wconf 84' lang='lat' dir='ltr'><strong>urbis</strong></span> 
     </span>
    </p>
   </div>
   <div class='ocr_carea' id='block_1_68' title="bbox 1856 2457 3436 2527">
    <p class='ocr_par' dir='ltr' id='par_1_68' title="bbox 1856 2457 3436 2527">
     <span class='ocr_line' id='line_1_68' title="bbox 1856 2457 3436 2527; baseline -0.003 -13"><span class='ocrx_word' id='word_1_456' title='bbox 1856 2467 2077 2523; x_wconf 63' lang='lat' dir='ltr'><strong>vestra},</strong></span> <span class='ocrx_word' id='word_1_457' title='bbox 2110 2459 2313 2514; x_wconf 60' lang='lat' dir='ltr'><strong>divina:</strong></span> <span class='ocrx_word' id='word_1_458' title='bbox 2341 2458 2612 2515; x_wconf 74' lang='lat' dir='ltr'><strong>custodia:</strong></span> <span class='ocrx_word' id='word_1_459' title='bbox 2659 2457 3077 2523; x_wconf 66' lang='lat' dir='ltr'><strong>commendatae,</strong></span> <span class='ocrx_word' id='word_1_460' title='bbox 3122 2458 3436 2527; x_wconf 80' lang='lat' dir='ltr'><strong>pontiﬁcem</strong></span> 
     </span>
    </p>
   </div>
   <div class='ocr_carea' id='block_1_69' title="bbox 1860 2548 3438 2621">
    <p class='ocr_par' dir='ltr' id='par_1_69' title="bbox 1860 2548 3438 2621">
     <span class='ocr_line' id='line_1_69' title="bbox 1860 2548 3438 2621; baseline -0.004 -16"><span class='ocrx_word' id='word_1_461' title='bbox 1860 2550 2296 2621; x_wconf 86' lang='lat' dir='ltr'><strong>designavimus.</strong></span> <span class='ocrx_word' id='word_1_462' title='bbox 2355 2548 2634 2605; x_wconf 88' lang='lat' dir='ltr'><strong>Lubentes</strong></span> <span class='ocrx_word' id='word_1_463' title='bbox 2703 2549 2891 2619; x_wconf 87' lang='lat' dir='ltr'><strong>igitur,</strong></span> <span class='ocrx_word' id='word_1_464' title='bbox 2944 2557 2999 2604; x_wconf 83' lang='lat' dir='ltr'><strong>et</strong></span> <span class='ocrx_word' id='word_1_465' title='bbox 3050 2549 3274 2615; x_wconf 82' lang='lat' dir='ltr'><strong>hilares,</strong></span> <span class='ocrx_word' id='word_1_466' title='bbox 3321 2555 3438 2604; x_wconf 83' lang='lat' dir='ltr'><strong>toto</strong></span> 
     </span>
    </p>
   </div>
   <div class='ocr_carea' id='block_1_70' title="bbox 1858 2642 3438 2713">
    <p class='ocr_par' dir='ltr' id='par_1_70' title="bbox 1858 2642 3438 2713">
     <span class='ocr_line' id='line_1_70' title="bbox 1858 2642 3438 2713; baseline -0.003 -13"><span class='ocrx_word' id='word_1_467' title='bbox 1858 2644 2024 2700; x_wconf 89' lang='lat' dir='ltr'><strong>corde</strong></span> <span class='ocrx_word' id='word_1_468' title='bbox 2054 2653 2221 2713; x_wconf 88' lang='lat' dir='ltr'><strong>atque</strong></span> <span class='ocrx_word' id='word_1_469' title='bbox 2249 2642 2436 2697; x_wconf 91' lang='lat' dir='ltr'><strong>animo</strong></span> <span class='ocrx_word' id='word_1_470' title='bbox 2466 2643 2619 2696; x_wconf 74' lang='lat' dir='ltr'><strong>illum</strong></span> <span class='ocrx_word' id='word_1_471' title='bbox 2670 2644 2932 2713; x_wconf 70' lang='lat' dir='ltr'><strong>excipite,</strong></span> <span class='ocrx_word' id='word_1_472' title='bbox 2962 2657 3064 2697; x_wconf 90' lang='lat' dir='ltr'><strong>ceu</strong></span> <span class='ocrx_word' id='word_1_473' title='bbox 3106 2651 3317 2713; x_wconf 79' lang='lat' dir='ltr'><strong>patrem</strong></span> <span class='ocrx_word' id='word_1_474' title='bbox 3344 2657 3438 2695; x_wconf 89' lang='lat' dir='ltr'><strong>re-</strong></span> 
     </span>
    </p>
   </div>
   <div class='ocr_carea' id='block_1_71' title="bbox 1860 2735 3439 2807">
    <p class='ocr_par' dir='ltr' id='par_1_71' title="bbox 1860 2735 3439 2807">
     <span class='ocr_line' id='line_1_71' title="bbox 1860 2735 3439 2807; baseline -0.003 -15"><span class='ocrx_word' id='word_1_475' title='bbox 1860 2738 2150 2801; x_wconf 85' lang='lat' dir='ltr'><strong>veremini,</strong></span> <span class='ocrx_word' id='word_1_476' title='bbox 2181 2752 2280 2792; x_wconf 92' lang='lat' dir='ltr'><strong>ceu</strong></span> <span class='ocrx_word' id='word_1_477' title='bbox 2314 2745 2604 2792; x_wconf 80' lang='lat' dir='ltr'><strong>vocantem</strong></span> <span class='ocrx_word' id='word_1_478' title='bbox 2630 2752 2727 2791; x_wconf 83' lang='lat' dir='ltr'><strong>vos</strong></span> <span class='ocrx_word' id='word_1_479' title='bbox 2770 2743 3045 2807; x_wconf 78' lang='lat' dir='ltr'><strong>pastorem</strong></span> <span class='ocrx_word' id='word_1_480' title='bbox 3101 2735 3439 2790; x_wconf 87' lang='lat' dir='ltr'><strong>unanimiter</strong></span> 
     </span>
    </p>
   </div>
   <div class='ocr_carea' id='block_1_72' title="bbox 1856 2828 3435 2901">
    <p class='ocr_par' dir='ltr' id='par_1_72' title="bbox 1856 2828 3435 2901">
     <span class='ocr_line' id='line_1_72' title="bbox 1856 2828 3435 2901; baseline -0.003 -17"><span class='ocrx_word' id='word_1_481' title='bbox 1856 2831 2162 2901; x_wconf 84' lang='lat' dir='ltr'><strong>agnoscite,</strong></span> <span class='ocrx_word' id='word_1_482' title='bbox 2194 2843 2293 2885; x_wconf 90' lang='lat' dir='ltr'><strong>ceu</strong></span> <span class='ocrx_word' id='word_1_483' title='bbox 2322 2829 2518 2884; x_wconf 89' lang='lat' dir='ltr'><strong>ducem</strong></span> <span class='ocrx_word' id='word_1_484' title='bbox 2551 2828 2621 2884; x_wconf 89' lang='lat' dir='ltr'><strong>ad</strong></span> <span class='ocrx_word' id='word_1_485' title='bbox 2654 2828 2889 2885; x_wconf 86' lang='lat' dir='ltr'><strong>salutem</strong></span> <span class='ocrx_word' id='word_1_486' title='bbox 2924 2844 3022 2883; x_wconf 78' lang='lat' dir='ltr'><strong>vos</strong></span> <span class='ocrx_word' id='word_1_487' title='bbox 3064 2828 3435 2897; x_wconf 87' lang='lat' dir='ltr'><strong>impellentem</strong></span> 
     </span>
    </p>
   </div>
   <div class='ocr_carea' id='block_1_73' title="bbox 1858 2918 3436 2992">
    <p class='ocr_par' dir='ltr' id='par_1_73' title="bbox 1858 2918 3436 2992">
     <span class='ocr_line' id='line_1_73' title="bbox 1858 2918 3436 2992; baseline -0.003 -15"><span class='ocrx_word' id='word_1_488' title='bbox 1858 2921 2180 2992; x_wconf 87' lang='lat' dir='ltr'><strong>sequimini,</strong></span> <span class='ocrx_word' id='word_1_489' title='bbox 2211 2936 2311 2975; x_wconf 88' lang='lat' dir='ltr'><strong>ceu</strong></span> <span class='ocrx_word' id='word_1_490' title='bbox 2335 2928 2550 2991; x_wconf 89' lang='lat' dir='ltr'><strong>captam</strong></span> <span class='ocrx_word' id='word_1_491' title='bbox 2589 2935 2621 2975; x_wconf 90' lang='lat' dir='ltr'><strong>a</strong></span> <span class='ocrx_word' id='word_1_492' title='bbox 2648 2921 2804 2977; x_wconf 75' lang='lat' dir='ltr'><strong>vobis</strong></span> <span class='ocrx_word' id='word_1_493' title='bbox 2838 2919 3077 2991; x_wconf 75' lang='lat' dir='ltr'><strong>praedam</strong></span> <span class='ocrx_word' id='word_1_494' title='bbox 3110 2918 3308 2984; x_wconf 83' lang='lat' dir='ltr'><strong>l‘ovete,</strong></span> <span class='ocrx_word' id='word_1_495' title='bbox 3335 2934 3436 2975; x_wconf 83' lang='lat' dir='ltr'><strong>ceu</strong></span> 
     </span>
    </p>
   </div>
   <div class='ocr_carea' id='block_1_74' title="bbox 1850 3013 3436 3084">
    <p class='ocr_par' dir='ltr' id='par_1_74' title="bbox 1850 3013 3436 3084">
     <span class='ocr_line' id='line_1_74' title="bbox 1850 3013 3436 3084; baseline -0.001 -15"><span class='ocrx_word' id='word_1_496' title='bbox 1850 3015 2098 3069; x_wconf 68' lang='lat' dir='ltr'><strong>ﬁliorum</strong></span> <span class='ocrx_word' id='word_1_497' title='bbox 2130 3013 2234 3084; x_wconf 87' lang='lat' dir='ltr'><strong>ipsi</strong></span> <span class='ocrx_word' id='word_1_498' title='bbox 2263 3013 2388 3068; x_wconf 92' lang='lat' dir='ltr'><strong>loco</strong></span> <span class='ocrx_word' id='word_1_499' title='bbox 2417 3013 2706 3069; x_wconf 89' lang='lat' dir='ltr'><strong>constituti</strong></span> <span class='ocrx_word' id='word_1_500' title='bbox 2742 3013 3113 3069; x_wconf 86' lang='lat' dir='ltr'><strong>obedientiam</strong></span> <span class='ocrx_word' id='word_1_501' title='bbox 3135 3022 3393 3083; x_wconf 68' lang='lat' dir='ltr'><strong>praestate</strong></span> <span class='ocrx_word' id='word_1_502' title='bbox 3420 3031 3436 3067; x_wconf 91' lang='lat'><strong>:</strong></span> 
     </span>
    </p>
   </div>
   <div class='ocr_carea' id='block_1_75' title="bbox 1858 3104 3440 3176">
    <p class='ocr_par' dir='ltr' id='par_1_75' title="bbox 1858 3104 3440 3176">
     <span class='ocr_line' id='line_1_75' title="bbox 1858 3104 3440 3176; baseline -0.001 -13"><span class='ocrx_word' id='word_1_503' title='bbox 1858 3107 2100 3163; x_wconf 85' lang='lat' dir='ltr'><strong>scientes</strong></span> <span class='ocrx_word' id='word_1_504' title='bbox 2126 3122 2276 3171; x_wconf 89' lang='lat' dir='ltr'><strong>eum,</strong></span> <span class='ocrx_word' id='word_1_505' title='bbox 2307 3104 2375 3162; x_wconf 89' lang='lat' dir='ltr'><strong>de</strong></span> <span class='ocrx_word' id='word_1_506' title='bbox 2405 3107 2558 3164; x_wconf 86' lang='lat' dir='ltr'><strong>illius</strong></span> <span class='ocrx_word' id='word_1_507' title='bbox 2587 3106 2771 3176; x_wconf 78' lang='lat' dir='ltr'><strong>magni</strong></span> <span class='ocrx_word' id='word_1_508' title='bbox 2815 3105 3060 3163; x_wconf 87' lang='lat' dir='ltr'><strong>doctoris</strong></span> <span class='ocrx_word' id='word_1_509' title='bbox 3112 3105 3267 3161; x_wconf 83' lang='lat' dir='ltr'><strong>Pauli</strong></span> <span class='ocrx_word' id='word_1_510' title='bbox 3311 3122 3440 3162; x_wconf 87' lang='lat' dir='ltr'><strong>sen-</strong></span> 
     </span>
    </p>
   </div>
   <div class='ocr_carea' id='block_1_76' title="bbox 1861 3199 3437 3271">
    <p class='ocr_par' dir='ltr' id='par_1_76' title="bbox 1861 3199 3437 3271">
     <span class='ocr_line' id='line_1_76' title="bbox 1861 3199 3437 3271; baseline -0.001 -16"><span class='ocrx_word' id='word_1_511' title='bbox 1861 3201 2056 3266; x_wconf 87' lang='lat' dir='ltr'><strong>tentia,</strong></span> <span class='ocrx_word' id='word_1_512' title='bbox 2089 3215 2187 3271; x_wconf 91' lang='lat' dir='ltr'><strong>pro</strong></span> <span class='ocrx_word' id='word_1_513' title='bbox 2210 3200 2367 3255; x_wconf 81' lang='lat' dir='ltr'><strong>vobis</strong></span> <span class='ocrx_word' id='word_1_514' title='bbox 2399 3199 2747 3256; x_wconf 81' lang='lat' dir='ltr'><strong>insomnibus</strong></span> <span class='ocrx_word' id='word_1_515' title='bbox 2774 3200 2949 3256; x_wconf 85' lang='lat' dir='ltr'><strong>oculis</strong></span> <span class='ocrx_word' id='word_1_516' title='bbox 2972 3200 3345 3271; x_wconf 83' lang='lat' dir='ltr'><strong>vigilaturum,</strong></span> <span class='ocrx_word' id='word_1_517' title='bbox 3373 3214 3437 3254; x_wconf 87' lang='lat' dir='ltr'><strong>ac</strong></span> 
     </span>
    </p>
   </div>
   <div class='ocr_carea' id='block_1_77' title="bbox 1860 3291 3440 3348">
    <p class='ocr_par' dir='ltr' id='par_1_77' title="bbox 1860 3291 3440 3348">
     <span class='ocr_line' id='line_1_77' title="bbox 1860 3291 3440 3348; baseline -0.001 0"><span class='ocrx_word' id='word_1_518' title='bbox 1860 3292 2108 3348; x_wconf 88' lang='lat' dir='ltr'><strong>studiose</strong></span> <span class='ocrx_word' id='word_1_519' title='bbox 2137 3291 2331 3347; x_wconf 86' lang='lat' dir='ltr'><strong>salutis</strong></span> <span class='ocrx_word' id='word_1_520' title='bbox 2356 3292 2668 3346; x_wconf 85' lang='lat' dir='ltr'><strong>animarum</strong></span> <span class='ocrx_word' id='word_1_521' title='bbox 2697 3300 3011 3347; x_wconf 83' lang='lat' dir='ltr'><strong>vestrarum</strong></span> <span class='ocrx_word' id='word_1_522' title='bbox 3043 3293 3310 3348; x_wconf 87' lang='lat' dir='ltr'><strong>rationem</strong></span> <span class='ocrx_word' id='word_1_523' title='bbox 3344 3292 3440 3347; x_wconf 88' lang='lat' dir='ltr'><strong>ba-</strong></span> 
     </span>
    </p>
   </div>
   <div class='ocr_carea' id='block_1_78' title="bbox 1859 3381 3437 3452">
    <p class='ocr_par' dir='ltr' id='par_1_78' title="bbox 1859 3381 3437 3452">
     <span class='ocr_line' id='line_1_78' title="bbox 1859 3381 3437 3452; baseline -0.001 -12"><span class='ocrx_word' id='word_1_524' title='bbox 1859 3385 2125 3440; x_wconf 87' lang='lat' dir='ltr'><strong>biturum.</strong></span> <span class='ocrx_word' id='word_1_525' title='bbox 2165 3381 2302 3436; x_wconf 84' lang='lat' dir='ltr'><strong>Nam</strong></span> <span class='ocrx_word' id='word_1_526' title='bbox 2342 3391 2492 3436; x_wconf 86' lang='lat' dir='ltr'><strong>certa</strong></span> <span class='ocrx_word' id='word_1_527' title='bbox 2531 3382 2585 3436; x_wconf 93' lang='lat' dir='ltr'><strong>in</strong></span> <span class='ocrx_word' id='word_1_528' title='bbox 2638 3396 2735 3452; x_wconf 78' lang='lat' dir='ltr'><strong>spe</strong></span> <span class='ocrx_word' id='word_1_529' title='bbox 2779 3395 2993 3447; x_wconf 85' lang='lat' dir='ltr'><strong>sumus,</strong></span> <span class='ocrx_word' id='word_1_530' title='bbox 3036 3398 3133 3452; x_wconf 79' lang='lat' dir='ltr'><strong>per</strong></span> <span class='ocrx_word' id='word_1_531' title='bbox 3171 3398 3295 3438; x_wconf 88' lang='lat' dir='ltr'><strong>eum</strong></span> <span class='ocrx_word' id='word_1_532' title='bbox 3340 3399 3437 3439; x_wconf 70' lang='lat' dir='ltr'><strong>vos</strong></span> 
     </span>
    </p>
   </div>
   <div class='ocr_carea' id='block_1_79' title="bbox 1860 3474 3434 3548">
    <p class='ocr_par' dir='ltr' id='par_1_79' title="bbox 1860 3474 3434 3548">
     <span class='ocr_line' id='line_1_79' title="bbox 1860 3474 3434 3548; baseline -0.001 -17"><span class='ocrx_word' id='word_1_533' title='bbox 1860 3475 2005 3548; x_wconf 85' lang='lat' dir='ltr'><strong>apud</strong></span> <span class='ocrx_word' id='word_1_534' title='bbox 2048 3474 2217 3531; x_wconf 83' lang='lat' dir='ltr'><strong>Deum</strong></span> <span class='ocrx_word' id='word_1_535' title='bbox 2262 3475 2725 3547; x_wconf 69' lang='lat' dir='ltr'><strong>praestantissima</strong></span> <span class='ocrx_word' id='word_1_536' title='bbox 2757 3490 3008 3546; x_wconf 74' lang='lat' dir='ltr'><strong>quaeque,</strong></span> <span class='ocrx_word' id='word_1_537' title='bbox 3035 3483 3089 3531; x_wconf 89' lang='lat' dir='ltr'><strong>et</strong></span> <span class='ocrx_word' id='word_1_538' title='bbox 3113 3476 3180 3532; x_wconf 87' lang='lat' dir='ltr'><strong>ad</strong></span> <span class='ocrx_word' id='word_1_539' title='bbox 3201 3475 3434 3533; x_wconf 86' lang='lat' dir='ltr'><strong>salutem</strong></span> 
     </span>
    </p>
   </div>
   <div class='ocr_carea' id='block_1_80' title="bbox 1854 3563 3439 3637">
    <p class='ocr_par' dir='ltr' id='par_1_80' title="bbox 1854 3563 3439 3637">
     <span class='ocr_line' id='line_1_80' title="bbox 1854 3563 3439 3637; baseline -0.001 -15"><span class='ocrx_word' id='word_1_540' title='bbox 1854 3567 2215 3637; x_wconf 78' lang='lat' dir='ltr'><strong>pertinentia,</strong></span> <span class='ocrx_word' id='word_1_541' title='bbox 2256 3573 2679 3622; x_wconf 87' lang='lat' dir='ltr'><strong>consecuturos.</strong></span> <span class='ocrx_word' id='word_1_542' title='bbox 2717 3563 2931 3636; x_wconf 83' lang='lat' dir='ltr'><strong>Quippe</strong></span> <span class='ocrx_word' id='word_1_543' title='bbox 2953 3566 2998 3621; x_wconf 90' lang='lat' dir='ltr'><strong>si</strong></span> <span class='ocrx_word' id='word_1_544' title='bbox 3028 3580 3218 3622; x_wconf 79' lang='lat' dir='ltr'><strong>aurem</strong></span> <span class='ocrx_word' id='word_1_545' title='bbox 3257 3567 3308 3622; x_wconf 92' lang='lat' dir='ltr'><strong>ei</strong></span> <span class='ocrx_word' id='word_1_546' title='bbox 3349 3582 3439 3621; x_wconf 85' lang='lat' dir='ltr'><strong>ve-</strong></span> 
     </span>
    </p>
   </div>
   <div class='ocr_carea' id='block_1_81' title="bbox 1861 3658 3439 3730">
    <p class='ocr_par' dir='ltr' id='par_1_81' title="bbox 1861 3658 3439 3730">
     <span class='ocr_line' id='line_1_81' title="bbox 1861 3658 3439 3730; baseline -0.002 -15"><span class='ocrx_word' id='word_1_547' title='bbox 1861 3668 2033 3715; x_wconf 87' lang='lat' dir='ltr'><strong>stram</strong></span> <span class='ocrx_word' id='word_1_548' title='bbox 2086 3659 2505 3725; x_wconf 79' lang='lat' dir='ltr'><strong>inclinaveritis,</strong></span> <span class='ocrx_word' id='word_1_549' title='bbox 2555 3668 2609 3714; x_wconf 91' lang='lat' dir='ltr'><strong>et</strong></span> <span class='ocrx_word' id='word_1_550' title='bbox 2644 3658 2887 3713; x_wconf 88' lang='lat' dir='ltr'><strong>animum</strong></span> <span class='ocrx_word' id='word_1_551' title='bbox 2930 3658 3019 3726; x_wconf 89' lang='lat' dir='ltr'><strong>iis,</strong></span> <span class='ocrx_word' id='word_1_552' title='bbox 3058 3673 3180 3728; x_wconf 57' lang='lat' dir='ltr'><strong>quas</strong></span> <span class='ocrx_word' id='word_1_553' title='bbox 3211 3659 3281 3713; x_wconf 94' lang='lat' dir='ltr'><strong>ab</strong></span> <span class='ocrx_word' id='word_1_554' title='bbox 3319 3659 3439 3730; x_wconf 87' lang='lat' dir='ltr'><strong>ipso</strong></span> 
     </span>
    </p>
   </div>
   <div class='ocr_carea' id='block_1_82' title="bbox 1858 3750 3438 3823">
    <p class='ocr_par' dir='ltr' id='par_1_82' title="bbox 1858 3750 3438 3823">
     <span class='ocr_line' id='line_1_82' title="bbox 1858 3750 3438 3823; baseline -0.001 -18"><span class='ocrx_word' id='word_1_555' title='bbox 1858 3752 2238 3823; x_wconf 82' lang='lat' dir='ltr'><strong>proferuntur,</strong></span> <span class='ocrx_word' id='word_1_556' title='bbox 2259 3750 2605 3807; x_wconf 80' lang='lat' dir='ltr'><strong>adverteritis</strong></span> <span class='ocrx_word' id='word_1_557' title='bbox 2637 3768 2651 3805; x_wconf 88' lang='lat'><strong>:</strong></span> <span class='ocrx_word' id='word_1_558' title='bbox 2680 3750 2734 3805; x_wconf 88' lang='lat' dir='ltr'><strong>in</strong></span> <span class='ocrx_word' id='word_1_559' title='bbox 2768 3765 2866 3821; x_wconf 82' lang='lat' dir='ltr'><strong>spe</strong></span> <span class='ocrx_word' id='word_1_560' title='bbox 2898 3751 3076 3821; x_wconf 83' lang='lat' dir='ltr'><strong>posita</strong></span> <span class='ocrx_word' id='word_1_561' title='bbox 3106 3751 3270 3806; x_wconf 82' lang='lat' dir='ltr'><strong>nobis</strong></span> <span class='ocrx_word' id='word_1_562' title='bbox 3294 3752 3438 3805; x_wconf 88' lang='lat' dir='ltr'><strong>bona</strong></span> 
     </span>
    </p>
   </div>
   <div class='ocr_carea' id='block_1_83' title="bbox 1858 3841 3438 3912">
    <p class='ocr_par' dir='ltr' id='par_1_83' title="bbox 1858 3841 3438 3912">
     <span class='ocr_line' id='line_1_83' title="bbox 1858 3841 3438 3912; baseline -0.002 -14"><span class='ocrx_word' id='word_1_563' title='bbox 1858 3842 2283 3908; x_wconf 86' lang='lat' dir='ltr'><strong>nanciscemini,</strong></span> <span class='ocrx_word' id='word_1_564' title='bbox 2334 3856 2567 3912; x_wconf 74' lang='lat' dir='ltr'><strong>quaeque</strong></span> <span class='ocrx_word' id='word_1_565' title='bbox 2625 3842 2774 3896; x_wconf 85' lang='lat' dir='ltr'><strong>vices</strong></span> <span class='ocrx_word' id='word_1_566' title='bbox 2826 3842 2881 3895; x_wconf 92' lang='lat' dir='ltr'><strong>in</strong></span> <span class='ocrx_word' id='word_1_567' title='bbox 2913 3841 3084 3896; x_wconf 84' lang='lat' dir='ltr'><strong>altera</strong></span> <span class='ocrx_word' id='word_1_568' title='bbox 3111 3842 3220 3896; x_wconf 84' lang='lat' dir='ltr'><strong>vita</strong></span> <span class='ocrx_word' id='word_1_569' title='bbox 3246 3856 3438 3911; x_wconf 80' lang='lat' dir='ltr'><strong>repen-</strong></span> 
     </span>
    </p>
   </div>
   <div class='ocr_carea' id='block_1_84' title="bbox 1859 3931 3434 4003">
    <p class='ocr_par' dir='ltr' id='par_1_84' title="bbox 1859 3931 3434 4003">
     <span class='ocr_line' id='line_1_84' title="bbox 1859 3931 3434 4003; baseline -0.003 -13"><span class='ocrx_word' id='word_1_570' title='bbox 1859 3935 2089 3999; x_wconf 87' lang='lat' dir='ltr'><strong>duntur,</strong></span> <span class='ocrx_word' id='word_1_571' title='bbox 2117 3948 2305 3988; x_wconf 90' lang='lat' dir='ltr'><strong>earum</strong></span> <span class='ocrx_word' id='word_1_572' title='bbox 2336 3948 2460 3988; x_wconf 89' lang='lat' dir='ltr'><strong>cum</strong></span> <span class='ocrx_word' id='word_1_573' title='bbox 2489 3932 2609 4003; x_wconf 84' lang='lat' dir='ltr'><strong>ipso</strong></span> <span class='ocrx_word' id='word_1_574' title='bbox 2635 3931 2929 4002; x_wconf 85' lang='lat' dir='ltr'><strong>participes</strong></span> <span class='ocrx_word' id='word_1_575' title='bbox 2956 3933 3132 3987; x_wconf 86' lang='lat' dir='ltr'><strong>eritis.</strong></span> <span class='ocrx_word' id='word_1_576' title='bbox 3166 3932 3434 3989; x_wconf 64' lang='lat' dir='ltr'><strong>Caeterum</strong></span> 
     </span>
    </p>
   </div>
   <div class='ocr_carea' id='block_1_85' title="bbox 1860 4023 3439 4095">
    <p class='ocr_par' dir='ltr' id='par_1_85' title="bbox 1860 4023 3439 4095">
     <span class='ocr_line' id='line_1_85' title="bbox 1860 4023 3439 4095; baseline 0 -16"><span class='ocrx_word' id='word_1_577' title='bbox 1860 4034 1991 4082; x_wconf 88' lang='lat' dir='ltr'><strong>ante</strong></span> <span class='ocrx_word' id='word_1_578' title='bbox 2020 4025 2157 4092; x_wconf 70' lang='lat' dir='ltr'><strong>haec,</strong></span> <span class='ocrx_word' id='word_1_579' title='bbox 2189 4034 2244 4081; x_wconf 91' lang='lat' dir='ltr'><strong>et</strong></span> <span class='ocrx_word' id='word_1_580' title='bbox 2270 4038 2372 4095; x_wconf 84' lang='lat' dir='ltr'><strong>per</strong></span> <span class='ocrx_word' id='word_1_581' title='bbox 2404 4025 2611 4089; x_wconf 87' lang='lat' dir='ltr'><strong>omnia,</strong></span> <span class='ocrx_word' id='word_1_582' title='bbox 2646 4038 2836 4094; x_wconf 86' lang='lat' dir='ltr'><strong>preces</strong></span> <span class='ocrx_word' id='word_1_583' title='bbox 2873 4023 3115 4078; x_wconf 81' lang='lat' dir='ltr'><strong>intentas</strong></span> <span class='ocrx_word' id='word_1_584' title='bbox 3156 4033 3215 4078; x_wconf 88' lang='lat' dir='ltr'><strong>et</strong></span> <span class='ocrx_word' id='word_1_585' title='bbox 3266 4025 3439 4079; x_wconf 85' lang='lat' dir='ltr'><strong>inter-</strong></span> 
     </span>
    </p>
   </div>
   <div class='ocr_carea' id='block_1_86' title="bbox 1862 4116 3438 4186">
    <p class='ocr_par' dir='ltr' id='par_1_86' title="bbox 1862 4116 3438 4186">
     <span class='ocr_line' id='line_1_86' title="bbox 1862 4116 3438 4186; baseline -0.001 -15"><span class='ocrx_word' id='word_1_586' title='bbox 1862 4116 2141 4172; x_wconf 88' lang='lat' dir='ltr'><strong>cessiones</strong></span> <span class='ocrx_word' id='word_1_587' title='bbox 2173 4124 2469 4186; x_wconf 84' lang='lat' dir='ltr'><strong>perpetuas</strong></span> <span class='ocrx_word' id='word_1_588' title='bbox 2509 4130 2610 4185; x_wconf 84' lang='lat' dir='ltr'><strong>pro</strong></span> <span class='ocrx_word' id='word_1_589' title='bbox 2644 4116 2871 4170; x_wconf 80' lang='lat' dir='ltr'><strong>salutari</strong></span> <span class='ocrx_word' id='word_1_590' title='bbox 2902 4122 3175 4184; x_wconf 71' lang='lat' dir='ltr'><strong>potestate</strong></span> <span class='ocrx_word' id='word_1_591' title='bbox 3195 4116 3438 4170; x_wconf 73' lang='lat' dir='ltr'><strong>collaca~</strong></span> 
     </span>
    </p>
   </div>
   <div class='ocr_carea' id='block_1_87' title="bbox 1858 4206 3441 4278">
    <p class='ocr_par' dir='ltr' id='par_1_87' title="bbox 1858 4206 3441 4278">
     <span class='ocr_line' id='line_1_87' title="bbox 1858 4206 3441 4278; baseline -0.001 -15"><span class='ocrx_word' id='word_1_592' title='bbox 1858 4216 2041 4263; x_wconf 86' lang='lat' dir='ltr'><strong>torum</strong></span> <span class='ocrx_word' id='word_1_593' title='bbox 2058 4207 2335 4263; x_wconf 82' lang='lat' dir='ltr'><strong>divinitus</strong></span> <span class='ocrx_word' id='word_1_594' title='bbox 2367 4207 2423 4261; x_wconf 88' lang='lat' dir='ltr'><strong>in</strong></span> <span class='ocrx_word' id='word_1_595' title='bbox 2464 4206 2668 4263; x_wconf 90' lang='lat' dir='ltr'><strong>illustri</strong></span> <span class='ocrx_word' id='word_1_596' title='bbox 2717 4207 2839 4261; x_wconf 82' lang='lat' dir='ltr'><strong>loco</strong></span> <span class='ocrx_word' id='word_1_597' title='bbox 2868 4221 3305 4278; x_wconf 77' lang='lat' dir='ltr'><strong>magnorumque</strong></span> <span class='ocrx_word' id='word_1_598' title='bbox 3338 4209 3441 4262; x_wconf 87' lang='lat' dir='ltr'><strong>im-</strong></span> 
     </span>
    </p>
   </div>
   <div class='ocr_carea' id='block_1_88' title="bbox 1860 4297 3442 4369">
    <p class='ocr_par' dir='ltr' id='par_1_88' title="bbox 1860 4297 3442 4369">
     <span class='ocr_line' id='line_1_88' title="bbox 1860 4297 3442 4369; baseline 0 -15"><span class='ocrx_word' id='word_1_599' title='bbox 1860 4306 2184 4369; x_wconf 80' lang='lat' dir='ltr'><strong>peratorum</strong></span> <span class='ocrx_word' id='word_1_600' title='bbox 2235 4307 2579 4362; x_wconf 87' lang='lat' dir='ltr'><strong>nostrorum,</strong></span> <span class='ocrx_word' id='word_1_601' title='bbox 2627 4298 2835 4353; x_wconf 84' lang='lat' dir='ltr'><strong>habere</strong></span> <span class='ocrx_word' id='word_1_602' title='bbox 2868 4312 2937 4353; x_wconf 88' lang='lat' dir='ltr'><strong>ne</strong></span> <span class='ocrx_word' id='word_1_603' title='bbox 2988 4297 3262 4355; x_wconf 80' lang='lat' dir='ltr'><strong>desinatis</strong></span> <span class='ocrx_word' id='word_1_604' title='bbox 3321 4313 3337 4352; x_wconf 92' lang='lat'><strong>:</strong></span> <span class='ocrx_word' id='word_1_605' title='bbox 3381 4308 3442 4354; x_wconf 93' lang='lat' dir='ltr'><strong>ut</strong></span> 
     </span>
    </p>
   </div>
   <div class='ocr_carea' id='block_1_89' title="bbox 1867 4388 3440 4459">
    <p class='ocr_par' dir='ltr' id='par_1_89' title="bbox 1867 4388 3440 4459">
     <span class='ocr_line' id='line_1_89' title="bbox 1867 4388 3440 4459; baseline -0.001 -16"><span class='ocrx_word' id='word_1_606' title='bbox 1867 4390 2136 4446; x_wconf 82' lang='lat' dir='ltr'><strong>Dominus</strong></span> <span class='ocrx_word' id='word_1_607' title='bbox 2167 4388 2280 4456; x_wconf 86' lang='lat' dir='ltr'><strong>ille,</strong></span> <span class='ocrx_word' id='word_1_608' title='bbox 2306 4390 2407 4459; x_wconf 83' lang='lat' dir='ltr'><strong>qui</strong></span> <span class='ocrx_word' id='word_1_609' title='bbox 2453 4388 2597 4445; x_wconf 83' lang='lat' dir='ltr'><strong>Deus</strong></span> <span class='ocrx_word' id='word_1_610' title='bbox 2628 4398 2735 4456; x_wconf 85' lang='lat' dir='ltr'><strong>est,</strong></span> <span class='ocrx_word' id='word_1_611' title='bbox 2791 4390 2996 4459; x_wconf 81' lang='lat' dir='ltr'><strong>quique</strong></span> <span class='ocrx_word' id='word_1_612' title='bbox 3035 4390 3331 4444; x_wconf 76' lang='lat' dir='ltr'><strong>coronavit</strong></span> <span class='ocrx_word' id='word_1_613' title='bbox 3382 4398 3440 4445; x_wconf 88' lang='lat' dir='ltr'><strong>et</strong></span> 
     </span>
    </p>
   </div>
   <div class='ocr_carea' id='block_1_90' title="bbox 178 4480 1756 4560">
    <p class='ocr_par' dir='ltr' id='par_1_90' title="bbox 178 4480 1756 4560">
     <span class='ocr_line' id='line_1_90' title="bbox 178 4480 1756 4560; baseline 0.004 -24"><span class='ocrx_word' id='word_1_614' title='bbox 178 4480 469 4552; x_wconf 78' lang='grc' dir='ltr'>ἀδιάδοχον</span> <span class='ocrx_word' id='word_1_615' title='bbox 497 4480 559 4534; x_wconf 70' lang='grc' dir='ltr'><strong>τὸ</strong></span> <span class='ocrx_word' id='word_1_616' title='bbox 592 4480 786 4551; x_wconf 67' lang='grc' dir='ltr'>στέφος</span> <span class='ocrx_word' id='word_1_617' title='bbox 811 4482 1012 4549; x_wconf 76' lang='grc' dir='ltr'>αὐτῶν,</span> <span class='ocrx_word' id='word_1_618' title='bbox 1063 4484 1145 4548; x_wconf 82' lang='grc' dir='ltr'><strong>είς</strong></span> <span class='ocrx_word' id='word_1_619' title='bbox 1172 4487 1375 4549; x_wconf 78' lang='grc' dir='ltr'>παντὸς</span> <span class='ocrx_word' id='word_1_620' title='bbox 1405 4487 1503 4541; x_wconf 85' lang='grc' dir='ltr'><strong>τοῦ</strong></span> <span class='ocrx_word' id='word_1_621' title='bbox 1551 4488 1756 4560; x_wconf 79' lang='grc' dir='ltr'>κόσμου</span> 
     </span>
    </p>
   </div>
   <div class='ocr_carea' id='block_1_91' title="bbox 1858 4480 3443 4560">
    <p class='ocr_par' dir='ltr' id='par_1_91' title="bbox 1867 4481 3443 4554">
     <span class='ocr_line' id='line_1_91' title="bbox 1867 4481 3443 4554; baseline -0.001 -17"><span class='ocrx_word' id='word_1_622' title='bbox 1867 4490 2194 4554; x_wconf 80' lang='lat' dir='ltr'><strong>propugnat,</strong></span> <span class='ocrx_word' id='word_1_623' title='bbox 2239 4488 2295 4537; x_wconf 84' lang='lat' dir='ltr'><strong>et</strong></span> <span class='ocrx_word' id='word_1_624' title='bbox 2319 4482 2643 4537; x_wconf 79' lang='lat' dir='ltr'><strong>victricibus</strong></span> <span class='ocrx_word' id='word_1_625' title='bbox 2672 4495 2938 4536; x_wconf 85' lang='lat' dir='ltr'><strong>serenum</strong></span> <span class='ocrx_word' id='word_1_626' title='bbox 2971 4481 3217 4550; x_wconf 84' lang='lat' dir='ltr'><strong>ipsorum</strong></span> <span class='ocrx_word' id='word_1_627' title='bbox 3272 4482 3443 4536; x_wconf 75' lang='lat' dir='ltr'><strong>verti-</strong></span> 
     </span>
    </p>
   </div>
   <div class='ocr_carea' id='block_1_92' title="bbox 185 4559 1756 4649">
    <p class='ocr_par' dir='ltr' id='par_1_92' title="bbox 185 4570 1753 4649">
     <span class='ocr_line' id='line_1_92' title="bbox 185 4570 1753 4649; baseline 0.004 -24"><span class='ocrx_word' id='word_1_628' title='bbox 185 4571 463 4641; x_wconf 82' lang='grc' dir='ltr'>σωτηρίαν</span> <span class='ocrx_word' id='word_1_629' title='bbox 489 4570 586 4626; x_wconf 78' lang='grc' dir='ltr'>καὶ</span> <span class='ocrx_word' id='word_1_630' title='bbox 611 4571 865 4626; x_wconf 82' lang='grc' dir='ltr'>εύόδωσιν</span> <span class='ocrx_word' id='word_1_631' title='bbox 888 4586 902 4601; x_wconf 88' lang='grc'><strong>·</strong></span> <span class='ocrx_word' id='word_1_632' title='bbox 935 4574 1277 4644; x_wconf 78' lang='grc' dir='ltr'>μεμνημένοι</span> <span class='ocrx_word' id='word_1_633' title='bbox 1308 4577 1405 4630; x_wconf 65' lang='grc' dir='ltr'>καὶ</span> <span class='ocrx_word' id='word_1_634' title='bbox 1442 4581 1543 4649; x_wconf 73' lang='grc' dir='ltr'>τῆς</span> <span class='ocrx_word' id='word_1_635' title='bbox 1572 4578 1753 4648; x_wconf 78' lang='grc' dir='ltr'>ἡμῶν,</span> 
     </span>
    </p>
   </div>
   <div class='ocr_carea' id='block_1_93' title="bbox 1858 4559 3443 4649">
    <p class='ocr_par' dir='ltr' id='par_1_93' title="bbox 1866 4573 3443 4644">
     <span class='ocr_line' id='line_1_93' title="bbox 1866 4573 3443 4644; baseline -0.004 -13"><span class='ocrx_word' id='word_1_636' title='bbox 1866 4590 1982 4631; x_wconf 89' lang='lat' dir='ltr'><strong>cem</strong></span> <span class='ocrx_word' id='word_1_637' title='bbox 2002 4573 2454 4644; x_wconf 79' lang='lat' dir='ltr'><strong>prosperitatibus</strong></span> <span class='ocrx_word' id='word_1_638' title='bbox 2478 4588 2575 4628; x_wconf 90' lang='lat' dir='ltr'><strong>ceu</strong></span> <span class='ocrx_word' id='word_1_639' title='bbox 2597 4583 2745 4628; x_wconf 83' lang='lat' dir='ltr'><strong>serto</strong></span> <span class='ocrx_word' id='word_1_640' title='bbox 2764 4573 3005 4637; x_wconf 87' lang='lat' dir='ltr'><strong>redimit,</strong></span> <span class='ocrx_word' id='word_1_641' title='bbox 3036 4573 3209 4640; x_wconf 80' lang='lat' dir='ltr'><strong>magis</strong></span> <span class='ocrx_word' id='word_1_642' title='bbox 3240 4587 3303 4627; x_wconf 91' lang='lat' dir='ltr'><strong>ac</strong></span> <span class='ocrx_word' id='word_1_643' title='bbox 3326 4589 3443 4626; x_wconf 81' lang='lat' dir='ltr'><strong>ina-</strong></span> 
     </span>
    </p>
   </div>
   <div class='ocr_carea' id='block_1_94' title="bbox 176 4661 1760 4739">
    <p class='ocr_par' dir='ltr' id='par_1_94' title="bbox 176 4661 1760 4739">
     <span class='ocr_line' id='line_1_94' title="bbox 176 4661 1760 4739; baseline 0.006 -26"><span class='ocrx_word' id='word_1_644' title='bbox 176 4661 260 4724; x_wconf 83' lang='grc' dir='ltr'>ὡς</span> <span class='ocrx_word' id='word_1_645' title='bbox 289 4661 464 4724; x_wconf 77' lang='grc' dir='ltr'>εἰκὸς,</span> <span class='ocrx_word' id='word_1_646' title='bbox 496 4662 871 4732; x_wconf 80' lang='grc' dir='ltr'>μετριότητος.</span> <span class='ocrx_word' id='word_1_647' title='bbox 910 4664 1052 4734; x_wconf 71' lang='grc' dir='ltr'>Πρὸς</span> <span class='ocrx_word' id='word_1_648' title='bbox 1074 4665 1129 4717; x_wconf 82' lang='grc' dir='ltr'>δὲ</span> <span class='ocrx_word' id='word_1_649' title='bbox 1170 4666 1270 4735; x_wconf 77' lang='grc' dir='ltr'>τὴν</span> <span class='ocrx_word' id='word_1_650' title='bbox 1294 4666 1388 4719; x_wconf 81' lang='grc' dir='ltr'><strong>τοῦ</strong></span> <span class='ocrx_word' id='word_1_651' title='bbox 1417 4684 1760 4739; x_wconf 82' lang='grc' dir='ltr'>προκεχειρι-</span> 
     </span>
    </p>
   </div>
   <div class='ocr_carea' id='block_1_95' title="bbox 188 4752 1758 4829">
    <p class='ocr_par' dir='ltr' id='par_1_95' title="bbox 188 4752 1758 4829">
     <span class='ocr_line' id='line_1_95' title="bbox 188 4752 1758 4829; baseline 0.006 -24"><span class='ocrx_word' id='word_1_652' title='bbox 188 4752 392 4824; x_wconf 68' lang='grc' dir='ltr'>σμένον</span> <span class='ocrx_word' id='word_1_653' title='bbox 421 4752 575 4821; x_wconf 85' lang='grc' dir='ltr'>ὑμῶν</span> <span class='ocrx_word' id='word_1_654' title='bbox 596 4753 903 4824; x_wconf 80' lang='grc' dir='ltr'>ἀρχιερέως</span> <span class='ocrx_word' id='word_1_655' title='bbox 935 4757 995 4807; x_wconf 84' lang='grc' dir='ltr'>ὲν</span> <span class='ocrx_word' id='word_1_656' title='bbox 1024 4759 1091 4827; x_wconf 72' lang='grc' dir='ltr'>τῇ</span> <span class='ocrx_word' id='word_1_657' title='bbox 1134 4757 1338 4829; x_wconf 79' lang='grc' dir='ltr'>ποίμνῃ</span> <span class='ocrx_word' id='word_1_658' title='bbox 1369 4760 1758 4815; x_wconf 81' lang='grc' dir='ltr'>ἀποκατάστα-</span> 
     </span>
    </p>
   </div>
   <div class='ocr_carea' id='block_1_96' title="bbox 187 4843 1759 4919">
    <p class='ocr_par' dir='ltr' id='par_1_96' title="bbox 187 4843 1759 4919">
     <span class='ocr_line' id='line_1_96' title="bbox 187 4843 1759 4919; baseline 0.005 -22"><span class='ocrx_word' id='word_1_659' title='bbox 187 4862 298 4911; x_wconf 86' lang='grc' dir='ltr'>σιν,</span> <span class='ocrx_word' id='word_1_660' title='bbox 328 4843 423 4897; x_wconf 80' lang='grc' dir='ltr'>καὶ</span> <span class='ocrx_word' id='word_1_661' title='bbox 452 4845 587 4916; x_wconf 79' lang='grc' dir='ltr'>πρὸς</span> <span class='ocrx_word' id='word_1_662' title='bbox 612 4846 704 4898; x_wconf 84' lang='grc' dir='ltr'>τὸν</span> <span class='ocrx_word' id='word_1_663' title='bbox 734 4844 882 4915; x_wconf 67' lang='grc' dir='ltr'>ἱερὸν</span> <span class='ocrx_word' id='word_1_664' title='bbox 913 4846 1103 4915; x_wconf 81' lang='grc' dir='ltr'>θρόνον</span> <span class='ocrx_word' id='word_1_665' title='bbox 1128 4848 1471 4919; x_wconf 84' lang='grc' dir='ltr'>καθίδρυσιν,</span> <span class='ocrx_word' id='word_1_666' title='bbox 1523 4852 1616 4904; x_wconf 79' lang='grc' dir='ltr'>τὸν</span> <span class='ocrx_word' id='word_1_667' title='bbox 1669 4855 1759 4905; x_wconf 71' lang='grc' dir='ltr'>εύ-</span> 
     </span>
    </p>
   </div>
   <div class='ocr_carea' id='block_1_97' title="bbox 182 4931 1760 5008">
    <p class='ocr_par' dir='ltr' id='par_1_97' title="bbox 182 4931 1760 5008">
     <span class='ocr_line' id='line_1_97' title="bbox 182 4931 1760 5008; baseline 0.007 -24"><span class='ocrx_word' id='word_1_668' title='bbox 182 4931 515 4987; x_wconf 74' lang='grc' dir='ltr'>λαδέστατον</span> <span class='ocrx_word' id='word_1_669' title='bbox 543 4932 634 4987; x_wconf 81' lang='grc' dir='ltr'>τὸν</span> <span class='ocrx_word' id='word_1_670' title='bbox 670 4933 818 4989; x_wconf 81' lang='grc' dir='ltr'>δεῖνα</span> <span class='ocrx_word' id='word_1_671' title='bbox 858 4935 1283 5008; x_wconf 81' lang='grc' dir='ltr'>ἀπεστείλαμεν,</span> <span class='ocrx_word' id='word_1_672' title='bbox 1317 4940 1457 4992; x_wconf 79' lang='grc' dir='ltr'>ὥστε</span> <span class='ocrx_word' id='word_1_673' title='bbox 1486 4941 1546 4993; x_wconf 81' lang='grc' dir='ltr'>τὸ</span> <span class='ocrx_word' id='word_1_674' title='bbox 1584 4942 1760 4995; x_wconf 82' lang='grc' dir='ltr'>τοιοῦ-</span> 
     </span>
    </p>
   </div>
   <div class='ocr_carea' id='block_1_98' title="bbox 183 5024 1757 5103">
    <p class='ocr_par' dir='ltr' id='par_1_98' title="bbox 183 5024 1757 5103">
     <span class='ocr_line' id='line_1_98' title="bbox 183 5024 1757 5103; baseline 0.007 -26"><span class='ocrx_word' id='word_1_675' title='bbox 183 5041 278 5077; x_wconf 89' lang='grc' dir='ltr'><strong>τον</strong></span> <span class='ocrx_word' id='word_1_676' title='bbox 310 5024 471 5095; x_wconf 72' lang='grc' dir='ltr'>ἔργον</span> <span class='ocrx_word' id='word_1_677' title='bbox 500 5026 842 5095; x_wconf 76' lang='grc' dir='ltr'>ἱεροπρεπῶς</span> <span class='ocrx_word' id='word_1_678' title='bbox 881 5027 1247 5083; x_wconf 70' lang='grc' dir='ltr'>ἐπιτελέσαντα</span> <span class='ocrx_word' id='word_1_679' title='bbox 1266 5071 1281 5095; x_wconf 92' lang='grc'><strong>,</strong></span> <span class='ocrx_word' id='word_1_680' title='bbox 1315 5032 1448 5103; x_wconf 81' lang='grc' dir='ltr'>πρὸς</span> <span class='ocrx_word' id='word_1_681' title='bbox 1476 5033 1623 5103; x_wconf 69' lang='grc' dir='ltr'>ἡμᾶς</span> <span class='ocrx_word' id='word_1_682' title='bbox 1664 5036 1757 5087; x_wconf 81' lang='grc' dir='ltr'>εύ-</span> 
     </span>
    </p>
   </div>
   <div class='ocr_carea' id='block_1_99' title="bbox 179 5115 1761 5196">
    <p class='ocr_par' dir='ltr' id='par_1_99' title="bbox 179 5115 1761 5196">
     <span class='ocr_line' id='line_1_99' title="bbox 179 5115 1761 5196; baseline 0.006 -26"><span class='ocrx_word' id='word_1_683' title='bbox 179 5115 398 5186; x_wconf 82' lang='grc' dir='ltr'>καίρως</span> <span class='ocrx_word' id='word_1_684' title='bbox 422 5116 882 5188; x_wconf 78' lang='grc' dir='ltr'>παλινδρομῆσαι.</span> <span class='ocrx_word' id='word_1_685' title='bbox 931 5118 988 5171; x_wconf 92' lang='lat'><strong>&#39;0</strong></span> <span class='ocrx_word' id='word_1_686' title='bbox 1014 5119 1069 5172; x_wconf 79' lang='grc' dir='ltr'>δὲ</span> <span class='ocrx_word' id='word_1_687' title='bbox 1100 5124 1500 5194; x_wconf 81' lang='grc' dir='ltr'>παντοκράτωρ</span> <span class='ocrx_word' id='word_1_688' title='bbox 1539 5128 1633 5179; x_wconf 74' lang='grc' dir='ltr'>καὶ</span> <span class='ocrx_word' id='word_1_689' title='bbox 1670 5127 1761 5196; x_wconf 81' lang='grc' dir='ltr'>μό-</span> 
     </span>
    </p>
   </div>
   <div class='ocr_carea' id='block_1_100' title="bbox 180 5204 1758 5281">
    <p class='ocr_par' dir='ltr' id='par_1_100' title="bbox 180 5204 1758 5281">
     <span class='ocr_line' id='line_1_100' title="bbox 180 5204 1758 5281; baseline 0.006 -22"><span class='ocrx_word' id='word_1_690' title='bbox 180 5223 278 5269; x_wconf 85' lang='grc' dir='ltr'><strong>νος</strong></span> <span class='ocrx_word' id='word_1_691' title='bbox 304 5204 439 5268; x_wconf 79' lang='grc' dir='ltr'>Θεὸς</span> <span class='ocrx_word' id='word_1_692' title='bbox 473 5206 653 5275; x_wconf 82' lang='grc' dir='ltr'>ήμῶν,</span> <span class='ocrx_word' id='word_1_693' title='bbox 710 5208 739 5260; x_wconf 93' lang='lat'><strong>6</strong></span> <span class='ocrx_word' id='word_1_694' title='bbox 788 5208 844 5261; x_wconf 74' lang='grc' dir='ltr'>ὲν</span> <span class='ocrx_word' id='word_1_695' title='bbox 891 5209 1080 5279; x_wconf 78' lang='grc' dir='ltr'>Τριάδι</span> <span class='ocrx_word' id='word_1_696' title='bbox 1121 5211 1493 5281; x_wconf 80' lang='grc' dir='ltr'>ύποστάσεων,</span> <span class='ocrx_word' id='word_1_697' title='bbox 1549 5214 1644 5269; x_wconf 67' lang='grc' dir='ltr'><strong>καλ⁵</strong></span> <span class='ocrx_word' id='word_1_698' title='bbox 1702 5218 1758 5268; x_wconf 79' lang='grc' dir='ltr'>ἐν</span> 
     </span>
    </p>
   </div>
   <div class='ocr_carea' id='block_1_101' title="bbox 188 5296 1757 5372">
    <p class='ocr_par' dir='ltr' id='par_1_101' title="bbox 188 5296 1757 5372">
     <span class='ocr_line' id='line_1_101' title="bbox 188 5296 1757 5372; baseline 0.01 -24"><span class='ocrx_word' id='word_1_699' title='bbox 188 5296 380 5369; x_wconf 80' lang='grc' dir='ltr'>μονάδι</span> <span class='ocrx_word' id='word_1_700' title='bbox 432 5297 749 5366; x_wconf 83' lang='grc' dir='ltr'>ούσιότητος</span> <span class='ocrx_word' id='word_1_701' title='bbox 784 5302 1276 5372; x_wconf 80' lang='grc' dir='ltr'>προσκυνούμενος,</span> <span class='ocrx_word' id='word_1_702' title='bbox 1319 5309 1347 5359; x_wconf 90' lang='lat'><strong>6</strong></span> <span class='ocrx_word' id='word_1_703' title='bbox 1380 5309 1448 5362; x_wconf 84' lang='grc' dir='ltr'><strong>τά</strong></span> <span class='ocrx_word' id='word_1_704' title='bbox 1485 5310 1757 5364; x_wconf 72' lang='grc' dir='ltr'>διεστῶτα</span> 
     </span>
    </p>
   </div>
   <div class='ocr_carea' id='block_1_102' title="bbox 188 5389 1758 5472">
    <p class='ocr_par' dir='ltr' id='par_1_102' title="bbox 188 5389 1758 5472">
     <span class='ocr_line' id='line_1_102' title="bbox 188 5389 1758 5472; baseline 0.008 -28"><span class='ocrx_word' id='word_1_705' title='bbox 188 5393 462 5457; x_wconf 83' lang='grc' dir='ltr'>συνάγων,</span> <span class='ocrx_word' id='word_1_706' title='bbox 491 5390 591 5443; x_wconf 74' lang='grc' dir='ltr'>καὶ</span> <span class='ocrx_word' id='word_1_707' title='bbox 619 5389 685 5443; x_wconf 73' lang='grc' dir='ltr'><strong>τὰ</strong></span> <span class='ocrx_word' id='word_1_708' title='bbox 718 5391 906 5463; x_wconf 79' lang='grc' dir='ltr'>πόρρω</span> <span class='ocrx_word' id='word_1_709' title='bbox 955 5395 1197 5463; x_wconf 71' lang='grc' dir='ltr'>ἐγγίζειν</span> <span class='ocrx_word' id='word_1_710' title='bbox 1232 5397 1427 5465; x_wconf 88' lang='grc' dir='ltr'>ποιῶν,</span> <span class='ocrx_word' id='word_1_711' title='bbox 1458 5402 1485 5453; x_wconf 91' lang='lat'><strong>6</strong></span> <span class='ocrx_word' id='word_1_712' title='bbox 1529 5403 1621 5455; x_wconf 71' lang='grc' dir='ltr'>καὶ</span> <span class='ocrx_word' id='word_1_713' title='bbox 1660 5404 1758 5472; x_wconf 80' lang='grc' dir='ltr'>τῆς</span> 
     </span>
    </p>
   </div>
   <div class='ocr_carea' id='block_1_103' title="bbox 185 5481 1757 5564">
    <p class='ocr_par' dir='ltr' id='par_1_103' title="bbox 185 5481 1757 5564">
     <span class='ocr_line' id='line_1_103' title="bbox 185 5481 1757 5564; baseline 0.01 -31"><span class='ocrx_word' id='word_1_714' title='bbox 185 5481 465 5552; x_wconf 67' lang='grc' dir='ltr'>ἡμετέρας</span> <span class='ocrx_word' id='word_1_715' title='bbox 493 5482 726 5553; x_wconf 81' lang='grc' dir='ltr'>ποίμνης</span> <span class='ocrx_word' id='word_1_716' title='bbox 752 5485 813 5537; x_wconf 82' lang='grc' dir='ltr'>τὸ</span> <span class='ocrx_word' id='word_1_717' title='bbox 832 5484 1019 5540; x_wconf 82' lang='grc' dir='ltr'>λεῖπον</span> <span class='ocrx_word' id='word_1_718' title='bbox 1048 5489 1492 5561; x_wconf 79' lang='grc' dir='ltr'>ἀνασωσάμενος,</span> <span class='ocrx_word' id='word_1_719' title='bbox 1518 5494 1757 5564; x_wconf 76' lang='grc' dir='ltr'>εὐλογῶν</span> 
     </span>
    </p>
   </div>
   <div class='ocr_carea' id='block_1_104' title="bbox 184 5573 1759 5660">
    <p class='ocr_par' dir='ltr' id='par_1_104' title="bbox 184 5573 1759 5660">
     <span class='ocr_line' id='line_1_104' title="bbox 184 5573 1759 5660; baseline 0.008 -32"><span class='ocrx_word' id='word_1_720' title='bbox 184 5573 496 5645; x_wconf 80' lang='grc' dir='ltr'>εύλογήσει,</span> <span class='ocrx_word' id='word_1_721' title='bbox 532 5578 626 5630; x_wconf 78' lang='grc' dir='ltr'>καὶ</span> <span class='ocrx_word' id='word_1_722' title='bbox 656 5576 944 5648; x_wconf 83' lang='grc' dir='ltr'>πληθύνων</span> <span class='ocrx_word' id='word_1_723' title='bbox 972 5580 1253 5654; x_wconf 81' lang='grc' dir='ltr'>πληθυνεῖ,</span> <span class='ocrx_word' id='word_1_724' title='bbox 1276 5585 1370 5638; x_wconf 73' lang='grc' dir='ltr'>καὶ</span> <span class='ocrx_word' id='word_1_725' title='bbox 1390 5585 1566 5652; x_wconf 78' lang='grc' dir='ltr'>αῦξων</span> <span class='ocrx_word' id='word_1_726' title='bbox 1587 5589 1759 5660; x_wconf 81' lang='grc' dir='ltr'>ὑπερ-</span> 
     </span>
    </p>
   </div>
   <div class='ocr_carea' id='block_1_105' title="bbox 1863 4664 3443 4739">
    <p class='ocr_par' dir='ltr' id='par_1_105' title="bbox 1863 4664 3443 4739">
     <span class='ocr_line' id='line_1_105' title="bbox 1863 4664 3443 4739; baseline -0.003 -18"><span class='ocrx_word' id='word_1_727' title='bbox 1863 4669 1946 4739; x_wconf 86' lang='lat' dir='ltr'><strong>gis</strong></span> <span class='ocrx_word' id='word_1_728' title='bbox 1987 4682 2081 4723; x_wconf 86' lang='lat' dir='ltr'><strong>eos</strong></span> <span class='ocrx_word' id='word_1_729' title='bbox 2111 4666 2494 4737; x_wconf 86' lang='lat' dir='ltr'><strong>progressibus</strong></span> <span class='ocrx_word' id='word_1_730' title='bbox 2545 4666 2812 4721; x_wconf 79' lang='lat' dir='ltr'><strong>adversus</strong></span> <span class='ocrx_word' id='word_1_731' title='bbox 2842 4666 3030 4720; x_wconf 75' lang='lat' dir='ltr'><strong>hostes</strong></span> <span class='ocrx_word' id='word_1_732' title='bbox 3084 4664 3306 4731; x_wconf 70' lang='lat' dir='ltr'><strong>exultet,</strong></span> <span class='ocrx_word' id='word_1_733' title='bbox 3346 4680 3443 4719; x_wconf 82' lang='lat' dir='ltr'><strong>cu-</strong></span> 
     </span>
    </p>
   </div>
   <div class='ocr_carea' id='block_1_106' title="bbox 1863 4757 3439 4828">
    <p class='ocr_par' dir='ltr' id='par_1_106' title="bbox 1863 4757 3439 4828">
     <span class='ocr_line' id='line_1_106' title="bbox 1863 4757 3439 4828; baseline -0.003 -11"><span class='ocrx_word' id='word_1_734' title='bbox 1863 4761 2115 4817; x_wconf 86' lang='lat' dir='ltr'><strong>stodiens</strong></span> <span class='ocrx_word' id='word_1_735' title='bbox 2193 4770 2249 4814; x_wconf 91' lang='lat' dir='ltr'><strong>et</strong></span> <span class='ocrx_word' id='word_1_736' title='bbox 2309 4773 2650 4815; x_wconf 76' lang='lat' dir='ltr'><strong>conservans</strong></span> <span class='ocrx_word' id='word_1_737' title='bbox 2725 4759 2780 4812; x_wconf 89' lang='lat' dir='ltr'><strong>in</strong></span> <span class='ocrx_word' id='word_1_738' title='bbox 2855 4757 3252 4828; x_wconf 84' lang='lat' dir='ltr'><strong>gubernatione</strong></span> <span class='ocrx_word' id='word_1_739' title='bbox 3328 4772 3439 4812; x_wconf 91' lang='lat' dir='ltr'><strong>non</strong></span> 
     </span>
    </p>
   </div>
   <div class='ocr_carea' id='block_1_107' title="bbox 1864 4849 3442 4923">
    <p class='ocr_par' dir='ltr' id='par_1_107' title="bbox 1864 4849 3442 4923">
     <span class='ocr_line' id='line_1_107' title="bbox 1864 4849 3442 4923; baseline -0.002 -17"><span class='ocrx_word' id='word_1_740' title='bbox 1864 4854 2174 4923; x_wconf 80' lang='lat' dir='ltr'><strong>interrupta</strong></span> <span class='ocrx_word' id='word_1_741' title='bbox 2210 4866 2471 4907; x_wconf 85' lang='lat' dir='ltr'><strong>coronam</strong></span> <span class='ocrx_word' id='word_1_742' title='bbox 2507 4865 2719 4915; x_wconf 89' lang='lat' dir='ltr'><strong>eorum,</strong></span> <span class='ocrx_word' id='word_1_743' title='bbox 2765 4849 2832 4904; x_wconf 90' lang='lat' dir='ltr'><strong>ad</strong></span> <span class='ocrx_word' id='word_1_744' title='bbox 2866 4851 3037 4907; x_wconf 88' lang='lat' dir='ltr'><strong>totius</strong></span> <span class='ocrx_word' id='word_1_745' title='bbox 3072 4850 3259 4905; x_wconf 88' lang='lat' dir='ltr'><strong>mundi</strong></span> <span class='ocrx_word' id='word_1_746' title='bbox 3291 4852 3442 4905; x_wconf 88' lang='lat' dir='ltr'><strong>salu-</strong></span> 
     </span>
    </p>
   </div>
   <div class='ocr_carea' id='block_1_108' title="bbox 1865 4941 3439 5005">
    <p class='ocr_par' dir='ltr' id='par_1_108' title="bbox 1865 4941 3439 5005">
     <span class='ocr_line' id='line_1_108' title="bbox 1865 4941 3439 5005; baseline -0.001 -7"><span class='ocrx_word' id='word_1_747' title='bbox 1865 4952 1974 4999; x_wconf 91' lang='lat' dir='ltr'><strong>tem</strong></span> <span class='ocrx_word' id='word_1_748' title='bbox 2024 4958 2088 4998; x_wconf 85' lang='lat' dir='ltr'><strong>ac</strong></span> <span class='ocrx_word' id='word_1_749' title='bbox 2137 4941 2457 4998; x_wconf 78' lang='lat' dir='ltr'><strong>felicitatem</strong></span> <span class='ocrx_word' id='word_1_750' title='bbox 2507 4941 2957 4997; x_wconf 85' lang='lat' dir='ltr'><strong>:mediocritatis</strong></span> <span class='ocrx_word' id='word_1_751' title='bbox 2992 4942 3158 4997; x_wconf 82' lang='lat' dir='ltr'><strong>etiam</strong></span> <span class='ocrx_word' id='word_1_752' title='bbox 3214 4951 3439 5005; x_wconf 61' lang='lat' dir='ltr'><strong>nostra,</strong></span> 
     </span>
    </p>
   </div>
   <div class='ocr_carea' id='block_1_109' title="bbox 1856 5033 3440 5105">
    <p class='ocr_par' dir='ltr' id='par_1_109' title="bbox 1856 5033 3440 5105">
     <span class='ocr_line' id='line_1_109' title="bbox 1856 5033 3440 5105; baseline -0.002 -14"><span class='ocrx_word' id='word_1_753' title='bbox 1856 5051 1962 5091; x_wconf 87' lang='lat' dir='ltr'><strong>ceu</strong></span> <span class='ocrx_word' id='word_1_754' title='bbox 1994 5048 2094 5105; x_wconf 80' lang='lat' dir='ltr'><strong>par</strong></span> <span class='ocrx_word' id='word_1_755' title='bbox 2120 5043 2226 5101; x_wconf 88' lang='lat' dir='ltr'><strong>est,</strong></span> <span class='ocrx_word' id='word_1_756' title='bbox 2254 5034 2633 5089; x_wconf 84' lang='lat' dir='ltr'><strong>recordantes.</strong></span> <span class='ocrx_word' id='word_1_757' title='bbox 2668 5033 2936 5088; x_wconf 60' lang='lat' dir='ltr'><strong>Ceterum</strong></span> <span class='ocrx_word' id='word_1_758' title='bbox 2963 5033 3061 5102; x_wconf 88' lang='lat' dir='ltr'><strong>qui</strong></span> <span class='ocrx_word' id='word_1_759' title='bbox 3092 5033 3440 5102; x_wconf 86' lang='lat' dir='ltr'><strong>designatum</strong></span> 
     </span>
    </p>
   </div>
   <div class='ocr_carea' id='block_1_110' title="bbox 1866 5122 3443 5194">
    <p class='ocr_par' dir='ltr' id='par_1_110' title="bbox 1866 5122 3443 5194">
     <span class='ocr_line' id='line_1_110' title="bbox 1866 5122 3443 5194; baseline -0.004 -13"><span class='ocrx_word' id='word_1_760' title='bbox 1866 5125 2183 5194; x_wconf 81' lang='lat' dir='ltr'><strong>pontiﬁcem</strong></span> <span class='ocrx_word' id='word_1_761' title='bbox 2231 5130 2474 5179; x_wconf 81' lang='lat' dir='ltr'><strong>vestrum</strong></span> <span class='ocrx_word' id='word_1_762' title='bbox 2523 5122 2628 5193; x_wconf 80' lang='lat' dir='ltr'><strong>ipsi</strong></span> <span class='ocrx_word' id='word_1_763' title='bbox 2666 5122 2816 5193; x_wconf 82' lang='lat' dir='ltr'><strong>gregi</strong></span> <span class='ocrx_word' id='word_1_764' title='bbox 2865 5122 3169 5187; x_wconf 72' lang='lat' dir='ltr'><strong>exhiberet,</strong></span> <span class='ocrx_word' id='word_1_765' title='bbox 3204 5136 3443 5190; x_wconf 80' lang='lat' dir='ltr'><strong>eumque</strong></span> 
     </span>
    </p>
   </div>
   <div class='ocr_carea' id='block_1_111' title="bbox 1864 5209 3439 5281">
    <p class='ocr_par' dir='ltr' id='par_1_111' title="bbox 1864 5209 3439 5281">
     <span class='ocr_line' id='line_1_111' title="bbox 1864 5209 3439 5281; baseline -0.004 -11"><span class='ocrx_word' id='word_1_766' title='bbox 1864 5230 2024 5272; x_wconf 82' lang='lat' dir='ltr'><strong>sacro</strong></span> <span class='ocrx_word' id='word_1_767' title='bbox 2052 5218 2104 5269; x_wconf 88' lang='lat' dir='ltr'><strong>in</strong></span> <span class='ocrx_word' id='word_1_768' title='bbox 2137 5214 2275 5268; x_wconf 90' lang='lat' dir='ltr'><strong>solio</strong></span> <span class='ocrx_word' id='word_1_769' title='bbox 2303 5213 2623 5277; x_wconf 87' lang='lat' dir='ltr'><strong>collocaret,</strong></span> <span class='ocrx_word' id='word_1_770' title='bbox 2689 5211 3162 5281; x_wconf 63' lang='lat' dir='ltr'><strong>religiosissimum</strong></span> <span class='ocrx_word' id='word_1_771' title='bbox 3191 5209 3255 5263; x_wconf 87' lang='lat' dir='ltr'><strong>N.</strong></span> <span class='ocrx_word' id='word_1_772' title='bbox 3284 5210 3439 5264; x_wconf 86' lang='lat' dir='ltr'><strong>able-</strong></span> 
     </span>
    </p>
   </div>
   <div class='ocr_carea' id='block_1_112' title="bbox 1862 5302 3441 5379">
    <p class='ocr_par' dir='ltr' id='par_1_112' title="bbox 1862 5302 3441 5379">
     <span class='ocr_line' id='line_1_112' title="bbox 1862 5302 3441 5379; baseline -0.004 -19"><span class='ocrx_word' id='word_1_773' title='bbox 1862 5309 2114 5379; x_wconf 77' lang='lat' dir='ltr'><strong>gavimus</strong></span> <span class='ocrx_word' id='word_1_774' title='bbox 2140 5323 2160 5360; x_wconf 83' lang='lat'><strong><em>:</em></strong></span> <span class='ocrx_word' id='word_1_775' title='bbox 2199 5316 2259 5360; x_wconf 90' lang='lat' dir='ltr'><strong>ut</strong></span> <span class='ocrx_word' id='word_1_776' title='bbox 2283 5305 2387 5360; x_wconf 83' lang='lat' dir='ltr'><strong>hoc</strong></span> <span class='ocrx_word' id='word_1_777' title='bbox 2417 5319 2644 5361; x_wconf 88' lang='lat' dir='ltr'><strong>munere</strong></span> <span class='ocrx_word' id='word_1_778' title='bbox 2673 5308 2777 5359; x_wconf 84' lang='lat' dir='ltr'><strong>rite</strong></span> <span class='ocrx_word' id='word_1_779' title='bbox 2812 5304 2988 5368; x_wconf 84' lang='lat' dir='ltr'><strong>obito,</strong></span> <span class='ocrx_word' id='word_1_780' title='bbox 3015 5302 3081 5357; x_wconf 88' lang='lat' dir='ltr'><strong>ad</strong></span> <span class='ocrx_word' id='word_1_781' title='bbox 3111 5317 3211 5355; x_wconf 91' lang='lat' dir='ltr'><strong>nos</strong></span> <span class='ocrx_word' id='word_1_782' title='bbox 3235 5316 3441 5372; x_wconf 87' lang='lat' dir='ltr'><strong>oppor-</strong></span> 
     </span>
    </p>
   </div>
   <div class='ocr_carea' id='block_1_113' title="bbox 1864 5394 3441 5467">
    <p class='ocr_par' dir='ltr' id='par_1_113' title="bbox 1864 5394 3441 5467">
     <span class='ocr_line' id='line_1_113' title="bbox 1864 5394 3441 5467; baseline -0.005 -14"><span class='ocrx_word' id='word_1_783' title='bbox 1864 5409 1995 5455; x_wconf 90' lang='lat' dir='ltr'><strong>tune</strong></span> <span class='ocrx_word' id='word_1_784' title='bbox 2044 5408 2376 5453; x_wconf 82' lang='lat' dir='ltr'><strong>recurrerel.</strong></span> <span class='ocrx_word' id='word_1_785' title='bbox 2405 5398 2773 5467; x_wconf 88' lang='lat' dir='ltr'><strong>Omnipotens</strong></span> <span class='ocrx_word' id='word_1_786' title='bbox 2800 5408 3009 5461; x_wconf 88' lang='lat' dir='ltr'><strong>autem,</strong></span> <span class='ocrx_word' id='word_1_787' title='bbox 3048 5404 3105 5451; x_wconf 89' lang='lat' dir='ltr'><strong>et</strong></span> <span class='ocrx_word' id='word_1_788' title='bbox 3157 5395 3308 5449; x_wconf 90' lang='lat' dir='ltr'><strong>solus</strong></span> <span class='ocrx_word' id='word_1_789' title='bbox 3352 5394 3441 5447; x_wconf 84' lang='lat' dir='ltr'><strong>ille</strong></span> 
     </span>
    </p>
   </div>
   <div class='ocr_carea' id='block_1_114' title="bbox 1871 5486 3437 5561">
    <p class='ocr_par' dir='ltr' id='par_1_114' title="bbox 1871 5486 3437 5561">
     <span class='ocr_line' id='line_1_114' title="bbox 1871 5486 3437 5561; baseline -0.004 -16"><span class='ocrx_word' id='word_1_790' title='bbox 1871 5492 2012 5547; x_wconf 82' lang='lat' dir='ltr'><strong>Deus</strong></span> <span class='ocrx_word' id='word_1_791' title='bbox 2039 5498 2248 5558; x_wconf 82' lang='lat' dir='ltr'><strong>noster,</strong></span> <span class='ocrx_word' id='word_1_792' title='bbox 2269 5492 2361 5561; x_wconf 88' lang='lat' dir='ltr'><strong>qui</strong></span> <span class='ocrx_word' id='word_1_793' title='bbox 2390 5492 2446 5546; x_wconf 88' lang='lat' dir='ltr'><strong>in</strong></span> <span class='ocrx_word' id='word_1_794' title='bbox 2468 5488 2736 5544; x_wconf 83' lang='lat' dir='ltr'><strong>Trinitate</strong></span> <span class='ocrx_word' id='word_1_795' title='bbox 2758 5503 3139 5560; x_wconf 84' lang='lat' dir='ltr'><strong>personarum,</strong></span> <span class='ocrx_word' id='word_1_796' title='bbox 3156 5498 3211 5542; x_wconf 90' lang='lat' dir='ltr'><strong>et</strong></span> <span class='ocrx_word' id='word_1_797' title='bbox 3238 5487 3289 5541; x_wconf 88' lang='lat' dir='ltr'><strong>in</strong></span> <span class='ocrx_word' id='word_1_798' title='bbox 3313 5486 3437 5541; x_wconf 80' lang='lat' dir='ltr'><strong>uui-</strong></span> 
     </span>
    </p>
   </div>
   <div class='ocr_carea' id='block_1_115' title="bbox 1868 5584 3441 5657">
    <p class='ocr_par' dir='ltr' id='par_1_115' title="bbox 1868 5584 3441 5657">
     <span class='ocr_line' id='line_1_115' title="bbox 1868 5584 3441 5657; baseline -0.004 -15"><span class='ocrx_word' id='word_1_799' title='bbox 1868 5596 1981 5644; x_wconf 82' lang='lat' dir='ltr'><strong>tate</strong></span> <span class='ocrx_word' id='word_1_800' title='bbox 2036 5587 2295 5645; x_wconf 67' lang='lat' dir='ltr'><strong>essentia</strong></span> <span class='ocrx_word' id='word_1_801' title='bbox 2338 5586 2635 5655; x_wconf 89' lang='lat' dir='ltr'><strong>adoratur;</strong></span> <span class='ocrx_word' id='word_1_802' title='bbox 2669 5585 2760 5657; x_wconf 80' lang='lat' dir='ltr'><strong>qui</strong></span> <span class='ocrx_word' id='word_1_803' title='bbox 2804 5585 3067 5640; x_wconf 86' lang='lat' dir='ltr'><strong>distantia</strong></span> <span class='ocrx_word' id='word_1_804' title='bbox 3131 5584 3360 5655; x_wconf 82' lang='lat' dir='ltr'><strong>colligit,</strong></span> <span class='ocrx_word' id='word_1_805' title='bbox 3388 5592 3441 5637; x_wconf 78' lang='lat' dir='ltr'><strong>et</strong></span> 
     </span>
    </p>
   </div>
   <div class='ocr_carea' id='block_1_116' title="bbox 1464 5764 2143 5823">
    <p class='ocr_par' dir='ltr' id='par_1_116' title="bbox 1464 5764 2143 5823">
     <span class='ocr_line' id='line_1_116' title="bbox 1464 5764 2143 5823; baseline 0.001 -1"><span class='ocrx_word' id='word_1_806' title='bbox 1464 5764 1703 5823; x_wconf 60' lang='lat' dir='ltr'><strong>VARIIE</strong></span> <span class='ocrx_word' id='word_1_807' title='bbox 1740 5764 2143 5823; x_wconf 78' lang='lat' dir='ltr'><strong>LECTIONES.</strong></span> 
     </span>
    </p>
   </div>
   <div class='ocr_carea' id='block_1_117' title="bbox 260 5849 1228 5926">
    <p class='ocr_par' dir='ltr' id='par_1_117' title="bbox 260 5849 1228 5926">
     <span class='ocr_line' id='line_1_117' title="bbox 260 5849 1228 5926; baseline 0.008 -26"><span class='ocrx_word' id='word_1_808' title='bbox 260 5849 707 5906; x_wconf 66' lang='lat' dir='ltr'><strong>“xaNS‘tasOat.</strong></span> <span class='ocrx_word' id='word_1_809' title='bbox 784 5852 827 5884; x_wconf 84' lang='lat'>&quot;</span> <span class='ocrx_word' id='word_1_810' title='bbox 865 5853 935 5907; x_wconf 86' lang='lat' dir='ltr'><strong>al.</strong></span> <span class='ocrx_word' id='word_1_811' title='bbox 966 5855 1228 5926; x_wconf 71' lang='grc' dir='ltr'>κορυφήν.</span> 
     </span>
    </p>
   </div>
  </div>
