  <div class='ocr_page' id='page_1' title='image "/cluster/home/n/w/nwhite01/storage/ocr_20150623/119/nnc1.0046980091/577.png"; bbox 0 0 4188 6446; ppageno 0'>
   <div class='ocr_carea' id='block_1_1' title="bbox 741 401 882 468">
    <p class='ocr_par' dir='ltr' id='par_1_1' title="bbox 741 401 882 468">
     <span class='ocr_line' id='line_1_1' title="bbox 741 401 882 468; baseline 0.007 -1"><span class='ocrx_word' id='word_1_1' title='bbox 741 401 882 468; x_wconf 75' lang='grc'><strong>1139</strong></span> 
     </span>
    </p>
   </div>
   <div class='ocr_carea' id='block_1_2' title="bbox 2042 395 2666 461">
    <p class='ocr_par' dir='ltr' id='par_1_2' title="bbox 2042 395 2666 461">
     <span class='ocr_line' id='line_1_2' title="bbox 2042 395 2666 461; baseline -0.008 0"><span class='ocrx_word' id='word_1_2' title='bbox 2042 400 2076 460; x_wconf 89' lang='grc' dir='ltr'><strong>.Ῐ</strong></span> <span class='ocrx_word' id='word_1_3' title='bbox 2085 399 2181 461; x_wconf 91' lang='lat' dir='ltr'><strong>US</strong></span> <span class='ocrx_word' id='word_1_4' title='bbox 2220 395 2666 458; x_wconf 80' lang='lat' dir='ltr'><strong>CANONICUM</strong></span> 
     </span>
    </p>
   </div>
   <div class='ocr_carea' id='block_1_3' title="bbox 3879 377 4017 442">
    <p class='ocr_par' dir='ltr' id='par_1_3' title="bbox 3879 377 4017 442">
     <span class='ocr_line' id='line_1_3' title="bbox 3879 377 4017 442; baseline -0.007 0"><span class='ocrx_word' id='word_1_5' title='bbox 3879 377 4017 442; x_wconf 77' lang='grc' dir='ltr'>ιιιο</span> 
     </span>
    </p>
   </div>
   <div class='ocr_carea' id='block_1_4' title="bbox 811 495 2329 588">
    <p class='ocr_par' dir='ltr' id='par_1_4' title="bbox 811 513 2316 588">
     <span class='ocr_line' id='line_1_4' title="bbox 811 513 2316 588; baseline -0.003 -17"><span class='ocrx_word' id='word_1_6' title='bbox 811 516 867 572; x_wconf 80' lang='grc'><strong>7.</strong></span> <span class='ocrx_word' id='word_1_7' title='bbox 897 516 1063 572; x_wconf 89' lang='lat' dir='ltr'><strong>Debet</strong></span> <span class='ocrx_word' id='word_1_8' title='bbox 1092 521 1186 570; x_wconf 91' lang='lat' dir='ltr'><strong>tua</strong></span> <span class='ocrx_word' id='word_1_9' title='bbox 1213 515 1412 586; x_wconf 83' lang='lat' dir='ltr'><strong>pietas,</strong></span> <span class='ocrx_word' id='word_1_10' title='bbox 1439 515 1712 588; x_wconf 81' lang='lat' dir='ltr'><strong>siquidem</strong></span> <span class='ocrx_word' id='word_1_11' title='bbox 1735 517 1908 572; x_wconf 88' lang='lat' dir='ltr'><strong>malas</strong></span> <span class='ocrx_word' id='word_1_12' title='bbox 1944 515 2116 572; x_wconf 89' lang='lat' dir='ltr'><strong>vitare</strong></span> <span class='ocrx_word' id='word_1_13' title='bbox 2138 513 2316 584; x_wconf 89' lang='lat' dir='ltr'><strong>suspi-</strong></span> 
     </span>
    </p>
   </div>
   <div class='ocr_carea' id='block_1_5' title="bbox 2435 495 4016 588">
    <p class='ocr_par' dir='ltr' id='par_1_5' title="bbox 2494 495 4016 580">
     <span class='ocr_line' id='line_1_5' title="bbox 2494 495 4016 580; baseline -0.012 -14"><span class='ocrx_word' id='word_1_14' title='bbox 2494 510 2559 576; x_wconf 79' lang='grc' dir='ltr'><strong>ζ’.</strong></span> <span class='ocrx_word' id='word_1_15' title='bbox 2599 513 2699 564; x_wconf 87' lang='grc' dir='ltr'>Δεῖ·</span> <span class='ocrx_word' id='word_1_16' title='bbox 2735 511 2834 580; x_wconf 81' lang='grc' dir='ltr'>τὴν</span> <span class='ocrx_word' id='word_1_17' title='bbox 2871 509 2970 579; x_wconf 77' lang='grc' dir='ltr'>σὴν</span> <span class='ocrx_word' id='word_1_18' title='bbox 3025 503 3355 574; x_wconf 83' lang='grc' dir='ltr'>θεοφίλειαν,</span> <span class='ocrx_word' id='word_1_19' title='bbox 3407 503 3568 570; x_wconf 76' lang='grc' dir='ltr'>εἴπερ</span> <span class='ocrx_word' id='word_1_20' title='bbox 3617 498 3717 563; x_wconf 70' lang='grc' dir='ltr'>τὰς</span> <span class='ocrx_word' id='word_1_21' title='bbox 3765 495 4016 568; x_wconf 68' lang='grc' dir='ltr'>πονηρὰς</span> 
     </span>
    </p>
   </div>
   <div class='ocr_carea' id='block_1_6' title="bbox 739 606 2328 679">
    <p class='ocr_par' dir='ltr' id='par_1_6' title="bbox 739 606 2328 679">
     <span class='ocr_line' id='line_1_6' title="bbox 739 606 2328 679; baseline -0.004 -14"><span class='ocrx_word' id='word_1_22' title='bbox 739 611 930 665; x_wconf 89' lang='lat' dir='ltr'><strong>ciones</strong></span> <span class='ocrx_word' id='word_1_23' title='bbox 965 608 1117 675; x_wconf 88' lang='lat' dir='ltr'><strong>velit,</strong></span> <span class='ocrx_word' id='word_1_24' title='bbox 1163 609 1251 676; x_wconf 88' lang='lat' dir='ltr'><strong>iis,</strong></span> <span class='ocrx_word' id='word_1_25' title='bbox 1286 609 1380 679; x_wconf 86' lang='lat' dir='ltr'><strong>qui</strong></span> <span class='ocrx_word' id='word_1_26' title='bbox 1427 609 1576 666; x_wconf 87' lang='lat' dir='ltr'><strong>clero</strong></span> <span class='ocrx_word' id='word_1_27' title='bbox 1602 618 1985 676; x_wconf 86' lang='lat' dir='ltr'><strong>accensentur,</strong></span> <span class='ocrx_word' id='word_1_28' title='bbox 2014 621 2197 663; x_wconf 88' lang='lat' dir='ltr'><strong>rerum</strong></span> <span class='ocrx_word' id='word_1_29' title='bbox 2229 606 2328 659; x_wconf 85' lang='lat' dir='ltr'><strong>ad-</strong></span> 
     </span>
    </p>
   </div>
   <div class='ocr_carea' id='block_1_7' title="bbox 738 700 2327 775">
    <p class='ocr_par' dir='ltr' id='par_1_7' title="bbox 738 700 2327 775">
     <span class='ocr_line' id='line_1_7' title="bbox 738 700 2327 775; baseline -0.003 -15"><span class='ocrx_word' id='word_1_30' title='bbox 738 703 1194 760; x_wconf 84' lang='lat' dir='ltr'><strong>ministrationem</strong></span> <span class='ocrx_word' id='word_1_31' title='bbox 1236 711 1402 775; x_wconf 83' lang='lat' dir='ltr'><strong>atque</strong></span> <span class='ocrx_word' id='word_1_32' title='bbox 1424 705 1564 760; x_wconf 83' lang='lat' dir='ltr'><strong>alias</strong></span> <span class='ocrx_word' id='word_1_33' title='bbox 1582 704 1897 761; x_wconf 71' lang='lat' dir='ltr'><strong>functiones</strong></span> <span class='ocrx_word' id='word_1_34' title='bbox 1918 700 2327 760; x_wconf 86' lang='lat' dir='ltr'><strong>ecclesiasticas</strong></span> 
     </span>
    </p>
   </div>
   <div class='ocr_carea' id='block_1_8' title="bbox 737 794 2328 864">
    <p class='ocr_par' dir='ltr' id='par_1_8' title="bbox 737 794 2328 864">
     <span class='ocr_line' id='line_1_8' title="bbox 737 794 2328 864; baseline -0.003 -14"><span class='ocrx_word' id='word_1_35' title='bbox 737 795 794 850; x_wconf 85' lang='lat' dir='ltr'><strong>in</strong></span> <span class='ocrx_word' id='word_1_36' title='bbox 845 809 1043 864; x_wconf 87' lang='lat' dir='ltr'><strong>manus</strong></span> <span class='ocrx_word' id='word_1_37' title='bbox 1093 794 1334 852; x_wconf 85' lang='lat' dir='ltr'><strong>tradere.</strong></span> <span class='ocrx_word' id='word_1_38' title='bbox 1376 795 1493 852; x_wconf 78' lang='lat' dir='ltr'><strong>Hoc</strong></span> <span class='ocrx_word' id='word_1_39' title='bbox 1541 795 1688 852; x_wconf 88' lang='lat' dir='ltr'><strong>enim</strong></span> <span class='ocrx_word' id='word_1_40' title='bbox 1723 804 1779 852; x_wconf 91' lang='lat' dir='ltr'><strong>et</strong></span> <span class='ocrx_word' id='word_1_41' title='bbox 1819 810 1850 850; x_wconf 92' lang='lat' dir='ltr'><strong>a</strong></span> <span class='ocrx_word' id='word_1_42' title='bbox 1902 807 2118 851; x_wconf 81' lang='lat' dir='ltr'><strong>canone</strong></span> <span class='ocrx_word' id='word_1_43' title='bbox 2159 806 2328 849; x_wconf 88' lang='lat' dir='ltr'><strong>sacro</strong></span> 
     </span>
    </p>
   </div>
   <div class='ocr_carea' id='block_1_9' title="bbox 739 885 2326 956">
    <p class='ocr_par' dir='ltr' id='par_1_9' title="bbox 739 885 2326 956">
     <span class='ocr_line' id='line_1_9' title="bbox 739 885 2326 956; baseline -0.001 -15"><span class='ocrx_word' id='word_1_44' title='bbox 739 897 1069 956; x_wconf 62' lang='lat' dir='ltr'><strong>praeceptum</strong></span> <span class='ocrx_word' id='word_1_45' title='bbox 1115 895 1221 955; x_wconf 88' lang='lat' dir='ltr'><strong>est,</strong></span> <span class='ocrx_word' id='word_1_46' title='bbox 1265 896 1321 943; x_wconf 91' lang='lat' dir='ltr'><strong>et</strong></span> <span class='ocrx_word' id='word_1_47' title='bbox 1367 886 1518 942; x_wconf 90' lang='lat' dir='ltr'><strong>omni</strong></span> <span class='ocrx_word' id='word_1_48' title='bbox 1562 903 1664 944; x_wconf 90' lang='lat' dir='ltr'><strong>vos</strong></span> <span class='ocrx_word' id='word_1_49' title='bbox 1714 887 1923 944; x_wconf 81' lang='lat' dir='ltr'><strong>oll&#39;ensa</strong></span> <span class='ocrx_word' id='word_1_50' title='bbox 1970 886 2166 942; x_wconf 87' lang='lat' dir='ltr'><strong>liberat</strong></span> <span class='ocrx_word' id='word_1_51' title='bbox 2199 904 2214 942; x_wconf 87' lang='lat'>:</span> <span class='ocrx_word' id='word_1_52' title='bbox 2248 885 2326 940; x_wconf 91' lang='lat' dir='ltr'><strong>uti</strong></span> 
     </span>
    </p>
   </div>
   <div class='ocr_carea' id='block_1_10' title="bbox 739 977 2325 1035">
    <p class='ocr_par' dir='ltr' id='par_1_10' title="bbox 739 977 2325 1035">
     <span class='ocr_line' id='line_1_10' title="bbox 739 977 2325 1035; baseline -0.001 -1"><span class='ocrx_word' id='word_1_53' title='bbox 739 977 951 1034; x_wconf 88' lang='lat' dir='ltr'><strong>scilicet</strong></span> <span class='ocrx_word' id='word_1_54' title='bbox 983 978 1396 1034; x_wconf 74' lang='lat' dir='ltr'><strong>administratio</strong></span> <span class='ocrx_word' id='word_1_55' title='bbox 1435 994 1621 1035; x_wconf 92' lang='lat' dir='ltr'><strong>rerum</strong></span> <span class='ocrx_word' id='word_1_56' title='bbox 1665 978 1928 1034; x_wconf 74' lang='lat' dir='ltr'><strong>Ecclesia:</strong></span> <span class='ocrx_word' id='word_1_57' title='bbox 1989 977 2325 1033; x_wconf 83' lang='lat' dir='ltr'><strong>testimoniis</strong></span> 
     </span>
    </p>
   </div>
   <div class='ocr_carea' id='block_1_11' title="bbox 740 1069 2325 1143">
    <p class='ocr_par' dir='ltr' id='par_1_11' title="bbox 740 1069 2325 1143">
     <span class='ocr_line' id='line_1_11' title="bbox 740 1069 2325 1143; baseline 0.001 -19"><span class='ocrx_word' id='word_1_58' title='bbox 740 1085 851 1125; x_wconf 94' lang='lat' dir='ltr'><strong>non</strong></span> <span class='ocrx_word' id='word_1_59' title='bbox 896 1079 1104 1132; x_wconf 81' lang='lat' dir='ltr'><strong>careat.</strong></span> <span class='ocrx_word' id='word_1_60' title='bbox 1135 1078 1197 1126; x_wconf 93' lang='lat' dir='ltr'><strong>ut</strong></span> <span class='ocrx_word' id='word_1_61' title='bbox 1239 1072 1391 1127; x_wconf 83' lang='lat' dir='ltr'><strong>nulla</strong></span> <span class='ocrx_word' id='word_1_62' title='bbox 1431 1088 1661 1143; x_wconf 80' lang='lat' dir='ltr'><strong>prorsus</strong></span> <span class='ocrx_word' id='word_1_63' title='bbox 1706 1086 1776 1128; x_wconf 78' lang='lat' dir='ltr'><strong>ex</strong></span> <span class='ocrx_word' id='word_1_64' title='bbox 1817 1081 1976 1143; x_wconf 84' lang='lat' dir='ltr'><strong>parte</strong></span> <span class='ocrx_word' id='word_1_65' title='bbox 2013 1069 2325 1127; x_wconf 90' lang='lat' dir='ltr'><strong>sacerdotio</strong></span> 
     </span>
    </p>
   </div>
   <div class='ocr_carea' id='block_1_12' title="bbox 739 1162 1532 1234">
    <p class='ocr_par' dir='ltr' id='par_1_12' title="bbox 739 1162 1532 1234">
     <span class='ocr_line' id='line_1_12' title="bbox 739 1162 1532 1234; baseline 0 -17"><span class='ocrx_word' id='word_1_66' title='bbox 739 1162 972 1218; x_wconf 85' lang='lat' dir='ltr'><strong>convicii</strong></span> <span class='ocrx_word' id='word_1_67' title='bbox 1004 1162 1158 1219; x_wconf 88' lang='lat' dir='ltr'><strong>labes</strong></span> <span class='ocrx_word' id='word_1_68' title='bbox 1185 1173 1532 1234; x_wconf 76' lang='lat' dir='ltr'><strong>aspergatur.</strong></span> 
     </span>
    </p>
   </div>
   <div class='ocr_carea' id='block_1_13' title="bbox 810 1341 2319 1412">
    <p class='ocr_par' dir='ltr' id='par_1_13' title="bbox 810 1341 2319 1412">
     <span class='ocr_line' id='line_1_13' title="bbox 810 1341 2319 1412; baseline -0.003 -14"><span class='ocrx_word' id='word_1_69' title='bbox 810 1341 866 1398; x_wconf 90' lang='lat'><strong>8.</strong></span> <span class='ocrx_word' id='word_1_70' title='bbox 906 1341 1076 1400; x_wconf 85' lang='lat' dir='ltr'><strong>Debet</strong></span> <span class='ocrx_word' id='word_1_71' title='bbox 1108 1351 1199 1397; x_wconf 84' lang='lat' dir='ltr'><strong>tua</strong></span> <span class='ocrx_word' id='word_1_72' title='bbox 1244 1341 1439 1412; x_wconf 84' lang='lat' dir='ltr'><strong>pietas,</strong></span> <span class='ocrx_word' id='word_1_73' title='bbox 1474 1341 1520 1398; x_wconf 87' lang='lat' dir='ltr'><strong>si</strong></span> <span class='ocrx_word' id='word_1_74' title='bbox 1555 1341 1681 1412; x_wconf 90' lang='lat' dir='ltr'><strong>quis</strong></span> <span class='ocrx_word' id='word_1_75' title='bbox 1726 1341 2112 1412; x_wconf 81' lang='lat' dir='ltr'><strong>episcoporum</strong></span> <span class='ocrx_word' id='word_1_76' title='bbox 2154 1341 2319 1396; x_wconf 89' lang='lat' dir='ltr'><strong>vitam</strong></span> 
     </span>
    </p>
   </div>
   <div class='ocr_carea' id='block_1_14' title="bbox 742 1432 2324 1503">
    <p class='ocr_par' dir='ltr' id='par_1_14' title="bbox 742 1432 2324 1503">
     <span class='ocr_line' id='line_1_14' title="bbox 742 1432 2324 1503; baseline -0.003 -12"><span class='ocrx_word' id='word_1_77' title='bbox 742 1449 867 1491; x_wconf 89' lang='lat' dir='ltr'><strong>cum</strong></span> <span class='ocrx_word' id='word_1_78' title='bbox 900 1443 1079 1489; x_wconf 86' lang='lat' dir='ltr'><strong>morte</strong></span> <span class='ocrx_word' id='word_1_79' title='bbox 1116 1434 1492 1498; x_wconf 89' lang='lat' dir='ltr'><strong>commutarit,</strong></span> <span class='ocrx_word' id='word_1_80' title='bbox 1523 1432 1748 1489; x_wconf 84' lang='lat' dir='ltr'><strong>omnino</strong></span> <span class='ocrx_word' id='word_1_81' title='bbox 1782 1433 1918 1488; x_wconf 84' lang='lat' dir='ltr'><strong>nihil</strong></span> <span class='ocrx_word' id='word_1_82' title='bbox 1944 1447 2009 1489; x_wconf 77' lang='lat' dir='ltr'><strong>ex</strong></span> <span class='ocrx_word' id='word_1_83' title='bbox 2043 1433 2207 1489; x_wconf 80' lang='lat' dir='ltr'><strong>rebus</strong></span> <span class='ocrx_word' id='word_1_84' title='bbox 2240 1432 2324 1503; x_wconf 86' lang='lat' dir='ltr'><strong>ip-</strong></span> 
     </span>
    </p>
   </div>
   <div class='ocr_carea' id='block_1_15' title="bbox 740 1527 2319 1597">
    <p class='ocr_par' dir='ltr' id='par_1_15' title="bbox 740 1527 2319 1597">
     <span class='ocr_line' id='line_1_15' title="bbox 740 1527 2319 1597; baseline -0.004 -9"><span class='ocrx_word' id='word_1_85' title='bbox 740 1530 857 1590; x_wconf 79' lang='lat' dir='ltr'><strong>sius</strong></span> <span class='ocrx_word' id='word_1_86' title='bbox 887 1528 1142 1597; x_wconf 82' lang='lat' dir='ltr'><strong>auferre;</strong></span> <span class='ocrx_word' id='word_1_87' title='bbox 1197 1543 1301 1585; x_wconf 90' lang='lat' dir='ltr'><strong>nee</strong></span> <span class='ocrx_word' id='word_1_88' title='bbox 1354 1528 1586 1584; x_wconf 79' lang='lat' dir='ltr'><strong>honesto</strong></span> <span class='ocrx_word' id='word_1_89' title='bbox 1615 1527 1838 1582; x_wconf 86' lang='lat' dir='ltr'><strong>nomine</strong></span> <span class='ocrx_word' id='word_1_90' title='bbox 1882 1527 2319 1592; x_wconf 84' lang='lat' dir='ltr'><strong>consuetudinis,</strong></span> 
     </span>
    </p>
   </div>
   <div class='ocr_carea' id='block_1_16' title="bbox 739 1617 2316 1691">
    <p class='ocr_par' dir='ltr' id='par_1_16' title="bbox 739 1617 2316 1691">
     <span class='ocr_line' id='line_1_16' title="bbox 739 1617 2316 1691; baseline -0.003 -17"><span class='ocrx_word' id='word_1_91' title='bbox 739 1619 1084 1691; x_wconf 87' lang='lat' dir='ltr'><strong>prohibitum</strong></span> <span class='ocrx_word' id='word_1_92' title='bbox 1119 1621 1324 1689; x_wconf 68' lang='lat' dir='ltr'><strong>rapina:</strong></span> <span class='ocrx_word' id='word_1_93' title='bbox 1352 1618 1736 1689; x_wconf 59' lang='lat' dir='ltr'><strong>violentiaque</strong></span> <span class='ocrx_word' id='word_1_94' title='bbox 1765 1617 1982 1673; x_wconf 78' lang='lat' dir='ltr'><strong>facinus</strong></span> <span class='ocrx_word' id='word_1_95' title='bbox 2011 1617 2265 1674; x_wconf 88' lang='lat' dir='ltr'><strong>obvelare</strong></span> <span class='ocrx_word' id='word_1_96' title='bbox 2303 1633 2316 1670; x_wconf 95' lang='lat'>:</span> 
     </span>
    </p>
   </div>
   <div class='ocr_carea' id='block_1_17' title="bbox 2427 591 4017 673">
    <p class='ocr_par' dir='ltr' id='par_1_17' title="bbox 2427 591 4017 673">
     <span class='ocr_line' id='line_1_17' title="bbox 2427 591 4017 673; baseline -0.009 -16"><span class='ocrx_word' id='word_1_97' title='bbox 2427 603 2720 672; x_wconf 77' lang='grc' dir='ltr'><strong>ἐκφεύγειν</strong></span> <span class='ocrx_word' id='word_1_98' title='bbox 2743 602 3043 673; x_wconf 79' lang='grc' dir='ltr'><strong>ὑπολήψεις</strong></span> <span class='ocrx_word' id='word_1_99' title='bbox 3059 599 3261 661; x_wconf 80' lang='grc' dir='ltr'>ἐθέλει,</span> <span class='ocrx_word' id='word_1_100' title='bbox 3294 598 3407 658; x_wconf 84' lang='grc' dir='ltr'>τοῖς</span> <span class='ocrx_word' id='word_1_101' title='bbox 3435 596 3494 648; x_wconf 90' lang='grc' dir='ltr'><strong>ἐν</strong></span> <span class='ocrx_word' id='word_1_102' title='bbox 3521 591 3599 663; x_wconf 86' lang='grc' dir='ltr'><strong>τῷ</strong></span> <span class='ocrx_word' id='word_1_103' title='bbox 3627 592 3822 662; x_wconf 82' lang='grc' dir='ltr'>κλήρῳ</span> <span class='ocrx_word' id='word_1_104' title='bbox 3844 607 4017 644; x_wconf 60' lang='grc' dir='ltr'>κατα·</span> 
     </span>
    </p>
   </div>
   <div class='ocr_carea' id='block_1_18' title="bbox 2427 682 4018 769">
    <p class='ocr_par' dir='ltr' id='par_1_18' title="bbox 2427 682 4018 769">
     <span class='ocr_line' id='line_1_18' title="bbox 2427 682 4018 769; baseline -0.011 -17"><span class='ocrx_word' id='word_1_105' title='bbox 2427 697 2744 769; x_wconf 70' lang='grc' dir='ltr'><strong>λεγομένοις</strong></span> <span class='ocrx_word' id='word_1_106' title='bbox 2775 697 2875 768; x_wconf 80' lang='grc' dir='ltr'>τήν</span> <span class='ocrx_word' id='word_1_107' title='bbox 2899 712 2959 748; x_wconf 87' lang='grc' dir='ltr'><strong>τε</strong></span> <span class='ocrx_word' id='word_1_108' title='bbox 2987 695 3096 748; x_wconf 86' lang='grc' dir='ltr'><strong>τῶν</strong></span> <span class='ocrx_word' id='word_1_109' title='bbox 3150 690 3494 762; x_wconf 77' lang='grc' dir='ltr'><strong>πραγμάτων</strong></span> <span class='ocrx_word' id='word_1_110' title='bbox 3538 686 3882 755; x_wconf 73' lang='grc' dir='ltr'>οἰκονομίαν,</span> <span class='ocrx_word' id='word_1_111' title='bbox 3925 682 4018 736; x_wconf 79' lang='grc' dir='ltr'>καὶ</span> 
     </span>
    </p>
   </div>
   <div class='ocr_carea' id='block_1_19' title="bbox 2425 776 4015 862">
    <p class='ocr_par' dir='ltr' id='par_1_19' title="bbox 2425 776 4015 862">
     <span class='ocr_line' id='line_1_19' title="bbox 2425 776 4015 862; baseline -0.009 -15"><span class='ocrx_word' id='word_1_112' title='bbox 2425 793 2525 858; x_wconf 74' lang='grc' dir='ltr'><strong>τὰς</strong></span> <span class='ocrx_word' id='word_1_113' title='bbox 2576 792 2741 856; x_wconf 78' lang='grc' dir='ltr'>ἄλλας</span> <span class='ocrx_word' id='word_1_114' title='bbox 2793 787 3258 862; x_wconf 84' lang='grc' dir='ltr'>ἐκκλησιαστικὰς</span> <span class='ocrx_word' id='word_1_115' title='bbox 3311 780 3643 854; x_wconf 65' lang='grc' dir='ltr'><strong>ἐγχειρίζειν</strong></span> <span class='ocrx_word' id='word_1_116' title='bbox 3707 776 4015 839; x_wconf 73' lang='grc' dir='ltr'><strong>διακονίας.</strong></span> 
     </span>
    </p>
   </div>
   <div class='ocr_carea' id='block_1_20' title="bbox 2427 871 4016 957">
    <p class='ocr_par' dir='ltr' id='par_1_20' title="bbox 2427 871 4016 957">
     <span class='ocr_line' id='line_1_20' title="bbox 2427 871 4016 957; baseline -0.013 -15"><span class='ocrx_word' id='word_1_117' title='bbox 2427 886 2600 941; x_wconf 82' lang='grc' dir='ltr'>Τοῦτο</span> <span class='ocrx_word' id='word_1_118' title='bbox 2626 885 2738 957; x_wconf 83' lang='grc' dir='ltr'><strong>γὰρ</strong></span> <span class='ocrx_word' id='word_1_119' title='bbox 2762 885 2858 938; x_wconf 77' lang='grc' dir='ltr'>καὶ</span> <span class='ocrx_word' id='word_1_120' title='bbox 2886 885 2914 937; x_wconf 84' lang='grc' dir='ltr'><strong>ὁ</strong></span> <span class='ocrx_word' id='word_1_121' title='bbox 2947 882 3095 952; x_wconf 82' lang='grc' dir='ltr'>ίερὸς</span> <span class='ocrx_word' id='word_1_122' title='bbox 3124 879 3307 941; x_wconf 84' lang='grc' dir='ltr'>κανὼν</span> <span class='ocrx_word' id='word_1_123' title='bbox 3342 875 3716 945; x_wconf 78' lang='grc' dir='ltr'>ἐγκελεύεται,</span> <span class='ocrx_word' id='word_1_124' title='bbox 3760 871 3862 926; x_wconf 78' lang='grc' dir='ltr'>καὶ</span> <span class='ocrx_word' id='word_1_125' title='bbox 3887 871 4016 939; x_wconf 78' lang='grc' dir='ltr'>ὑμῖν</span> 
     </span>
    </p>
   </div>
   <div class='ocr_carea' id='block_1_21' title="bbox 2427 958 4016 1048">
    <p class='ocr_par' dir='ltr' id='par_1_21' title="bbox 2427 958 4016 1048">
     <span class='ocr_line' id='line_1_21' title="bbox 2427 958 4016 1048; baseline -0.011 -16"><span class='ocrx_word' id='word_1_126' title='bbox 2427 979 2488 1032; x_wconf 77' lang='grc' dir='ltr'><strong>τδ</strong></span> <span class='ocrx_word' id='word_1_127' title='bbox 2514 976 2865 1048; x_wconf 78' lang='grc' dir='ltr'>ἀπρόσκοπον</span> <span class='ocrx_word' id='word_1_128' title='bbox 2898 973 3170 1044; x_wconf 77' lang='grc' dir='ltr'>προξενεῖ,</span> <span class='ocrx_word' id='word_1_129' title='bbox 3197 971 3341 1026; x_wconf 85' lang='grc' dir='ltr'>ὥστε</span> <span class='ocrx_word' id='word_1_130' title='bbox 3383 967 3460 1038; x_wconf 79' lang='grc' dir='ltr'>μὴ</span> <span class='ocrx_word' id='word_1_131' title='bbox 3513 966 3842 1036; x_wconf 79' lang='grc' dir='ltr'>ἀμάρτυρον</span> <span class='ocrx_word' id='word_1_132' title='bbox 3875 958 4016 1015; x_wconf 69' lang='grc' dir='ltr'>εἶναι</span> 
     </span>
    </p>
   </div>
   <div class='ocr_carea' id='block_1_22' title="bbox 2423 1053 4010 1140">
    <p class='ocr_par' dir='ltr' id='par_1_22' title="bbox 2423 1053 4010 1140">
     <span class='ocr_line' id='line_1_22' title="bbox 2423 1053 4010 1140; baseline -0.013 -15"><span class='ocrx_word' id='word_1_133' title='bbox 2423 1071 2524 1140; x_wconf 77' lang='grc' dir='ltr'>τὴν</span> <span class='ocrx_word' id='word_1_134' title='bbox 2550 1070 2651 1138; x_wconf 80' lang='grc' dir='ltr'>τῆς</span> <span class='ocrx_word' id='word_1_135' title='bbox 2671 1067 3000 1138; x_wconf 83' lang='grc' dir='ltr'>Ἐκκλησίας</span> <span class='ocrx_word' id='word_1_136' title='bbox 3034 1063 3350 1132; x_wconf 73' lang='grc' dir='ltr'>οἰκονομίαν</span> <span class='ocrx_word' id='word_1_137' title='bbox 3369 1077 3382 1092; x_wconf 91' lang='grc'><strong>·</strong></span> <span class='ocrx_word' id='word_1_138' title='bbox 3435 1061 3531 1114; x_wconf 83' lang='grc' dir='ltr'>καὶ</span> <span class='ocrx_word' id='word_1_139' title='bbox 3565 1059 3706 1128; x_wconf 83' lang='grc' dir='ltr'>μήτε</span> <span class='ocrx_word' id='word_1_140' title='bbox 3733 1053 4010 1116; x_wconf 78' lang='grc' dir='ltr'>ἐντεῦθεν,</span> 
     </span>
    </p>
   </div>
   <div class='ocr_carea' id='block_1_23' title="bbox 2429 1144 4008 1232">
    <p class='ocr_par' dir='ltr' id='par_1_23' title="bbox 2429 1144 4008 1232">
     <span class='ocr_line' id='line_1_23' title="bbox 2429 1144 4008 1232; baseline -0.011 -17"><span class='ocrx_word' id='word_1_141' title='bbox 2429 1163 2565 1232; x_wconf 83' lang='grc' dir='ltr'>μήτε</span> <span class='ocrx_word' id='word_1_142' title='bbox 2597 1160 2705 1231; x_wconf 86' lang='grc' dir='ltr'>μὴν</span> <span class='ocrx_word' id='word_1_143' title='bbox 2734 1144 3022 1230; x_wconf 77' lang='grc' dir='ltr'>ἑτέρωθεν,</span> <span class='ocrx_word' id='word_1_144' title='bbox 3054 1155 3329 1226; x_wconf 79' lang='grc' dir='ltr'>λοιδορίαν</span> <span class='ocrx_word' id='word_1_145' title='bbox 3352 1155 3420 1224; x_wconf 80' lang='grc' dir='ltr'><strong>τῇ</strong></span> <span class='ocrx_word' id='word_1_146' title='bbox 3451 1149 3726 1222; x_wconf 74' lang='grc' dir='ltr'>ἱερωσύνῃ</span> <span class='ocrx_word' id='word_1_147' title='bbox 3749 1144 4008 1218; x_wconf 80' lang='grc' dir='ltr'>προστρίο</span> 
     </span>
    </p>
   </div>
   <div class='ocr_carea' id='block_1_24' title="bbox 2425 1253 2641 1309">
    <p class='ocr_par' dir='ltr' id='par_1_24' title="bbox 2425 1253 2641 1309">
     <span class='ocr_line' id='line_1_24' title="bbox 2425 1253 2641 1309; baseline 0.005 -2"><span class='ocrx_word' id='word_1_148' title='bbox 2425 1253 2641 1309; x_wconf 81' lang='grc' dir='ltr'>σεσθαι.</span> 
     </span>
    </p>
   </div>
   <div class='ocr_carea' id='block_1_25' title="bbox 2503 1327 4014 1414">
    <p class='ocr_par' dir='ltr' id='par_1_25' title="bbox 2503 1327 4014 1414">
     <span class='ocr_line' id='line_1_25' title="bbox 2503 1327 4014 1414; baseline -0.015 -14"><span class='ocrx_word' id='word_1_149' title='bbox 2503 1342 2576 1414; x_wconf 85' lang='grc' dir='ltr'><strong>η’.</strong></span> <span class='ocrx_word' id='word_1_150' title='bbox 2617 1343 2714 1397; x_wconf 86' lang='grc' dir='ltr'>Δεῖ</span> <span class='ocrx_word' id='word_1_151' title='bbox 2753 1341 2852 1411; x_wconf 82' lang='grc' dir='ltr'>τὴν</span> <span class='ocrx_word' id='word_1_152' title='bbox 2877 1341 2977 1410; x_wconf 73' lang='grc' dir='ltr'>σὴν</span> <span class='ocrx_word' id='word_1_153' title='bbox 3007 1339 3334 1407; x_wconf 77' lang='grc' dir='ltr'>θεοφιΑειαν,</span> <span class='ocrx_word' id='word_1_154' title='bbox 3369 1337 3422 1389; x_wconf 88' lang='grc' dir='ltr'><strong>εί</strong></span> <span class='ocrx_word' id='word_1_155' title='bbox 3446 1332 3580 1388; x_wconf 87' lang='grc' dir='ltr'><strong>ποτέ</strong></span> <span class='ocrx_word' id='word_1_156' title='bbox 3613 1347 3722 1384; x_wconf 84' lang='grc' dir='ltr'>τινι</span> <span class='ocrx_word' id='word_1_157' title='bbox 3747 1327 3863 1382; x_wconf 81' lang='grc' dir='ltr'><strong>τῶν</strong></span> <span class='ocrx_word' id='word_1_158' title='bbox 3895 1327 4014 1381; x_wconf 77' lang='grc' dir='ltr'>ἐπι-</span> 
     </span>
    </p>
   </div>
   <div class='ocr_carea' id='block_1_26' title="bbox 2426 1415 4017 1501">
    <p class='ocr_par' dir='ltr' id='par_1_26' title="bbox 2426 1415 4017 1501">
     <span class='ocr_line' id='line_1_26' title="bbox 2426 1415 4017 1501; baseline -0.013 -10"><span class='ocrx_word' id='word_1_159' title='bbox 2426 1431 2847 1490; x_wconf 79' lang='grc' dir='ltr'>σκόπωντδτοῦ</span> <span class='ocrx_word' id='word_1_160' title='bbox 2898 1431 3013 1501; x_wconf 86' lang='grc' dir='ltr'>βίου</span> <span class='ocrx_word' id='word_1_161' title='bbox 3045 1430 3202 1494; x_wconf 82' lang='grc' dir='ltr'><strong>τέλος</strong></span> <span class='ocrx_word' id='word_1_162' title='bbox 3259 1426 3499 1490; x_wconf 72' lang='grc' dir='ltr'>ἐπέλθοι,</span> <span class='ocrx_word' id='word_1_163' title='bbox 3537 1423 3706 1495; x_wconf 65' lang='grc' dir='ltr'>μηδὲν</span> <span class='ocrx_word' id='word_1_164' title='bbox 3743 1415 4017 1490; x_wconf 78' lang='grc' dir='ltr'>μηδαμῶς</span> 
     </span>
    </p>
   </div>
   <div class='ocr_carea' id='block_1_27' title="bbox 2425 1507 4016 1594">
    <p class='ocr_par' dir='ltr' id='par_1_27' title="bbox 2425 1507 4016 1594">
     <span class='ocr_line' id='line_1_27' title="bbox 2425 1507 4016 1594; baseline -0.013 -12"><span class='ocrx_word' id='word_1_165' title='bbox 2425 1526 2628 1582; x_wconf 75' lang='grc' dir='ltr'>ἐκτῶν</span> <span class='ocrx_word' id='word_1_166' title='bbox 2657 1524 2823 1580; x_wconf 77' lang='grc' dir='ltr'>αὑτοῦ</span> <span class='ocrx_word' id='word_1_167' title='bbox 2863 1522 3220 1594; x_wconf 86' lang='grc' dir='ltr'>ἀφαιρεῖσθαι</span> <span class='ocrx_word' id='word_1_168' title='bbox 3247 1517 3616 1591; x_wconf 74' lang='grc' dir='ltr'>πραγμάτων,</span> <span class='ocrx_word' id='word_1_169' title='bbox 3650 1513 3788 1583; x_wconf 70' lang='grc' dir='ltr'>μηδὲ</span> <span class='ocrx_word' id='word_1_170' title='bbox 3829 1507 4016 1578; x_wconf 81' lang='grc' dir='ltr'>σεμνῷ</span> 
     </span>
    </p>
   </div>
   <div class='ocr_carea' id='block_1_28' title="bbox 2421 1601 4016 1691">
    <p class='ocr_par' dir='ltr' id='par_1_28' title="bbox 2421 1601 4016 1691">
     <span class='ocr_line' id='line_1_28' title="bbox 2421 1601 4016 1691; baseline -0.013 -16"><span class='ocrx_word' id='word_1_171' title='bbox 2421 1620 2648 1691; x_wconf 80' lang='grc' dir='ltr'>ὀνόματι</span> <span class='ocrx_word' id='word_1_172' title='bbox 2676 1617 2969 1688; x_wconf 79' lang='grc' dir='ltr'>συνηθείας</span> <span class='ocrx_word' id='word_1_173' title='bbox 2997 1613 3341 1678; x_wconf 67' lang='grc' dir='ltr'>ἐπισκιάζειν</span> <span class='ocrx_word' id='word_1_174' title='bbox 3367 1612 3470 1680; x_wconf 78' lang='grc' dir='ltr'>τήν</span> <span class='ocrx_word' id='word_1_175' title='bbox 3493 1609 3597 1679; x_wconf 79' lang='grc' dir='ltr'><strong>τῆς</strong></span> <span class='ocrx_word' id='word_1_176' title='bbox 3625 1604 3892 1674; x_wconf 84' lang='grc' dir='ltr'>ἁρπαγῆς</span> <span class='ocrx_word' id='word_1_177' title='bbox 3921 1601 4016 1656; x_wconf 80' lang='grc' dir='ltr'>καὶ</span> 
     </span>
    </p>
   </div>
   <div class='ocr_carea' id='block_1_29' title="bbox 741 1692 2329 1784">
    <p class='ocr_par' dir='ltr' id='par_1_29' title="bbox 741 1709 2318 1776">
     <span class='ocr_line' id='line_1_29' title="bbox 741 1709 2318 1776; baseline -0.004 -8"><span class='ocrx_word' id='word_1_178' title='bbox 741 1712 841 1768; x_wconf 85' lang='lat' dir='ltr'><strong>sed</strong></span> <span class='ocrx_word' id='word_1_179' title='bbox 868 1711 1145 1767; x_wconf 80' lang='lat' dir='ltr'><strong>universis</strong></span> <span class='ocrx_word' id='word_1_180' title='bbox 1173 1711 1522 1776; x_wconf 81' lang='lat' dir='ltr'><strong>denuntiare,</strong></span> <span class='ocrx_word' id='word_1_181' title='bbox 1565 1710 1838 1772; x_wconf 81' lang='lat' dir='ltr'><strong>futurum,</strong></span> <span class='ocrx_word' id='word_1_182' title='bbox 1865 1717 1925 1764; x_wconf 91' lang='lat' dir='ltr'><strong>ut</strong></span> <span class='ocrx_word' id='word_1_183' title='bbox 1952 1709 2138 1763; x_wconf 89' lang='lat' dir='ltr'><strong>omnia</strong></span> <span class='ocrx_word' id='word_1_184' title='bbox 2171 1709 2318 1763; x_wconf 89' lang='lat' dir='ltr'><strong>salva</strong></span> 
     </span>
    </p>
   </div>
   <div class='ocr_carea' id='block_1_30' title="bbox 2435 1692 4014 1784">
    <p class='ocr_par' dir='ltr' id='par_1_30' title="bbox 2435 1692 4014 1784">
     <span class='ocr_line' id='line_1_30' title="bbox 2435 1692 4014 1784; baseline -0.014 -17"><span class='ocrx_word' id='word_1_185' title='bbox 2435 1712 2741 1784; x_wconf 76' lang='grc' dir='ltr'>τυραννίδος</span> <span class='ocrx_word' id='word_1_186' title='bbox 2788 1707 3253 1780; x_wconf 78' lang='grc' dir='ltr'>ἀπηγορευμένην</span> <span class='ocrx_word' id='word_1_187' title='bbox 3301 1702 3538 1774; x_wconf 75' lang='grc' dir='ltr'>πρᾶξινο</span> <span class='ocrx_word' id='word_1_188' title='bbox 3587 1692 4014 1768; x_wconf 71' lang='grc' dir='ltr'>παρεγγυᾶσθαι</span> 
     </span>
    </p>
   </div>
   <div class='ocr_carea' id='block_1_31' title="bbox 740 1787 2329 1902">
    <p class='ocr_par' dir='ltr' id='par_1_31' title="bbox 740 1801 2320 1874">
     <span class='ocr_line' id='line_1_31' title="bbox 740 1801 2320 1874; baseline -0.004 -14"><span class='ocrx_word' id='word_1_189' title='bbox 740 1813 1157 1866; x_wconf 84' lang='lat' dir='ltr'><strong>conserventur,</strong></span> <span class='ocrx_word' id='word_1_190' title='bbox 1211 1812 1267 1859; x_wconf 91' lang='lat' dir='ltr'><strong>et</strong></span> <span class='ocrx_word' id='word_1_191' title='bbox 1330 1803 1629 1860; x_wconf 89' lang='lat' dir='ltr'><strong>secundum</strong></span> <span class='ocrx_word' id='word_1_192' title='bbox 1673 1803 1962 1874; x_wconf 88' lang='lat' dir='ltr'><strong>ipsiusmet</strong></span> <span class='ocrx_word' id='word_1_193' title='bbox 2001 1801 2320 1872; x_wconf 88' lang='lat' dir='ltr'><strong>dispositio-</strong></span> 
     </span>
    </p>
   </div>
   <div class='ocr_carea' id='block_1_32' title="bbox 2435 1787 3992 1902">
    <p class='ocr_par' dir='ltr' id='par_1_32' title="bbox 2435 1787 3992 1872">
     <span class='ocr_line' id='line_1_32' title="bbox 2435 1787 3992 1872; baseline -0.017 -9"><span class='ocrx_word' id='word_1_194' title='bbox 2435 1810 2476 1863; x_wconf 67' lang='grc' dir='ltr'><strong>Ξέ</strong></span> <span class='ocrx_word' id='word_1_195' title='bbox 2508 1809 2663 1872; x_wconf 80' lang='grc' dir='ltr'>πᾶσι,</span> <span class='ocrx_word' id='word_1_196' title='bbox 2701 1805 2816 1859; x_wconf 80' lang='grc' dir='ltr'><strong>σῶα</strong></span> <span class='ocrx_word' id='word_1_197' title='bbox 2843 1804 3019 1857; x_wconf 82' lang='grc' dir='ltr'>πάντα</span> <span class='ocrx_word' id='word_1_198' title='bbox 3046 1795 3522 1867; x_wconf 76' lang='grc' dir='ltr'>διαφυλάττεσθαι,</span> <span class='ocrx_word' id='word_1_199' title='bbox 3575 1795 3666 1844; x_wconf 74' lang='grc' dir='ltr'><strong>καὶ</strong></span> <span class='ocrx_word' id='word_1_200' title='bbox 3706 1789 3852 1841; x_wconf 84' lang='grc' dir='ltr'>κατὰ</span> <span class='ocrx_word' id='word_1_201' title='bbox 3888 1787 3992 1849; x_wconf 83' lang='grc' dir='ltr'>τὴν</span> 
     </span>
    </p>
   </div>
   <div class='ocr_carea' id='block_1_33' title="bbox 741 1894 2319 1966">
    <p class='ocr_par' dir='ltr' id='par_1_33' title="bbox 741 1894 2319 1966">
     <span class='ocr_line' id='line_1_33' title="bbox 741 1894 2319 1966; baseline -0.003 -14"><span class='ocrx_word' id='word_1_202' title='bbox 741 1905 913 1952; x_wconf 77' lang='grc' dir='ltr'>ιιειιι·</span> <span class='ocrx_word' id='word_1_203' title='bbox 940 1895 1199 1966; x_wconf 65' lang='lat' dir='ltr'><strong>quaelibet</strong></span> <span class='ocrx_word' id='word_1_204' title='bbox 1224 1896 1429 1951; x_wconf 75' lang='lat' dir='ltr'><strong>relicta:</strong></span> <span class='ocrx_word' id='word_1_205' title='bbox 1465 1895 1674 1966; x_wconf 85' lang='lat' dir='ltr'><strong>species</strong></span> <span class='ocrx_word' id='word_1_206' title='bbox 1722 1894 2180 1950; x_wconf 85' lang='lat' dir='ltr'><strong>administrentur</strong></span> <span class='ocrx_word' id='word_1_207' title='bbox 2212 1912 2224 1947; x_wconf 93' lang='lat'>:</span> <span class='ocrx_word' id='word_1_208' title='bbox 2265 1895 2319 1947; x_wconf 93' lang='lat' dir='ltr'><strong>in</strong></span> 
     </span>
    </p>
   </div>
   <div class='ocr_carea' id='block_1_34' title="bbox 744 1986 2326 2057">
    <p class='ocr_par' dir='ltr' id='par_1_34' title="bbox 744 1986 2326 2057">
     <span class='ocr_line' id='line_1_34' title="bbox 744 1986 2326 2057; baseline -0.003 -15"><span class='ocrx_word' id='word_1_209' title='bbox 744 1988 938 2057; x_wconf 89' lang='lat' dir='ltr'><strong>primis</strong></span> <span class='ocrx_word' id='word_1_210' title='bbox 969 2002 1311 2057; x_wconf 64' lang='lat' dir='ltr'><strong>quacunque</strong></span> <span class='ocrx_word' id='word_1_211' title='bbox 1356 1987 1442 2042; x_wconf 87' lang='lat' dir='ltr'><strong>vel</strong></span> <span class='ocrx_word' id='word_1_212' title='bbox 1486 1986 1553 2041; x_wconf 83' lang='lat' dir='ltr'><strong>ab</strong></span> <span class='ocrx_word' id='word_1_213' title='bbox 1603 1986 1698 2040; x_wconf 75' lang='lat' dir='ltr'><strong>illo</strong></span> <span class='ocrx_word' id='word_1_214' title='bbox 1740 1995 2005 2054; x_wconf 87' lang='lat' dir='ltr'><strong>tempore.</strong></span> <span class='ocrx_word' id='word_1_215' title='bbox 2041 1999 2151 2054; x_wconf 91' lang='lat' dir='ltr'><strong>quo</strong></span> <span class='ocrx_word' id='word_1_216' title='bbox 2186 1998 2326 2054; x_wconf 66' lang='lat' dir='ltr'><strong>prte-</strong></span> 
     </span>
    </p>
   </div>
   <div class='ocr_carea' id='block_1_35' title="bbox 744 2074 2326 2148">
    <p class='ocr_par' dir='ltr' id='par_1_35' title="bbox 744 2074 2326 2148">
     <span class='ocr_line' id='line_1_35' title="bbox 744 2074 2326 2148; baseline -0.003 -18"><span class='ocrx_word' id='word_1_217' title='bbox 744 2078 920 2133; x_wconf 85' lang='lat' dir='ltr'><strong>t&#39;ectus</strong></span> <span class='ocrx_word' id='word_1_218' title='bbox 946 2077 1291 2148; x_wconf 85' lang='lat' dir='ltr'><strong>episcopatui</strong></span> <span class='ocrx_word' id='word_1_219' title='bbox 1325 2077 1514 2141; x_wconf 81' lang='lat' dir='ltr'><strong>fuerit,</strong></span> <span class='ocrx_word' id='word_1_220' title='bbox 1547 2074 1939 2146; x_wconf 81' lang='lat' dir='ltr'><strong>acquisiverit;</strong></span> <span class='ocrx_word' id='word_1_221' title='bbox 1977 2074 2059 2129; x_wconf 91' lang='lat' dir='ltr'><strong>vel</strong></span> <span class='ocrx_word' id='word_1_222' title='bbox 2085 2074 2134 2128; x_wconf 91' lang='lat' dir='ltr'><strong>ei</strong></span> <span class='ocrx_word' id='word_1_223' title='bbox 2168 2080 2326 2144; x_wconf 86' lang='lat' dir='ltr'><strong>post-</strong></span> 
     </span>
    </p>
   </div>
   <div class='ocr_carea' id='block_1_36' title="bbox 742 2164 2330 2238">
    <p class='ocr_par' dir='ltr' id='par_1_36' title="bbox 742 2164 2330 2238">
     <span class='ocr_line' id='line_1_36' title="bbox 742 2164 2330 2238; baseline -0.003 -16"><span class='ocrx_word' id='word_1_224' title='bbox 742 2167 964 2223; x_wconf 91' lang='lat' dir='ltr'><strong>odum</strong></span> <span class='ocrx_word' id='word_1_225' title='bbox 1033 2183 1064 2222; x_wconf 92' lang='lat' dir='ltr'><strong>a</strong></span> <span class='ocrx_word' id='word_1_226' title='bbox 1119 2168 1370 2238; x_wconf 74' lang='lat' dir='ltr'><strong>cognatis</strong></span> <span class='ocrx_word' id='word_1_227' title='bbox 1428 2167 1788 2222; x_wconf 87' lang='lat' dir='ltr'><strong>accesserint.</strong></span> <span class='ocrx_word' id='word_1_228' title='bbox 1845 2164 2005 2230; x_wconf 88' lang='lat' dir='ltr'><strong>Quod</strong></span> <span class='ocrx_word' id='word_1_229' title='bbox 2053 2164 2100 2219; x_wconf 92' lang='lat' dir='ltr'><strong>si</strong></span> <span class='ocrx_word' id='word_1_230' title='bbox 2153 2172 2330 2218; x_wconf 88' lang='lat' dir='ltr'><strong>morte</strong></span> 
     </span>
    </p>
   </div>
   <div class='ocr_carea' id='block_1_37' title="bbox 741 2255 2330 2326">
    <p class='ocr_par' dir='ltr' id='par_1_37' title="bbox 741 2255 2330 2326">
     <span class='ocr_line' id='line_1_37' title="bbox 741 2255 2330 2326; baseline -0.003 -10"><span class='ocrx_word' id='word_1_231' title='bbox 741 2259 1030 2316; x_wconf 83' lang='lat' dir='ltr'><strong>subitanea</strong></span> <span class='ocrx_word' id='word_1_232' title='bbox 1073 2260 1241 2313; x_wconf 83' lang='lat' dir='ltr'><strong>vitam</strong></span> <span class='ocrx_word' id='word_1_233' title='bbox 1276 2259 1495 2323; x_wconf 80' lang='lat' dir='ltr'><strong>(inierit,</strong></span> <span class='ocrx_word' id='word_1_234' title='bbox 1526 2273 1597 2313; x_wconf 93' lang='lat' dir='ltr'><strong>ne</strong></span> <span class='ocrx_word' id='word_1_235' title='bbox 1641 2259 1722 2312; x_wconf 89' lang='lat' dir='ltr'><strong>sic</strong></span> <span class='ocrx_word' id='word_1_236' title='bbox 1769 2257 1990 2326; x_wconf 82' lang='lat' dir='ltr'><strong>quidem</strong></span> <span class='ocrx_word' id='word_1_237' title='bbox 2039 2255 2330 2311; x_wconf 69' lang='lat' dir='ltr'><strong>facultates</strong></span> 
     </span>
    </p>
   </div>
   <div class='ocr_carea' id='block_1_38' title="bbox 743 2350 2332 2424">
    <p class='ocr_par' dir='ltr' id='par_1_38' title="bbox 743 2350 2332 2424">
     <span class='ocr_line' id='line_1_38' title="bbox 743 2350 2332 2424; baseline -0.004 -17"><span class='ocrx_word' id='word_1_238' title='bbox 743 2355 920 2424; x_wconf 85' lang='lat' dir='ltr'><strong>ipsius</strong></span> <span class='ocrx_word' id='word_1_239' title='bbox 950 2352 1116 2422; x_wconf 76' lang='lat' dir='ltr'><strong>diripi</strong></span> <span class='ocrx_word' id='word_1_240' title='bbox 1152 2351 1430 2408; x_wconf 82' lang='lat' dir='ltr'><strong>auferrive</strong></span> <span class='ocrx_word' id='word_1_241' title='bbox 1468 2351 1708 2418; x_wconf 89' lang='lat' dir='ltr'><strong>debent;</strong></span> <span class='ocrx_word' id='word_1_242' title='bbox 1745 2352 1839 2407; x_wconf 90' lang='lat' dir='ltr'><strong>sed</strong></span> <span class='ocrx_word' id='word_1_243' title='bbox 1880 2351 1927 2406; x_wconf 90' lang='lat' dir='ltr'><strong>si</strong></span> <span class='ocrx_word' id='word_1_244' title='bbox 1980 2350 2074 2420; x_wconf 88' lang='lat' dir='ltr'><strong>qui</strong></span> <span class='ocrx_word' id='word_1_245' title='bbox 2114 2359 2332 2417; x_wconf 69' lang='lat' dir='ltr'><strong>cognati</strong></span> 
     </span>
    </p>
   </div>
   <div class='ocr_carea' id='block_1_39' title="bbox 741 2441 2328 2530">
    <p class='ocr_par' dir='ltr' id='par_1_39' title="bbox 741 2441 2328 2530">
     <span class='ocr_line' id='line_1_39' title="bbox 741 2441 2328 2530; baseline -0.004 -30"><span class='ocrx_word' id='word_1_246' title='bbox 741 2446 861 2514; x_wconf 86' lang='lat' dir='ltr'><strong>ejus</strong></span> <span class='ocrx_word' id='word_1_247' title='bbox 887 2451 1128 2530; x_wconf 48' lang='lat' dir='ltr'><strong>erstent,</strong></span> <span class='ocrx_word' id='word_1_248' title='bbox 1157 2444 1267 2500; x_wconf 86' lang='lat' dir='ltr'><strong>illis</strong></span> <span class='ocrx_word' id='word_1_249' title='bbox 1298 2459 1388 2499; x_wconf 85' lang='lat' dir='ltr'><strong>res</strong></span> <span class='ocrx_word' id='word_1_250' title='bbox 1422 2444 1599 2515; x_wconf 89' lang='lat' dir='ltr'><strong>ipsius</strong></span> <span class='ocrx_word' id='word_1_251' title='bbox 1631 2445 1870 2515; x_wconf 66' lang='lat' dir='ltr'><strong>propria:</strong></span> <span class='ocrx_word' id='word_1_252' title='bbox 1909 2441 2328 2509; x_wconf 66' lang='lat' dir='ltr'><strong>attribuantur;</strong></span> 
     </span>
    </p>
   </div>
   <div class='ocr_carea' id='block_1_40' title="bbox 743 2534 2334 2606">
    <p class='ocr_par' dir='ltr' id='par_1_40' title="bbox 743 2534 2334 2606">
     <span class='ocr_line' id='line_1_40' title="bbox 743 2534 2334 2606; baseline -0.006 -12"><span class='ocrx_word' id='word_1_253' title='bbox 743 2538 830 2595; x_wconf 92' lang='lat' dir='ltr'><strong>sin</strong></span> <span class='ocrx_word' id='word_1_254' title='bbox 866 2538 1002 2592; x_wconf 92' lang='lat' dir='ltr'><strong>nulli</strong></span> <span class='ocrx_word' id='word_1_255' title='bbox 1033 2537 1168 2591; x_wconf 85' lang='lat' dir='ltr'><strong>tales</strong></span> <span class='ocrx_word' id='word_1_256' title='bbox 1210 2536 1513 2606; x_wconf 88' lang='lat' dir='ltr'><strong>supersint,</strong></span> <span class='ocrx_word' id='word_1_257' title='bbox 1554 2543 1686 2590; x_wconf 88' lang='lat' dir='ltr'><strong>tunc</strong></span> <span class='ocrx_word' id='word_1_258' title='bbox 1722 2535 1994 2605; x_wconf 89' lang='lat' dir='ltr'><strong>siquidem</strong></span> <span class='ocrx_word' id='word_1_259' title='bbox 2043 2534 2200 2603; x_wconf 89' lang='lat' dir='ltr'><strong>inops</strong></span> <span class='ocrx_word' id='word_1_260' title='bbox 2248 2536 2334 2588; x_wconf 90' lang='lat' dir='ltr'><strong>cst</strong></span> 
     </span>
    </p>
   </div>
   <div class='ocr_carea' id='block_1_41' title="bbox 741 2623 2334 2698">
    <p class='ocr_par' dir='ltr' id='par_1_41' title="bbox 741 2623 2334 2698">
     <span class='ocr_line' id='line_1_41' title="bbox 741 2623 2334 2698; baseline -0.004 -14"><span class='ocrx_word' id='word_1_261' title='bbox 741 2628 972 2687; x_wconf 88' lang='lat' dir='ltr'><strong>ecclesia</strong></span> <span class='ocrx_word' id='word_1_262' title='bbox 1031 2628 1117 2684; x_wconf 90' lang='lat' dir='ltr'><strong>cui</strong></span> <span class='ocrx_word' id='word_1_263' title='bbox 1156 2627 1396 2698; x_wconf 73' lang='lat' dir='ltr'><strong>praefuit,</strong></span> <span class='ocrx_word' id='word_1_264' title='bbox 1444 2636 1609 2697; x_wconf 90' lang='lat' dir='ltr'><strong>atque</strong></span> <span class='ocrx_word' id='word_1_265' title='bbox 1672 2628 1868 2682; x_wconf 85' lang='lat' dir='ltr'><strong>horum</strong></span> <span class='ocrx_word' id='word_1_266' title='bbox 1911 2626 2117 2696; x_wconf 75' lang='lat' dir='ltr'><strong>indiga,</strong></span> <span class='ocrx_word' id='word_1_267' title='bbox 2161 2623 2334 2678; x_wconf 84' lang='lat' dir='ltr'><strong>facul-</strong></span> 
     </span>
    </p>
   </div>
   <div class='ocr_carea' id='block_1_42' title="bbox 745 2718 2331 2792">
    <p class='ocr_par' dir='ltr' id='par_1_42' title="bbox 745 2718 2331 2792">
     <span class='ocr_line' id='line_1_42' title="bbox 745 2718 2331 2792; baseline -0.001 -18"><span class='ocrx_word' id='word_1_268' title='bbox 745 2730 887 2777; x_wconf 89' lang='lat' dir='ltr'><strong>tates</strong></span> <span class='ocrx_word' id='word_1_269' title='bbox 919 2720 1045 2792; x_wconf 89' lang='lat' dir='ltr'><strong>ejus</strong></span> <span class='ocrx_word' id='word_1_270' title='bbox 1081 2721 1346 2791; x_wconf 82' lang='lat' dir='ltr'><strong>accipiet:</strong></span> <span class='ocrx_word' id='word_1_271' title='bbox 1379 2721 1426 2776; x_wconf 89' lang='lat' dir='ltr'><strong>si</strong></span> <span class='ocrx_word' id='word_1_272' title='bbox 1459 2720 1706 2790; x_wconf 85' lang='lat' dir='ltr'><strong>locuples</strong></span> <span class='ocrx_word' id='word_1_273' title='bbox 1737 2729 1791 2775; x_wconf 91' lang='lat' dir='ltr'><strong>et</strong></span> <span class='ocrx_word' id='word_1_274' title='bbox 1818 2720 2099 2790; x_wconf 90' lang='lat' dir='ltr'><strong>opulenta,</strong></span> <span class='ocrx_word' id='word_1_275' title='bbox 2134 2718 2331 2773; x_wconf 90' lang='lat' dir='ltr'><strong>saltem</strong></span> 
     </span>
    </p>
   </div>
   <div class='ocr_carea' id='block_1_43' title="bbox 747 2811 2332 2885">
    <p class='ocr_par' dir='ltr' id='par_1_43' title="bbox 747 2811 2332 2885">
     <span class='ocr_line' id='line_1_43' title="bbox 747 2811 2332 2885; baseline -0.003 -17"><span class='ocrx_word' id='word_1_276' title='bbox 747 2824 806 2868; x_wconf 88' lang='lat' dir='ltr'><strong>ut</strong></span> <span class='ocrx_word' id='word_1_277' title='bbox 852 2813 906 2867; x_wconf 90' lang='lat' dir='ltr'><strong>in</strong></span> <span class='ocrx_word' id='word_1_278' title='bbox 956 2827 1230 2885; x_wconf 83' lang='lat' dir='ltr'><strong>pauperes</strong></span> <span class='ocrx_word' id='word_1_279' title='bbox 1265 2811 1388 2879; x_wconf 85' lang='lat' dir='ltr'><strong>ejus</strong></span> <span class='ocrx_word' id='word_1_280' title='bbox 1421 2812 1566 2866; x_wconf 83' lang='lat' dir='ltr'><strong>bona</strong></span> <span class='ocrx_word' id='word_1_281' title='bbox 1619 2811 2042 2874; x_wconf 85' lang='lat' dir='ltr'><strong>distribuantur,</strong></span> <span class='ocrx_word' id='word_1_282' title='bbox 2105 2823 2332 2880; x_wconf 88' lang='lat' dir='ltr'><strong>operam</strong></span> 
     </span>
    </p>
   </div>
   <div class='ocr_carea' id='block_1_44' title="bbox 743 2901 2331 2973">
    <p class='ocr_par' dir='ltr' id='par_1_44' title="bbox 743 2901 2331 2973">
     <span class='ocr_line' id='line_1_44' title="bbox 743 2901 2331 2973; baseline -0.004 -13"><span class='ocrx_word' id='word_1_283' title='bbox 743 2907 876 2961; x_wconf 86' lang='lat' dir='ltr'><strong>dare</strong></span> <span class='ocrx_word' id='word_1_284' title='bbox 913 2904 1074 2960; x_wconf 90' lang='lat' dir='ltr'><strong>debet</strong></span> <span class='ocrx_word' id='word_1_285' title='bbox 1098 2922 1118 2972; x_wconf 86' lang='lat'><strong>;</strong></span> <span class='ocrx_word' id='word_1_286' title='bbox 1142 2919 1248 2959; x_wconf 84' lang='lat' dir='ltr'><strong>non</strong></span> <span class='ocrx_word' id='word_1_287' title='bbox 1278 2903 1464 2973; x_wconf 87' lang='lat' dir='ltr'><strong>specie</strong></span> <span class='ocrx_word' id='word_1_288' title='bbox 1486 2902 1724 2973; x_wconf 84' lang='lat' dir='ltr'><strong>quadam</strong></span> <span class='ocrx_word' id='word_1_289' title='bbox 1758 2902 2052 2958; x_wconf 67' lang='lat' dir='ltr'><strong>dominicae</strong></span> <span class='ocrx_word' id='word_1_290' title='bbox 2085 2901 2331 2958; x_wconf 82' lang='lat' dir='ltr'><strong>auctori-</strong></span> 
     </span>
    </p>
   </div>
   <div class='ocr_carea' id='block_1_45' title="bbox 746 2993 2324 3066">
    <p class='ocr_par' dir='ltr' id='par_1_45' title="bbox 746 2993 2324 3066">
     <span class='ocr_line' id='line_1_45' title="bbox 746 2993 2324 3066; baseline -0.004 -16"><span class='ocrx_word' id='word_1_291' title='bbox 746 2997 877 3052; x_wconf 87' lang='lat' dir='ltr'><strong>tatis</strong></span> <span class='ocrx_word' id='word_1_292' title='bbox 918 3004 981 3052; x_wconf 76' lang='grc' dir='ltr'><strong>ει</strong></span> <span class='ocrx_word' id='word_1_293' title='bbox 1018 2994 1307 3066; x_wconf 82' lang='lat' dir='ltr'><strong>potestatis</strong></span> <span class='ocrx_word' id='word_1_294' title='bbox 1351 2993 1684 3059; x_wconf 89' lang='lat' dir='ltr'><strong>invadendo,</strong></span> <span class='ocrx_word' id='word_1_295' title='bbox 1733 3007 1822 3049; x_wconf 86' lang='lat' dir='ltr'><strong>res</strong></span> <span class='ocrx_word' id='word_1_296' title='bbox 1861 2993 2038 3062; x_wconf 83' lang='lat' dir='ltr'><strong>ipsius</strong></span> <span class='ocrx_word' id='word_1_297' title='bbox 2084 2993 2324 3046; x_wconf 80' lang='lat' dir='ltr'><strong>auferre.</strong></span> 
     </span>
    </p>
   </div>
   <div class='ocr_carea' id='block_1_46' title="bbox 745 3081 2333 3157">
    <p class='ocr_par' dir='ltr' id='par_1_46' title="bbox 745 3081 2333 3157">
     <span class='ocr_line' id='line_1_46' title="bbox 745 3081 2333 3157; baseline -0.004 -16"><span class='ocrx_word' id='word_1_298' title='bbox 745 3087 961 3157; x_wconf 78' lang='lat' dir='ltr'><strong>Quippe</strong></span> <span class='ocrx_word' id='word_1_299' title='bbox 1005 3085 1052 3142; x_wconf 89' lang='lat' dir='ltr'><strong>si</strong></span> <span class='ocrx_word' id='word_1_300' title='bbox 1085 3085 1216 3155; x_wconf 90' lang='lat' dir='ltr'><strong>quid</strong></span> <span class='ocrx_word' id='word_1_301' title='bbox 1254 3099 1285 3138; x_wconf 91' lang='lat' dir='ltr'><strong>a</strong></span> <span class='ocrx_word' id='word_1_302' title='bbox 1326 3084 1479 3140; x_wconf 87' lang='lat' dir='ltr'><strong>vobis</strong></span> <span class='ocrx_word' id='word_1_303' title='bbox 1512 3082 1787 3152; x_wconf 85' lang='lat' dir='ltr'><strong>ejusmodi</strong></span> <span class='ocrx_word' id='word_1_304' title='bbox 1834 3089 2102 3137; x_wconf 82' lang='lat' dir='ltr'><strong>tentatum</strong></span> <span class='ocrx_word' id='word_1_305' title='bbox 2140 3081 2333 3145; x_wconf 75' lang='lat' dir='ltr'><strong>fuerit,</strong></span> 
     </span>
    </p>
   </div>
   <div class='ocr_carea' id='block_1_47' title="bbox 2431 1881 4018 1957">
    <p class='ocr_par' dir='ltr' id='par_1_47' title="bbox 2431 1881 4018 1957">
     <span class='ocr_line' id='line_1_47' title="bbox 2431 1881 4018 1957; baseline -0.017 -2"><span class='ocrx_word' id='word_1_306' title='bbox 2431 1899 2593 1955; x_wconf 74' lang='grc' dir='ltr'>αὑτοῦ</span> <span class='ocrx_word' id='word_1_307' title='bbox 2623 1897 2834 1953; x_wconf 87' lang='grc' dir='ltr'>ἐκείνου</span> <span class='ocrx_word' id='word_1_308' title='bbox 2871 1891 3148 1957; x_wconf 80' lang='grc' dir='ltr'>διάταξιν,</span> <span class='ocrx_word' id='word_1_309' title='bbox 3195 1889 3371 1951; x_wconf 72' lang='grc' dir='ltr'>οὕτως</span> <span class='ocrx_word' id='word_1_310' title='bbox 3419 1887 3653 1940; x_wconf 77' lang='grc' dir='ltr'>ἕκαστον</span> <span class='ocrx_word' id='word_1_311' title='bbox 3683 1881 3800 1934; x_wconf 82' lang='grc' dir='ltr'><strong>τῶν</strong></span> <span class='ocrx_word' id='word_1_312' title='bbox 3848 1894 4018 1931; x_wconf 81' lang='grc' dir='ltr'>κατα-</span> 
     </span>
    </p>
   </div>
   <div class='ocr_carea' id='block_1_48' title="bbox 2429 1966 4014 2060">
    <p class='ocr_par' dir='ltr' id='par_1_48' title="bbox 2429 1966 4014 2060">
     <span class='ocr_line' id='line_1_48' title="bbox 2429 1966 4014 2060; baseline -0.016 -18"><span class='ocrx_word' id='word_1_313' title='bbox 2429 1985 2851 2060; x_wconf 82' lang='grc' dir='ltr'>λιμπανομένων</span> <span class='ocrx_word' id='word_1_314' title='bbox 2896 1983 3054 2037; x_wconf 75' lang='grc' dir='ltr'>εἱδῶν</span> <span class='ocrx_word' id='word_1_315' title='bbox 3083 1977 3404 2034; x_wconf 86' lang='grc' dir='ltr'>διοικεῖσθαι</span> <span class='ocrx_word' id='word_1_316' title='bbox 3425 1991 3440 2006; x_wconf 79' lang='grc' dir='ltr'><strong><em>ο</em></strong></span> <span class='ocrx_word' id='word_1_317' title='bbox 3480 1974 3718 2060; x_wconf 78' lang='grc' dir='ltr'>μάλιστα</span> <span class='ocrx_word' id='word_1_318' title='bbox 3746 1969 3806 2022; x_wconf 78' lang='grc' dir='ltr'><strong>δέ</strong></span> <span class='ocrx_word' id='word_1_319' title='bbox 3840 1969 3944 2020; x_wconf 85' lang='grc' dir='ltr'>ὅσα</span> <span class='ocrx_word' id='word_1_320' title='bbox 3982 1966 4014 2060; x_wconf 54' lang='grc' dir='ltr'><em>ᾗ</em></span> 
     </span>
    </p>
   </div>
   <div class='ocr_carea' id='block_1_49' title="bbox 2431 2052 4012 2143">
    <p class='ocr_par' dir='ltr' id='par_1_49' title="bbox 2431 2052 4012 2143">
     <span class='ocr_line' id='line_1_49' title="bbox 2431 2052 4012 2143; baseline -0.016 -11"><span class='ocrx_word' id='word_1_321' title='bbox 2431 2052 2572 2132; x_wconf 75' lang='grc' dir='ltr'>κατά</span> <span class='ocrx_word' id='word_1_322' title='bbox 2617 2052 2711 2129; x_wconf 31' lang='grc' dir='ltr'>τδνν</span> <span class='ocrx_word' id='word_1_323' title='bbox 2761 2071 2979 2143; x_wconf 74' lang='grc' dir='ltr'>καιρὸν,</span> <span class='ocrx_word' id='word_1_324' title='bbox 3030 2069 3091 2122; x_wconf 81' lang='grc' dir='ltr'>ὃν</span> <span class='ocrx_word' id='word_1_325' title='bbox 3146 2061 3557 2138; x_wconf 81' lang='grc' dir='ltr'>προεχειρίσθη,</span> <span class='ocrx_word' id='word_1_326' title='bbox 3617 2056 3886 2122; x_wconf 75' lang='grc' dir='ltr'>ἐκέκτητο</span> <span class='ocrx_word' id='word_1_327' title='bbox 3911 2071 3932 2143; x_wconf 10' lang='grc' dir='ltr'>’γ</span> <span class='ocrx_word' id='word_1_328' title='bbox 3978 2052 4012 2120; x_wconf 81' lang='grc' dir='ltr'>ἢ</span> 
     </span>
    </p>
   </div>
   <div class='ocr_carea' id='block_1_50' title="bbox 2435 2142 4015 2242">
    <p class='ocr_par' dir='ltr' id='par_1_50' title="bbox 2435 2142 4015 2242">
     <span class='ocr_line' id='line_1_50' title="bbox 2435 2142 4015 2242; baseline -0.029 -15"><span class='ocrx_word' id='word_1_329' title='bbox 2435 2173 2574 2242; x_wconf 75' lang='grc' dir='ltr'>μετὰ</span> <span class='ocrx_word' id='word_1_330' title='bbox 2602 2168 2774 2223; x_wconf 74' lang='grc' dir='ltr'>ταῦτα</span> <span class='ocrx_word' id='word_1_331' title='bbox 2805 2142 2870 2219; x_wconf 83' lang='grc' dir='ltr'><strong>ἐκ</strong></span> <span class='ocrx_word' id='word_1_332' title='bbox 2899 2160 3178 2231; x_wconf 82' lang='grc' dir='ltr'>συγγενῶν</span> <span class='ocrx_word' id='word_1_333' title='bbox 3207 2157 3356 2228; x_wconf 82' lang='grc' dir='ltr'>αὐτῷ</span> <span class='ocrx_word' id='word_1_334' title='bbox 3379 2150 3707 2226; x_wconf 78' lang='grc' dir='ltr'>προσετέθη.</span> <span class='ocrx_word' id='word_1_335' title='bbox 3736 2145 3862 2242; x_wconf 64' lang='lat' dir='ltr'><strong>Ela‘</strong></span> <span class='ocrx_word' id='word_1_336' title='bbox 3874 2142 4015 2242; x_wconf 50' lang='lat' dir='ltr'><strong>Egi-</strong></span> 
     </span>
    </p>
   </div>
   <div class='ocr_carea' id='block_1_51' title="bbox 2433 2235 4018 2327">
    <p class='ocr_par' dir='ltr' id='par_1_51' title="bbox 2433 2235 4018 2327">
     <span class='ocr_line' id='line_1_51' title="bbox 2433 2235 4018 2327; baseline -0.02 -10"><span class='ocrx_word' id='word_1_337' title='bbox 2433 2235 2566 2316; x_wconf 75' lang='grc' dir='ltr'>πινα</span> <span class='ocrx_word' id='word_1_338' title='bbox 2609 2261 2670 2314; x_wconf 82' lang='grc' dir='ltr'>τὸ</span> <span class='ocrx_word' id='word_1_339' title='bbox 2732 2256 2826 2311; x_wconf 83' lang='grc' dir='ltr'><strong>τοῦ</strong></span> <span class='ocrx_word' id='word_1_340' title='bbox 2874 2256 2992 2327; x_wconf 86' lang='grc' dir='ltr'>βίου</span> <span class='ocrx_word' id='word_1_341' title='bbox 3019 2253 3169 2315; x_wconf 77' lang='grc' dir='ltr'>τέλος</span> <span class='ocrx_word' id='word_1_342' title='bbox 3202 2250 3378 2317; x_wconf 81' lang='grc' dir='ltr'>τούτῳ</span> <span class='ocrx_word' id='word_1_343' title='bbox 3412 2243 3654 2306; x_wconf 80' lang='grc' dir='ltr'>ἐπέλθοι,</span> <span class='ocrx_word' id='word_1_344' title='bbox 3685 2238 3810 2309; x_wconf 70' lang='grc' dir='ltr'>μηδ’</span> <span class='ocrx_word' id='word_1_345' title='bbox 3842 2235 4018 2296; x_wconf 65' lang='grc' dir='ltr'>οὕτως</span> 
     </span>
    </p>
   </div>
   <div class='ocr_carea' id='block_1_52' title="bbox 2435 2330 4018 2427">
    <p class='ocr_par' dir='ltr' id='par_1_52' title="bbox 2435 2330 4018 2427">
     <span class='ocr_line' id='line_1_52' title="bbox 2435 2330 4018 2427; baseline -0.021 -18"><span class='ocrx_word' id='word_1_346' title='bbox 2435 2352 2695 2427; x_wconf 80' lang='grc' dir='ltr'>ἁρπαγὴν</span> <span class='ocrx_word' id='word_1_347' title='bbox 2725 2349 2822 2403; x_wconf 78' lang='grc' dir='ltr'>καὶ</span> <span class='ocrx_word' id='word_1_348' title='bbox 2846 2348 3140 2418; x_wconf 80' lang='grc' dir='ltr'>ἀφαίρεσιν</span> <span class='ocrx_word' id='word_1_349' title='bbox 3190 2341 3303 2395; x_wconf 85' lang='grc' dir='ltr'><strong>τῶν</strong></span> <span class='ocrx_word' id='word_1_350' title='bbox 3338 2336 3655 2409; x_wconf 83' lang='grc' dir='ltr'>προσόντων</span> <span class='ocrx_word' id='word_1_351' title='bbox 3688 2330 3840 2398; x_wconf 74' lang='grc' dir='ltr'>αὐτῷ</span> <span class='ocrx_word' id='word_1_352' title='bbox 3870 2343 4018 2396; x_wconf 82' lang='grc' dir='ltr'>πρα-</span> 
     </span>
    </p>
   </div>
   <div class='ocr_carea' id='block_1_53' title="bbox 2434 2420 4017 2519">
    <p class='ocr_par' dir='ltr' id='par_1_53' title="bbox 2434 2420 4017 2519">
     <span class='ocr_line' id='line_1_53' title="bbox 2434 2420 4017 2519; baseline -0.02 -18"><span class='ocrx_word' id='word_1_353' title='bbox 2434 2420 2660 2519; x_wconf 76' lang='grc' dir='ltr'>γμάτων</span> <span class='ocrx_word' id='word_1_354' title='bbox 2684 2439 2937 2509; x_wconf 77' lang='grc' dir='ltr'>γίνεσθαι</span> <span class='ocrx_word' id='word_1_355' title='bbox 2964 2455 2979 2470; x_wconf 79' lang='grc' dir='ltr'><strong>ο</strong></span> <span class='ocrx_word' id='word_1_356' title='bbox 3004 2435 3121 2489; x_wconf 79' lang='grc' dir='ltr'>ἀλλ’</span> <span class='ocrx_word' id='word_1_357' title='bbox 3153 2435 3203 2486; x_wconf 87' lang='grc' dir='ltr'><strong>εί</strong></span> <span class='ocrx_word' id='word_1_358' title='bbox 3235 2432 3334 2503; x_wconf 84' lang='grc' dir='ltr'>μὲν</span> <span class='ocrx_word' id='word_1_359' title='bbox 3363 2428 3648 2496; x_wconf 80' lang='grc' dir='ltr'>συγγενεῖς</span> <span class='ocrx_word' id='word_1_360' title='bbox 3676 2423 3858 2519; x_wconf 62' lang='grc' dir='ltr'>τοὺτιρ</span> <span class='ocrx_word' id='word_1_361' title='bbox 3897 2420 4017 2519; x_wconf 60' lang='lat' dir='ltr'><strong>ein:</strong></span> 
     </span>
    </p>
   </div>
   <div class='ocr_carea' id='block_1_54' title="bbox 2435 2506 4018 2601">
    <p class='ocr_par' dir='ltr' id='par_1_54' title="bbox 2435 2506 4018 2601">
     <span class='ocr_line' id='line_1_54' title="bbox 2435 2506 4018 2601; baseline -0.021 -11"><span class='ocrx_word' id='word_1_362' title='bbox 2435 2506 2567 2601; x_wconf 62' lang='grc' dir='ltr'>ἐὰν,</span> <span class='ocrx_word' id='word_1_363' title='bbox 2624 2531 2855 2593; x_wconf 87' lang='grc' dir='ltr'>ἐκείνοις</span> <span class='ocrx_word' id='word_1_364' title='bbox 2889 2528 2986 2581; x_wconf 70' lang='grc' dir='ltr'>καὶ</span> <span class='ocrx_word' id='word_1_365' title='bbox 3022 2525 3092 2579; x_wconf 78' lang='grc' dir='ltr'><strong>τὰ</strong></span> <span class='ocrx_word' id='word_1_366' title='bbox 3122 2522 3314 2577; x_wconf 74' lang='grc' dir='ltr'>τούτου</span> <span class='ocrx_word' id='word_1_367' title='bbox 3348 2519 3454 2572; x_wconf 86' lang='grc' dir='ltr'>ῖδια</span> <span class='ocrx_word' id='word_1_368' title='bbox 3485 2510 3890 2587; x_wconf 81' lang='grc' dir='ltr'>περιποιεῖσθαι</span> <span class='ocrx_word' id='word_1_369' title='bbox 3915 2523 3931 2536; x_wconf 78' lang='grc' dir='ltr'><strong>ο</strong></span> <span class='ocrx_word' id='word_1_370' title='bbox 3969 2506 4018 2558; x_wconf 75' lang='lat' dir='ltr'><strong>si</strong></span> 
     </span>
    </p>
   </div>
   <div class='ocr_carea' id='block_1_55' title="bbox 2434 2602 4020 2699">
    <p class='ocr_par' dir='ltr' id='par_1_55' title="bbox 2434 2602 4020 2699">
     <span class='ocr_line' id='line_1_55' title="bbox 2434 2602 4020 2699; baseline -0.021 -16"><span class='ocrx_word' id='word_1_371' title='bbox 2434 2630 2492 2683; x_wconf 87' lang='grc' dir='ltr'><strong>δέ</strong></span> <span class='ocrx_word' id='word_1_372' title='bbox 2532 2627 2606 2699; x_wconf 79' lang='grc' dir='ltr'>μὴ</span> <span class='ocrx_word' id='word_1_373' title='bbox 2636 2617 2869 2678; x_wconf 83' lang='grc' dir='ltr'>τοιοῦτοί</span> <span class='ocrx_word' id='word_1_374' title='bbox 2897 2634 3046 2681; x_wconf 88' lang='grc' dir='ltr'>τινες</span> <span class='ocrx_word' id='word_1_375' title='bbox 3073 2611 3208 2682; x_wconf 82' lang='grc' dir='ltr'>εῐεν,</span> <span class='ocrx_word' id='word_1_376' title='bbox 3237 2613 3360 2666; x_wconf 85' lang='grc' dir='ltr'>τότε</span> <span class='ocrx_word' id='word_1_377' title='bbox 3386 2611 3434 2661; x_wconf 87' lang='grc' dir='ltr'><strong>εί</strong></span> <span class='ocrx_word' id='word_1_378' title='bbox 3474 2608 3574 2677; x_wconf 75' lang='grc' dir='ltr'>μὲν</span> <span class='ocrx_word' id='word_1_379' title='bbox 3613 2603 3825 2699; x_wconf 10' lang='grc' dir='ltr'>,ἄπορός</span> <span class='ocrx_word' id='word_1_380' title='bbox 3869 2602 4020 2699; x_wconf 61' lang='grc' dir='ltr'>ἐστιν</span> 
     </span>
    </p>
   </div>
   <div class='ocr_carea' id='block_1_56' title="bbox 2436 2689 4020 2792">
    <p class='ocr_par' dir='ltr' id='par_1_56' title="bbox 2436 2689 4020 2792">
     <span class='ocr_line' id='line_1_56' title="bbox 2436 2689 4020 2792; baseline -0.02 -19"><span class='ocrx_word' id='word_1_381' title='bbox 2436 2723 2470 2792; x_wconf 81' lang='grc' dir='ltr'>ὴ</span> <span class='ocrx_word' id='word_1_382' title='bbox 2495 2719 2613 2773; x_wconf 87' lang='grc' dir='ltr'>κατ’</span> <span class='ocrx_word' id='word_1_383' title='bbox 2637 2713 2801 2771; x_wconf 75' lang='grc' dir='ltr'>αὑτὸν</span> <span class='ocrx_word' id='word_1_384' title='bbox 2836 2707 3157 2777; x_wconf 81' lang='grc' dir='ltr'>Ἐκκλησία,</span> <span class='ocrx_word' id='word_1_385' title='bbox 3208 2703 3304 2758; x_wconf 73' lang='grc' dir='ltr'>καὶ</span> <span class='ocrx_word' id='word_1_386' title='bbox 3344 2701 3454 2755; x_wconf 83' lang='grc' dir='ltr'><strong>τῶν</strong></span> <span class='ocrx_word' id='word_1_387' title='bbox 3479 2697 3740 2752; x_wconf 79' lang='grc' dir='ltr'>τοιούτων</span> <span class='ocrx_word' id='word_1_388' title='bbox 3771 2689 4020 2792; x_wconf 52' lang='grc' dir='ltr'>ἐπιδεὴς..</span> 
     </span>
    </p>
   </div>
   <div class='ocr_carea' id='block_1_57' title="bbox 2435 2779 4022 2878">
    <p class='ocr_par' dir='ltr' id='par_1_57' title="bbox 2435 2779 4022 2878">
     <span class='ocr_line' id='line_1_57' title="bbox 2435 2779 4022 2878; baseline -0.021 -14"><span class='ocrx_word' id='word_1_389' title='bbox 2435 2779 2621 2878; x_wconf 66' lang='grc' dir='ltr'>ἐκείνη</span> <span class='ocrx_word' id='word_1_390' title='bbox 2651 2804 2748 2858; x_wconf 75' lang='grc' dir='ltr'>καὶ</span> <span class='ocrx_word' id='word_1_391' title='bbox 2773 2803 2844 2857; x_wconf 65' lang='grc' dir='ltr'>τὰ</span> <span class='ocrx_word' id='word_1_392' title='bbox 2877 2798 3028 2870; x_wconf 83' lang='grc' dir='ltr'>αὐτῷ</span> <span class='ocrx_word' id='word_1_393' title='bbox 3065 2795 3418 2868; x_wconf 82' lang='grc' dir='ltr'>προσήκοντα.</span> <span class='ocrx_word' id='word_1_394' title='bbox 3466 2785 3837 2878; x_wconf 67' lang='grc' dir='ltr'>ἀναλήψεται·</span> <span class='ocrx_word' id='word_1_395' title='bbox 3875 2781 3937 2878; x_wconf 65' lang='grc' dir='ltr'><strong>εί</strong></span> <span class='ocrx_word' id='word_1_396' title='bbox 3962 2779 4022 2833; x_wconf 67' lang='grc' dir='ltr'><strong>δέ</strong></span> 
     </span>
    </p>
   </div>
   <div class='ocr_carea' id='block_1_58' title="bbox 2435 2871 4024 2968">
    <p class='ocr_par' dir='ltr' id='par_1_58' title="bbox 2435 2871 4024 2968">
     <span class='ocr_line' id='line_1_58' title="bbox 2435 2871 4024 2968; baseline -0.021 -13"><span class='ocrx_word' id='word_1_397' title='bbox 2435 2905 2494 2955; x_wconf 85' lang='grc' dir='ltr'><strong>ἐν</strong></span> <span class='ocrx_word' id='word_1_398' title='bbox 2519 2898 2750 2968; x_wconf 76' lang='grc' dir='ltr'>εὐπορίᾳ</span> <span class='ocrx_word' id='word_1_399' title='bbox 2775 2892 3150 2960; x_wconf 80' lang='grc' dir='ltr'>καθειστήκει,</span> <span class='ocrx_word' id='word_1_400' title='bbox 3178 2888 3294 2948; x_wconf 87' lang='grc' dir='ltr'>τοῖς</span> <span class='ocrx_word' id='word_1_401' title='bbox 3322 2880 3454 2952; x_wconf 80' lang='grc' dir='ltr'>γοῦν</span> <span class='ocrx_word' id='word_1_402' title='bbox 3480 2881 3675 2947; x_wconf 77' lang='grc' dir='ltr'>πένησι</span> <span class='ocrx_word' id='word_1_403' title='bbox 3705 2873 3882 2928; x_wconf 83' lang='grc' dir='ltr'>ταῦτα</span> <span class='ocrx_word' id='word_1_404' title='bbox 3910 2871 4024 2924; x_wconf 63' lang='grc' dir='ltr'>διαπ-</span> 
     </span>
    </p>
   </div>
   <div class='ocr_carea' id='block_1_59' title="bbox 2434 2961 4025 3056">
    <p class='ocr_par' dir='ltr' id='par_1_59' title="bbox 2434 2961 4025 3056">
     <span class='ocr_line' id='line_1_59' title="bbox 2434 2961 4025 3056; baseline -0.021 -11"><span class='ocrx_word' id='word_1_405' title='bbox 2434 2961 2674 3045; x_wconf 68' lang='grc' dir='ltr'>δίδοσθαί</span> <span class='ocrx_word' id='word_1_406' title='bbox 2707 2961 3174 3056; x_wconf 75' lang='grc' dir='ltr'>παρασκευάζειν,</span> <span class='ocrx_word' id='word_1_407' title='bbox 3223 2973 3360 3029; x_wconf 78' lang='grc' dir='ltr'>ἀλλὰ</span> <span class='ocrx_word' id='word_1_408' title='bbox 3395 2972 3470 3042; x_wconf 80' lang='grc' dir='ltr'>μὴ</span> <span class='ocrx_word' id='word_1_409' title='bbox 3501 2965 3792 3026; x_wconf 68' lang='grc' dir='ltr'>αὖθεντίας</span> <span class='ocrx_word' id='word_1_410' title='bbox 3833 2961 4025 3056; x_wconf 58' lang='grc' dir='ltr'>τρόπιν</span> 
     </span>
    </p>
   </div>
   <div class='ocr_carea' id='block_1_60' title="bbox 2437 3055 4022 3148">
    <p class='ocr_par' dir='ltr' id='par_1_60' title="bbox 2437 3055 4022 3148">
     <span class='ocr_line' id='line_1_60' title="bbox 2437 3055 4022 3148; baseline -0.023 -9"><span class='ocrx_word' id='word_1_411' title='bbox 2437 3085 2533 3138; x_wconf 74' lang='grc' dir='ltr'>κα).</span> <span class='ocrx_word' id='word_1_412' title='bbox 2565 3055 2814 3148; x_wconf 81' lang='grc' dir='ltr'>ἐξουσίας</span> <span class='ocrx_word' id='word_1_413' title='bbox 2849 3073 3204 3145; x_wconf 82' lang='grc' dir='ltr'>ἐπέρχεσθαι,</span> <span class='ocrx_word' id='word_1_414' title='bbox 3225 3068 3320 3123; x_wconf 82' lang='grc' dir='ltr'><strong>καί</strong></span> <span class='ocrx_word' id='word_1_415' title='bbox 3347 3083 3402 3118; x_wconf 89' lang='grc' dir='ltr'><strong>τι</strong></span> <span class='ocrx_word' id='word_1_416' title='bbox 3429 3063 3540 3118; x_wconf 83' lang='grc' dir='ltr'><strong>τῶν</strong></span> <span class='ocrx_word' id='word_1_417' title='bbox 3571 3057 3734 3114; x_wconf 73' lang='grc' dir='ltr'>αὑτοῦ</span> <span class='ocrx_word' id='word_1_418' title='bbox 3758 3055 4022 3148; x_wconf 51' lang='lat' dir='ltr'><strong>agapet-</strong></span> 
     </span>
    </p>
   </div>
   <div class='ocr_carea' id='block_1_61' title="bbox 743 3144 2329 3246">
    <p class='ocr_par' dir='ltr' id='par_1_61' title="bbox 743 3144 2329 3246">
     <span class='ocr_line' id='line_1_61' title="bbox 743 3144 2329 3246; baseline -0.004 -13"><span class='ocrx_word' id='word_1_419' title='bbox 743 3144 872 3235; x_wconf 66' lang='lat' dir='ltr'><strong>tuni</strong></span> <span class='ocrx_word' id='word_1_420' title='bbox 892 3144 946 3232; x_wconf 86' lang='lat' dir='ltr'><strong>id</strong></span> <span class='ocrx_word' id='word_1_421' title='bbox 982 3144 1128 3246; x_wconf 82' lang='lat' dir='ltr'><strong>quod</strong></span> <span class='ocrx_word' id='word_1_422' title='bbox 1160 3177 1401 3231; x_wconf 85' lang='lat' dir='ltr'><strong>ablatum</strong></span> <span class='ocrx_word' id='word_1_423' title='bbox 1434 3144 1599 3229; x_wconf 71' lang='lat' dir='ltr'><strong>fuerit</strong></span> <span class='ocrx_word' id='word_1_424' title='bbox 1629 3173 1684 3228; x_wconf 91' lang='lat' dir='ltr'><strong>in</strong></span> <span class='ocrx_word' id='word_1_425' title='bbox 1715 3173 1939 3244; x_wconf 88' lang='lat' dir='ltr'><strong>duplum</strong></span> <span class='ocrx_word' id='word_1_426' title='bbox 1973 3173 2329 3240; x_wconf 84' lang='lat' dir='ltr'><strong>restituetur;</strong></span> 
     </span>
    </p>
   </div>
   <div class='ocr_carea' id='block_1_62' title="bbox 2435 3144 4022 3246">
    <p class='ocr_par' dir='ltr' id='par_1_62' title="bbox 2438 3144 4022 3246">
     <span class='ocr_line' id='line_1_62' title="bbox 2438 3144 4022 3246; baseline -0.022 -16"><span class='ocrx_word' id='word_1_427' title='bbox 2438 3177 2583 3231; x_wconf 87' lang='grc' dir='ltr'>σθαι.</span> <span class='ocrx_word' id='word_1_428' title='bbox 2606 3144 2718 3237; x_wconf 66' lang='grc' dir='ltr'><strong>⁷Ὣς</strong></span> <span class='ocrx_word' id='word_1_429' title='bbox 2743 3167 2860 3239; x_wconf 72' lang='grc' dir='ltr'>είττε</span> <span class='ocrx_word' id='word_1_430' title='bbox 2887 3144 3129 3222; x_wconf 76' lang='grc' dir='ltr'>τοιοῦτόν</span> <span class='ocrx_word' id='word_1_431' title='bbox 3150 3181 3204 3216; x_wconf 89' lang='grc' dir='ltr'><strong>τι</strong></span> <span class='ocrx_word' id='word_1_432' title='bbox 3226 3159 3358 3230; x_wconf 87' lang='grc' dir='ltr'>παρ’</span> <span class='ocrx_word' id='word_1_433' title='bbox 3388 3156 3544 3226; x_wconf 81' lang='grc' dir='ltr'>ὑμῶν</span> <span class='ocrx_word' id='word_1_434' title='bbox 3571 3147 3898 3221; x_wconf 83' lang='grc' dir='ltr'>τολμηθείη,</span> <span class='ocrx_word' id='word_1_435' title='bbox 3926 3144 4022 3197; x_wconf 78' lang='grc' dir='ltr'>καὶ</span> 
     </span>
    </p>
   </div>
   <div class='ocr_carea' id='block_1_63' title="bbox 748 3242 2329 3340">
    <p class='ocr_par' dir='ltr' id='par_1_63' title="bbox 748 3265 2329 3340">
     <span class='ocr_line' id='line_1_63' title="bbox 748 3265 2329 3340; baseline -0.002 -16"><span class='ocrx_word' id='word_1_436' title='bbox 748 3281 864 3325; x_wconf 92' lang='lat' dir='ltr'><strong>tum</strong></span> <span class='ocrx_word' id='word_1_437' title='bbox 893 3270 1009 3340; x_wconf 90' lang='lat' dir='ltr'><strong>ipse</strong></span> <span class='ocrx_word' id='word_1_438' title='bbox 1040 3284 1149 3324; x_wconf 86' lang='lat' dir='ltr'><strong>non</strong></span> <span class='ocrx_word' id='word_1_439' title='bbox 1181 3269 1438 3339; x_wconf 79' lang='lat' dir='ltr'><strong>exiguum</strong></span> <span class='ocrx_word' id='word_1_440' title='bbox 1473 3267 1540 3321; x_wconf 91' lang='lat' dir='ltr'><strong>ad</strong></span> <span class='ocrx_word' id='word_1_441' title='bbox 1572 3277 1786 3338; x_wconf 87' lang='lat' dir='ltr'><strong>tempus</strong></span> <span class='ocrx_word' id='word_1_442' title='bbox 1816 3265 2329 3322; x_wconf 78' lang='lat' dir='ltr'><strong>excommunicatio-</strong></span> 
     </span>
    </p>
   </div>
   <div class='ocr_carea' id='block_1_64' title="bbox 2435 3242 4023 3340">
    <p class='ocr_par' dir='ltr' id='par_1_64' title="bbox 2435 3242 4023 3340">
     <span class='ocr_line' id='line_1_64' title="bbox 2435 3242 4023 3340; baseline -0.022 -16"><span class='ocrx_word' id='word_1_443' title='bbox 2435 3270 2532 3324; x_wconf 77' lang='grc' dir='ltr'><strong>ὅδ’</strong></span> <span class='ocrx_word' id='word_1_444' title='bbox 2566 3269 2632 3323; x_wconf 73' lang='grc' dir='ltr'>ἂν</span> <span class='ocrx_word' id='word_1_445' title='bbox 2660 3261 2986 3335; x_wconf 80' lang='grc' dir='ltr'>ἀφαιρεθείη</span> <span class='ocrx_word' id='word_1_446' title='bbox 3034 3259 3114 3321; x_wconf 86' lang='grc' dir='ltr'><strong>είς</strong></span> <span class='ocrx_word' id='word_1_447' title='bbox 3154 3255 3216 3309; x_wconf 57' lang='lat' dir='ltr'><strong>zz.</strong></span> <span class='ocrx_word' id='word_1_448' title='bbox 3258 3251 3541 3308; x_wconf 78' lang='grc' dir='ltr'>διπλάσιον</span> <span class='ocrx_word' id='word_1_449' title='bbox 3589 3242 4023 3340; x_wconf 41' lang='grc' dir='ltr'>ἀναστραφῇ-σι-</span> 
     </span>
    </p>
   </div>
   <div class='ocr_carea' id='block_1_65' title="bbox 747 3360 1591 3434">
    <p class='ocr_par' dir='ltr' id='par_1_65' title="bbox 747 3360 1591 3434">
     <span class='ocr_line' id='line_1_65' title="bbox 747 3360 1591 3434; baseline -0.002 -18"><span class='ocrx_word' id='word_1_450' title='bbox 747 3364 834 3419; x_wconf 87' lang='lat' dir='ltr'><strong>uis</strong></span> <span class='ocrx_word' id='word_1_451' title='bbox 895 3377 1070 3434; x_wconf 64' lang='lat' dir='ltr'><strong>paenae</strong></span> <span class='ocrx_word' id='word_1_452' title='bbox 1138 3361 1422 3430; x_wconf 78' lang='lat' dir='ltr'><strong>subjeCtus</strong></span> <span class='ocrx_word' id='word_1_453' title='bbox 1459 3360 1591 3415; x_wconf 89' lang='lat' dir='ltr'><strong>cris.</strong></span> 
     </span>
    </p>
   </div>
   <div class='ocr_carea' id='block_1_66' title="bbox 817 3531 2330 3607">
    <p class='ocr_par' dir='ltr' id='par_1_66' title="bbox 817 3531 2330 3607">
     <span class='ocr_line' id='line_1_66' title="bbox 817 3531 2330 3607; baseline -0.006 -15"><span class='ocrx_word' id='word_1_454' title='bbox 817 3539 871 3592; x_wconf 87' lang='lat'><strong>9.</strong></span> <span class='ocrx_word' id='word_1_455' title='bbox 918 3538 976 3593; x_wconf 89' lang='lat' dir='ltr'><strong>Si</strong></span> <span class='ocrx_word' id='word_1_456' title='bbox 1001 3537 1126 3606; x_wconf 81' lang='lat' dir='ltr'><strong>quis</strong></span> <span class='ocrx_word' id='word_1_457' title='bbox 1157 3536 1570 3607; x_wconf 81' lang='lat' dir='ltr'><strong>episcoporum,</strong></span> <span class='ocrx_word' id='word_1_458' title='bbox 1607 3535 1707 3590; x_wconf 86' lang='lat' dir='ltr'><strong>tibi</strong></span> <span class='ocrx_word' id='word_1_459' title='bbox 1741 3534 2113 3598; x_wconf 84' lang='lat' dir='ltr'><strong>subditorum,</strong></span> <span class='ocrx_word' id='word_1_460' title='bbox 2148 3531 2214 3586; x_wconf 88' lang='lat' dir='ltr'><strong>ad</strong></span> <span class='ocrx_word' id='word_1_461' title='bbox 2249 3533 2330 3583; x_wconf 81' lang='lat' dir='ltr'><strong>al-</strong></span> 
     </span>
    </p>
   </div>
   <div class='ocr_carea' id='block_1_67' title="bbox 750 3628 2330 3700">
    <p class='ocr_par' dir='ltr' id='par_1_67' title="bbox 750 3628 2330 3700">
     <span class='ocr_line' id='line_1_67' title="bbox 750 3628 2330 3700; baseline -0.004 -14"><span class='ocrx_word' id='word_1_462' title='bbox 750 3643 923 3687; x_wconf 87' lang='lat' dir='ltr'><strong>teram</strong></span> <span class='ocrx_word' id='word_1_463' title='bbox 961 3632 1132 3684; x_wconf 85' lang='lat' dir='ltr'><strong>vitam</strong></span> <span class='ocrx_word' id='word_1_464' title='bbox 1175 3629 1658 3700; x_wconf 77' lang='lat' dir='ltr'><strong>commigraverit;</strong></span> <span class='ocrx_word' id='word_1_465' title='bbox 1715 3629 1888 3699; x_wconf 85' lang='lat' dir='ltr'><strong>pictas</strong></span> <span class='ocrx_word' id='word_1_466' title='bbox 1936 3636 2025 3682; x_wconf 86' lang='lat' dir='ltr'><strong>tua</strong></span> <span class='ocrx_word' id='word_1_467' title='bbox 2069 3628 2227 3694; x_wconf 75' lang='lat' dir='ltr'><strong>longe</strong></span> <span class='ocrx_word' id='word_1_468' title='bbox 2271 3639 2330 3680; x_wconf 84' lang='lat' dir='ltr'><strong>se</strong></span> 
     </span>
    </p>
   </div>
   <div class='ocr_carea' id='block_1_68' title="bbox 751 3717 2329 3791">
    <p class='ocr_par' dir='ltr' id='par_1_68' title="bbox 751 3717 2329 3791">
     <span class='ocr_line' id='line_1_68' title="bbox 751 3717 2329 3791; baseline -0.006 -13"><span class='ocrx_word' id='word_1_469' title='bbox 751 3739 1045 3779; x_wconf 83' lang='lat' dir='ltr'><strong>removens</strong></span> <span class='ocrx_word' id='word_1_470' title='bbox 1073 3722 1141 3776; x_wconf 83' lang='lat' dir='ltr'><strong>ab</strong></span> <span class='ocrx_word' id='word_1_471' title='bbox 1171 3721 1322 3776; x_wconf 86' lang='lat' dir='ltr'><strong>omni</strong></span> <span class='ocrx_word' id='word_1_472' title='bbox 1361 3721 1660 3791; x_wconf 80' lang='lat' dir='ltr'><strong>cupiditate</strong></span> <span class='ocrx_word' id='word_1_473' title='bbox 1676 3721 1935 3783; x_wconf 86' lang='lat' dir='ltr'><strong>humana,</strong></span> <span class='ocrx_word' id='word_1_474' title='bbox 1975 3719 2056 3773; x_wconf 88' lang='lat' dir='ltr'><strong>vel</strong></span> <span class='ocrx_word' id='word_1_475' title='bbox 2091 3717 2272 3788; x_wconf 90' lang='lat' dir='ltr'><strong>potius</strong></span> <span class='ocrx_word' id='word_1_476' title='bbox 2300 3731 2329 3768; x_wconf 88' lang='lat' dir='ltr'><strong>a</strong></span> 
     </span>
    </p>
   </div>
   <div class='ocr_carea' id='block_1_69' title="bbox 751 3812 2328 3876">
    <p class='ocr_par' dir='ltr' id='par_1_69' title="bbox 751 3812 2328 3876">
     <span class='ocr_line' id='line_1_69' title="bbox 751 3812 2328 3876; baseline -0.008 -4"><span class='ocrx_word' id='word_1_477' title='bbox 751 3816 1052 3872; x_wconf 84' lang='lat' dir='ltr'><strong>simoniaco</strong></span> <span class='ocrx_word' id='word_1_478' title='bbox 1076 3815 1206 3869; x_wconf 89' lang='lat' dir='ltr'><strong>vitio</strong></span> <span class='ocrx_word' id='word_1_479' title='bbox 1235 3814 1463 3869; x_wconf 86' lang='lat' dir='ltr'><strong>liberam</strong></span> <span class='ocrx_word' id='word_1_480' title='bbox 1499 3828 1622 3867; x_wconf 87' lang='lat' dir='ltr'><strong>sese</strong></span> <span class='ocrx_word' id='word_1_481' title='bbox 1660 3812 2070 3876; x_wconf 84' lang='lat' dir='ltr'><strong>demonstrans,</strong></span> <span class='ocrx_word' id='word_1_482' title='bbox 2099 3820 2152 3864; x_wconf 93' lang='lat' dir='ltr'><strong>et</strong></span> <span class='ocrx_word' id='word_1_483' title='bbox 2179 3825 2328 3864; x_wconf 79' lang='lat' dir='ltr'><strong>omni</strong></span> 
     </span>
    </p>
   </div>
   <div class='ocr_carea' id='block_1_70' title="bbox 751 3900 2330 3974">
    <p class='ocr_par' dir='ltr' id='par_1_70' title="bbox 751 3900 2330 3974">
     <span class='ocr_line' id='line_1_70' title="bbox 751 3900 2330 3974; baseline -0.005 -15"><span class='ocrx_word' id='word_1_484' title='bbox 751 3907 915 3960; x_wconf 85' lang='lat' dir='ltr'><strong>modo</strong></span> <span class='ocrx_word' id='word_1_485' title='bbox 945 3914 1107 3974; x_wconf 83' lang='lat' dir='ltr'><strong>atque</strong></span> <span class='ocrx_word' id='word_1_486' title='bbox 1134 3905 1392 3958; x_wconf 89' lang='lat' dir='ltr'><strong>omnibus</strong></span> <span class='ocrx_word' id='word_1_487' title='bbox 1418 3903 1629 3958; x_wconf 85' lang='lat' dir='ltr'><strong>viribus</strong></span> <span class='ocrx_word' id='word_1_488' title='bbox 1660 3903 1890 3970; x_wconf 78' lang='lat' dir='ltr'><strong>gratiam</strong></span> <span class='ocrx_word' id='word_1_489' title='bbox 1927 3900 2166 3970; x_wconf 84' lang='lat' dir='ltr'><strong>Spiritus</strong></span> <span class='ocrx_word' id='word_1_490' title='bbox 2199 3914 2330 3953; x_wconf 85' lang='lat' dir='ltr'><strong>san-</strong></span> 
     </span>
    </p>
   </div>
   <div class='ocr_carea' id='block_1_71' title="bbox 751 3991 2330 4061">
    <p class='ocr_par' dir='ltr' id='par_1_71' title="bbox 751 3991 2330 4061">
     <span class='ocr_line' id='line_1_71' title="bbox 751 3991 2330 4061; baseline -0.004 -12"><span class='ocrx_word' id='word_1_491' title='bbox 751 3997 826 4050; x_wconf 86' lang='lat' dir='ltr'><strong>cti</strong></span> <span class='ocrx_word' id='word_1_492' title='bbox 868 3997 1094 4051; x_wconf 89' lang='lat' dir='ltr'><strong>minime</strong></span> <span class='ocrx_word' id='word_1_493' title='bbox 1129 3996 1371 4051; x_wconf 81' lang='lat' dir='ltr'><strong>venalem</strong></span> <span class='ocrx_word' id='word_1_494' title='bbox 1419 4010 1668 4060; x_wconf 82' lang='lat' dir='ltr'><strong>servans,</strong></span> <span class='ocrx_word' id='word_1_495' title='bbox 1708 3993 1986 4061; x_wconf 88' lang='lat' dir='ltr'><strong>Deumque</strong></span> <span class='ocrx_word' id='word_1_496' title='bbox 2026 3992 2203 4046; x_wconf 92' lang='lat' dir='ltr'><strong>solum</strong></span> <span class='ocrx_word' id='word_1_497' title='bbox 2249 3991 2330 4044; x_wconf 86' lang='lat' dir='ltr'><strong>in-</strong></span> 
     </span>
    </p>
   </div>
   <div class='ocr_carea' id='block_1_72' title="bbox 750 4082 2332 4159">
    <p class='ocr_par' dir='ltr' id='par_1_72' title="bbox 750 4082 2332 4159">
     <span class='ocr_line' id='line_1_72' title="bbox 750 4082 2332 4159; baseline -0.006 -16"><span class='ocrx_word' id='word_1_498' title='bbox 750 4097 1057 4159; x_wconf 79' lang='lat' dir='ltr'><strong>spectorern</strong></span> <span class='ocrx_word' id='word_1_499' title='bbox 1088 4087 1338 4143; x_wconf 87' lang='lat' dir='ltr'><strong>cordium</strong></span> <span class='ocrx_word' id='word_1_500' title='bbox 1363 4096 1682 4142; x_wconf 88' lang='lat' dir='ltr'><strong>nostr-orum</strong></span> <span class='ocrx_word' id='word_1_501' title='bbox 1722 4085 1963 4150; x_wconf 89' lang='lat' dir='ltr'><strong>intuens,</strong></span> <span class='ocrx_word' id='word_1_502' title='bbox 2001 4099 2126 4138; x_wconf 73' lang='lat' dir='ltr'><strong>eum</strong></span> <span class='ocrx_word' id='word_1_503' title='bbox 2154 4082 2332 4138; x_wconf 82' lang='lat' dir='ltr'><strong>homi-</strong></span> 
     </span>
    </p>
   </div>
   <div class='ocr_carea' id='block_1_73' title="bbox 753 4173 2330 4250">
    <p class='ocr_par' dir='ltr' id='par_1_73' title="bbox 753 4173 2330 4250">
     <span class='ocr_line' id='line_1_73' title="bbox 753 4173 2330 4250; baseline -0.006 -15"><span class='ocrx_word' id='word_1_504' title='bbox 753 4198 878 4237; x_wconf 86' lang='lat' dir='ltr'><strong>nem</strong></span> <span class='ocrx_word' id='word_1_505' title='bbox 917 4182 983 4235; x_wconf 89' lang='lat' dir='ltr'><strong>ad</strong></span> <span class='ocrx_word' id='word_1_506' title='bbox 1028 4180 1257 4250; x_wconf 80' lang='lat' dir='ltr'><strong>gradum</strong></span> <span class='ocrx_word' id='word_1_507' title='bbox 1294 4179 1658 4249; x_wconf 82' lang='lat' dir='ltr'><strong>episcopalem</strong></span> <span class='ocrx_word' id='word_1_508' title='bbox 1695 4176 1927 4231; x_wconf 85' lang='lat' dir='ltr'><strong>evehere</strong></span> <span class='ocrx_word' id='word_1_509' title='bbox 1980 4177 2180 4238; x_wconf 91' lang='lat' dir='ltr'><strong>debet,</strong></span> <span class='ocrx_word' id='word_1_510' title='bbox 2237 4173 2330 4242; x_wconf 86' lang='lat' dir='ltr'><strong>qui</strong></span> 
     </span>
    </p>
   </div>
   <div class='ocr_carea' id='block_1_74' title="bbox 755 4263 2332 4332">
    <p class='ocr_par' dir='ltr' id='par_1_74' title="bbox 755 4263 2332 4332">
     <span class='ocr_line' id='line_1_74' title="bbox 755 4263 2332 4332; baseline -0.006 -6"><span class='ocrx_word' id='word_1_511' title='bbox 755 4273 1067 4328; x_wconf 86' lang='lat' dir='ltr'><strong>testimonia</strong></span> <span class='ocrx_word' id='word_1_512' title='bbox 1092 4271 1216 4325; x_wconf 71' lang='lat' dir='ltr'><strong>vitae</strong></span> <span class='ocrx_word' id='word_1_513' title='bbox 1239 4271 1503 4332; x_wconf 64' lang='lat' dir='ltr'><strong>honestae,</strong></span> <span class='ocrx_word' id='word_1_514' title='bbox 1534 4268 1819 4329; x_wconf 74' lang='lat' dir='ltr'><strong>doctrinae,</strong></span> <span class='ocrx_word' id='word_1_515' title='bbox 1849 4265 2059 4320; x_wconf 86' lang='lat' dir='ltr'><strong>ordinis</strong></span> <span class='ocrx_word' id='word_1_516' title='bbox 2091 4274 2143 4319; x_wconf 89' lang='lat' dir='ltr'><strong>et</strong></span> <span class='ocrx_word' id='word_1_517' title='bbox 2167 4263 2332 4318; x_wconf 88' lang='lat' dir='ltr'><strong>studii</strong></span> 
     </span>
    </p>
   </div>
   <div class='ocr_carea' id='block_1_75' title="bbox 755 4357 2333 4435">
    <p class='ocr_par' dir='ltr' id='par_1_75' title="bbox 755 4357 2333 4435">
     <span class='ocr_line' id='line_1_75' title="bbox 755 4357 2333 4435; baseline -0.006 -15"><span class='ocrx_word' id='word_1_518' title='bbox 755 4364 1062 4435; x_wconf 80' lang='lat' dir='ltr'><strong>spiritualis</strong></span> <span class='ocrx_word' id='word_1_519' title='bbox 1083 4363 1305 4425; x_wconf 83' lang='lat' dir='ltr'><strong>habeat,</strong></span> <span class='ocrx_word' id='word_1_520' title='bbox 1326 4367 1379 4415; x_wconf 93' lang='lat' dir='ltr'><strong>et</strong></span> <span class='ocrx_word' id='word_1_521' title='bbox 1403 4368 1506 4414; x_wconf 85' lang='lat' dir='ltr'><strong>nte</strong></span> <span class='ocrx_word' id='word_1_522' title='bbox 1531 4359 1832 4415; x_wconf 89' lang='lat' dir='ltr'><strong>secundum</strong></span> <span class='ocrx_word' id='word_1_523' title='bbox 1851 4372 2096 4412; x_wconf 85' lang='lat' dir='ltr'><strong>canones</strong></span> <span class='ocrx_word' id='word_1_524' title='bbox 2125 4357 2333 4410; x_wconf 91' lang='lat' dir='ltr'><strong>electus</strong></span> 
     </span>
    </p>
   </div>
   <div class='ocr_carea' id='block_1_76' title="bbox 756 4450 2332 4524">
    <p class='ocr_par' dir='ltr' id='par_1_76' title="bbox 756 4450 2332 4524">
     <span class='ocr_line' id='line_1_76' title="bbox 756 4450 2332 4524; baseline -0.008 -12"><span class='ocrx_word' id='word_1_525' title='bbox 756 4459 828 4512; x_wconf 91' lang='lat' dir='ltr'><strong>sit</strong></span> <span class='ocrx_word' id='word_1_526' title='bbox 856 4475 868 4508; x_wconf 91' lang='lat'><strong>:</strong></span> <span class='ocrx_word' id='word_1_527' title='bbox 908 4464 967 4508; x_wconf 90' lang='lat' dir='ltr'><strong>ut</strong></span> <span class='ocrx_word' id='word_1_528' title='bbox 996 4469 1196 4524; x_wconf 78' lang='lat' dir='ltr'><strong>magna</strong></span> <span class='ocrx_word' id='word_1_529' title='bbox 1229 4453 1321 4506; x_wconf 71' lang='lat' dir='ltr'><strong>illa</strong></span> <span class='ocrx_word' id='word_1_530' title='bbox 1357 4453 1703 4523; x_wconf 80' lang='lat' dir='ltr'><strong>pontiﬁcatus</strong></span> <span class='ocrx_word' id='word_1_531' title='bbox 1730 4451 1972 4521; x_wconf 78' lang='lat' dir='ltr'><strong>dignitas</strong></span> <span class='ocrx_word' id='word_1_532' title='bbox 2009 4450 2270 4503; x_wconf 90' lang='lat' dir='ltr'><strong>immunis</strong></span> <span class='ocrx_word' id='word_1_533' title='bbox 2302 4463 2332 4500; x_wconf 79' lang='grc' dir='ltr'><strong>α</strong></span> 
     </span>
    </p>
   </div>
   <div class='ocr_carea' id='block_1_77' title="bbox 2432 3333 4023 3427">
    <p class='ocr_par' dir='ltr' id='par_1_77' title="bbox 2432 3333 4023 3427">
     <span class='ocr_line' id='line_1_77' title="bbox 2432 3333 4023 3427; baseline -0.021 -11"><span class='ocrx_word' id='word_1_534' title='bbox 2432 3381 2542 3427; x_wconf 82' lang='grc' dir='ltr'>ται,</span> <span class='ocrx_word' id='word_1_535' title='bbox 2587 3361 2682 3413; x_wconf 71' lang='grc' dir='ltr'>καὶ</span> <span class='ocrx_word' id='word_1_536' title='bbox 2717 3352 3086 3424; x_wconf 73' lang='grc' dir='ltr'>ἀκοινωνησξα</span> <span class='ocrx_word' id='word_1_537' title='bbox 3129 3350 3222 3403; x_wconf 79' lang='grc' dir='ltr'>ἐπὶ</span> <span class='ocrx_word' id='word_1_538' title='bbox 3265 3347 3517 3400; x_wconf 80' lang='grc' dir='ltr'>πλεῖστον</span> <span class='ocrx_word' id='word_1_539' title='bbox 3548 3333 4023 3404; x_wconf 75' lang='grc' dir='ltr'>καθυποσληθήσῃ</span> 
     </span>
    </p>
   </div>
   <div class='ocr_carea' id='block_1_78' title="bbox 2433 3455 2643 3524">
    <p class='ocr_par' dir='ltr' id='par_1_78' title="bbox 2433 3455 2643 3524">
     <span class='ocr_line' id='line_1_78' title="bbox 2433 3455 2643 3524; baseline -0.005 -19"><span class='ocrx_word' id='word_1_540' title='bbox 2433 3455 2643 3524; x_wconf 86' lang='grc' dir='ltr'>χρόνον.</span> 
     </span>
    </p>
   </div>
   <div class='ocr_carea' id='block_1_79' title="bbox 2505 3518 4022 3608">
    <p class='ocr_par' dir='ltr' id='par_1_79' title="bbox 2505 3518 4022 3608">
     <span class='ocr_line' id='line_1_79' title="bbox 2505 3518 4022 3608; baseline -0.018 -12"><span class='ocrx_word' id='word_1_541' title='bbox 2505 3544 2571 3596; x_wconf 84' lang='grc' dir='ltr'><strong>θ’.</strong></span> <span class='ocrx_word' id='word_1_542' title='bbox 2597 3544 2686 3594; x_wconf 83' lang='grc' dir='ltr'>Δεῖ</span> <span class='ocrx_word' id='word_1_543' title='bbox 2712 3538 2812 3608; x_wconf 74' lang='grc' dir='ltr'>τὴν</span> <span class='ocrx_word' id='word_1_544' title='bbox 2843 3536 2943 3608; x_wconf 83' lang='grc' dir='ltr'>σὴν</span> <span class='ocrx_word' id='word_1_545' title='bbox 2974 3533 3306 3602; x_wconf 75' lang='grc' dir='ltr'>θεοφίλειαν,</span> <span class='ocrx_word' id='word_1_546' title='bbox 3333 3527 3519 3583; x_wconf 69' lang='grc' dir='ltr'>εἷποτέ</span> <span class='ocrx_word' id='word_1_547' title='bbox 3541 3545 3625 3590; x_wconf 85' lang='grc' dir='ltr'><strong>τις</strong></span> <span class='ocrx_word' id='word_1_548' title='bbox 3652 3524 3768 3578; x_wconf 82' lang='grc' dir='ltr'>τῶν</span> <span class='ocrx_word' id='word_1_549' title='bbox 3797 3519 3899 3575; x_wconf 75' lang='grc' dir='ltr'><strong>ὑπ’</strong></span> <span class='ocrx_word' id='word_1_550' title='bbox 3922 3518 4022 3570; x_wconf 76' lang='grc' dir='ltr'><strong>αὖ·</strong></span> 
     </span>
    </p>
   </div>
   <div class='ocr_carea' id='block_1_80' title="bbox 2433 3614 4026 3702">
    <p class='ocr_par' dir='ltr' id='par_1_80' title="bbox 2433 3614 4026 3702">
     <span class='ocr_line' id='line_1_80' title="bbox 2433 3614 4026 3702; baseline -0.015 -17"><span class='ocrx_word' id='word_1_551' title='bbox 2433 3631 2532 3702; x_wconf 80' lang='grc' dir='ltr'>τὴν</span> <span class='ocrx_word' id='word_1_552' title='bbox 2574 3630 2878 3683; x_wconf 78' lang='grc' dir='ltr'>τελούντων</span> <span class='ocrx_word' id='word_1_553' title='bbox 2923 3625 3238 3679; x_wconf 81' lang='grc' dir='ltr'>ἐπισκόπων</span> <span class='ocrx_word' id='word_1_554' title='bbox 3270 3621 3408 3692; x_wconf 80' lang='grc' dir='ltr'>πρὸς</span> <span class='ocrx_word' id='word_1_555' title='bbox 3454 3618 3556 3689; x_wconf 81' lang='grc' dir='ltr'>τὴν</span> <span class='ocrx_word' id='word_1_556' title='bbox 3594 3614 3808 3670; x_wconf 75' lang='grc' dir='ltr'>ἐκεῖθεν</span> <span class='ocrx_word' id='word_1_557' title='bbox 3851 3626 4026 3682; x_wconf 70' lang='grc' dir='ltr'>μετο-</span> 
     </span>
    </p>
   </div>
   <div class='ocr_carea' id='block_1_81' title="bbox 2437 3703 4025 3793">
    <p class='ocr_par' dir='ltr' id='par_1_81' title="bbox 2437 3703 4025 3793">
     <span class='ocr_line' id='line_1_81' title="bbox 2437 3703 4025 3793; baseline -0.016 -14"><span class='ocrx_word' id='word_1_558' title='bbox 2437 3725 2595 3793; x_wconf 84' lang='grc' dir='ltr'>σταίη</span> <span class='ocrx_word' id='word_1_559' title='bbox 2633 3722 2807 3791; x_wconf 79' lang='grc' dir='ltr'>λῆξιν,</span> <span class='ocrx_word' id='word_1_560' title='bbox 2839 3717 3042 3781; x_wconf 77' lang='grc' dir='ltr'>παντὸς</span> <span class='ocrx_word' id='word_1_561' title='bbox 3090 3714 3436 3785; x_wconf 85' lang='grc' dir='ltr'>ἀνθρωπίνου</span> <span class='ocrx_word' id='word_1_562' title='bbox 3471 3709 3676 3781; x_wconf 74' lang='grc' dir='ltr'>ἑαυτὴν</span> <span class='ocrx_word' id='word_1_563' title='bbox 3708 3703 4025 3777; x_wconf 78' lang='grc' dir='ltr'>μακρύνουο</span> 
     </span>
    </p>
   </div>
   <div class='ocr_carea' id='block_1_82' title="bbox 2437 3793 4027 3881">
    <p class='ocr_par' dir='ltr' id='par_1_82' title="bbox 2437 3793 4027 3881">
     <span class='ocr_line' id='line_1_82' title="bbox 2437 3793 4027 3881; baseline -0.015 -11"><span class='ocrx_word' id='word_1_564' title='bbox 2437 3835 2535 3870; x_wconf 89' lang='grc' dir='ltr'><strong>σαν</strong></span> <span class='ocrx_word' id='word_1_565' title='bbox 2566 3811 2972 3881; x_wconf 70' lang='grc' dir='ltr'>ἐλαττώματος,</span> <span class='ocrx_word' id='word_1_566' title='bbox 3004 3808 3205 3878; x_wconf 77' lang='grc' dir='ltr'>μᾶλλον</span> <span class='ocrx_word' id='word_1_567' title='bbox 3229 3806 3286 3874; x_wconf 78' lang='grc' dir='ltr'>δὲ</span> <span class='ocrx_word' id='word_1_568' title='bbox 3312 3806 3412 3872; x_wconf 83' lang='grc' dir='ltr'>τῆς</span> <span class='ocrx_word' id='word_1_569' title='bbox 3435 3799 3784 3871; x_wconf 77' lang='grc' dir='ltr'>σιμωνιακῆς</span> <span class='ocrx_word' id='word_1_570' title='bbox 3817 3793 4027 3854; x_wconf 73' lang='grc' dir='ltr'>κακίας</span> 
     </span>
    </p>
   </div>
   <div class='ocr_carea' id='block_1_83' title="bbox 2436 3888 4025 3971">
    <p class='ocr_par' dir='ltr' id='par_1_83' title="bbox 2436 3888 4025 3971">
     <span class='ocr_line' id='line_1_83' title="bbox 2436 3888 4025 3971; baseline -0.015 -11"><span class='ocrx_word' id='word_1_571' title='bbox 2436 3903 2944 3971; x_wconf 75' lang='grc' dir='ltr'>ἐλευθεριάζουσαν,</span> <span class='ocrx_word' id='word_1_572' title='bbox 2971 3899 3064 3953; x_wconf 77' lang='grc' dir='ltr'>καὶ</span> <span class='ocrx_word' id='word_1_573' title='bbox 3089 3899 3251 3951; x_wconf 78' lang='grc' dir='ltr'>παντὶ</span> <span class='ocrx_word' id='word_1_574' title='bbox 3280 3896 3468 3966; x_wconf 87' lang='grc' dir='ltr'>τρόπῳ</span> <span class='ocrx_word' id='word_1_575' title='bbox 3490 3894 3588 3947; x_wconf 72' lang='grc' dir='ltr'>καὶ</span> <span class='ocrx_word' id='word_1_576' title='bbox 3613 3891 3768 3959; x_wconf 76' lang='grc' dir='ltr'>πασῃ</span> <span class='ocrx_word' id='word_1_577' title='bbox 3791 3888 4025 3953; x_wconf 79' lang='grc' dir='ltr'>δυνάμει</span> 
     </span>
    </p>
   </div>
   <div class='ocr_carea' id='block_1_84' title="bbox 2435 3978 4029 4068">
    <p class='ocr_par' dir='ltr' id='par_1_84' title="bbox 2435 3978 4029 4068">
     <span class='ocr_line' id='line_1_84' title="bbox 2435 3978 4029 4068; baseline -0.014 -18"><span class='ocrx_word' id='word_1_578' title='bbox 2435 3997 2534 4068; x_wconf 79' lang='grc' dir='ltr'>τὴν</span> <span class='ocrx_word' id='word_1_579' title='bbox 2561 3995 2656 4048; x_wconf 76' lang='grc' dir='ltr'><strong>τοῦ</strong></span> <span class='ocrx_word' id='word_1_580' title='bbox 2689 3992 3004 4060; x_wconf 78' lang='grc' dir='ltr'>Πνεύματος</span> <span class='ocrx_word' id='word_1_581' title='bbox 3037 3988 3193 4042; x_wconf 83' lang='grc' dir='ltr'>θείαν</span> <span class='ocrx_word' id='word_1_582' title='bbox 3242 3988 3404 4057; x_wconf 78' lang='grc' dir='ltr'>χάριν</span> <span class='ocrx_word' id='word_1_583' title='bbox 3433 3986 3680 4054; x_wconf 72' lang='grc' dir='ltr'>ἄπρατον</span> <span class='ocrx_word' id='word_1_584' title='bbox 3729 3978 4029 4041; x_wconf 77' lang='grc' dir='ltr'>διασώζου-</span> 
     </span>
    </p>
   </div>
   <div class='ocr_carea' id='block_1_85' title="bbox 2438 4069 4027 4154">
    <p class='ocr_par' dir='ltr' id='par_1_85' title="bbox 2438 4069 4027 4154">
     <span class='ocr_line' id='line_1_85' title="bbox 2438 4069 4027 4154; baseline -0.013 -15"><span class='ocrx_word' id='word_1_585' title='bbox 2438 4104 2559 4151; x_wconf 86' lang='grc' dir='ltr'>σαν,</span> <span class='ocrx_word' id='word_1_586' title='bbox 2602 4083 2738 4154; x_wconf 81' lang='grc' dir='ltr'>πρὸς</span> <span class='ocrx_word' id='word_1_587' title='bbox 2787 4081 2946 4151; x_wconf 87' lang='grc' dir='ltr'>μόνον</span> <span class='ocrx_word' id='word_1_588' title='bbox 2991 4079 3125 4132; x_wconf 81' lang='grc' dir='ltr'>Θεὸν</span> <span class='ocrx_word' id='word_1_589' title='bbox 3158 4077 3249 4130; x_wconf 82' lang='grc' dir='ltr'>τὸν</span> <span class='ocrx_word' id='word_1_590' title='bbox 3282 4076 3392 4128; x_wconf 86' lang='grc' dir='ltr'><strong>τῶν</strong></span> <span class='ocrx_word' id='word_1_591' title='bbox 3423 4074 3663 4147; x_wconf 82' lang='grc' dir='ltr'>καρδιῶν</span> <span class='ocrx_word' id='word_1_592' title='bbox 3691 4071 3855 4140; x_wconf 69' lang='grc' dir='ltr'>ἡμῶν</span> <span class='ocrx_word' id='word_1_593' title='bbox 3893 4069 4027 4120; x_wconf 78' lang='grc' dir='ltr'>ἁπο-</span> 
     </span>
    </p>
   </div>
   <div class='ocr_carea' id='block_1_86' title="bbox 2436 4159 4026 4240">
    <p class='ocr_par' dir='ltr' id='par_1_86' title="bbox 2436 4159 4026 4240">
     <span class='ocr_line' id='line_1_86' title="bbox 2436 4159 4026 4240; baseline -0.012 -13"><span class='ocrx_word' id='word_1_594' title='bbox 2436 4175 2746 4227; x_wconf 84' lang='grc' dir='ltr'>6λέπουσαν</span> <span class='ocrx_word' id='word_1_595' title='bbox 2772 4171 2991 4240; x_wconf 73' lang='grc' dir='ltr'>ἔφορον,</span> <span class='ocrx_word' id='word_1_596' title='bbox 3021 4167 3114 4220; x_wconf 80' lang='grc' dir='ltr'>τὸν</span> <span class='ocrx_word' id='word_1_597' title='bbox 3146 4167 3240 4220; x_wconf 79' lang='grc' dir='ltr'>ἐπὶ</span> <span class='ocrx_word' id='word_1_598' title='bbox 3398 4163 3604 4234; x_wconf 74' lang='grc' dir='ltr'>σεμνῷ,</span> <span class='ocrx_word' id='word_1_599' title='bbox 3627 4163 3726 4213; x_wconf 72' lang='grc' dir='ltr'>καὶ</span> <span class='ocrx_word' id='word_1_600' title='bbox 3742 4160 3913 4227; x_wconf 80' lang='grc' dir='ltr'>λόγῳ,</span> <span class='ocrx_word' id='word_1_601' title='bbox 3930 4159 4026 4210; x_wconf 67' lang='grc' dir='ltr'>καὶ</span> 
     </span>
    </p>
   </div>
   <div class='ocr_carea' id='block_1_87' title="bbox 2435 4255 4026 4331">
    <p class='ocr_par' dir='ltr' id='par_1_87' title="bbox 2435 4255 4026 4331">
     <span class='ocr_line' id='line_1_87' title="bbox 2435 4255 4026 4331; baseline -0.013 -10"><span class='ocrx_word' id='word_1_602' title='bbox 2435 4265 2771 4321; x_wconf 69' lang='grc' dir='ltr'>καταστάσει</span> <span class='ocrx_word' id='word_1_603' title='bbox 2820 4263 3168 4331; x_wconf 85' lang='grc' dir='ltr'>πνευματικῇ</span> <span class='ocrx_word' id='word_1_604' title='bbox 3208 4255 3684 4330; x_wconf 79' lang='grc' dir='ltr'>μαρτυρούμενον,</span> <span class='ocrx_word' id='word_1_605' title='bbox 3731 4255 3830 4305; x_wconf 81' lang='grc' dir='ltr'>καὶ</span> <span class='ocrx_word' id='word_1_606' title='bbox 3863 4266 4026 4302; x_wconf 75' lang='grc' dir='ltr'>κανοο</span> 
     </span>
    </p>
   </div>
   <div class='ocr_carea' id='block_1_88' title="bbox 2437 4340 4028 4425">
    <p class='ocr_par' dir='ltr' id='par_1_88' title="bbox 2437 4340 4028 4425">
     <span class='ocr_line' id='line_1_88' title="bbox 2437 4340 4028 4425; baseline -0.013 -14"><span class='ocrx_word' id='word_1_607' title='bbox 2437 4357 2602 4420; x_wconf 85' lang='grc' dir='ltr'>νικῶς</span> <span class='ocrx_word' id='word_1_608' title='bbox 2623 4355 3022 4425; x_wconf 72' lang='grc' dir='ltr'>ψηφιζόμενον,</span> <span class='ocrx_word' id='word_1_609' title='bbox 3052 4353 3131 4416; x_wconf 85' lang='grc' dir='ltr'><strong>είς</strong></span> <span class='ocrx_word' id='word_1_610' title='bbox 3161 4350 3254 4403; x_wconf 71' lang='grc' dir='ltr'>τὸν</span> <span class='ocrx_word' id='word_1_611' title='bbox 3284 4345 3653 4401; x_wconf 83' lang='grc' dir='ltr'>ἐπισκοπικὺν</span> <span class='ocrx_word' id='word_1_612' title='bbox 3680 4342 3913 4408; x_wconf 77' lang='grc' dir='ltr'>ἀνάγειν</span> <span class='ocrx_word' id='word_1_613' title='bbox 3943 4340 4028 4409; x_wconf 80' lang='grc' dir='ltr'><strong>βα·</strong></span> 
     </span>
    </p>
   </div>
   <div class='ocr_carea' id='block_1_89' title="bbox 2438 4431 4026 4519">
    <p class='ocr_par' dir='ltr' id='par_1_89' title="bbox 2438 4431 4026 4519">
     <span class='ocr_line' id='line_1_89' title="bbox 2438 4431 4026 4519; baseline -0.013 -16"><span class='ocrx_word' id='word_1_614' title='bbox 2438 4449 2596 4519; x_wconf 86' lang='grc' dir='ltr'>θμδν,</span> <span class='ocrx_word' id='word_1_615' title='bbox 2626 4449 2715 4500; x_wconf 85' lang='grc' dir='ltr'><strong>ἵνα</strong></span> <span class='ocrx_word' id='word_1_616' title='bbox 2739 4448 2805 4517; x_wconf 81' lang='grc' dir='ltr'>δὴ</span> <span class='ocrx_word' id='word_1_617' title='bbox 2828 4446 2922 4500; x_wconf 81' lang='grc' dir='ltr'>καὶ</span> <span class='ocrx_word' id='word_1_618' title='bbox 2947 4445 3009 4498; x_wconf 85' lang='grc' dir='ltr'>τὸ</span> <span class='ocrx_word' id='word_1_619' title='bbox 3042 4442 3188 4514; x_wconf 82' lang='grc' dir='ltr'>μέγα</span> <span class='ocrx_word' id='word_1_620' title='bbox 3213 4440 3315 4511; x_wconf 65' lang='grc' dir='ltr'>τῆς</span> <span class='ocrx_word' id='word_1_621' title='bbox 3342 4435 3767 4508; x_wconf 80' lang='grc' dir='ltr'>ἀρχιερωσύνης</span> <span class='ocrx_word' id='word_1_622' title='bbox 3800 4431 4026 4500; x_wconf 75' lang='grc' dir='ltr'>ἁκαπή-</span> 
     </span>
    </p>
   </div>
   <div class='ocr_carea' id='block_1_90' title="bbox 755 4520 2329 4617">
    <p class='ocr_par' dir='ltr' id='par_1_90' title="bbox 755 4535 2329 4617">
     <span class='ocr_line' id='line_1_90' title="bbox 755 4535 2329 4617; baseline -0.008 -15"><span class='ocrx_word' id='word_1_623' title='bbox 755 4546 1159 4617; x_wconf 86' lang='lat' dir='ltr'><strong>cauponatione</strong></span> <span class='ocrx_word' id='word_1_624' title='bbox 1191 4551 1576 4606; x_wconf 81' lang='lat' dir='ltr'><strong>conservetur,</strong></span> <span class='ocrx_word' id='word_1_625' title='bbox 1617 4556 1682 4594; x_wconf 89' lang='lat' dir='ltr'><strong>ac</strong></span> <span class='ocrx_word' id='word_1_626' title='bbox 1722 4548 1834 4593; x_wconf 89' lang='lat' dir='ltr'><strong>tum</strong></span> <span class='ocrx_word' id='word_1_627' title='bbox 1872 4539 1991 4607; x_wconf 84' lang='lat' dir='ltr'><strong>ipse</strong></span> <span class='ocrx_word' id='word_1_628' title='bbox 2049 4535 2329 4591; x_wconf 84' lang='lat' dir='ltr'><strong>canonicis</strong></span> 
     </span>
    </p>
   </div>
   <div class='ocr_carea' id='block_1_91' title="bbox 2435 4520 4027 4617">
    <p class='ocr_par' dir='ltr' id='par_1_91' title="bbox 2437 4520 4027 4604">
     <span class='ocr_line' id='line_1_91' title="bbox 2437 4520 4027 4604; baseline -0.01 -12"><span class='ocrx_word' id='word_1_629' title='bbox 2437 4540 2626 4592; x_wconf 84' lang='grc' dir='ltr'>λευτον</span> <span class='ocrx_word' id='word_1_630' title='bbox 2663 4537 2982 4604; x_wconf 78' lang='grc' dir='ltr'>συντηροῖτο</span> <span class='ocrx_word' id='word_1_631' title='bbox 3013 4532 3258 4603; x_wconf 77' lang='grc' dir='ltr'>ἀξίωμα,</span> <span class='ocrx_word' id='word_1_632' title='bbox 3284 4531 3379 4583; x_wconf 72' lang='grc' dir='ltr'>καὶ</span> <span class='ocrx_word' id='word_1_633' title='bbox 3412 4529 3578 4590; x_wconf 78' lang='grc' dir='ltr'>αὐτὸς</span> <span class='ocrx_word' id='word_1_634' title='bbox 3605 4527 3708 4598; x_wconf 72' lang='grc' dir='ltr'>μιν</span> <span class='ocrx_word' id='word_1_635' title='bbox 3741 4523 3904 4591; x_wconf 74' lang='grc' dir='ltr'>παρὰ</span> <span class='ocrx_word' id='word_1_636' title='bbox 3929 4520 4027 4590; x_wconf 73' lang='grc' dir='ltr'>τῆς</span> 
     </span>
    </p>
   </div>
   <div class='ocr_carea' id='block_1_92' title="bbox 757 4626 2332 4705">
    <p class='ocr_par' dir='ltr' id='par_1_92' title="bbox 757 4626 2332 4705">
     <span class='ocr_line' id='line_1_92' title="bbox 757 4626 2332 4705; baseline -0.012 -10"><span class='ocrx_word' id='word_1_637' title='bbox 757 4637 1140 4705; x_wconf 86' lang='lat' dir='ltr'><strong>sanctionibus</strong></span> <span class='ocrx_word' id='word_1_638' title='bbox 1188 4650 1295 4689; x_wconf 87' lang='lat' dir='ltr'><strong>non</strong></span> <span class='ocrx_word' id='word_1_639' title='bbox 1336 4631 1741 4695; x_wconf 87' lang='lat' dir='ltr'><strong>condemneris,</strong></span> <span class='ocrx_word' id='word_1_640' title='bbox 1777 4638 1888 4684; x_wconf 88' lang='lat' dir='ltr'><strong>tum</strong></span> <span class='ocrx_word' id='word_1_641' title='bbox 1924 4627 2014 4682; x_wconf 89' lang='lat' dir='ltr'><strong>ille</strong></span> <span class='ocrx_word' id='word_1_642' title='bbox 2058 4626 2175 4681; x_wconf 86' lang='lat' dir='ltr'><strong>suis</strong></span> <span class='ocrx_word' id='word_1_643' title='bbox 2206 4640 2332 4694; x_wconf 87' lang='lat' dir='ltr'><strong>pro-</strong></span> 
     </span>
    </p>
   </div>
   <div class='ocr_carea' id='block_1_93' title="bbox 761 4718 2332 4793">
    <p class='ocr_par' dir='ltr' id='par_1_93' title="bbox 761 4718 2332 4793">
     <span class='ocr_line' id='line_1_93' title="bbox 761 4718 2332 4793; baseline -0.01 -7"><span class='ocrx_word' id='word_1_644' title='bbox 761 4734 921 4787; x_wconf 88' lang='lat' dir='ltr'><strong>batus</strong></span> <span class='ocrx_word' id='word_1_645' title='bbox 978 4728 1081 4780; x_wconf 88' lang='lat' dir='ltr'><strong>hoc</strong></span> <span class='ocrx_word' id='word_1_646' title='bbox 1131 4725 1294 4780; x_wconf 88' lang='lat' dir='ltr'><strong>modo</strong></span> <span class='ocrx_word' id='word_1_647' title='bbox 1336 4724 1404 4779; x_wconf 88' lang='lat' dir='ltr'><strong>ad</strong></span> <span class='ocrx_word' id='word_1_648' title='bbox 1446 4725 1824 4793; x_wconf 87' lang='lat' dir='ltr'><strong>episcopatum</strong></span> <span class='ocrx_word' id='word_1_649' title='bbox 1868 4718 2088 4790; x_wconf 85' lang='lat' dir='ltr'><strong>propria</strong></span> <span class='ocrx_word' id='word_1_650' title='bbox 2129 4718 2332 4771; x_wconf 77' lang='lat' dir='ltr'><strong>virtute</strong></span> 
     </span>
    </p>
   </div>
   <div class='ocr_carea' id='block_1_94' title="bbox 764 4806 2333 4886">
    <p class='ocr_par' dir='ltr' id='par_1_94' title="bbox 764 4806 2333 4886">
     <span class='ocr_line' id='line_1_94' title="bbox 764 4806 2333 4886; baseline -0.007 -15"><span class='ocrx_word' id='word_1_651' title='bbox 764 4816 1008 4886; x_wconf 78' lang='lat' dir='ltr'><strong>provehi,</strong></span> <span class='ocrx_word' id='word_1_652' title='bbox 1042 4815 1179 4870; x_wconf 88' lang='lat' dir='ltr'><strong>liber</strong></span> <span class='ocrx_word' id='word_1_653' title='bbox 1207 4816 1274 4869; x_wconf 81' lang='lat' dir='ltr'><strong>ab</strong></span> <span class='ocrx_word' id='word_1_654' title='bbox 1307 4813 1457 4868; x_wconf 81' lang='lat' dir='ltr'><strong>omni</strong></span> <span class='ocrx_word' id='word_1_655' title='bbox 1489 4818 1560 4868; x_wconf 82' lang='lat' dir='ltr'><strong>sit</strong></span> <span class='ocrx_word' id='word_1_656' title='bbox 1585 4811 1834 4875; x_wconf 77' lang='lat' dir='ltr'><strong>oilensa;</strong></span> <span class='ocrx_word' id='word_1_657' title='bbox 1885 4824 1982 4863; x_wconf 91' lang='lat' dir='ltr'><strong>nec</strong></span> <span class='ocrx_word' id='word_1_658' title='bbox 2017 4806 2333 4876; x_wconf 85' lang='lat' dir='ltr'><strong>spirituales</strong></span> 
     </span>
    </p>
   </div>
   <div class='ocr_carea' id='block_1_95' title="bbox 764 4897 2332 4977">
    <p class='ocr_par' dir='ltr' id='par_1_95' title="bbox 764 4897 2332 4977">
     <span class='ocr_line' id='line_1_95' title="bbox 764 4897 2332 4977; baseline -0.006 -17"><span class='ocrx_word' id='word_1_659' title='bbox 764 4910 819 4961; x_wconf 85' lang='lat' dir='ltr'><strong>in</strong></span> <span class='ocrx_word' id='word_1_660' title='bbox 861 4909 1006 4977; x_wconf 78' lang='lat' dir='ltr'><strong>leges</strong></span> <span class='ocrx_word' id='word_1_661' title='bbox 1045 4905 1374 4976; x_wconf 77' lang='lat' dir='ltr'><strong>impingens,</strong></span> <span class='ocrx_word' id='word_1_662' title='bbox 1423 4920 1526 4960; x_wconf 83' lang='lat' dir='ltr'><strong>nec</strong></span> <span class='ocrx_word' id='word_1_663' title='bbox 1567 4902 1881 4960; x_wconf 84' lang='lat' dir='ltr'><strong>inevitabile</strong></span> <span class='ocrx_word' id='word_1_664' title='bbox 1928 4899 2023 4955; x_wconf 88' lang='lat' dir='ltr'><strong>Dei</strong></span> <span class='ocrx_word' id='word_1_665' title='bbox 2061 4897 2332 4968; x_wconf 86' lang='lat' dir='ltr'><strong>judicium</strong></span> 
     </span>
    </p>
   </div>
   <div class='ocr_carea' id='block_1_96' title="bbox 761 4999 1531 5066">
    <p class='ocr_par' dir='ltr' id='par_1_96' title="bbox 761 4999 1531 5066">
     <span class='ocr_line' id='line_1_96' title="bbox 761 4999 1531 5066; baseline -0.005 -13"><span class='ocrx_word' id='word_1_666' title='bbox 761 4999 1027 5053; x_wconf 84' lang='lat' dir='ltr'><strong>adversus</strong></span> <span class='ocrx_word' id='word_1_667' title='bbox 1056 5012 1174 5051; x_wconf 88' lang='lat' dir='ltr'><strong>sese</strong></span> <span class='ocrx_word' id='word_1_668' title='bbox 1211 5011 1531 5066; x_wconf 79' lang='lat' dir='ltr'><strong>provocans.</strong></span> 
     </span>
    </p>
   </div>
   <div class='ocr_carea' id='block_1_97' title="bbox 836 5084 2334 5156">
    <p class='ocr_par' dir='ltr' id='par_1_97' title="bbox 836 5084 2334 5156">
     <span class='ocr_line' id='line_1_97' title="bbox 836 5084 2334 5156; baseline -0.006 -13"><span class='ocrx_word' id='word_1_669' title='bbox 836 5089 927 5143; x_wconf 76' lang='lat' dir='ltr'><strong>l0.</strong></span> <span class='ocrx_word' id='word_1_670' title='bbox 968 5089 1027 5142; x_wconf 81' lang='lat' dir='ltr'><strong>lu</strong></span> <span class='ocrx_word' id='word_1_671' title='bbox 1058 5088 1205 5144; x_wconf 87' lang='lat' dir='ltr'><strong>omni</strong></span> <span class='ocrx_word' id='word_1_672' title='bbox 1237 5087 1451 5141; x_wconf 85' lang='lat' dir='ltr'><strong>actione</strong></span> <span class='ocrx_word' id='word_1_673' title='bbox 1477 5095 1640 5156; x_wconf 81' lang='lat' dir='ltr'><strong>atque</strong></span> <span class='ocrx_word' id='word_1_674' title='bbox 1673 5084 2018 5148; x_wconf 81' lang='lat' dir='ltr'><strong>tractatione,</strong></span> <span class='ocrx_word' id='word_1_675' title='bbox 2051 5097 2277 5153; x_wconf 84' lang='lat' dir='ltr'><strong>prorsus</strong></span> <span class='ocrx_word' id='word_1_676' title='bbox 2302 5096 2334 5134; x_wconf 77' lang='grc' dir='ltr'><strong>α</strong></span> 
     </span>
    </p>
   </div>
   <div class='ocr_carea' id='block_1_98' title="bbox 767 5177 2341 5245">
    <p class='ocr_par' dir='ltr' id='par_1_98' title="bbox 767 5177 2341 5245">
     <span class='ocr_line' id='line_1_98' title="bbox 767 5177 2341 5245; baseline -0.006 -9"><span class='ocrx_word' id='word_1_677' title='bbox 767 5183 1088 5237; x_wconf 79' lang='lat' dir='ltr'><strong>muneribus</strong></span> <span class='ocrx_word' id='word_1_678' title='bbox 1114 5182 1396 5235; x_wconf 85' lang='lat' dir='ltr'><strong>continere</strong></span> <span class='ocrx_word' id='word_1_679' title='bbox 1418 5187 1469 5236; x_wconf 83' lang='lat' dir='ltr'><strong>te</strong></span> <span class='ocrx_word' id='word_1_680' title='bbox 1492 5179 1679 5243; x_wconf 88' lang='lat' dir='ltr'><strong>debes,</strong></span> <span class='ocrx_word' id='word_1_681' title='bbox 1706 5186 1758 5233; x_wconf 90' lang='lat' dir='ltr'><strong>et</strong></span> <span class='ocrx_word' id='word_1_682' title='bbox 1781 5184 1929 5232; x_wconf 86' lang='lat' dir='ltr'><strong>certo</strong></span> <span class='ocrx_word' id='word_1_683' title='bbox 1960 5177 2124 5240; x_wconf 87' lang='lat' dir='ltr'><strong>scire,</strong></span> <span class='ocrx_word' id='word_1_684' title='bbox 2155 5189 2341 5245; x_wconf 78' lang='lat' dir='ltr'><strong>pecca-</strong></span> 
     </span>
    </p>
   </div>
   <div class='ocr_carea' id='block_1_99' title="bbox 766 5266 2340 5343">
    <p class='ocr_par' dir='ltr' id='par_1_99' title="bbox 766 5266 2340 5343">
     <span class='ocr_line' id='line_1_99' title="bbox 766 5266 2340 5343; baseline -0.006 -15"><span class='ocrx_word' id='word_1_685' title='bbox 766 5287 881 5328; x_wconf 88' lang='lat' dir='ltr'><strong>tum</strong></span> <span class='ocrx_word' id='word_1_686' title='bbox 925 5272 1205 5343; x_wconf 75' lang='lat' dir='ltr'><strong>quodlibet</strong></span> <span class='ocrx_word' id='word_1_687' title='bbox 1249 5272 1506 5341; x_wconf 85' lang='lat' dir='ltr'><strong>simplum</strong></span> <span class='ocrx_word' id='word_1_688' title='bbox 1569 5269 1776 5339; x_wconf 88' lang='lat' dir='ltr'><strong>perpeti</strong></span> <span class='ocrx_word' id='word_1_689' title='bbox 1839 5267 2165 5337; x_wconf 89' lang='lat' dir='ltr'><strong>supplicium</strong></span> <span class='ocrx_word' id='word_1_690' title='bbox 2212 5283 2226 5320; x_wconf 94' lang='lat'>:</span> <span class='ocrx_word' id='word_1_691' title='bbox 2273 5266 2340 5318; x_wconf 84' lang='lat' dir='ltr'><strong>ad</strong></span> 
     </span>
    </p>
   </div>
   <div class='ocr_carea' id='block_1_100' title="bbox 769 5359 2342 5431">
    <p class='ocr_par' dir='ltr' id='par_1_100' title="bbox 769 5359 2342 5431">
     <span class='ocr_line' id='line_1_100' title="bbox 769 5359 2342 5431; baseline -0.006 -9"><span class='ocrx_word' id='word_1_692' title='bbox 769 5374 932 5424; x_wconf 79' lang='lat' dir='ltr'><strong>istam</strong></span> <span class='ocrx_word' id='word_1_693' title='bbox 972 5364 1216 5420; x_wconf 82' lang='lat' dir='ltr'><strong>Simonis</strong></span> <span class='ocrx_word' id='word_1_694' title='bbox 1252 5363 1528 5428; x_wconf 72' lang='lat' dir='ltr'><strong>haeresim,</strong></span> <span class='ocrx_word' id='word_1_695' title='bbox 1564 5363 1783 5431; x_wconf 90' lang='lat' dir='ltr'><strong>duplam</strong></span> <span class='ocrx_word' id='word_1_696' title='bbox 1816 5363 1870 5416; x_wconf 86' lang='lat' dir='ltr'><strong>in</strong></span> <span class='ocrx_word' id='word_1_697' title='bbox 1899 5377 1960 5415; x_wconf 89' lang='lat' dir='ltr'><strong>ea</strong></span> <span class='ocrx_word' id='word_1_698' title='bbox 1985 5359 2342 5428; x_wconf 69' lang='lat' dir='ltr'><strong>depraaltenso</strong></span> 
     </span>
    </p>
   </div>
   <div class='ocr_carea' id='block_1_101' title="bbox 767 5450 2338 5524">
    <p class='ocr_par' dir='ltr' id='par_1_101' title="bbox 767 5450 2338 5524">
     <span class='ocr_line' id='line_1_101' title="bbox 767 5450 2338 5524; baseline -0.007 -9"><span class='ocrx_word' id='word_1_699' title='bbox 767 5457 1281 5516; x_wconf 84' lang='lat' dir='ltr'><strong>condemnationem</strong></span> <span class='ocrx_word' id='word_1_700' title='bbox 1325 5455 1544 5511; x_wconf 80' lang='lat' dir='ltr'><strong>aii&#39;erre.</strong></span> <span class='ocrx_word' id='word_1_701' title='bbox 1591 5454 1934 5524; x_wconf 84' lang='lat' dir='ltr'><strong>Quapropter</strong></span> <span class='ocrx_word' id='word_1_702' title='bbox 1966 5451 2080 5505; x_wconf 66' lang='lat' dir='ltr'><strong>haec</strong></span> <span class='ocrx_word' id='word_1_703' title='bbox 2112 5450 2338 5505; x_wconf 89' lang='lat' dir='ltr'><strong>omnino</strong></span> 
     </span>
    </p>
   </div>
   <div class='ocr_carea' id='block_1_102' title="bbox 769 5541 2334 5615">
    <p class='ocr_par' dir='ltr' id='par_1_102' title="bbox 769 5541 2334 5615">
     <span class='ocr_line' id='line_1_102' title="bbox 769 5541 2334 5615; baseline -0.008 -10"><span class='ocrx_word' id='word_1_704' title='bbox 769 5548 1135 5606; x_wconf 80' lang='lat' dir='ltr'><strong>exscindenda</strong></span> <span class='ocrx_word' id='word_1_705' title='bbox 1165 5549 1336 5615; x_wconf 72' lang='lat' dir='ltr'><strong>venit,</strong></span> <span class='ocrx_word' id='word_1_706' title='bbox 1369 5564 1429 5602; x_wconf 92' lang='lat' dir='ltr'><strong>ac</strong></span> <span class='ocrx_word' id='word_1_707' title='bbox 1462 5564 1528 5603; x_wconf 90' lang='lat' dir='ltr'><strong>nc</strong></span> <span class='ocrx_word' id='word_1_708' title='bbox 1566 5543 2057 5602; x_wconf 87' lang='lat' dir='ltr'><strong>consuetudinibus</strong></span> <span class='ocrx_word' id='word_1_709' title='bbox 2091 5541 2334 5611; x_wconf 86' lang='lat' dir='ltr'><strong>quidem,</strong></span> 
     </span>
    </p>
   </div>
   <div class='ocr_carea' id='block_1_103' title="bbox 2441 4614 4027 4698">
    <p class='ocr_par' dir='ltr' id='par_1_103' title="bbox 2441 4614 4027 4698">
     <span class='ocr_line' id='line_1_103' title="bbox 2441 4614 4027 4698; baseline -0.012 -15"><span class='ocrx_word' id='word_1_710' title='bbox 2441 4627 2733 4698; x_wconf 82' lang='grc' dir='ltr'>κανονικῆς</span> <span class='ocrx_word' id='word_1_711' title='bbox 2791 4625 3154 4694; x_wconf 82' lang='grc' dir='ltr'>θεσμοθεσίας</span> <span class='ocrx_word' id='word_1_712' title='bbox 3226 4620 3601 4690; x_wconf 74' lang='grc' dir='ltr'>ἀκατάκριτος</span> <span class='ocrx_word' id='word_1_713' title='bbox 3673 4614 4027 4682; x_wconf 73' lang='grc' dir='ltr'>ἐποφθείης,</span> 
     </span>
    </p>
   </div>
   <div class='ocr_carea' id='block_1_104' title="bbox 2440 4703 4028 4784">
    <p class='ocr_par' dir='ltr' id='par_1_104' title="bbox 2440 4703 4028 4784">
     <span class='ocr_line' id='line_1_104' title="bbox 2440 4703 4028 4784; baseline -0.01 -11"><span class='ocrx_word' id='word_1_714' title='bbox 2440 4722 2692 4781; x_wconf 77' lang='grc' dir='ltr'>κάκεῖνος</span> <span class='ocrx_word' id='word_1_715' title='bbox 2724 4717 2784 4784; x_wconf 80' lang='grc' dir='ltr'>ἐξ</span> <span class='ocrx_word' id='word_1_716' title='bbox 2808 4714 3007 4770; x_wconf 77' lang='grc' dir='ltr'>ἐαυτοῦ</span> <span class='ocrx_word' id='word_1_717' title='bbox 3049 4713 3192 4768; x_wconf 86' lang='grc' dir='ltr'>οὓτω</span> <span class='ocrx_word' id='word_1_718' title='bbox 3235 4708 3685 4783; x_wconf 78' lang='grc' dir='ltr'>προχειρίζεσθαι</span> <span class='ocrx_word' id='word_1_719' title='bbox 3726 4709 3860 4768; x_wconf 78' lang='grc' dir='ltr'>τοὺς</span> <span class='ocrx_word' id='word_1_720' title='bbox 3889 4703 4028 4773; x_wconf 77' lang='grc' dir='ltr'>ἀμφ’</span> 
     </span>
    </p>
   </div>
   <div class='ocr_carea' id='block_1_105' title="bbox 2443 4799 4029 4880">
    <p class='ocr_par' dir='ltr' id='par_1_105' title="bbox 2443 4799 4029 4880">
     <span class='ocr_line' id='line_1_105' title="bbox 2443 4799 4029 4880; baseline -0.01 -15"><span class='ocrx_word' id='word_1_721' title='bbox 2443 4812 2605 4866; x_wconf 83' lang='grc' dir='ltr'>αὑτὸν</span> <span class='ocrx_word' id='word_1_722' title='bbox 2653 4810 3063 4880; x_wconf 84' lang='grc' dir='ltr'>διδασκόμενος,</span> <span class='ocrx_word' id='word_1_723' title='bbox 3137 4807 3492 4877; x_wconf 81' lang='grc' dir='ltr'>ἀπρόσκοπος</span> <span class='ocrx_word' id='word_1_724' title='bbox 3540 4806 3664 4870; x_wconf 75' lang='grc' dir='ltr'><strong>ειη·</strong></span> <span class='ocrx_word' id='word_1_725' title='bbox 3715 4801 3857 4869; x_wconf 74' lang='grc' dir='ltr'>μήτε</span> <span class='ocrx_word' id='word_1_726' title='bbox 3915 4799 4029 4861; x_wconf 84' lang='grc' dir='ltr'>τοῖς</span> 
     </span>
    </p>
   </div>
   <div class='ocr_carea' id='block_1_106' title="bbox 2442 4892 4031 4972">
    <p class='ocr_par' dir='ltr' id='par_1_106' title="bbox 2442 4892 4031 4972">
     <span class='ocr_line' id='line_1_106' title="bbox 2442 4892 4031 4972; baseline -0.009 -15"><span class='ocrx_word' id='word_1_727' title='bbox 2442 4904 2837 4972; x_wconf 83' lang='grc' dir='ltr'>πνευματικοῖς</span> <span class='ocrx_word' id='word_1_728' title='bbox 2885 4899 3074 4970; x_wconf 88' lang='grc' dir='ltr'>νόμοις</span> <span class='ocrx_word' id='word_1_729' title='bbox 3103 4896 3485 4967; x_wconf 80' lang='grc' dir='ltr'>προσκρούων,</span> <span class='ocrx_word' id='word_1_730' title='bbox 3525 4895 3662 4963; x_wconf 66' lang='grc' dir='ltr'>μήτε</span> <span class='ocrx_word' id='word_1_731' title='bbox 3694 4892 3756 4944; x_wconf 75' lang='grc' dir='ltr'>τὸ</span> <span class='ocrx_word' id='word_1_732' title='bbox 3785 4892 4031 4959; x_wconf 70' lang='grc' dir='ltr'>ἄφυκτον</span> 
     </span>
    </p>
   </div>
   <div class='ocr_carea' id='block_1_107' title="bbox 2441 4985 3738 5063">
    <p class='ocr_par' dir='ltr' id='par_1_107' title="bbox 2441 4985 3738 5063">
     <span class='ocr_line' id='line_1_107' title="bbox 2441 4985 3738 5063; baseline -0.008 -16"><span class='ocrx_word' id='word_1_733' title='bbox 2441 4994 2537 5047; x_wconf 82' lang='grc' dir='ltr'>τοῦ</span> <span class='ocrx_word' id='word_1_734' title='bbox 2560 4992 2694 5047; x_wconf 88' lang='grc' dir='ltr'><strong>Θεοῦ</strong></span> <span class='ocrx_word' id='word_1_735' title='bbox 2730 4996 2904 5063; x_wconf 88' lang='grc' dir='ltr'>κρῖμα</span> <span class='ocrx_word' id='word_1_736' title='bbox 2933 4989 3056 5044; x_wconf 84' lang='grc' dir='ltr'>καθ’</span> <span class='ocrx_word' id='word_1_737' title='bbox 3091 4989 3284 5042; x_wconf 76' lang='grc' dir='ltr'>ἐαυτοῦ</span> <span class='ocrx_word' id='word_1_738' title='bbox 3313 4985 3738 5054; x_wconf 77' lang='grc' dir='ltr'>ἐκκαλούμενος.</span> 
     </span>
    </p>
   </div>
   <div class='ocr_carea' id='block_1_108' title="bbox 2519 5074 4029 5152">
    <p class='ocr_par' dir='ltr' id='par_1_108' title="bbox 2519 5074 4029 5152">
     <span class='ocr_line' id='line_1_108' title="bbox 2519 5074 4029 5152; baseline -0.008 -16"><span class='ocrx_word' id='word_1_739' title='bbox 2519 5085 2570 5139; x_wconf 88' lang='grc' dir='ltr'><strong>ι’.</strong></span> <span class='ocrx_word' id='word_1_740' title='bbox 2611 5087 2704 5137; x_wconf 90' lang='grc' dir='ltr'>Δεῖ</span> <span class='ocrx_word' id='word_1_741' title='bbox 2739 5102 2801 5137; x_wconf 91' lang='grc' dir='ltr'><strong>σε</strong></span> <span class='ocrx_word' id='word_1_742' title='bbox 2825 5084 2916 5138; x_wconf 71' lang='grc' dir='ltr'><strong>ἐπὶ</strong></span> <span class='ocrx_word' id='word_1_743' title='bbox 2940 5082 3094 5152; x_wconf 74' lang='grc' dir='ltr'>πάσῃ</span> <span class='ocrx_word' id='word_1_744' title='bbox 3124 5079 3321 5152; x_wconf 79' lang='grc' dir='ltr'>πράξει</span> <span class='ocrx_word' id='word_1_745' title='bbox 3351 5080 3454 5148; x_wconf 39' lang='grc' dir='ltr'>καὶ,</span> <span class='ocrx_word' id='word_1_746' title='bbox 3478 5074 3860 5148; x_wconf 75' lang='grc' dir='ltr'>μεταχειρίσει</span> <span class='ocrx_word' id='word_1_747' title='bbox 3891 5089 4029 5124; x_wconf 78' lang='grc' dir='ltr'>παν·</span> 
     </span>
    </p>
   </div>
   <div class='ocr_carea' id='block_1_109' title="bbox 2445 5165 4034 5245">
    <p class='ocr_par' dir='ltr' id='par_1_109' title="bbox 2445 5165 4034 5245">
     <span class='ocr_line' id='line_1_109' title="bbox 2445 5165 4034 5245; baseline -0.008 -16"><span class='ocrx_word' id='word_1_748' title='bbox 2445 5177 2652 5231; x_wconf 76' lang='grc' dir='ltr'>τὰπασι</span> <span class='ocrx_word' id='word_1_749' title='bbox 2674 5175 2864 5245; x_wconf 80' lang='grc' dir='ltr'>δώρων</span> <span class='ocrx_word' id='word_1_750' title='bbox 2892 5173 3220 5244; x_wconf 83' lang='grc' dir='ltr'>ἀπέχεσθαι,</span> <span class='ocrx_word' id='word_1_751' title='bbox 3252 5170 3496 5242; x_wconf 81' lang='grc' dir='ltr'>ἁκριὸῶς</span> <span class='ocrx_word' id='word_1_752' title='bbox 3533 5169 3734 5230; x_wconf 73' lang='grc' dir='ltr'>εἰδότα,</span> <span class='ocrx_word' id='word_1_753' title='bbox 3774 5166 3850 5227; x_wconf 82' lang='grc' dir='ltr'>ὡς</span> <span class='ocrx_word' id='word_1_754' title='bbox 3879 5165 4034 5216; x_wconf 71' lang='grc' dir='ltr'>πᾶσα</span> 
     </span>
    </p>
   </div>
   <div class='ocr_carea' id='block_1_110' title="bbox 2454 5252 4033 5335">
    <p class='ocr_par' dir='ltr' id='par_1_110' title="bbox 2454 5252 4033 5335">
     <span class='ocr_line' id='line_1_110' title="bbox 2454 5252 4033 5335; baseline -0.01 -15"><span class='ocrx_word' id='word_1_755' title='bbox 2454 5268 2558 5334; x_wconf 87' lang='grc' dir='ltr'><strong>μέν</strong></span> <span class='ocrx_word' id='word_1_756' title='bbox 2593 5265 2839 5335; x_wconf 76' lang='grc' dir='ltr'>ἁμαρτία</span> <span class='ocrx_word' id='word_1_757' title='bbox 2886 5264 3067 5331; x_wconf 76' lang='grc' dir='ltr'>ἁπλῆν</span> <span class='ocrx_word' id='word_1_758' title='bbox 3103 5265 3205 5332; x_wconf 81' lang='grc' dir='ltr'>τὴν</span> <span class='ocrx_word' id='word_1_759' title='bbox 3227 5261 3504 5332; x_wconf 77' lang='grc' dir='ltr'>τιμωρίαν</span> <span class='ocrx_word' id='word_1_760' title='bbox 3535 5259 3838 5326; x_wconf 71' lang='grc' dir='ltr'>ὑφίσταται</span> <span class='ocrx_word' id='word_1_761' title='bbox 3860 5271 3874 5284; x_wconf 90' lang='grc'><strong>·</strong></span> <span class='ocrx_word' id='word_1_762' title='bbox 3913 5255 3947 5322; x_wconf 71' lang='grc' dir='ltr'><strong>ἡ</strong></span> <span class='ocrx_word' id='word_1_763' title='bbox 3977 5252 4033 5304; x_wconf 63' lang='grc' dir='ltr'>δὲ</span> 
     </span>
    </p>
   </div>
   <div class='ocr_carea' id='block_1_111' title="bbox 2449 5345 4034 5427">
    <p class='ocr_par' dir='ltr' id='par_1_111' title="bbox 2449 5345 4034 5427">
     <span class='ocr_line' id='line_1_111' title="bbox 2449 5345 4034 5427; baseline -0.008 -17"><span class='ocrx_word' id='word_1_764' title='bbox 2449 5358 2542 5411; x_wconf 70' lang='grc' dir='ltr'>τοῦ</span> <span class='ocrx_word' id='word_1_765' title='bbox 2574 5357 2819 5427; x_wconf 78' lang='grc' dir='ltr'>Σίμωνος</span> <span class='ocrx_word' id='word_1_766' title='bbox 2843 5356 3056 5418; x_wconf 76' lang='grc' dir='ltr'>αἵρεσις</span> <span class='ocrx_word' id='word_1_767' title='bbox 3088 5353 3286 5421; x_wconf 80' lang='grc' dir='ltr'>διπλῆν</span> <span class='ocrx_word' id='word_1_768' title='bbox 3313 5352 3508 5421; x_wconf 78' lang='grc' dir='ltr'>ἐπάγει</span> <span class='ocrx_word' id='word_1_769' title='bbox 3533 5351 3610 5417; x_wconf 82' lang='grc' dir='ltr'>τῷ</span> <span class='ocrx_word' id='word_1_770' title='bbox 3653 5349 3834 5401; x_wconf 76' lang='grc' dir='ltr'>ἁλόντι</span> <span class='ocrx_word' id='word_1_771' title='bbox 3861 5345 4034 5398; x_wconf 76' lang='grc' dir='ltr'>κατὰ·</span> 
     </span>
    </p>
   </div>
   <div class='ocr_carea' id='block_1_112' title="bbox 2452 5437 4034 5521">
    <p class='ocr_par' dir='ltr' id='par_1_112' title="bbox 2452 5437 4034 5521">
     <span class='ocr_line' id='line_1_112' title="bbox 2452 5437 4034 5521; baseline -0.008 -18"><span class='ocrx_word' id='word_1_772' title='bbox 2452 5468 2652 5521; x_wconf 78' lang='grc' dir='ltr'>κρισιν.</span> <span class='ocrx_word' id='word_1_773' title='bbox 2705 5449 2795 5501; x_wconf 79' lang='grc' dir='ltr'><strong>Διὸ</strong></span> <span class='ocrx_word' id='word_1_774' title='bbox 2837 5449 2922 5502; x_wconf 81' lang='grc' dir='ltr'><strong>δεῖ</strong></span> <span class='ocrx_word' id='word_1_775' title='bbox 2967 5446 3249 5510; x_wconf 84' lang='grc' dir='ltr'>παντελῶς</span> <span class='ocrx_word' id='word_1_776' title='bbox 3279 5446 3484 5515; x_wconf 79' lang='grc' dir='ltr'>ταύτην</span> <span class='ocrx_word' id='word_1_777' title='bbox 3515 5441 3895 5512; x_wconf 71' lang='grc' dir='ltr'>περικόπτειν,</span> <span class='ocrx_word' id='word_1_778' title='bbox 3938 5437 4034 5490; x_wconf 79' lang='grc' dir='ltr'>καὶ</span> 
     </span>
    </p>
   </div>
   <div class='ocr_carea' id='block_1_113' title="bbox 2457 5530 4033 5610">
    <p class='ocr_par' dir='ltr' id='par_1_113' title="bbox 2457 5530 4033 5610">
     <span class='ocr_line' id='line_1_113' title="bbox 2457 5530 4033 5610; baseline -0.009 -17"><span class='ocrx_word' id='word_1_779' title='bbox 2457 5542 2589 5610; x_wconf 78' lang='grc' dir='ltr'>μηδέ</span> <span class='ocrx_word' id='word_1_780' title='bbox 2621 5543 2738 5602; x_wconf 86' lang='grc' dir='ltr'>ταῖς</span> <span class='ocrx_word' id='word_1_781' title='bbox 2769 5539 3090 5606; x_wconf 83' lang='grc' dir='ltr'>λεγομέναις</span> <span class='ocrx_word' id='word_1_782' title='bbox 3138 5536 3446 5607; x_wconf 74' lang='grc' dir='ltr'>συνηθείαις</span> <span class='ocrx_word' id='word_1_783' title='bbox 3501 5534 3707 5587; x_wconf 72' lang='grc' dir='ltr'>είσοδον</span> <span class='ocrx_word' id='word_1_784' title='bbox 3750 5530 3842 5583; x_wconf 68' lang='grc' dir='ltr'>καὶ</span> <span class='ocrx_word' id='word_1_785' title='bbox 3892 5542 4033 5594; x_wconf 76' lang='grc' dir='ltr'>παρ-</span> 
     </span>
    </p>
   </div>
   <div class='ocr_carea' id='block_1_114' title="bbox 2075 5713 2754 5774">
    <p class='ocr_par' dir='ltr' id='par_1_114' title="bbox 2075 5713 2754 5774">
     <span class='ocr_line' id='line_1_114' title="bbox 2075 5713 2754 5774; baseline 0 -2"><span class='ocrx_word' id='word_1_786' title='bbox 2075 5717 2304 5772; x_wconf 67' lang='grc' dir='ltr'>ΥᾹΒΙᾸΞ</span> <span class='ocrx_word' id='word_1_787' title='bbox 2352 5713 2754 5774; x_wconf 56' lang='lat' dir='ltr'><strong>LEL‘TIONES.</strong></span> 
     </span>
    </p>
   </div>
   <div class='ocr_carea' id='block_1_115' title="bbox 839 5825 1274 5872">
    <p class='ocr_par' dir='ltr' id='par_1_115' title="bbox 839 5825 1274 5872">
     <span class='ocr_line' id='line_1_115' title="bbox 839 5825 1274 5872; baseline -0.002 -1"><span class='ocrx_word' id='word_1_788' title='bbox 839 5825 867 5857; x_wconf 75' lang='grc' dir='ltr'><strong>υ</strong></span> <span class='ocrx_word' id='word_1_789' title='bbox 890 5826 1274 5872; x_wconf 82' lang='lat' dir='ltr'><strong>testamentum.</strong></span> 
     </span>
    </p>
   </div>
  </div>
