4188 6446
150 425 285 493 llll

1447 428 2143 492 GRIECO'ROMANUM

3310 429 3449 497 1142

148 541 392 597 είσδυσιν
439 538 606 611 ἔχειν.
647 539 756 594 Καὶ
803 539 912 610 γὰρ
957 540 1015 594 αἱ
1061 539 1356 612 λεγόμεναι
1407 536 1567 597 αὗται
1613 560 1737 598 συν-

1861 559 1980 615 luas
2019 546 2250 607 vocanti,
2288 541 2469 600 aditus
2513 547 2568 600 et
2617 541 2860 600 fenestra
2899 542 3281 614 patefacienda
3334 560 3452 606 est!

148 635 378 702 ἠθειαι,
431 631 802 704 φιλαργυρίας
870 632 1388 704 συνεισκωμάσασαι
1442 637 1732 705 νοσήματι,

147 727 305 780 οὐδὲν
341 726 584 792 ἔλαττον,
622 728 672 778 εἰ
701 727 776 797 μὴ
810 725 905 779 καὶ
941 726 1145 796 μᾶλλον
1171 726 1254 789 είς
1284 727 1584 799 καταδίκην
1609 729 1738 794 τοὺς

143 820 248 888 τῆς
296 818 736 890 ἀρχιερωσύνης,
766 819 1030 889 μετόχους
1065 818 1458 886 ἁλισκομένους
1487 821 1737 890 ἄγουσιν,

148 914 242 966 ἐπὶ
286 911 476 984 σεμνῷ
521 913 855 984 προσωπείῳ
898 912 999 982 τῆς
1047 912 1291 983 Σίμωνος
1336 915 1738 987 ἐνεργουμένης

147 1007 446 1076 αἱρέσεως.
471 1006 563 1058 Δεῖ
589 1004 697 1076 γάρ
730 1005 832 1058 κᾶν
862 1005 1048 1076 σεμνῷ
1077 1006 1303 1077 ὀνόματι
1333 1007 1738 1080 διαϐεϐλημένη

149 1095 356 1165 πρᾶξις
406 1095 774 1166 καλυπτηται,
827 1096 924 1149 καὶ
966 1095 1173 1167 ταύτην
1213 1084 1381 1150 παντὶ
1412 1099 1606 1169 τρόπῳ
1649 1100 1741 1152 ἐκ·

148 1188 475 1256 τρέπεσθαι,
507 1189 599 1242 καὶ
627 1189 1036 1260 παραιτεῖσθαι,
1081 1188 1177 1244 καὶ
1227 1189 1432 1260 μᾶλλον
1476 1191 1575 1261 τῆς
1609 1192 1742 1245 ἀνα-

149 1280 592 1350 κεκαλυμμένως
606 1278 877 1351 δηλούσης
905 1280 968 1333 τὸ
989 1281 1267 1352 τόλμημαο
1285 1283 1356 1336 τά
1373 1298 1432 1334 τε
1461 1282 1571 1352 γάρ
1598 1283 1739 1337 λαν-

151 1372 388 1426 θάνοντα
420 1371 529 1424 τῶν
571 1372 768 1436 ἑλκῶν,
794 1365 1312 1445 δυσιατώτερά’πως
1343 1375 1503 1429 εἴωθε
1535 1376 1742 1448 τυγχά⁶

148 1484 286 1529 νειν,
325 1465 528 1518 καὶτὰ
568 1463 804 1518 ὕπουλον
834 1465 1030 1537 ἔχοντα
1069 1466 1170 1538 τὴν
1211 1469 1581 1540 παρανομίαν,
1613 1470 1742 1540 ῥᾷον

154 1558 363 1625 μᾶλλον
399 1558 429 1627 ἢ
458 1559 554 1611 καὶ
585 1559 655 1612 τά
684 1559 930 1632 πρόδηλα
955 1560 1067 1616 τῶν
1110 1562 1486 1632 ἀτοπημάτων
1512 1565 1593 1627 είς
1615 1563 1744 1628 τοὺς

152 1649 392 1714 πολλοὺς
442 1651 843 1722 καταφέρεται.
897 1653 1039 1707 Οὓτε
1084 1649 1180 1708 οὖν
1229 1654 1340 1714 ἀπὸ
1397 1654 1553 1726 δίκης
1618 1655 1744 1710 οὔτε

153 1740 532 1810 χρηματικῆς,
576 1739 699 1795 οὔτε
731 1742 1147 1815 ἐγκληματικῆς
1195 1745 1485 1799 τοσύνολον
1531 1746 1745 1823 λαμόά-

152 1851 209 1885 νε
218 1834 445 1904 ιν,μετά
459 1836 558 1904 τῆς
576 1835 671 1888 τοῦ
687 1836 846 1903 ἀγίου
867 1837 1185 1908 Πνεύματος
1202 1838 1448 1904 ἐξουσίας
1461 1840 1744 1895 διαταττό-

158 1895 327 1998 μεθα,
355 1927 482 1982 οὔτε
647 1895 1045 2000 προχειρίσεως
1067 1895 1446 2004 ἡγουμτένουλ
1476 1933 1743 2004 ἀρχιμανι
1779 1895 1824 1953 Β

153 2023 369 2094 δρίτου,
403 2023 437 2095 ἢ
475 2022 731 2093 ἐξάρχου,
775 2023 900 2077 οὔτε
934 2023 1040 2094 μὴν
1073 2022 1184 2076 ἀπὸ
1231 2023 1505 2096 προϐολῆς
1536 2026 1747 2080 οἰκονό-

159 2133 289 2184 μου,
320 2115 353 2185 ἢ
391 2116 735 2186 μειζοτέρου,
763 2115 885 2169 οὐδέ
909 2133 974 2184 γε
1022 2116 1103 2186 (τὸ
1143 2117 1601 2190 φρικωδέστερον)
1640 2119 1750 2173 ἀπὸ

155 2208 496 2279 χειροτονίας
540 2208 867 2280 διακόνου,ῆ
901 2209 1303 2280 πρεσϐυτέρου,
1347 2210 1748 2281 ἢέπισκόπου,

155 2300 416 2370 ούδαμῶς
451 2301 573 2354 ούδέ
596 2300 720 2354 καθ’
757 2301 1071 2372 οίονδήποτε
1104 2302 1326 2372 τρόπον,
1361 2301 1484 2357 οὕτε
1517 2305 1623 2376 πρὸ
1652 2307 1752 2376 τῆς

157 2393 526 2464 χειροτονίας,
580 2392 705 2447 οὔτε
757 2395 898 2464 μετά
951 2396 1054 2464 τὴν
1104 2397 1445 2465 χειροτονίαν
1502 2401 1751 2471 προσῆκε

157 2485 488 2555 λαμσάνειν.
513 2486 685 2540 Τοῦτο
709 2487 842 2557 γάρ,
861 2483 1043 2558 οἶμαι,
1063 2490 1293 2551 καὶτοῖς
1310 2489 1553 2561 ἀπείρως
1569 2491 1753 2562 έχουσι

158 2578 295 2647 περὶ
325 2579 456 2640 τοὺς
488 2578 722 2642 κανόνας
749 2580 874 2643 τοὺς
910 2579 1109 2643 θείους,
1133 2581 1434 2650 κατάδηλον
1461 2583 1754 2652 ἐμφανίζει

160 2671 262 2739 τὴν
297 2670 536 2723 ἀτοπίαν
555 2687 570 2701 ’
608 2669 690 2724 διὸ
722 2670 804 2723 δεῖ
827 2670 1177 2724 παντάπασιν
1205 2672 1265 2724 ἐν
1295 2674 1430 2725 πᾶσι
1464 2677 1573 2736 τοῖς
1601 2675 1757 2746 είρη-

163 2763 374 2832 μένοις,
406 2764 650 2827 καὶτοῖς,
667 2764 742 2827 ὡς
767 2763 937 2827 εἰκὸς,
965 2762 1518 2834 παραλελειμμένοις,
1547 2766 1757 2830 ἀθώους

159 2855 264 2918 τὰς
287 2857 481 2924 χεῖρας
507 2854 871 2924 φυλάττοντα,
906 2855 1001 2908 καὶ
1028 2854 1136 2926 πρό
1161 2872 1228 2924 γε
1256 2854 1364 2909 τῶν
1393 2856 1594 2926 χειρῶν
1633 2859 1759 2922 τοὺς

161 2943 506 3014 λογισμοὺς,
538 2944 682 2999 οὕτω
712 2945 804 3001 τὸν
852 2946 952 3015 τῆς
988 2945 1400 3018 ἀρχιερωσύνης
1442 2949 1757 3019 μεταχειρί-

170 3034 367 3099 ζεσθαι
395 3036 583 3107 νόμον,
616 3037 796 3092 είδότα
827 3037 923 3092 καὶ
964 3038 1355 3108 πεπεισμένον,
1399 3039 1473 3102 ὡς
1503 3039 1531 3091 ό
1557 3040 1761 3104 ταύτας

165 3130 433 3199 παρορῶν
460 3129 561 3197 τὰς
595 3130 816 3194 ἐντολὰς
845 3130 942 3184 καὶ
983 3131 1411 3202 προστάγματα,
1434 3132 1532 3203 οὐχ
1558 3133 1758 3202 ἡμετέ-

1839 637 2054 693 Etenim
2091 639 2194 699 hae.
2238 649 2367 704 quae
2397 634 2658 692 dicuntur
2687 639 3147 709 consuetudines,
3202 641 3283 697 uti
3315 656 3444 698 cum

1840 732 2083 788 avaritiae
2121 743 2327 790 moroo
2357 729 2724 800 irrepserunt,
2778 733 2864 788 ita.
2885 748 2996 790 non
3032 735 3218 791 minus
3276 751 3446 807 quam

1841 827 1978 890 hate,
2021 825 2302 895 siquidem
2335 837 2446 878 non
2474 824 2642 878 etiam
2683 826 2880 896 magis,
2923 825 2993 882 ad
3028 825 3449 883 condemnatio-

1841 933 1968 974 nem
2010 920 2333 988 pontiﬁces,
2357 931 2452 986 qut
2487 914 2685 973 harum
2714 916 3016 988 participes
3057 919 3190 975 facti
3236 917 3449 990 deprae-

1842 1010 2181 1079 lienduntur,
2204 1009 2542 1084 pertrahunt
2562 1009 2819 1080 ,quando
2834 1010 3055 1081 quidem
3088 1012 3194 1068 sub
3218 1013 3452 1069 honesta

1843 1104 1996 1160 larva
2042 1105 2289 1162 Simonis
2327 1104 2564 1160 haeresis
2597 1111 2912 1159 exercetur.
2951 1101 3248 1160 Famosum
3288 1119 3453 1159 nam-

1842 1211 1950 1267 que
1991 1195 2228 1262 facinus,
2257 1196 2399 1252 licet
2438 1196 2670 1251 honesto
2705 1195 2974 1251 vocabulo
3018 1197 3250 1262 veletur,
3297 1195 3452 1252 omni

1844 1288 2010 1344 modo
2040 1288 2329 1344 vitandum
2355 1294 2420 1348 et
2449 1289 2816 1344 aversandum
2845 1297 2967 1356 est;
3001 1289 3251 1360 adeoque
3275 1291 3452 1360 magis

1844 1378 2032 1444 etiam,
2065 1394 2229 1450 quam
2273 1380 2353 1446 id,
2394 1377 2552 1449 quod
2581 1388 2773 1448 aperte
2799 1379 2982 1435 scelus
3026 1380 3206 1449 ipsum
3241 1395 3355 1451 prae
3389 1396 3452 1436 se

1847 1467 1973 1526 fert.
2028 1469 2282 1528 Latentia
2333 1469 2608 1527 nilntrum
2671 1469 2859 1526 ulcera
2929 1470 3209 1527 difficilius
3260 1473 3450 1528 sanari

1847 1561 2065 1628 solent,
2105 1571 2160 1618 et
2189 1563 2438 1620 absurda
2472 1561 2745 1630 facinora,
2776 1563 2982 1635 quibus
3029 1565 3173 1622 inest
3216 1566 3451 1623 subdola

1848 1653 2098 1724 quedam
2129 1654 2399 1725 nequitia,
2434 1661 2603 1725 longe
2639 1670 2701 1712 se
2731 1654 2950 1711 facilius
2980 1655 3037 1712 in
3083 1657 3279 1728 vulgus
3311 1657 3451 1714 insi-

1849 1753 2046 1812 nuant,
2073 1761 2241 1816 quam
2279 1761 2404 1817 quae
2431 1745 2732 1803 manifesta
2760 1759 2911 1805 sunt.
2943 1746 3012 1805 Ut
3045 1763 3178 1819 ergo
3209 1764 3312 1805 nec
3337 1749 3450 1806 litis

1851 1853 2041 1905 causa,
2077 1838 2163 1894 vel
2183 1838 2386 1906 civilis,
2419 1837 2510 1895 vel
2545 1837 2872 1904 criminalis,
2911 1840 2967 1896 in
3004 1843 3325 1898 universum
3349 1842 3452 1898 alio

1851 1932 1982 2002 quid
2003 1930 2266 2002 accipias,
2291 1929 2703 1988 interveniente
2719 1930 2964 2001 Spiritus
2980 1935 3157 1988 sancti
3180 1942 3453 2004 potestate

1852 2022 2181 2078 mandamus
2214 2040 2228 2077 :
2264 2037 2368 2078 nec
2416 2023 2548 2078 item
2583 2032 2815 2094 propter
2857 2024 3100 2089 abbatis,
3136 2026 3221 2081 vel
3265 2025 3451 2082 archi-

1852 2114 2166 2179 mandritas,
2233 2115 2319 2169 vel
2368 2114 2532 2186 legati
2577 2113 2696 2186 ('30)
2744 2116 3168 2186 praefectionem,
3219 2118 3329 2172 imo
3357 2134 3453 2174 ne-

1853 2206 2072 2278 quidem
2104 2216 2332 2278 propter
2363 2207 2774 2265 institutionem
2809 2210 3105 2275 meonomi,
3149 2210 3237 2265 vel
3271 2211 3454 2280 majo-

1854 2298 1968 2366 ris;
2015 2297 2162 2367 quod
2197 2298 2521 2355 horribilius
2567 2297 2836 2368 denique,
2886 2315 2998 2356 non
3037 2307 3264 2371 propter
3300 2300 3456 2356 ordi-

1855 2394 2136 2449 nationem
2199 2393 2444 2459 diaconi,
2503 2393 2592 2449 vel
2646 2393 2977 2465 presbyteri,
3036 2395 3122 2450 vel
3183 2395 3453 2466 episcopi,

1855 2487 2156 2557 quidquam
2198 2501 2430 2556 prorsus
2467 2486 2583 2542 ullo
2625 2485 2809 2554 modo,
2849 2501 2952 2542 nec
2983 2496 3111 2542 ante
3138 2487 3453 2544 ordinatio-

1856 2595 2005 2639 nem.
2029 2595 2135 2635 nec
2160 2587 2285 2650 post
2315 2578 2723 2635 ordinationem
2771 2595 2993 2636 sumere
3018 2581 3300 2637 convenit.
3336 2580 3454 2637 Hoc

1857 2673 2004 2727 enim
2056 2687 2220 2742 quam
2264 2672 2337 2728 sit
2391 2672 2720 2738 absurdum,
2767 2681 2828 2727 ut
2879 2673 3131 2744 equidem
3187 2673 3453 2740 arbitror,

1859 2763 2022 2818 etiam
2046 2778 2333 2819 sacrorum
2351 2777 2629 2818 canonum
2659 2764 2932 2833 imperitis
2962 2772 3047 2820 est
3073 2764 3453 2821 manifestum.

1859 2852 2209 2925 Quapropter
2247 2854 2474 2910 omnino
2524 2853 2580 2907 in
2634 2853 2896 2911 omnibus
2940 2855 3223 2921 indicatis,
3268 2865 3323 2912 et
3361 2856 3452 2923 iis,

1862 2961 1984 3017 quae
2013 2946 2267 3002 fortassis
2312 2946 2520 3001 omissa
2557 2954 2708 3010 sunt,
2742 2961 2943 3003 manus
2986 2961 3156 3018 puras
3201 2962 3454 3015 servans,

1861 3048 1919 3096 et
1945 3038 2168 3110 quidem
2201 3045 2328 3093 ante
2368 3053 2587 3103 manus,
2620 3038 2770 3107 ipsas
2795 3038 3199 3108 cogitationes;
3233 3038 3309 3093 ita
3343 3038 3456 3095 sci-

1864 3132 1993 3187 licet
2044 3130 2292 3187 muneris
2343 3128 2612 3200 pontificii
2667 3129 2845 3200 legem
2908 3130 3096 3185 subire
3151 3130 3342 3194 debes,
3402 3140 3457 3186 et

169 3237 271 3292 ρας
303 3222 664 3293 παραινέσεις
711 3222 914 3287 ἀθετεῖ,
953 3223 1089 3276 άλλά
1123 3223 1230 3276 τῶν
1275 3223 1436 3277 θείων
1469 3224 1565 3278 καὶ
1598 3225 1755 3296 ἱερῶν

1867 3232 2017 3280 certa
2045 3237 2169 3279 cum
2196 3221 2362 3277 animi
2389 3220 2750 3292 persuasione
2798 3221 2942 3276 scire
2976 3237 3126 3287 eum,
3159 3223 3251 3292 qui
3290 3223 3457 3278 hasce

166 3315 419 3366 κανόνων
455 3315 772 3385 ὑπερόπτης
811 3315 1044 3383 γίνεται,
1075 3316 1168 3368 καὶ
1192 3315 1292 3385 τὴν
1325 3321 1389 3368 ἐκ
1421 3315 1628 3371 τούτων
1657 3317 1758 3370 οὐκ

168 3405 500 3473 ἐκφεύξεται
544 3406 870 3476 καταδίκην.
921 3408 1012 3460 Διὸ
1051 3408 1148 3460 καὶ
1194 3408 1287 3460 τὸν
1332 3408 1628 3478 λεγόμενον
1668 3412 1756 3462 ἐν·

170 3498 469 3566 θρονισμον
502 3497 564 3551 ού
601 3499 676 3568 τῷ
719 3499 1117 3569 χειροτονοῦντι
1170 3501 1271 3570 (μὴ
1323 3501 1580 3572 γένοιτο),
1623 3503 1762 3558 ἀλλά

169 3593 284 3654 τοῖς
314 3591 687 3660 ἐνδεεστέρως
718 3593 826 3645 τῶν
857 3592 1158 3663 κληρικῶν,
1202 3595 1235 3666 ἢ
1293 3595 1386 3647 καὶ
1418 3597 1529 3658 τοῖς
1566 3598 1764 3666 ἐκκλη-

175 3681 469 3750 σιαστικὴν
496 3681 661 3752 ἀλλην
693 3684 1004 3755 ὑπηρεσίαν
1033 3683 1271 3751 τελοῦσι,
1299 3686 1440 3739 κατά
1470 3687 1762 3754 ἀναλογίαν

173 3773 272 3839 τῆς
300 3773 772 3845 ἐκκλησιαστικῆς
803 3776 1068 3847 εὐπορίας
1107 3778 1466 3847 διοριζόμεθα
1499 3779 1760 3837 δίδοσθαι.

175 3863 432 3932 Εὑπόρου
463 3863 574 3933 γάρ
605 3866 704 3934 τῆς
734 3866 1048 3934 ἐπισκοπῆς
1075 3865 1504 3934 καθισταμένης,
1538 3866 1758 3937 εὐεργε-

178 3952 300 4015 σίας
339 3952 502 4022 μέρει
535 3955 662 4018 τοὺς
693 3955 1105 4025 ὑπηρετοῦντας
1124 3958 1245 4018 ταῖς
1274 3956 1760 4024 ἐκκλησιαστικαῖς

175 4045 501 4109 διακονίαις,
549 4046 904 4117 ἀπορώτερον
935 4047 1027 4100 τὸν
1059 4047 1174 4116 βίον
1217 4047 1612 4116 κεκτημένους,
1661 4047 1761 4101 δω-

181 4136 535 4207 ροφορεῖσθαι
568 4137 778 4190 ἐκεῖθεν
812 4138 1045 4200 οὐδόλως
1074 4138 1438 4208 ἀπείργομεν.

1869 3317 2266 3388 pmceptiones
2304 3324 2470 3384 atque
2496 3314 2752 3369 mandata
2792 3315 2950 3369 flocci
2987 3315 3173 3381 faciat,
3218 3330 3324 3371 non
3360 3317 3456 3371 ad-

1871 3408 2203 3462 monitiones
2249 3417 2469 3462 nostras
2514 3406 2669 3461 nihili
2709 3406 2890 3461 facere
2938 3423 2950 3460 :
3003 3408 3096 3462 sed
3143 3408 3454 3464 divinorum

1872 3512 2267 3567 sacrorumque
2320 3512 2593 3550 canonum
2649 3505 3083 3567 contemptorem
3136 3512 3294 3564 esse,
3353 3516 3457 3556 nec

1872 3588 2386 3643 condemnationem
2443 3589 2512 3642 ab
2551 3589 2630 3642 eis
2680 3588 3030 3658 irrogandam
3078 3589 3453 3661 eflugiturum.

1872 3678 2051 3747 Atque
2075 3680 2216 3734 hanc
2239 3680 2308 3734 ob
2332 3693 2557 3734 causam
2595 3679 2915 3746 statuimus,
2964 3690 3022 3734 ut
3054 3681 3458 3739 inthronismus

1873 3769 1985 3839 (51)
2023 3785 2183 3840 quem
2218 3780 2439 3836 vocant,
2478 3788 2587 3826 non
2627 3773 2700 3839 ei,
2744 3773 2837 3842 qui
2877 3773 3102 3828 ordinat
3138 3775 3459 3846 episcopum

1873 3861 2040 3931 (absit
2067 3871 2126 3916 ut
2167 3863 2272 3917 hoc
2306 3864 2444 3932 fiat),
2486 3863 2582 3918 sed
2626 3863 3057 3932 pauperioribus
3085 3864 3328 3930 clericis,
3375 3866 3460 3920 vel

1870 3955 1981 4008 alio
2019 3957 2256 4025 quodam
2298 3957 2676 4012 ecclesiastico
2714 3972 2942 4012 munere
2984 3957 3341 4027 fungentibus
3372 3973 3464 4013 ra-

1872 4048 2025 4101 tione
2068 4047 2396 4102 facultatum
2450 4049 2958 4104 ecclcsiasticarum
3011 4049 3217 4115 habita,
3279 4051 3460 4107 detur.

1873 4140 2094 4210 Quippe
2151 4141 2197 4196 si
2251 4141 2496 4211 locuples
2553 4143 2625 4196 sit
2680 4141 3054 4212 episcopatus,
3108 4155 3458 4212 nequaquam

175 4232 562 4301 prohibemus,
596 4235 893 4303 quominus
933 4234 990 4287 in
1053 4248 1167 4294 eos.
1202 4234 1298 4304 qui
1343 4235 1672 4291 ministeriis
1698 4235 2092 4292 ecclesiasticis
2124 4237 2452 4303 inserviunt,
2519 4247 2572 4292 et
2640 4237 2861 4306 inapem
2927 4237 3092 4292 vitam
3143 4235 3469 4300 traducunt,

176 4324 326 4379 velut
369 4339 436 4378 ex
483 4325 865 4391 beneﬁcentia,
919 4326 1243 4380 munuscula
1295 4326 1545 4396 quaedam
1593 4326 1975 4383 conferantur.

253 4423 347 4471 ια’.
389 4419 482 4470 Δεῖ
514 4419 613 4485 τὴν
649 4417 746 4488 σὴν
777 4418 1086 4486 Θεοφίλειαν
1123 4419 1230 4487 πρὸ
1262 4419 1482 4471 πάντων
1507 4420 1600 4470 καὶ
1627 4419 1764 4488 μετὰ

181 4509 406 4562 πάντων
439 4507 535 4561 τοῦ
564 4509 664 4579 τῆς
692 4508 1127 4578 φιλοχρηματίας
1171 4509 1267 4562 καὶ
1300 4509 1616 4573 πλεονεξίας
1657 4511 1764 4563 πά-

181 4599 312 4663 θους
357 4599 606 4671 καθαράν
643 4600 843 4669 ἐαυτην
884 4600 1204 4670 συντηρεῖν,
1245 4603 1355 4663 τοῖς
1390 4599 1613 4664 οἰκείοις
1665 4603 1764 4654 ἐπ-

180 4693 569 4764 αρκουμένην·
605 4693 703 4747 καὶ
738 4695 878 4762 μήτε
920 4695 1108 4763 τρόπῳ
1155 4693 1264 4745 τινὶ
1295 4693 1365 4744 τά
1393 4691 1648 4763 ἀλλότρια
1687 4695 1766 4746 oi-

182 4784 604 4846 κειοποιεῖσθαι,
645 4785 785 4854 μήτε
811 4783 1081 4847 δουλικοῖς
1120 4782 1461 4853 ἐπιτάγμασι
1491 4783 1766 4852 κατατρύ-

183 4896 303 4949 χειν
333 4876 396 4930 τὸ
430 4878 764 4948 ὑποχείριον,
813 4879 845 4949 ἦ
888 4877 1218 4947 βαρυτάταις
1253 4877 1606 4946 ἐπιτιμήσεσι
1641 4879 1768 4942 τοὺς

190 4972 267 5041 μὴ
303 4971 629 5035 ὑπείκοντας
667 4972 1098 5041 ἀνταμύνεσθαι,
1142 4972 1230 5024 ἵνα
1263 4973 1378 5031 τοῖς
1427 4970 1630 5039 ἔργοις,
1673 4973 1769 5024 καὶ

184 5065 248 5117 τὸ
313 5064 413 5133 τῆς
470 5062 773 5132 ἱερωσύνης
823 5065 1104 5133 κοσμῆται
1169 5063 1406 5132 ἀξίωμα,
1461 5064 1554 5115 καὶ
1609 5062 1772 5124 αὐτὸς

187 5158 309 5228 εῖης
361 5156 552 5228 θεῖκῆς
611 5174 670 5210 τε
730 5157 822 5210 καὶ
867 5155 1218 5226 ἀνθρωπίνης
1266 5155 1538 5225 άνώτερος
1605 5170 1773 5208 κατα-

187 5249 448 5317 κρίσεως.

264 5337 352 5408 ιβ’.
392 5340 484 5390 Δεῖ
530 5355 591 5391 σε
646 5341 826 5391 πᾶσαν
865 5338 1153 5408 ἀκρίόειαν
1199 5338 1258 5389 ἐν
1305 5339 1416 5398 τοῖς
1466 5338 1772 5398 κανονικοῖς

192 5432 366 5484 ἅπασι
422 5431 861 5485 καταϐάλλεσθαι
906 5431 1229 5500 πράγμασιν
1253 5446 1265 5460 ’
1301 5428 1678 5496 ἐγκαλούντων
1715 5427 1774 5480 τέ

193 5541 377 5589 τινων,
421 5525 515 5577 καὶ
550 5524 864 5594 παράϐασιν
905 5523 1084 5577 αὐτῶν
1135 5521 1547 5592 προτεινόντων,
1585 5523 1775 5589 ἐπιμε-

1947 4420 2033 4474 11.
2071 4419 2241 4474 Debet
2267 4429 2359 4474 tua
2398 4420 2573 4489 pietas
2601 4427 2728 4475 ante
2752 4421 2963 4487 omnia,
3001 4427 3055 4476 et
3081 4419 3226 4475 inter
3254 4419 3461 4476 omnia.

1874 4525 1934 4565 se
1965 4511 2137 4580 ipsam
2174 4511 2244 4565 ab
2271 4510 2514 4564 avaritia:
2550 4510 2684 4564 vitio
2711 4526 2902 4581 puram
2929 4520 2982 4567 et
3009 4510 3310 4566 immunem
3343 4525 3464 4566 ser—

1873 4615 2003 4656 vare
2072 4601 2301 4671 suisque
2362 4600 2718 4656 facultatibus
2765 4617 2886 4657 esse
2932 4609 3224 4668 contenta;
3285 4617 3466 4672 neque

1878 4695 1991 4750 ullo
2050 4694 2210 4750 modo
2253 4709 2340 4748 res
2387 4693 2596 4748 alienas
2654 4693 2964 4748 invadendo
3012 4694 3118 4749 sibi
3161 4693 3463 4758 vindicare,

1877 4801 2055 4856 neque
2112 4785 2408 4841 servilibus
2464 4786 2708 4854 imperiis
2756 4785 3000 4840 subditos
3059 4785 3319 4858 allligere,
3377 4785 3465 4841 vel

1877 4878 2055 4948 poenis
2111 4877 2456 4947 gravissimis
2525 4892 2634 4932 non
2700 4877 3146 4933 obsecundantes
3219 4877 3465 4933 vicissim

1880 4971 2069 5024 ulcisci
2129 4987 2142 5023 :
2194 4984 2302 5037 quo
2363 4969 2574 5023 scilicet
2633 4968 2727 5023 abs
2785 4977 2834 5024 te
2893 4969 3185 5024 sacerdotii
3229 4969 3464 5040 dignitas

1883 5061 2041 5115 factis
2083 5068 2333 5125 ornetur,
2383 5068 2546 5130 atque
2575 5062 2738 5114 etiam
2788 5062 2904 5130 ipse
2945 5073 3061 5116 tum
3098 5061 3314 5126 divinae,
3347 5069 3463 5114 tum

1886 5155 2135 5207 humana:
2178 5151 2622 5208 condemnationi
2667 5166 3010 5223 nequaquam
3052 5153 3129 5208 sis
3168 5151 3464 5209 obnoxius.

1959 5337 2046 5391 12.
2090 5335 2144 5390 ln
2173 5337 2433 5392 omnibus
2464 5336 2653 5400 rebus,
2690 5336 2757 5390 ad
2789 5351 3032 5393 canones
3064 5336 3467 5408 spectantibus,

1888 5429 2291 5485 accurationem
2318 5444 2587 5484 summam
2621 5430 2882 5485 adbibere
2905 5429 3069 5486 debes
3095 5447 3110 5498 ;
3143 5437 3196 5486 et
3226 5429 3317 5486 ubi
3345 5430 3470 5501 qui-

1887 5518 2011 5573 dam
2046 5518 2425 5575 accusationes
2457 5520 2778 5584 instituunt.
2816 5527 2869 5575 et
2903 5520 2960 5576 iu
3002 5533 3243 5578 canones
3274 5533 3470 5592 pecca-

1698 5680 1934 5738 NOTAE.

270 5811 384 5875 (50)
415 5809 529 5867 Hoc
558 5821 661 5878 est,
697 5812 909 5877 vicarii,
940 5812 1056 5867 sive
1079 5810 1430 5881 sullraganei.

269 5882 382 5952 (Ἠ)
413 5876 683 5955 Sportula:
711 5883 862 5953 quasi
889 5876 1157 5955 quaedam,
1196 5876 1315 5953 qifae
1344 5879 1723 5952 pendebantur
1749 5880 1813 5937 ab
1856 5876 2138 5949 episcopo,
2169 5893 2290 5933 cum
2326 5877 2378 5932 in
2412 5877 2612 5935 solium
2647 5876 3038 5934 collocabatur.
