4188 6446
228 438 367 505 1145

1512 406 2219 500 caeco-Romulam.

3341 441 3477 506 1146

220 561 381 625 εἴπερ
403 556 512 608 εἰσὶ
548 553 689 609 κατὰ
727 552 819 606 τὸν
859 553 1052 619 τόπον,
1093 552 1387 623 συναφείας
1414 568 1474 606 τε
1500 556 1594 607 καὶ
1623 570 1790 625 παρα-

1895 552 2163 621 siquidetn
2206 568 2273 610 eo
2319 556 2423 611 loci
2476 557 2608 623 sint,
2659 556 3083 627 conjunctiones
3138 568 3195 614 et
3240 560 3476 618 nefarias

217 649 420 717 νόμους
451 646 851 717 συώιατριὸάς.
884 644 1042 699 Οῦτω
1066 644 1259 698 ταῦτα.
1294 646 1403 699 Καὶ
1430 644 1484 697 εί
1502 662 1554 698 τι
1605 645 1792 714 ἕτερον

215 744 331 795 ὅτε
384 739 577 809 καιρὸς
610 740 704 792 καὶ
751 739 784 807 ἡ
846 736 1005 806 χρεία
1067 734 1440 806 προϐάλλοιτο,
1495 734 1635 802 μετὰ
1696 736 1793 802 τῆς

215 832 516 900 ἔπαινετῆς
547 831 639 885 καὶ
691 828 1074 901 προσηκούσης
1103 827 1199 880 καὶ
1234 826 1513 895 θεοφιλοῦς
1558 825 1793 894 σπουδῆς

218 921 540 992 ἐκπληρῶν,
568 919 750 989 πάσης
786 920 886 988 μὲν
918 917 1087 986 λαὸἦς
1119 916 1213 969 καὶ
1257 915 1550 982 καταδίκης
1577 913 1791 983 ἐξαιρε-

214 1014 360 1083 θήσῃ
384 1027 399 1041 ο
427 1012 510 1073 είς
540 1013 746 1078 κόσμον
780 1008 838 1061 δὲ
868 1008 967 1075 τῆς
1002 1005 1353 1075 Ἐκκλησίας,
1379 1008 1473 1058 καὶ
1499 1005 1659 1070 δόξαν
1696 1003 1791 1055 τοῦ

210 1106 274 1157 τὸ
303 1104 506 1156 οίκείον
534 1095 676 1169 αἷμα
702 1098 845 1169 ὑπὲρ
878 1098 1049 1167 αὐτῆς
1080 1097 1391 1165 ἐκχέαντος,
1417 1096 1656 1165 Χριστοῦ
1696 1092 1791 1147 τοῦ

210 1193 476 1265 ἀληθινοῦ
502 1191 640 1246 Θεοῦ
670 1190 850 1261 ἡμῶν,
888 1189 1138 1261 δ’ςθήοῃ·
1171 1190 1309 1260 ὅπερ
1350 1189 1445 1241 καὶ
1470 1186 1791 1257 ἐλπίζομεν,

211 1289 309 1337 καὶ
339 1280 615 1353 εὐχόμεθα
639 1298 653 1310 ·
702 1282 797 1333 καὶ
848 1281 985 1348 μετὰ
1025 1280 1280 1350 μεγάλων
1305 1280 1415 1332 τῶν
1440 1279 1673 1332 ἐλπίδων
1711 1280 1792 1341 εἰς

210 1377 317 1444 τὴν
348 1375 784 1443 ἐναποκειμένην
816 1375 928 1437 τοῖς
960 1374 1137 1441 ἁγίοις
1192 1371 1646 1442 παραπεμφθήσῃ
1690 1389 1795 1441 μα-

211 1467 542 1537 καριότητα,
573 1466 704 1519 ἔνθα
730 1467 945 1519 πάντων
976 1467 1009 1535 η
1049 1464 1473 1534 προσδοκωμένη
1509 1463 1793 1517 κατάπαυ-

210 1578 301 1622 σις
329 1560 563 1626 γένοιτο,
591 1561 651 1612 ὲν
673 1558 897 1629 Χριστῷ
937 1558 1115 1627 Ἰησοῦ
1141 1557 1220 1628 τῷ
1246 1558 1439 1628 Κυρίῳ
1470 1558 1791 1629 ημῶν.”υτι

208 1652 379 1714 αὑτός
422 1652 540 1704 ιστι
587 1651 696 1703 τῶν
738 1650 961 1718 ἀγαθῶν
994 1650 1160 1720 δοτὴρ
1200 1650 1297 1703 κα)⁵
1341 1649 1655 1719 πληρωτὴς,
1696 1653 1790 1703 καὶ

208 1743 364 1813 αὐτῷ
394 1744 597 1814 πρέπει
620 1743 762 1813 ,τιμὴ
797 1743 890 1795 καὶ
923 1741 1069 1809 δόξα,
1100 1740 1193 1794 νῦν
1234 1742 1329 1796 καὶ
1375 1742 1455 1803 είς
1500 1741 1625 1803 τοὺς
1661 1741 1792 1796 αίῶ-

208 1851 331 1898 νας.
378 1836 432 1887 ’Δ
445 1836 574 1905 μήν.

450 1972 751 2040 Ἔνταλμα
780 1969 1096 2038 διδόμενον
1120 1969 1241 2036 τοῖς
1264 1969 1568 2039 ἑξάρχοιςο

284 2085 356 2140 α’.
390 2086 482 2137 Δεῖ
506 2086 602 2156 τὴν
630 2085 726 2154 σὴν
745 2083 1053 2148 εὐλάϐειαν,
1073 2083 1170 2152 τὴν
1194 2082 1512 2136 ἐπιστασίαν
1542 2084 1635 2136 καὶ
1657 2083 1792 2152 πρό-

208 2196 368 2231 νοιαν
421 2177 528 2231 τῶν
583 2175 1000 2245 πατριαρχικῶν
1071 2174 1449 2244 μοναστηρίων
1494 2175 1644 2245 παρὰ
1693 2175 1791 2245 τῆς

206 2267 371 2335 ἡμῶν
405 2266 760 2336 μετριότητος
782 2260 1292 2331 ἁναδεδεγμένην⁶⁹,
1342 2260 1478 2329 μετὰ
1508 2263 1606 2331 τῆς
1634 2263 1791 2313 ἐπαι-

206 2362 373 2428 νετῆς
442 2357 801 2428 συνειδήσεως
866 2353 1065 2423 πολλὴν
1115 2351 1405 2405 ἀναλαϐεῖν
1471 2350 1790 2422 ἐπιμέλειαν

210 2452 315 2504 καὶ
339 2449 601 2520 σπουδὴν,
631 2450 706 2513 ὡς
728 2450 826 2520 οὐχ
859 2451 990 2517 ἡμῖν
1019 2449 1180 2520 μόνον
1236 2446 1326 2499 τὶν
1396 2446 1523 2514 περὶ
1584 2444 1789 2496 τούτων

207 2545 370 2611 λόγον
400 2543 721 2610 ὀφείλουσαν
775 2540 1087 2603 ἀποδοῦναι,
1114 2541 1251 2593 ἀλλά
1276 2556 1338 2607 γε
1370 2541 1464 2591 καὶ
1490 2537 1595 2607 πρὸ
1630 2536 1789 2607 ἡμῶν

208 2637 288 2702 τζ)
348 2635 565 2687 πάντων
625 2632 805 2703 ὲςόρῳ
861 2631 1016 2702 Θεῷ⁶
1073 2632 1165 2685 καὶ
1226 2632 1365 2702 μήτε
1418 2630 1552 2701 πρὸς
1608 2633 1787 2701 χάριν,

209 2725 355 2793 μήτε
387 2724 523 2793 πρὸς
556 2720 776 2792 ἔχθραν,
825 2722 962 2791 μήτε
1016 2720 1153 2790 πρὸς
1213 2719 1405 2790 δῶρον,
1472 2720 1607 2788 μήτε
1653 2718 1790 2789 πρὸς·

207 2816 564 2886 παράκλησιν
589 2856 603 2877 ,
658 2817 793 2885 μήτε
846 2815 984 2886 πρὸς
1010 2813 1138 2866 ἄλλο
1175 2832 1225 2866 τι
1274 2812 1383 2866 τῶν
1434 2811 1791 2881 ἀνθρωπίνων

201 2908 635 2972 ἀποκλίνουσαν,
692 2904 1167 2976 μεταχειρίζεσθαι
1215 2905 1314 2975 τὴν
1364 2904 1617 2972 τοιαύτην
1670 2905 1788 2957 δια-

202 3000 397 3055 κονίαν
418 3016 432 3031 ο
455 2999 593 3054 ἀλλὰ
616 2999 760 3051 κατὰ
803 2999 931 3059 τοὺς
980 2999 1297 3060 κανονικοὺς
1332 2996 1567 3066 θεσμοὺς
1614 2997 1791 3050 πάντα

202 3089 494 3159 πράττειν,
529 3089 625 3141 καὶ
679 3086 819 3141 κατὰ
849 3088 948 3156 τὴν
979 3087 1254 3156 ἡμετέραν
1296 3085 1592 3155 διαταγὴν,
1620 3088 1789 3139 ἀνεπ-

1815 1886 1863 1944 Β

1895 647 2341 703 conversationes
2404 664 2706 707 removere.
2763 651 2943 721 Atque
2999 651 3113 706 haec
3161 651 3379 721 quidem
3421 655 3474 709 in

1897 743 2041 796 hunc
2109 743 2350 797 modum.
2395 741 2546 808 Quou
2592 746 2639 800 si
2688 745 2818 814 quid
2863 744 3010 799 aliud
3047 744 3140 799 tibi
3178 745 3264 801 vel
3293 746 3474 815 ipsum

1893 842 2133 903 tempus,
2164 836 2249 890 vel
2282 834 2584 891 necessitas
2612 835 2800 890 oll‘erat
2827 880 2841 899 ,
2892 836 2946 890 id
2987 838 3032 891 si
3066 838 3352 903 laudabili,
3380 845 3474 893 de-

1894 936 2068 987 cente,
2105 926 2358 997 religioso
2400 927 2585 982 studio
2624 928 2897 996 perﬁcies,
2962 930 3111 982 omni
3160 938 3329 983 temet
3379 945 3472 984 re-

1895 1018 2274 1086 prmhensione
2320 1029 2374 1071 et
2420 1018 2878 1073 condemnatione
2919 1020 3150 1085 eximes,
3206 1019 3473 1074 Ecclesia:

1894 1118 2215 1163 Ornamequ
2246 1109 2375 1173 eris,
2402 1110 2585 1179 gloria:
2615 1108 2818 1165 Christi
2861 1111 2976 1165 veri
3014 1111 3105 1165 Dei
3139 1112 3333 1174 nostri,
3376 1112 3471 1179 qui

1894 1200 2217 1270 sanguinem
2263 1216 2363 1269 pro
2414 1199 2655 1257 Ecclesia
2722 1218 2883 1256 suum
2959 1202 3226 1272 proludit,
3269 1205 3474 1257 servies

1895 1286 1997 1356 (uti
2040 1286 2282 1341 futurum
2331 1302 2619 1356 speramus
2669 1302 2721 1344 et
2772 1299 3073 1361 optamus),
3119 1306 3243 1346 cum
3277 1307 3471 1360 magna

1894 1394 1989 1447 spe
2026 1379 2260 1448 denique
2294 1379 2361 1434 ad
2398 1380 2546 1433 illam
2575 1384 2785 1437 sanctis
2817 1384 3110 1453 repositam
3146 1386 3469 1441 beatitatem

1893 1470 2232 1540 ablegabcris
2267 1489 2279 1524 :
2321 1473 2411 1525 ubi
2464 1474 2682 1542 requies
2726 1485 2978 1543 exoptata
3019 1478 3307 1547 contingat
3351 1479 3474 1531 uni-

1894 1559 2090 1621 versis,
2136 1559 2189 1612 in
2224 1560 2443 1615 Christo
2489 1559 2619 1615 Jesu
2656 1560 2888 1615 Domino
2940 1572 3128 1615 nostro
3160 1581 3173 1616 :
3212 1564 3469 1630 quoniam

1895 1650 2010 1719 ipse
2062 1649 2330 1703 bonorum
2372 1651 2596 1722 largitor
2644 1662 2726 1709 est
2776 1661 2830 1709 et
2868 1655 3193 1721 absolutor;
3253 1656 3338 1708 cui
3376 1670 3473 1722 par

1892 1749 1976 1794 est
2009 1740 2175 1795 tribui
2205 1742 2466 1798 honorem
2499 1751 2662 1814 atque
2692 1745 2942 1815 gloriam,
2988 1761 3134 1801 nunc
3164 1754 3217 1801 et
3251 1746 3471 1801 srcculis

1895 1834 2143 1889 infinitis.
2184 1835 2378 1889 Amen.

2070 1971 2389 2026 Mandatum
2428 1975 2565 2043 quod
2609 1974 2795 2041 legatis
2831 1974 2942 2045 (52)
2977 1974 3100 2028 dari
3139 1976 3292 2030 solet.

1967 2085 2020 2138 1.
2043 2084 2203 2139 Debet
2230 2093 2322 2138 tua
2349 2088 2674 2151 reverentia,
2696 2102 2815 2155 qua:
2834 2086 3211 2155 prmiecturam
3233 2094 3285 2137 et
3304 2099 3472 2139 cura-

1895 2177 2097 2231 tionem
2150 2177 2599 2247 pzntriarehalium
2660 2178 3121 2231 monasteriorum
3181 2191 3209 2229 a
3283 2188 3469 2229 nostra

1894 2267 2269 2321 mediocritate
2319 2276 2476 2321 meta
2522 2275 2627 2331 est,
2662 2283 2786 2320 cum
2842 2267 3096 2320 laudabili
3131 2265 3469 2321 conscientia

1895 2359 2126 2413 multum
2178 2358 2477 2428 diligentia:
2525 2374 2589 2412 ac
2638 2359 2806 2413 studii
2864 2358 3166 2426 suscipere,
3218 2358 3296 2410 uti
3349 2371 3470 2425 qua:

1894 2466 2003 2505 non
2035 2450 2213 2505 solum
2256 2448 2422 2503 nobis
2451 2450 2645 2503 horum
2689 2450 2884 2505 delicat
2916 2451 3181 2502 rationem
3216 2447 3466 2510 reddere.

1892 2558 2081 2596 verum
2109 2543 2271 2595 etiam
2306 2550 2431 2594 ante
2457 2557 2578 2604 uos,
2609 2542 2901 2611 inspectori
2927 2543 3170 2595 omnium
3212 2538 3321 2593 Deo
3358 2555 3372 2591 :
3406 2554 3470 2593 ac

1892 2648 2068 2704 neque
2107 2633 2333 2703 gratiam
2382 2646 2558 2699 neque
2590 2631 2955 2692 inimicitiam,
3010 2645 3186 2699 neque
3236 2631 3465 2689 donum.

1893 2739 2068 2796 neque
2100 2738 2311 2794 preces,
2335 2737 2510 2792 neque
2532 2721 2827 2791 quidquam
2850 2720 2993 2775 aliud
3022 2723 3073 2775 in
3100 2722 3261 2776 rebus
3281 2724 3471 2773 huma-

1893 2820 1978 2873 nis
2019 2814 2381 2887 respiciendo,
2420 2816 2778 2869 ministerium
2822 2814 3088 2883 ejusmodi
3148 2813 3300 2867 obire
3333 2829 3346 2863 :
3375 2813 3468 2866 sed

1891 2909 2073 2963 omnia
2118 2907 2419 2963 secundum
2480 2906 2774 2961 canonieas
2836 2906 3003 2974 leges,
3049 2913 3102 2958 et
3152 2903 3468 2957 mandatum

1892 3008 2141 3055 nostrum
2174 3014 2355 3068 agere,
2390 2998 2639 3067 citraque
2677 3012 2972 3065 gravamen
2998 3006 3051 3051 et
3076 3012 3217 3051 onus
3251 2994 3471 3065 aliquod

1893 3093 2147 3154 aliorum,
2196 3088 2529 3145 visitationis
2586 3104 2814 3144 munere
2866 3087 3115 3157 defungi.
3166 3102 3287 3143 cum
3338 3102 3471 3141 usus

198 3176 388 3248 αχθῶς
436 3194 496 3230 τε
546 3178 640 3230 καὶ
669 3175 888 3248 άΰαρῶς
946 3177 1044 3246 τὴν
1106 3176 1354 3247 περίοδον
1383 3176 1673 3243 ποιεῖσθαι,
1703 3178 1789 3230 ὅτε

1898 3184 2138 3253 postulat
2172 3200 2186 3236 :
2216 3197 2283 3236 ne
2322 3181 2531 3237 scilicet
2570 3181 2645 3235 illi
2682 3190 2903 3250 propter
2926 3182 3185 3243 comitum
3227 3178 3474 3233 multitu-

200 3272 367 3343 χρεία
398 3272 583 3326 καλεῖ·
612 3270 698 3323 ἴνα
725 3268 801 3339 μὴ
815 3267 893 3337 τῷ
918 3267 1112 3337 πλήθει
1133 3268 1229 3321 καὶ
1259 3267 1369 3331 τοῖς
1404 3268 1641 3321 πλείοσιν
1667 3270 1800 3325 ἀνα-

196 3365 475 3431 λώμασιν,
508 3359 587 3413 ἔτι
616 3359 673 3412 δὲ
706 3361 801 3412 καὶ
824 3359 889 3427 τῇ
941 3357 1158 3428 ἀκαίρῳ
1187 3356 1471 3427 ἐπιδημίᾳ,
1520 3358 1642 3412 ἀντὶ
1688 3360 1791 3429 τῆς

202 3452 509 3525 μελλούσης
538 3449 822 3519 ὠφελείας,
840 3448 944 3519 ἠδη
962 3447 1239 3519 παροῦσάν
1261 3465 1319 3501 τε
1342 3450 1437 3502 καὶ
1468 3449 1690 3518 ἐνεργοῦ
1702 3468 1795 3503 σαν

200 3548 305 3615 τὴν
343 3542 550 3613 βλάϐην
595 3539 793 3602 αὐτοὺς
826 3538 1056 3609 ἐνορῶσι
1105 3536 1648 3607 καταλαμϐάνουσαν.
1685 3540 1795 3592 Καὶ

203 3639 316 3706 γὰρ
341 3636 392 3688 εί
430 3632 753 3703 σωματικήν
793 3648 915 3688 τινα
950 3633 1014 3683 ἐκ
1054 3630 1152 3699 τῆς
1187 3630 1285 3699 σῆς
1328 3632 1626 3701 παρουσίας
1677 3650 1795 3686 συνο

202 3727 485 3782 αἰσθονται
526 3724 751 3794 βλάϐην,
790 3723 911 3775 οὐδὲ
938 3722 1031 3792 τὴν
1061 3721 1298 3792 ψυχικὴν
1338 3724 1791 3795 ἐπαγγελλομένῳ

202 3817 561 3881 πιστεύσουσι
594 3815 889 3884 σωτηρίαν.
924 3814 1031 3869 Καὶ
1060 3814 1193 3885 πρός
1224 3829 1287 3880 γε
1310 3814 1519 3876 τούτοις
1563 3816 1627 3866 ἐκ
1688 3818 1793 3869 πά-

204 3926 306 3979 σης
356 3905 757 3976 δωροληψίαςτθ
817 3904 1066 3972 καθαρὰν
1124 3904 1293 3972 αὐτὴν
1320 3906 1415 3956 καὶ
1484 3904 1789 3973 ἀμὸλυντον

203 3999 596 4068 διατηρήσεις’
658 3996 753 4048 καὶ
798 3996 936 4065 μήτε
970 3996 1089 4057 ταῖς
1118 3993 1442 4063 λεγομέναις
1476 3995 1789 4062 συνηθείαις

204 4090 565 4158 ὁπωσδήποτε
586 4087 1047 4156 καταχρανελῆναι,
1073 4088 1208 4153 μήτε
1227 4086 1431 4155 ἑτέροις
1454 4088 1788 4158 πρόσκομμα

205 4179 495 4249 γενέσθαι·
525 4178 586 4231 οὐ
618 4178 725 4248 γὰρ
757 4179 791 4248 ὴ
828 4178 1094 4247 σεμνότης
1118 4178 1210 4230 τοῦ
1242 4178 1504 4247 ὀνόματος
1535 4179 1632 4249 τὴν
1662 4181 1786 4233 δυσ-

204 4271 425 4326 σέϐειαν
464 4269 829 4330 άποσκευάζει
864 4266 961 4335 τῆς
996 4267 1282 4336 πράξεως·
1325 4268 1460 4321 ἀλλὰ
1490 4269 1550 4321 τὸ
1607 4273 1789 4339 παρά.

206 4380 374 4432 νομον
402 4361 495 4414 τοῦ
527 4361 875 4431 πράγματος,
907 4360 1001 4411 καὶ
1029 4361 1125 4427 τῆς
1154 4360 1449 4427 ὀνομασίας
1503 4362 1787 4426 ὲκκακίζει

204 4456 305 4522 τὴν
340 4453 645 4519 δεξιότητα.
680 4451 789 4504 Καὶ
819 4451 925 4519 γὰρ
956 4450 983 4500 ὁ
1017 4452 1222 4520 ἑτέροις
1252 4452 1663 4522 δικαιοπραγεῖν
1697 4471 1785 4506 νο-

1904 3276 2109 3339 dinem,
2140 3281 2194 3327 et
2240 3272 2476 3343 majores
2525 3282 2802 3341 sumptus,
2836 3283 2999 3341 atque
3046 3272 3211 3327 etiam
3253 3280 3474 3340 propter

1903 3368 2276 3436 importunum
2362 3364 2677 3429 adventum,
2738 3363 2906 3417 futuri
2985 3361 3257 3418 commodi
3330 3361 3472 3422 loco,

1904 3471 2145 3526 praesens
2183 3464 2237 3509 et
2267 3471 2470 3525 urgens
2510 3455 2765 3507 damnum
2824 3471 2884 3510 se
2929 3453 3144 3509 videant
3173 3453 3472 3522 percipere.

1901 3547 2112 3617 Quippe
2151 3547 2199 3601 si
2254 3547 2540 3616 corporale
2586 3545 2859 3616 quoddam
2916 3561 2980 3601 ex
3041 3547 3327 3615 pra-sentin
3381 3554 3472 3598 tua

1901 3640 2289 3695 detrimentum
2347 3640 2613 3705 sentiant,
2673 3652 2773 3692 nee
2818 3638 2984 3691 animi
3038 3640 3265 3692 salutem
3311 3637 3474 3707 polli-

1900 3731 2045 3785 centi
2085 3732 2178 3784 tibi
2222 3730 2379 3784 (idem
2414 3730 2654 3784 habituri
2686 3738 2836 3784 sunt.
2876 3728 3145 3783 Prazterea
3186 3738 3237 3783 te
3278 3743 3471 3797 perum

1899 3831 1952 3877 et
1992 3821 2332 3891 iuipoilulum
2380 3821 2451 3875 ab
2491 3822 2637 3875 onmi
2682 3822 2994 3889 captatione
3028 3834 3312 3873 munerum
3352 3834 3469 3887 per-

1901 3923 2063 3983 petuo
2117 3912 2383 3976 servabis,
2436 3927 2498 3965 ac
2556 3927 2732 3981 neque
2790 3909 3283 3965 consuetudinibus
3335 3923 3473 3976 quas

1897 4016 2118 4071 vocant,
2175 4006 2287 4058 ullo
2340 4002 2504 4057 modo
2554 4002 3064 4065 contaminaberis;
3101 4015 3277 4069 neque
3332 4001 3475 4053 alius

1898 4094 2231 4148 oll‘endicnto
2262 4094 2396 4149 eris.
2434 4092 2550 4147 Non
2583 4093 2727 4147 cuitu
2760 4092 3011 4146 vocabuli
3057 4092 3315 4144 honestas
3374 4090 3478 4143 im-

1896 4191 2150 4256 pietatem
2185 4184 2315 4238 facti
2361 4193 2589 4239 excusat
2626 4201 2639 4246 ;
2678 4183 2771 4237 sed
2816 4183 2894 4236 rei
2953 4180 3260 4244 sceleritas,
3301 4178 3474 4248 ipsius

1895 4276 2058 4330 etiam
2093 4273 2473 4342 appellationis
2522 4273 2825 4326 bonitatem
2872 4272 3158 4325 deminuit.
3199 4268 3472 4322 Nimirum

1894 4367 1985 4435 qui
2018 4364 2260 4434 praecipit
2293 4364 2438 4426 aliis,
2492 4373 2550 4417 ut
2601 4365 2747 4434 juste
2810 4380 2867 4418 se
2914 4372 3102 4433 gerant
3144 4363 3308 4416 etiam
3357 4362 3474 4427 ipse

1894 4460 1977 4511 vel
2011 4457 2078 4509 ab
2105 4456 2253 4509 onmi
2297 4456 2611 4523 suspicione
2668 4454 2883 4521 injuri-.e
2932 4468 3101 4523 purus
3136 4468 3258 4507 esse
3289 4451 3468 4506 debet.

213 4546 485 4617 μοθετῶν,
520 4545 685 4606 αὐτὸς
713 4541 926 4609 καὶτῆς
965 4541 1059 4593 τοῦ
1088 4541 1294 4593 ἀδικεῖν
1328 4543 1651 4612 ὑπολιήιξεως
1686 4561 1782 4596 κα-

1898 4549 2052 4602 Enim
2084 4562 2216 4601 vero
2247 4548 2293 4601 si
2331 4555 2531 4617 praeter
2564 4547 2675 4601 hate
2706 4547 2944 4616 injuncta
2973 4546 3068 4599 tibi
3101 4562 3195 4615 per
3223 4545 3474 4614 Scriptu-

207 4638 377 4708 θαρὸς
434 4636 642 4703 ὀςείλει
702 4633 1089 4687 καθίστασθαι.
1140 4633 1200 4684 Εἰ
1265 4633 1447 4702 μέντοι
1507 4636 1657 4704 παρὰ
1718 4637 1789 4690 τὰ

202 4729 509 4797 ἐγγράφως
542 4742 624 4777 σοι
678 4722 1081 4792 διατεταγμένα
1114 4722 1131 4790 (
1170 4723 1197 4775 δ
1234 4725 1308 4792 μὴ
1356 4724 1586 4789 γένοιτο,
1653 4726 1789 4795 μηδὲ

204 4823 321 4894 δώῃ
350 4820 578 4891 Κύριος)
626 4819 757 4874 ἄλλο
811 4836 861 4871 τι
912 4817 1292 4887 διαπραχοείη,
1328 4817 1423 4869 καὶ
1478 4817 1793 4886 παρὰὸασίς

200 4930 349 4975 τινος
379 4912 486 4965 τῶν
541 4910 1021 4982 παραγγελμάτων
1076 4909 1492 4977 ὲπιτολμηθείη,
1558 4911 1791 4980 μάλιστα

205 5004 267 5058 δὲ
299 5005 347 5056 εί
388 5003 675 5074 συνηθείας
705 5002 738 5071 ἢ
774 5000 1015 5069 afﬂigi}
1051 5001 1238 5069 ἕτερός
1273 5017 1355 5062 τις
1386 5002 1493 5053 τῶν
1562 5020 1790 5057 συνεπο-

208 5096 387 5165 μένων
418 5113 499 5148 σοι
532 5092 778 5150 ἁπαιτῶν
811 5092 1112 5163 φωραθείη,
1145 5093 1177 5162 ἦ
1214 5091 1384 5162 ἄλλην
1430 5094 1551 5146 τινὰ
1588 5094 1790 5165 ζημίαν

204 5187 491 5255 ἰπιφέρων
517 5188 627 5247 τοῖς
656 5186 748 5237 ἐπὶ
782 5181 1072 5251 ἀπαλλαγῇ
1110 5181 1312 5249 ζημίας
1366 5181 1543 5252 ψυχῆς
1592 5202 1647 5238 τε
1696 5186 1789 5238 καὶ

206 5277 462 5346 σώματος
492 5275 910 5344 ὑποδεχομένοις
938 5274 1037 5343 τὴν
1096 5272 1193 5340 σὴν
1253 5272 1539 5326 εὐλάϐειαν
1567 5293 1579 5305 ·
1638 5278 1786 5335 ὅστις

206 5368 301 5421 οἷον
343 5367 423 5437 τῷ
452 5367 677 5433 τοιούτῳ
726 5366 991 5435 νοσήματι
1036 5366 1195 5429 άλοῦς
1229 5366 1533 5434 φωραθείη,
1568 5366 1627 5431 ἐξ
1688 5370 1784 5419 α)-

207 5461 309 5530 τῆς
364 5457 578 5528 ἐκείνης
608 5458 705 5527 τῆς
740 5457 1056 5527 παρανόμου
1110 5456 1359 5527 πράξεως
1422 5459 1565 5510 ἔστω
1619 5459 1784 5527 γινώ-

1896 4655 2011 4692 ram
2046 4638 2213 4708 (quod
2259 4639 2425 4701 absit,
2460 4654 2635 4707 neque
2661 4638 2923 4693 Dominus
2958 4638 3075 4692 lieri
3135 4636 3474 4705 permiserit)

1895 4733 2179 4786 diversum
2211 4730 2471 4799 quiddam
2510 4730 2672 4784 fuerit
2706 4738 2909 4796 actum,
2943 4738 2997 4786 et
3036 4730 3272 4798 alicujus
3299 4743 3362 4783 ex
3392 4727 3475 4780 his

1896 4824 2170 4879 mandatis
2200 4830 2465 4876 attentata
2492 4822 2759 4888 violatio;
2794 4823 3050 4886 maxime,
3094 4822 3137 4877 si
3175 4828 3474 4875 censuetn-

1894 4915 2050 4969 dines
2077 4915 2157 4967 vel
2188 4913 2537 4981 temetipsum
2571 4914 2810 4983 exigere,
2838 4914 2917 4967 vel
2942 4913 3107 4966 alium
3139 4926 3469 4981 quemquam

1893 5022 1958 5059 ex
1984 5004 2277 5061 comitibus
2307 5005 2414 5058 tuis
2441 5013 2785 5074 compertum
2829 5004 3027 5070 fuerit;
3070 5004 3283 5057 aliudve
3312 5002 3474 5055 detri-

1894 5105 2139 5151 mentum
2192 5096 2467 5165 quoddam
2524 5095 2603 5148 eis
2669 5095 2882 5159 inferri,
2937 5096 3028 5163 qui
3111 5094 3468 5148 reverentiam

1893 5197 2039 5240 tuam
2072 5188 2354 5256 excipiunt
2399 5201 2465 5241 eo
2513 5187 2754 5250 nomine,
2800 5195 2855 5239 ut
2913 5186 3079 5240 animi
3112 5187 3469 5253 corporisque

1892 5278 2107 5334 damnis
2156 5281 2455 5334 liberentur
2510 5297 2525 5333 :
2567 5280 2815 5348 quisquis
2844 5280 3008 5348 igitur
3045 5280 3097 5333 in
3148 5276 3466 5344 huiusmodi

1895 5371 2025 5423 vitio
2066 5370 2437 5437 deprehensus
2502 5368 2683 5433 fuerit,
2723 5370 2793 5421 ob
2841 5370 2940 5422 hue
2975 5371 3148 5436 ipsum
3199 5367 3465 5422 nefarium

1895 5461 2131 5523 facinus,
2170 5461 2325 5526 sciat,
2376 5460 2605 5529 pritnun
2640 5460 2856 5529 quidem
2884 5476 2939 5518 se
2968 5461 3141 5515 sacris
3176 5474 3207 5513 a
3256 5465 3460 5530 myste-

1496 5573 1723 5628 Y.\lil.£
1763 5574 2162 5630 LliC'l'l‘JNES.

276 5671 323 5702 θ’
356 5670 425 5725 al.
456 5671 776 5743 δεξαμένην.
855 5673 898 5707 ⁷⁸
924 5672 1292 5742 δωσοληῴίας.

3262 5712 3281 5737 δ

1750 5764 1974 5821 NOTAE.

284 5857 395 5926 (5'2)
431 5856 660 5913 Vi-rariis
692 5858 804 5915 sive
839 5860 1220 5931 sullragaueis.
