4198 6444
745 427 879 493 11·ίῖ

2063 428 2096 490 J
2105 430 2200 492 US
2223 429 2674 491 CANONICUM

3875 432 4008 497 1148

737 537 841 593 riis
877 537 1078 604 arceri,
1137 544 1191 593 et
1238 534 1308 591 ab
1353 535 1734 594 ecclesiastico
1767 537 1956 609 repelli
1998 550 2316 596 conventu:

2442 559 2590 606 ικων,
2629 541 2703 605 ώς
2731 542 2922 612 πρῶτα
2953 540 3050 612 μὲν
3075 539 3184 594 τῶν
3210 540 3372 595 θείων
3415 531 3746 613 άπείργεται
3793 561 4008 616 μυστη-

738 630 939 686 deinde
969 644 1094 684 mox
1126 627 1288 683 etiam
1317 627 1585 695 futurum,
1625 637 1681 684 ut
1714 630 1783 686 ab
1813 646 1879 686 eo
1905 647 2064 700 pmna
2101 648 2322 702 quoque

742 723 925 778 civilis
953 723 1226 793 exigatur.
1259 721 1396 776 Nam
1424 725 1516 794 qui
1546 723 1859 780 sanctiones
1885 732 1938 778 et
1969 724 2114 793 leges
2141 723 2321 778 eccle-

740 815 995 870 siasticas
1018 818 1362 882 comtemnit,
1381 831 1558 886 neque
1589 815 1931 872 formidabile
1960 823 2114 885 putat
2135 830 2322 870 earum

740 907 1092 976 supplicium,
1156 908 1384 977 ipsemet
1417 922 1541 963 sese
1581 909 1760 977 poenis
1789 907 2042 962 civilibus
2076 906 2322 978 subjicit.

740 996 839 1050 His
873 1012 902 1050 a
944 998 1106 1054 nobis
1160 1001 1212 1052 in
1243 998 1470 1053 exordio
1523 1000 1826 1066 collocatis,
1879 999 1946 1055 ad
2000 999 2176 1070 ipsius
2225 999 2328 1054 mi-

741 1092 955 1147 nisterii
991 1091 1310 1148 mandatum
1341 1094 1602 1164 procedat
1631 1092 1828 1148 oratio.

816 1378 874 1435 2.
917 1377 1086 1433 Debet
1137 1376 1443 1432 reverentia
1487 1383 1576 1430 tua
1626 1389 1912 1432 sacrorum
1966 1375 2328 1430 monasterio-

746 1489 869 1526 rum
905 1471 1206 1543 praafectos,
1239 1470 1334 1540 qui
1364 1469 1604 1540 superbo
1643 1470 1879 1540 quodam
1928 1474 2246 1538 contemptu
2273 1473 2328 1521 et

746 1565 1059 1632 arrogantia
1116 1562 1355 1632 reliquos
1405 1576 1535 1633 erga
1588 1560 1866 1616 solitarios
1910 1567 2156 1623 utuntur,
2207 1572 2332 1612 ora-

748 1653 895 1707 tione
926 1661 981 1707 et
1034 1652 1506 1707 admonitionibus
1553 1650 1765 1706 efﬁcere
1809 1651 2088 1704 modestos
2136 1658 2190 1704 et
2230 1649 2334 1703 bu-

749 1746 945 1811 miles;
975 1754 1138 1813 atque
1169 1746 1410 1809 erudire,
1438 1751 1496 1799 ut
1542 1744 1840 1798 monachos
1874 1759 1971 1812 pro
2015 1745 2130 1797 suis
2160 1759 2332 1798 mem-

748 1837 868 1892 bris
907 1848 1246 1907 agnoscant;
1299 1852 1476 1907 neque
1529 1837 1796 1890 duntaxat
1859 1850 2048 1890 eorum
2118 1835 2332 1889 animas

750 1944 851 2000 pro
911 1932 1026 1986 suis
1083 1929 1295 1984 viribus
1345 1929 1441 1984 sed
1501 1943 1731 1998 corpora
1778 1943 1995 1996 quoque
2045 1941 2176 1980 cura
2230 1941 2329 1980 sua

748 2023 1196 2092 complectantur
1265 2040 1278 2074 :
1337 2029 1392 2076 et
1475 2034 1635 2089 agere
1722 2019 1882 2074 debet
1942 2019 2147 2081 omnia,
2214 2035 2333 2087 qua:

751 2116 1014 2171 momenti
1088 2114 1324 2182 alicujus
1401 2124 1548 2177 sunt,
1603 2127 1724 2168 cum
1796 2127 1986 2166 eorum
2050 2111 2331 2166 consilio:

749 2225 1099 2265 communem
1154 2225 1278 2263 cum
1330 2209 1410 2264 eis
1459 2209 1684 2272 victum,
1719 2224 1842 2262 cum
1869 2217 2069 2262 caetera
2117 2204 2333 2262 vivendi

750 2305 962 2358 ratione
1009 2302 1211 2357 habere
1259 2319 1274 2357 :
1327 2309 1528 2358 cuncta
1587 2301 1891 2356 immobilia
1942 2315 2050 2354 non
2098 2299 2333 2353 alienata

750 2411 994 2460 servare,
1055 2395 1260 2464 quique
1299 2395 1676 2465 percipiuntur
1727 2409 1792 2448 ex
1841 2395 1922 2448 eis
1973 2392 2183 2447 fructus
2219 2405 2335 2445 ma-

752 2490 984 2545 nifestos
1016 2489 1274 2544 omnibus
1304 2486 1506 2550 facere,
1548 2496 1600 2540 et
1656 2485 1848 2540 idonee
1900 2484 2332 2550 administrare;

751 2589 813 2634 ut
843 2596 908 2634 ex
947 2581 1029 2636 eis
1059 2594 1250 2651 greges
1279 2579 1520 2648 ipsorum
1551 2578 1604 2630 in
1637 2577 1779 2632 bono
1822 2583 1967 2632 statu
2002 2591 2339 2630 conserven-

752 2682 863 2735 tur,
934 2680 1098 2740 atque
1166 2670 1270 2739 ipsi
1345 2670 1599 2724 monachi
1657 2683 1835 2723 causa:
1891 2670 2028 2724 nihil
2100 2669 2338 2725 habeant

751 2764 1024 2820 adversus
1047 2763 1343 2834 magistros
1369 2777 1500 2816 suos
1535 2769 1696 2824 atque
1725 2761 2001 2816 doctores.

825 2857 877 2913 3.
900 2856 1065 2912 Debet
1084 2856 1491 2912 reverentiatua
1517 2856 1682 2909 vitam
1709 2855 2066 2909 monasticam
2086 2870 2342 2911 exercen-

755 2959 859 3018 tes,
887 2952 977 3020 qui
1013 2953 1218 3022 pastori
1260 2966 1360 3007 suo
1384 2951 1577 3004 nolunt
1600 2950 1981 3020 obtemperare
2019 2950 2113 3005 sed
2158 2949 2336 3004 ordini

753 3043 1007 3099 solitario
1039 3045 1314 3098 contraria
1349 3042 1611 3098 incedunt
1638 3042 1722 3096 via
1759 3051 1812 3096 et
1838 3042 2061 3111 reliquae
2091 3041 2341 3096 multitu-

754 3135 872 3189 dini
919 3134 1245 3190 offendicqu
1300 3145 1461 3200 sunt,
1518 3137 1881 3206 obsequentes
1940 3146 1992 3189 et
2036 3135 2338 3204 morigeros

2429 635 2595 706 ρίων,
2634 635 2729 689 καὶ
2779 634 2879 704 τῆς
2951 633 3413 704 ἑκκλησιαστικῆς
3481 635 3852 689 ἀπελαύνεται
3889 656 4010 692 συν-

2423 729 2582 782 όδου⁶
2637 730 2738 784 οὐκ
2800 731 2880 793 είς
2917 731 3129 802 μακρὰν
3164 731 3221 784 δὲ
3249 732 3346 785 καὶ
3381 732 3478 802 τὴν
3515 733 3800 805 πολιτικὴν
3853 735 4012 787 άπαι-

2427 825 2720 895 τηθήσεται
2768 823 2947 893 δίκην.
2995 824 3058 877 ὐ
3126 824 3241 894 γὰρ
3305 823 3800 894 ἐκκλησιαστικοὺς
3869 843 4011 896 παρ-

2431 918 2574 988 ορῶν
2611 919 2848 989 θεσμοὺς
2901 917 2995 970 καὶ
3025 916 3246 987 νόμους,
3279 917 3374 971 καὶ
3433 916 3508 988 μὴ
3544 916 3786 987 φοϐερὰν
3841 918 4009 988 ἡγούο

2431 1029 2590 1082 μενος
2623 1012 2721 1080 τὴν
2753 1010 2978 1064 ἐκείνων
3026 1010 3218 1080 δίκην,
3275 1009 3436 1073 αὐτὸς
3491 1008 3684 1062 ἑαυτὸν
3737 1011 3864 1073 ταῖς
3923 1027 4016 1063 πο-

2427 1105 2659 1166 λιτικαῖς
2700 1103 2954 1166 εὐθύναις
3007 1101 3433 1161 καθυποϐάλλει.
3494 1102 3714 1154 Τούτων
3767 1102 3907 1171 ἡμῖν
3958 1103 4015 1154 ὲν

2429 1194 2744 1264 προοιμίοις
2770 1194 3058 1259 τεθέντων,
3087 1194 3236 1264 πρὸς
3262 1194 3321 1247 τὸ
3359 1196 3458 1265 τῆς
3488 1193 3769 1255 διακονίας
3823 1192 4016 1246 ἐπίτα-

2429 1304 2548 1357 γμα
2577 1289 2604 1340 ὁ
2632 1285 2789 1354 λόγος
2819 1287 3088 1356 χωρείτω.

2505 1376 2571 1448 β’.
2613 1379 2705 1430 Δεῖ
2731 1378 2830 1447 τὴν
2867 1377 2965 1447 σὴν
3010 1375 3300 1430 εὐλάϐειαν
3333 1378 3459 1438 τοὺς
3489 1377 3812 1428 ἐπιστατεῖν
3855 1377 4018 1446 ἱερῶν

2433 1467 2870 1538 φροντιστηρίων
2918 1467 3204 1535 λαχόντας,
3240 1465 3510 1535 ὑπεροψία
3536 1466 3594 1520 δὲ
3651 1466 3747 1520 καὶ
3815 1466 4018 1532 ἀλαζο-

2433 1560 2550 1631 νείᾳ
2581 1560 2714 1632 πρὸς
2749 1561 2876 1622 τοὺς
2909 1559 3132 1622 λοιποὺς
3161 1557 3479 1629 χρωμένους
3513 1557 3877 1628 μονάζοντας,
3913 1576 4012 1629 με·

2432 1654 2617 1725 τρίους
2667 1653 2760 1706 καὶ
2802 1653 3237 1722 ταπεινόφρονας
3279 1651 3425 1721 λόγῳ
3475 1652 3572 1704 καὶ
3625 1651 4020 1722 παραινέσεσιν

2434 1744 2870 1816 ἀπεργάζεσθαι,
2908 1747 3004 1797 καὶ
3041 1745 3117 1806 ώς
3154 1745 3290 1814 μέλη
3347 1745 3521 1797 οἰκεῖα
3551 1745 3680 1806 τοὺς
3748 1747 4020 1814 μοναχούς

2435 1838 2782 1891 ὲκπαιδεύειν
2813 1836 3087 1907 ἡγεῖσθαι,
3139 1837 3215 1906 μὴ
3250 1835 3410 1905 μόνον
3449 1835 3556 1888 τῶν
3596 1835 3786 1906 ψυχῶν
3816 1836 4020 1901 αὐτῶν,

2434 1928 2570 1982 ἀλλὰ
2608 1927 2836 1981 καὶτῶν
2893 1927 3162 1997 σωμάτων
3205 1927 3307 1996 ὅση
3363 1926 3597 1994 δύναμις
3647 1927 4018 1998 κηδομένους·

2438 2020 2616 2074 πάντα
2641 2018 2695 2071 δὲ
2732 2018 2994 2088 πράττειν
3022 2019 3091 2073 τὰ
3111 2017 3451 2089 καιριώτατα
3475 2019 3569 2082 ⁷⁰⁶,
3615 2020 3752 2089 μετὰ
3790 2019 3889 2088 τῆς
3921 2020 4022 2071 αὐ-

2434 2113 2544 2167 τῶν
2577 2113 2800 2183 γνώμης
2827 2153 2842 2177 ,
2871 2113 3059 2182 κοινήν
3085 2129 3144 2164 τε
3174 2113 3273 2180 τὴν
3311 2112 3578 2176 ἑστίασιν,
3629 2114 3722 2165 καὶ
3772 2113 3874 2182 τὴν
3929 2112 4024 2165 άλ-

2436 2207 2537 2276 λην
2564 2205 2776 2260 δίαιταν
2805 2204 2950 2274 ἔχειν
2970 2244 2984 2266 ,
3012 2203 3082 2258 τά
3101 2221 3160 2256 τε
3185 2204 3422 2272 ἀκίνητα
3461 2204 3638 2257 πάντα
3679 2204 4020 2273 άνεκποίητα

2437 2300 2663 2368 τηρεῖν,
2713 2295 2811 2350 καὶ
2874 2294 2942 2348 τὰ
2995 2294 3494 2367 καρποφορούμενα
3556 2296 3690 2365 δῆλα
3752 2295 4023 2366 καθιστᾷν

2439 2391 2636 2454 ἅπασι,
2663 2390 2758 2443 καὶ
2787 2391 3015 2452 δεόντως
3043 2389 3217 2442 ταῦτα
3277 2385 3776 2458 μεταχειρίζεσθαι,
3817 2387 3894 2449 ὡς
3950 2387 4018 2440 ἂν

2437 2483 2501 2534 ἐκ
2535 2480 2740 2533 τούτων
2772 2480 2843 2532 τά
2883 2496 2943 2531 τε
2970 2476 3197 2547 ποίμνια
3228 2475 3408 2530 αὐτῶν
3439 2474 3696 2544 εὐσταθῆ,
3744 2477 3840 2529 καί
3871 2477 4024 2529 αὐτοὶ

2439 2573 2841 2645 άπροφάσιστοι
2879 2565 2990 2625 εἷεν
3030 2568 3168 2641 πρὸς
3195 2569 3323 2633 τούς
3361 2567 3540 2621 αὐτῶν
3598 2567 3919 2638 καθηγητὰς
3965 2582 4025 2621 τι

2440 2667 2535 2721 καὶ
2557 2665 2930 2729 διδασκάλους.

2510 2839 2580 2911 γ’.
2614 2843 2705 2895 Δεῖ
2760 2841 2861 2912 τὴν
2909 2839 3012 2910 σὴν
3063 2837 3350 2892 εὐλάϐειαν
3408 2835 3536 2898 τούς
3583 2834 3656 2905 μὴ
3703 2833 4028 2904 πειθαρχεῖν

2441 2934 2721 2998 ἐθέλοντας
2751 2933 2828 3002 τῷ
2869 2930 3080 2984 ἑαυτῶν
3118 2929 3340 2998 ποιμένι
3377 2928 3712 2998 μονάζοντας
3732 2968 3746 2991 ,
3775 2925 3892 2978 ἀλλ’
3919 2927 4028 2978 ἀπ-

2440 3025 2689 3089 εναντίας
2705 3027 2802 3095 τῆς
2823 3023 3117 3094 μοναδικῆς
3138 3022 3452 3092 βαδίζοντας
3469 3018 3696 3083 τάξεως,
3723 3018 3822 3071 καὶ
3852 3017 4026 3088 πρόσ-

2441 3137 2632 3190 κομμα
2677 3120 2744 3188 τῇ
2804 3118 2966 3186 λοιπῇ
3006 3115 3326 3184 γινομένους
3380 3111 3607 3181 πληθύῖ,
3637 3109 3867 3173 τούτους
3934 3109 4029 3162 εὐ-

759 3224 992 3288 elIicere,
1021 3237 1077 3282 et
1101 3228 1352 3283 oratione
1378 3243 1440 3282 ac
1470 3227 1854 3297 spiritualibus
1881 3227 2334 3282 instruetionibus

2443 3213 2661 3274 πειθεῖς
2690 3211 2786 3263 καὶ
2810 3208 3164 3277 εὐγνώμονας
3194 3203 3485 3268 ποιεῖσθαι,
3517 3204 3612 3256 καὶ
3650 3204 3749 3270 τὴν
3780 3201 3876 3254 τοῦ
3912 3203 4026 3255 Ku-

756 3332 856 3372 eos
909 3319 1272 3373 obedientiam
1325 3319 1532 3373 domini
1591 3320 1790 3375 docere
1842 3329 2004 3389 atque
2080 3319 2153 3373 ita
2222 3319 2336 3374 for-

762 3423 934 3474 mare,
970 3421 1026 3463 ut
1053 3426 1118 3464 ex
1164 3411 1429 3480 dignitate
1463 3411 1825 3480 professionis
1860 3428 1972 3466 suae
2005 3427 2064 3466 se
2107 3421 2336 3482 gerant;

761 3515 939 3570 neque
980 3502 1350 3560 voluntatibus
1390 3505 1507 3559 suis
1557 3505 1931 3574 obsequendo,
1971 3518 2148 3573 neque
2177 3503 2340 3558 rebus

764 3595 1023 3663 prapriis,
1077 3597 1193 3652 sive
1246 3597 1471 3665 peculiis
1501 3599 1646 3668 (qua:
1687 3596 1910 3666 vocant)
1945 3610 2129 3649 curam
2183 3594 2342 3649 adhi-

765 3687 941 3741 bendo
1006 3707 1020 3744 :
1093 3689 1169 3743 uti
1233 3689 1392 3745 factis
1447 3690 1846 3746 aversationem
1904 3689 2027 3742 vita:
2110 3698 2341 3743 terrena:

763 3790 1094 3844 asserentes,
1126 3796 1154 3835 a
1183 3782 1492 3837 commissis
1517 3783 1754 3852 peccatis
1777 3781 2153 3837 liberationem
2188 3783 2341 3836 inve-

766 3873 936 3938 niant,
971 3881 1026 3927 et
1053 3875 1319 3928 bonorum
1358 3875 1410 3928 in
1462 3890 1678 3930 omnem
1729 3874 2091 3929 aeternitatem
2133 3874 2341 3928 duran-

765 3962 900 4015 tium
932 3963 1229 4033 participes
1269 3962 1422 4016 ﬁant.

833 4055 891 4110 4.
949 4055 1117 4110 Debet
1177 4055 1480 4109 reverentia
1538 4062 1630 4108 tua
1683 4051 2113 4116 controversias,
2187 4066 2340 4120 quaa-

766 4162 985 4215 cunque
1052 4145 1444 4200 monachorum
1511 4144 1779 4200 adversus
1825 4144 2072 4205 abbates,
2123 4153 2176 4197 et
2225 4143 2342 4197 vice

767 4254 922 4292 versa
961 4238 1217 4293 abbatum
1264 4237 1526 4293 adversus
1573 4237 1872 4291 monachos
1919 4235 2193 4297 incidunt,
2225 4243 2339 4287 tum

767 4334 1118 4403 investigare,
1171 4341 1283 4386 tum
1351 4333 1652 4388 dissolvere
1702 4333 2036 4401 justitlazque
2077 4329 2339 4383 auxilium

768 4425 1098 4491 adhibendo,
1133 4434 1279 4481 recte
1305 4440 1632 4494 componere
1670 4442 1682 4479 :
1719 4425 1980 4479 offensam
2025 4438 2239 4477 onmem
2275 4419 2342 4474 dc

771 4516 949 4569 medio
1033 4515 1265 4581 tollere,
1334 4517 1686 4585 vicissimque
1761 4525 2010 4586 pacatum
2082 4513 2342 4568 reducere

2448 3305 2565 3375 ρίου
2602 3301 2845 3373 ὑπακοὴν
2893 3296 3240 3352 έκπαιδεύειν
3270 3297 3413 3364 λόγῳ
3465 3296 3562 3348 καὶ
3615 3296 4028 3363 πνευματικαῖς

2446 3397 2818 3467 είσητήσεσιν,
2851 3392 3018 3457 ἀξίως
3050 3389 3486 3460 παρασκευάζων
3526 3389 3569 3420 ⁷¹
3623 3387 3722 3439 τοῦ
3756 3387 4032 3454 ἐπαγγέλ-

2451 3505 2619 3559 ματος
2647 3485 3053 3550 πολιτεύεσθαι,
3092 3485 3232 3554 μήτε
3293 3483 3595 3551 θελήμασιν
3639 3482 3865 3540 οίκεξοις
3901 3483 4033 3534 ἁκο-

2447 3576 2801 3640 λουθοῦντας,
2841 3577 2979 3645 μήτε
3009 3577 3075 3643 τῇ
3113 3575 3218 3645 ίδίᾳ
3248 3575 3443 3642 κτήσει
3473 3572 3505 3641 ἦ
3536 3573 3650 3632 τοῖς
3703 3570 4031 3637 λεγομένοις

2449 3665 2758 3729 πεκουλίοις
2785 3667 3150 3738 προσέχοντας
3173 3681 3185 3694 ·
3230 3665 3314 3716 ἵνα
3345 3663 3408 3734 δὴ
3444 3664 3556 3725 τοῖς
3594 3662 3777 3730 ἔργοις
3808 3661 3912 3730 τὴν
3936 3660 4029 3712 τοῦ

2451 3759 2565 3831 βίον
2614 3759 2902 3828 ἀποφυγὴν
2956 3756 3355 3826 βεϐαιούμενοι,
3425 3755 3535 3807 τῶν
3610 3751 4031 3823 ἡμαρτημένων

2449 3849 2659 3920 εὕροιεν
2683 3851 2780 3921 τὴν
2810 3851 3155 3920 ἀπαλλαγὴν,
3188 3851 3281 3902 καὶ
3306 3849 3414 3901 τῶν
3467 3845 3896 3908 διαιωνιζόντων
3925 3861 4023 3915 μεο

2449 3943 2698 4012 τάσχοιεν
2719 3940 2961 4009 ἀγαθῶν.

2518 4035 2581 4088 δ’.
2613 4035 2702 4086 Δεῖ
2735 4034 2832 4102 τὴν
2859 4031 2958 4102 σὴν
2989 4029 3274 4085 εὐλάϐειαν
3307 4032 3405 4092 τὰς
3433 4029 3566 4099 πρὸς
3600 4028 3727 4091 τοὺς
3784 4029 4033 4098 ἡγουμέ-

2448 4143 2570 4188 νους
2598 4124 2750 4195 παρὰ
2794 4123 2899 4176 τῶν
2953 4123 3224 4193 μοναχῶν,
3252 4123 3346 4174 καὶ
3403 4119 3469 4176 αὖ
3515 4121 3679 4174 πάλιν
3716 4122 3872 4190 παρὰ
3925 4122 4036 4175 τῶν

2448 4218 2765 4287 ἡγουμένων
2800 4215 2937 4287 πρὸς
2981 4216 3109 4271 τοὺς
3148 4213 3477 4284 μονάζοντας
3542 4212 3840 4281 γινομένας
3905 4213 4028 4266 δια-

2451 4311 2641 4378 φορὰς,
2672 4309 2896 4379 ἐρευνᾷν
2935 4323 2993 4359 τε
3028 4307 3124 4358 καὶ
3158 4304 3418 4368 διαλύειν,
3479 4305 3572 4357 καὶ
3601 4307 3668 4374 τῇ
3702 4304 4033 4376 δικαιοσύνῃ

2452 4401 2633 4473 βοηθῷ
2668 4400 2970 4470 χρώμενον,
3009 4397 3145 4468 προς
3167 4397 3226 4449 τὸ
3261 4396 3381 4449 δέον
3415 4393 3722 4465 ῥυθμίζειν.
3751 4395 3866 4446 Καὶ
3925 4398 4035 4447 πᾶν

2461 4494 2558 4563 μὲν
2590 4492 2884 4546 σκάνδαλον
2917 4491 2980 4542 ὲκ
3011 4492 3177 4560 μέσου
3206 4487 3498 4552 ποιεῖσθαι,
3523 4490 3705 4540 πᾶσαν
3733 4487 3789 4539 δὲ
3821 4490 4040 4540 ἀντεισ·

769 4615 972 4662 statum
1007 4625 1021 4662 :
1065 4607 1280 4662 vivendi
1313 4608 1548 4678 denique
1577 4577 1841 4661 rationem
1876 4607 1929 4660 in
1964 4605 2045 4660 eis
2075 4606 2334 4675 plantare.

2451 4589 2637 4658 φέρειν
2677 4583 2962 4655 είρηναίαν
2993 4583 3372 4644 κατάστασιν,
3416 4581 3513 4633 καὶ
3554 4580 3653 4650 τὴν
3683 4579 3853 4643 ὁσίοις
3899 4579 4036 4650 πρέ-

769 4713 892 4767 quae
921 4699 1203 4769 religiosos
1234 4700 1484 4754 homines
1515 4699 1726 4754 deceat.

843 4787 897 4842 5.
934 4786 1102 4842 Debet
1137 4789 1439 4843 reverentia
1485 4796 1577 4842 tua
1628 4789 1948 4854 monachos,
1998 4786 2094 4857 qui
2138 4785 2206 4840 de
2254 4785 2342 4839 via

772 4887 922 4935 recta
954 4879 1266 4946 deﬂectunt,
1311 4891 1364 4936 et
1399 4880 1770 4937 inobedientia
1810 4883 2210 4950 laboranterga
2241 4881 2345 4934 sibi

775 4971 1080 5041 prafeetos,
1127 4989 1191 5028 ac
1237 4985 1520 5044 peccatum
1580 4974 1648 5028 ad
1695 4981 1926 5028 mortem
1979 4975 2346 5035 committunt,

775 5065 854 5122 nti
917 5063 1134 5120 divinus
1197 5066 1287 5120 ille
1340 5064 1577 5120 Joannes
1639 5065 1908 5135 loquitur,
1980 5078 2079 5134 pro
2148 5063 2349 5133 quibus

777 5171 964 5225 preces
1018 5163 1072 5210 et
1138 5157 1550 5214 obsecrationes
1607 5158 1715 5211 vim
1795 5169 2043 5225 magnam
2111 5154 2346 5218 habent;

778 5245 879 5298 hos
925 5259 1056 5315 ergo
1117 5247 1266 5300 velut
1318 5247 1554 5302 orationi
1618 5246 1850 5322 doctrici
1901 5260 2008 5299 non
2062 5245 2346 5312 obtempe—

779 5341 986 5398 rantes,
1045 5337 1220 5405 plenis
1291 5337 1741 5393 convenientibus
1798 5336 2074 5405 subjicere
2140 5334 2344 5399 debet;

778 5427 857 5485 uti
890 5443 985 5496 per
1008 5443 1102 5481 cas
1130 5430 1402 5498 castigati,
1437 5429 1504 5483 ad
1541 5432 1773 5484 salutem
1809 5428 2064 5482 facientia
2091 5425 2347 5493 discant;

776 5528 940 5588 atque
972 5521 1061 5574 alii
1097 5537 1190 5590 per
1225 5523 1637 5593 castigationem
1675 5523 1844 5592 magis
1882 5521 2050 5576 sobrii
2087 5520 2351 5590 spiritua-

778 5609 886 5669 iem
922 5612 985 5664 ad
1017 5615 1287 5666 culturam
1327 5614 1642 5668 reddantur.

2453 4695 2660 4731 πουσαν
2690 4674 3020 4746 ὲμφυτεύειν
3047 4672 3255 4735 τούτοις
3285 4673 3584 4741 διαγωγήν.

2524 4777 2584 4824 ε’.
2619 4770 2711 4822 Δεῖ
2739 4767 2835 4836 τὴν
2864 4767 2962 4838 σὴν
3001 4765 3287 4820 εὐλάϐειαν
3345 4765 3474 4827 τοὺς
3504 4764 3605 4831 τῆς
3667 4761 3889 4826 εὐθείας
3945 4764 4039 4815 ὲκ-

2451 4861 2824 4934 τρεπομένους
2854 4860 3224 4930 μονάζοντας,
3283 4857 3380 4910 καὶ
3431 4856 3697 4925 ἀνηκοΐαν
3761 4856 3860 4925 μὲν
3900 4859 4038 4925 πρὸς

2454 4957 2581 5016 τούς
2639 4951 2988 5022 προεστῶτας
3026 4951 3337 5016 νοσοῦντας,
3369 4951 3468 5020 τὴν
3523 4950 3660 5019 πρὸς
3697 4951 3932 5003 θάνατον
3980 4951 4039 5003 δὲ

2457 5044 2731 5114 ἁμαρτίαν
2787 5041 3215 5112 ἐργαζομένους,
3255 5043 3327 5106 ὠς
3367 5045 3394 5096 ὁ
3423 5043 3711 5105 θεσπέσιος
3779 5045 4041 5113 Ἰωάννης

2457 5137 2641 5206 φησὶν,
2680 5136 2826 5205 ὐπὲρ
2875 5130 2948 5189 ὧν
3018 5135 3151 5205 εὐχὴ
3221 5137 3316 5188 καὶ
3377 5137 3726 5205 παράκλησις
3786 5139 4037 5206 μεγαῖην

2458 5229 2610 5298 ίσχὺν
2642 5229 2778 5297 ἔχει,
2807 5229 3028 5290 τούτους
3056 5228 3129 5289 ὡς
3181 5229 3254 5296 μὴ
3295 5229 3650 5297 πειθομένους
3695 5229 3839 5299 λόγῳ
3885 5230 4039 5282 διδα-

2458 5321 2720 5389 σκαλικῷ,
2754 5322 2868 5381 ταῖς
2923 5319 3302 5387 ὀφειλομέναις
3363 5319 3798 5372 καθυποϐαλλειν
3855 5323 4043 5373 ἐπιτι-

2461 5418 2712 5486 μήσεσιν,
2753 5415 2825 5476 ώς
2856 5414 2921 5467 ἂν
2950 5414 3200 5466 ἐντεῦθεν
3266 5414 3796 5484 παιδαγωγούμενοι,
3830 5416 3899 5468 τὰ
3935 5418 4043 5469 σώ-

2459 5509 2617 5572 ζοντα
2655 5506 2895 5575 μάθοιεν,
2943 5508 3036 5558 καὶ
3067 5506 3217 5559 ἄλλοι
3273 5506 3340 5574 τιῖ.
3401 5506 3621 5559 ἐκείνων
3658 5508 4039 5580 σωφρονισμῷ

2455 5599 2860 5669 νηφαλεώτεροι
2916 5600 3044 5666 περὶ
3095 5599 3195 5667 τὴν
3254 5601 3632 5670 πνευματικὴν
3693 5602 4041 5672 εὑρίσκοιντο

2457 5692 2741 5762 ἐργασίαν.

2077 5809 2306 5864 VARUS
2352 5804 2747 5863 LECTIOVES.

856 5906 932 5946 τ’*
970 5912 1312 5982 arguerat;
1395 5917 1431 5944 "
1465 5916 1549 5966 καί.
1775 5906 2225 5979 ένοιςαςκεναξίιν.
