4198 6444
191 395 328 466 1149

1482 354 2198 464 amco-nemnem.

3337 389 3476 456 1150

259 522 337 584 ς’.
364 517 459 571 Δεῖ
479 516 580 586 τὴν
610 512 709 586 σὴν
736 512 1025 569 εὐλάϐειαν
1047 515 1414 583 έντείλασθαι,
1436 518 1532 573 τοῦ
1554 521 1617 574 τδ
1636 521 1761 592 ίερῖιτ

1960 520 2016 577 6.
2047 516 2352 588 Prmeipere
2406 523 2499 569 tua
2551 509 2863 569 reverentia
2890 509 3072 574 debet,
3111 514 3172 563 ut
3200 515 3473 578 quotquot

185 610 434 672 ἅπαντας
457 606 822 676 ἐκμανθάνειν
848 604 1159 677 ψαλτήριον
1176 607 1302 671 τοὺς
1325 610 1384 662 έν
1411 608 1488 678 τῷ
1504 610 1784 681 μοναχικῷ

185 701 434 772 σχήματι
491 697 992 770 καταλεγομένους,
1046 701 1143 752 καὶ
1184 700 1260 770 μὴ
1293 700 1499 755 δούλων
1577 701 1783 756 ἀθλίων

181 793 348 860 λόγον
403 789 654 862 ὑπέχειν,
686 792 782 846 καὶ
810 791 871 844 τὺ
925 793 1034 844 πᾶν
1073 792 1391 847 ἀναλίσκειν
1425 795 1507 856 είς
1535 795 1638 867 τὴν
1671 793 1782 850 τῶν

179 884 393 954 γηΐνων
422 884 711 953 ἐργασίαν,
733 881 824 936 διά
854 883 958 955 τὴν
995 883 1255 955 ἀκρισίαν
1295 884 1404 939 τῶν
1429 886 1780 958 καθηγουμεο

177 975 470 1040 νευόντων,
500 973 534 1046 ἢ
567 974 854 1047 παρακοήν
896 976 1006 1030 τῶν
1036 975 1627 1048 καθυποταττομένων,
1684 979 1780 1035 καὶ

177 1066 436 1139 ἀκηδίαν.

231 1159 303 1225 ζ’.
332 1162 428 1213 Δεῖ
441 1160 541 1232 τὴν
555 1161 654 1233 σὴν
674 1162 963 1217 εὐλάϐειαν
984 1181 1061 1216 πα
1070 1165 1332 1236 ρεγγυᾷν,
1347 1161 1638 1236 ἀναζητεῖν
1651 1165 1778 1230 τοὺς

173 1254 525 1324 ἡγουμένους
545 1257 674 1319 τοὺς
701 1255 1197 1320 λειποτακτοῢντας
1222 1256 1514 1328 μοναχοὺς,
1571 1257 1664 1311 καὶ
1694 1259 1775 1321 είς

172 1348 278 1418 τὴν
318 1347 531 1401 οίκείαν
574 1348 774 1412 αὐτοὺς
823 1349 1265 1420 ἐπαναστρέφειν
1307 1349 1621 1420 ὐποταγήν·
1648 1351 1776 1412 τοὺς

172 1441 230 1493 δὲ
256 1439 337 1510 μὴ
369 1439 729 1510 βουλομένους
766 1440 927 1494 τοῦτο
961 1443 1159 1505 ποιεῖν,
1197 1441 1314 1509 εῐγε
1369 1441 1630 1510 εὐλόγως,
1671 1458 1777 1493 πα-

175 1531 452 1602 ραδιδόναι
485 1532 544 1584 ὲν
590 1532 802 1602 ἑτέροις
841 1532 1233 1604 μοναστηρίοις
1283 1535 1363 1597 είς
1397 1532 1650 1597 εὐλαϐεῖς
1679 1533 1775 1587 καὶ

172 1625 264 1677 τὸν
297 1623 447 1677 θεῖον
499 1624 664 1694 φόϐον
716 1625 994 1680 διδάσκειν
1045 1625 1366 1697 δυναμένοις
1408 1625 1769 1696 ἡγουμένους.

172 1714 495 1778 Διδακτικδς
512 1716 562 1748 ⁷³
581 1717 692 1785 γάρ
712 1718 862 1770 ἐστιν
883 1719 912 1771 δ
927 1716 1021 1770 τοῦ
1044 1717 1182 1771 Θεοῦ
1207 1717 1391 1787 φόϐος,
1407 1717 1590 1780 καθώς
1607 1734 1772 1788 φησιν

169 1808 198 1858 ό
229 1808 560 1878 Προφήτης·
581 1808 771 1874 Δεῦτε,
790 1810 979 1875 τέκνα,
1008 1809 1279 1864 ἀκούσατέ
1307 1827 1434 1881 μου.
1453 1810 1622 1864 Φόϐον
1651 1810 1768 1863 Κυ-

173 1899 289 1969 ρίου
322 1899 522 1963 διδάξω
547 1901 714 1971 ὑμᾶς.

235 1995 314 2060 η’,
343 1993 436 2043 Δεῖ
465 1991 565 2061 τὴν
590 1990 689 2062 σὴν
720 1992 1011 2049 εὐλάϐειαν
1030 1994 1155 2057 τοὺς
1183 1997 1241 2049 ἐν
1286 1995 1622 2064 γυναικείοις
1665 2015 1765 2066 μο-

165 2083 484 2155 ναστηρίοις
500 2084 598 2156 τὴν
619 2086 772 2156 ἱερὰν
795 2087 1109 2156 ὀφείλοντας
1139 2089 1452 2158 ἱερουργίαν
1472 2089 1763 2151 ἐπιτελεῖν,

165 2177 476 2247 γηραλέους
500 2175 637 2233 εἶναι
675 2181 1105 2251 προτρέπεσθαι,
1142 2183 1237 2237 καὶ
1287 2183 1584 2254 εὐνούχους
1608 2199 1624 2216 ο
1675 2185 1766 2237 ἵνα

169 2271 242 2339 μὴ
290 2270 620 2341 διασύρηται
657 2273 690 2342 ἡ
746 2272 857 2324 τῶν
905 2273 1194 2342 παρθένων
1218 2275 1490 2346 ὑπόληψις
1523 2277 1632 2330 ὑπὸ
1655 2276 1765 2330 τῶν

168 2361 520 2432 αἱρουμένων
545 2362 897 2434 διαλοιδορεῖν
932 2365 1060 2428 τοὺς
1115 2364 1365 2435 πλησίον.

241 2453 311 2505 θ’.
344 2455 438 2504 Δεῖ
475 2452 572 2523 τὴν
609 2454 708 2524 σὴν
757 2454 1046 2510 εὐλάϐειαν
1076 2456 1420 2510 ἐντέλλεσθαι
1451 2459 1561 2522 τοῖς
1599 2459 1765 2528 ἡγου-

168 2544 375 2613 μένοις,
407 2544 530 2607 τούς
558 2544 617 2597 ὲν
660 2545 870 2619 ἑτέροις
900 2548 1286 2617 μοναστηρίοις
1313 2547 1411 2611 τάς
1454 2566 1513 2601 τε
1563 2547 1763 2619 συνθὴ-

164 2653 266 2697 κας
313 2637 414 2689 κα)⁵
457 2613 841 2708 ὲξαγορεύσεῖς
886 2640 1315 2711 ποιησαμένους,
1377 2641 1502 2695 ἄνευ
1536 2641 1764 2711 γνώμης

161 2725 256 2780 τοῦ
318 2728 718 2798 ἀποκείραντος
764 2729 840 2800 μὴ
875 2731 1314 2801 προσδέχεσθαι,
1369 2732 1509 2787 ἀλλά
1555 2733 1760 2802 σπουδῇ

164 2818 318 2890 πάσῃ
347 2820 651 2890 κεχρῆσθαι
690 2823 830 2892 πρὸς
872 2823 932 2876 τὺ
956 2823 1164 2876 πείθειν
1215 2824 1414 2888 αὐτοὺς
1459 2826 1538 2888 είς
1563 2823 1660 2894 τὴν
1685 2826 1762 2877 οἰ-

162 2911 319 2963 κείαν
349 2911 734 2983 παλινδρομεῖν
765 2916 955 2985 μονήν.
989 2915 1128 2977 Τοὺς
1155 2916 1212 2968 δὲ
1236 2913 1396 2968 τούτο
1431 2915 1762 2985 παραλόγως

161 3003 631 3072 κατατολμῶν-τας
689 3009 892 3073 ποιεῖν,
918 3008 1184 3076 ἐπιτιμᾷν
1228 3008 1322 3060 καὶ
1352 3006 1655 3077 ἀφορίζειν,
1687 3006 1759 3071 ὡς

165 3090 349 3157 ἐξίσου
381 3095 497 3156 τοῖς
527 3093 980 3164 ἀνδραποδισταῖς
1003 3096 1444 3167 ἁμαρτάνοντας.

227 3277 283 3328 ι’.
315 3273 411 3324 Δεῖ
453 3271 554 3342 τὴν
621 3273 719 3343 σὴν
751 3273 1040 3328 εὐλάϐειαν
1082 3276 1196 3338 τοῖς
1232 3275 1560 3345 ἡγουμένοις
1583 3293 1761 3346 προσ-

157 3363 406 3430 τάττειν,
481 3364 592 3417 τῶν
647 3367 1107 3436 ὑποτεταγμένων
1171 3367 1498 3422 διακωλύειν
1551 3368 1652 3432 τάς
1701 3370 1760 3420 έν

154 3460 274 3524 ταῖς
305 3456 497 3509 πόλεσι
524 3456 806 3526 προόδους,
839 3459 1023 3512 πᾶσαν
1049 3476 1110 3512 τε
1149 3458 1530 3531 προσπάθειαν
1563 3474 1758 3527 συγγε-

155 3547 260 3600 νῶν
283 3547 382 3600 καὶ
406 3547 599 3615 φίλων,
625 3548 721 3600 καὶ
748 3549 848 3612 τὰς
874 3549 1176 3619 λεγομένας
1224 3549 1546 3613 συντεκνίας
1575 3549 1759 3603 τέλεον

156 3640 482 3692 ἐκκόπτειν·
516 3637 596 3692 ετι
625 3657 688 3708 γε
726 3641 834 3712 μὴν
864 3643 960 3695 καὶ
991 3643 1089 3706 τὰς
1123 3642 1267 3714 μετά
1297 3643 1583 3712 γυναικῶν
1615 3643 1755 3696 διαί-

153 3748 250 3794 τας
273 3733 372 3784 καὶ
418 3731 774 3802 ἀναφύρσεις.
812 3734 889 3786 Οὐ
919 3734 1028 3804 γὰρ
1064 3733 1361 3806 μοναδικῆς
1390 3734 1568 3788 ταῦτα
1622 3733 1757 3788 καθ-

154 3823 418 3891 εστήκασι
452 3824 658 3889 τάξεως
688 3823 750 3878 σύ
759 3825 954 3896 μϐολα.

224 4007 316 4056 ια’.
344 4004 439 4055 Δεῖ
487 4004 587 4073 τὴν
646 4005 744 4074 σὴν
781 4005 1070 4060 εὐλάϐειαν
1119 4011 1452 4081 προτρέπειν
1511 4013 1746 4073 πάντας,

154 4093 436 4167 νηστείαις
470 4097 563 4148 καὶ
592 4097 811 4167 δεήσεσι
836 4101 976 4151 κατὰ
995 4104 1120 4165 τούς
1154 4105 1452 4174 πατρικοὺς
1480 4107 1572 4158 καὶ
1593 4124 1754 4159 πνευ-

161 4192 433 4262 ματικοὺς
469 4190 677 4256 τύπους
731 4197 1040 4263 σχολάζειν,
1075 4198 1152 4270 μὴ
1214 4199 1306 4252 τὸν
1363 4201 1579 4270 χυδαῖον
1637 4202 1751 4272 βίον

157 4279 514 4348 μεταδιώκειν
541 4297 553 4310 ⁸
588 4281 747 4336 τοῦτο
773 4285 870 4354 μὲν
898 4285 1037 4357 ὑπὲρ
1073 4289 1171 4358 τῆς
1228 4291 1435 4355 αὐτῶν,
1488 4292 1646 4345 τοῦτο
1695 4293 1750 4346 δὲ

155 4371 250 4424 καὶ
283 4373 425 4441 ὑπὲρ
460 4373 558 4442 τῆς
585 4374 681 4426 τοῦ
711 4377 892 4429 κοινοῦ
927 4378 1202 4449 σωτηρίας
1225 4399 1239 4412 ·
1281 4387 1394 4447 τοῖς
1417 4402 1476 4436 τε
1509 4386 1751 4439 ἐνδεέσιν

152 4466 254 4533 ὅση
305 4465 540 4534 δύναμις
578 4467 646 4519 τά
691 4468 880 4521 δέοντα
939 4472 1314 4539 εύαγγελικῶς
1366 4477 1743 4547 ἐπιχορηγεῖν,

1887 613 2119 669 habitus
2155 609 2447 665 monastici
2477 607 2715 665 cratibus
2749 617 3145 674 aggregantur,
3181 616 3475 656 sacrosan-

1888 716 2038 761 ctum
2080 703 2406 775 psalterium
2439 700 2714 762 ediscant,
2774 711 2877 751 nec
2909 695 3124 748 illorum
3169 691 3473 748 infelicium

1887 811 2176 854 servorum
2225 794 2401 864 eulpae
2439 791 2574 846 ﬁant
2629 789 2694 845 ad
2758 789 2920 852 lines,
2957 801 3134 855 neque
3187 795 3361 839 totum
3413 783 3473 838 in

1884 890 2069 945 rerum
2125 886 2473 944 terrestrium
2529 882 2801 939 culturam
2852 878 3185 949 expendant,
3241 884 3468 946 propter

1882 979 2210 1050 imperitiam
2273 977 2702 1048 prafectorum,
2755 971 2841 1028 vel
2909 968 3346 1027 inobedientiam
3413 974 3469 1021 et

1882 1070 2197 1127 socordiam
2231 1070 2603 1126 subditorum.

1955 1164 2006 1218 7.
2040 1162 2262 1218 Monere
2294 1173 2385 1216 tua
2418 1159 2728 1216 reverentia
2760 1155 2942 1222 debet,
2987 1163 3047 1210 ut
3098 1154 3323 1210 abbates
3371 1166 3468 1210 eos

1881 1259 2186 1312 monachos
2222 1254 2542 1324 perquirunt
2567 1253 2659 1322 qui
2692 1250 2946 1306 ordinem
2977 1248 3263 1312 deserunt,
3303 1259 3468 1317 atque

1880 1350 2028 1421 ipsos
2084 1349 2152 1405 ad
2215 1346 2590 1404 obedientiam
2644 1359 2801 1400 suam
2858 1343 3164 1399 reducant:
3223 1341 3314 1412 qui
3362 1340 3468 1394 hoc

1879 1449 2135 1497 recusant
2162 1442 2368 1505 facere,
2406 1438 2687 1508 siquidem
2730 1450 2795 1490 ex
2824 1444 2972 1489 certa
3006 1436 3240 1498 ratione,
3273 1435 3325 1488 in
3357 1434 3469 1487 alia

1876 1535 2095 1590 tradant
2123 1533 2460 1588 monasteria
2486 1529 2762 1601 religiosis
2784 1527 3113 1598 quibusdam
3148 1527 3462 1586 abbatibus.

1873 1627 1969 1697 qui
2027 1627 2281 1681 timorem
2341 1623 2592 1679 divinum
2645 1624 2848 1678 docere
2905 1621 3141 1691 possint.
3177 1617 3311 1671 Nam
3367 1617 3462 1672 Dei

1874 1729 2056 1777 metus
2109 1721 2340 1776 omnino
2379 1717 2643 1789 quiddam
2681 1724 2770 1772 est
2823 1715 3119 1784 ejusmodi,
3146 1713 3290 1783 quod
3321 1711 3464 1766 tradi

1872 1815 2122 1870 docendo
2151 1814 2349 1885 possit,
2391 1809 2856 1882 quemadmodum
2899 1807 3068 1862 Vates
3092 1806 3168 1861 ait
3193 1823 3207 1861 :
3236 1807 3459 1870 Adeste,

1800 1901 1840 1949 ³³
1871 1905 1990 1974 ﬁlii,
2013 1905 2197 1960 audite
2232 1920 2351 1960 me:
2391 1905 2646 1959 timorem
2714 1901 2936 1957 Domini
2983 1901 3195 1955 docebo
3229 1915 3348 1955 vos.

1944 1997 1999 2051 8.
2022 1999 2230 2051 Auctor
2264 2011 2389 2052 esse
2425 1994 2740 2050 reverentia
2772 2001 2863 2048 tua
2900 1992 3083 2058 debet,
3121 2004 3176 2046 ut
3205 1993 3298 2063 qui
3337 2009 3462 2046 mu-

1869 2089 2133 2145 liebribus
2191 2089 2245 2143 iu
2315 2087 2667 2142 monasteriis
2753 2101 2968 2139 sacram
3043 2084 3197 2139 obire
3265 2083 3463 2138 debent

1869 2182 2232 2248 iunctionem,
2300 2197 2460 2237 senes
2515 2181 2626 2235 sint
2653 2190 2706 2235 et
2736 2177 3014 2239 eunuchi,
3083 2195 3150 2233 ne
3183 2178 3455 2248 virginum

1866 2275 2205 2332 existimatio
2232 2275 2503 2328 laceretur
2535 2275 2603 2328 ab
2627 2275 2717 2337 iis,
2748 2271 2951 2342 quibus
2981 2270 3180 2340 volupe
3206 2280 3286 2326 est
3325 2286 3456 2340 pro-

1866 2367 2048 2421 ximos
2074 2365 2344 2420 conviciis
2395 2365 2772 2434 proscindere.

1941 2457 1994 2510 9.
2039 2455 2207 2510 Debet
2249 2465 2342 2510 tua
2378 2457 2688 2511 reverentia
2731 2455 2993 2510 mandare
3050 2455 3340 2509 abbatibus
3398 2465 3461 2510 ut

1866 2563 1984 2612 eos,
2030 2548 2122 2617 qui
2182 2548 2392 2603 aliisin
2456 2549 2812 2603 monasteriis
2867 2559 3024 2618 pacta
3061 2555 3333 2602 conventa
3401 2556 3456 2602 et

1866 2634 2248 2690 confessiones
2276 2635 2526 2692 fecerunt
2578 2637 2786 2706 absque
2850 2638 3000 2692 illius
3038 2638 3332 2704 sententia,
3360 2638 3452 2708 qui

1867 2731 2100 2799 capillos
2161 2745 2353 2785 eorum
2438 2732 2699 2795 totondit,
2762 2749 2871 2788 non
2960 2733 3302 2788 admittant:
3359 2735 3455 2789 sed

1865 2837 2085 2877 omnem
2144 2823 2445 2879 adhibeant
2481 2824 2820 2897 diligentiam
2856 2836 3021 2894 atque
3077 2827 3344 2892 studium,
3398 2836 3458 2880 ut

1867 2915 2005 2985 ipsis
2026 2919 2420 2985 persuadeant,
2457 2933 2568 2987 quo
2602 2933 2758 2973 suam
2783 2918 2850 2970 ad
2885 2918 3226 2972 mansionem
3264 2934 3454 2972 recur-

1866 3015 2014 3064 rant.
2045 3006 2153 3063 Eos
2184 3024 2315 3062 vero
2341 3009 2433 3078 qui
2468 3016 2667 3079 prmter
2690 3000 2960 3063 rationem
2992 3008 3283 3062 admittere
3316 3009 3454 3064 tales

1865 3097 2091 3164 audent,
2118 3099 2314 3168 punies
2355 3111 2520 3169 atque
2574 3099 2894 3170 segregabis
2920 3140 2933 3164 ,
2974 3099 3137 3153 veluti
3179 3115 3276 3169 par
3329 3115 3452 3154 cum

1783 3215 1829 3274 ο
1864 3192 2152 3261 plagiariis
2185 3192 2392 3247 crimen
2441 3195 2876 3247 eonnnittentes.

1937 3281 2025 3336 10.
2052 3281 2358 3337 Abbatibus
2385 3283 2696 3337 reverentia
2734 3293 2823 3336 tua
2862 3284 3157 3354 praecipere
3187 3283 3370 3349 debet,
3395 3294 3454 3339 ut

1862 3375 1967 3429 sibi
1992 3374 2340 3430 subditorum
2377 3390 2474 3445 per
2525 3375 2692 3429 urbes
2747 3375 2800 3428 in
2834 3375 3117 3445 publicum
3179 3376 3453 3444 prodeun-

1863 3466 1999 3521 tium
2026 3466 2513 3522 obambulationes
2564 3466 2912 3537 prohibeant,
2947 3477 3115 3536 atque
3146 3483 3364 3521 onmem
3397 3466 3451 3522 in

1859 3562 1942 3616 eis
1969 3575 2100 3628 erga
2130 3571 2400 3630 cognatos
2441 3568 2494 3613 et
2530 3562 2741 3614 amicos
2800 3561 3248 3630 propensionem,
3287 3576 3455 3630 quas-

1859 3668 1969 3723 que
2044 3654 2535 3722 compaternitates
2601 3659 2804 3706 vocant
2889 3661 2942 3707 et
3007 3655 3453 3709 conversationes

1859 3752 2026 3813 atque
2081 3744 2396 3814 promiscua
2461 3759 2586 3798 cum
2680 3743 3008 3799 mulieribus
3089 3746 3451 3812 commercia,

1861 3836 2083 3906 penitus
2127 3835 2457 3906 exslirpent.
2485 3835 2604 3889 Non
2639 3835 2785 3890 enim
2851 3834 2933 3890 ba:
2982 3837 3274 3891 monastioi
3325 3846 3450 3893 sunt

1856 3931 2069 3987 ordinis
2115 3940 2361 3985 tesserze.

1929 4023 1988 4074 11
2036 4022 2327 4075 Exhortari
2347 4023 2649 4076 reverentia
2669 4031 2758 4076 tua
2790 4023 2952 4078 debet
2977 4038 3188 4088 omnes,
3225 4034 3280 4076 ut
3308 4025 3451 4093 jeju-

1855 4112 1964 4168 niis
1992 4122 2156 4183 atque
2187 4113 2446 4182 precibus
2473 4114 2774 4168 secundum
2813 4117 3043 4184 patritos
3061 4125 3112 4170 et
3135 4118 3450 4186 spirituules

1859 4206 1994 4260 ritus
2025 4216 2242 4270 vacent,
2276 4221 2382 4259 non
2410 4207 2531 4259 vita:
2558 4207 2804 4275 vulgaris
2837 4208 3066 4276 vestigia
3099 4217 3401 4276 sequantur
3432 4228 3444 4262 ι

1855 4296 2084 4349 alterum
2116 4307 2344 4365 propter
2375 4313 2553 4362 suam,
2580 4298 2812 4351 alterum
2849 4309 3070 4368 propter
3102 4315 3448 4354 commutem

1857 4387 2096 4440 aliorum
2130 4387 2466 4443 utilitatem:
2501 4398 2668 4457 utque
2712 4405 2812 4459 pro
2859 4390 3089 4451 viribus,
3146 4390 3446 4444 secundum

1854 4478 1988 4532 illud
2017 4479 2398 4549 evangelicum
2454 4489 2813 4551 praeceptum,
2849 4482 3224 4553 indigentibus
3255 4499 3447 4538 ncces-

151 4561 232 4620 εξς
256 4557 482 4611 πλείονα
509 4558 618 4612 τῶν
643 4560 836 4629 ψυχῶν
863 4563 1042 4617 αὐτῶν
1071 4566 1333 4619 εὐὸδωσίν
1359 4585 1418 4620 τε
1450 4569 1544 4622 καὶ
1593 4587 1746 4640 περι⁹

1865 4571 2002 4626 saria
2025 4572 2401 4642 suppeditent,
2435 4574 2500 4627 ad
2526 4574 2790 4644 majorem
2824 4575 3133 4628 animarum
3165 4577 3446 4645 prosperi-

150 4651 398 4716 ποίησιν.

219 4740 310 4811 ιβ’.
350 4745 444 4794 Δεῖ
474 4744 571 4814 τὴν
609 4743 708 4814 σὴν
740 4746 1027 4803 εὐλάϐειαν
1043 4751 1524 4823 διαμαρτύρασθαι
1556 4758 1744 4823 πᾶσιν,

146 4835 198 4886 οἵ
245 4837 685 4906 φροντιστηρίων
738 4840 1120 4910 ἐπιμελεῖσθαι
1174 4846 1497 4916 ἐτάχθησαν
1558 4850 1745 4920 ίερῶν,

147 4924 244 4978 τοῦ
284 4925 360 4993 μὴ
395 4927 712 4995 ἀποκείρειν
740 4935 1010 5001 μοναχοίις
1042 4934 1074 5004 ἢ
1104 4937 1438 5007 μοναστρίας
1494 4941 1601 5008 πρὸ
1629 4958 1747 5011 τρι-

144 5016 304 5080 ετοῦς
357 5018 706 5086 δοκιμασίας,
770 5023 865 5076 καὶ
914 5025 1036 5078 τότε
1088 5029 1410 5098 ἀποκείρειν
1469 5033 1595 5096 τοὺς
1646 5034 1744 5102 μὲν

146 5109 392 5180 ἆρρενας
447 5111 557 5163 ἀπὸ
612 5115 1173 5183 πεντεκαιδεκαετοῦς
1252 5122 1482 5192 χρόνουο
1562 5126 1658 5187 τὰς
1687 5126 1744 5179 δὲ

147 5203 436 5266 γυναῖκας,
480 5203 588 5255 ἀπὸ
625 5205 1178 5273 έπτακαιδεκαετοῦς.
1236 5213 1416 5266 Τοῦτο
1473 5216 1581 5287 γὰρ
1631 5221 1745 5281 τοῖς

150 5296 444 5360 πατρικοῖς
486 5293 843 5351 διατυπούται
870 5297 1113 5369 θεσμοῖς.
1143 5303 1214 5355 Τὸ
1246 5305 1351 5373 γὰρ
1387 5308 1539 5375 παρά
1571 5309 1744 5362 ταῦτα

149 5383 460 5451 γινόμενον,
492 5389 808 5455 συγχύσεως
864 5392 957 5444 καὶ
982 5394 1238 5464 ταραχῶν
1272 5396 1597 5451 ὡσταπολλα
1637 5401 1743 5452 δεί-

149 5494 344 5529 κνυται
381 5494 413 5530 α
423 5495 554 5532 ιτιον
565 5521 577 5532 .

221 5567 421 5635 ιγ’.ΔεΞ
448 5569 546 5640 τὴν
585 5570 681 5642 σὴν
725 5573 1013 5630 εὐλάϐειαν
1058 5577 1230 5632 ἅπασι
1295 5584 1601 5651 παραινεῖν,
1655 5576 1736 5644 οἷς

1853 4669 2020 4718 tatem
2049 4671 2105 4718 et
2136 4664 2582 4733 acquisitionem.

1927 4755 2015 4810 12.
2058 4754 2229 4811 Debet
2259 4767 2351 4810 tua
2376 4760 2686 4814 reverentia
2711 4762 3013 4821 eontestari
3035 4761 3099 4816 ad
3135 4762 3443 4825 universos,

1855 4851 1948 4920 qui
1988 4866 2272 4905 sacrorum
2312 4862 2370 4906 ut
2408 4853 2933 4923 phrontisteriorum
2967 4871 3152 4910 curam
3183 4855 3456 4924 habeant,

1852 4941 2092 4996 ordinati
2124 4953 2276 5006 sunt,
2317 4961 2386 5000 ne
2437 4947 2738 5002 monachos
2788 4957 2883 5001 aut
2947 4949 3279 5002 monastrias
3317 4957 3443 5000 ante

1853 5033 2081 5087 triennii
2151 5037 2413 5092 tondeaut
2477 5040 3076 5110 explorationem;quo
3137 5041 3449 5111 praeterito,

1849 5127 2259 5197 maresquidcm
2285 5141 2406 5199 post
2431 5132 2702 5186 decimum
2724 5134 2978 5202 quintum
3010 5136 3188 5187 aetatis
3228 5148 3442 5187 annum

1849 5219 2411 5287 tondeautzfeminas,
2452 5240 2580 5278 vero
2628 5234 2749 5293 post
2791 5227 3066 5280 decimum
3115 5228 3432 5294 septimum.

1850 5309 1972 5366 Hoc
2003 5315 2148 5367 enim
2181 5318 2396 5386 pati-itis
2420 5328 2505 5372 est
2550 5319 2822 5372 sancitum
2859 5320 3086 5389 legibus.
3122 5318 3256 5371 Nam
3289 5319 3436 5388 quod

1852 5414 2051 5474 ιιι-αξιοι·
2083 5409 2194 5462 haec
2229 5409 2345 5462 ﬁeri
2369 5412 2659 5481 contingit,
2717 5413 3039 5481 plerumque
3086 5409 3448 5472 confusionis.

1850 5503 1904 5550 ει
1929 5499 2215 5552 turbarum
2261 5517 2484 5557 CﬁllSﬂlll
2540 5520 2664 5558 ρεεθ
2697 5513 2933 5558 constat.

1921 5590 2010 5644 15.
2045 5589 2215 5648 Debet
2238 5598 2545 5652 reverentia
2580 5605 2671 5651 tua
2721 5611 2942 5651 monere
2965 5597 3277 5662 universos,
3309 5593 3434 5666 qui-

1488 5775 1710 5832 Vtilile
1750 5777 2151 5839 LECTIONES.

212 5856 255 5888 τε
291 5858 558 5922 διεπεικῖὸςη
