4198 6444
768 362 905 428 1151

2022 442 2027 449 ,
2063 374 2201 437 JUS
2239 378 2484 439 CANON
2496 382 2682 444 [CUM

3883 396 4025 467 1152

767 477 870 531 bus
900 473 1115 528 animus
1146 479 1229 527 est
1254 487 1409 529 sacra
1434 476 1820 545 plirontisteria
1845 478 1913 535 de
1946 494 2086 536 novo
2112 492 2335 548 struere,

2451 488 2483 556 ή
2507 490 2699 561 γνώμη
2725 491 2861 563 πρὸς
2891 495 2951 549 τὸ
2986 499 3265 569 νεουργεῐν
3300 498 3449 555 ἐστιν
3474 501 3593 573 ἱερά
3617 508 4031 578 φροντιστήρια,

766 582 832 618 ne
861 568 915 618 In
951 565 1084 619 locis
1113 579 1175 618 ea
1204 580 1394 634 parum
1448 568 1688 622 honestis
1738 570 2030 636 aediﬁcent,
2060 574 2141 626 vel
2185 589 2345 643 quam

765 658 1011 726 proxime
1043 657 1189 727 apud
1249 659 1405 713 villas
1438 678 1452 725 ;
1486 675 1590 715 nec
1626 662 1679 715 in
1739 663 1867 729 illis,
1904 664 1995 718 ubi
2028 679 2135 717 non
2196 666 2349 722 adest

766 748 961 802 idonea
989 750 1149 819 cepia
1188 752 1575 821 suppeditandi
1607 756 1688 810 eis
1723 772 1809 811 res
1859 758 2225 812 necessarias.
2251 758 2348 812 Al-

765 848 943 891 terum
982 842 1128 895 enim
1162 844 1532 912 corruptelam
1572 847 1772 901 animis
1806 847 2115 915 expeditam
2153 848 2350 905 oﬂ‘erre

765 930 927 996 solet,
955 932 1186 986 alterum
1209 934 1287 987 eis
1313 936 1663 992 manifestum
1695 936 1851 992 affert
1879 939 2162 994 interitum
2197 943 2347 1009 prius

764 1024 928 1075 etiam
957 1039 1115 1091 quam
1153 1027 1501 1082 excolantur.

838 1112 929 1167 Μ.
978 1112 1150 1169 Debet
1210 1120 1513 1172 reverentia
1553 1127 1666 1185 tua,
1731 1121 1909 1175 sicubi
1964 1124 2346 1193 patriarehal‘s

763 1206 1085 1261 monasterii
1120 1224 1318 1278 prwses
1341 1210 1457 1280 (ceu
1484 1211 1595 1265 fieri
1621 1223 2047 1269 consentaneum
2073 1216 2177 1288 est)
2203 1216 2345 1270 diem

762 1297 982 1363 obierit,
1013 1316 1135 1353 eum
1160 1303 1250 1369 qui
1278 1302 1345 1356 ab
1379 1304 1648 1361 universis
1677 1309 1919 1375 eligitur,
1952 1310 2015 1361 ad
2050 1325 2152 1363 nos
2189 1311 2340 1364 able-

762 1403 933 1457 gare:
964 1406 1068 1444 non
1104 1392 1465 1464 alium,quem
1497 1397 1597 1467 ipsi
1630 1399 1877 1452 monachi
1906 1416 2013 1453 non
2040 1402 2343 1470 postulant,

761 1480 855 1533 sed
887 1496 1047 1551 quem
1083 1485 1347 1555 elegerint
1392 1504 1620 1543 omnes:
1674 1498 1731 1543 ut
1791 1492 1862 1544 ita
1912 1507 2108 1545 manus
2163 1496 2340 1564 impo-

760 1572 1014 1627 sitionem
1040 1587 1388 1641 consecutus,
1419 1595 1635 1649 gregem
1672 1582 1772 1636 sibi
1804 1584 2089 1638 subditum
2130 1597 2339 1655 pascat.

837 1666 927 1721 15.
982 1667 1152 1721 Debet
1193 1673 1499 1726 reverentia
1552 1682 1662 1737 tua,
1723 1675 1897 1729 sicubi
1935 1685 2123 1744 poscat
2184 1696 2340 1746 usus,

760 1759 945 1809 omnia
978 1762 1312 1815 monasteria
1348 1762 1682 1830 describere,
1703 1782 1823 1834 qua:
1846 1765 1988 1835 juris
2022 1778 2148 1821 sunt
2174 1772 2343 1837 patri-

2452 583 2528 649 μὴ
2559 584 2862 653 οἰκοδομεῖν
2891 588 3064 643 ταῦτα
3100 594 3157 645 ὲν
3185 592 3442 662 ἀσέμνοις
3472 596 3678 660 τόποις,
3705 597 3739 668 ἢ
3771 600 3847 662 ὡς
3874 602 4034 668 gn“-

2450 672 2596 726 τάτω
2652 678 2865 745 χωρίων
2891 718 2905 741 ,
2947 681 3069 750 μηδ’
3100 677 3165 735 αὖ
3188 677 3269 745 οἷς
3302 686 3333 754 ἡ
3374 688 3664 755 περιουσία
3698 689 3803 743 οὐκ
3831 692 4037 763 αὐτάρ-

2451 782 2554 835 κης
2583 768 2752 833 ἐστὶν,
2784 772 2864 833 εἰς
2891 772 2951 825 τὸ
2980 777 3238 844 χορηγεῖν
3272 776 3481 841 τούτοις
3520 778 3588 831 τὰ
3621 782 3935 851 πρόσφορα.
3967 783 4036 836 Τδ

2453 859 2551 925 μὲν
2574 863 2683 931 γὰρ
2735 865 2957 935 ἑτοίμην
2989 862 3096 920 οἶδε
3123 868 3301 939 ψυχῆς
3332 871 3380 902 ⁷³
3408 871 3670 942 παρέχειν
3711 874 3950 945 φθορὰν,
3980 878 4036 929 τὸ

2448 950 2504 1002 δὲ
2539 951 2635 1022 τὴν
2670 960 3056 1031 καταστροφὴν
3108 961 3291 1025 αὐτοῖς
3325 963 3589 1035 πρόδηλον
3635 968 3879 1019 ποιεῖται
3945 972 4036 1021 καὶ

2451 1044 2556 1114 πρὸ
2585 1047 2679 1116 τῆς
2710 1049 2991 1118 ἐργασίας.

2521 1140 2601 1195 ιδ’.
2658 1146 2751 1196 Δεῖ
2795 1144 2892 1214 τὴν
2952 1145 3049 1215 σὴν
3080 1147 3391 1215 εὐλάϐειαν,
3429 1149 3610 1202 εἵπου
3666 1153 4035 1219 μονασττςρίον

2448 1237 2877 1303 πειτριαρχικοῦ,
2910 1233 2995 1290 οἷα
3023 1238 3515 1308 εἰκὸς,ήγούμενος
3565 1241 3911 1311 τελευτήσει,
3951 1247 4036 1296 τὸν

2449 1325 2553 1378 ὑπὸ
2582 1327 2797 1379 πάντων
2838 1328 3211 1400 ψηφιζόμενον
3272 1333 3410 1400 πρὸς
3455 1334 3603 1402 ἡμᾶς
3658 1334 4033 1411 ἀναπέμπειν.

2448 1418 2543 1470 καὶ
2576 1420 2649 1489 μὴ
2678 1419 2884 1490 ἕτερον,
2913 1421 2971 1473 ὃν
3007 1423 3102 1491 οὐχ
3136 1423 3413 1492 αἱροῦνται
3443 1424 3491 1477 0!
3538 1428 3785 1495 μοναχοὶ,
3824 1428 3942 1478 ἀλλ’
3981 1429 4034 1481 ὃν

2448 1523 2649 1569 π.ιντες
2672 1509 2980 1575 ἐκλέξονται
3004 1528 3016 1541 ο
3034 1512 3108 1575 ὼς
3132 1513 3197 1566 ἂν
3210 1515 3306 1583 τῆς
3324 1514 3664 1585 χειροθεσίας
3680 1516 4031 1587 ἀξιούμενος,

2446 1597 2589 1650 οἰτω
2620 1601 2862 1672 ποιμάνῃ
2886 1603 2944 1655 τὸ
2974 1606 3307 1673 ὑποχείριον.

2523 1696 2601 1744 ιε’.
2638 1692 2728 1743 Δεῖ
2758 1694 2857 1761 τὴν
2893 1695 2991 1761 σὴν
3047 1696 3353 1759 εὐλάϐειαν,
3421 1699 3575 1752 εἵπου
3610 1702 4030 1771 χρείαζὲπείγοι.

2450 1784 2907 1853 καταγράψασοαι
2938 1784 3152 1839 ἅπαντα
3188 1789 3254 1839 τὰ
3284 1791 3393 1851 τοῖς
3443 1794 3866 1860 πατριαρχικοῖς
3902 1809 4033 1859 προ-

763 1849 993 1909 archiei.
1034 1867 1140 1904 una
1198 1870 1320 1907 cum
1358 1858 1522 1910 rebus
1572 1859 1636 1911 ad
1689 1873 1752 1913 ea
1811 1861 2235 1928 pertinentibus,
2288 1873 2335 1917 et

2449 1875 2653 1943 νομίοις
2677 1876 2946 1945 ἀνήκοντα
2974 1879 3333 1948 μοναστήρια,
3388 1881 3501 1949 ἅμα
3535 1883 3647 1944 τοῖς
3680 1882 4033 1951 διαφέρουσιν

762 1953 887 1999 cum
920 1942 1064 1997 vasis
1129 1949 1354 2001 sacris:
1418 1962 1648 2018 eamque
1697 1949 2122 2021 descriptionem
2186 1954 2344 2009 nobis

760 2030 994 2087 mittere.

839 2125 928 2178 l6.
971 2126 1300 2181 Reverentia
1336 2139 1427 2182 tua
1462 2128 1625 2186 debet
1655 2146 1773 2197 eos,
1824 2134 1917 2203 qui
1976 2136 2254 2192 divertunt
2288 2138 2344 2192 in

762 2218 1144 2281 monasteriis,
1172 2232 1235 2272 ac
1271 2220 1429 2273 novis
1465 2236 1525 2274 ea
1563 2232 1791 2292 gravant
1822 2227 2183 2293 oneribus,et
2209 2230 2343 2285 alias

763 2303 1109 2372 importunae
1139 2306 1368 2374 injurias
1403 2318 1567 2380 atque
1601 2312 1924 2368 detrimenta
1952 2317 2217 2383 inferunt,
2244 2336 2341 2389 pro

763 2397 978 2451 viribus
997 2414 1284 2453 coercere:
1315 2403 1589 2472 animique
1609 2406 1972 2474 cogitationes
1997 2424 2063 2463 eo
2082 2412 2339 2482 dirigere.

765 2498 820 2540 ut
847 2489 956 2542 illic
988 2500 1159 2544 semet
1188 2500 1531 2558 exercentes,
1577 2510 1604 2548 a
1642 2494 1857 2550 damnis
1902 2499 2175 2557 immunes
2210 2505 2337 2569 sint,

760 2589 814 2634 ct
845 2581 896 2633 in
931 2581 1187 2651 religioso
1222 2583 1404 2637 studio
1438 2586 1602 2639 nullis
1642 2588 1908 2645 molestiis
1949 2593 2334 2661 impediantur.

834 2672 921 2727 17.
951 2671 1120 2728 Debet
1160 2679 1466 2730 reverentia
1496 2687 1589 2731 tua
1624 2681 1867 2749 quolibet
1893 2683 1943 2736 in
1983 2688 2336 2755 monasterio,

757 2769 901 2840 quod
935 2769 1034 2825 tibi
1084 2772 1188 2825 erit
1237 2772 1569 2839 adeundum,
1620 2776 1723 2832 hoc
1756 2780 1935 2848 ipsum
1993 2781 2334 2838 datum-tibi

759 2872 1157 2933 praeceptorum
1193 2865 1624 2921 instrumentum
1656 2884 1685 2921 a
1744 2872 2017 2942 principio
2070 2873 2134 2928 ad
2170 2875 2332 2929 linem

758 2966 932 3018 usque
964 2955 1262 3024 perlegere,
1296 2973 1418 3011 cum
1444 2958 1564 3025 ejus
1598 2960 1674 3013 rei
1707 2961 2021 3016 mandatum
2058 2964 2127 3019 ab
2150 2966 2337 3019 omni-

757 3045 962 3111 potenti
1000 3043 1108 3098 Deo
1136 3046 1347 3101 scilicet
1396 3047 1635 3104 habeas:
1690 3058 1753 3103 ut
1793 3064 2037 3107 nostram
2092 3056 2158 3110 de
2201 3057 2337 3126 ipsis

755 3132 1156 3190 ordinationem
1191 3138 1523 3209 intelligant,
1586 3158 1649 3196 ac
1696 3155 1746 3197 te
1794 3145 1964 3199 veluti
2020 3155 2231 3216 patrem
2280 3160 2330 3205 et

754 3237 1119 3281 correctorem
1152 3244 1363 3294 eorum,
1394 3247 1515 3302 quae
1543 3234 1792 3305 neglecta
1844 3243 1993 3303 sunt,
2027 3253 2137 3293 non
2166 3239 2335 3294 viola-

757 3325 931 3370 torem
996 3327 1051 3372 et
1106 3330 1459 3388 vastatorem,
1542 3327 1856 3395 excipiant:
1921 3329 2168 3399 adeoque
2225 3333 2333 3387 tuis

754 3408 1230 3466 admonitionibus
1280 3411 1582 3470 alacriores
1609 3425 1662 3469 et
1691 3415 2067 3488 diligentiores
2092 3418 2335 3476 elﬁcian-

756 3511 870 3556 tur.

827 3591 925 3646 His
958 3600 1008 3647 te
1036 3608 1160 3648 cum
1199 3595 1253 3649 in
1289 3599 1535 3661 exordio,
1568 3608 1681 3653 tum
1724 3601 1829 3657 hoc
1858 3600 2021 3657 etiam
2064 3603 2184 3659 loco
2216 3620 2335 3661 mu-

756 3685 1019 3741 niendum
1081 3689 1421 3756 putavimus,
1503 3693 2015 3749 condemnationem
2090 3697 2332 3752 divinam

752 3776 1135 3833 formidantes.
1167 3778 1248 3833 Tu
1288 3782 1331 3834 si
1364 3790 1551 3838 custos
1610 3784 1719 3838 eris
1752 3785 1916 3854 hujus
1968 3788 2333 3843 ordinationis

752 3875 977 3934 nostrae,
1005 3870 1151 3924 vices
1192 3872 1290 3925 tibi
1322 3872 1541 3929 ccelitus
1570 3872 1712 3931 Deus
1750 3875 1866 3944 ipse
1900 3877 2179 3932 laboribus
2225 3880 2333 3935 tuis

753 3960 1146 4029 respondentes
1176 3970 1229 4017 et
1255 3965 1368 4031 jam
1425 3969 1703 4035 rependet,
1739 3978 1792 4021 et
1828 3968 1881 4022 in
1932 3968 2139 4036 judicio
2186 3986 2333 4025 mor-

752 4060 994 4105 tuorum.
1021 4051 1118 4106 Sin
1145 4068 1269 4107 esse
1302 4059 1557 4125 praecepti
1590 4060 1763 4113 nostri
1800 4060 2036 4115 violator
2076 4062 2335 4118 inventus

750 4142 946 4208 fueris,
984 4154 1038 4200 et
1061 4147 1309 4215 quaedam
1339 4151 1657 4219 corruperis
1688 4167 1747 4205 ac
1774 4153 2126 4209 innovaveris
2156 4197 2167 4219 ,
2201 4164 2330 4211 ante

750 4234 1080 4303 supplicium
1108 4235 1431 4301 humanum,
1494 4238 1727 4293 ultorem
1791 4241 2097 4310 experieris
2155 4244 2331 4313 ipsum

753 4321 942 4389 Deum,
970 4328 1062 4394 qui
1120 4342 1308 4392 pmnas
1358 4338 1411 4382 et
1446 4346 1591 4385 nunc
1623 4333 1813 4402 exigit,
1847 4343 1901 4388 et
1946 4350 2067 4388 cum
2102 4338 2326 4406 praemia

747 4414 943 4484 cuique
966 4431 1064 4484 pro
1096 4418 1210 4471 suis
1237 4416 1396 4473 factis
1439 4422 1652 4476 tribuit.

2450 1966 2633 2028 αὐτοῖς
2684 1969 2974 2037 πράγμασί
3012 1987 3069 2020 τε
3123 1970 3217 2022 καὶ
3261 1973 3425 2042 ἱεροῖς
3477 1972 3714 2039 σκεύεσι,
3756 1976 3852 2025 καὶ
3897 1975 4031 2044 πρὸς

2448 2059 2592 2127 ἡμᾶς
2629 2059 2970 2127 ἀναπέμψαι.

2521 2157 2617 2214 ις’.
2648 2150 2845 2221 Δεῖτὴν
2866 2152 2964 2222 σὴν
2978 2153 3264 2207 εὐλάϐειαν
3286 2155 3409 2218 τοὺς
3434 2157 3491 2207 ἐν
3508 2159 3620 2219 τοῖς
3644 2159 4032 2228 μοναστηρὲοις

2446 2239 2913 2307 παραϐάλλοντας,
2960 2242 3054 2294 καὶ
3100 2242 3273 2298 ταῦτα
3330 2246 3813 2314 καινοτομοῦντας,
3865 2249 4032 2312 ἄλλας

2445 2346 2504 2381 τε
2539 2330 2796 2399 ἀκαίρους
2830 2332 3013 2395 αὐτοῖς
3038 2334 3303 2404 ἐπηρείας
3332 2336 3425 2389 καὶ
3462 2337 3665 2406 βλάϐας
3697 2341 4029 2407 ἐπάγοντας,

2445 2422 2544 2490 ὅση
2568 2422 2797 2493 δύναμις
2823 2424 3151 2477 ἀνακόπτειν
3173 2443 3186 2456 ·
3219 2427 3310 2479 καὶ
3335 2430 3444 2490 τοῖς
3471 2429 3646 2480 ἐκεῖσε
3668 2430 4032 2498 ἁσκονμένοις

2443 2514 2505 2565 τὸ
2536 2513 2770 2582 ἀζήμιον
2800 2517 2892 2568 καὶ
2927 2517 3300 2589 άνενόχλητον,
3337 2520 3477 2573 κατά
3507 2520 3599 2573 τὸν
3628 2521 3827 2593 εὐσεϐῆ
3851 2522 4029 2591 λόγον,

2444 2605 2791 2659 διανοεῖσθαι.

2516 2698 2602 2763 ιζ’.
2630 2701 2721 2752 Δεῖ
2749 2700 2848 2771 τὴν
2892 2701 2991 2772 σὴν
3025 2702 3314 2758 εὐλάϐειαν
3370 2708 3427 2757 ὲν
3458 2705 3660 2776 ἑκάστῃ
3704 2709 3864 2777 μονῇ,
3907 2710 3966 2761 ὲν

2444 2790 2817 2862 παραϐάλλειν
2876 2794 3136 2863 ὀφείλεις,
3189 2794 3348 2848 τοῦτο
3399 2796 3463 2867 δὴ
3525 2799 3586 2850 τὸ
3610 2800 4031 2870 παρεσχημένον

2444 2897 2525 2934 σοι
2547 2882 2655 2934 τῶν
2679 2886 3120 2956 προσταγμάτων
3147 2887 3423 2957 ἔγγραφον
3446 2888 4031 2957 καθυπαναγινὼσκειν

2441 2973 2533 3026 ἀπ’
2557 2974 2731 3044 ἀρχῆς
2766 2976 2928 3047 μέχρι
2961 2976 3168 3041 τέλους,
3208 2979 3425 3050 ἐντολὴν
3448 2981 3650 3053 δηλαδὴ
3680 2984 3844 3051 παρα
3884 2985 4024 3037 Θεσῦ

2439 3064 2880 3135 παντοκράτορος
2936 3068 3202 3138 ἔχουσαν·
3235 3069 3312 3133 ὡς
3369 3069 3437 3124 ἃν
3467 3073 3561 3125 καὶ
3612 3072 3710 3144 τὴν
3753 3076 4030 3145 ἡμετέραν

2358 3200 2404 3258 c
2438 3159 2565 3227 περὶ
2600 3159 2780 3211 αὐτῶν
2815 3161 3081 3228 ἐπιγνοῖεν
3112 3161 3394 3233 διαταγὴν,
3436 3165 3529 3217 καὶ
3571 3166 3627 3219 σὲ
3677 3165 3752 3227 ὡς
3812 3169 4029 3236 πατέρα

2439 3248 2677 3318 δέχοιντο
2713 3250 2808 3303 καὶ
2838 3250 3138 3322 διορθωτὴν
3163 3252 3273 3305 τῶν
3324 3254 3712 3325 ἠμελημένων,
3759 3256 3878 3309 ἀλλ’
3910 3261 4028 3331 οὐχὶ

2441 3341 2644 3412 φθορέα
2680 3342 2773 3396 καὶ
2798 3342 3083 3414 λυμεῶνα⁶
3117 3347 3211 3398 καὶ
3240 3347 3359 3408 ταῖς
3395 3349 3511 3410 σαῖς
3544 3348 3852 3414 νουθεσίαις
3883 3352 4025 3404 ἑτοι-

2444 3433 2662 3502 μότεροι
2695 3437 3030 3489 κατασταῖεν
3054 3436 3150 3490 καὶ
3179 3437 3613 3508 σπουδαιότεροι.

2511 3604 2734 3667 Τούτοις
2763 3623 2822 3659 σε
2856 3607 2951 3661 καὶ
3005 3608 3063 3659 ὲν
3108 3610 3439 3675 προοιμίοις,
3496 3610 3592 3663 καὶ
3629 3610 3724 3663 νῦν
3764 3612 4025 3684 ᾠήθημεν

2439 3693 2556 3748 δέον
2584 3696 3069 3764 ἑξασφαλξσασθαι,
3098 3700 3156 3750 τὸ
3181 3698 3321 3751 θεῖον
3341 3700 3637 3764 δεδοικότες
3681 3706 4023 3775 κατάκριμα.

2451 3787 2656 3842 Ἀλλέἰ
2688 3790 2786 3859 μὲν
2814 3790 2986 3858 φύλαξ
3011 3790 3129 3861 εῐης
3160 3795 3257 3860 τῆς
3282 3794 3556 3863 ἡμετέρας
3572 3795 3862 3865 δωταγῆς,
3893 3801 4027 3853 ἄνω·

2441 3879 2530 3931 θεν
2564 3880 2696 3941 Θεὸς
2728 3881 3031 3948 άμεὶιζ.εταί
3074 3898 3130 3933 σε
3169 3882 3277 3932 τῶν
3309 3882 3484 3934 πόνων
3517 3882 3820 3947 ἀξίως,νζν
3854 3891 3949 3940 καὶ
3975 3893 4029 3942 ἐν

2438 3973 2503 4040 τῇ
2530 3971 2637 4023 τῶν
2665 3970 3011 4041 βεϐιωμένων
3036 3972 3355 4039 διαγνώσει.
3386 3973 3448 4026 Ei
3484 3974 3538 4026 δὲ
3574 3976 3907 4047 παραϐάτης
3934 3982 4029 4049 τῆς

2437 4064 2714 4133 ἡμετέρας
2745 4065 2973 4133 εὑρεθῇς
3000 4066 3239 4131 ἐντολῆς,
3275 4067 3366 4117 ἐπὶ
3398 4065 3543 4139 λύμῃ
3579 4068 3673 4120 καὶ
3703 4074 4032 4142 καινοτομῖα

2437 4153 2597 4206 τινῶν
2625 4155 2937 4224 γενόμενος,
2971 4156 3104 4207 Θεὸν
3167 4156 3311 4219 ἕξεις
3368 4158 3473 4225 πρὸ
3530 4158 3625 4226 τῆς
3675 4159 4032 4231 ἀνθρωπίνης

2436 4241 2591 4313 δίκης
2623 4244 2715 4296 τὸν
2760 4244 3123 4311 ἀμυνόμενον,
3180 4244 3408 4307 εὐθύνας
3440 4262 3499 4296 τε
3557 4248 3901 4302 ἀπαιτοῦντα
3938 4253 4030 4303 καὶ

2436 4333 2551 4395 νῦν,
2583 4334 2676 4385 καὶ
2709 4335 2942 4403 δπηνῖκα
2992 4337 3207 4406 ἑκάστῳ
3240 4336 3308 4389 τὰ
3360 4336 3613 4408 ὲπίχειρα
3654 4340 3765 4391 τῶν
3807 4342 4027 4395 οἰκείων

2435 4424 2756 4477 ἀποδίδωσιν
2791 4425 2987 4493 ἔργων.

783 4540 1101 4596 Mandatum
1123 4561 1219 4612 pro
1248 4563 1329 4613 eo,
1378 4550 1469 4618 qui
1496 4561 1647 4619 pater
1669 4554 1966 4620 spiritualis
1990 4559 2108 4625 ﬁeri
2125 4559 2295 4616 debet.

2445 4555 2756 4622 Ἐιτταλμιι
2783 4556 2869 4620 εἰς
2912 4554 2975 4607 τὸ
3000 4555 3281 4624 γενέσθαι
3327 4557 3551 4625 πατέρα
3587 4565 4023 4627 πνευματικόν.

818 4653 1081 4710 Decessor
1112 4668 1319 4723 noster,
1351 4662 1735 4721 sanctissimus
1770 4666 1860 4721 ille
1896 4671 2205 4737 patriarcha
2237 4673 2329 4736 N.,

742 4761 843 4816 per
868 4747 1081 4803 litteras
1113 4753 1431 4806 mandatum
1468 4760 1835 4825 continentes,
1874 4767 2333 4822 reverendissimo

744 4840 1014 4894 monacho
1038 4850 1089 4895 et
1121 4843 1317 4898 abbate
1340 4849 1669 4903 venerabilis
1703 4856 2019 4907 monasterii
2045 4871 2335 4913 successo-

744 4945 864 4983 rum
906 4932 1249 4988 Ammoniaei
1299 4936 1557 4993 Dositheo
1602 4944 1851 5009 permisit
1883 4954 2007 5001 ante
2047 4950 2151 5001 hoc
2189 4958 2328 5004 tem-

743 5034 866 5089 pus,
896 5029 951 5073 ut
971 5022 1189 5077 illorum
1212 5030 1453 5084 rationes
1477 5030 1713 5097 audiret,
1739 5035 1829 5103 qui
1852 5051 1975 5090 eum
2006 5053 2102 5093 ceu
2123 5052 2324 5108 patrem

745 5111 1084 5179 spiritualem
1144 5119 1469 5174 accederent
1519 5138 1534 5185 ;
1600 5139 1701 5178 nec
1760 5126 1978 5181 illorum
2036 5131 2325 5195 duntaxat,

744 5216 933 5255 verum
968 5205 1127 5257 etiam
1168 5208 1593 5265 constitutorum
1640 5215 1742 5267 sub
1786 5232 1843 5271 se
1882 5221 2321 5276 monachorum:

746 5300 912 5361 atque
940 5296 1016 5348 uti
1059 5298 1124 5350 ad
1157 5313 1255 5352 eos
1291 5289 1652 5369 pertinentia.
1680 5307 1862 5362 studio
1894 5313 2130 5379 quodam
2164 5329 2327 5367 accu-

745 5393 865 5447 rate
908 5389 1262 5443 examinaret.
1308 5392 1446 5457 Quia
1491 5411 1618 5450 vero
1651 5406 1839 5453 nostra
1877 5415 2094 5469 quoque
2118 5405 2324 5457 medio-

745 5476 913 5532 eritas
938 5478 1301 5539 invenitbunc
1328 5489 1500 5541 virum
1526 5491 1707 5546 omnis
1732 5494 1943 5560 pictatis
1988 5495 2321 5559 studiosum,

747 5577 802 5627 et
827 5572 1155 5629 conditionis
1181 5575 1299 5645 ejus
1318 5580 1659 5649 participem,
1683 5598 1801 5652 qua:
1838 5594 1960 5640 vero
1997 5586 2322 5639 monachum

2515 4665 2760 4732 Ἔφθασε
2799 4666 2898 4732 μὲν
2928 4668 2955 4717 ὁ
2984 4667 3089 4733 πρὸ
3126 4668 3284 4737 ἡμῶν
3326 4669 3628 4734 ἁγιώτατος
3659 4672 3877 4736 ἐκεῖνος
3921 4692 4028 4726 πα.

2439 4759 2705 4827 τριάρχης
2740 4761 2767 4811 ὁ
2808 4759 2975 4821 δεῖνα,
3009 4759 3324 4828 ἐκχωρῆσαι
3357 4760 3427 4813 δι’
3467 4762 3823 4830 ὲνταλτηρίου
3854 4766 4023 4819 αὑτοῦ

2439 4849 2771 4916 γράμματος
2791 4848 2870 4917 τῷ
2889 4852 3204 4917 τιμιωτάτῳ
3232 4850 3573 4920 ἱερομονάχῳ
3616 4853 3714 4904 καὶ
3741 4855 4026 4923 καθηγου-

2441 4940 2586 5008 μένῳ
2617 4939 2717 5007 τῆς
2761 4940 3063 5008 σεϐασμίας
3094 4944 3259 5011 μονῆς
3297 4940 3403 4993 τῶν
3448 4943 3841 5010 ’Δμμωνιακοῦ
3873 4948 4024 4998 Δοσι-

2448 5030 2575 5099 θέῳ,
2604 5031 2854 5099 δέχεσθαι
2891 5034 3016 5094 τοὺς
3058 5034 3354 5103 λογισμοὺς
3399 5032 3506 5084 τῶν
3536 5033 3611 5095 ὡς
3657 5038 4023 5106 πνευματικῷ

2442 5125 2609 5192 πατρὶ
2648 5124 2982 5192 προσιόντων
3011 5125 3182 5193 αὐτῷ·
3215 5126 3276 5177 οὐ
3324 5124 3487 5194 μόνον
3530 5124 3585 5177 δὲ
3616 5125 3849 5189 τούτων,
3881 5129 4022 5181 ἀλλά

2434 5215 2527 5267 καὶ
2558 5215 2666 5267 τῶν
2707 5213 2795 5266 ὑπ’
2832 5216 2993 5268 αὑτὸν
3037 5218 3309 5285 μοναχών·
3353 5219 3447 5269 καὶ
3485 5216 3760 5281 ἐξετάζειν
3788 5219 3857 5270 τά
3898 5221 4021 5272 κατ’

2435 5308 2631 5369 αὐτοὺς
2672 5306 3083 5377 ἀκριϐέστερον.
3143 5308 3294 5360 Ἐπεὶ
3370 5308 3425 5359 δὲ
3483 5308 3580 5360 καὶ
3631 5309 3665 5376 ή
3722 5311 4019 5377 μετριότης

2436 5399 2592 5468 ἡμῶν
2644 5392 2771 5467 εὗρε
2814 5401 2905 5450 τὸν
2946 5400 3186 5453 τοιοῦτον
3240 5401 3432 5469 ἄνδρα,
3492 5400 3676 5467 πάσης
3724 5401 4019 5464 εὐλαϐείας

2435 5490 2897 5558 ἀντιποιούμενον,
2929 5492 3023 5543 καὶ
3058 5494 3155 5560 τῆς
3184 5495 3295 5555 τοῖς
3324 5492 3442 5545 κατ’
3485 5492 3744 5563 ἀλήθειαν
3774 5497 4021 5563 πρεπού-

2438 5596 2535 5647 σης
2588 5582 2842 5650 μοναχνιῖς
2898 5584 3283 5645 καταστάσεως
3340 5582 3659 5651 μετέχοντα,
3714 5584 3807 5637 καὶ
3865 5600 4012 5643 45w-

2050 5693 2279 5748 \'.\lll/E
2314 5693 2718 5749 LEC'HUNES.

825 5770 874 5804 "
900 5771 1111 5843 Quini;
