  <div class='ocr_page' id='page_1' title='image "/cluster/home/n/w/nwhite01/storage/ocr_20150623/119/nnc1.0046980091/585.png"; bbox 0 0 4198 6444; ppageno 0'>
   <div class='ocr_carea' id='block_1_1' title="bbox 735 434 878 499">
    <p class='ocr_par' dir='ltr' id='par_1_1' title="bbox 735 434 878 499">
     <span class='ocr_line' id='line_1_1' title="bbox 735 434 878 499; baseline 0.007 -1"><span class='ocrx_word' id='word_1_1' title='bbox 735 434 878 499; x_wconf 71' lang='grc'><strong>1155</strong></span> 
     </span>
    </p>
   </div>
   <div class='ocr_carea' id='block_1_2' title="bbox 737 627 2325 701">
    <p class='ocr_par' dir='ltr' id='par_1_2' title="bbox 737 627 2325 701">
     <span class='ocr_line' id='line_1_2' title="bbox 737 627 2325 701; baseline -0.006 -13"><span class='ocrx_word' id='word_1_2' title='bbox 737 635 794 688; x_wconf 91' lang='lat' dir='ltr'><strong>in</strong></span> <span class='ocrx_word' id='word_1_3' title='bbox 822 635 925 688; x_wconf 89' lang='lat' dir='ltr'><strong>alia</strong></span> <span class='ocrx_word' id='word_1_4' title='bbox 951 633 1144 701; x_wconf 81' lang='lat' dir='ltr'><strong>quavis</strong></span> <span class='ocrx_word' id='word_1_5' title='bbox 1161 629 1484 684; x_wconf 74' lang='lat' dir='ltr'><strong>monasterii</strong></span> <span class='ocrx_word' id='word_1_6' title='bbox 1516 627 1797 683; x_wconf 87' lang='lat' dir='ltr'><strong>functione</strong></span> <span class='ocrx_word' id='word_1_7' title='bbox 1829 629 1982 698; x_wconf 92' lang='lat' dir='ltr'><strong>prius</strong></span> <span class='ocrx_word' id='word_1_8' title='bbox 2012 634 2325 690; x_wconf 75' lang='lat' dir='ltr'><strong>versentur,</strong></span> 
     </span>
    </p>
   </div>
   <div class='ocr_carea' id='block_1_3' title="bbox 738 720 2328 792">
    <p class='ocr_par' dir='ltr' id='par_1_3' title="bbox 738 720 2328 792">
     <span class='ocr_line' id='line_1_3' title="bbox 738 720 2328 792; baseline -0.004 -13"><span class='ocrx_word' id='word_1_9' title='bbox 738 726 868 781; x_wconf 89' lang='lat' dir='ltr'><strong>licet</strong></span> <span class='ocrx_word' id='word_1_10' title='bbox 905 724 970 778; x_wconf 84' lang='lat' dir='ltr'><strong>ad</strong></span> <span class='ocrx_word' id='word_1_11' title='bbox 1013 722 1254 792; x_wconf 81' lang='lat' dir='ltr'><strong>aliquam</strong></span> <span class='ocrx_word' id='word_1_12' title='bbox 1302 721 1497 776; x_wconf 90' lang='lat' dir='ltr'><strong>barum</strong></span> <span class='ocrx_word' id='word_1_13' title='bbox 1545 720 1724 776; x_wconf 90' lang='lat' dir='ltr'><strong>idonei</strong></span> <span class='ocrx_word' id='word_1_14' title='bbox 1779 722 1910 784; x_wconf 85' lang='lat' dir='ltr'><strong>sint,</strong></span> <span class='ocrx_word' id='word_1_15' title='bbox 1965 734 2128 789; x_wconf 90' lang='lat' dir='ltr'><strong>quam</strong></span> <span class='ocrx_word' id='word_1_16' title='bbox 2180 726 2328 774; x_wconf 89' lang='lat' dir='ltr'><strong>recte</strong></span> 
     </span>
    </p>
   </div>
   <div class='ocr_carea' id='block_1_4' title="bbox 737 812 2324 890">
    <p class='ocr_par' dir='ltr' id='par_1_4' title="bbox 737 812 2324 890">
     <span class='ocr_line' id='line_1_4' title="bbox 737 812 2324 890; baseline -0.005 -16"><span class='ocrx_word' id='word_1_17' title='bbox 737 817 1059 890; x_wconf 90' lang='lat' dir='ltr'><strong>psalterium</strong></span> <span class='ocrx_word' id='word_1_18' title='bbox 1101 814 1442 878; x_wconf 90' lang='lat' dir='ltr'><strong>edidicerint,</strong></span> <span class='ocrx_word' id='word_1_19' title='bbox 1495 825 1603 866; x_wconf 88' lang='lat' dir='ltr'><strong>una</strong></span> <span class='ocrx_word' id='word_1_20' title='bbox 1633 813 2053 868; x_wconf 78' lang='lat' dir='ltr'><strong>cumunirersa</strong></span> <span class='ocrx_word' id='word_1_21' title='bbox 2105 812 2324 880; x_wconf 87' lang='lat' dir='ltr'><strong>reliqua</strong></span> 
     </span>
    </p>
   </div>
   <div class='ocr_carea' id='block_1_5' title="bbox 737 903 2330 975">
    <p class='ocr_par' dir='ltr' id='par_1_5' title="bbox 737 903 2330 975">
     <span class='ocr_line' id='line_1_5' title="bbox 737 903 2330 975; baseline -0.006 -10"><span class='ocrx_word' id='word_1_22' title='bbox 737 910 878 965; x_wconf 87' lang='lat' dir='ltr'><strong>serie</strong></span> <span class='ocrx_word' id='word_1_23' title='bbox 929 923 1114 963; x_wconf 84' lang='lat' dir='ltr'><strong>rerum</strong></span> <span class='ocrx_word' id='word_1_24' title='bbox 1179 921 1390 970; x_wconf 89' lang='lat' dir='ltr'><strong>earum,</strong></span> <span class='ocrx_word' id='word_1_25' title='bbox 1455 919 1595 975; x_wconf 89' lang='lat' dir='ltr'><strong>quas</strong></span> <span class='ocrx_word' id='word_1_26' title='bbox 1656 906 1794 961; x_wconf 90' lang='lat' dir='ltr'><strong>citra</strong></span> <span class='ocrx_word' id='word_1_27' title='bbox 1851 903 2229 974; x_wconf 84' lang='lat' dir='ltr'><strong>exceptionem</strong></span> <span class='ocrx_word' id='word_1_28' title='bbox 2275 910 2330 958; x_wconf 87' lang='lat' dir='ltr'><strong>et</strong></span> 
     </span>
    </p>
   </div>
   <div class='ocr_carea' id='block_1_6' title="bbox 738 996 2327 1068">
    <p class='ocr_par' dir='ltr' id='par_1_6' title="bbox 738 996 2327 1068">
     <span class='ocr_line' id='line_1_6' title="bbox 738 996 2327 1068; baseline -0.004 -13"><span class='ocrx_word' id='word_1_29' title='bbox 738 1004 1151 1056; x_wconf 78' lang='lat' dir='ltr'><strong>excusationem</strong></span> <span class='ocrx_word' id='word_1_30' title='bbox 1194 999 1336 1053; x_wconf 88' lang='lat' dir='ltr'><strong>scire</strong></span> <span class='ocrx_word' id='word_1_31' title='bbox 1367 999 1620 1068; x_wconf 82' lang='lat' dir='ltr'><strong>quemvis</strong></span> <span class='ocrx_word' id='word_1_32' title='bbox 1671 999 1998 1052; x_wconf 87' lang='lat' dir='ltr'><strong>monachum</strong></span> <span class='ocrx_word' id='word_1_33' title='bbox 2026 996 2282 1052; x_wconf 71' lang='lat' dir='ltr'><strong>convenit</strong></span> <span class='ocrx_word' id='word_1_34' title='bbox 2312 1012 2327 1061; x_wconf 91' lang='lat'><strong>;</strong></span> 
     </span>
    </p>
   </div>
   <div class='ocr_carea' id='block_1_7' title="bbox 738 1088 2327 1162">
    <p class='ocr_par' dir='ltr' id='par_1_7' title="bbox 738 1088 2327 1162">
     <span class='ocr_line' id='line_1_7' title="bbox 738 1088 2327 1162; baseline -0.003 -17"><span class='ocrx_word' id='word_1_35' title='bbox 738 1102 793 1145; x_wconf 88' lang='lat' dir='ltr'><strong>et</strong></span> <span class='ocrx_word' id='word_1_36' title='bbox 837 1108 1069 1162; x_wconf 91' lang='lat' dir='ltr'><strong>quarum</strong></span> <span class='ocrx_word' id='word_1_37' title='bbox 1120 1106 1244 1143; x_wconf 91' lang='lat' dir='ltr'><strong>cum</strong></span> <span class='ocrx_word' id='word_1_38' title='bbox 1290 1090 1634 1160; x_wconf 83' lang='lat' dir='ltr'><strong>ignoratione</strong></span> <span class='ocrx_word' id='word_1_39' title='bbox 1677 1105 1788 1143; x_wconf 91' lang='lat' dir='ltr'><strong>non</strong></span> <span class='ocrx_word' id='word_1_40' title='bbox 1833 1090 2091 1160; x_wconf 86' lang='lat' dir='ltr'><strong>exiguum</strong></span> <span class='ocrx_word' id='word_1_41' title='bbox 2149 1088 2327 1144; x_wconf 87' lang='lat' dir='ltr'><strong>ordini</strong></span> 
     </span>
    </p>
   </div>
   <div class='ocr_carea' id='block_1_8' title="bbox 740 1179 1839 1251">
    <p class='ocr_par' dir='ltr' id='par_1_8' title="bbox 740 1179 1839 1251">
     <span class='ocr_line' id='line_1_8' title="bbox 740 1179 1839 1251; baseline -0.004 -15"><span class='ocrx_word' id='word_1_42' title='bbox 740 1181 986 1236; x_wconf 83' lang='lat' dir='ltr'><strong>solitario</strong></span> <span class='ocrx_word' id='word_1_43' title='bbox 1021 1181 1322 1251; x_wconf 90' lang='lat' dir='ltr'><strong>periculum</strong></span> <span class='ocrx_word' id='word_1_44' title='bbox 1354 1187 1439 1236; x_wconf 90' lang='lat' dir='ltr'><strong>est</strong></span> <span class='ocrx_word' id='word_1_45' title='bbox 1459 1179 1839 1248; x_wconf 89' lang='lat' dir='ltr'><strong>coniunctum.</strong></span> 
     </span>
    </p>
   </div>
   <div class='ocr_carea' id='block_1_9' title="bbox 809 1361 2330 1435">
    <p class='ocr_par' dir='ltr' id='par_1_9' title="bbox 809 1361 2330 1435">
     <span class='ocr_line' id='line_1_9' title="bbox 809 1361 2330 1435; baseline -0.006 -10"><span class='ocrx_word' id='word_1_46' title='bbox 809 1371 1082 1425; x_wconf 69' lang='lat' dir='ltr'><strong>Praeterea</strong></span> <span class='ocrx_word' id='word_1_47' title='bbox 1143 1366 1365 1423; x_wconf 80' lang='lat' dir='ltr'><strong>selectis</strong></span> <span class='ocrx_word' id='word_1_48' title='bbox 1419 1364 1746 1435; x_wconf 89' lang='lat' dir='ltr'><strong>quibusdam</strong></span> <span class='ocrx_word' id='word_1_49' title='bbox 1796 1361 1900 1418; x_wconf 89' lang='lat' dir='ltr'><strong>sub</strong></span> <span class='ocrx_word' id='word_1_50' title='bbox 1955 1371 2006 1418; x_wconf 84' lang='lat' dir='ltr'><strong>te</strong></span> <span class='ocrx_word' id='word_1_51' title='bbox 2048 1361 2330 1416; x_wconf 81' lang='lat' dir='ltr'><strong>monachis</strong></span> 
     </span>
    </p>
   </div>
   <div class='ocr_carea' id='block_1_10' title="bbox 741 1454 2328 1524">
    <p class='ocr_par' dir='ltr' id='par_1_10' title="bbox 741 1454 2328 1524">
     <span class='ocr_line' id='line_1_10' title="bbox 741 1454 2328 1524; baseline -0.006 -10"><span class='ocrx_word' id='word_1_52' title='bbox 741 1459 1033 1515; x_wconf 84' lang='lat' dir='ltr'><strong>universos</strong></span> <span class='ocrx_word' id='word_1_53' title='bbox 1061 1457 1380 1512; x_wconf 87' lang='lat' dir='ltr'><strong>monasterii</strong></span> <span class='ocrx_word' id='word_1_54' title='bbox 1415 1457 1626 1512; x_wconf 89' lang='lat' dir='ltr'><strong>reditus</strong></span> <span class='ocrx_word' id='word_1_55' title='bbox 1654 1466 1707 1510; x_wconf 89' lang='lat' dir='ltr'><strong>et</strong></span> <span class='ocrx_word' id='word_1_56' title='bbox 1739 1469 2010 1524; x_wconf 79' lang='lat' dir='ltr'><strong>expensas</strong></span> <span class='ocrx_word' id='word_1_57' title='bbox 2058 1469 2153 1522; x_wconf 86' lang='lat' dir='ltr'><strong>per</strong></span> <span class='ocrx_word' id='word_1_58' title='bbox 2184 1454 2328 1506; x_wconf 88' lang='lat' dir='ltr'><strong>scri-</strong></span> 
     </span>
    </p>
   </div>
   <div class='ocr_carea' id='block_1_11' title="bbox 741 1544 2328 1620">
    <p class='ocr_par' dir='ltr' id='par_1_11' title="bbox 741 1544 2328 1620">
     <span class='ocr_line' id='line_1_11' title="bbox 741 1544 2328 1620; baseline -0.004 -18"><span class='ocrx_word' id='word_1_59' title='bbox 741 1559 959 1620; x_wconf 89' lang='lat' dir='ltr'><strong>pturam</strong></span> <span class='ocrx_word' id='word_1_60' title='bbox 1016 1557 1176 1603; x_wconf 87' lang='lat' dir='ltr'><strong>notas</strong></span> <span class='ocrx_word' id='word_1_61' title='bbox 1240 1547 1420 1602; x_wconf 81' lang='lat' dir='ltr'><strong>facere</strong></span> <span class='ocrx_word' id='word_1_62' title='bbox 1474 1547 1662 1611; x_wconf 90' lang='lat' dir='ltr'><strong>debes,</strong></span> <span class='ocrx_word' id='word_1_63' title='bbox 1697 1555 1750 1600; x_wconf 91' lang='lat' dir='ltr'><strong>et</strong></span> <span class='ocrx_word' id='word_1_64' title='bbox 1810 1549 1882 1600; x_wconf 91' lang='lat' dir='ltr'><strong>ita</strong></span> <span class='ocrx_word' id='word_1_65' title='bbox 1932 1545 2180 1600; x_wconf 90' lang='lat' dir='ltr'><strong>subditos</strong></span> <span class='ocrx_word' id='word_1_66' title='bbox 2231 1544 2328 1597; x_wconf 84' lang='lat' dir='ltr'><strong>tibi</strong></span> 
     </span>
    </p>
   </div>
   <div class='ocr_carea' id='block_1_12' title="bbox 743 1638 2331 1701">
    <p class='ocr_par' dir='ltr' id='par_1_12' title="bbox 743 1638 2331 1701">
     <span class='ocr_line' id='line_1_12' title="bbox 743 1638 2331 1701; baseline -0.006 -3"><span class='ocrx_word' id='word_1_67' title='bbox 743 1643 1018 1698; x_wconf 82' lang='lat' dir='ltr'><strong>solitarios</strong></span> <span class='ocrx_word' id='word_1_68' title='bbox 1060 1656 1251 1696; x_wconf 82' lang='lat' dir='ltr'><strong>omnes</strong></span> <span class='ocrx_word' id='word_1_69' title='bbox 1294 1641 1344 1693; x_wconf 93' lang='lat' dir='ltr'><strong>in</strong></span> <span class='ocrx_word' id='word_1_70' title='bbox 1402 1638 1578 1692; x_wconf 74' lang='lat' dir='ltr'><strong>officio</strong></span> <span class='ocrx_word' id='word_1_71' title='bbox 1624 1641 1906 1692; x_wconf 89' lang='lat' dir='ltr'><strong>continere</strong></span> <span class='ocrx_word' id='word_1_72' title='bbox 1941 1678 1956 1701; x_wconf 91' lang='lat'><strong>,</strong></span> <span class='ocrx_word' id='word_1_73' title='bbox 2012 1639 2219 1691; x_wconf 87' lang='lat' dir='ltr'><strong>nullum</strong></span> <span class='ocrx_word' id='word_1_74' title='bbox 2272 1645 2331 1689; x_wconf 92' lang='lat' dir='ltr'><strong>ut</strong></span> 
     </span>
    </p>
   </div>
   <div class='ocr_carea' id='block_1_13' title="bbox 742 1716 2330 1801">
    <p class='ocr_par' dir='ltr' id='par_1_13' title="bbox 742 1716 2330 1801">
     <span class='ocr_line' id='line_1_13' title="bbox 742 1716 2330 1801; baseline -0.003 -14"><span class='ocrx_word' id='word_1_75' title='bbox 742 1733 1013 1801; x_wconf 87' lang='lat' dir='ltr'><strong>peculium</strong></span> <span class='ocrx_word' id='word_1_76' title='bbox 1051 1731 1286 1786; x_wconf 87' lang='lat' dir='ltr'><strong>habeant</strong></span> <span class='ocrx_word' id='word_1_77' title='bbox 1317 1747 1330 1783; x_wconf 94' lang='lat'><strong>:</strong></span> <span class='ocrx_word' id='word_1_78' title='bbox 1368 1716 1454 1783; x_wconf 42' lang='lat' dir='ltr'><strong>ac.</strong></span> <span class='ocrx_word' id='word_1_79' title='bbox 1476 1730 1645 1783; x_wconf 92' lang='lat' dir='ltr'><strong>robur</strong></span> <span class='ocrx_word' id='word_1_80' title='bbox 1676 1729 1829 1783; x_wconf 86' lang='lat' dir='ltr'><strong>dabit</strong></span> <span class='ocrx_word' id='word_1_81' title='bbox 1867 1730 2025 1783; x_wconf 86' lang='lat' dir='ltr'><strong>vobis</strong></span> <span class='ocrx_word' id='word_1_82' title='bbox 2059 1727 2330 1782; x_wconf 87' lang='lat' dir='ltr'><strong>Dominus</strong></span> 
     </span>
    </p>
   </div>
   <div class='ocr_carea' id='block_1_14' title="bbox 743 1821 2329 1894">
    <p class='ocr_par' dir='ltr' id='par_1_14' title="bbox 743 1821 2329 1894">
     <span class='ocr_line' id='line_1_14' title="bbox 743 1821 2329 1894; baseline -0.003 -17"><span class='ocrx_word' id='word_1_83' title='bbox 743 1825 911 1888; x_wconf 86' lang='lat' dir='ltr'><strong>Deus,</strong></span> <span class='ocrx_word' id='word_1_84' title='bbox 938 1825 1027 1894; x_wconf 87' lang='lat' dir='ltr'><strong>qui</strong></span> <span class='ocrx_word' id='word_1_85' title='bbox 1051 1839 1238 1877; x_wconf 84' lang='lat' dir='ltr'><strong>omnes</strong></span> <span class='ocrx_word' id='word_1_86' title='bbox 1259 1821 1509 1876; x_wconf 89' lang='lat' dir='ltr'><strong>homines</strong></span> <span class='ocrx_word' id='word_1_87' title='bbox 1543 1823 1724 1876; x_wconf 85' lang='lat' dir='ltr'><strong>salvos</strong></span> <span class='ocrx_word' id='word_1_88' title='bbox 1749 1836 1873 1875; x_wconf 89' lang='lat' dir='ltr'><strong>esse</strong></span> <span class='ocrx_word' id='word_1_89' title='bbox 1905 1821 2038 1883; x_wconf 86' lang='lat' dir='ltr'><strong>vult,</strong></span> <span class='ocrx_word' id='word_1_90' title='bbox 2075 1829 2133 1873; x_wconf 91' lang='lat' dir='ltr'><strong>ut</strong></span> <span class='ocrx_word' id='word_1_91' title='bbox 2163 1833 2329 1889; x_wconf 82' lang='lat' dir='ltr'><strong>Opera</strong></span> 
     </span>
    </p>
   </div>
   <div class='ocr_carea' id='block_1_15' title="bbox 741 1911 2332 1986">
    <p class='ocr_par' dir='ltr' id='par_1_15' title="bbox 741 1911 2332 1986">
     <span class='ocr_line' id='line_1_15' title="bbox 741 1911 2332 1986; baseline -0.003 -16"><span class='ocrx_word' id='word_1_92' title='bbox 741 1916 1021 1986; x_wconf 85' lang='lat' dir='ltr'><strong>religiosa,</strong></span> <span class='ocrx_word' id='word_1_93' title='bbox 1063 1921 1116 1967; x_wconf 92' lang='lat' dir='ltr'><strong>et</strong></span> <span class='ocrx_word' id='word_1_94' title='bbox 1147 1913 1250 1983; x_wconf 90' lang='lat' dir='ltr'><strong>ipsi</strong></span> <span class='ocrx_word' id='word_1_95' title='bbox 1276 1920 1427 1982; x_wconf 85' lang='lat' dir='ltr'><strong>grata</strong></span> <span class='ocrx_word' id='word_1_96' title='bbox 1469 1912 1709 1978; x_wconf 81' lang='lat' dir='ltr'><strong>faciatis,</strong></span> <span class='ocrx_word' id='word_1_97' title='bbox 1738 1928 1845 1965; x_wconf 89' lang='lat' dir='ltr'><strong>una</strong></span> <span class='ocrx_word' id='word_1_98' title='bbox 1879 1926 2005 1965; x_wconf 88' lang='lat' dir='ltr'><strong>cum</strong></span> <span class='ocrx_word' id='word_1_99' title='bbox 2037 1911 2332 1973; x_wconf 82' lang='lat' dir='ltr'><strong>universis,</strong></span> 
     </span>
    </p>
   </div>
   <div class='ocr_carea' id='block_1_16' title="bbox 743 2003 2335 2078">
    <p class='ocr_par' dir='ltr' id='par_1_16' title="bbox 743 2003 2335 2078">
     <span class='ocr_line' id='line_1_16' title="bbox 743 2003 2335 2078; baseline -0.003 -19"><span class='ocrx_word' id='word_1_100' title='bbox 743 2010 834 2078; x_wconf 88' lang='lat' dir='ltr'><strong>qui</strong></span> <span class='ocrx_word' id='word_1_101' title='bbox 869 2007 1153 2062; x_wconf 80' lang='lat' dir='ltr'><strong>vobiscum</strong></span> <span class='ocrx_word' id='word_1_102' title='bbox 1181 2014 1311 2059; x_wconf 91' lang='lat' dir='ltr'><strong>sunt</strong></span> <span class='ocrx_word' id='word_1_103' title='bbox 1349 2004 1634 2060; x_wconf 83' lang='lat' dir='ltr'><strong>fratribus.</strong></span> <span class='ocrx_word' id='word_1_104' title='bbox 1666 2003 1987 2058; x_wconf 85' lang='lat' dir='ltr'><strong>Memineris</strong></span> <span class='ocrx_word' id='word_1_105' title='bbox 2014 2003 2178 2058; x_wconf 88' lang='lat' dir='ltr'><strong>etiam</strong></span> <span class='ocrx_word' id='word_1_106' title='bbox 2201 2018 2335 2072; x_wconf 89' lang='lat' dir='ltr'><strong>pau-</strong></span> 
     </span>
    </p>
   </div>
   <div class='ocr_carea' id='block_1_17' title="bbox 745 2091 2336 2166">
    <p class='ocr_par' dir='ltr' id='par_1_17' title="bbox 745 2091 2336 2166">
     <span class='ocr_line' id='line_1_17' title="bbox 745 2091 2336 2166; baseline -0.001 -18"><span class='ocrx_word' id='word_1_107' title='bbox 745 2113 933 2166; x_wconf 80' lang='lat' dir='ltr'><strong>perum</strong></span> <span class='ocrx_word' id='word_1_108' title='bbox 951 2097 1175 2151; x_wconf 79' lang='lat' dir='ltr'><strong>fratrum</strong></span> <span class='ocrx_word' id='word_1_109' title='bbox 1189 2103 1524 2158; x_wconf 87' lang='lat' dir='ltr'><strong>nostrorum,</strong></span> <span class='ocrx_word' id='word_1_110' title='bbox 1542 2103 1736 2149; x_wconf 91' lang='lat' dir='ltr'><strong>etcum</strong></span> <span class='ocrx_word' id='word_1_111' title='bbox 1762 2096 2022 2149; x_wconf 73' lang='lat' dir='ltr'><strong>universa</strong></span> <span class='ocrx_word' id='word_1_112' title='bbox 2039 2093 2092 2147; x_wconf 90' lang='lat' dir='ltr'><strong>in</strong></span> <span class='ocrx_word' id='word_1_113' title='bbox 2112 2091 2336 2146; x_wconf 86' lang='lat' dir='ltr'><strong>Christo</strong></span> 
     </span>
    </p>
   </div>
   <div class='ocr_carea' id='block_1_18' title="bbox 746 2168 1913 2258">
    <p class='ocr_par' dir='ltr' id='par_1_18' title="bbox 746 2168 1913 2258">
     <span class='ocr_line' id='line_1_18' title="bbox 746 2168 1913 2258; baseline -0.003 -14"><span class='ocrx_word' id='word_1_114' title='bbox 746 2168 1098 2244; x_wconf 77' lang='lat' dir='ltr'><strong>fraternitate</strong></span> <span class='ocrx_word' id='word_1_115' title='bbox 1122 2201 1222 2258; x_wconf 89' lang='lat' dir='ltr'><strong>pro</strong></span> <span class='ocrx_word' id='word_1_116' title='bbox 1259 2185 1418 2241; x_wconf 88' lang='lat' dir='ltr'><strong>nobis</strong></span> <span class='ocrx_word' id='word_1_117' title='bbox 1461 2200 1653 2255; x_wconf 88' lang='lat' dir='ltr'><strong>preces</strong></span> <span class='ocrx_word' id='word_1_118' title='bbox 1678 2185 1913 2240; x_wconf 88' lang='lat' dir='ltr'><strong>fundito.</strong></span> 
     </span>
    </p>
   </div>
   <div class='ocr_carea' id='block_1_19' title="bbox 745 2381 2336 2452">
    <p class='ocr_par' dir='ltr' id='par_1_19' title="bbox 745 2381 2336 2452">
     <span class='ocr_line' id='line_1_19' title="bbox 745 2381 2336 2452; baseline -0.001 -13"><span class='ocrx_word' id='word_1_119' title='bbox 745 2383 961 2439; x_wconf 68' lang='lat' dir='ltr'><strong>Litterae</strong></span> <span class='ocrx_word' id='word_1_120' title='bbox 994 2381 1459 2448; x_wconf 69' lang='lat' dir='ltr'><strong>commendatitiw,</strong></span> <span class='ocrx_word' id='word_1_121' title='bbox 1501 2397 1617 2452; x_wconf 64' lang='lat' dir='ltr'><strong>qua</strong></span> <span class='ocrx_word' id='word_1_122' title='bbox 1653 2399 1688 2436; x_wconf 77' lang='grc' dir='ltr'><strong>α</strong></span> <span class='ocrx_word' id='word_1_123' title='bbox 1733 2383 2040 2449; x_wconf 80' lang='lat' dir='ltr'><strong>patriarcha</strong></span> <span class='ocrx_word' id='word_1_124' title='bbox 2076 2381 2336 2438; x_wconf 76' lang='lat' dir='ltr'><strong>Constan-</strong></span> 
     </span>
    </p>
   </div>
   <div class='ocr_carea' id='block_1_20' title="bbox 892 2453 2192 2522">
    <p class='ocr_par' dir='ltr' id='par_1_20' title="bbox 892 2453 2192 2522">
     <span class='ocr_line' id='line_1_20' title="bbox 892 2453 2192 2522; baseline 0.001 -16"><span class='ocrx_word' id='word_1_125' title='bbox 892 2453 1267 2522; x_wconf 76' lang='lat' dir='ltr'><strong>tinopolitano,</strong></span> <span class='ocrx_word' id='word_1_126' title='bbox 1313 2469 1490 2507; x_wconf 73' lang='lat' dir='ltr'><strong>recens</strong></span> <span class='ocrx_word' id='word_1_127' title='bbox 1536 2453 1805 2520; x_wconf 85' lang='lat' dir='ltr'><strong>ordinato,</strong></span> <span class='ocrx_word' id='word_1_128' title='bbox 1838 2454 1975 2506; x_wconf 80' lang='lat' dir='ltr'><strong>mitti</strong></span> <span class='ocrx_word' id='word_1_129' title='bbox 2002 2455 2192 2509; x_wconf 75' lang='lat' dir='ltr'><strong>solent.</strong></span> 
     </span>
    </p>
   </div>
   <div class='ocr_carea' id='block_1_21' title="bbox 822 2633 2335 2708">
    <p class='ocr_par' dir='ltr' id='par_1_21' title="bbox 822 2633 2335 2708">
     <span class='ocr_line' id='line_1_21' title="bbox 822 2633 2335 2708; baseline 0.005 -22"><span class='ocrx_word' id='word_1_130' title='bbox 822 2633 1094 2699; x_wconf 86' lang='lat' dir='ltr'><strong>Quoniam</strong></span> <span class='ocrx_word' id='word_1_131' title='bbox 1125 2639 1392 2688; x_wconf 87' lang='lat' dir='ltr'><strong>statutum</strong></span> <span class='ocrx_word' id='word_1_132' title='bbox 1425 2634 1857 2691; x_wconf 86' lang='lat' dir='ltr'><strong>ecclesiasticum</strong></span> <span class='ocrx_word' id='word_1_133' title='bbox 1889 2637 2146 2703; x_wconf 87' lang='lat' dir='ltr'><strong>obtinuit,</strong></span> <span class='ocrx_word' id='word_1_134' title='bbox 2171 2639 2335 2708; x_wconf 87' lang='lat' dir='ltr'><strong>utqui</strong></span> 
     </span>
    </p>
   </div>
   <div class='ocr_carea' id='block_1_22' title="bbox 738 2723 2338 2795">
    <p class='ocr_par' dir='ltr' id='par_1_22' title="bbox 738 2723 2338 2795">
     <span class='ocr_line' id='line_1_22' title="bbox 738 2723 2338 2795; baseline 0.004 -18"><span class='ocrx_word' id='word_1_135' title='bbox 738 2740 942 2778; x_wconf 58' lang='lat' dir='ltr'><strong>trecens</strong></span> <span class='ocrx_word' id='word_1_136' title='bbox 1003 2739 1128 2777; x_wconf 91' lang='lat' dir='ltr'><strong>cum</strong></span> <span class='ocrx_word' id='word_1_137' title='bbox 1173 2723 1444 2794; x_wconf 77' lang='lat' dir='ltr'><strong>dignitate</strong></span> <span class='ocrx_word' id='word_1_138' title='bbox 1492 2727 1842 2795; x_wconf 89' lang='lat' dir='ltr'><strong>patriarcbali</strong></span> <span class='ocrx_word' id='word_1_139' title='bbox 1891 2730 2064 2783; x_wconf 85' lang='lat' dir='ltr'><strong>evecti</strong></span> <span class='ocrx_word' id='word_1_140' title='bbox 2105 2739 2234 2784; x_wconf 88' lang='lat' dir='ltr'><strong>sunt</strong></span> <span class='ocrx_word' id='word_1_141' title='bbox 2270 2729 2338 2783; x_wconf 89' lang='lat' dir='ltr'><strong>ad</strong></span> 
     </span>
    </p>
   </div>
   <div class='ocr_carea' id='block_1_23' title="bbox 753 2815 2340 2886">
    <p class='ocr_par' dir='ltr' id='par_1_23' title="bbox 753 2815 2340 2886">
     <span class='ocr_line' id='line_1_23' title="bbox 753 2815 2340 2886; baseline 0.003 -16"><span class='ocrx_word' id='word_1_142' title='bbox 753 2817 1012 2870; x_wconf 91' lang='lat' dir='ltr'><strong>thronum</strong></span> <span class='ocrx_word' id='word_1_143' title='bbox 1054 2815 1585 2886; x_wconf 87' lang='lat' dir='ltr'><strong>Constantinopolis,</strong></span> <span class='ocrx_word' id='word_1_144' title='bbox 1630 2827 1684 2873; x_wconf 90' lang='lat' dir='ltr'><strong>et</strong></span> <span class='ocrx_word' id='word_1_145' title='bbox 1713 2819 1957 2876; x_wconf 84' lang='lat' dir='ltr'><strong>habenas</strong></span> <span class='ocrx_word' id='word_1_146' title='bbox 1987 2820 2340 2875; x_wconf 74' lang='lat' dir='ltr'><strong>administra-</strong></span> 
     </span>
    </p>
   </div>
   <div class='ocr_carea' id='block_1_24' title="bbox 747 2908 2339 2982">
    <p class='ocr_par' dir='ltr' id='par_1_24' title="bbox 747 2908 2339 2982">
     <span class='ocr_line' id='line_1_24' title="bbox 747 2908 2339 2982; baseline 0.006 -21"><span class='ocrx_word' id='word_1_147' title='bbox 747 2909 918 2964; x_wconf 88' lang='lat' dir='ltr'><strong>ti0nis</strong></span> <span class='ocrx_word' id='word_1_148' title='bbox 970 2923 1141 2962; x_wconf 62' lang='lat' dir='ltr'><strong>sacrm</strong></span> <span class='ocrx_word' id='word_1_149' title='bbox 1186 2908 1287 2962; x_wconf 84' lang='lat' dir='ltr'><strong>sibi</strong></span> <span class='ocrx_word' id='word_1_150' title='bbox 1336 2919 1716 2980; x_wconf 84' lang='lat' dir='ltr'><strong>sumpserunt,</strong></span> <span class='ocrx_word' id='word_1_151' title='bbox 1756 2914 1958 2982; x_wconf 92' lang='lat' dir='ltr'><strong>populo</strong></span> <span class='ocrx_word' id='word_1_152' title='bbox 2009 2915 2224 2969; x_wconf 88' lang='lat' dir='ltr'><strong>Domini</strong></span> <span class='ocrx_word' id='word_1_153' title='bbox 2258 2917 2339 2970; x_wconf 87' lang='lat' dir='ltr'><strong>eis</strong></span> 
     </span>
    </p>
   </div>
   <div class='ocr_carea' id='block_1_25' title="bbox 752 3001 2341 3076">
    <p class='ocr_par' dir='ltr' id='par_1_25' title="bbox 752 3001 2341 3076">
     <span class='ocr_line' id='line_1_25' title="bbox 752 3001 2341 3076; baseline 0.005 -24"><span class='ocrx_word' id='word_1_154' title='bbox 752 3001 1068 3065; x_wconf 85' lang='lat' dir='ltr'><strong>commisso,</strong></span> <span class='ocrx_word' id='word_1_155' title='bbox 1087 3002 1239 3070; x_wconf 89' lang='lat' dir='ltr'><strong>prius</strong></span> <span class='ocrx_word' id='word_1_156' title='bbox 1266 3004 1475 3058; x_wconf 89' lang='lat' dir='ltr'><strong>ornatis</strong></span> <span class='ocrx_word' id='word_1_157' title='bbox 1500 3003 1793 3072; x_wconf 82' lang='lat' dir='ltr'><strong>pastoricia</strong></span> <span class='ocrx_word' id='word_1_158' title='bbox 1827 3005 2088 3076; x_wconf 71' lang='lat' dir='ltr'><strong>dignitate</strong></span> <span class='ocrx_word' id='word_1_159' title='bbox 2109 3007 2341 3076; x_wconf 87' lang='lat' dir='ltr'><strong>patriar-</strong></span> 
     </span>
    </p>
   </div>
   <div class='ocr_carea' id='block_1_26' title="bbox 753 3092 2338 3169">
    <p class='ocr_par' dir='ltr' id='par_1_26' title="bbox 753 3092 2338 3169">
     <span class='ocr_line' id='line_1_26' title="bbox 753 3092 2338 3169; baseline 0.003 -23"><span class='ocrx_word' id='word_1_160' title='bbox 753 3093 873 3147; x_wconf 88' lang='lat' dir='ltr'><strong>chis</strong></span> <span class='ocrx_word' id='word_1_161' title='bbox 911 3107 1005 3160; x_wconf 91' lang='lat' dir='ltr'><strong>per</strong></span> <span class='ocrx_word' id='word_1_162' title='bbox 1048 3092 1282 3157; x_wconf 87' lang='lat' dir='ltr'><strong>litteras,</strong></span> <span class='ocrx_word' id='word_1_163' title='bbox 1327 3096 1391 3148; x_wconf 92' lang='lat' dir='ltr'><strong>de</strong></span> <span class='ocrx_word' id='word_1_164' title='bbox 1426 3095 1591 3149; x_wconf 82' lang='lat' dir='ltr'><strong>rectis</strong></span> <span class='ocrx_word' id='word_1_165' title='bbox 1621 3095 1970 3165; x_wconf 83' lang='lat' dir='ltr'><strong>dogmatibus</strong></span> <span class='ocrx_word' id='word_1_166' title='bbox 2008 3097 2338 3169; x_wconf 81' lang='lat' dir='ltr'><strong>signiﬁcent,</strong></span> 
     </span>
    </p>
   </div>
   <div class='ocr_carea' id='block_1_27' title="bbox 754 3186 2410 3272">
    <p class='ocr_par' dir='ltr' id='par_1_27' title="bbox 754 3186 2410 3272">
     <span class='ocr_line' id='line_1_27' title="bbox 754 3186 2410 3272; baseline 0.005 -34"><span class='ocrx_word' id='word_1_167' title='bbox 754 3193 1015 3256; x_wconf 86' lang='lat' dir='ltr'><strong>tanquam</strong></span> <span class='ocrx_word' id='word_1_168' title='bbox 1057 3186 1501 3255; x_wconf 78' lang='lat' dir='ltr'><strong>exploratoribus</strong></span> <span class='ocrx_word' id='word_1_169' title='bbox 1547 3194 1602 3242; x_wconf 90' lang='lat' dir='ltr'><strong>et</strong></span> <span class='ocrx_word' id='word_1_170' title='bbox 1655 3187 1877 3243; x_wconf 85' lang='lat' dir='ltr'><strong>arbitris</strong></span> <span class='ocrx_word' id='word_1_171' title='bbox 1926 3190 2166 3258; x_wconf 68' lang='lat' dir='ltr'><strong>probata:</strong></span> <span class='ocrx_word' id='word_1_172' title='bbox 2216 3190 2336 3246; x_wconf 84' lang='lat' dir='ltr'><strong>ﬁdei</strong></span> <span class='ocrx_word' id='word_1_173' title='bbox 2366 3214 2410 3272; x_wconf 72' lang='grc' dir='ltr'>ο</span> 
     </span>
    </p>
   </div>
   <div class='ocr_carea' id='block_1_28' title="bbox 757 3276 2337 3350">
    <p class='ocr_par' dir='ltr' id='par_1_28' title="bbox 757 3276 2337 3350">
     <span class='ocr_line' id='line_1_28' title="bbox 757 3276 2337 3350; baseline 0.004 -19"><span class='ocrx_word' id='word_1_174' title='bbox 757 3293 868 3331; x_wconf 70' lang='lat' dir='ltr'><strong>sua:</strong></span> <span class='ocrx_word' id='word_1_175' title='bbox 902 3294 916 3342; x_wconf 89' lang='lat'>;</span> <span class='ocrx_word' id='word_1_176' title='bbox 956 3286 1016 3330; x_wconf 91' lang='lat' dir='ltr'><strong>ut</strong></span> <span class='ocrx_word' id='word_1_177' title='bbox 1057 3277 1184 3331; x_wconf 89' lang='lat' dir='ltr'><strong>inde</strong></span> <span class='ocrx_word' id='word_1_178' title='bbox 1224 3276 1717 3347; x_wconf 84' lang='lat' dir='ltr'><strong>societaseinsdem</strong></span> <span class='ocrx_word' id='word_1_179' title='bbox 1746 3280 2024 3350; x_wconf 83' lang='lat' dir='ltr'><strong>religionis</strong></span> <span class='ocrx_word' id='word_1_180' title='bbox 2066 3282 2337 3340; x_wconf 84' lang='lat' dir='ltr'><strong>illustrius</strong></span> 
     </span>
    </p>
   </div>
   <div class='ocr_carea' id='block_1_29' title="bbox 756 3371 2335 3444">
    <p class='ocr_par' dir='ltr' id='par_1_29' title="bbox 756 3371 2335 3444">
     <span class='ocr_line' id='line_1_29' title="bbox 756 3371 2335 3444; baseline 0.004 -20"><span class='ocrx_word' id='word_1_181' title='bbox 756 3371 1002 3433; x_wconf 85' lang='lat' dir='ltr'><strong>elucens,</strong></span> <span class='ocrx_word' id='word_1_182' title='bbox 1033 3371 1476 3439; x_wconf 89' lang='lat' dir='ltr'><strong>coniunctionem</strong></span> <span class='ocrx_word' id='word_1_183' title='bbox 1517 3375 1568 3426; x_wconf 91' lang='lat' dir='ltr'><strong>in</strong></span> <span class='ocrx_word' id='word_1_184' title='bbox 1601 3373 1711 3427; x_wconf 91' lang='lat' dir='ltr'><strong>Deo</strong></span> <span class='ocrx_word' id='word_1_185' title='bbox 1740 3375 2070 3429; x_wconf 85' lang='lat' dir='ltr'><strong>strictiorem</strong></span> <span class='ocrx_word' id='word_1_186' title='bbox 2100 3375 2335 3444; x_wconf 78' lang='lat' dir='ltr'><strong>eﬂiciat;</strong></span> 
     </span>
    </p>
   </div>
   <div class='ocr_carea' id='block_1_30' title="bbox 758 3463 2340 3533">
    <p class='ocr_par' dir='ltr' id='par_1_30' title="bbox 758 3463 2340 3533">
     <span class='ocr_line' id='line_1_30' title="bbox 758 3463 2340 3533; baseline 0.006 -20"><span class='ocrx_word' id='word_1_187' title='bbox 758 3469 970 3532; x_wconf 86' lang='lat' dir='ltr'><strong>patrum</strong></span> <span class='ocrx_word' id='word_1_188' title='bbox 1014 3463 1398 3518; x_wconf 87' lang='lat' dir='ltr'><strong>consuetudini</strong></span> <span class='ocrx_word' id='word_1_189' title='bbox 1432 3473 1707 3533; x_wconf 88' lang='lat' dir='ltr'><strong>parentes,</strong></span> <span class='ocrx_word' id='word_1_190' title='bbox 1746 3466 1958 3522; x_wconf 86' lang='lat' dir='ltr'><strong>litteras</strong></span> <span class='ocrx_word' id='word_1_191' title='bbox 1993 3467 2155 3522; x_wconf 88' lang='lat' dir='ltr'><strong>hasce</strong></span> <span class='ocrx_word' id='word_1_192' title='bbox 2188 3484 2340 3523; x_wconf 85' lang='lat' dir='ltr'><strong>com-</strong></span> 
     </span>
    </p>
   </div>
   <div class='ocr_carea' id='block_1_31' title="bbox 756 3552 2336 3626">
    <p class='ocr_par' dir='ltr' id='par_1_31' title="bbox 756 3552 2336 3626">
     <span class='ocr_line' id='line_1_31' title="bbox 756 3552 2336 3626; baseline 0.006 -23"><span class='ocrx_word' id='word_1_193' title='bbox 756 3552 1106 3606; x_wconf 84' lang='lat' dir='ltr'><strong>mendatitias</strong></span> <span class='ocrx_word' id='word_1_194' title='bbox 1136 3567 1446 3616; x_wconf 87' lang='lat' dir='ltr'><strong>exaramus,</strong></span> <span class='ocrx_word' id='word_1_195' title='bbox 1478 3569 1600 3623; x_wconf 63' lang='lat' dir='ltr'><strong>quae</strong></span> <span class='ocrx_word' id='word_1_196' title='bbox 1640 3555 2022 3624; x_wconf 84' lang='lat' dir='ltr'><strong>compendium</strong></span> <span class='ocrx_word' id='word_1_197' title='bbox 2063 3557 2336 3626; x_wconf 91' lang='lat' dir='ltr'><strong>quoddam</strong></span> 
     </span>
    </p>
   </div>
   <div class='ocr_carea' id='block_1_32' title="bbox 757 3642 2338 3715">
    <p class='ocr_par' dir='ltr' id='par_1_32' title="bbox 757 3642 2338 3715">
     <span class='ocr_line' id='line_1_32' title="bbox 757 3642 2338 3715; baseline 0.006 -20"><span class='ocrx_word' id='word_1_198' title='bbox 757 3652 868 3695; x_wconf 86' lang='lat' dir='ltr'><strong>tam</strong></span> <span class='ocrx_word' id='word_1_199' title='bbox 899 3651 1033 3697; x_wconf 74' lang='lat' dir='ltr'><strong>acta:</strong></span> <span class='ocrx_word' id='word_1_200' title='bbox 1062 3658 1091 3696; x_wconf 91' lang='lat' dir='ltr'><strong>a</strong></span> <span class='ocrx_word' id='word_1_201' title='bbox 1123 3642 1280 3700; x_wconf 92' lang='lat' dir='ltr'><strong>nobis</strong></span> <span class='ocrx_word' id='word_1_202' title='bbox 1310 3644 1455 3710; x_wconf 67' lang='lat' dir='ltr'><strong>vitae,</strong></span> <span class='ocrx_word' id='word_1_203' title='bbox 1486 3661 1648 3715; x_wconf 90' lang='lat' dir='ltr'><strong>quam</strong></span> <span class='ocrx_word' id='word_1_204' title='bbox 1678 3646 1964 3702; x_wconf 67' lang='lat' dir='ltr'><strong>sententiae</strong></span> <span class='ocrx_word' id='word_1_205' title='bbox 1994 3646 2062 3704; x_wconf 89' lang='lat' dir='ltr'><strong>de</strong></span> <span class='ocrx_word' id='word_1_206' title='bbox 2092 3650 2338 3706; x_wconf 87' lang='lat' dir='ltr'><strong>doctrina</strong></span> 
     </span>
    </p>
   </div>
   <div class='ocr_carea' id='block_1_33' title="bbox 758 3736 1344 3800">
    <p class='ocr_par' dir='ltr' id='par_1_33' title="bbox 758 3736 1344 3800">
     <span class='ocr_line' id='line_1_33' title="bbox 758 3736 1344 3800; baseline 0.007 -14"><span class='ocrx_word' id='word_1_207' title='bbox 758 3745 980 3800; x_wconf 55' lang='lat' dir='ltr'><strong>nostra,</strong></span> <span class='ocrx_word' id='word_1_208' title='bbox 1003 3736 1344 3791; x_wconf 89' lang='lat' dir='ltr'><strong>contineant.</strong></span> 
     </span>
    </p>
   </div>
   <div class='ocr_carea' id='block_1_34' title="bbox 831 3915 2336 3990">
    <p class='ocr_par' dir='ltr' id='par_1_34' title="bbox 831 3915 2336 3990">
     <span class='ocr_line' id='line_1_34' title="bbox 831 3915 2336 3990; baseline 0.005 -21"><span class='ocrx_word' id='word_1_209' title='bbox 831 3916 1066 3986; x_wconf 86' lang='lat' dir='ltr'><strong>Maiores</strong></span> <span class='ocrx_word' id='word_1_210' title='bbox 1113 3917 1272 3972; x_wconf 88' lang='lat' dir='ltr'><strong>nobis</strong></span> <span class='ocrx_word' id='word_1_211' title='bbox 1305 3915 1452 3972; x_wconf 90' lang='lat' dir='ltr'><strong>fuere</strong></span> <span class='ocrx_word' id='word_1_212' title='bbox 1485 3916 1559 3987; x_wconf 91' lang='lat' dir='ltr'><strong>pii</strong></span> <span class='ocrx_word' id='word_1_213' title='bbox 1589 3927 1842 3990; x_wconf 88' lang='lat' dir='ltr'><strong>parentes</strong></span> <span class='ocrx_word' id='word_1_214' title='bbox 1877 3920 1930 3975; x_wconf 92' lang='lat' dir='ltr'><strong>in</strong></span> <span class='ocrx_word' id='word_1_215' title='bbox 1979 3922 2166 3977; x_wconf 90' lang='lat' dir='ltr'><strong>eadem</strong></span> <span class='ocrx_word' id='word_1_216' title='bbox 2213 3939 2336 3977; x_wconf 88' lang='lat' dir='ltr'><strong>cum</strong></span> 
     </span>
    </p>
   </div>
   <div class='ocr_carea' id='block_1_35' title="bbox 756 4008 2339 4080">
    <p class='ocr_par' dir='ltr' id='par_1_35' title="bbox 756 4008 2339 4080">
     <span class='ocr_line' id='line_1_35' title="bbox 756 4008 2339 4080; baseline 0.004 -18"><span class='ocrx_word' id='word_1_217' title='bbox 756 4009 866 4062; x_wconf 82' lang='lat' dir='ltr'><strong>illis</strong></span> <span class='ocrx_word' id='word_1_218' title='bbox 895 4008 1165 4064; x_wconf 86' lang='lat' dir='ltr'><strong>sententia</strong></span> <span class='ocrx_word' id='word_1_219' title='bbox 1194 4027 1206 4061; x_wconf 95' lang='lat'>:</span> <span class='ocrx_word' id='word_1_220' title='bbox 1239 4009 1554 4073; x_wconf 67' lang='lat' dir='ltr'><strong>haereditas,</strong></span> <span class='ocrx_word' id='word_1_221' title='bbox 1588 4020 1812 4080; x_wconf 88' lang='lat' dir='ltr'><strong>accepta</strong></span> <span class='ocrx_word' id='word_1_222' title='bbox 1837 4013 1991 4080; x_wconf 86' lang='lat' dir='ltr'><strong>quasi</strong></span> <span class='ocrx_word' id='word_1_223' title='bbox 2018 4028 2113 4080; x_wconf 92' lang='lat' dir='ltr'><strong>per</strong></span> <span class='ocrx_word' id='word_1_224' title='bbox 2145 4029 2339 4069; x_wconf 81' lang='lat' dir='ltr'><strong>manus</strong></span> 
     </span>
    </p>
   </div>
   <div class='ocr_carea' id='block_1_36' title="bbox 760 4097 2341 4159">
    <p class='ocr_par' dir='ltr' id='par_1_36' title="bbox 760 4097 2341 4159">
     <span class='ocr_line' id='line_1_36' title="bbox 760 4097 2341 4159; baseline 0.004 -7"><span class='ocrx_word' id='word_1_225' title='bbox 760 4101 892 4155; x_wconf 87' lang='lat' dir='ltr'><strong>fides</strong></span> <span class='ocrx_word' id='word_1_226' title='bbox 919 4098 1246 4153; x_wconf 86' lang='lat' dir='ltr'><strong>orthodoxa.</strong></span> <span class='ocrx_word' id='word_1_227' title='bbox 1271 4097 1464 4154; x_wconf 89' lang='lat' dir='ltr'><strong>Nullus</strong></span> <span class='ocrx_word' id='word_1_228' title='bbox 1495 4101 1640 4155; x_wconf 90' lang='lat' dir='ltr'><strong>enim</strong></span> <span class='ocrx_word' id='word_1_229' title='bbox 1668 4101 1721 4155; x_wconf 89' lang='lat' dir='ltr'><strong>in</strong></span> <span class='ocrx_word' id='word_1_230' title='bbox 1764 4103 1921 4158; x_wconf 91' lang='lat' dir='ltr'><strong>nobis</strong></span> <span class='ocrx_word' id='word_1_231' title='bbox 1947 4106 2152 4158; x_wconf 82' lang='lat' dir='ltr'><strong>exstitit</strong></span> <span class='ocrx_word' id='word_1_232' title='bbox 2184 4121 2341 4159; x_wconf 82' lang='lat' dir='ltr'><strong>amor</strong></span> 
     </span>
    </p>
   </div>
   <div class='ocr_carea' id='block_1_37' title="bbox 760 4189 2339 4265">
    <p class='ocr_par' dir='ltr' id='par_1_37' title="bbox 760 4189 2339 4265">
     <span class='ocr_line' id='line_1_37' title="bbox 760 4189 2339 4265; baseline 0.003 -20"><span class='ocrx_word' id='word_1_233' title='bbox 760 4206 942 4246; x_wconf 90' lang='lat' dir='ltr'><strong>rerum</strong></span> <span class='ocrx_word' id='word_1_234' title='bbox 970 4189 1324 4244; x_wconf 90' lang='lat' dir='ltr'><strong>caducarum.</strong></span> <span class='ocrx_word' id='word_1_235' title='bbox 1349 4190 1664 4246; x_wconf 83' lang='lat' dir='ltr'><strong>institutum</strong></span> <span class='ocrx_word' id='word_1_236' title='bbox 1687 4193 1879 4256; x_wconf 90' lang='lat' dir='ltr'><strong>animi,</strong></span> <span class='ocrx_word' id='word_1_237' title='bbox 1916 4194 2021 4247; x_wconf 84' lang='lat' dir='ltr'><strong>vita</strong></span> <span class='ocrx_word' id='word_1_238' title='bbox 2046 4196 2339 4265; x_wconf 87' lang='lat' dir='ltr'><strong>tranquilla</strong></span> 
     </span>
    </p>
   </div>
   <div class='ocr_carea' id='block_1_38' title="bbox 761 4282 2336 4354">
    <p class='ocr_par' dir='ltr' id='par_1_38' title="bbox 761 4282 2336 4354">
     <span class='ocr_line' id='line_1_38' title="bbox 761 4282 2336 4354; baseline 0.005 -21"><span class='ocrx_word' id='word_1_239' title='bbox 761 4289 1035 4336; x_wconf 88' lang='lat' dir='ltr'><strong>mercatus</strong></span> <span class='ocrx_word' id='word_1_240' title='bbox 1078 4282 1382 4348; x_wconf 66' lang='lat' dir='ltr'><strong>doctrinae,</strong></span> <span class='ocrx_word' id='word_1_241' title='bbox 1431 4284 1635 4338; x_wconf 86' lang='lat' dir='ltr'><strong>virtute</strong></span> <span class='ocrx_word' id='word_1_242' title='bbox 1679 4286 2032 4354; x_wconf 77' lang='lat' dir='ltr'><strong>praeditorum</strong></span> <span class='ocrx_word' id='word_1_243' title='bbox 2084 4286 2336 4341; x_wconf 82' lang='lat' dir='ltr'><strong>imitatio.</strong></span> 
     </span>
    </p>
   </div>
   <div class='ocr_carea' id='block_1_39' title="bbox 761 4370 2340 4447">
    <p class='ocr_par' dir='ltr' id='par_1_39' title="bbox 761 4370 2340 4447">
     <span class='ocr_line' id='line_1_39' title="bbox 761 4370 2340 4447; baseline 0.003 -21"><span class='ocrx_word' id='word_1_244' title='bbox 761 4370 1071 4426; x_wconf 82' lang='lat' dir='ltr'><strong>Secundum</strong></span> <span class='ocrx_word' id='word_1_245' title='bbox 1105 4373 1218 4427; x_wconf 63' lang='lat' dir='ltr'><strong>haec</strong></span> <span class='ocrx_word' id='word_1_246' title='bbox 1258 4389 1473 4428; x_wconf 87' lang='lat' dir='ltr'><strong>morum</strong></span> <span class='ocrx_word' id='word_1_247' title='bbox 1535 4377 1764 4430; x_wconf 85' lang='lat' dir='ltr'><strong>mutatio</strong></span> <span class='ocrx_word' id='word_1_248' title='bbox 1819 4376 2049 4447; x_wconf 68' lang='lat' dir='ltr'><strong>vitaeque</strong></span> <span class='ocrx_word' id='word_1_249' title='bbox 2087 4378 2340 4432; x_wconf 72' lang='lat' dir='ltr'><strong>solitariae</strong></span> 
     </span>
    </p>
   </div>
   <div class='ocr_carea' id='block_1_40' title="bbox 763 4462 2339 4539">
    <p class='ocr_par' dir='ltr' id='par_1_40' title="bbox 763 4462 2339 4539">
     <span class='ocr_line' id='line_1_40' title="bbox 763 4462 2339 4539; baseline 0.004 -23"><span class='ocrx_word' id='word_1_250' title='bbox 763 4462 1025 4517; x_wconf 75' lang='lat' dir='ltr'><strong>studium.</strong></span> <span class='ocrx_word' id='word_1_251' title='bbox 1062 4462 1296 4516; x_wconf 89' lang='lat' dir='ltr'><strong>Tantum</strong></span> <span class='ocrx_word' id='word_1_252' title='bbox 1327 4465 1483 4529; x_wconf 89' lang='lat' dir='ltr'><strong>satis,</strong></span> <span class='ocrx_word' id='word_1_253' title='bbox 1509 4465 1576 4519; x_wconf 90' lang='lat' dir='ltr'><strong>ad</strong></span> <span class='ocrx_word' id='word_1_254' title='bbox 1608 4467 2016 4536; x_wconf 86' lang='lat' dir='ltr'><strong>exprimendam</strong></span> <span class='ocrx_word' id='word_1_255' title='bbox 2047 4471 2201 4539; x_wconf 84' lang='lat' dir='ltr'><strong>quasi</strong></span> <span class='ocrx_word' id='word_1_256' title='bbox 2233 4470 2339 4523; x_wconf 84' lang='lat' dir='ltr'><strong>for-</strong></span> 
     </span>
    </p>
   </div>
   <div class='ocr_carea' id='block_1_41' title="bbox 762 4553 1288 4608">
    <p class='ocr_par' dir='ltr' id='par_1_41' title="bbox 762 4553 1288 4608">
     <span class='ocr_line' id='line_1_41' title="bbox 762 4553 1288 4608; baseline 0.008 -4"><span class='ocrx_word' id='word_1_257' title='bbox 762 4567 903 4606; x_wconf 90' lang='lat' dir='ltr'><strong>mam</strong></span> <span class='ocrx_word' id='word_1_258' title='bbox 928 4553 1051 4607; x_wconf 68' lang='lat' dir='ltr'><strong>vitae</strong></span> <span class='ocrx_word' id='word_1_259' title='bbox 1069 4564 1288 4608; x_wconf 79' lang='lat' dir='ltr'><strong>nostrze.</strong></span> 
     </span>
    </p>
   </div>
   <div class='ocr_carea' id='block_1_42' title="bbox 830 4642 2341 4708">
    <p class='ocr_par' dir='ltr' id='par_1_42' title="bbox 830 4642 2341 4708">
     <span class='ocr_line' id='line_1_42' title="bbox 830 4642 2341 4708; baseline 0.008 -12"><span class='ocrx_word' id='word_1_260' title='bbox 830 4642 984 4708; x_wconf 83' lang='lat' dir='ltr'><strong>Quod</strong></span> <span class='ocrx_word' id='word_1_261' title='bbox 1009 4645 1204 4699; x_wconf 82' lang='lat' dir='ltr'><strong>attinet</strong></span> <span class='ocrx_word' id='word_1_262' title='bbox 1236 4645 1542 4700; x_wconf 82' lang='lat' dir='ltr'><strong>doctrinam</strong></span> <span class='ocrx_word' id='word_1_263' title='bbox 1568 4647 1692 4702; x_wconf 77' lang='lat' dir='ltr'><strong>ﬁdei</strong></span> <span class='ocrx_word' id='word_1_264' title='bbox 1720 4666 1733 4701; x_wconf 79' lang='grc' dir='ltr'><strong>ι</strong></span> <span class='ocrx_word' id='word_1_265' title='bbox 1774 4649 2064 4706; x_wconf 83' lang='lat' dir='ltr'><strong>Credimus</strong></span> <span class='ocrx_word' id='word_1_266' title='bbox 2095 4653 2148 4705; x_wconf 93' lang='lat' dir='ltr'><strong>in</strong></span> <span class='ocrx_word' id='word_1_267' title='bbox 2173 4669 2341 4707; x_wconf 90' lang='lat' dir='ltr'><strong>unum</strong></span> 
     </span>
    </p>
   </div>
   <div class='ocr_carea' id='block_1_43' title="bbox 2046 425 2664 488">
    <p class='ocr_par' dir='ltr' id='par_1_43' title="bbox 2046 425 2664 488">
     <span class='ocr_line' id='line_1_43' title="bbox 2046 425 2664 488; baseline -0.002 -1"><span class='ocrx_word' id='word_1_268' title='bbox 2046 427 2178 487; x_wconf 80' lang='lat' dir='ltr'><strong>JUS</strong></span> <span class='ocrx_word' id='word_1_269' title='bbox 2218 425 2664 488; x_wconf 73' lang='lat' dir='ltr'><strong>CANONICUM</strong></span> 
     </span>
    </p>
   </div>
   <div class='ocr_carea' id='block_1_44' title="bbox 809 537 2404 607">
    <p class='ocr_par' dir='ltr' id='par_1_44' title="bbox 809 537 2404 607">
     <span class='ocr_line' id='line_1_44' title="bbox 809 537 2404 607; baseline -0.006 -9"><span class='ocrx_word' id='word_1_270' title='bbox 809 540 1140 598; x_wconf 80' lang='lat' dir='ltr'><strong>Faciendum</strong></span> <span class='ocrx_word' id='word_1_271' title='bbox 1167 538 1403 595; x_wconf 82' lang='lat' dir='ltr'><strong>maximo</strong></span> <span class='ocrx_word' id='word_1_272' title='bbox 1428 538 1524 593; x_wconf 76' lang='lat' dir='ltr'><strong>tibi</strong></span> <span class='ocrx_word' id='word_1_273' title='bbox 1557 539 1760 603; x_wconf 89' lang='lat' dir='ltr'><strong>studio,</strong></span> <span class='ocrx_word' id='word_1_274' title='bbox 1786 551 1849 592; x_wconf 90' lang='lat' dir='ltr'><strong>ne</strong></span> <span class='ocrx_word' id='word_1_275' title='bbox 1880 537 1971 607; x_wconf 89' lang='lat' dir='ltr'><strong>qui</strong></span> <span class='ocrx_word' id='word_1_276' title='bbox 2007 537 2327 599; x_wconf 86' lang='lat' dir='ltr'><strong>tondentur,</strong></span> <span class='ocrx_word' id='word_1_277' title='bbox 2360 540 2404 596; x_wconf 82' lang='grc' dir='ltr'><strong>Α</strong></span> 
     </span>
    </p>
   </div>
   <div class='ocr_carea' id='block_1_45' title="bbox 3873 432 4006 488">
    <p class='ocr_par' dir='ltr' id='par_1_45' title="bbox 3873 432 4006 488">
     <span class='ocr_line' id='line_1_45' title="bbox 3873 432 4006 488; baseline 0.023 -3"><span class='ocrx_word' id='word_1_278' title='bbox 3873 432 4006 488; x_wconf 72' lang='lat'><strong>113&#39;.&quot;</strong></span> 
     </span>
    </p>
   </div>
   <div class='ocr_carea' id='block_1_46' title="bbox 2507 532 4024 607">
    <p class='ocr_par' dir='ltr' id='par_1_46' title="bbox 2507 532 4024 607">
     <span class='ocr_line' id='line_1_46' title="bbox 2507 532 4024 607; baseline -0.001 -19"><span class='ocrx_word' id='word_1_279' title='bbox 2507 541 2636 588; x_wconf 67' lang='grc' dir='ltr'>Δέον</span> <span class='ocrx_word' id='word_1_280' title='bbox 2693 552 2752 588; x_wconf 85' lang='grc' dir='ltr'><strong>σε</strong></span> <span class='ocrx_word' id='word_1_281' title='bbox 2808 534 2864 586; x_wconf 81' lang='grc' dir='ltr'>ὲν</span> <span class='ocrx_word' id='word_1_282' title='bbox 2913 532 3205 605; x_wconf 60' lang='grc' dir='ltr'>ἐπιμελείᾳ</span> <span class='ocrx_word' id='word_1_283' title='bbox 3257 533 3494 607; x_wconf 77' lang='grc' dir='ltr'><strong>μεγίστῃ</strong></span> <span class='ocrx_word' id='word_1_284' title='bbox 3525 535 3620 587; x_wconf 76' lang='grc' dir='ltr'>καὶ</span> <span class='ocrx_word' id='word_1_285' title='bbox 3662 533 3824 587; x_wconf 71' lang='grc' dir='ltr'>τοῦτο</span> <span class='ocrx_word' id='word_1_286' title='bbox 3858 539 4024 587; x_wconf 76' lang='grc' dir='ltr'>ποιεί-</span> 
     </span>
    </p>
   </div>
   <div class='ocr_carea' id='block_1_47' title="bbox 2433 628 4022 699">
    <p class='ocr_par' dir='ltr' id='par_1_47' title="bbox 2433 628 4022 699">
     <span class='ocr_line' id='line_1_47' title="bbox 2433 628 4022 699; baseline -0.001 -16"><span class='ocrx_word' id='word_1_287' title='bbox 2433 631 2556 684; x_wconf 89' lang='grc' dir='ltr'>σθαι</span> <span class='ocrx_word' id='word_1_288' title='bbox 2579 631 2719 682; x_wconf 80' lang='grc' dir='ltr'>ὥστε</span> <span class='ocrx_word' id='word_1_289' title='bbox 2754 631 2878 692; x_wconf 84' lang='grc' dir='ltr'>τοὺς</span> <span class='ocrx_word' id='word_1_290' title='bbox 2913 628 3382 698; x_wconf 79' lang='grc' dir='ltr'>ἀποκειρομένους</span> <span class='ocrx_word' id='word_1_291' title='bbox 3414 629 3488 698; x_wconf 79' lang='grc' dir='ltr'><strong>μὴ</strong></span> <span class='ocrx_word' id='word_1_292' title='bbox 3517 628 3786 699; x_wconf 82' lang='grc' dir='ltr'>πρότερον</span> <span class='ocrx_word' id='word_1_293' title='bbox 3818 631 3878 680; x_wconf 77' lang='grc' dir='ltr'>ἐν</span> <span class='ocrx_word' id='word_1_294' title='bbox 3909 631 4022 682; x_wconf 72' lang='grc' dir='ltr'><strong>ἑτέ-</strong></span> 
     </span>
    </p>
   </div>
   <div class='ocr_carea' id='block_1_48' title="bbox 2433 719 4027 795">
    <p class='ocr_par' dir='ltr' id='par_1_48' title="bbox 2433 719 4027 795">
     <span class='ocr_line' id='line_1_48' title="bbox 2433 719 4027 795; baseline 0 -20"><span class='ocrx_word' id='word_1_295' title='bbox 2433 741 2504 795; x_wconf 76' lang='grc' dir='ltr'>ρᾳ</span> <span class='ocrx_word' id='word_1_296' title='bbox 2541 724 2899 795; x_wconf 73' lang='grc' dir='ltr'>οἱᾳδηποτοῦν</span> <span class='ocrx_word' id='word_1_297' title='bbox 2923 724 3019 793; x_wconf 72' lang='grc' dir='ltr'>τῆς</span> <span class='ocrx_word' id='word_1_298' title='bbox 3051 721 3223 792; x_wconf 79' lang='grc' dir='ltr'>μονῆς</span> <span class='ocrx_word' id='word_1_299' title='bbox 3255 721 3587 790; x_wconf 79' lang='grc' dir='ltr'>ἀπασχολεῖν</span> <span class='ocrx_word' id='word_1_300' title='bbox 3618 719 3892 792; x_wconf 78' lang='grc' dir='ltr'>διακονία,</span> <span class='ocrx_word' id='word_1_301' title='bbox 3927 723 4027 775; x_wconf 74' lang='grc' dir='ltr'><strong>κᾶν</strong></span> 
     </span>
    </p>
   </div>
   <div class='ocr_carea' id='block_1_49' title="bbox 2430 815 4024 887">
    <p class='ocr_par' dir='ltr' id='par_1_49' title="bbox 2430 815 4024 887">
     <span class='ocr_line' id='line_1_49' title="bbox 2430 815 4024 887; baseline -0.001 -18"><span class='ocrx_word' id='word_1_302' title='bbox 2430 816 2618 883; x_wconf 82' lang='grc' dir='ltr'>δεξιῶς</span> <span class='ocrx_word' id='word_1_303' title='bbox 2655 818 2790 887; x_wconf 83' lang='grc' dir='ltr'>πρός</span> <span class='ocrx_word' id='word_1_304' title='bbox 2825 833 2949 870; x_wconf 86' lang='grc' dir='ltr'>τινα</span> <span class='ocrx_word' id='word_1_305' title='bbox 2992 817 3100 870; x_wconf 90' lang='grc' dir='ltr'><strong>τῶν</strong></span> <span class='ocrx_word' id='word_1_306' title='bbox 3141 816 3402 869; x_wconf 65' lang='grc' dir='ltr'>τοιοεὲτων</span> <span class='ocrx_word' id='word_1_307' title='bbox 3434 815 3623 884; x_wconf 77' lang='grc' dir='ltr'><strong>ἔχωσι,</strong></span> <span class='ocrx_word' id='word_1_308' title='bbox 3656 815 3793 884; x_wconf 75' lang='grc' dir='ltr'>πρὶν</span> <span class='ocrx_word' id='word_1_309' title='bbox 3848 815 3919 868; x_wconf 76' lang='grc' dir='ltr'>ἂν</span> <span class='ocrx_word' id='word_1_310' title='bbox 3965 815 4024 867; x_wconf 80' lang='grc' dir='ltr'><strong>τὸ</strong></span> 
     </span>
    </p>
   </div>
   <div class='ocr_carea' id='block_1_50' title="bbox 2433 906 4025 977">
    <p class='ocr_par' dir='ltr' id='par_1_50' title="bbox 2433 906 4025 977">
     <span class='ocr_line' id='line_1_50' title="bbox 2433 906 4025 977; baseline -0.001 -17"><span class='ocrx_word' id='word_1_311' title='bbox 2433 907 2734 977; x_wconf 72' lang='grc' dir='ltr'><strong>ψαλτήριον</strong></span> <span class='ocrx_word' id='word_1_312' title='bbox 2791 907 2971 968; x_wconf 80' lang='grc' dir='ltr'>καλῶς</span> <span class='ocrx_word' id='word_1_313' title='bbox 3007 907 3314 976; x_wconf 72' lang='grc' dir='ltr'><strong>ἐκμάθωσι,</strong></span> <span class='ocrx_word' id='word_1_314' title='bbox 3353 907 3449 960; x_wconf 72' lang='grc' dir='ltr'>καὶ</span> <span class='ocrx_word' id='word_1_315' title='bbox 3493 907 3595 976; x_wconf 80' lang='grc' dir='ltr'><strong>τὴν</strong></span> <span class='ocrx_word' id='word_1_316' title='bbox 3629 906 3832 976; x_wconf 80' lang='grc' dir='ltr'>λοιπὴν</span> <span class='ocrx_word' id='word_1_317' title='bbox 3879 908 4025 961; x_wconf 78' lang='grc' dir='ltr'>ἀπα-</span> 
     </span>
    </p>
   </div>
   <div class='ocr_carea' id='block_1_51' title="bbox 2434 997 4026 1069">
    <p class='ocr_par' dir='ltr' id='par_1_51' title="bbox 2434 997 4026 1069">
     <span class='ocr_line' id='line_1_51' title="bbox 2434 997 4026 1069; baseline 0 -17"><span class='ocrx_word' id='word_1_318' title='bbox 2434 1017 2535 1052; x_wconf 91' lang='grc' dir='ltr'><strong>σαν</strong></span> <span class='ocrx_word' id='word_1_319' title='bbox 2569 997 2919 1059; x_wconf 78' lang='grc' dir='ltr'>ἀκολουθίαν.</span> <span class='ocrx_word' id='word_1_320' title='bbox 2973 1000 3040 1068; x_wconf 89' lang='grc' dir='ltr'>ἢν</span> <span class='ocrx_word' id='word_1_321' title='bbox 3088 999 3370 1069; x_wconf 77' lang='grc' dir='ltr'>προσῆκόν</span> <span class='ocrx_word' id='word_1_322' title='bbox 3412 1001 3564 1051; x_wconf 71' lang='grc' dir='ltr'>ἔστιν</span> <span class='ocrx_word' id='word_1_323' title='bbox 3618 999 4026 1067; x_wconf 70' lang='grc' dir='ltr'><strong>ἀπαραιτήτως</strong></span> 
     </span>
    </p>
   </div>
   <div class='ocr_carea' id='block_1_52' title="bbox 2433 1087 4026 1163">
    <p class='ocr_par' dir='ltr' id='par_1_52' title="bbox 2433 1087 4026 1163">
     <span class='ocr_line' id='line_1_52' title="bbox 2433 1087 4026 1163; baseline 0.002 -22"><span class='ocrx_word' id='word_1_324' title='bbox 2433 1091 2597 1143; x_wconf 70' lang='grc' dir='ltr'>παντὶ</span> <span class='ocrx_word' id='word_1_325' title='bbox 2624 1091 2845 1161; x_wconf 83' lang='grc' dir='ltr'>μοναχῷ</span> <span class='ocrx_word' id='word_1_326' title='bbox 2885 1091 3294 1156; x_wconf 80' lang='grc' dir='ltr'>ὲξεπίστασθαι,</span> <span class='ocrx_word' id='word_1_327' title='bbox 3329 1087 3396 1163; x_wconf 83' lang='grc' dir='ltr'>ἦς</span> <span class='ocrx_word' id='word_1_328' title='bbox 3423 1095 3487 1161; x_wconf 82' lang='grc' dir='ltr'><strong>τῇ</strong></span> <span class='ocrx_word' id='word_1_329' title='bbox 3516 1092 3714 1162; x_wconf 63' lang='grc' dir='ltr'><strong>ἀγνοίᾳ⁵</strong></span> <span class='ocrx_word' id='word_1_330' title='bbox 3732 1092 3795 1142; x_wconf 79' lang='grc' dir='ltr'><strong>οὗ</strong></span> <span class='ocrx_word' id='word_1_331' title='bbox 3830 1092 4026 1160; x_wconf 66' lang='grc' dir='ltr'>μικρὲς</span> 
     </span>
    </p>
   </div>
   <div class='ocr_carea' id='block_1_53' title="bbox 2433 1182 4028 1255">
    <p class='ocr_par' dir='ltr' id='par_1_53' title="bbox 2433 1182 4028 1255">
     <span class='ocr_line' id='line_1_53' title="bbox 2433 1182 4028 1255; baseline 0.002 -20"><span class='ocrx_word' id='word_1_332' title='bbox 2433 1185 2534 1235; x_wconf 76' lang='grc' dir='ltr'>καὶ</span> <span class='ocrx_word' id='word_1_333' title='bbox 2557 1187 2584 1236; x_wconf 90' lang='grc' dir='ltr'>ὁ</span> <span class='ocrx_word' id='word_1_334' title='bbox 2612 1182 2792 1253; x_wconf 86' lang='grc' dir='ltr'>τυχὼν</span> <span class='ocrx_word' id='word_1_335' title='bbox 2839 1183 2917 1254; x_wconf 85' lang='grc' dir='ltr'>τῷ</span> <span class='ocrx_word' id='word_1_336' title='bbox 2948 1183 3055 1236; x_wconf 89' lang='grc' dir='ltr'>τῶν</span> <span class='ocrx_word' id='word_1_337' title='bbox 3092 1184 3345 1255; x_wconf 85' lang='grc' dir='ltr'>μοναχῶν</span> <span class='ocrx_word' id='word_1_338' title='bbox 3416 1184 3680 1254; x_wconf 81' lang='grc' dir='ltr'><strong>πρόσεστι</strong></span> <span class='ocrx_word' id='word_1_339' title='bbox 3853 1184 3904 1216; x_wconf 79' lang='grc'><strong>’⁸</strong></span> <span class='ocrx_word' id='word_1_340' title='bbox 3931 1184 4028 1238; x_wconf 80' lang='grc' dir='ltr'><strong>τά·</strong></span> 
     </span>
    </p>
   </div>
   <div class='ocr_carea' id='block_1_54' title="bbox 2433 1294 2626 1346">
    <p class='ocr_par' dir='ltr' id='par_1_54' title="bbox 2433 1294 2626 1346">
     <span class='ocr_line' id='line_1_54' title="bbox 2433 1294 2626 1346; baseline 0.005 -16"><span class='ocrx_word' id='word_1_341' title='bbox 2433 1294 2469 1344; x_wconf 88' lang='grc' dir='ltr'><strong>γ</strong></span> <span class='ocrx_word' id='word_1_342' title='bbox 2477 1295 2626 1346; x_wconf 79' lang='grc' dir='ltr'>ματι.</span> 
     </span>
    </p>
   </div>
   <div class='ocr_carea' id='block_1_55' title="bbox 2509 1366 4026 1439">
    <p class='ocr_par' dir='ltr' id='par_1_55' title="bbox 2509 1366 4026 1439">
     <span class='ocr_line' id='line_1_55' title="bbox 2509 1366 4026 1439; baseline 0.001 -19"><span class='ocrx_word' id='word_1_343' title='bbox 2509 1369 2652 1439; x_wconf 76' lang='grc' dir='ltr'><strong>Πρὸς</strong></span> <span class='ocrx_word' id='word_1_344' title='bbox 2708 1366 2914 1430; x_wconf 81' lang='grc' dir='ltr'><strong>τούτοις</strong></span> <span class='ocrx_word' id='word_1_345' title='bbox 2961 1369 3079 1420; x_wconf 78' lang='grc' dir='ltr'><strong>δέον</strong></span> <span class='ocrx_word' id='word_1_346' title='bbox 3125 1385 3184 1420; x_wconf 88' lang='grc' dir='ltr'><strong>σε</strong></span> <span class='ocrx_word' id='word_1_347' title='bbox 3232 1369 3544 1437; x_wconf 73' lang='grc' dir='ltr'>ἐγγράφους</span> <span class='ocrx_word' id='word_1_348' title='bbox 3595 1369 3691 1421; x_wconf 74' lang='grc' dir='ltr'>καὶ</span> <span class='ocrx_word' id='word_1_349' title='bbox 3736 1368 4026 1438; x_wconf 77' lang='grc' dir='ltr'>διαδήλους</span> 
     </span>
    </p>
   </div>
   <div class='ocr_carea' id='block_1_56' title="bbox 2436 1460 4027 1530">
    <p class='ocr_par' dir='ltr' id='par_1_56' title="bbox 2436 1460 4027 1530">
     <span class='ocr_line' id='line_1_56' title="bbox 2436 1460 4027 1530; baseline 0 -18"><span class='ocrx_word' id='word_1_350' title='bbox 2436 1464 2549 1523; x_wconf 84' lang='grc' dir='ltr'>τοῖς</span> <span class='ocrx_word' id='word_1_351' title='bbox 2576 1461 2682 1513; x_wconf 80' lang='grc' dir='ltr'><strong>ὑπὸ</strong></span> <span class='ocrx_word' id='word_1_352' title='bbox 2718 1461 2776 1513; x_wconf 86' lang='grc' dir='ltr'>σὲ</span> <span class='ocrx_word' id='word_1_353' title='bbox 2807 1461 2914 1512; x_wconf 91' lang='grc' dir='ltr'>τῶν</span> <span class='ocrx_word' id='word_1_354' title='bbox 2950 1460 3223 1529; x_wconf 73' lang='grc' dir='ltr'><strong>ἐκκρίτων</strong></span> <span class='ocrx_word' id='word_1_355' title='bbox 3269 1463 3522 1530; x_wconf 80' lang='grc' dir='ltr'>μοναχοῖς</span> <span class='ocrx_word' id='word_1_356' title='bbox 3565 1462 3744 1522; x_wconf 83' lang='grc' dir='ltr'>πάσας</span> <span class='ocrx_word' id='word_1_357' title='bbox 3790 1461 3894 1523; x_wconf 82' lang='grc' dir='ltr'><strong>τὰς</strong></span> <span class='ocrx_word' id='word_1_358' title='bbox 3928 1461 4027 1528; x_wconf 75' lang='grc' dir='ltr'><strong>τῆς</strong></span> 
     </span>
    </p>
   </div>
   <div class='ocr_carea' id='block_1_57' title="bbox 2443 1549 4024 1620">
    <p class='ocr_par' dir='ltr' id='par_1_57' title="bbox 2443 1549 4024 1620">
     <span class='ocr_line' id='line_1_57' title="bbox 2443 1549 4024 1620; baseline 0.001 -19"><span class='ocrx_word' id='word_1_359' title='bbox 2443 1549 2608 1618; x_wconf 52' lang='grc' dir='ltr'>μοι-ἦς</span> <span class='ocrx_word' id='word_1_360' title='bbox 2639 1551 2876 1613; x_wconf 75' lang='grc' dir='ltr'>εἰσόδους</span> <span class='ocrx_word' id='word_1_361' title='bbox 2918 1567 2977 1602; x_wconf 86' lang='grc' dir='ltr'>τε</span> <span class='ocrx_word' id='word_1_362' title='bbox 3013 1552 3108 1604; x_wconf 77' lang='grc' dir='ltr'>καὶ</span> <span class='ocrx_word' id='word_1_363' title='bbox 3140 1549 3352 1613; x_wconf 77' lang='grc' dir='ltr'><strong>ἐξόδους</strong></span> <span class='ocrx_word' id='word_1_364' title='bbox 3384 1551 3895 1620; x_wconf 77' lang='grc' dir='ltr'>καταπράττεσθαι,</span> <span class='ocrx_word' id='word_1_365' title='bbox 3933 1552 4024 1603; x_wconf 71' lang='grc' dir='ltr'>καὶ</span> 
     </span>
    </p>
   </div>
   <div class='ocr_carea' id='block_1_58' title="bbox 2441 1641 4024 1710">
    <p class='ocr_par' dir='ltr' id='par_1_58' title="bbox 2441 1641 4024 1710">
     <span class='ocr_line' id='line_1_58' title="bbox 2441 1641 4024 1710; baseline 0.001 -18"><span class='ocrx_word' id='word_1_366' title='bbox 2441 1642 2596 1703; x_wconf 78' lang='grc' dir='ltr'>ὲκτδς</span> <span class='ocrx_word' id='word_1_367' title='bbox 2628 1641 2930 1694; x_wconf 79' lang='grc' dir='ltr'>πεκουλίων</span> <span class='ocrx_word' id='word_1_368' title='bbox 2987 1644 3266 1710; x_wconf 81' lang='grc' dir='ltr'>συντηρεῖν</span> <span class='ocrx_word' id='word_1_369' title='bbox 3327 1643 3455 1704; x_wconf 80' lang='grc' dir='ltr'>τοὺς</span> <span class='ocrx_word' id='word_1_370' title='bbox 3505 1642 3609 1694; x_wconf 74' lang='grc' dir='ltr'><strong>ὑπὸ</strong></span> <span class='ocrx_word' id='word_1_371' title='bbox 3661 1643 3723 1694; x_wconf 75' lang='grc' dir='ltr'>σὲ</span> <span class='ocrx_word' id='word_1_372' title='bbox 3774 1642 4024 1706; x_wconf 72' lang='grc' dir='ltr'>ἅπαντας</span> 
     </span>
    </p>
   </div>
   <div class='ocr_carea' id='block_1_59' title="bbox 2445 1732 4023 1804">
    <p class='ocr_par' dir='ltr' id='par_1_59' title="bbox 2445 1732 4023 1804">
     <span class='ocr_line' id='line_1_59' title="bbox 2445 1732 4023 1804; baseline 0.001 -19"><span class='ocrx_word' id='word_1_373' title='bbox 2445 1732 2798 1803; x_wconf 72' lang='grc' dir='ltr'>μονάζοντας*</span> <span class='ocrx_word' id='word_1_374' title='bbox 2837 1734 2930 1786; x_wconf 72' lang='grc' dir='ltr'><strong>καὶ</strong></span> <span class='ocrx_word' id='word_1_375' title='bbox 2985 1734 3258 1803; x_wconf 77' lang='grc' dir='ltr'>ὲνισχύσει</span> <span class='ocrx_word' id='word_1_376' title='bbox 3328 1735 3476 1802; x_wconf 75' lang='grc' dir='ltr'><strong>ὑμᾶς</strong></span> <span class='ocrx_word' id='word_1_377' title='bbox 3513 1736 3720 1804; x_wconf 82' lang='grc' dir='ltr'>Κύριος</span> <span class='ocrx_word' id='word_1_378' title='bbox 3750 1737 3778 1786; x_wconf 84' lang='grc' dir='ltr'><strong>ό</strong></span> <span class='ocrx_word' id='word_1_379' title='bbox 3807 1736 3967 1797; x_wconf 69' lang='grc' dir='ltr'>Θεδς.</span> <span class='ocrx_word' id='word_1_380' title='bbox 3998 1740 4023 1787; x_wconf 74' lang='grc' dir='ltr'>ὁ</span> 
     </span>
    </p>
   </div>
   <div class='ocr_carea' id='block_1_60' title="bbox 2441 1822 4022 1893">
    <p class='ocr_par' dir='ltr' id='par_1_60' title="bbox 2441 1822 4022 1893">
     <span class='ocr_line' id='line_1_60' title="bbox 2441 1822 4022 1893; baseline 0.001 -19"><span class='ocrx_word' id='word_1_381' title='bbox 2441 1823 2611 1876; x_wconf 79' lang='grc' dir='ltr'><strong>Θέλων</strong></span> <span class='ocrx_word' id='word_1_382' title='bbox 2644 1823 2856 1883; x_wconf 79' lang='grc' dir='ltr'><strong>πάντας</strong></span> <span class='ocrx_word' id='word_1_383' title='bbox 2889 1822 3214 1892; x_wconf 73' lang='grc' dir='ltr'><strong>ἀνθρώπους</strong></span> <span class='ocrx_word' id='word_1_384' title='bbox 3257 1823 3530 1892; x_wconf 76' lang='grc' dir='ltr'>σωθῆναι,</span> <span class='ocrx_word' id='word_1_385' title='bbox 3579 1825 3917 1893; x_wconf 79' lang='grc' dir='ltr'>ἐργάξεσθαι</span> <span class='ocrx_word' id='word_1_386' title='bbox 3957 1828 4022 1876; x_wconf 84' lang='grc' dir='ltr'><strong>τά</strong></span> 
     </span>
    </p>
   </div>
   <div class='ocr_carea' id='block_1_61' title="bbox 2435 1915 4021 1986">
    <p class='ocr_par' dir='ltr' id='par_1_61' title="bbox 2435 1915 4021 1986">
     <span class='ocr_line' id='line_1_61' title="bbox 2435 1915 4021 1986; baseline 0 -18"><span class='ocrx_word' id='word_1_387' title='bbox 2435 1915 2537 1983; x_wconf 78' lang='grc' dir='ltr'><strong>τῆς</strong></span> <span class='ocrx_word' id='word_1_388' title='bbox 2568 1915 2855 1976; x_wconf 76' lang='grc' dir='ltr'>εὐλαϐείας</span> <span class='ocrx_word' id='word_1_389' title='bbox 2900 1916 2992 1966; x_wconf 78' lang='grc' dir='ltr'>καὶ</span> <span class='ocrx_word' id='word_1_390' title='bbox 3021 1915 3120 1983; x_wconf 76' lang='grc' dir='ltr'><strong>τῆς</strong></span> <span class='ocrx_word' id='word_1_391' title='bbox 3161 1915 3461 1984; x_wconf 79' lang='grc' dir='ltr'><strong>ἀρεσκείας</strong></span> <span class='ocrx_word' id='word_1_392' title='bbox 3492 1916 3658 1968; x_wconf 81' lang='grc' dir='ltr'>αὐτοῦ</span> <span class='ocrx_word' id='word_1_393' title='bbox 3686 1916 3848 1986; x_wconf 72' lang='grc' dir='ltr'>ἔργα,</span> <span class='ocrx_word' id='word_1_394' title='bbox 3881 1919 4021 1983; x_wconf 80' lang='grc' dir='ltr'><strong>μετά</strong></span> 
     </span>
    </p>
   </div>
   <div class='ocr_carea' id='block_1_62' title="bbox 2437 2007 4025 2078">
    <p class='ocr_par' dir='ltr' id='par_1_62' title="bbox 2437 2007 4025 2078">
     <span class='ocr_line' id='line_1_62' title="bbox 2437 2007 4025 2078; baseline 0.001 -19"><span class='ocrx_word' id='word_1_395' title='bbox 2437 2007 2659 2059; x_wconf 81' lang='grc' dir='ltr'>πάντων</span> <span class='ocrx_word' id='word_1_396' title='bbox 2703 2007 2812 2059; x_wconf 86' lang='grc' dir='ltr'><strong>τῶν</strong></span> <span class='ocrx_word' id='word_1_397' title='bbox 2869 2011 3138 2060; x_wconf 80' lang='grc' dir='ltr'>συνόντων</span> <span class='ocrx_word' id='word_1_398' title='bbox 3188 2008 3317 2076; x_wconf 75' lang='grc' dir='ltr'><strong>ὑμῖν</strong></span> <span class='ocrx_word' id='word_1_399' title='bbox 3367 2008 3636 2076; x_wconf 78' lang='grc' dir='ltr'><strong>ἀδελφῶν.</strong></span> <span class='ocrx_word' id='word_1_400' title='bbox 3674 2011 3784 2062; x_wconf 68' lang='grc' dir='ltr'><strong>Καὶ</strong></span> <span class='ocrx_word' id='word_1_401' title='bbox 3814 2011 4025 2078; x_wconf 72' lang='grc' dir='ltr'>μνημό-</span> 
     </span>
    </p>
   </div>
   <div class='ocr_carea' id='block_1_63' title="bbox 2436 2097 4022 2168">
    <p class='ocr_par' dir='ltr' id='par_1_63' title="bbox 2436 2097 4022 2168">
     <span class='ocr_line' id='line_1_63' title="bbox 2436 2097 4022 2168; baseline 0.001 -18"><span class='ocrx_word' id='word_1_402' title='bbox 2436 2114 2593 2150; x_wconf 90' lang='grc' dir='ltr'>νευσε</span> <span class='ocrx_word' id='word_1_403' title='bbox 2642 2097 2736 2149; x_wconf 80' lang='grc' dir='ltr'>καὶ</span> <span class='ocrx_word' id='word_1_404' title='bbox 2783 2097 2892 2150; x_wconf 89' lang='grc' dir='ltr'><strong>τῶν</strong></span> <span class='ocrx_word' id='word_1_405' title='bbox 2946 2098 3177 2167; x_wconf 80' lang='grc' dir='ltr'><strong>πτωχῶν</strong></span> <span class='ocrx_word' id='word_1_406' title='bbox 3210 2098 3457 2166; x_wconf 74' lang='grc' dir='ltr'>ἀδελφῶν</span> <span class='ocrx_word' id='word_1_407' title='bbox 3491 2098 3671 2168; x_wconf 74' lang='grc' dir='ltr'>ἡμῶν,</span> <span class='ocrx_word' id='word_1_408' title='bbox 3724 2101 3819 2152; x_wconf 71' lang='grc' dir='ltr'><strong>καὶ</strong></span> <span class='ocrx_word' id='word_1_409' title='bbox 3865 2101 4022 2167; x_wconf 79' lang='grc' dir='ltr'><strong>ἡμῶν</strong></span> 
     </span>
    </p>
   </div>
   <div class='ocr_carea' id='block_1_64' title="bbox 2436 2188 4026 2261">
    <p class='ocr_par' dir='ltr' id='par_1_64' title="bbox 2436 2188 4026 2261">
     <span class='ocr_line' id='line_1_64' title="bbox 2436 2188 4026 2261; baseline 0.001 -19"><span class='ocrx_word' id='word_1_410' title='bbox 2436 2190 2742 2261; x_wconf 82' lang='grc' dir='ltr'>ὕπερεύχου</span> <span class='ocrx_word' id='word_1_411' title='bbox 2804 2188 2946 2261; x_wconf 82' lang='grc' dir='ltr'>μετὰ</span> <span class='ocrx_word' id='word_1_412' title='bbox 2999 2189 3184 2261; x_wconf 78' lang='grc' dir='ltr'>πάσης</span> <span class='ocrx_word' id='word_1_413' title='bbox 3236 2191 3335 2259; x_wconf 82' lang='grc' dir='ltr'>τῆς</span> <span class='ocrx_word' id='word_1_414' title='bbox 3392 2191 3450 2244; x_wconf 83' lang='grc' dir='ltr'>ὲν</span> <span class='ocrx_word' id='word_1_415' title='bbox 3511 2191 3736 2261; x_wconf 74' lang='grc' dir='ltr'>Χριστῷ</span> <span class='ocrx_word' id='word_1_416' title='bbox 3797 2192 4026 2261; x_wconf 68' lang='grc' dir='ltr'>ἀδελφό-</span> 
     </span>
    </p>
   </div>
   <div class='ocr_carea' id='block_1_65' title="bbox 2436 2298 2621 2350">
    <p class='ocr_par' dir='ltr' id='par_1_65' title="bbox 2436 2298 2621 2350">
     <span class='ocr_line' id='line_1_65' title="bbox 2436 2298 2621 2350; baseline 0.032 -18"><span class='ocrx_word' id='word_1_417' title='bbox 2436 2298 2621 2350; x_wconf 84' lang='grc' dir='ltr'>τητος.</span> 
     </span>
    </p>
   </div>
   <div class='ocr_carea' id='block_1_66' title="bbox 2437 2394 4023 2464">
    <p class='ocr_par' dir='ltr' id='par_1_66' title="bbox 2437 2394 4023 2464">
     <span class='ocr_line' id='line_1_66' title="bbox 2437 2394 4023 2464; baseline 0.001 -16"><span class='ocrx_word' id='word_1_418' title='bbox 2437 2394 2777 2462; x_wconf 79' lang='grc' dir='ltr'>Συστατικὴ</span> <span class='ocrx_word' id='word_1_419' title='bbox 2818 2395 3144 2463; x_wconf 66' lang='grc' dir='ltr'><strong>ἐπιστολὴ,</strong></span> <span class='ocrx_word' id='word_1_420' title='bbox 3185 2396 3533 2464; x_wconf 71' lang='grc' dir='ltr'>πεμπομένη</span> <span class='ocrx_word' id='word_1_421' title='bbox 3568 2397 3729 2462; x_wconf 77' lang='grc' dir='ltr'><strong>παρὰ</strong></span> <span class='ocrx_word' id='word_1_422' title='bbox 3767 2397 3875 2450; x_wconf 78' lang='grc' dir='ltr'><strong>τοῦ</strong></span> <span class='ocrx_word' id='word_1_423' title='bbox 3911 2414 4023 2450; x_wconf 76' lang='lat' dir='ltr'><strong>xa—</strong></span> 
     </span>
    </p>
   </div>
   <div class='ocr_carea' id='block_1_67' title="bbox 2507 2466 4023 2535">
    <p class='ocr_par' dir='ltr' id='par_1_67' title="bbox 2507 2466 4023 2535">
     <span class='ocr_line' id='line_1_67' title="bbox 2507 2466 4023 2535; baseline 0.001 -17"><span class='ocrx_word' id='word_1_424' title='bbox 2507 2466 2790 2534; x_wconf 82' lang='grc' dir='ltr'><strong>τριὰρχου</strong></span> <span class='ocrx_word' id='word_1_425' title='bbox 2833 2466 2945 2533; x_wconf 85' lang='grc' dir='ltr'><strong>τῆς</strong></span> <span class='ocrx_word' id='word_1_426' title='bbox 2969 2467 3684 2532; x_wconf 74' lang='grc' dir='ltr'><strong>Κωνσταντινουπόλεως,</strong></span> <span class='ocrx_word' id='word_1_427' title='bbox 3725 2467 3860 2535; x_wconf 76' lang='grc' dir='ltr'>ἄρτι</span> <span class='ocrx_word' id='word_1_428' title='bbox 3902 2484 4023 2534; x_wconf 79' lang='grc' dir='ltr'>χει-</span> 
     </span>
    </p>
   </div>
   <div class='ocr_carea' id='block_1_68' title="bbox 2500 2536 2953 2603">
    <p class='ocr_par' dir='ltr' id='par_1_68' title="bbox 2500 2536 2953 2603">
     <span class='ocr_line' id='line_1_68' title="bbox 2500 2536 2953 2603; baseline 0.007 -15"><span class='ocrx_word' id='word_1_429' title='bbox 2500 2536 2953 2603; x_wconf 71' lang='grc' dir='ltr'>ροτονηθέντος.</span> 
     </span>
    </p>
   </div>
   <div class='ocr_carea' id='block_1_69' title="bbox 2521 2648 4022 2721">
    <p class='ocr_par' dir='ltr' id='par_1_69' title="bbox 2521 2648 4022 2721">
     <span class='ocr_line' id='line_1_69' title="bbox 2521 2648 4022 2721; baseline -0.001 -20"><span class='ocrx_word' id='word_1_430' title='bbox 2521 2648 2739 2719; x_wconf 81' lang='grc' dir='ltr'>Ἐπειδὴ</span> <span class='ocrx_word' id='word_1_431' title='bbox 2786 2648 3071 2719; x_wconf 78' lang='grc' dir='ltr'><strong>θέσπισμα</strong></span> <span class='ocrx_word' id='word_1_432' title='bbox 3107 2651 3483 2721; x_wconf 76' lang='grc' dir='ltr'><strong>ἐπεκράτησεν</strong></span> <span class='ocrx_word' id='word_1_433' title='bbox 3532 2649 4022 2719; x_wconf 71' lang='grc' dir='ltr'>ἐκκλησιαστικὸν,</span> 
     </span>
    </p>
   </div>
   <div class='ocr_carea' id='block_1_70' title="bbox 2438 2741 4027 2811">
    <p class='ocr_par' dir='ltr' id='par_1_70' title="bbox 2438 2741 4027 2811">
     <span class='ocr_line' id='line_1_70' title="bbox 2438 2741 4027 2811; baseline -0.002 -17"><span class='ocrx_word' id='word_1_434' title='bbox 2438 2743 2563 2803; x_wconf 72' lang='grc' dir='ltr'>τοὺς</span> <span class='ocrx_word' id='word_1_435' title='bbox 2595 2741 2720 2810; x_wconf 69' lang='grc' dir='ltr'>ἄρτι</span> <span class='ocrx_word' id='word_1_436' title='bbox 2752 2743 3166 2811; x_wconf 79' lang='grc' dir='ltr'>πατριαρχικῶς</span> <span class='ocrx_word' id='word_1_437' title='bbox 3198 2742 3291 2794; x_wconf 73' lang='grc' dir='ltr'><strong>ἐπὶ</strong></span> <span class='ocrx_word' id='word_1_438' title='bbox 3327 2742 3417 2792; x_wconf 77' lang='grc' dir='ltr'><strong>τὸν</strong></span> <span class='ocrx_word' id='word_1_439' title='bbox 3461 2742 3649 2811; x_wconf 87' lang='grc' dir='ltr'>θρόνον</span> <span class='ocrx_word' id='word_1_440' title='bbox 3680 2742 4027 2794; x_wconf 76' lang='grc' dir='ltr'>Κωνσταντι-</span> 
     </span>
    </p>
   </div>
   <div class='ocr_carea' id='block_1_71' title="bbox 2440 2830 4030 2902">
    <p class='ocr_par' dir='ltr' id='par_1_71' title="bbox 2440 2830 4030 2902">
     <span class='ocr_line' id='line_1_71' title="bbox 2440 2830 4030 2902; baseline 0 -20"><span class='ocrx_word' id='word_1_441' title='bbox 2440 2830 2742 2893; x_wconf 74' lang='grc' dir='ltr'>νουπόλεως</span> <span class='ocrx_word' id='word_1_442' title='bbox 2775 2834 3061 2899; x_wconf 77' lang='grc' dir='ltr'>ἀρθέντας,</span> <span class='ocrx_word' id='word_1_443' title='bbox 3107 2832 3202 2882; x_wconf 76' lang='grc' dir='ltr'><strong>καὶ</strong></span> <span class='ocrx_word' id='word_1_444' title='bbox 3245 2832 3343 2893; x_wconf 83' lang='grc' dir='ltr'><strong>τὰς</strong></span> <span class='ocrx_word' id='word_1_445' title='bbox 3372 2832 3691 2902; x_wconf 69' lang='grc' dir='ltr'>ἱεραρχικάς</span> <span class='ocrx_word' id='word_1_446' title='bbox 3721 2833 3884 2901; x_wconf 75' lang='grc' dir='ltr'>ἡνίας</span> <span class='ocrx_word' id='word_1_447' title='bbox 3913 2833 4030 2883; x_wconf 62' lang='lat'><strong>5:1-</strong></span> 
     </span>
    </p>
   </div>
   <div class='ocr_carea' id='block_1_72' title="bbox 2442 2920 4024 2989">
    <p class='ocr_par' dir='ltr' id='par_1_72' title="bbox 2442 2920 4024 2989">
     <span class='ocr_line' id='line_1_72' title="bbox 2442 2920 4024 2989; baseline -0.001 -16"><span class='ocrx_word' id='word_1_448' title='bbox 2442 2920 2813 2989; x_wconf 78' lang='grc' dir='ltr'>ζωσαμένους,</span> <span class='ocrx_word' id='word_1_449' title='bbox 2840 2921 2933 2973; x_wconf 68' lang='grc' dir='ltr'>καὶ</span> <span class='ocrx_word' id='word_1_450' title='bbox 2959 2921 3049 2972; x_wconf 83' lang='grc' dir='ltr'><strong>τὸν</strong></span> <span class='ocrx_word' id='word_1_451' title='bbox 3072 2920 3201 2974; x_wconf 79' lang='grc' dir='ltr'>λαὸν</span> <span class='ocrx_word' id='word_1_452' title='bbox 3223 2922 3430 2989; x_wconf 73' lang='grc' dir='ltr'>κυρίου</span> <span class='ocrx_word' id='word_1_453' title='bbox 3463 2920 3877 2982; x_wconf 78' lang='grc' dir='ltr'>πιστευθέντας,</span> <span class='ocrx_word' id='word_1_454' title='bbox 3912 2922 4024 2981; x_wconf 81' lang='grc' dir='ltr'>τοῖς</span> 
     </span>
    </p>
   </div>
   <div class='ocr_carea' id='block_1_73' title="bbox 2442 3008 4024 3080">
    <p class='ocr_par' dir='ltr' id='par_1_73' title="bbox 2442 3008 4024 3080">
     <span class='ocr_line' id='line_1_73' title="bbox 2442 3008 4024 3080; baseline -0.002 -19"><span class='ocrx_word' id='word_1_455' title='bbox 2442 3009 2848 3080; x_wconf 78' lang='grc' dir='ltr'>προτελεσθεῖσι</span> <span class='ocrx_word' id='word_1_456' title='bbox 2887 3011 2988 3078; x_wconf 80' lang='grc' dir='ltr'><strong>τὴν</strong></span> <span class='ocrx_word' id='word_1_457' title='bbox 3046 3010 3411 3079; x_wconf 79' lang='grc' dir='ltr'>ποιμαντικὴν</span> <span class='ocrx_word' id='word_1_458' title='bbox 3440 3009 3599 3073; x_wconf 80' lang='grc' dir='ltr'>ἀξίαν</span> <span class='ocrx_word' id='word_1_459' title='bbox 3650 3008 4024 3078; x_wconf 80' lang='grc' dir='ltr'>πατριάρχαις</span> 
     </span>
    </p>
   </div>
   <div class='ocr_carea' id='block_1_74' title="bbox 2443 3099 4024 3171">
    <p class='ocr_par' dir='ltr' id='par_1_74' title="bbox 2443 3099 4024 3171">
     <span class='ocr_line' id='line_1_74' title="bbox 2443 3099 4024 3171; baseline -0.002 -19"><span class='ocrx_word' id='word_1_460' title='bbox 2443 3119 2511 3153; x_wconf 84' lang='grc' dir='ltr'>πε</span> <span class='ocrx_word' id='word_1_461' title='bbox 2523 3103 2571 3170; x_wconf 63' lang='lat' dir='ltr'><strong>pi.</strong></span> <span class='ocrx_word' id='word_1_462' title='bbox 2593 3100 2704 3153; x_wconf 82' lang='grc' dir='ltr'><strong>τῶν</strong></span> <span class='ocrx_word' id='word_1_463' title='bbox 2731 3099 2909 3171; x_wconf 82' lang='grc' dir='ltr'>ὀρθῶν</span> <span class='ocrx_word' id='word_1_464' title='bbox 2937 3100 3226 3167; x_wconf 79' lang='grc' dir='ltr'><strong>δογμάτων</strong></span> <span class='ocrx_word' id='word_1_465' title='bbox 3255 3101 3579 3164; x_wconf 72' lang='grc' dir='ltr'>ἐπιστεῖλαι,</span> <span class='ocrx_word' id='word_1_466' title='bbox 3607 3100 4024 3168; x_wconf 60' lang='grc' dir='ltr'>καθάπερτισὶν</span> 
     </span>
    </p>
   </div>
   <div class='ocr_carea' id='block_1_75' title="bbox 2445 3190 4023 3262">
    <p class='ocr_par' dir='ltr' id='par_1_75' title="bbox 2445 3190 4023 3262">
     <span class='ocr_line' id='line_1_75' title="bbox 2445 3190 4023 3262; baseline -0.003 -16"><span class='ocrx_word' id='word_1_467' title='bbox 2445 3195 2758 3259; x_wconf 79' lang='grc' dir='ltr'>ὲξετασταῖς</span> <span class='ocrx_word' id='word_1_468' title='bbox 2786 3192 2883 3245; x_wconf 74' lang='grc' dir='ltr'>καὶ</span> <span class='ocrx_word' id='word_1_469' title='bbox 2906 3190 3243 3261; x_wconf 81' lang='grc' dir='ltr'>διαγνώμοσι</span> <span class='ocrx_word' id='word_1_470' title='bbox 3271 3190 3366 3245; x_wconf 74' lang='grc' dir='ltr'>τοῦ</span> <span class='ocrx_word' id='word_1_471' title='bbox 3408 3191 3562 3262; x_wconf 83' lang='grc' dir='ltr'>παρά</span> <span class='ocrx_word' id='word_1_472' title='bbox 3595 3194 3746 3259; x_wconf 77' lang='grc' dir='ltr'>σφίσι</span> <span class='ocrx_word' id='word_1_473' title='bbox 3775 3192 4023 3261; x_wconf 76' lang='grc' dir='ltr'>δοκιμίου</span> 
     </span>
    </p>
   </div>
   <div class='ocr_carea' id='block_1_76' title="bbox 2439 3281 4024 3354">
    <p class='ocr_par' dir='ltr' id='par_1_76' title="bbox 2439 3281 4024 3354">
     <span class='ocr_line' id='line_1_76' title="bbox 2439 3281 4024 3354; baseline -0.002 -16"><span class='ocrx_word' id='word_1_474' title='bbox 2439 3289 2540 3354; x_wconf 78' lang='grc' dir='ltr'>τῆς</span> <span class='ocrx_word' id='word_1_475' title='bbox 2573 3285 2829 3346; x_wconf 85' lang='grc' dir='ltr'>πίστεως,</span> <span class='ocrx_word' id='word_1_476' title='bbox 2857 3283 2923 3335; x_wconf 80' lang='grc' dir='ltr'><strong>ἵν’</strong></span> <span class='ocrx_word' id='word_1_477' title='bbox 2946 3283 3244 3353; x_wconf 72' lang='grc' dir='ltr'>ὲντεῦθενή</span> <span class='ocrx_word' id='word_1_478' title='bbox 3271 3284 3526 3336; x_wconf 74' lang='grc' dir='ltr'>κοινωνία</span> <span class='ocrx_word' id='word_1_479' title='bbox 3554 3281 3650 3334; x_wconf 84' lang='grc' dir='ltr'><strong>τοῦ</strong></span> <span class='ocrx_word' id='word_1_480' title='bbox 3682 3281 4024 3350; x_wconf 75' lang='grc' dir='ltr'>σεϐάσματος</span> 
     </span>
    </p>
   </div>
   <div class='ocr_carea' id='block_1_77' title="bbox 2441 3376 4024 3448">
    <p class='ocr_par' dir='ltr' id='par_1_77' title="bbox 2441 3376 4024 3448">
     <span class='ocr_line' id='line_1_77' title="bbox 2441 3376 4024 3448; baseline -0.002 -19"><span class='ocrx_word' id='word_1_481' title='bbox 2441 3378 2825 3448; x_wconf 80' lang='grc' dir='ltr'>ἀριδηλότερον</span> <span class='ocrx_word' id='word_1_482' title='bbox 2872 3376 3262 3444; x_wconf 74' lang='grc' dir='ltr'>ἀναλάμψασα,</span> <span class='ocrx_word' id='word_1_483' title='bbox 3294 3377 3394 3445; x_wconf 76' lang='grc' dir='ltr'><strong>τὴν</strong></span> <span class='ocrx_word' id='word_1_484' title='bbox 3444 3377 3588 3429; x_wconf 76' lang='grc' dir='ltr'><strong>κατά</strong></span> <span class='ocrx_word' id='word_1_485' title='bbox 3637 3376 3774 3428; x_wconf 81' lang='grc' dir='ltr'>Θεὸν</span> <span class='ocrx_word' id='word_1_486' title='bbox 3829 3376 4024 3427; x_wconf 76' lang='grc' dir='ltr'>ἕνωσιν</span> 
     </span>
    </p>
   </div>
   <div class='ocr_carea' id='block_1_78' title="bbox 2439 3468 4025 3540">
    <p class='ocr_par' dir='ltr' id='par_1_78' title="bbox 2439 3468 4025 3540">
     <span class='ocr_line' id='line_1_78' title="bbox 2439 3468 4025 3540; baseline -0.001 -20"><span class='ocrx_word' id='word_1_487' title='bbox 2439 3469 2774 3538; x_wconf 71' lang='grc' dir='ltr'>οἰκειοτέραν</span> <span class='ocrx_word' id='word_1_488' title='bbox 2805 3468 3274 3537; x_wconf 62' lang='grc' dir='ltr'>ὲναπεργάσηταιυ</span> <span class='ocrx_word' id='word_1_489' title='bbox 3317 3468 3629 3539; x_wconf 72' lang='grc' dir='ltr'>πειθόμενοι</span> <span class='ocrx_word' id='word_1_490' title='bbox 3667 3471 3732 3539; x_wconf 83' lang='grc' dir='ltr'>τῇ</span> <span class='ocrx_word' id='word_1_491' title='bbox 3766 3470 4025 3540; x_wconf 65' lang='grc' dir='ltr'>συνηθείᾳ</span> 
     </span>
    </p>
   </div>
   <div class='ocr_carea' id='block_1_79' title="bbox 2441 3555 4024 3630">
    <p class='ocr_par' dir='ltr' id='par_1_79' title="bbox 2441 3555 4024 3630">
     <span class='ocr_line' id='line_1_79' title="bbox 2441 3555 4024 3630; baseline -0.001 -18"><span class='ocrx_word' id='word_1_492' title='bbox 2441 3561 2550 3612; x_wconf 89' lang='grc' dir='ltr'><strong>τῶν</strong></span> <span class='ocrx_word' id='word_1_493' title='bbox 2601 3555 2876 3629; x_wconf 64' lang='grc' dir='ltr'><strong>πατέρων,</strong></span> <span class='ocrx_word' id='word_1_494' title='bbox 2914 3559 3010 3626; x_wconf 79' lang='grc' dir='ltr'><strong>τὴν</strong></span> <span class='ocrx_word' id='word_1_495' title='bbox 3057 3559 3164 3613; x_wconf 87' lang='grc' dir='ltr'><strong>ἀνά</strong></span> <span class='ocrx_word' id='word_1_496' title='bbox 3212 3562 3400 3630; x_wconf 78' lang='grc' dir='ltr'>χεῖρας</span> <span class='ocrx_word' id='word_1_497' title='bbox 3445 3561 3652 3628; x_wconf 70' lang='grc' dir='ltr'>ταύτην</span> <span class='ocrx_word' id='word_1_498' title='bbox 3689 3562 4024 3627; x_wconf 64' lang='grc' dir='ltr'>συστατικίςν</span> 
     </span>
    </p>
   </div>
   <div class='ocr_carea' id='block_1_80' title="bbox 2442 3649 4023 3722">
    <p class='ocr_par' dir='ltr' id='par_1_80' title="bbox 2442 3649 4023 3722">
     <span class='ocr_line' id='line_1_80' title="bbox 2442 3649 4023 3722; baseline -0.001 -19"><span class='ocrx_word' id='word_1_499' title='bbox 2442 3649 2727 3720; x_wconf 76' lang='grc' dir='ltr'>ἐπιστολὴν</span> <span class='ocrx_word' id='word_1_500' title='bbox 2777 3651 3205 3720; x_wconf 74' lang='grc' dir='ltr'>ἐγχαραττομεν,</span> <span class='ocrx_word' id='word_1_501' title='bbox 3262 3653 3530 3722; x_wconf 61' lang='grc' dir='ltr'><strong>ἐπιτομήν</strong></span> <span class='ocrx_word' id='word_1_502' title='bbox 3599 3669 3720 3705; x_wconf 81' lang='grc' dir='ltr'>τινα</span> <span class='ocrx_word' id='word_1_503' title='bbox 3760 3651 3856 3704; x_wconf 65' lang='grc' dir='ltr'><strong>τοῦ</strong></span> <span class='ocrx_word' id='word_1_504' title='bbox 3907 3650 4023 3704; x_wconf 72' lang='grc' dir='ltr'>καθ’</span> 
     </span>
    </p>
   </div>
   <div class='ocr_carea' id='block_1_81' title="bbox 2441 3739 4024 3812">
    <p class='ocr_par' dir='ltr' id='par_1_81' title="bbox 2441 3739 4024 3812">
     <span class='ocr_line' id='line_1_81' title="bbox 2441 3739 4024 3812; baseline -0.001 -19"><span class='ocrx_word' id='word_1_505' title='bbox 2441 3742 2587 3811; x_wconf 76' lang='grc' dir='ltr'>ἡμᾶς</span> <span class='ocrx_word' id='word_1_506' title='bbox 2624 3741 2740 3808; x_wconf 84' lang='grc' dir='ltr'>βίου</span> <span class='ocrx_word' id='word_1_507' title='bbox 2799 3741 2890 3792; x_wconf 68' lang='grc' dir='ltr'>καὶ</span> <span class='ocrx_word' id='word_1_508' title='bbox 2947 3740 3041 3792; x_wconf 81' lang='grc' dir='ltr'><strong>τοῦ</strong></span> <span class='ocrx_word' id='word_1_509' title='bbox 3100 3739 3435 3809; x_wconf 81' lang='grc' dir='ltr'>δογματικοῦ</span> <span class='ocrx_word' id='word_1_510' title='bbox 3481 3742 3831 3810; x_wconf 76' lang='grc' dir='ltr'>φρονήματος</span> <span class='ocrx_word' id='word_1_511' title='bbox 3869 3759 4024 3812; x_wconf 79' lang='grc' dir='ltr'>περι-</span> 
     </span>
    </p>
   </div>
   <div class='ocr_carea' id='block_1_82' title="bbox 2443 3833 2690 3904">
    <p class='ocr_par' dir='ltr' id='par_1_82' title="bbox 2443 3833 2690 3904">
     <span class='ocr_line' id='line_1_82' title="bbox 2443 3833 2690 3904; baseline 0.008 -21"><span class='ocrx_word' id='word_1_512' title='bbox 2443 3833 2565 3904; x_wconf 73' lang='grc' dir='ltr'>ἐχου</span> <span class='ocrx_word' id='word_1_513' title='bbox 2574 3850 2690 3885; x_wconf 88' lang='grc' dir='ltr'>σαν.</span> 
     </span>
    </p>
   </div>
   <div class='ocr_carea' id='block_1_83' title="bbox 2522 3923 4030 3995">
    <p class='ocr_par' dir='ltr' id='par_1_83' title="bbox 2522 3923 4030 3995">
     <span class='ocr_line' id='line_1_83' title="bbox 2522 3923 4030 3995; baseline 0.001 -20"><span class='ocrx_word' id='word_1_514' title='bbox 2522 3923 2687 3992; x_wconf 86' lang='grc' dir='ltr'>Ἦμῖν</span> <span class='ocrx_word' id='word_1_515' title='bbox 2721 3923 2966 3984; x_wconf 76' lang='grc' dir='ltr'>εὐσεϐεῖς</span> <span class='ocrx_word' id='word_1_516' title='bbox 3013 3923 3294 3995; x_wconf 83' lang='grc' dir='ltr'>πρόγονοι,</span> <span class='ocrx_word' id='word_1_517' title='bbox 3332 3924 3657 3994; x_wconf 74' lang='grc' dir='ltr'>γεννήτορες</span> <span class='ocrx_word' id='word_1_518' title='bbox 3702 3925 4030 3995; x_wconf 80' lang='grc' dir='ltr'><strong>ὁμογνώμο-</strong></span> 
     </span>
    </p>
   </div>
   <div class='ocr_carea' id='block_1_84' title="bbox 2441 4015 4028 4087">
    <p class='ocr_par' dir='ltr' id='par_1_84' title="bbox 2441 4015 4028 4087">
     <span class='ocr_line' id='line_1_84' title="bbox 2441 4015 4028 4087; baseline 0.001 -20"><span class='ocrx_word' id='word_1_519' title='bbox 2441 4031 2530 4078; x_wconf 87' lang='grc' dir='ltr'>νες</span> <span class='ocrx_word' id='word_1_520' title='bbox 2564 4015 2768 4077; x_wconf 83' lang='grc' dir='ltr'>αὐτοῖς·</span> <span class='ocrx_word' id='word_1_521' title='bbox 2808 4016 3029 4083; x_wconf 83' lang='grc' dir='ltr'>κλῆρος,</span> <span class='ocrx_word' id='word_1_522' title='bbox 3057 4016 3090 4084; x_wconf 83' lang='grc' dir='ltr'><strong>ή</strong></span> <span class='ocrx_word' id='word_1_523' title='bbox 3111 4015 3329 4084; x_wconf 83' lang='grc' dir='ltr'>διαδοχὴ</span> <span class='ocrx_word' id='word_1_524' title='bbox 3357 4019 3456 4084; x_wconf 76' lang='grc' dir='ltr'><strong>τῆς</strong></span> <span class='ocrx_word' id='word_1_525' title='bbox 3493 4017 3823 4085; x_wconf 75' lang='grc' dir='ltr'>ὀρθοδοξὶας.</span> <span class='ocrx_word' id='word_1_526' title='bbox 3854 4017 4028 4087; x_wconf 73' lang='grc' dir='ltr'><strong>Ἐρωο</strong></span> 
     </span>
    </p>
   </div>
   <div class='ocr_carea' id='block_1_85' title="bbox 2440 4105 4026 4178">
    <p class='ocr_par' dir='ltr' id='par_1_85' title="bbox 2440 4105 4026 4178">
     <span class='ocr_line' id='line_1_85' title="bbox 2440 4105 4026 4178; baseline 0.003 -22"><span class='ocrx_word' id='word_1_527' title='bbox 2440 4122 2507 4157; x_wconf 82' lang='grc' dir='ltr'>τα</span> <span class='ocrx_word' id='word_1_528' title='bbox 2539 4106 2648 4176; x_wconf 73' lang='grc' dir='ltr'><strong>γὰρ</strong></span> <span class='ocrx_word' id='word_1_529' title='bbox 2683 4106 2778 4158; x_wconf 82' lang='grc' dir='ltr'>τοῦ</span> <span class='ocrx_word' id='word_1_530' title='bbox 2812 4106 2962 4159; x_wconf 78' lang='grc' dir='ltr'><strong>κάτω</strong></span> <span class='ocrx_word' id='word_1_531' title='bbox 2996 4105 3208 4177; x_wconf 77' lang='grc' dir='ltr'>ῥέοντος</span> <span class='ocrx_word' id='word_1_532' title='bbox 3239 4109 3340 4159; x_wconf 83' lang='grc' dir='ltr'>οὐκ</span> <span class='ocrx_word' id='word_1_533' title='bbox 3367 4108 3655 4176; x_wconf 74' lang='grc' dir='ltr'>ἐλάϐομεν.</span> <span class='ocrx_word' id='word_1_534' title='bbox 3705 4108 4026 4178; x_wconf 73' lang='grc' dir='ltr'>Ἐπιτήδευ-</span> 
     </span>
    </p>
   </div>
   <div class='ocr_carea' id='block_1_86' title="bbox 2445 4198 4027 4268">
    <p class='ocr_par' dir='ltr' id='par_1_86' title="bbox 2445 4198 4027 4268">
     <span class='ocr_line' id='line_1_86' title="bbox 2445 4198 4027 4268; baseline -0.001 -16"><span class='ocrx_word' id='word_1_535' title='bbox 2445 4216 2521 4268; x_wconf 86' lang='grc' dir='ltr'>μα</span> <span class='ocrx_word' id='word_1_536' title='bbox 2554 4199 2634 4259; x_wconf 76' lang='grc' dir='ltr'><strong>δὲ,</strong></span> <span class='ocrx_word' id='word_1_537' title='bbox 2665 4199 2920 4267; x_wconf 82' lang='grc' dir='ltr'>γαλήνιος</span> <span class='ocrx_word' id='word_1_538' title='bbox 2959 4198 3091 4267; x_wconf 73' lang='grc' dir='ltr'>βίος,</span> <span class='ocrx_word' id='word_1_539' title='bbox 3135 4199 3228 4250; x_wconf 70' lang='grc' dir='ltr'>καὶ</span> <span class='ocrx_word' id='word_1_540' title='bbox 3281 4199 3454 4265; x_wconf 79' lang='grc' dir='ltr'>λόγων</span> <span class='ocrx_word' id='word_1_541' title='bbox 3483 4199 3746 4268; x_wconf 78' lang='grc' dir='ltr'>ἐμπορία,</span> <span class='ocrx_word' id='word_1_542' title='bbox 3783 4200 3881 4252; x_wconf 74' lang='grc' dir='ltr'>καὶ</span> <span class='ocrx_word' id='word_1_543' title='bbox 3914 4200 4027 4263; x_wconf 19' lang='grc' dir='ltr'>’τῶν</span> 
     </span>
    </p>
   </div>
   <div class='ocr_carea' id='block_1_87' title="bbox 2441 4287 4025 4360">
    <p class='ocr_par' dir='ltr' id='par_1_87' title="bbox 2441 4287 4025 4360">
     <span class='ocr_line' id='line_1_87' title="bbox 2441 4287 4025 4360; baseline 0 -18"><span class='ocrx_word' id='word_1_544' title='bbox 2441 4292 2712 4360; x_wconf 78' lang='grc' dir='ltr'>ὲναρέτων</span> <span class='ocrx_word' id='word_1_545' title='bbox 2773 4291 3029 4360; x_wconf 78' lang='grc' dir='ltr'>μίμησις.</span> <span class='ocrx_word' id='word_1_546' title='bbox 3073 4287 3209 4344; x_wconf 77' lang='grc' dir='ltr'><strong>Εἶτα</strong></span> <span class='ocrx_word' id='word_1_547' title='bbox 3241 4289 3516 4359; x_wconf 79' lang='grc' dir='ltr'>μεταεολὴ</span> <span class='ocrx_word' id='word_1_548' title='bbox 3551 4292 3782 4359; x_wconf 76' lang='grc' dir='ltr'>τρόπου,</span> <span class='ocrx_word' id='word_1_549' title='bbox 3811 4291 3908 4344; x_wconf 55' lang='grc' dir='ltr'><strong>καῖ⁵</strong></span> <span class='ocrx_word' id='word_1_550' title='bbox 3934 4291 4025 4343; x_wconf 77' lang='grc' dir='ltr'>τοῦ</span> 
     </span>
    </p>
   </div>
   <div class='ocr_carea' id='block_1_88' title="bbox 2446 4381 4023 4453">
    <p class='ocr_par' dir='ltr' id='par_1_88' title="bbox 2446 4381 4023 4453">
     <span class='ocr_line' id='line_1_88' title="bbox 2446 4381 4023 4453; baseline -0.001 -20"><span class='ocrx_word' id='word_1_551' title='bbox 2446 4381 2734 4449; x_wconf 83' lang='grc' dir='ltr'>μοναδικοῦ</span> <span class='ocrx_word' id='word_1_552' title='bbox 2767 4381 3162 4450; x_wconf 79' lang='grc' dir='ltr'>πολιτεύματος</span> <span class='ocrx_word' id='word_1_553' title='bbox 3199 4381 3569 4450; x_wconf 82' lang='grc' dir='ltr'>ἀντιποίησις·</span> <span class='ocrx_word' id='word_1_554' title='bbox 3609 4381 3855 4435; x_wconf 81' lang='grc' dir='ltr'>τοσαῦτα</span> <span class='ocrx_word' id='word_1_555' title='bbox 3905 4383 4023 4453; x_wconf 78' lang='grc' dir='ltr'><strong>μὲν,</strong></span> 
     </span>
    </p>
   </div>
   <div class='ocr_carea' id='block_1_89' title="bbox 2441 4473 3509 4544">
    <p class='ocr_par' dir='ltr' id='par_1_89' title="bbox 2441 4473 3509 4544">
     <span class='ocr_line' id='line_1_89' title="bbox 2441 4473 3509 4544; baseline 0 -18"><span class='ocrx_word' id='word_1_556' title='bbox 2441 4475 2521 4537; x_wconf 85' lang='grc' dir='ltr'><strong>είς</strong></span> <span class='ocrx_word' id='word_1_557' title='bbox 2550 4474 2872 4544; x_wconf 80' lang='grc' dir='ltr'>χαρακτῆρα</span> <span class='ocrx_word' id='word_1_558' title='bbox 2903 4473 2998 4526; x_wconf 77' lang='grc' dir='ltr'>τοῦ</span> <span class='ocrx_word' id='word_1_559' title='bbox 3036 4473 3157 4526; x_wconf 77' lang='grc' dir='ltr'>καθ’</span> <span class='ocrx_word' id='word_1_560' title='bbox 3188 4475 3335 4542; x_wconf 72' lang='grc' dir='ltr'>ἡμᾶς</span> <span class='ocrx_word' id='word_1_561' title='bbox 3370 4474 3509 4543; x_wconf 83' lang='grc' dir='ltr'>βίου.</span> 
     </span>
    </p>
   </div>
   <div class='ocr_carea' id='block_1_90' title="bbox 2510 4652 4024 4725">
    <p class='ocr_par' dir='ltr' id='par_1_90' title="bbox 2510 4652 4024 4725">
     <span class='ocr_line' id='line_1_90' title="bbox 2510 4652 4024 4725; baseline 0.005 -19"><span class='ocrx_word' id='word_1_562' title='bbox 2510 4655 2591 4708; x_wconf 85' lang='grc' dir='ltr'><strong>Τά</strong></span> <span class='ocrx_word' id='word_1_563' title='bbox 2611 4654 2666 4706; x_wconf 71' lang='grc' dir='ltr'><strong>δὲ,</strong></span> <span class='ocrx_word' id='word_1_564' title='bbox 2701 4652 2795 4706; x_wconf 79' lang='grc' dir='ltr'>τοῦ</span> <span class='ocrx_word' id='word_1_565' title='bbox 2825 4654 2984 4722; x_wconf 82' lang='grc' dir='ltr'>λόγου</span> <span class='ocrx_word' id='word_1_566' title='bbox 3017 4655 3117 4725; x_wconf 85' lang='grc' dir='ltr'><strong>τῆς</strong></span> <span class='ocrx_word' id='word_1_567' title='bbox 3153 4656 3409 4718; x_wconf 79' lang='grc' dir='ltr'>πίστεως·</span> <span class='ocrx_word' id='word_1_568' title='bbox 3441 4655 3783 4725; x_wconf 81' lang='grc' dir='ltr'>Πιστεύομεν</span> <span class='ocrx_word' id='word_1_569' title='bbox 3812 4659 3898 4722; x_wconf 81' lang='grc' dir='ltr'><strong>είς</strong></span> <span class='ocrx_word' id='word_1_570' title='bbox 3930 4659 4024 4713; x_wconf 74' lang='grc' dir='ltr'>ἕνα</span> 
     </span>
    </p>
   </div>
   <div class='ocr_carea' id='block_1_91' title="bbox 763 4733 2338 4818">
    <p class='ocr_par' dir='ltr' id='par_1_91' title="bbox 763 4733 2338 4808">
     <span class='ocr_line' id='line_1_91' title="bbox 763 4733 2338 4808; baseline 0.009 -22"><span class='ocrx_word' id='word_1_571' title='bbox 763 4733 959 4787; x_wconf 90' lang='lat' dir='ltr'><strong>Deum.</strong></span> <span class='ocrx_word' id='word_1_572' title='bbox 1006 4735 1073 4788; x_wconf 84' lang='lat' dir='ltr'><strong>Et</strong></span> <span class='ocrx_word' id='word_1_573' title='bbox 1108 4751 1229 4804; x_wconf 63' lang='lat' dir='ltr'><strong>quae</strong></span> <span class='ocrx_word' id='word_1_574' title='bbox 1280 4746 1587 4806; x_wconf 90' lang='lat' dir='ltr'><strong>sequuntur</strong></span> <span class='ocrx_word' id='word_1_575' title='bbox 1641 4739 1752 4808; x_wconf 74' lang='grc'><strong>(54)</strong></span> <span class='ocrx_word' id='word_1_576' title='bbox 1799 4758 1811 4794; x_wconf 89' lang='grc' dir='ltr'><strong>ι</strong></span> <span class='ocrx_word' id='word_1_577' title='bbox 1871 4738 2044 4796; x_wconf 90' lang='lat' dir='ltr'><strong>Unam</strong></span> <span class='ocrx_word' id='word_1_578' title='bbox 2086 4744 2338 4800; x_wconf 90' lang='lat' dir='ltr'><strong>deitatem</strong></span> 
     </span>
    </p>
   </div>
   <div class='ocr_carea' id='block_1_92' title="bbox 2438 4733 4026 4818">
    <p class='ocr_par' dir='ltr' id='par_1_92' title="bbox 2439 4744 4026 4818">
     <span class='ocr_line' id='line_1_92' title="bbox 2439 4744 4026 4818; baseline -0.004 -19"><span class='ocrx_word' id='word_1_579' title='bbox 2439 4746 2596 4806; x_wconf 81' lang='grc' dir='ltr'><strong>Θεὸν.</strong></span> <span class='ocrx_word' id='word_1_580' title='bbox 2623 4745 2718 4798; x_wconf 73' lang='grc' dir='ltr'>καὶ</span> <span class='ocrx_word' id='word_1_581' title='bbox 2741 4744 2809 4797; x_wconf 85' lang='grc' dir='ltr'>τὰ</span> <span class='ocrx_word' id='word_1_582' title='bbox 2841 4745 2988 4814; x_wconf 79' lang='grc' dir='ltr'><strong>ἑξῆς.</strong></span> <span class='ocrx_word' id='word_1_583' title='bbox 3029 4746 3177 4798; x_wconf 82' lang='grc' dir='ltr'>Μίαν</span> <span class='ocrx_word' id='word_1_584' title='bbox 3208 4746 3439 4816; x_wconf 81' lang='grc' dir='ltr'>θεότητα</span> <span class='ocrx_word' id='word_1_585' title='bbox 3464 4747 3829 4818; x_wconf 76' lang='grc' dir='ltr'>γνωρίζομεν,</span> <span class='ocrx_word' id='word_1_586' title='bbox 3870 4751 4026 4816; x_wconf 73' lang='grc' dir='ltr'><strong>δοξι-</strong></span> 
     </span>
    </p>
   </div>
   <div class='ocr_carea' id='block_1_93' title="bbox 764 4827 2338 4912">
    <p class='ocr_par' dir='ltr' id='par_1_93' title="bbox 764 4827 2338 4906">
     <span class='ocr_line' id='line_1_93' title="bbox 764 4827 2338 4906; baseline 0.008 -27"><span class='ocrx_word' id='word_1_587' title='bbox 764 4827 1132 4895; x_wconf 79' lang='lat' dir='ltr'><strong>agnoscimus.</strong></span> <span class='ocrx_word' id='word_1_588' title='bbox 1183 4842 1307 4896; x_wconf 70' lang='lat' dir='ltr'><strong>quae</strong></span> <span class='ocrx_word' id='word_1_589' title='bbox 1359 4829 1536 4885; x_wconf 85' lang='lat' dir='ltr'><strong>tribus</strong></span> <span class='ocrx_word' id='word_1_590' title='bbox 1586 4832 1637 4884; x_wconf 86' lang='lat' dir='ltr'><strong>in</strong></span> <span class='ocrx_word' id='word_1_591' title='bbox 1690 4834 1938 4901; x_wconf 87' lang='lat' dir='ltr'><strong>personis</strong></span> <span class='ocrx_word' id='word_1_592' title='bbox 1983 4835 2338 4906; x_wconf 81' lang='lat' dir='ltr'><strong>gloriﬁcatur,</strong></span> 
     </span>
    </p>
   </div>
   <div class='ocr_carea' id='block_1_94' title="bbox 2438 4827 4022 4912">
    <p class='ocr_par' dir='ltr' id='par_1_94' title="bbox 2438 4834 4022 4912">
     <span class='ocr_line' id='line_1_94' title="bbox 2438 4834 4022 4912; baseline 0.004 -26"><span class='ocrx_word' id='word_1_593' title='bbox 2438 4835 2674 4904; x_wconf 76' lang='grc' dir='ltr'>ζομένην</span> <span class='ocrx_word' id='word_1_594' title='bbox 2724 4836 2784 4885; x_wconf 81' lang='grc' dir='ltr'>ὲν</span> <span class='ocrx_word' id='word_1_595' title='bbox 2827 4835 3005 4904; x_wconf 72' lang='grc' dir='ltr'>τρισὶν</span> <span class='ocrx_word' id='word_1_596' title='bbox 3039 4834 3423 4899; x_wconf 77' lang='grc' dir='ltr'>ὑποατάσεσιν,</span> <span class='ocrx_word' id='word_1_597' title='bbox 3452 4837 3759 4906; x_wconf 73' lang='grc' dir='ltr'>ἀδιαίρετον</span> <span class='ocrx_word' id='word_1_598' title='bbox 3811 4840 3915 4907; x_wconf 75' lang='grc' dir='ltr'><strong>μὲν</strong></span> <span class='ocrx_word' id='word_1_599' title='bbox 3957 4847 4022 4912; x_wconf 73' lang='grc' dir='ltr'>τῇ</span> 
     </span>
    </p>
   </div>
   <div class='ocr_carea' id='block_1_95' title="bbox 764 4917 2338 5001">
    <p class='ocr_par' dir='ltr' id='par_1_95' title="bbox 764 4917 2338 4998">
     <span class='ocr_line' id='line_1_95' title="bbox 764 4917 2338 4998; baseline 0.01 -29"><span class='ocrx_word' id='word_1_600' title='bbox 764 4925 958 4971; x_wconf 86' lang='lat' dir='ltr'><strong>natura</strong></span> <span class='ocrx_word' id='word_1_601' title='bbox 982 4917 1201 4988; x_wconf 86' lang='lat' dir='ltr'><strong>quidem</strong></span> <span class='ocrx_word' id='word_1_602' title='bbox 1237 4921 1549 4988; x_wconf 86' lang='lat' dir='ltr'><strong>indivisam,</strong></span> <span class='ocrx_word' id='word_1_603' title='bbox 1576 4923 1670 4978; x_wconf 93' lang='lat' dir='ltr'><strong>sed</strong></span> <span class='ocrx_word' id='word_1_604' title='bbox 1701 4924 2014 4980; x_wconf 89' lang='lat' dir='ltr'><strong>distinctam</strong></span> <span class='ocrx_word' id='word_1_605' title='bbox 2041 4930 2338 4998; x_wconf 82' lang='lat' dir='ltr'><strong>proprieta-</strong></span> 
     </span>
    </p>
   </div>
   <div class='ocr_carea' id='block_1_96' title="bbox 2438 4917 4024 5001">
    <p class='ocr_par' dir='ltr' id='par_1_96' title="bbox 2442 4925 4024 5001">
     <span class='ocr_line' id='line_1_96' title="bbox 2442 4925 4024 5001; baseline 0.006 -24"><span class='ocrx_word' id='word_1_606' title='bbox 2442 4926 2625 4993; x_wconf 81' lang='grc' dir='ltr'>φύσει,</span> <span class='ocrx_word' id='word_1_607' title='bbox 2658 4925 2938 4995; x_wconf 74' lang='grc' dir='ltr'>διαιρετὴν</span> <span class='ocrx_word' id='word_1_608' title='bbox 2983 4926 3039 4979; x_wconf 82' lang='grc' dir='ltr'><strong>δὲ</strong></span> <span class='ocrx_word' id='word_1_609' title='bbox 3072 4930 3192 4989; x_wconf 82' lang='grc' dir='ltr'>ταῖς</span> <span class='ocrx_word' id='word_1_610' title='bbox 3231 4928 3508 4998; x_wconf 80' lang='grc' dir='ltr'>ἰδιότησιν.</span> <span class='ocrx_word' id='word_1_611' title='bbox 3549 4929 3902 5001; x_wconf 73' lang='grc' dir='ltr'>’Λσπάζομαι</span> <span class='ocrx_word' id='word_1_612' title='bbox 3929 4936 4024 4996; x_wconf 75' lang='grc' dir='ltr'><strong>τὰς</strong></span> 
     </span>
    </p>
   </div>
   <div class='ocr_carea' id='block_1_97' title="bbox 763 5006 2338 5092">
    <p class='ocr_par' dir='ltr' id='par_1_97' title="bbox 763 5006 2338 5084">
     <span class='ocr_line' id='line_1_97' title="bbox 763 5006 2338 5084; baseline 0.009 -24"><span class='ocrx_word' id='word_1_613' title='bbox 763 5006 930 5060; x_wconf 89' lang='lat' dir='ltr'><strong>tibus.</strong></span> <span class='ocrx_word' id='word_1_614' title='bbox 956 5007 1271 5076; x_wconf 72' lang='lat' dir='ltr'><strong>Amplector</strong></span> <span class='ocrx_word' id='word_1_615' title='bbox 1301 5020 1520 5066; x_wconf 87' lang='lat' dir='ltr'><strong>sanctas</strong></span> <span class='ocrx_word' id='word_1_616' title='bbox 1543 5029 1617 5067; x_wconf 83' lang='grc' dir='ltr'>ν-ιι</span> <span class='ocrx_word' id='word_1_617' title='bbox 1647 5012 1885 5084; x_wconf 80' lang='lat' dir='ltr'><strong>synodos</strong></span> <span class='ocrx_word' id='word_1_618' title='bbox 1911 5016 2268 5082; x_wconf 81' lang='lat' dir='ltr'><strong>universales,</strong></span> <span class='ocrx_word' id='word_1_619' title='bbox 2294 5028 2338 5074; x_wconf 79' lang='lat' dir='ltr'><strong>et</strong></span> 
     </span>
    </p>
   </div>
   <div class='ocr_carea' id='block_1_98' title="bbox 2438 5006 4024 5092">
    <p class='ocr_par' dir='ltr' id='par_1_98' title="bbox 2446 5018 4024 5092">
     <span class='ocr_line' id='line_1_98' title="bbox 2446 5018 4024 5092; baseline 0.004 -21"><span class='ocrx_word' id='word_1_620' title='bbox 2446 5018 2612 5085; x_wconf 83' lang='grc' dir='ltr'>ἁγίας</span> <span class='ocrx_word' id='word_1_621' title='bbox 2651 5018 3039 5088; x_wconf 76' lang='grc' dir='ltr'>οἰκουμενιιιάς</span> <span class='ocrx_word' id='word_1_622' title='bbox 3077 5020 3120 5083; x_wconf 78' lang='grc' dir='ltr'><strong>ζ’</strong></span> <span class='ocrx_word' id='word_1_623' title='bbox 3144 5020 3419 5083; x_wconf 77' lang='grc' dir='ltr'>συνόδους,</span> <span class='ocrx_word' id='word_1_624' title='bbox 3454 5020 3544 5073; x_wconf 72' lang='grc' dir='ltr'>καὶ</span> <span class='ocrx_word' id='word_1_625' title='bbox 3575 5021 3644 5074; x_wconf 80' lang='grc' dir='ltr'>τὰ</span> <span class='ocrx_word' id='word_1_626' title='bbox 3671 5024 3804 5092; x_wconf 80' lang='grc' dir='ltr'>παρ’</span> <span class='ocrx_word' id='word_1_627' title='bbox 3839 5026 4024 5077; x_wconf 81' lang='grc' dir='ltr'>αὐτῶν</span> 
     </span>
    </p>
   </div>
   <div class='ocr_carea' id='block_1_99' title="bbox 758 5098 2338 5190">
    <p class='ocr_par' dir='ltr' id='par_1_99' title="bbox 758 5098 2333 5178">
     <span class='ocr_line' id='line_1_99' title="bbox 758 5098 2333 5178; baseline 0.008 -27"><span class='ocrx_word' id='word_1_628' title='bbox 758 5098 830 5152; x_wconf 84' lang='lat' dir='ltr'><strong>ab</strong></span> <span class='ocrx_word' id='word_1_629' title='bbox 869 5099 949 5154; x_wconf 87' lang='lat' dir='ltr'><strong>eis</strong></span> <span class='ocrx_word' id='word_1_630' title='bbox 979 5107 1182 5154; x_wconf 84' lang='lat' dir='ltr'><strong>statuta</strong></span> <span class='ocrx_word' id='word_1_631' title='bbox 1224 5104 1430 5170; x_wconf 84' lang='lat' dir='ltr'><strong>recipio</strong></span> <span class='ocrx_word' id='word_1_632' title='bbox 1481 5113 1534 5158; x_wconf 91' lang='lat' dir='ltr'><strong>et</strong></span> <span class='ocrx_word' id='word_1_633' title='bbox 1572 5113 1798 5174; x_wconf 85' lang='lat' dir='ltr'><strong>accepto</strong></span> <span class='ocrx_word' id='word_1_634' title='bbox 1819 5108 2004 5162; x_wconf 89' lang='lat' dir='ltr'><strong>omnia</strong></span> <span class='ocrx_word' id='word_1_635' title='bbox 2046 5124 2062 5161; x_wconf 89' lang='lat'><strong>:</strong></span> <span class='ocrx_word' id='word_1_636' title='bbox 2100 5108 2333 5178; x_wconf 87' lang='lat' dir='ltr'><strong>primam</strong></span> 
     </span>
    </p>
   </div>
   <div class='ocr_carea' id='block_1_100' title="bbox 2438 5098 4020 5190">
    <p class='ocr_par' dir='ltr' id='par_1_100' title="bbox 2438 5112 4020 5190">
     <span class='ocr_line' id='line_1_100' title="bbox 2438 5112 4020 5190; baseline 0.006 -26"><span class='ocrx_word' id='word_1_637' title='bbox 2438 5112 2872 5180; x_wconf 79' lang='grc' dir='ltr'>δογματισθέντα</span> <span class='ocrx_word' id='word_1_638' title='bbox 2931 5113 3109 5167; x_wconf 83' lang='grc' dir='ltr'>πάντα</span> <span class='ocrx_word' id='word_1_639' title='bbox 3158 5114 3386 5186; x_wconf 78' lang='grc' dir='ltr'><strong>δέχομαί</strong></span> <span class='ocrx_word' id='word_1_640' title='bbox 3421 5133 3479 5169; x_wconf 84' lang='grc' dir='ltr'><strong>τε</strong></span> <span class='ocrx_word' id='word_1_641' title='bbox 3527 5117 3627 5171; x_wconf 80' lang='grc' dir='ltr'>καὶ</span> <span class='ocrx_word' id='word_1_642' title='bbox 3654 5120 4020 5190; x_wconf 72' lang='grc' dir='ltr'>ἀποδέχομαιο</span> 
     </span>
    </p>
   </div>
   <div class='ocr_carea' id='block_1_101' title="bbox 758 5188 2338 5282">
    <p class='ocr_par' dir='ltr' id='par_1_101' title="bbox 758 5188 2336 5264">
     <span class='ocr_line' id='line_1_101' title="bbox 758 5188 2336 5264; baseline 0.01 -24"><span class='ocrx_word' id='word_1_643' title='bbox 758 5188 983 5255; x_wconf 84' lang='lat' dir='ltr'><strong>quidem</strong></span> <span class='ocrx_word' id='word_1_644' title='bbox 1043 5190 1208 5244; x_wconf 83' lang='lat' dir='ltr'><strong>veluti</strong></span> <span class='ocrx_word' id='word_1_645' title='bbox 1249 5207 1370 5261; x_wconf 74' lang='lat' dir='ltr'><strong>qua:</strong></span> <span class='ocrx_word' id='word_1_646' title='bbox 1410 5192 1599 5248; x_wconf 80' lang='lat' dir='ltr'><strong>Arium</strong></span> <span class='ocrx_word' id='word_1_647' title='bbox 1629 5195 1913 5264; x_wconf 89' lang='lat' dir='ltr'><strong>deiecerit,</strong></span> <span class='ocrx_word' id='word_1_648' title='bbox 1949 5196 2035 5252; x_wconf 88' lang='lat' dir='ltr'><strong>cui</strong></span> <span class='ocrx_word' id='word_1_649' title='bbox 2080 5213 2110 5252; x_wconf 88' lang='lat' dir='ltr'><strong>a</strong></span> <span class='ocrx_word' id='word_1_650' title='bbox 2151 5199 2336 5255; x_wconf 81' lang='lat' dir='ltr'><strong>furore</strong></span> 
     </span>
    </p>
   </div>
   <div class='ocr_carea' id='block_1_102' title="bbox 2438 5188 4020 5282">
    <p class='ocr_par' dir='ltr' id='par_1_102' title="bbox 2441 5188 4020 5282">
     <span class='ocr_line' id='line_1_102' title="bbox 2441 5188 4020 5282; baseline 0.013 -36"><span class='ocrx_word' id='word_1_651' title='bbox 2441 5203 2539 5274; x_wconf 64' lang='grc' dir='ltr'><strong>τὴν</strong></span> <span class='ocrx_word' id='word_1_652' title='bbox 2572 5203 2670 5273; x_wconf 68' lang='grc' dir='ltr'><strong>μὲν</strong></span> <span class='ocrx_word' id='word_1_653' title='bbox 2721 5204 2965 5275; x_wconf 75' lang='grc' dir='ltr'>πρώτην,</span> <span class='ocrx_word' id='word_1_654' title='bbox 2993 5205 3071 5269; x_wconf 74' lang='grc' dir='ltr'>ὣς</span> <span class='ocrx_word' id='word_1_655' title='bbox 3102 5209 3320 5276; x_wconf 81' lang='grc' dir='ltr'>’Δρειον</span> <span class='ocrx_word' id='word_1_656' title='bbox 3365 5211 3718 5276; x_wconf 72' lang='grc' dir='ltr'>καθελοῦσαν,</span> <span class='ocrx_word' id='word_1_657' title='bbox 3906 5188 4020 5282; x_wconf 71' lang='grc' dir='ltr'><strong>τῆς</strong></span> 
     </span>
    </p>
   </div>
   <div class='ocr_carea' id='block_1_103' title="bbox 756 5281 2338 5374">
    <p class='ocr_par' dir='ltr' id='par_1_103' title="bbox 756 5281 2336 5349">
     <span class='ocr_line' id='line_1_103' title="bbox 756 5281 2336 5349; baseline 0.006 -16"><span class='ocrx_word' id='word_1_658' title='bbox 756 5293 1067 5348; x_wconf 85' lang='lat' dir='ltr'><strong>cognomen</strong></span> <span class='ocrx_word' id='word_1_659' title='bbox 1098 5281 1204 5336; x_wconf 88' lang='lat' dir='ltr'><strong>fuit</strong></span> <span class='ocrx_word' id='word_1_660' title='bbox 1234 5283 1489 5349; x_wconf 88' lang='lat' dir='ltr'><strong>inditum,</strong></span> <span class='ocrx_word' id='word_1_661' title='bbox 1521 5301 1646 5341; x_wconf 88' lang='lat' dir='ltr'><strong>cum</strong></span> <span class='ocrx_word' id='word_1_662' title='bbox 1677 5288 1916 5342; x_wconf 84' lang='lat' dir='ltr'><strong>alienum</strong></span> <span class='ocrx_word' id='word_1_663' title='bbox 1955 5288 2157 5344; x_wconf 81' lang='lat' dir='ltr'><strong>faceret</strong></span> <span class='ocrx_word' id='word_1_664' title='bbox 2182 5305 2211 5342; x_wconf 84' lang='lat' dir='ltr'><strong>a</strong></span> <span class='ocrx_word' id='word_1_665' title='bbox 2234 5305 2336 5345; x_wconf 79' lang='lat' dir='ltr'><strong>na-</strong></span> 
     </span>
    </p>
   </div>
   <div class='ocr_carea' id='block_1_104' title="bbox 2438 5281 4024 5374">
    <p class='ocr_par' dir='ltr' id='par_1_104' title="bbox 2447 5297 4024 5374">
     <span class='ocr_line' id='line_1_104' title="bbox 2447 5297 4024 5374; baseline 0.001 -26"><span class='ocrx_word' id='word_1_666' title='bbox 2447 5298 2645 5364; x_wconf 84' lang='grc' dir='ltr'>μανίας</span> <span class='ocrx_word' id='word_1_667' title='bbox 2673 5297 2982 5368; x_wconf 72' lang='grc' dir='ltr'><strong>ἐπώνυμον,</strong></span> <span class='ocrx_word' id='word_1_668' title='bbox 3018 5301 3385 5365; x_wconf 74' lang='grc' dir='ltr'>ἀποξενοῦντα</span> <span class='ocrx_word' id='word_1_669' title='bbox 3414 5305 3510 5373; x_wconf 78' lang='grc' dir='ltr'>τῆς</span> <span class='ocrx_word' id='word_1_670' title='bbox 3546 5305 3638 5358; x_wconf 76' lang='grc' dir='ltr'><strong>τοῦ</strong></span> <span class='ocrx_word' id='word_1_671' title='bbox 3672 5306 3890 5374; x_wconf 59' lang='lat' dir='ltr'><strong>Ila-spe;</strong></span> <span class='ocrx_word' id='word_1_672' title='bbox 3923 5309 4024 5374; x_wconf 60' lang='grc' dir='ltr'><strong>φά.</strong></span> 
     </span>
    </p>
   </div>
   <div class='ocr_carea' id='block_1_105' title="bbox 758 5369 2338 5465">
    <p class='ocr_par' dir='ltr' id='par_1_105' title="bbox 758 5369 2334 5458">
     <span class='ocr_line' id='line_1_105' title="bbox 758 5369 2334 5458; baseline 0.008 -36"><span class='ocrx_word' id='word_1_673' title='bbox 758 5379 889 5458; x_wconf 72' lang='lat' dir='ltr'><strong>tura</strong></span> <span class='ocrx_word' id='word_1_674' title='bbox 925 5369 1104 5428; x_wconf 87' lang='lat' dir='ltr'><strong>Patris</strong></span> <span class='ocrx_word' id='word_1_675' title='bbox 1150 5373 1345 5428; x_wconf 84' lang='lat' dir='ltr'><strong>Filium</strong></span> <span class='ocrx_word' id='word_1_676' title='bbox 1387 5395 1400 5430; x_wconf 89' lang='lat'><strong>:</strong></span> <span class='ocrx_word' id='word_1_677' title='bbox 1439 5376 1687 5442; x_wconf 72' lang='lat' dir='ltr'><strong>altcmm,</strong></span> <span class='ocrx_word' id='word_1_678' title='bbox 1726 5379 1891 5433; x_wconf 81' lang='lat' dir='ltr'><strong>veluti</strong></span> <span class='ocrx_word' id='word_1_679' title='bbox 1927 5394 2048 5449; x_wconf 72' lang='lat' dir='ltr'><strong>quae</strong></span> <span class='ocrx_word' id='word_1_680' title='bbox 2083 5380 2334 5435; x_wconf 79' lang='lat' dir='ltr'><strong>insanum</strong></span> 
     </span>
    </p>
   </div>
   <div class='ocr_carea' id='block_1_106' title="bbox 2438 5369 4019 5465">
    <p class='ocr_par' dir='ltr' id='par_1_106' title="bbox 2445 5369 4019 5465">
     <span class='ocr_line' id='line_1_106' title="bbox 2445 5369 4019 5465; baseline 0.006 -27"><span class='ocrx_word' id='word_1_681' title='bbox 2445 5404 2582 5448; x_wconf 85' lang='grc' dir='ltr'>σεως</span> <span class='ocrx_word' id='word_1_682' title='bbox 2617 5388 2706 5440; x_wconf 76' lang='grc' dir='ltr'>τὸν</span> <span class='ocrx_word' id='word_1_683' title='bbox 2743 5389 2888 5441; x_wconf 88' lang='grc' dir='ltr'>Υίόν·</span> <span class='ocrx_word' id='word_1_684' title='bbox 2919 5391 3016 5459; x_wconf 72' lang='grc' dir='ltr'>τὴν</span> <span class='ocrx_word' id='word_1_685' title='bbox 3041 5392 3098 5444; x_wconf 80' lang='grc' dir='ltr'><strong>δὲ</strong></span> <span class='ocrx_word' id='word_1_686' title='bbox 3131 5393 3410 5464; x_wconf 80' lang='grc' dir='ltr'>δευτέραν,</span> <span class='ocrx_word' id='word_1_687' title='bbox 3437 5369 3508 5459; x_wconf 75' lang='grc' dir='ltr'><strong>ῶς</strong></span> <span class='ocrx_word' id='word_1_688' title='bbox 3543 5369 4019 5465; x_wconf 66' lang='grc' dir='ltr'>τδνοφρενοόλιιεῆ</span> 
     </span>
    </p>
   </div>
   <div class='ocr_carea' id='block_1_107' title="bbox 759 5459 2338 5557">
    <p class='ocr_par' dir='ltr' id='par_1_107' title="bbox 759 5459 2333 5540">
     <span class='ocr_line' id='line_1_107' title="bbox 759 5459 2333 5540; baseline 0.009 -28"><span class='ocrx_word' id='word_1_689' title='bbox 759 5459 1139 5516; x_wconf 79' lang='lat' dir='ltr'><strong>Ilacedonium</strong></span> <span class='ocrx_word' id='word_1_690' title='bbox 1184 5465 1558 5532; x_wconf 76' lang='lat' dir='ltr'><strong>damnaverit,</strong></span> <span class='ocrx_word' id='word_1_691' title='bbox 1603 5468 1970 5538; x_wconf 84' lang='lat' dir='ltr'><strong>blasphemias</strong></span> <span class='ocrx_word' id='word_1_692' title='bbox 2006 5470 2078 5525; x_wconf 90' lang='lat' dir='ltr'><strong>de</strong></span> <span class='ocrx_word' id='word_1_693' title='bbox 2124 5470 2333 5540; x_wconf 78' lang='lat' dir='ltr'><strong>Spiritu</strong></span> 
     </span>
    </p>
   </div>
   <div class='ocr_carea' id='block_1_108' title="bbox 2438 5459 4021 5557">
    <p class='ocr_par' dir='ltr' id='par_1_108' title="bbox 2443 5477 4021 5557">
     <span class='ocr_line' id='line_1_108' title="bbox 2443 5477 4021 5557; baseline 0.009 -29"><span class='ocrx_word' id='word_1_694' title='bbox 2443 5477 2777 5531; x_wconf 66' lang='grc' dir='ltr'>Μακεδόνων</span> <span class='ocrx_word' id='word_1_695' title='bbox 2832 5482 3320 5551; x_wconf 79' lang='grc' dir='ltr'>ἐξοστρακίσασαν,</span> <span class='ocrx_word' id='word_1_696' title='bbox 3371 5485 3849 5557; x_wconf 59' lang='grc' dir='ltr'>βλασφημήσαντα</span> <span class='ocrx_word' id='word_1_697' title='bbox 3893 5490 4021 5557; x_wconf 73' lang='grc' dir='ltr'>περὶ</span> 
     </span>
    </p>
   </div>
   <div class='ocr_carea' id='block_1_109' title="bbox 2053 5609 2721 5674">
    <p class='ocr_par' dir='ltr' id='par_1_109' title="bbox 2053 5609 2721 5674">
     <span class='ocr_line' id='line_1_109' title="bbox 2053 5609 2721 5674; baseline 0.018 -12"><span class='ocrx_word' id='word_1_698' title='bbox 2053 5609 2138 5664; x_wconf 84' lang='lat' dir='ltr'><strong>VA</strong></span> <span class='ocrx_word' id='word_1_699' title='bbox 2150 5611 2286 5665; x_wconf 68' lang='lat' dir='ltr'><strong>RIE</strong></span> <span class='ocrx_word' id='word_1_700' title='bbox 2321 5609 2721 5674; x_wconf 73' lang='lat' dir='ltr'><strong>LECTIONES.</strong></span> 
     </span>
    </p>
   </div>
   <div class='ocr_carea' id='block_1_110' title="bbox 2309 5754 2535 5809">
    <p class='ocr_par' dir='ltr' id='par_1_110' title="bbox 2309 5754 2535 5809">
     <span class='ocr_line' id='line_1_110' title="bbox 2309 5754 2535 5809; baseline 0.009 -3"><span class='ocrx_word' id='word_1_701' title='bbox 2309 5754 2535 5809; x_wconf 66' lang='grc' dir='ltr'><strong>ΝΟΤᾸ-ἶ.</strong></span> 
     </span>
    </p>
   </div>
   <div class='ocr_carea' id='block_1_111' title="bbox 831 5672 1353 5739">
    <p class='ocr_par' dir='ltr' id='par_1_111' title="bbox 831 5672 1353 5739">
     <span class='ocr_line' id='line_1_111' title="bbox 831 5672 1353 5739; baseline 0.01 -15"><span class='ocrx_word' id='word_1_702' title='bbox 831 5672 884 5703; x_wconf 78' lang='grc'><strong>’⁵⁸</strong></span> <span class='ocrx_word' id='word_1_703' title='bbox 916 5673 1067 5728; x_wconf 84' lang='lat' dir='ltr'><strong>deest</strong></span> <span class='ocrx_word' id='word_1_704' title='bbox 1089 5674 1353 5739; x_wconf 74' lang='grc' dir='ltr'>κίνδυνος.</span> 
     </span>
    </p>
   </div>
   <div class='ocr_carea' id='block_1_112' title="bbox 832 5835 1928 5911">
    <p class='ocr_par' dir='ltr' id='par_1_112' title="bbox 832 5835 1928 5911">
     <span class='ocr_line' id='line_1_112' title="bbox 832 5835 1928 5911; baseline 0.009 -23"><span class='ocrx_word' id='word_1_705' title='bbox 832 5835 953 5905; x_wconf 66' lang='grc' dir='ltr'>(σι)</span> <span class='ocrx_word' id='word_1_706' title='bbox 997 5835 1132 5892; x_wconf 66' lang='grc' dir='ltr'>’σ’ἱάε</span> <span class='ocrx_word' id='word_1_707' title='bbox 1160 5838 1557 5895; x_wconf 73' lang='lat' dir='ltr'><strong>confessionem</strong></span> <span class='ocrx_word' id='word_1_708' title='bbox 1590 5853 1928 5911; x_wconf 78' lang='lat' dir='ltr'><strong>sequentem.</strong></span> 
     </span>
    </p>
   </div>
  </div>
