4198 6444
195 405 331 475 1157

1484 419 2182 489 GRECO-ROMANUM
2195 470 2212 489 .

3340 444 3479 508 1158

188 524 282 579 τοῦ
323 524 485 593 ἁγίου
532 522 874 600 Πνεύματος·
903 528 1004 602 τὴν
1030 526 1089 585 δὲ
1132 529 1346 604 τρίτην,
1370 534 1446 596 ὡς
1463 535 1756 608 ἁποῤῥίψα·

1881 546 2075 593 sancto
2122 540 2470 611 prolocutum
2510 562 2525 597 :
2575 544 2814 615 tertiam,
2851 547 3018 606 veluti
3071 561 3194 621 qua
3249 552 3479 624 impium

187 631 291 669 σαν
332 616 428 670 τὸν
455 618 694 690 δυσσεϐῆ
722 620 1042 690 Νεστόριον,
1072 623 1344 696 ληροῦντα
1378 625 1534 695 ψιλὸν
1563 626 1756 698 avom

1882 630 2034 686 illum
2068 631 2382 689 Nestorium
2425 635 2697 705 rejecerit,
2745 641 2836 710 qui
2882 656 2980 711 per
3008 616 3261 699 delirium
3292 616 3484 702 trade-

185 720 290 759 πον
335 705 431 761 τὺν
468 708 728 779 Χριστὸν,
764 712 858 765 καὶ
891 712 992 783 τὴν
1028 713 1381 785 πανύμνητον
1412 716 1776 789 ἀπαρνούμε-

1881 718 1993 789 bat,
2022 723 2305 780 Christum
2350 741 2475 783 esse
2519 729 2725 784 nudtun
2760 733 3077 801 hominem,
3113 748 3168 793 et
3200 739 3349 792 omni
3392 740 3482 793 di-

183 813 277 851 νον
294 796 581 854 Θεοτόκον’
620 800 719 872 τὴν
756 801 814 856 δὲ
846 803 1140 876 τετάρτην,
1168 805 1245 870 ὡς
1280 806 1372 861 τὸν
1408 809 1756 879 ἁτυχὲστιιτο1

1880 828 2042 884 gnam
2076 817 2235 872 laude
2264 817 2554 891 Deiperam
2587 822 2978 882 inticiabatur:
3006 836 3281 896 quartam.
3307 831 3480 887 veluti

181 886 431 962 Εὐτυχῆ,
454 893 551 946 καὶ
576 892 669 946 τὸν
695 893 972 967 ἀλάστορα
997 896 1291 970 Διόσκορον
1325 901 1776 973 καταρῤάξασαν,

180 981 312 1046 τοὺς
343 984 446 1046 τὰς
472 984 533 1038 ιν
566 985 788 1058 Χριστῷ
813 986 907 1042 δύο
929 988 1121 1058 φύσεις
1151 992 1291 1062 πρὸς
1327 992 1460 1063 μίαν
1496 996 1775 1068 τραπῆναι

176 1074 581 1146 φλυαροῦντας,
639 1079 734 1134 καὶ
787 1079 1054 1152 σύγχυσιν
1108 1082 1290 1139 αὐτῶν
1321 1084 1769 1157 δογματίζοντας·

173 1167 279 1240 τὴν
312 1169 373 1224 ει
405 1170 686 1243 πέμπτην,
718 1173 795 1238 ὡς
836 1173 1323 1244 ἀναθεματίσασαν
1360 1177 1431 1231 τὰ
1477 1180 1651 1251 μιαρὰ
1684 1181 1772 1235 δό-

174 1276 371 1333 γματα
396 1260 723 1337 Νεστορίουῖ
749 1267 844 1321 καὶ
878 1265 1175 1339 Θεοδώρου
1209 1269 1305 1322 τοῦ
1356 1271 1768 1343 Μοψουεστίας,

172 1356 277 1411 καὶ
319 1356 655 1428 Ὠριγένους,
686 1360 781 1414 καὶ
816 1361 1075 1431 Διδύμου,
1109 1361 1203 1415 καὶ
1229 1362 1526 1434 Εύαγρίου,
1549 1368 1657 1421 τῶν
1679 1369 1770 1422 ἑλ-

172 1449 552 1522 ληνοφρόνων,
588 1451 835 1524 βαθμοὺς
884 1454 1138 1525 θεότητος
1188 1456 1642 1526 ἁναπλασάντων,
1677 1464 1771 1517 καὶ

172 1541 371 1613 ψυχῶν
418 1544 797 1617 προῦπὰρξεις
822 1586 838 1613 ,
874 1546 971 1600 καὶ
1013 1549 1441 1619 μετεγγισμοὺς,
1490 1552 1587 1605 καὶ
1617 1553 1770 1619 τέλος

169 1633 478 1700 κολάσεως,
537 1638 635 1689 καὶ⁸
683 1637 956 1708 δαιμόνων
1018 1640 1494 1695 ἀποκατάστασιν·
1558 1646 1656 1717 τὴν
1711 1646 1768 1700 δὲ

169 1724 369 1795 ἕκτην,
424 1726 500 1790 ὡς
549 1729 939 1801 ἀπορρίψασαν
992 1731 1122 1796 τοὺς
1169 1734 1316 1803 ἀμφὶ
1359 1735 1639 1809 Ὀνώριον,
1673 1740 1769 1794 καὶ

169 1815 426 1886 Σέργιον,
456 1820 551 1871 καὶ
581 1820 890 1891 Μακάριόν,
920 1824 1048 1887 τοὺς
1087 1827 1447 1897 παράφρονας
1477 1830 1573 1883 καὶ
1601 1848 1765 1903 τερα-

166 1908 449 1977 τολόγους,
479 1910 539 1963 ἓν
581 1911 792 1984 θέλημα
827 1916 921 1969 καὶ
947 1917 1079 1986 μίαν
1114 1919 1399 1991 ἐνέργειαν
1428 1923 1651 1994 Χριστῷ
1690 1926 1765 1996 τῷ

168 2001 228 2052 ἐν
262 2001 392 2055 δυσὶ
428 2001 662 2072 φύσεσιν
698 2007 1139 2078 ἐπιγράψαντας·
1172 2012 1272 2083 τὴν
1301 2013 1359 2066 δὲ
1392 2014 1648 2087 ἑϐδόμην,
1688 2017 1765 2083 ὡς

165 2090 273 2163 τὴν
322 2094 749 2166 εἰκονομαχικὴν
802 2096 1006 2152 λύσσαν
1064 2105 1567 2175 καταπατήσασαν.
1613 2107 1760 2179 Αὕτη

170 2198 281 2249 μου
332 2182 434 2251 τῆς
477 2185 717 2249 πίστεως
742 2188 1019 2259 ὁμολογία.
1074 2192 1293 2265 Ταύτην
1345 2196 1422 2260 ὡς
1471 2199 1532 2251 ὲν
1569 2201 1761 2255 πίνακι

164 2272 603 2344 διαχαράξαντες
625 2281 952 2352 γράμμασιν
979 2284 1451 2360 ἐξαπεστείλαμεν
1483 2294 1565 2357 είς
1591 2295 1758 2364 ὑμᾶς,

167 2365 259 2419 ἶνα
309 2366 368 2421 τὸ
417 2369 664 2441 δοκίμιον
695 2373 796 2443 τῆς
824 2377 1103 2447 ἡμετέρας
1148 2380 1436 2447 εὐσεόείας
1479 2387 1760 2459 γνώριμον

167 2458 304 2529 ύμῖν
339 2462 441 2533 ἤδη
477 2464 797 2535 γενόμενον,
834 2469 1078 2542 συνδήσῃ
1117 2472 1278 2527 πλέον
1307 2479 1388 2539 είς
1414 2476 1629 2546 ἕνωσιν,
1662 2458 1759 2536 καὶ

162 2554 299 2616 τοὺς
326 2558 618 2621 κοινωνοὺς
652 2560 753 2630 τῆς
787 2560 1048 2628 πίστεως,
1094 2568 1387 2632 κοινωνοὺς
1420 2573 1619 2643 ποιήσῃ
1661 2574 1758 2628 καὶ

162 2647 268 2717 τῆς
308 2648 553 2724 ἀγάπης,
587 2655 770 2709 πᾶσαν
793 2658 1094 2712 σκανδάλου
1122 2660 1400 2732 πρόφασιν
1425 2664 1518 2717 καὶ
1548 2667 1757 2737 πέτραν

164 2742 601 2814 προσκόμματος
654 2747 719 2799 ἐκ
771 2746 937 2815 μέσου
971 2750 1320 2821 ποιούμενον.
1369 2753 1427 2808 '0
1455 2755 1512 2808 δὲ
1549 2757 1617 2810 τὰ
1677 2759 1758 2812 δι-

163 2832 389 2887 εστῶτα
420 2836 729 2902 συνάπτων,
764 2840 849 2911 εἴη
887 2842 981 2895 καὶ
1016 2844 1341 2913 ποιμαίνων,
1375 2848 1469 2900 καὶ⁵
1521 2865 1756 2919 συμποι-

165 2927 411 2996 μαίνων,
439 2930 538 2983 καὶ
560 2933 699 3001 πρὸς
725 2932 820 2986 τὸν
849 2933 1093 3005 μάνδραν
1123 2936 1388 3004 ἁγωνξτοῦ
1415 2940 1752 3011 Πνεύματος.

161 3018 446 3090 Πρόσειπε
493 3022 586 3075 τὸν
618 3022 761 3076 κατὰ
797 3025 855 3078 σὲ
890 3026 1049 3093 ἁγίαν
1095 3027 1332 3083 σύνοδον.
1367 3029 1435 3083 Σὲ
1464 3030 1498 3102 ἠ
1535 3030 1754 3098 σύνοδος

158 3111 223 3164 ιν
252 3112 451 3183 Κυρίῳ
481 3117 903 3188 προσαγορεύει.

1878 920 2001 988 quae
2045 908 2491 967 infelicissimum
2562 913 2866 985 Eutychem
2912 917 3047 988 (55),
3091 931 3139 974 et
3178 923 3479 979 alastorem

1878 998 2031 1053 illum
2066 1000 2389 1057 Dioscorum
2426 1009 2812 1076 prostraverit,
2849 1009 2943 1080 qui
2986 1011 3123 1066 duas
3156 1012 3209 1067 in
3250 1014 3473 1071 Christo

1877 1100 2105 1146 naturas
2156 1107 2455 1151 conversas
2495 1098 2550 1151 in
2594 1114 2760 1154 unam
2802 1102 3143 1172 garriehant,
3187 1112 3241 1160 et
3281 1121 3471 1161 earum

1876 1179 2262 1239 confusionem
2305 1186 2593 1241 tradebant
2622 1208 2635 1243 :
2676 1192 2948 1259 quintam,
2982 1194 3148 1249 veluti
3185 1210 3305 1266 quae
3336 1213 3471 1252 aua-

1876 1272 2103 1327 themati
2134 1276 2434 1346 subjecerit
2467 1279 2586 1333 dira
2629 1280 2882 1351 dogmata
2930 1285 3169 1341 Ncslorii
3209 1298 3263 1341 et
3290 1290 3471 1343 Theo-

1872 1363 1992 1420 dori
2028 1365 2400 1435 Mopsuestani
2427 1371 2702 1442 prmsulis,
2755 1383 2811 1430 et
2847 1373 3117 1446 Origenis,
3145 1389 3201 1433 et
3228 1378 3465 1451 Didymi,

1871 1465 1925 1512 et
1953 1458 2195 1530 Evagrii,
2219 1477 2461 1533 paganas
2480 1466 2782 1522 sententias
2818 1470 3193 1538 sequentium,
3224 1474 3314 1542 qui
3344 1489 3470 1544 gra-

1872 1552 1976 1607 dus
2030 1553 2253 1608 deitatis
2284 1555 2561 1611 ﬁnxerunt
2586 1568 2640 1613 et
2668 1560 2975 1616 animorum
3006 1565 3463 1632 prteexistentias,

1870 1650 1926 1697 et
1951 1646 2531 1718 appropinquationes,
2567 1660 2621 1705 et
2662 1652 2823 1708 ﬁnem
2867 1656 3146 1727 supplicii,
3177 1666 3229 1712 et
3257 1660 3465 1713 dmino-

1870 1749 2000 1787 nmn
2035 1735 2087 1790 in
2118 1737 2391 1807 intcgrqu
2430 1741 2831 1796 restitutionem
2864 1748 3316 1811 :sextam,veluti
3342 1763 3464 1818 quae

1870 1824 2121 1891 llonorii,
2140 1827 2337 1900 Sergii,
2357 1830 2576 1885 Macarii
2595 1842 2898 1888 sectatores
2924 1837 3195 1905 rejeeerit,
3213 1838 3462 1894 homines

1871 1919 2098 1975 insanos
2161 1929 2215 1974 et
2262 1929 2634 1991 portentosos,
2679 1924 2771 1992 qui
2806 1942 2971 1980 unam
3005 1928 3347 1983 voluntatem
3407 1941 3463 1985 et

1866 2024 2033 2063 uuam
2068 2010 2336 2066 duntaxat
2385 2014 2657 2069 actionem
2692 2015 2934 2082 Christo,
2979 2020 3193 2073 naturis
3243 2020 3460 2076 duabus

1864 2102 2169 2166 constanti,
2227 2104 2604 2173 ascripserunt
2660 2124 2673 2159 :
2735 2109 3065 2177 septimam,
3114 2111 3280 2166 veluti
3339 2128 3461 2181 qua:

1866 2190 2113 2246 furorem
2138 2192 2615 2251 iconomachicum
2646 2200 3066 2267 proculcaverit.
3087 2200 3211 2257 Herc
3229 2212 3311 2259 est
3335 2204 3456 2260 ﬁdei

1862 2297 1997 2339 mete
2025 2285 2324 2341 confessio.
2365 2284 2519 2343 Hanc
2545 2290 2693 2344 velut
2724 2292 2777 2345 in
2808 2292 2993 2347 tabula
3030 2294 3227 2349 litteris
3259 2311 3456 2351 exara-

1862 2382 1972 2428 tam
2010 2377 2264 2433 misimus
2327 2378 2502 2443 vobis,
2541 2390 2599 2433 nt
2640 2381 2861 2450 pietatis
2892 2391 3098 2438 nostra:
3136 2384 3452 2450 sinceritas,

1861 2481 1982 2536 qua:
2006 2466 2121 2533 jam
2159 2467 2313 2524 vobis
2350 2468 2612 2532 innotuit,
2654 2485 2754 2525 nos
2802 2471 3041 2542 amplius
3074 2475 3141 2528 ad
3194 2477 3454 2531 unionem

1860 2559 2103 2629 colliget,
2135 2564 2190 2614 et
2221 2559 2342 2616 fidei
2377 2562 2677 2632 participes
2706 2563 2870 2619 etiam
2909 2565 3200 2623 charitatis
3229 2569 3456 2637 partici-

1860 2665 1956 2719 pes
1985 2650 2219 2719 reddat;
2255 2667 2472 2709 omnem
2513 2655 2860 2711 occasionem
2892 2657 3138 2713 scandali
3200 2671 3254 2714 et
3284 2660 3453 2717 οπεο-

1859 2740 2026 2796 diculi
2059 2742 2293 2818 lapidem
2335 2758 2365 2799 e
2407 2744 2588 2799 medio
2616 2745 2839 2799 tollens.
2878 2744 2980 2812 Qui
3021 2762 3149 2801 vero
3176 2747 3451 2818 disjuneta

1858 2816 2165 2904 conjungit',
2206 2834 2348 2890 idem
2379 2849 2478 2890 nos
2506 2846 2558 2892 et
2592 2848 2804 2906 pascat,
2844 2846 2901 2892 et
2939 2816 3276 2908 compascat,
3304 2848 3357 2895 et
3384 2844 3451 2895 ad

1857 2924 2074 2978 caulam
2111 2923 2355 2996 Spiritus
2382 2927 2638 2983 deducat.
2694 2916 2883 2983 saluta
2930 2939 3176 2983 sanctam
3222 2931 3364 3000 apud
3400 2939 3453 2986 te

1855 3017 2149 3087 synodum.
2175 3017 2307 3084 Quae
2329 3020 2619 3076 nobiscum
2647 3020 2896 3092 synodus
2943 3031 3046 3085 est,
3074 3024 3127 3076 in
3144 3021 3374 3077 Domino
3400 3031 3452 3078 te

1855 3111 2077 3167 salutat.

180 3223 269 3308 'H_
295 3226 464 3294 παρὰ
491 3226 612 3308 si»:
640 3231 1126 3308 θεοφιλεᾳζὰτων
1154 3240 1617 3308 μητροπολιτῶν
1654 3243 1753 3298 καὶ

1861 3223 2100 3308 Syntboii
2133 3227 2328 3308 cautio,
2358 3244 2474 3297 qum
2502 3244 2598 3308 pro
2631 3244 2776 3308 more
2813 3232 3062 3308 prtestqri
3086 3230 3215 3308 εοίει
3251 3249 3283 3284 α
3321 3233 3452 3286 refi-

235 3296 1041 3381 ἁρχιεπισκόκωνςσυνήθώς
1064 3305 1135 3356 ἐν
1270 3296 1455 3381 irath
1479 3308 1589 3378 τῆς
1629 3296 1754 3381 χέίᾲ

223 3367 513 3435 ροτονίας
551 3370 835 3438 γινομένη
890 3367 1027 3426 τοῦή
1053 3367 1382 3443 συμϐόλοιί
1421 3367 1750 3461 ἇσςὸᾆλὲια.

235 3480 493 3535 Πιστεύω
543 3482 625 3547 είς
683 3483 779 3537 ’ἐνα
830 3483 990 3549 Θεὸν,
1017 3487 1243 3561 Πατέρα
1302 3495 1749 3568 παντοκράτορα,

160 3571 400 3640 ποιητὴν
434 3570 669 3641 οὐρανοῦ
725 3572 820 3627 καὶ
855 3575 982 3646 γῆς,
1037 3578 1252 3649 ὁρατῶν
1301 3599 1362 3635 τε
1413 3584 1635 3640 πάντων
1659 3590 1754 3643 καὶ

157 3661 437 3733 ἀοράτων,
490 3664 585 3718 καὶ
636 3665 716 3729 είς
749 3666 846 3719 ἕνα
876 3666 1083 3739 Κύριον
1129 3670 1337 3740 Ἰησοῦν
1366 3676 1623 3746 Χριστὸν,
1658 3680 1757 3735 τὸν

160 3751 293 3806 Υίδν
319 3752 417 3807 τοῦ
446 3753 583 3809 Θεοῦ
608 3755 700 3810 τὸν
720 3761 1009 3829 μονογενῆ,
1035 3760 1128 3814 τὸν
1159 3762 1224 3817 ὲκ
1253 3764 1348 3817 τοῦ
1381 3766 1598 3839 Πατρὸς
1625 3787 1753 3839 γεν-

157 3843 402 3915 νηθέντα
448 3847 557 3915 πρὸ
609 3848 830 3904 πάντων
878 3850 991 3905 τῶν
1030 3854 1266 3919 αἰώνων,
1300 3859 1418 3925 φῶς
1445 3860 1512 3912 ὲκ
1549 3862 1747 3930 φωτὸς,

158 3936 297 3991 Θεὸν
352 3937 613 4009 ἀληθινὸν
663 3942 728 3995 ἐκ
780 3941 919 3996 Θεοῦ
968 3943 1250 4014 ἀληθινοῦ,
1305 3949 1639 4020 γεννηθέντα
1685 3955 1749 4010 ού

159 4027 485 4096 ποιηθέντα,
519 4030 807 4100 όμοούσιον
868 4032 949 4103 τῷ
1008 4036 1207 4105 Πατρὶ,
1257 4036 1327 4090 δι’
1356 4032 1419 4094 οῦ
1465 4041 1534 4096 τὰ
1568 4043 1749 4098 πάντα

160 4120 403 4188 ἐγένετο·
436 4120 527 4175 τὸν
560 4122 627 4176 δι’
653 4124 805 4195 ἡμᾶς
833 4124 959 4186 τοὺς
990 4126 1338 4198 ἀνθρώπους,
1388 4132 1485 4184 καὶ
1529 4131 1617 4187 διὰ
1647 4138 1749 4205 τὴν

163 4212 447 4282 ἡμετέραν
488 4216 762 4285 σωτηρίαν
816 4217 1150 4273 κατελθόντα
1209 4220 1276 4274 ὲκ
1327 4222 1439 4275 τῶν
1475 4223 1746 4295 οὐρανῶν,

164 4305 254 4357 καὶ
297 4306 654 4375 σαρκωθέντα
711 4308 777 4362 εκ
834 4309 1157 4379 Πνεύματος
1213 4312 1372 4381 ἁγίου
1406 4315 1501 4369 καὶ
1528 4317 1749 4390 Μαρίας

165 4395 262 4465 τῆς
298 4397 602 4467 Παρθένου,
662 4400 757 4452 καὶ
803 4401 1325 4473 ἑνανθρωπήσαντα,
1366 4408 1747 4478 σταυρωθέντα

163 4503 219 4538 τε
272 4486 417 4557 ὑπὲρ
470 4489 630 4559 ἡμῶν
662 4491 755 4543 ἐπὶ
802 4494 1029 4546 Ποντίου
1059 4494 1315 4561 Πιλάτου,
1346 4499 1440 4550 καὶ
1482 4500 1744 4570 παθόντα,

1927 3298 2255 3370 giosissimis
2271 3300 2550 3367 metropoli
2558 3302 2695 3353 fartis
2716 3309 2763 3352 et
2777 3300 3209 3369 arcltiepiscoyris,
3224 3314 3459 3370 tempore

1927 3368 2304 3422 ordinationis.

1923 3480 2102 3536 Credo
2156 3480 2209 3535 in
2254 3496 2422 3537 unum
2481 3483 2672 3548 Deum,
2726 3481 2941 3537 Patrem
2997 3482 3451 3552 omnipotentem,

1856 3574 2108 3643 Opificem
2145 3573 2269 3628 ραιΙί
2308 3583 2359 3627 et
2402 3583 2582 3638 terrae,
2634 3573 3060 3644 aspectabilium
3102 3577 3347 3629 omnium
3395 3585 3453 3631 et

1854 3662 2331 3733 inaspectabiliutn
2386 3682 2400 3719 :
2452 3673 2504 3718 et
2567 3664 2619 3717 in
2680 3680 2848 3718 unum
2910 3665 3199 3719 Dominum
3264 3666 3457 3721 Jesutn

1852 3754 2157 3818 Christum,
2188 3755 2386 3810 Filium
2417 3756 2506 3810 Dei
2536 3756 2899 3827 unigenitum,
2931 3757 3182 3822 exi’atre
3208 3760 3449 3830 genitum

1853 3857 1982 3904 ante
2002 3850 2189 3905 omnia
2224 3851 2450 3915 satcula,
2480 3850 2661 3903 lutnen
2698 3850 2766 3903 de
2800 3849 3023 3913 lumine,
3057 3850 3223 3907 Deum
3261 3868 3447 3905 verum

1852 3939 1921 3995 de
1947 3938 2058 3995 Deo
2090 3954 2223 3993 vero
2254 3942 2517 4011 genitum,
2553 3955 2661 3994 non
2695 3940 2898 3994 factum
2934 3958 2949 4007 ;
2986 3944 3443 3998 consubstantia-

1852 4032 1959 4087 leni
1991 4030 2169 4100 Patri,
2206 4048 2301 4101 per
2325 4048 2486 4102 quem
2518 4032 2702 4086 omnia
2736 4031 2878 4086 facta
2910 4044 3037 4088 sunt
3074 4034 3200 4103 :qui
3228 4046 3451 4103 propter

1850 4134 1953 4176 nos
1978 4121 2253 4184 homines,
2285 4132 2339 4175 et
2376 4130 2597 4191 propter
2620 4123 2852 4176 salutem
2886 4134 3131 4177 nostram
3160 4125 3446 4180 descendit

1850 4210 1918 4265 de
1960 4210 2139 4272 coelis,
2172 4221 2225 4266 et
2271 4212 2594 4267 incarnatus
2643 4221 2727 4267 est
2770 4213 2837 4267 de
2882 4214 3087 4282 Spiritu
3136 4224 3347 4280 sancto,
3381 4231 3445 4271 ex

1851 4300 2019 4356 Maria
2055 4300 2298 4374 Virgine,
2333 4314 2388 4357 et
2428 4304 2596 4359 homo
2648 4304 2829 4360 factus
2870 4315 2989 4370 est;
3029 4306 3122 4375 qui
3153 4309 3449 4364 crucifixus

1851 4402 1936 4450 est
1965 4409 2063 4465 pro
2097 4397 2256 4451 nobis
2297 4397 2398 4450 sub
2429 4394 2626 4450 Pontio
2673 4396 2875 4461 Pilato,
2914 4406 2967 4452 et
3004 4413 3202 4467 passus
3252 4411 3353 4463 est,
3393 4411 3447 4456 et

1851 4488 2123 4557 sepultus,
2149 4499 2202 4544 et
2224 4490 2525 4543 resurrexit
2552 4489 2641 4544 die
2671 4494 2829 4545 tertia
2855 4493 3155 4546 secundum
3190 4491 3447 4561 Scriptu-

162 4576 258 4629 καὶ
302 4578 567 4646 ταφέντα,
601 4580 695 4633 καὶ
723 4582 1034 4637 ἀναστάντα
1088 4588 1153 4657 τῇ
1194 4587 1356 4662 τρίτῃ
1388 4590 1573 4664 ἡμέρᾳ
1602 4596 1746 4650 κατὰ

1859 4594 1962 4643 ras,
2005 4588 2058 4632 et
2112 4580 2358 4633 ascendit
2392 4582 2459 4633 ad
2511 4581 2705 4641 C(BIOS.
2756 4592 2809 4635 et
2857 4582 3011 4637 sedet
3055 4582 3120 4636 ad
3164 4586 3443 4638 dexteram

162 4669 261 4732 τὰς
300 4668 548 4740 Γραφάς,
596 4673 692 4727 καὶ
724 4673 1020 4730 ἀνελθόντα
1047 4679 1128 4741 εἰς
1162 4678 1290 4742 τοὺς
1329 4681 1617 4753 οὐρανοὺς,
1653 4689 1747 4741 καὶ

164 4757 528 4828 καθεζόμενον
559 4762 619 4813 ἐν
651 4762 803 4835 δεξιᾷ
844 4765 941 4819 τοῦ
996 4767 1232 4838 Πατρὸς,
1256 4769 1351 4823 καὶ
1403 4772 1568 4827 πάλιν
1593 4777 1749 4847 ἐρχό-

166 4864 329 4916 μενον
385 4851 527 4919 μετά
569 4851 760 4923 δόξης,
795 4856 980 4926 κρῖναι
1015 4855 1225 4920 ζῶντας
1269 4861 1366 4913 καὶ
1400 4864 1650 4934 νεκροὺς,
1684 4860 1746 4921 οῦ

161 4936 260 5007 τῆς
293 4936 572 5006 βασιλείας
624 4941 726 4995 ούκ
790 4942 944 4998 ἔσται
983 4946 1163 5012 τέλοςο
1200 4950 1295 5002 καὶ
1324 4952 1406 5015 είς
1434 4953 1493 5006 τὸ
1520 4955 1749 5027 Πνεῦμα

163 5028 223 5082 τὺ
257 5028 437 5098 ἅγιον,
467 5032 529 5085 τὸ
554 5033 779 5103 Κύριον,
812 5036 873 5089 τὸ
900 5036 1185 5105 ζωοποιὸν,
1220 5040 1282 5094 τὸ
1314 5043 1379 5096 ἐκ
1402 5043 1505 5111 ,τοῦ
1534 5046 1747 5120 Πατρός

164 5120 625 5193 ἐκπορευόμενον,
659 5124 720 5178 τὸ
758 5128 856 5181 σὺν
886 5129 1062 5199 Πατρὶ
1092 5130 1187 5183 καὶ
1233 5132 1347 5204 Υίῷ
1392 5151 1745 5206 συμπροσκυ-

163 5212 426 5282 νούμενον
473 5215 570 5268 καὶ
620 5216 1097 5287 συνδοξαζόμενον,
1149 5220 1207 5273 τὸ
1251 5221 1489 5294 λαλῆσαν
1520 5225 1607 5279 διὰ
1635 5228 1744 5282 τῶν

161 5306 489 5375 προφητῶν·
545 5309 625 5371 εἰς
678 5310 809 5379 μίαν
852 5310 1018 5378 ἁγίαν
1045 5312 1344 5386 καθολικὴν
1376 5319 1468 5370 καὶ
1509 5319 1742 5374 ἀποστο-

163 5396 321 5468 λικὴν
368 5397 718 5471 Ἐκκλησίαν.
773 5402 1053 5473 Ὀμολογῶ
1095 5403 1153 5456 ἓν
1182 5404 1465 5478 βάπτισμα
1492 5412 1571 5475 είς
1605 5413 1741 5481 ἄφε-

168 5504 255 5541 σιν
304 5490 613 5561 ἁμαρτιῶν.
670 5494 967 5565 Προσδοκῶ
1012 5495 1315 5551 ἀνάστασιν
1366 5501 1598 5572 νεκρῶν,
1647 5504 1743 5558 καὶ

163 5578 311 5652 ζωὴν
346 5581 443 5635 τοῦ
477 5582 767 5653 μέλλοντος
821 5586 1041 5650 αἰῶνος.
1102 5589 1296 5661 Ἀμήν.
1339 5592 1482 5663 Πρὸς
1530 5593 1738 5658 τούτοις

1844 4676 2045 4738 Patris,
2064 4682 2117 4728 et
2141 4688 2359 4727 rursum
2384 4680 2651 4727 venturus
2675 4683 2759 4729 est
2782 4688 2905 4727 cum
2932 4675 3441 4745 gloria,judicatum

1844 4768 1998 4822 vivos
2020 4774 2073 4820 et
2108 4771 2380 4828 mortuos,
2412 4763 2573 4832 cujus
2602 4778 2831 4833 regnum
2854 4763 3013 4818 ﬁnem
3043 4781 3150 4819 non
3180 4766 3400 4821 habebit
3426 4788 3440 4823 :

1844 4868 1899 4913 et
1928 4860 1983 4913 iu
2025 4857 2290 4928 Spiritum
2327 4864 2601 4920 sanctum,
2648 4852 2963 4919 Dominum,
3009 4854 3314 4921 viviﬁcum,
3345 4857 3439 4926 qui

1846 4966 1910 5007 ex
1944 4950 2106 5004 Patre
2137 4949 2384 5020 procedit
2416 4946 2554 5019 (56),
2574 4947 2665 5015 qui
2699 4962 2821 5002 cum
2840 4945 3001 5003 Patre
3030 4964 3093 5003 ac
3121 4948 3259 5003 Filio
3276 4951 3443 5005 simul

1854 5044 2134 5106 adoratur,
2170 5049 2224 5096 et
2273 5041 2438 5095 simul
2480 5038 2854 5109 gloriﬁcatur,
2887 5041 2979 5110 qui
3015 5057 3110 5111 per
3144 5044 3442 5112 prOphetas

1854 5143 1937 5191 est
1962 5136 2198 5189 locutus.
2232 5133 2405 5187 Credo
2434 5134 2487 5186 in
2518 5148 2681 5186 unam
2716 5142 2962 5188 sanctam
2993 5136 3355 5189 universalem
3387 5143 3441 5189 et

1853 5227 2209 5295 apostolicam
2258 5223 2583 5279 Ecclesiam.
2626 5224 2900 5280 Conﬁteor
2947 5241 3117 5280 unum
3170 5226 3440 5297 baptisma

1854 5317 1921 5370 ad
1959 5326 2310 5387 peccatorum
2344 5316 2746 5371 remissionem.
2780 5318 3049 5388 Exspecto
3079 5318 3442 5373 resurrectio-

1851 5426 1975 5465 nem
2018 5419 2384 5472 mortuorum,
2443 5417 2497 5463 et
2539 5408 2701 5461 vitam
2762 5408 2930 5463 futuri
2988 5411 3195 5464 surculi.
3240 5412 3442 5465 Amen.

1849 5500 2057 5557 Praeter
2102 5503 2217 5557 haec
2249 5502 2457 5571 recipio
2485 5508 2705 5556 sanctas
2739 5507 2790 5555 et
2838 5502 3177 5557 universales
3227 5512 3438 5573 septem

1850 5594 2109 5663 synodos,
2142 5609 2263 5665 qua:
2294 5592 2729 5648 conservationis
2769 5603 3084 5649 sanctorum
3118 5593 3438 5667 dogmatnm

1677 5765 1884 5823 ΝΟΤιιΕ
1896 5808 1910 5823 .

235 5855 350 5930 (55)
379 5855 483 5923 Qui
518 5853 733 5922 Latine,
767 5853 942 5912 Felix.

1928 5864 2040 5935 (56)
2075 5865 2297 5924 Graccus
2332 5883 2508 5938 error,
2543 5868 2616 5924 illi
2653 5866 2800 5938 genti
2834 5866 3149 5937 peculiaris.
