4198 6444
775 411 915 480 1159

2070 411 2207 471 JUS
2241 407 2685 470 CANONICUM

3908 409 4034 473 1160

769 545 936 588 causa
968 529 1117 584 fuere
1141 532 1361 591 coacta,
1397 524 1724 594 promittens
1765 537 1850 577 me
1885 533 2120 578 statutos
2166 525 2234 578 ab
2272 525 2348 578 eis

2454 521 2788 589 ἀποδέχομαι
2826 518 2919 580 τὰς
2959 517 3110 584 ἁγίας
3157 518 3250 570 καὶ
3275 519 3663 588 οίκουμενικὰς
3689 522 3732 584 ξ’
3763 524 4028 584 συνόδους.

771 636 1010 678 canones
1060 618 1437 686 amplexurum
1493 624 1548 671 et
1607 624 1951 671 servaturum
1999 615 2346 683 :itidemque

774 719 996 766 sanctas
1026 706 1470 770 constitutiones,
1497 719 1836 774 quaecunque
1866 706 2072 759 sanctis
2103 720 2131 757 a
2167 703 2345 758 Patri-

770 805 872 858 bus
913 800 1116 855 nostris
1148 799 1503 868 promulgatae
1532 805 1677 861 sunt,
1709 797 1939 852 diversis
1966 796 2346 850 occasionibus

767 908 819 950 et
851 891 1230 964 temporibus:
1263 905 1474 949 omnes.
1506 888 1763 957 quasipsi
1801 887 2088 955 rccipiunt,
2122 901 2245 940 cum
2267 886 2348 940 eis

770 986 1014 1054 recipio;
1049 992 1102 1037 et
1129 998 1266 1052 quas
1292 989 1632 1044 aversantur,
1663 995 1786 1034 eum
1816 981 1894 1034 eis
1929 993 2172 1032 aversor.
2208 977 2352 1030 Prae-

768 1088 919 1132 terea
951 1093 1138 1146 pacem
1170 1075 1602 1131 ecclesiasticam
1647 1073 1891 1142 spondeo
1929 1086 2014 1124 me
2057 1085 2350 1125 conserva-

771 1178 978 1232 turum,
1025 1183 1124 1220 nec
1161 1175 1274 1218 toto
1316 1164 1440 1218 vitae
1477 1178 1608 1216 mea:
1651 1172 1894 1231 tempore
1940 1161 2219 1229 quidpiam
2272 1160 2345 1213 illi

771 1260 1059 1313 adversum
1108 1259 1162 1310 in
1211 1259 1395 1311 animo
1444 1257 1756 1309 habiturum
1804 1255 1945 1308 :scd
1988 1255 2040 1306 in
2096 1253 2348 1306 omnibus

770 1353 1159 1407 obsecuturum
1186 1361 1236 1403 ct
1263 1363 1531 1403 consensu
1543 1363 1659 1400 rum
1682 1346 1906 1400 Nicolao
1929 1345 2276 1400 sanctissimo
2297 1351 2349 1396 et

773 1443 1068 1498 universali
1100 1442 1444 1510 patriarchae.
1477 1439 1741 1492 Polliceor
1759 1439 2036 1496 etiam,me
2067 1437 2120 1489 in
2155 1437 2348 1488 timore

771 1537 988 1590 Domini
1030 1545 1083 1588 et
1129 1545 1308 1588 mente
1361 1532 1609 1600 religiosa
1657 1538 1929 1583 recturum
1969 1544 2182 1598 gregem
2227 1527 2344 1580 ﬁdei

772 1641 905 1678 mea
957 1625 1417 1686 commendatum,
1453 1620 1720 1674 servando
1777 1620 2039 1688 meipsmn
2087 1620 2155 1673 ab
2201 1619 2347 1671 omni

773 1732 935 1785 prava
990 1716 1299 1783 suspicione
1356 1729 1573 1782 purum,
1629 1720 1890 1780 quantum
1937 1713 2151 1780 quidem
2201 1726 2230 1762 a
2266 1725 2350 1763 me

773 1810 1018 1876 prastari
1055 1809 1273 1877 poterit.
1321 1805 1537 1874 Scripta
1585 1815 1714 1858 sunt
1760 1805 1872 1857 haec
1921 1820 2082 1856 manu
2129 1803 2347 1871 propria

2455 613 2654 674 αἵτινες
2731 612 2824 663 ’ἐπὶ
2877 611 3089 680 φυλακῇ
3137 611 3245 664 τῶν
3288 612 3502 664 σεπτῶν
3567 613 3864 682 δογμάτων
3921 631 4036 664 συν-

2455 704 2855 776 ηθροίσθησαν,
2893 704 3278 773 καθομολογῶν
3325 705 3452 765 τοὺς
3497 705 3589 758 ὑπ’
3641 706 3826 757 αὐτῶν
3861 706 4040 774 διωρί-

2457 797 2688 867 σμένους
2719 797 2969 865 στέργειν
3018 798 3117 848 καὶ
3182 796 3476 864 φυλάττειν
3530 798 3789 860 κανόνας,
3822 800 3920 850 καὶ
3948 801 4037 857 τας

2458 890 2620 957 ἁγίας
2670 888 2977 953 διατάξεις,
3020 890 3144 941 ὅσαι
3195 891 3311 950 τοῖς
3375 890 3537 958 ἱεροῖς
3586 889 3744 956 ἡμῶν
3795 891 4039 958 Πατρὰσι

2455 981 2596 1033 κατὰ
2643 981 2936 1049 διαφόρους
2968 981 3196 1048 καιροὺς
3252 980 3347 1032 καὶ
3393 981 3617 1048 χρόνους
3651 981 4041 1050 ἐτυπώθησαν·

2458 1071 2690 1133 πάντας,
2724 1069 2818 1132 οὓς
2853 1071 3227 1138 ἀποδέχονται,
3265 1071 3786 1139 συναποδεχόμενοςο
3827 1073 3923 1122 καὶ
3952 1072 4042 1132 οὓς

2455 1163 2925 1232 ἀποστρέφονται,
2981 1164 3582 1230 συναποστρεφὸμενος.
3627 1165 3748 1215 Ἕτι
3799 1165 3897 1214 καὶ
3947 1164 4040 1232 τὴν

2457 1257 2916 1326 ἐκκλησιαστικὴν
2952 1259 3174 1325 εἰρήνην
3217 1257 3463 1323 ὁμολογῶ
3494 1255 3914 1321 διαφυλάττειν,
3952 1259 4041 1306 καὶ

2457 1350 2577 1400 κατ’
2605 1349 2798 1400 οὐδένα
2823 1349 3025 1416 τρόπον
3061 1349 3286 1400 ὲναντία
3324 1349 3496 1416 αὐτῆς
3551 1351 3773 1416 φρονεῖν
3799 1349 3891 1399 διὰ
3930 1350 4038 1415 βίον

2458 1440 2678 1499 παντὸς,
2718 1439 2856 1491 κατὰ
2907 1441 3085 1491 πάντα.
3136 1441 3400 1506 ἑπόμενος
3459 1441 3552 1490 καὶ
3590 1439 3914 1506 συμζωνῶν
3945 1440 4038 1489 Ν.-

2460 1535 2640 1603 κολάῳ
2779 1535 3070 1602 ἁγιωτάτῳ
3122 1535 3216 1585 καὶ
3274 1532 3638 1601 οἱκουμενικῷ
3694 1533 4034 1602 πατριάρχῃ.

2461 1625 3019 1694 Προσεπαγγέλλομαί
3071 1642 3129 1677 τε
3175 1627 3233 1676 ὲν
3267 1627 3416 1694 φόϐῳ
3471 1624 3607 1676 θεοῦ
3650 1627 3743 1677 καὶ
3797 1626 4039 1689 [θεοφιλεῖ

2457 1719 2652 1788 γνώμῃ
2709 1718 2806 1786 τὴν
2858 1718 3297 1785 ἐγχειρισοεῖσάν
3363 1733 3452 1785 μοι
3512 1718 3749 1784 ποίμνην
3792 1715 4030 1780 ἰθύνειν,

2460 1809 2640 1875 πάσης
2706 1809 2945 1876 πονηρᾶς
2995 1808 3320 1876 ὑπολήψεως
3355 1807 3594 1878 καθαρὸν
3640 1809 3877 1876 ἐμαυτὸν
3911 1825 4030 1858 συκ-

773 1899 839 1952 Ν.
903 1898 1378 1966 presltyleri,-ac
1448 1897 1715 1963 designati
1799 1895 2037 1963 episcopi
2110 1895 2347 1946 civitatis

2454 1902 2653 1968 τηρῶν,
2711 1903 2834 1954 ὅσον
2876 1919 2965 1969 μοι
3007 1903 3254 1970 περίεστι
3293 1902 3536 1970 δύναμις.
3570 1901 3814 1970 Ἑγράεξη
3860 1901 4030 1952 ταῦτα

773 1993 838 2044 Ν.
885 2007 1005 2059 qure
1045 1990 1306 2042 divinitus
1361 1997 1633 2052 servatur,
1691 2004 1873 2042 mense
1913 2027 1925 2040 .
1959 2028 1973 2042 .
2012 2025 2025 2038 .
2062 2027 2074 2038 .
2111 2001 2175 2039 ac
2209 1985 2347 2038 indi-

772 2095 976 2138 ειιοηο.
1013 2121 1025 2134 .
1065 2121 1078 2135 .
1115 2121 1128 2134 .

777 2277 1046 2340 Precatio,
1101 2293 1216 2345 qua:
1288 2292 1468 2328 coram
1519 2277 1836 2343 imperatore
1875 2275 1974 2339 legi
2015 2272 2144 2325 solet
2188 2289 2218 2325 a
2252 2289 2349 2326 me-

1130 2346 1448 2414 tropolitano
1504 2361 1680 2398 recens
1714 2345 1978 2397 ordinato.

851 2461 1088 2514 Sanctus
1124 2459 1213 2512 ille
1241 2457 1401 2520 Deus,
1433 2458 1525 2525 qui
1556 2472 1619 2509 ex
1644 2456 1964 2510 luereditate
2000 2472 2098 2510 sua
2126 2457 2345 2521 eximia,

778 2552 905 2606 inde.
938 2566 1112 2619 usque
1147 2550 1213 2602 ab
1260 2549 1381 2601 alvo
1409 2557 1654 2601 materna
1692 2548 1852 2616 elegit
1880 2556 1932 2601 te
1965 2549 2016 2600 in
2051 2550 2346 2616 imperato-

778 2656 891 2694 rem
927 2639 1162 2694 universi
1199 2637 1450 2705 corporis
1491 2646 1652 2706 atque
1675 2647 1852 2690 cretus
1915 2637 2236 2698 Christiani,
2296 2647 2351 2691 et

778 2749 942 2802 supra
981 2733 1224 2786 divinum
1281 2740 1642 2797 sanctumque
1679 2739 1844 2796 caput
1900 2737 2052 2781 tuum
2083 2745 2344 2783 coronam

777 2823 1048 2891 praetiosis
1074 2821 1302 2890 gemmis
1326 2822 1646 2872 adornatam
1668 2818 1948 2885 imposuit,
1972 2818 2134 2886 idque
2159 2828 2348 2872 saneto

779 2930 878 2968 suo
907 2914 1122 2966 inunxit
1153 2913 1271 2965 oleo
1296 2950 1311 2975 ,
1368 2911 1519 2963 solus
1551 2910 1636 2962 ille
1674 2909 1871 2970 bonus,
1917 2908 1968 2960 in
2033 2909 2348 2962 miscricor-

777 3006 867 3058 dia
903 3017 955 3058 et
1003 3005 1202 3072 abysso
1256 3003 1608 3070 benignitatis
1654 3001 1968 3069 opulentus,
2000 3015 2032 3052 o
2087 3009 2349 3053 coronate

779 3097 1164 3164 custoditeque
1201 3095 1471 3148 divinitus
1500 3101 1691 3148 sancte
1721 3095 2044 3161 imperator,
2072 3093 2161 3160 qui
2182 3093 2345 3145 etiam

777 3206 842 3243 ex
881 3190 1083 3259 populo
1105 3203 1204 3242 suo
1238 3186 1500 3256 peculiari
1535 3185 1723 3254 deligit
1753 3185 2040 3252 pontiﬁces
2073 3200 2135 3237 ac
2164 3199 2346 3238 sacer-

779 3280 958 3342 dotes,
1001 3287 1058 3331 ut
1087 3292 1185 3346 pro
1210 3275 1609 3337 misericordia,
1644 3275 1776 3336 vita,
1807 3275 2053 3336 victoria,
2094 3273 2346 3341 perenni-

781 3378 914 3432 tate,
979 3384 1130 3436 pace,
1183 3366 1520 3427 valetudine,
1581 3381 1642 3418 ac
1698 3366 1872 3419 salute
1905 3366 2205 3433 majestatis
2243 3372 2349 3416 tua:

778 3458 1059 3512 Christum
1124 3456 1380 3518 amantis,
1437 3463 1491 3508 et
1530 3469 1626 3520 pro
1659 3455 1982 3522 ignorantiis
2015 3455 2222 3522 populi,
2269 3455 2349 3504 iu-

780 3560 1038 3603 cruentas
1080 3549 1181 3615 ipsi
1216 3549 1422 3601 ttostias
1446 3548 1712 3604 oderant:
1748 3563 1921 3600 meam
1957 3563 2176 3615 quoque
2205 3546 2346 3599 servi

785 3641 1028 3704 humilis,
1092 3639 1142 3690 in
1189 3641 1286 3690 hac
1324 3639 1456 3690 liora
1492 3639 1858 3708 precationem
1901 3638 2040 3690 hanc
2071 3637 2346 3696 exaudiat,

781 3741 836 3784 et
870 3740 1130 3798 augustos
1174 3744 1472 3796 sacrosque
1507 3728 1672 3795 pedes
1707 3737 1829 3781 tuos
1859 3727 1910 3779 in
1945 3728 2051 3779 lato
2083 3727 2350 3794 spatioso-

779 3838 887 3890 que
921 3823 1174 3884 collocet,
1223 3820 1520 3887 subjiciens
1564 3819 1642 3872 eis
1681 3833 1872 3872 omnes
1935 3817 2268 3886 alienigenas
2297 3825 2350 3870 et

785 3914 1050 3968 barbaras
1140 3913 1430 3975 nationes;
1512 3925 1713 3978 easque
1788 3925 1887 3963 ceu
1970 3910 2248 3977 pulverem
2309 3924 2339 3961 a

780 4004 917 4057 facie
961 4004 1106 4057 venti
1153 4002 1404 4070 dissipet,
1467 4015 1530 4054 ac
1580 4001 1763 4054 hostes
1819 4007 1941 4052 tuos
1979 3999 2350 4052 internecione

779 4098 1097 4150 deleatzut
1154 4095 1205 4145 in
1243 4092 1512 4162 profunda
1571 4107 1704 4160 pace
1763 4102 1963 4146 sortem
2018 4090 2348 4145 lmreditatis

787 4197 894 4240 tuae
948 4188 1041 4240 tibi
1074 4186 1380 4251 subditam,
1409 4192 1622 4252 gentem
1654 4184 1800 4236 illam
1835 4193 2107 4246 sanctam,
2139 4184 2346 4251 regium

778 4279 1126 4333 sacerdotum
1157 4291 1395 4345 gregem,
1430 4276 1575 4344 regia
1607 4289 1730 4327 cum
1763 4275 2024 4344 dignitate
2051 4289 2114 4328 ac
2143 4276 2352 4344 magni-

781 4371 881 4423 ﬁce
947 4384 1125 4438 regas,
1180 4369 1479 4436 plenasque
1540 4365 1838 4433 gratiarum
1903 4367 2134 4420 actionis
2188 4382 2349 4420 voces

780 4475 999 4515 sursum
1029 4458 1095 4511 ad
1119 4456 1286 4510 Deum
1313 4461 1531 4521 mittas;
1565 4459 1656 4524 qui
1685 4457 1827 4510 diem
1854 4473 2016 4525 supra
2045 4458 2184 4511 diem
2215 4473 2349 4526 pue-

2449 1993 2537 2043 διὰ
2569 1991 2749 2061 χειρὸς
2811 1992 2945 2060 ἐμοῦ
2972 1992 3160 2054 αὑτοῦ,
3189 1991 3281 2044 τοῦ
3332 1993 3480 2044 δεῖνα
3507 1992 3910 2061 πρεσϐυτέρου,
3943 1993 4028 2042 καὶ

2451 2084 2761 2148 ὑποέηφίου
2789 2084 2888 2152 τῆς
2909 2083 3212 2135 θεοσώστου
3247 2084 3453 2144 πῦλεως
3481 2085 3578 2152 τῆς
3607 2083 3777 2147 δεῖνα,
3802 2085 4025 2153 μην“ι....

2451 2175 2544 2227 καὶ
2586 2178 2818 2244 ἐπινεμή
2831 2193 2954 2228 σει..
2967 2214 3002 2228 ..
3017 2217 3028 2230 .

2449 2288 2617 2355 Εὐχή
2651 2288 3176 2354 ἀναγινωσκομένη
3209 2287 3467 2340 ἐνώπιον
3513 2290 3826 2355 ,ϐασιλέως
3869 2294 4028 2357 ποιὰ

2654 2361 3103 2424 μητροπολίτου
3142 2359 3271 2424 ἄρτι
3303 2360 3842 2426 χειροτονηθέντι-ς.

2530 2469 2591 2522 Ὀ
2623 2471 2754 2532 Θεὸς
2780 2472 2807 2521 ὁ
2839 2470 3016 2536 ἅγιος,
3049 2472 3077 2522 δ
3105 2471 3168 2522 ὲκ
3201 2471 3300 2538 τῆς
3333 2471 3501 2524 αὑτοῦ
3536 2471 3848 2542 ἐξαιρετέον
3894 2475 4026 2542 κληο

2450 2561 2724 2630 ρονομίας,
2782 2562 2838 2624 ἐξ
2892 2563 3061 2628 αὐτῆς
3097 2561 3288 2631 νηδύος
3347 2565 3622 2632 μητρικῆς
3659 2563 4027 2632 ἐκλεξάμενος

2451 2670 2508 2704 σε
2544 2654 2623 2712 εἰς
2656 2653 2881 2719 βασιλέα
2900 2652 2995 2704 τοῦ
3019 2655 3393 2722 χριστιανικοῦ
3427 2656 3627 2718 παντὸς
3655 2657 4028 2725 πληρώματος

2457 2747 2552 2796 καὶ
2592 2745 2960 2813 συστήματος,
3005 2745 3098 2796 καὶ
3152 2746 3245 2796 ἐπὶ
3287 2747 3384 2814 την
3417 2746 3568 2798 θείαν
3600 2748 3696 2799 καὶ
3743 2749 3896 2817 ἱερὰν
3933 2752 4030 2818 σὴν

2448 2834 2691 2903 κεφαλὴν
2723 2836 2986 2902 στέφανον
3023 2835 3135 2896 θεὶς
3169 2837 3232 2887 ὲκ
3272 2835 3433 2888 λίθων
3457 2838 3653 2904 τιμίων
3691 2855 4032 2892 κατεσκευα-

2450 2927 2666 2993 σμένον,
2717 2926 2811 2977 καὶ
2863 2925 3067 2993 ταύτην
3115 2925 3279 2993 ἐλαίῳ
3315 2928 3508 2994 χρίσας
3538 2927 3678 2996 ἁγίῳ
3713 2928 3904 2991 αὑτοῦ,
3934 2931 4029 2981 αξ,-

2447 3019 2537 3080 τος
2570 3021 2596 3069 ὁ
2646 3017 2805 3085 μόνος
2861 3018 3084 3084 ἀγαθὸς,
3117 3018 3174 3068 ὲν
3203 3019 3353 3069 ἐλέει
3389 3021 3482 3070 καὶ
3539 3019 3762 3089 ἀίύσσῳ
3803 3025 4034 3090 χρηστὸ-

2447 3126 2607 3176 τητος
2664 3107 2965 3170 πλούσιος,
3019 3107 3312 3159 Θεὸστετῖτε
3373 3111 3744 3180 θεοφρούρητε
3810 3112 4031 3180 βασιλΞῦ

2453 3202 2596 3268 Ξὶείιε,
2631 3202 2658 3251 ὁ
2707 3201 2799 3252 καὶ
2853 3201 2918 3251 ἐκ
2968 3200 3062 3251 τοῦ
3115 3201 3278 3252 αὐτοῦ
3312 3202 3624 3268 περιουσίου
3657 3202 3784 3255 λαοῦ
3857 3204 4031 3256 λαεῶο

2451 3295 2724 3361 ἀρχιερεῖς
2753 3308 2812 3342 τε
2858 3293 2952 3343 καὶ
2987 3293 3168 3361 ἱερεῖς,
3215 3292 3289 3354 ώς
3337 3293 3402 3344 ἂν
3436 3295 3576 3363 ὑπὲρ
3611 3295 3820 3360 ἐλέους,
3866 3298 4033 3364 ζωῆξ,

2452 3386 2628 3451 νίκης,
2661 3383 2942 3450 διαμονῆς,
2971 3385 3218 3451 εἰρήνης,
3247 3385 3478 3449 ὑγιείας.
3507 3387 3601 3436 καὶ
3633 3389 3912 3454 σωτηρίας
3941 3390 4031 3439 τοῦ

2453 3473 2798 3541 φιλοχρίστου
2839 3473 3068 3542 κράτους
3099 3475 3275 3541 ὑμῶν,
3303 3477 3526 3526 καὶτῶν
3550 3476 3643 3528 τοῦ
3672 3478 3802 3530 λαοῦ
3838 3481 4032 3545 ἁγνοτ-

2456 3565 2641 3633 μάτων
2675 3565 2774 3625 τάς
2831 3565 3202 3632 ἀναιμάκτους
3236 3566 3385 3633 αὐτῷ
3412 3566 3600 3628 Θυσίας
3649 3572 4029 3637 προσφέροιεη

2451 3655 2745 3708 ἐπακούσοι
2769 3655 2946 3722 κάμοῦ
2979 3655 3070 3707 τοῦ
3102 3656 3362 3707 ταπεινοῦ
3400 3659 3457 3707 ἐν
3493 3663 3556 3727 τῇ
3587 3659 3707 3728 ῶρᾳ
3739 3662 3913 3730 ταύτῃ
3940 3663 4032 3727 τῆς

2453 3746 2731 3815 παρούσης
2790 3746 2976 3814 εὐχῆς,
3033 3747 3125 3797 καὶ
3187 3749 3372 3815 στήσοι
3408 3750 3531 3809 τοὺς
3588 3748 3905 3817 βασιλικούς
3946 3770 4033 3804 σου

2453 3840 2628 3900 θείους
2691 3839 2856 3896 πόδας
2918 3840 2976 3888 ἐν
3039 3839 3360 3908 εὐρυχώρῳ,
3429 3841 3703 3904 ὑποτάξας
3764 3845 3946 3896 πάντα
3973 3847 4036 3896 τα

2453 3932 2727 3999 ἀλλόφυλα
2759 3933 2852 3983 καὶ
2893 3931 3146 4000 βάρὶταρα
3196 3933 3287 3983 ὑπ’
3337 3935 3535 3994 αὐτοὺς
3565 3935 3716 4003 ἔθνη,
3759 3938 3855 3987 καὶ
3906 3937 4034 3988 ὡσεὶ

2452 4024 2734 4092 χοῦνκατα
2754 4023 3044 4090 πρόσωπον
3065 4023 3267 4090 ἀνέμου
3299 4023 3438 4075 αὐτά
3466 4024 3754 4088 λεπτῦναι,
3789 4027 3888 4078 καὶ
3914 4029 4034 4088 τοὺς

2452 4110 2677 4178 ἐχθρούς
2713 4125 2806 4159 σου
2827 4108 3256 4176 ὲξολοθρεύσειεν
3278 4127 3290 4140 ’
3329 4113 3412 4163 ἵνα
3443 4115 3500 4163 ὲν
3529 4115 3720 4184 εἰρήνῃ
3745 4115 3943 4185 βαθείᾳ
3981 4116 4036 4166 τδ

2451 4202 2548 4267 τῆς
2608 4202 2706 4266 σῆς
2744 4200 3111 4269 κληρονομίας
3162 4204 3401 4272 ὑπήκοον
3441 4206 3754 4272 σχοίνισμα,
3781 4210 3841 4259 τὸ
3886 4209 4035 4274 ἅγιον

2453 4289 2624 4351 ἔῦνος,
2649 4288 2710 4340 τὸ
2739 4289 3006 4356 βασίλειον
3044 4292 3363 4359 ἱεράτευμα,
3401 4293 3695 4359 βασιλικῶς
3732 4312 3791 4346 τε
3809 4299 3906 4348 καὶ
3941 4313 4035 4366 με-

2453 4382 2818 4448 γαλοπρεπῶς
2846 4382 3121 4445 διιθὺνοις,
3147 4384 3244 4434 καὶ
3289 4386 3745 4455 εὐχαριστηρίους
3784 4391 4038 4454 ἀναπέμο

2459 4490 2581 4535 ποις
2611 4474 2796 4540 φωνάς
2830 4474 2905 4541 τῷ
2931 4474 3142 4541 Θεῷ,δς
3173 4477 3386 4546 ἡμέραν
3421 4479 3740 4548 ἐφ’ήμὲρας
3775 4481 3874 4548 τῆς
3909 4500 4040 4551 κρα-

780 4551 983 4620 potenti
1016 4557 1329 4616 sanctasque
1362 4549 1630 4616 majestati
1667 4559 1773 4601 tua:
1805 4547 2047 4615 adjiciat,
2082 4557 2134 4602 et
2174 4564 2348 4603 annos

2456 4568 2619 4627 ταιᾶς
2650 4568 2743 4617 καὶ
2764 4566 2924 4631 ἁγίας
2949 4567 3050 4632 σῆς
3074 4567 3355 4633 βασιλείας
3387 4571 3708 4640 προσθήσοι,
3733 4575 3830 4624 καὶ
3849 4573 3947 4643 ἒτη
3975 4577 4040 4625 τα

780 4649 905 4694 tuos
935 4650 1228 4694 conservet
1265 4641 1320 4692 in
1381 4639 1790 4707 generationem
1839 4648 1894 4692 et
1922 4640 2348 4708 generationem,

781 4743 943 4801 teque
982 4747 1211 4800 regnare
1241 4731 1370 4784 velit
1403 4746 1577 4799 usque
1611 4727 1677 4782 ad
1713 4729 1847 4782 ﬁnes
1905 4731 2192 4798 praesentis
2253 4745 2354 4784 see-

783 4822 916 4881 culi,
945 4835 1009 4873 ac
1044 4835 1229 4874 semen
1267 4827 1419 4872 tuum
1453 4820 1504 4871 in
1538 4827 1795 4887 perpetua
1825 4821 2175 4874 successione
2204 4821 2353 4888 paci-

787 4911 885 4962 tice
911 4921 1218 4964 conservet.
1258 4911 1430 4963 Etiam
1472 4911 1581 4972 tiat,
1617 4912 1727 4972 fiat,
1780 4913 2126 4979 omnipotens
2185 4910 2350 4977 Dens,

785 5012 840 5056 et
865 5018 990 5055 cum
1017 5003 1119 5055 hoc
1149 5011 1366 5055 terreno
1393 5016 1558 5070 regno
1590 5003 1832 5058 cmlestis
1857 5018 2074 5072 quoque
2099 5005 2246 5074 regni
2275 5006 2350 5057 tui

785 5096 1084 5168 participes
1114 5109 1211 5148 eos
1246 5092 1467 5147 efﬁcias.
1503 5094 1767 5158 Quoniam
1798 5109 1958 5149 omne
1991 5096 2194 5149 donum
2228 5113 2354 5165 per-

787 5187 988 5241 fectum
1027 5187 1169 5254 apud
1200 5196 1250 5240 te
1270 5187 1445 5240 solum
1487 5187 1650 5240 Deum
1686 5196 1791 5248 est,
1824 5191 1914 5255 qui
1948 5196 2165 5242 nostras
2187 5189 2352 5242 etiam

783 5291 980 5344 preces
1009 5276 1254 5345 perticis:
1288 5279 1375 5331 cui
1408 5279 1670 5347 competit
1701 5277 1881 5331 omnis
1912 5280 2102 5348 gloria,
2155 5279 2350 5342 honor,

784 5373 1035 5427 adoratio
1073 5381 1126 5424 et
1159 5371 1442 5440 imperium
1478 5381 1761 5436 :rternum,
1810 5374 1874 5428 ad
1934 5373 2143 5426 iutinita
2178 5389 2351 5443 usque

783 5465 1000 5520 saecula.
1031 5463 1219 5518 Amen.

2455 4661 2521 4708 σα
2555 4660 2950 4727 συντηρήσειεν
3001 4661 3104 4721 ἓως
3137 4663 3329 4725 γενεᾶς
3363 4662 3459 4712 καὶ
3502 4665 3714 4728 γενεᾶς,
3756 4667 3853 4716 καὶ
3886 4666 4041 4734 βασι-

2452 4748 2629 4799 λεύειν
2675 4749 2992 4818 εὐδοκήσειε
3047 4751 3210 4820 μέχρι
3263 4754 3552 4822 τερμάτων
3616 4755 3712 4806 τοῦ
3766 4760 4040 4827 παρίντος

2453 4839 2670 4901 αἰῶνος,
2707 4840 3154 4911 ἀλληλοδιάδοχον
3181 4844 3455 4912 διατηρῶν
3491 4847 3785 4914 εἰρηνικῶς
3815 4851 4040 4918 σπέρμα

2455 4928 2512 4978 τὸ
2542 4929 2652 4982 σόν.
2683 4930 2791 4980 Ναὶ
2825 4930 2933 4998 μὴν
2959 4931 3187 4996 γένοιτο,
3224 4933 3454 4997 γένοιτο,
3490 4933 3590 4985 Θεὲ
3611 4939 4037 5007 παντοκράτωρ,

2459 5020 2552 5070 καὶ
2589 5020 2685 5071 σὺν
2721 5023 2785 5088 τῇ
2812 5021 3040 5090 ἑπιγείῳ
3074 5022 3244 5092 ταύτῃ
3276 5022 3542 5094 βασιλεία,
3593 5029 3687 5078 καὶ
3717 5027 3822 5094 τῆς·
3876 5031 4042 5081 ἐπου-

2463 5107 2647 5176 ρανίου
2693 5109 2792 5176 σῆς
2837 5110 3032 5171 αὐτοὺς
3093 5109 3382 5174 ἀξιώσειας
3435 5113 3731 5182 βασιλείας.
3770 5119 3898 5171 Ὀτι
3949 5124 4040 5172 καὶ

2461 5202 2568 5251 πᾶν
2599 5199 2830 5269 δώρημα
2847 5201 3054 5252 τέλειον
3088 5202 3239 5268 παρὰ
3301 5205 3383 5256 σοί
3425 5207 3542 5257 ἐστι
3596 5206 3671 5274 τῷ
3705 5212 3858 5279 μόνῳ
3898 5211 4037 5282 Θεῷ,

2458 5285 2534 5355 τῷ
2572 5288 2793 5350 καὶτὰς
2841 5290 3117 5364 ἡμετέρας
3157 5291 3452 5347 τελειοῦντι
3501 5297 3684 5363 εὐχὰς,
3833 5304 4037 5370 πρέπει

2457 5380 2608 5431 πᾶσα
2631 5379 2781 5441 δόξα,
2810 5379 2966 5449 τιμὴ,
2991 5383 3086 5434 καὶ
3116 5383 3510 5454 προσκύνησις,
3541 5389 3636 5439 καὶ
3665 5391 3870 5457 κράτος
3902 5394 4035 5447 αἰώ-

2457 5488 2590 5535 νιον,
2623 5472 2701 5534 εἰς
2731 5473 2855 5535 τοὺς
2886 5473 3088 5538 αἰῶνας
3119 5475 3226 5529 τῶν
3257 5476 3487 5530 αίὼνων.
3530 5480 3722 5550 Ἀμήν.
