4198 6444
741 408 880 496 iis:

729 620 1031 689 cinguntur
1088 618 1334 683 corollis,
1393 634 1517 674 cum
1578 634 1698 688 quae
1771 618 2208 688 patriarcharum
2269 624 2323 670 et

731 710 1102 781 insperatricis
1158 722 1309 777 sunt,
1363 729 1474 768 uno
1524 713 1690 784 quasi
1729 711 2036 781 sepimcnto
2083 711 2322 765 circum-

729 805 948 857 dentur.
993 804 1100 858 Sed
1130 805 1275 861 dicet
1301 807 1573 876 quispiam
1602 823 1614 858 :
1649 805 1731 858 Sit
1765 804 1864 869 ita,
1890 819 2043 858 sane.
2080 803 2322 856 Conces-

730 909 850 947 sum
879 901 1020 956 esto,
1048 895 1301 952 lucernas
1331 895 1726 966 patriarcbales
1757 891 1982 947 accendi
2017 906 2112 961 per
2139 891 2315 958 ignem

729 994 811 1038 tot
837 985 1219 1055 traditionum,
1243 989 1355 1043 veri
1390 988 1627 1058 speciem
1658 986 1998 1040 habentium.
2030 983 2136 1038 Sed
2171 982 2316 1036 unde

731 1076 1037 1146 profectum
1067 1089 1169 1144 est,
1194 1081 1337 1148 quod
1366 1079 1572 1136 eisdem
1608 1095 1672 1134 ex
1703 1087 1931 1148 argento
1953 1075 2038 1131 vis
2065 1075 2313 1146 quaedam

649 1237 652 1240 ῃ
730 1166 996 1220 accedat?
1031 1165 1368 1232 Suﬂiciebat,
1403 1168 1670 1223 duntaxat
1707 1167 2068 1222 ecclesiarum
2120 1163 2318 1234 capiti-

731 1258 834 1313 bus
892 1274 987 1327 per
1047 1260 1331 1327 lampadas
1392 1261 1698 1330 maiestatis
1755 1259 1959 1328 aliquid
2024 1257 2308 1318 accedere,

731 1361 894 1420 atque
924 1351 1145 1406 interim
1178 1367 1295 1418 eos,
1324 1352 1419 1422 qui
1451 1361 1722 1422 vagantur
1753 1353 1806 1404 in
1837 1349 2055 1413 exsilio,
2093 1356 2147 1402 et
2177 1363 2312 1418 pau-

729 1457 887 1511 peres
917 1448 1066 1503 sunt,
1093 1455 1212 1495 eam
1247 1442 1318 1495 ob
1353 1455 1577 1496 causam
1611 1456 1719 1494 non
1752 1439 1961 1494 vexari.
1991 1437 2312 1506 Responde-

731 1547 874 1594 nius,
928 1531 1210 1600 piissimos
1271 1531 1656 1600 imperatores,
1721 1537 1776 1584 et
1831 1529 2308 1584 sanctissimorum

729 1623 1164 1692 patriarcharum
1211 1624 1547 1694 quinariuin,
1602 1637 1724 1678 esse
1769 1622 1977 1677 similes
2024 1619 2304 1692 agricolis,

727 1717 1160 1772 consistentibus
1221 1717 1275 1770 in
1339 1733 1464 1772 area
1533 1716 1790 1770 frumenti
1859 1715 2180 1785 largitrice,
2243 1726 2305 1765 ac

727 1809 1030 1863 ventilabro
1064 1807 1343 1862 unctionis
1370 1807 1723 1862 vitiositatem
1757 1822 1855 1860 ceu
1897 1807 2082 1875 paleas
2119 1814 2304 1858 exter-

729 1901 982 1965 minare,
1038 1909 1091 1954 et
1141 1899 1397 1953 virtutem
1453 1914 1550 1953 ceu
1602 1913 1772 1969 grana
1830 1899 2089 1968 colligere
2146 1913 2158 1949 :

729 1993 938 2048 similes
1007 2007 1131 2047 csse
1209 1992 1417 2046 normis
1485 1998 1632 2045 recta
1703 1990 1891 2044 circuli
1961 1988 2305 2059 superﬁciem

730 2083 1056 2140 libranlibns
1112 2092 1168 2137 et
1241 2091 1493 2137 centrum
1547 2096 1643 2150 per
1694 2081 1926 2150 justitia:
1976 2079 2159 2133 radios
2196 2079 2308 2133 col-

729 2175 1088 2231 lustrantibus
1127 2190 1141 2228 :
1185 2177 1268 2230 vel
1309 2173 1572 2229 maritimi
1607 2175 1808 2242 navigii
1849 2173 2008 2228 malis
2048 2187 2113 2227 ac
2146 2171 2302 2234 velis,

725 2272 853 2325 dum
888 2269 1260 2339 imperatoriis
1289 2267 1558 2329 consiliis.
1593 2275 1646 2321 ct
1677 2265 1967 2336 prmceptis
2000 2262 2305 2333 spirituali-

726 2363 828 2417 bus
885 2361 1135 2433 cymbam
1197 2360 1384 2414 mundi
1450 2358 1614 2429 hujus
1675 2357 2002 2413 incolumem
2062 2365 2302 2411 servant.

726 2455 846 2522 Quo
880 2456 959 2516 tit,
1003 2463 1062 2508 ut
1102 2469 1227 2508 cum
1259 2454 1473 2524 exiguis
1517 2467 1710 2524 magna
1756 2459 2139 2523 comparantes
2174 2450 2303 2505 reli-

725 2549 1025 2619 giosissimi
1058 2550 1446 2620 imperatores,
1478 2558 1643 2620 atque
1670 2549 1813 2603 inter
1840 2558 2062 2603 sanctos
2093 2546 2301 2613 Patres,

723 2638 909 2697 eximii
952 2639 1159 2711 quique
1207 2641 1524 2696 necessario
1571 2639 1886 2703 statuerint,
1937 2639 2040 2694 ista
2092 2640 2305 2693 ratione

721 2730 1071 2784 eomitandos
1103 2745 1226 2786 esse
1260 2747 1492 2800 magnos
1528 2731 1840 2801 pontiﬁces,
1878 2732 2106 2801 parique
2144 2729 2305 2783 modo

723 2825 836 2872 tam
885 2820 1230 2889 opulentum,
1270 2835 1431 2891 quam
1481 2836 1777 2893 pauperem
1829 2821 2138 2876 habendum
2183 2837 2198 2875 :
2244 2828 2302 2874 ut

724 2921 888 2965 rectm
924 2911 1148 2980 quidem
1201 2911 1459 2967 doctrina:
1510 2921 1838 2976 sectatores,
1879 2914 2007 2967 dum
2049 2926 2300 2983 magnam

725 3003 875 3056 illam
901 3011 956 3057 et
988 3010 1276 3074 augustam
1311 3019 1564 3074 pompam
1611 3005 1746 3060 solis
1794 3005 2217 3074 imperatoribus
2251 3013 2304 3061 et

727 3094 1059 3167 patriarchis
1104 3095 1347 3149 exhiberi
1391 3095 1596 3161 vident,
1644 3096 2058 3150 convenientem
2101 3097 2304 3166 gratia-

725 3204 846 3245 rum
871 3189 1144 3244 actionem
1170 3187 1347 3243 instar
1373 3188 1509 3258 grati
1534 3186 1768 3253 sumtus,
1789 3187 2021 3243 oﬂ‘erant
2047 3186 2302 3250 Domino,
2329 3223 2374 3287 Ο

722 3281 816 3351 qui
853 3280 998 3334 intra
1026 3287 1278 3334 centrum
1321 3276 1612 3332 mundana:
1639 3275 2067 3348 pulchritudinis
2109 3275 2302 3331 defen-

723 3387 881 3427 sores
930 3370 1050 3443 ejus
1107 3371 1418 3442 gloriﬁcat;
1468 3376 1636 3436 utque
1683 3369 1824 3425 ﬂexo
1862 3384 2002 3440 genu
2052 3376 2240 3439 petant
2274 3384 2304 3422 a

727 3463 978 3529 Domino,
1025 3476 1136 3531 quo
1184 3460 1406 3531 tropaeis
1467 3459 1841 3528 imperatoriis
1893 3460 2149 3514 universa
2198 3459 2305 3513 sub

724 3556 840 3612 sole
885 3555 1048 3611 tellus
1096 3554 1472 3618 collustretur,
1514 3560 1568 3608 et
1617 3551 2003 3622 patriarehicis
2049 3551 2304 3621 precibus

723 3656 958 3704 terrenae
991 3659 1079 3702 res
1103 3645 1437 3701 irradientur
1469 3661 1482 3698 :
1521 3652 1573 3698 at
1598 3659 1729 3699 vero
1761 3644 1990 3698 diversae
2019 3642 2302 3698 sententia:

720 3749 1050 3805 sectatores,
1099 3739 1192 3810 qui
1244 3737 1484 3809 potentia
1520 3751 1618 3794 sua
1653 3737 1906 3792 nituntur
1940 3778 1955 3803 ,
1993 3744 2048 3792 et
2087 3736 2202 3792 suis
2246 3749 2305 3790 se

720 3833 933 3902 iactant
981 3830 1179 3900 opibus
1236 3828 1552 3898 (simulacra
1601 3841 1834 3897 namque
1879 3826 2124 3898 gentium
2175 3833 2305 3880 sunt

725 3939 921 3980 aurum
953 3931 1010 3977 et
1040 3920 1351 3992 argentum)
1389 3919 1456 3973 ad
1507 3921 1581 3985 id,
1626 3919 1770 3990 quod
1819 3919 2086 3985 cernitur,
2130 3932 2306 3973 caecu-

727 4020 866 4069 tiant
912 4031 929 4068 :
972 4021 1031 4068 et
1085 4026 1418 4068 excusorum
1467 4025 1633 4080 opera
1689 4025 1824 4063 vana
1879 4015 2042 4078 atque
2092 4007 2302 4062 inutilia

725 4105 1067 4169 existiment,
1095 4102 1495 4174 mundanaaque
1521 4099 1799 4170 Opinionis
1827 4114 2074 4154 munera.
2100 4097 2162 4152 Et
2191 4100 2305 4154 hmc

724 4197 946 4268 quidem
973 4195 1040 4250 de
1072 4195 1418 4266 lampadibus
1450 4191 1850 4264 patriarchicis.
1881 4191 2150 4256 Quoniam
2177 4208 2305 4247 vero

728 4288 978 4348 baculus,
1019 4295 1075 4340 et
1113 4299 1328 4350 saccus,
1373 4293 1426 4339 et
1477 4297 1673 4338 cruces
1717 4283 1984 4352 plurimae,
2035 4282 2303 4351 plenaque

726 4380 908 4434 tunica
965 4378 1154 4449 ﬁguris
1197 4392 1416 4448 gamma
1471 4376 1705 4431 litteram
1763 4375 2300 4444 reprasentantibus,

726 4472 1148 4543 patriarcbalem
1206 4472 1556 4525 sanctitatem
1623 4467 1793 4523 solam
1854 4468 2181 4531 nobilitant,
2241 4483 2304 4524 ac

2044 411 2184 472 JUS
2219 407 2667 468 CANONICUM

731 523 893 594 lium)
933 540 947 574 :
993 523 1197 578 idcirco
1243 523 1393 582 faces
1437 525 1828 595 imperatorum
1868 524 2104 596 genuinis
2137 521 2308 577 aureis

2427 519 2740 590 διαχρύσοις
2805 522 3260 592 περιζωννύονται
3299 522 3690 594 στεφανώμασι
3726 542 3736 554 ·

2221 1895 2303 1950 vel
2338 1873 2378 1927 Β

3879 411 4010 476 1108

3789 528 3896 578 τῶν
3958 528 4010 578 (Σὲ

2429 612 2786 683 πατριαρχῶν
2827 616 2920 666 καὶ
2947 614 3049 682 τῆς
3074 613 3393 686 βασιλίσσης
3429 616 3508 668 ἐνὶ
3541 617 4011 670 κατακυκὶιῦνται

2425 701 2792 773 θριγγώματι.
2845 705 2984 758 Ἀλλ’
3033 707 3152 776 ἐρεῖ
3196 724 3276 770 τις
3302 723 3315 736 ·
3354 706 3557 760 Ἔστω·
3590 707 3847 772 δεδόσθω,
3916 711 4011 772 τὰς

2425 798 2834 866 πατριαρχικάς
2868 799 3163 869 λαμπάδας
3191 799 3533 854 ἀνάπτεσθαι
3573 802 3708 871 πυρὶ
3738 801 4011 854 τοσούτων

2421 886 2799 954 εὐλογοφανῶν
2834 890 3207 959 παραδόσεων.
3261 891 3334 944 Τὸ
3381 879 3588 955 ταύτας
3638 893 3698 958 ἐξ
3760 893 4010 963 ἀργύρου

2421 977 2888 1047 περιζωννύεσθαι
2918 981 3170 1052 δύναμιν,
3215 983 3381 1036 πόθεν
3438 984 3815 1056 περιεζώσατο
3845 985 4009 1038 δύναο

2423 1085 2554 1138 μιν;
2583 1071 2782 1140 Ἤρκει
2811 1071 2898 1124 διὰ
2925 1074 3102 1142 μόνων
3136 1073 3245 1127 τῶν
3289 1074 3589 1144 λαμπάδων
3629 1076 3730 1139 τὰς
3765 1076 4009 1146 κεφαλάς

2416 1160 2525 1212 τῶν
2573 1162 2885 1230 ἐκκλησιῶν
2937 1164 3364 1234 μεγαλύνεσθαι,
3399 1168 3492 1220 καὶ
3522 1167 3660 1231 τέως
3698 1168 4010 1237 τοὺςύπερ-

2414 1252 2598 1322 ορίους
2625 1255 3019 1326 πλανωμένους
3042 1260 3135 1312 καὶ
3165 1258 3582 1330 πενητεύοντας,
3619 1261 3781 1329 χάριν
3811 1261 4005 1313 τούτου

2418 1343 2492 1415 μὴ
2528 1346 2875 1402 σκύλλεσθαι.
2909 1349 3094 1418 Φαμὲν
3125 1347 3240 1415 οὖν,
3294 1351 3368 1415 ὡς
3411 1353 3458 1404 cl
3490 1352 3874 1406 εύσεϐέστατοι
3907 1353 4005 1420 βα-

2415 1436 2603 1504 σιλεῖς,
2637 1440 2731 1492 καὶ
2753 1440 2862 1493 τῶν
2883 1441 3209 1508 ἁγιωτάτων
3256 1443 3616 1513 πατριάρχῶν
3677 1446 3711 1514 ἡ
3774 1446 3999 1507 πεντὰς,

2413 1527 2622 1582 ἐοίκασι
2652 1534 2922 1600 γεωργοῖς
2955 1532 3119 1602 μέσον
3161 1533 3414 1604 ἑστηκόσι
3477 1535 3798 1598 σιτοδότιδος
3857 1537 4004 1589 alw-

2412 1637 2522 1683 vo;.
2575 1626 2670 1676 καὶ
2715 1623 2793 1693 τῷ
2849 1625 3004 1694 πτύῳ
3042 1625 3137 1679 τοῦ
3191 1627 3496 1695 χρίσματος
3545 1626 3641 1695 τὴν
3696 1629 3902 1681 κακίαν
3929 1629 4005 1690 ὡς

2411 1715 2612 1786 ἄχυρον
2638 1717 3046 1785 ὲκφαυλίζουσι,
3069 1718 3161 1770 καὶ
3194 1720 3293 1788 τὴν
3321 1719 3521 1787 ἀρετὴν
3542 1719 3615 1781 ὼς
3649 1719 3850 1772 κόκκον
3875 1736 4004 1772 συν-

2411 1807 2636 1872 άγουσιν
2670 1823 2683 1838 ο
2716 1808 2747 1878 ἢ
2788 1808 3074 1875 διασήταις
3138 1809 3565 1879 ζυγοστατοῦσιν
3616 1811 3872 1874 ἱθυτενῶς
3904 1813 4000 1864 τοῦ

2411 1894 2615 1948 κύκλου
2646 1897 2742 1968 τὴν
2795 1899 3140 1967 ἐπιφάνειαν,
3189 1900 3284 1952 καὶ
3343 1899 3403 1952 τὸ
3467 1900 3687 1970 κέντρον
3713 1917 4001 1970 καταπορ-

2410 1993 2628 2044 σεύουσι
2660 1995 2760 2063 τῆς
2793 1993 3141 2066 δικαιοσύνης
3171 1997 3282 2058 τοῖς
3317 1996 3714 2067 ἀμαρύγμασιν
3737 2013 3752 2027 ·
3802 1997 3835 2066 ἢ
3871 1997 4000 2066 νηὸς

2410 2087 2854 2157 ποντοπορούσης
2916 2089 3078 2152 ἱστοῖς
3115 2089 3208 2141 καὶ
3262 2090 3634 2160 πετάσμασιν,
3682 2091 3740 2141 ἐν
3784 2106 4000 2159 προμη-

2411 2177 2585 2243 θείαις
2621 2179 2948 2249 βασιλικαῖς,
3002 2183 3095 2235 καὶ
3148 2183 3549 2253 παραγγελίαις
3593 2185 3996 2252 πνευματικαῖς

2406 2272 2468 2324 τὸ
2500 2274 2763 2343 κοσμικδν
2801 2276 3026 2327 ἀκάτιον
3072 2275 3322 2340 σώζουσι.
3361 2277 3450 2346 Τῷ
3497 2293 3576 2328 τοι
3617 2277 3712 2328 καὶ
3777 2279 3996 2346 μικρςῖ;

2407 2364 2475 2418 τὰ
2500 2366 2714 2435 μεγάλα
2742 2367 3125 2436 σταθμώμενοι
3157 2369 3265 2421 τῶν
3300 2369 3564 2438 βασιλέων
3586 2370 3634 2420 οἱ
3668 2368 3996 2420 εὐσεϐέστα-

2406 2476 2507 2525 τοι,
2549 2461 2645 2512 καὶ
2676 2459 2783 2512 τῶν
2812 2461 2984 2527 ἁγίων
3033 2461 3292 2530 Πατέρων
3328 2462 3380 2514 οἱ
3417 2460 3775 2533 προῦχοντες,
3807 2461 3996 2531 διωρί-

2409 2567 2570 2604 σαντο
2597 2551 2656 2616 ἐξ
2685 2552 2931 2621 ἀνάγκης
2982 2551 3124 2605 οὕτω
3181 2553 3597 2624 δορυςςορεῖσθαι
3629 2555 3755 2616 τοις
3821 2571 3917 2623 μεξ
3937 2555 3996 2605 i-

2408 2643 2531 2706 λους
2553 2645 2850 2714 ἀρχιερεῖς,
2876 2646 2969 2698 καὶ
2996 2643 3133 2698 εἶναι
3164 2646 3456 2698 ὲπιτοαύτὸ
3483 2646 3739 2698 πλούσιόν
3787 2663 3847 2698 τε
3903 2649 3997 2698 καὶ

2409 2737 2618 2805 πένητα
2644 2753 2658 2768 ⁸
2690 2737 2765 2799 ὼς
2802 2737 2866 2790 ἂν
2893 2739 2941 2789 οἱ
2976 2737 3074 2806 μὲν
3101 2737 3371 2808 δρθάδοξοι
3413 2737 3701 2806 βλέποντες
3751 2738 3812 2790 τὸ
3847 2739 3995 2806 μέγα

2406 2827 2564 2881 τοῧτο
2590 2828 2685 2881 καὶ
2713 2827 3005 2899 σεϐάσμιον
3060 2829 3444 2900 σεμνολόγημα
3505 2830 3655 2898 παρὰ
3713 2830 3994 2898 βασιλεῖαι

2409 2922 2504 2973 καὶ
2535 2919 2905 2991 πατριάρχαις
2938 2922 3119 2990 μόνοις
3151 2921 3588 2990 πολιτευόμενον,
3637 2921 3996 2992 εύχαριστίαν

2408 3012 2670 3081 ἀνάλογον
2698 3012 2772 3074 ὡς
2787 3011 3036 3082 θυμίαμα
3063 3012 3249 3064 δεκτὺν
3279 3011 3355 3082 τῷ
3385 3013 3580 3082 Κυρίῳ
3612 3012 3994 3081 προσῃέρωσι,

2407 3105 2484 3176 τῷ
2551 3105 2718 3174 μέσον
2755 3104 2848 3157 τοῦ
2889 3106 3116 3176 κέντρου
3167 3106 3266 3173 τῆς
3328 3104 3602 3174 κοσμικῆς
3652 3104 3995 3173 ὡραιότητίις

2408 3197 2534 3259 τοὺς
2561 3197 2889 3267 δειρένσορας
2922 3196 3114 3248 τούτου
3145 3195 3420 3260 δοξάζοντι
3450 3213 3465 3228 ·
3519 3197 3610 3248 καὶ
3633 3195 3994 3264 γονυκ).ιτῶσι

2413 3284 2546 3356 πρὸς
2576 3285 2803 3357 Κύριον,
2836 3285 3115 3355 τροπαίοις
3172 3284 3472 3355 βασιλικοῖς
3503 3284 3600 3356 τὴν
3629 3285 3860 3354 ὑψηλιον
3894 3302 3996 3337 και

2407 3375 2808 3447 ταλάμπεσθαι,
2869 3377 2964 3430 καλ⁵
2995 3377 3183 3446 εὐχαῖς
3221 3379 3656 3446 πατριαρχικαῖς
3701 3375 3991 3428 ἀκτινοϐοο

2407 3467 2616 3522 λεῖσθαι
2645 3468 2715 3521 τὰ
2749 3457 3031 3537 ἐπιχθόνια
3059 3482 3074 3498 ο
3111 3469 3159 3520 oi
3193 3468 3248 3520 δὲ
3288 3466 3608 3529 πεποιθότες
3653 3467 3750 3519 ὲπὶ
3801 3470 3868 3538 τῇ
3894 3468 3994 3521 δυο

2407 3561 2568 3631 νάμει
2625 3560 2804 3614 αὐτῶν
2855 3558 3176 3630 ἑτερόδοξοι,
3240 3561 3334 3612 καὶ
3394 3559 3742 3629 καυχώμενοι
3790 3561 3889 3614 ἐπὶ
3915 3561 3995 3631 τῷ

2408 3653 2628 3723 πλούτῳ
2659 3652 2839 3706 αὐτῶν
2874 3653 2963 3723 (τά
3028 3652 3136 3724 γὰρ
3168 3652 3362 3705 εἴδωλα
3411 3652 3520 3706 τῶν
3567 3652 3740 3706 ἐθνῶν
3765 3655 3994 3724 χρυσίον

2407 3745 2514 3798 εἰσὶ
2543 3746 2637 3798 καὶ
2666 3741 2975 3815 ἀργύριον),
3017 3744 3155 3814 πρὸς
3181 3744 3241 3796 τὸ
3265 3743 3543 3815 δρώμενον
3574 3743 3992 3814 άϐλεπτησωσι,

2407 3837 2502 3889 καὶ
2531 3837 2826 3906 νομίσωσιν
2850 3835 2988 3904 ἔργα
3019 3835 3382 3904 χαλκοτύπων
3430 3832 3573 3890 εἶναι
3632 3837 3843 3906 μάταια
3896 3840 3992 3890 καὶ

2406 3932 2658 4000 ἀνόνητα,
2719 3929 2810 3981 καὶ
2869 3927 3137 3997 κοσμικοῦ
3178 3927 3436 3999 δοξαρίου
3492 3929 3831 4000 χαρίσματα.
3879 3931 3994 3984 Καὶ

2404 4019 2576 4074 ταῦτα
2611 4019 2709 4087 μὲν
2747 4017 2875 4088 περὶ
2910 4017 3017 4070 τῶν
3041 4016 3459 4087 πατριαρχικῶν
3491 4018 3812 4086 λαμπάδων.
3836 4019 3993 4072 Ἐπεὶ

2404 4108 2461 4161 δὲ
2497 4108 2592 4160 καὶ
2618 4106 2831 4178 ῥάϐδος,
2874 4107 2967 4159 καὶ
2997 4107 3222 4170 σάκκος,
3277 4109 3372 4160 καὶ
3432 4107 3853 4178 πολυσταύριον,
3897 4113 3994 4165 καὶ

2405 4201 2490 4254 διὰ
2527 4199 2870 4270 γραμμάτων
2902 4201 2951 4230 ⁷⁸
3000 4199 3298 4268 στιχάριον,
3328 4201 3430 4270 τὴν
3459 4203 3868 4272 πατριαρχεκὴν
3897 4206 3993 4256 καὶ

2408 4295 2573 4365 μόνην
2606 4292 2918 4357 δοξάζουσιν
2946 4293 3228 4361 ἁγιότητα,
3272 4291 3487 4346 θέλουσι
3522 4293 3578 4346 δέ
3638 4295 3788 4356 τινές
3844 4312 3992 4346 τισιν

2406 4388 2465 4453 ὲξ
2501 4387 2679 4440 αὐτῶν
2707 4404 2858 4451 τινας
2889 4386 2995 4439 τῶν
3040 4389 3397 4458 πατριαρχῶν
3456 4389 3627 4442 ὲνίοτε
3689 4389 3766 4460 μὴ
3818 4407 3992 4443 κατα-

2407 4481 2804 4544 ποικὶλλεσθαι,
2838 4481 2967 4550 φέρε
3009 4481 3101 4533 καὶ
3134 4480 3263 4550 περὶ
3286 4479 3490 4533 τούτων
3529 4481 3738 4551 βραχέα
3767 4482 3989 4550 φιλοσο-

726 4565 974 4622 nonnulli
1020 4557 1232 4630 volunt,
1269 4562 1536 4632 quosdam
1568 4576 1632 4616 ex
1674 4562 2000 4632 patriarchis
2042 4578 2299 4617 nonnun-

2411 4572 2693 4640 φήσωμεν.
2718 4570 2910 4623 Κλίνον
2929 4571 2986 4622 τὸ
3003 4566 3095 4633 οὖς
3118 4587 3236 4636 σου,
3269 4571 3667 4641 πανιερώτατε,
3700 4573 3794 4623 καὶ
3821 4574 3994 4626 ἄκοι-

724 4673 889 4728 ηιιιιη
933 4656 1207 4728 aliquibus
1249 4658 1442 4710 horum
1484 4671 1590 4709 non
1617 4655 1870 4709 exornari
1911 4671 1923 4706 :
1960 4669 2079 4724 age,
2111 4654 2176 4709 de
2205 4654 2299 4722 his

724 4751 888 4804 etiam
939 4749 1176 4804 breviter
1223 4748 1580 4804 disseramus.
1636 4747 1842 4802 lnclina
1888 4762 2072 4802 aurem
2123 4759 2293 4812 tuam,

723 4840 1093 4906 sanctissime,
1138 4846 1192 4895 et
1241 4853 1326 4893 me
1366 4839 1512 4893 audi.
1555 4838 1676 4893 Non
1723 4840 1868 4895 enim
1921 4839 1975 4892 in
2020 4840 2296 4909 parabolis

726 4933 968 5001 aperiam
1001 4946 1063 4987 os
1095 4945 1296 4996 meum,
1331 4929 1427 4985 sed
1455 4931 1790 4999 questiones
1820 4930 1889 4984 ab
1920 4930 2131 4999 origine
2165 4945 2290 5000 pro-

727 5026 920 5091 feram,
947 5039 1087 5093 quas
1113 5023 1365 5077 divorum
1403 5023 1625 5077 Patrum
1658 5025 1834 5092 gratia
1870 5037 1955 5076 me
1982 5024 2186 5077 docuit.

793 5116 1186 5172 Sanctissimos
1222 5117 1468 5187 quinque
1505 5115 1846 5186 patriarchas
1893 5116 2096 5184 (adhuc
2143 5117 2290 5171 enirn

726 5220 785 5264 ut
811 5210 1011 5265 hedera
1033 5223 1281 5279 quercur,
1306 5210 1386 5264 sic
1416 5208 1529 5278 ipse
1557 5206 1865 5262 concordia:
1893 5222 2043 5278 papae
2067 5207 2300 5263 Romani

725 5301 886 5372 quasi
925 5301 1204 5356 mordicus
1233 5300 1498 5366 inhaareo,
1529 5308 1583 5354 et
1612 5299 1682 5355 ob
1713 5302 2116 5370 separationcm
2149 5303 2297 5358 illius

725 5396 910 5450 animo
933 5394 1164 5458 laceror,
1193 5404 1356 5465 atque
1380 5392 1624 5464 quotidie
1679 5395 2090 5450 conversionem
2125 5395 2297 5463 ipsius

721 5488 994 5558 egregiam
1067 5485 1347 5557 exspecto)
1427 5501 1526 5557 pro
1597 5485 1715 5541 solo
1793 5487 1972 5557 capite
2044 5487 2294 5556 corporis

724 5580 968 5634 omnium
1003 5580 1368 5637 Ecclesiarum
1405 5580 1496 5638 Dei
1532 5580 1899 5652 agnoscimus,
1931 5579 2294 5650 quemadmo-

2410 4663 2501 4715 σόν
2543 4680 2666 4731 μου.
2723 4663 2797 4713 Ού
2821 4663 2928 4730 γὰρ
2957 4662 3013 4713 ἐν
3044 4661 3381 4732 παραϐολαῖς
3437 4662 3634 4727 άνοίξω
3686 4663 3746 4715 τὺ
3813 4668 3991 4735 στόμα

2411 4773 2536 4826 μου,
2569 4755 2712 4810 ἀλλὰ
2744 4754 3045 4824 φθέγξομαι
3081 4753 3446 4824 προϐλήματα
3483 4755 3575 4808 ἀπ’
3628 4755 3830 4826 ἀρχῆς,
3891 4759 3992 4812 ὅσα

2520 4848 2677 4900 θείων
2712 4847 2969 4915 Πατέρων
2997 4846 3156 4915 χάρις
3187 4844 3410 4910 ἐδίδαξε.

2473 5114 2609 5177 Τοὺς
2634 5113 2971 5181 άγιωτάτους
2997 5109 3348 5180 πατριάρχας
3390 5108 3550 5161 πέντε
3583 5107 3699 5179 (καὶ
3739 5108 3820 5161 ἔτι
3879 5111 3989 5180 γάρ

2403 5207 2476 5267 ὡς
2510 5203 2695 5267 κισσὸς
2727 5202 2908 5274 δρυὸς,
2939 5201 3039 5270 τῆς
3068 5200 3321 5271 ὁμονοίας
3376 5199 3470 5252 τοῦ
3528 5200 3684 5252 πάπα
3756 5200 3990 5272 Ῥώμης

2406 5298 2684 5368 ὲξέχομαι,
2710 5298 2804 5350 καί
2827 5295 2905 5362 τῷ
2929 5291 3193 5364 χωρισμῷ
3222 5291 3413 5345 τούτου
3447 5289 3544 5360 τὴν
3575 5291 3808 5362 καρδίαν
3845 5309 3988 5345 σπα-

2409 5390 2696 5460 ράττομαι,
2744 5389 2838 5441 καὶ
2866 5386 2965 5458 τὴν
3013 5385 3186 5455 καλὴν
3243 5384 3580 5453 ἐπιστροφὴν
3635 5383 3989 5454 καθεκάστην

2405 5482 2719 5553 καραδοκῶ)
2753 5485 2884 5552 μίαν
2911 5481 3138 5549 οἴδαμεν
3169 5476 3415 5546 κεφαλὴν
3463 5473 3558 5526 τοῦ
3594 5473 3849 5545 σώματος
3878 5493 3988 5529 πα-

2407 5579 2516 5631 σῶν
2533 5575 2641 5630 τῶν
2681 5575 3016 5646 Ἐκκλησιῶν
3048 5571 3144 5626 τοῦ
3165 5569 3325 5639 Θεοῦ,
3385 5564 3567 5631 καθὼς
3619 5571 3714 5623 καὶ
3775 5569 3986 5623 ἄνωθεν

1959 5755 2195 5813 \‘AlllE
2247 5755 2646 5811 LECTIONES.

795 5855 835 5882 ⁷⁴
860 5852 1184 5925 γαμμάτων.
