4198 6444
759 401 900 464 1175

2054 402 2190 463 JUS
2231 403 2671 464 CANONICUM

3870 403 4006 469 1176

755 522 1069 570 sauctmum
1090 510 1460 578 apostolorum
1492 510 1710 564 divinus
1742 519 1920 565 cmtus
1943 511 2187 582 martyrii
2215 521 2326 566 sta-

2437 512 2734 582 μαρτυρίου
2767 512 2979 565 στάδιον
3040 510 3329 580 τρέχουσα,
3388 512 3733 582 χειροπέδαις
3764 513 3868 583 μὲν
3921 517 4012 568 καὶ

754 609 904 660 dium
933 605 1252 667 decurrens,
1290 601 1520 657 manicis
1553 603 1771 672 quidem
1800 617 1860 656 ac
1888 603 2004 656 loro
2045 601 2327 670 subjectus

757 696 937 756 fuerit,
989 702 1043 748 et
1088 693 1488 763 discipulorum
1544 693 1708 762 pedes
1766 693 2084 746 absterserit
2137 693 2323 753 linteo,

755 795 918 854 atque
972 785 1204 838 Aaronis
1242 783 1499 854 exemplo
1544 784 1782 838 induerit
1829 783 2131 846 humerale,
2181 786 2328 839 tuni-

751 893 868 931 ram
902 877 1152 938 talarcm,
1175 874 1392 945 Ephud,
1424 875 1625 945 quibus
1667 874 1755 927 illa
1784 876 1968 944 prisca
2003 875 2162 945 pellis
2186 873 2329 928 Ada-

751 971 921 1024 miaca:
955 985 1151 1024 massa:
1179 968 1543 1024 denotabatur
1576 987 1590 1022 ι
1623 982 1809 1022 verum
1852 968 2078 1038 sanguis
2107 979 2157 1020 et
2186 981 2326 1035 aqua

749 1080 813 1118 cx
855 1077 1044 1117 eorum
1077 1064 1246 1123 latere
1283 1075 1392 1115 non
1423 1060 1672 1127 defluxit,
1705 1075 1939 1130 quorum
1974 1060 2142 1114 vicem
2175 1074 2327 1130 gam-

750 1155 916 1208 matia
974 1154 1083 1222 (59)
1148 1153 1461 1206 tunicarum
1515 1153 1759 1221 implent.
1821 1149 1931 1204 Nec
1981 1150 2327 1204 contumeliae

749 1247 973 1314 pallium
1015 1244 1335 1300 induerunt.
1365 1243 1473 1299 Nec
1500 1257 1688 1297 eorum
1729 1244 2018 1312 quisquam
2065 1242 2202 1312 lapis
2231 1257 2328 1294 an-

749 1337 957 1403 gularis
1002 1347 1226 1391 vocatus
1264 1336 1388 1399 fuit,
1438 1335 1582 1390 sicut
1635 1335 1897 1389 Dominus
1946 1335 2036 1387 ille
2076 1333 2327 1402 Deusquc

750 1440 957 1483 noster.
1000 1426 1109 1481 Nec
1142 1427 1266 1481 ﬁdei
1302 1427 1567 1481 talentum
1611 1442 1708 1496 per
1749 1426 2042 1494 quemlibet
2082 1424 2324 1491 ipsorum

749 1523 803 1574 iu
834 1520 1152 1575 universum
1202 1519 1392 1573 orbem
1429 1526 1702 1572 terrarum
1744 1517 2032 1570 dilatatum
2067 1514 2192 1575 fuit,
2231 1514 2325 1568 sed

747 1614 836 1666 hic
861 1611 1113 1676 Romam,
1147 1611 1239 1664 ille
1287 1610 1352 1663 ad
1396 1610 1558 1664 Indos
1597 1610 1680 1664 vel
1735 1608 2050 1667 Britannos.
2083 1607 2224 1660 alius
2257 1605 2324 1660 ad

744 1705 932 1758 Gallos
966 1703 1234 1757 doctrinm
1269 1701 1462 1756 latices
1509 1701 1799 1755 derivavit.
1846 1699 2010 1754 Solus
2045 1699 2138 1754 ille
2169 1698 2327 1752 Chri-

747 1807 864 1852 stus
897 1811 959 1852 ac
986 1795 1130 1851 Deus
1173 1803 1361 1850 noster
1391 1795 1584 1849 aderat
1617 1793 1839 1861 ubique,
1879 1802 2040 1860 atque
2069 1793 2322 1845 universa

2431 604 2748 676 φραγγελίῳ
2778 604 3276 674 καθυποϐέϐληται,
3309 606 3404 658 xui.
3429 606 3594 669 πόδας
3627 608 3896 677 μαθητῶν
3927 609 4016 662 διὰ

2431 697 2639 750 λεντίου
2689 697 2995 767 ἀπέσμηξε,
3029 696 3125 750 καὶ
3177 696 3548 751 ἐνεδιδύσκετο
3601 698 3744 752 κατὰ
3798 699 4015 767 Ἀαρὼν

2429 790 2528 859 τὴν
2556 788 2824 859 ἐπωμίδα,
2859 790 2955 841 καὶ
3003 789 3094 840 τὸν
3128 786 3362 858 ποδήρη,
3393 788 3489 841 καὶ⁵
3524 787 3586 840 τὸ
3631 788 3820 855 ὲφοϋδ,
3854 788 3926 840 τὲ
3957 789 4018 840 τὸ

2432 883 2656 950 ἀρχαῖον
2683 881 3016 950 σημαίνοντα
3042 879 3234 932 κώδιον
3265 877 3363 930 τοῦ
3399 879 3718 947 Ἀδαμιαὶου
3749 881 4016 950 φυράμα-

2429 989 2548 1033 τος·
2607 965 2747 1040 αἷμα
2794 971 2851 1023 δὲ
2903 972 2999 1022 καὶ
3046 971 3191 1040 ῦδωρ
3241 971 3306 1022 ἐκ
3337 971 3436 1039 τῆς
3461 970 3705 1042 πλευρᾶς
3724 971 3916 1024 αὐτῶν
3957 973 4015 1024 οὐ

2431 1063 2820 1132 κατὲρῤευσεν,
2852 1055 2927 1115 ὧν
2954 1061 3334 1132 ἀναπληροῦσι
3365 1061 3534 1115 τόπον
3577 1062 3646 1116 τὰ
3678 1063 3790 1115 τῶν
3824 1081 4017 1132 στιχα-

2434 1157 2564 1227 ρίων
2606 1155 2913 1223 γαμμάτια.
2949 1153 3084 1207 Οὐδὲ
3109 1155 3212 1222 τὴν
3243 1154 3467 1223 χλαῖναν
3510 1153 3612 1222 τῆς
3673 1153 3892 1223 ὕϐρεως
3933 1157 4019 1206 ὲν-

2432 1249 2708 1303 εδύσαντο.
2728 1248 2963 1311 Οὐδέτις
2991 1247 3170 1300 αὐτῶν
3197 1246 3344 1309 λίθος
3374 1248 3765 1316 ἀκῳγωνιαῖος
3793 1248 4017 1316 ὠνόμαο

2435 1357 2576 1401 σται,
2631 1341 2706 1401 ώς
2740 1341 2768 1391 6
2807 1338 3011 1408 Κύριος
3041 1338 3136 1389 καὶ
3179 1336 3314 1397 Θεὸς
3368 1338 3548 1406 ἡμῶν.
3606 1338 3743 1390 Οὐδὲ
3798 1339 3863 1389 τδ
3920 1340 4017 1407 τῆς

2431 1431 2667 1492 πίστεως
2699 1428 2962 1483 τάλαντον
2991 1429 3057 1482 δι’
3089 1429 3326 1481 ἑκάστου
3359 1429 3541 1481 αὐτῶν
3593 1431 3672 1492 είς
3706 1431 3894 1482 πᾶσαν
3920 1430 4017 1499 τὴν

2430 1523 2756 1592 οἰκουμένην
2778 1519 3120 1590 ὲφήπλωται,
3152 1518 3266 1573 ἀλλ’
3291 1522 3319 1573 6
3354 1520 3452 1586 μὲν
3474 1521 3533 1572 ὲν
3570 1519 3784 1590 Ῥώμῃ,
3821 1523 3850 1573 6
3870 1521 3929 1574 δὲ
3959 1525 4016 1574 ὲν

2443 1615 2622 1678 Ἰνδοῖς
2644 1614 2676 1684 ἦ
2706 1614 3046 1684 Βρεττανοῖς.
3078 1615 3107 1666 6
3130 1614 3186 1666 δὲ
3202 1617 3257 1668 ἐν
3280 1613 3547 1674 Γαλάταις
3572 1614 3700 1674 τούς
3736 1613 3839 1682 τῆς
3865 1614 4015 1666 διδα-

2432 1706 2659 1768 σκαλίας
2693 1705 3004 1775 μετώχευσε
3035 1705 3294 1768 πίδακας.
3317 1705 3492 1768 Μόνος
3515 1705 3571 1758 δὲ
3595 1707 3624 1758 6
3657 1706 3900 1771 Χριστὸς
3922 1706 4016 1757 καὶ

2429 1799 2564 1860 Θεὸς
2598 1798 2753 1865 ἡμῶν
2804 1794 3078 1866 πανταχοῦ
3110 1796 3313 1865 παρῆν,
3366 1798 3462 1850 καὶ
3507 1798 3682 1866 χαρᾶς
3707 1797 3777 1848 τὰ.
3832 1798 4015 1850 πάντα

747 1888 945 1959 gaudio
991 1885 1461 1958 implebat..Unde
1496 1887 1572 1948 iit,
1611 1893 1667 1937 ut
1717 1883 2049 1938 sanctissimi
2092 1883 2324 1952 patriar-

2434 1889 2763 1958 ἐπλήρωσεν.
2798 1885 2962 1938 Ὅθεν
2991 1884 3087 1937 καὶ
3113 1887 3162 1937 οἰ
3192 1886 3492 1952 ἁγιώτατοι
3527 1887 3895 1956 πατριάρχαι.
3924 1887 4014 1938 τό·

747 1981 883 2042 clm,
915 1980 1005 2048 qui
1040 1986 1355 2032 sanctarum
1393 1975 1767 2030 Ecclesiarum
1793 1975 1992 2044 capitis
2027 1974 2118 2029 Dei
2152 1976 2321 2028 vicem

745 2069 997 2135 implent,
1029 2082 1222 2123 saccos
1249 2066 1502 2130 induant,
1539 2066 1866 2134 tunicasque
1906 2063 2086 2118 ﬂuviis
2122 2079 2184 2117 ac
2225 2064 2324 2117 tri-

746 2159 984 2230 angulis,
1015 2159 1244 2229 pennlas
1271 2158 1460 2213 mttltis
1487 2158 1746 2211 crucibus
1777 2157 2055 2226 depictas;
2089 2169 2150 2208 ac
2178 2155 2324 2224 pari-

746 2263 829 2304 ter
876 2252 931 2304 in
984 2251 1242 2304 omnibus
1301 2248 1563 2304 Ecclesiis
1609 2250 1934 2302 nominatim
1993 2247 2319 2302 referantur.

747 2344 892 2398 Idem
915 2343 1135 2407 baculo,
1181 2343 1402 2411 perinde
1423 2357 1486 2395 ac
1503 2341 1772 2395 arundine
1795 2340 2049 2395 Christus
2076 2339 2323 2408 Deusque

745 2445 956 2498 noster,
989 2433 1314 2503 spectabiles
1351 2448 1472 2488 sese
1509 2431 1762 2487 reddunt.
1805 2430 2000 2484 Ca-teri
2040 2430 2323 2499 pontiﬁces

745 2538 799 2581 ct
864 2527 1160 2589 antistites,
1210 2525 1436 2595 perinde
1492 2540 1557 2579 ac
1618 2525 1800 2576 Aaron
1853 2523 1940 2576 illa
1989 2523 2160 2592 virga,
2203 2537 2324 2591 qua:

747 2621 927 2692 magni
962 2619 1208 2690 mystcrii
1246 2617 1590 2688 signiﬁcandi
1612 2631 1777 2672 causa
1809 2615 2013 2676 floruit,
2035 2615 2116 2669 vel
2150 2615 2323 2669 instar

746 2712 925 2783 magni
959 2711 1106 2766 illius
1137 2710 1368 2780 apostoli
1424 2709 1594 2771 Petri,
1633 2709 1724 2776 qui
1766 2724 1830 2763 ex
1863 2707 1983 2777 ipso
2023 2706 2132 2761 Deo
2165 2707 2323 2760 audi-

746 2807 844 2869 vit,
873 2804 1043 2858 Pasce
1076 2817 1206 2857 oves
1235 2815 1406 2857 meas.
1438 2799 1506 2854 Et
1531 2799 1794 2870 quoniam
1837 2814 1968 2853 vero
2001 2807 2086 2852 est
2120 2799 2320 2862 simile,

746 2895 1058 2965 quempiam
1103 2892 1463 2960 interrogare,
1505 2903 1627 2958 quae
1652 2887 1905 2942 vocabuli
1937 2901 2073 2957 papa
2114 2888 2322 2956 signiti-

746 2987 891 3040 catio
940 2988 1032 3049 sit,
1069 2999 1190 3053 quae
1234 2982 1602 3052 patriarchae,
1635 2997 1758 3051 qua:
1795 2980 2239 3049 archiepiscopi;
2271 2988 2324 3032 et

746 3077 1103 3148 quamobrem
1173 3076 1368 3129 horum
1446 3073 1692 3144 quinque
1762 3072 2006 3142 capitum
2089 3070 2322 3126 facultas

746 3178 910 3239 atque
944 3165 1386 3236 privilegiasint
1430 3163 1644 3228 eadem,
1688 3163 1765 3218 uti
1807 3163 2148 3218 declaratum
2197 3161 2319 3226 fuit,

746 3275 870 3315 cum
924 3258 1244 3314 eorumdem
1293 3257 1513 3311 nomina
1557 3257 1667 3311 sint
1710 3257 1929 3311 diversa

746 3355 830 3406 rio
885 3353 1202 3423 putavimus
1243 3350 1438 3405 horum
1472 3364 1693 3420 quoque
1742 3349 1891 3405 velut
1946 3349 2151 3417 apicem
2210 3356 2325 3402 tan-

745 3444 1001 3516 gendum.

815 3539 971 3608 Apud
1016 3537 1245 3594 Latinos
1288 3552 1427 3608 papa
1471 3537 1679 3592 dicitur
1716 3536 1897 3590 Pater.
1938 3535 2002 3588 Et
2038 3535 2180 3605 apud
2225 3533 2323 3587 1η-

747 3633 895 3687 deos
921 3631 1238 3702 patriarcha
1274 3629 1480 3684 dicitur
1506 3629 1759 3698 princeps
1789 3627 1905 3682 sive
1929 3625 2092 3681 Pater
2115 3625 2324 3694 patria-

746 3739 890 3777 rmn.
940 3722 1208 3777 Similiter
1257 3720 1741 3788 archiepiscopus,
1789 3717 1892 3772 erit
1939 3719 2323 3787 episcoporum

748 3816 928 3870 l‘ater.
965 3813 1116 3867 Licet
1161 3827 1291 3881 ergo
1329 3825 1506 3880 papm,
1542 3809 1869 3879 patriarchae
1899 3851 1912 3873 .
1956 3819 2008 3864 et
2055 3807 2328 3877 archiepi-

748 3907 897 3974 scopi
959 3905 1306 3973 significata,
1369 3903 1570 3973 linguae
1623 3902 1836 3955 ratione
1895 3901 2111 3954 diversa
2167 3909 2323 3961 sunt,

748 4000 902 4052 nullo
950 4007 1131 4051 tamen
1181 3995 1342 4050 modo
1385 4001 1654 4064 potestate
1707 3992 1986 4047 differunt.
2049 3991 2328 4057 Quamob-

749 4106 863 4144 rem
944 4104 1134 4142 omnes
1214 4089 1377 4142 etiam
1450 4086 1727 4141 communi
1790 4087 2012 4139 nomine
2091 4086 2327 4153 patriar-

748 4184 866 4237 chze
938 4182 1219 4235 dicuntur.
1295 4178 1532 4233 Sanctus
1585 4177 1806 4247 quidem
1883 4177 1974 4231 illc
2043 4175 2325 4236 Silvestcr,

747 4277 840 4343 qui
899 4275 1107 4342 prinms
1162 4272 1350 4325 Roma:
1397 4269 1770 4340 pontiﬁcatum
1825 4269 2085 4331 obtinuit,
2135 4278 2185 4322 et
2233 4269 2324 4336 qui

749 4367 958 4434 primus
989 4361 1290 4416 Antiochia:
1327 4358 1568 4429 pontifex
1603 4357 1704 4412 fuit
1732 4357 1974 4422 Evodtls,
2013 4372 2120 4410 nun
2150 4355 2248 4409 abs
2270 4369 2328 4407 re

749 4459 936 4510 Patres
969 4453 1223 4523 appellati
1265 4450 1440 4505 fuere.
1482 4449 1697 4519 Quippe
1726 4449 1959 4503 necdum
1983 4455 2140 4502 erant
2171 4445 2332 4516 patri-

750 4550 966 4611 archm,
1017 4546 1108 4614 qui
1156 4559 1184 4598 a
1223 4542 1478 4597 Patribus
1525 4544 1914 4598 instituuntur.
1968 4539 2234 4594 Similiter
2274 4550 2328 4591 et

749 4639 1157 4696 Alexandrinus
1205 4646 1489 4707 prapterea
1537 4645 1765 4689 vocatus
1811 4634 1911 4687 fuit
1963 4648 2135 4702 papa,
2183 4630 2328 4700 quod

749 4741 977 4788 sanctus
1028 4731 1118 4785 ille
1171 4728 1412 4798 Cyrillus
1458 4727 1512 4780 in
1562 4727 1723 4781 tertia
1791 4723 2326 4796 synodo.privilegia

750 4838 906 4894 papas
957 4820 1212 4882 Romani,
1257 4815 1542 4872 leestini
1587 4815 1815 4875 scilicet,
1856 4813 2152 4882 acceperit.
2188 4810 2325 4865 Cum

750 4924 931 4968 autem
996 4913 1185 4979 religio
1215 4910 1328 4980 jam
1381 4917 1675 4979 pervagata
1723 4907 1917 4962 {uisset
1988 4905 2121 4960 lines
2177 4905 2329 4959 orbis

751 5019 1049 5068 trrrarum,
1092 5013 1152 5058 ut
1184 5003 1318 5058 urbs
1356 5002 1468 5056 fere
1514 5000 1770 5070 quaelibet
1813 5000 2133 5069 episcopum
2188 4998 2332 5052 obti-

752 5099 1152 5166 nuissetzipsa
1203 5095 1423 5165 pietatis
1474 5093 1610 5146 ratio
1662 5093 1943 5161 poscebat,
1976 5099 2034 5143 ut
2076 5089 2333 5145 llicroso.

755 5191 918 5260 Iymis
947 5188 1111 5241 etiam
1153 5187 1328 5240 honos
1364 5182 1680 5243 haberetur,
1722 5183 1792 5233 ob
1824 5181 2107 5234 cruciatus
2145 5193 2332 5233 sacro.

756 5291 976 5335 sanctos
1012 5287 1065 5334 et
1114 5279 1428 5347 sepulcrum
1453 5271 1666 5328 Domini
1712 5275 1882 5327 nostri
1924 5272 2052 5328 Jcsu
2100 5272 2330 5326 Christi.

749 5373 885 5427 Nam
916 5384 1110 5441 magna
1161 5370 1352 5424 isthmc
1375 5369 1508 5422 urbs
1537 5366 2041 5434 Constantinopolis
2065 5365 2173 5430 jam
2208 5374 2335 5416 ante

757 5469 1019 5521 honorem
1074 5465 1408 5525 obtinuerat,
1459 5462 1532 5513 uti
1580 5476 1744 5528 supra
1796 5459 2003 5510 dictum
2040 5457 2160 5520 fuit,
2205 5471 2332 5524 pro-

1996 3273 2008 3307 :
2071 3270 2322 3311 necessa-
2354 3247 2396 3302 C

2431 2000 2532 2035 πον
2561 1978 2998 2048 ἀναπληροῦντες
3036 1978 3134 2046 τῆς
3160 1978 3405 2047 κεφαλῆς
3439 1979 3548 2031 τῶν
3576 1979 3750 2048 ἀγίων
3772 1981 4014 2050 Ἐκκλη-

2435 2073 2565 2128 σιῶν
2600 2071 2691 2125 τοῦ
2743 2071 2903 2136 Θεοῦ,
2950 2070 3353 2124 ἑνδιδύσκονται
3401 2071 3661 2134 σάκκους,
3719 2073 3816 2124 καὶ
3869 2072 4015 2136 μετᾶ

2435 2163 2713 2234 ποταμίων
2735 2163 2830 2215 καὶ
2858 2162 3162 2234 τριγωνίων
3193 2163 3464 2234 στιχάρια,
3495 2164 3584 2215 καὶ
3603 2163 3689 2216 διὰ
3708 2163 4016 2216 πολυσταυ·

2435 2258 2564 2325 ρίων
2597 2253 2866 2323 φαινόλια,
2902 2253 2997 2304 καὶ
3028 2253 3106 2314 εἰς
3136 2251 3316 2314 πάσας
3352 2252 3450 2314 τὰς
3511 2253 3839 2321 Ἐκκλησίας
3873 2253 4015 2305 κατά

2430 2345 2627 2398 ταύτὸν
2651 2342 3036 2412 ἀναφέρονται.
3068 2341 3146 2411 Τῇ
3180 2341 3235 2392 δὲ
3271 2341 3472 2410 ῥάϐδῳ,
3507 2341 3582 2404 ὡς
3603 2343 3630 2394 6
3662 2342 3901 2411 Χριστος
3922 2343 4016 2393 καὶ

2430 2439 2561 2501 Θεὸς
2583 2437 2740 2506 ἡμῶν
2769 2435 2846 2500 τῷ
2867 2435 3098 2503 καλάμῳ
3125 2433 3222 2503 τῆς
3257 2433 3488 2501 ὓσρεως,
3522 2432 4012 2502 ἀποσεμνύνονται.

2431 2533 2493 2584 Οἱ
2525 2531 2579 2584 δὲ
2610 2529 2786 2582 λοιποὶ
2829 2529 3103 2598 ἀρχιερεῖς
3135 2526 3230 2580 καὶ
3286 2524 3598 2595 ἡγούμενοι,
3629 2525 3706 2588 ώς
3730 2527 3759 2578 ὁ
3798 2525 4016 2596 Ἀαρὼν

2430 2627 2496 2695 τῇ
2529 2623 2709 2695 ῥάϐδῳ
2740 2622 2923 2690 ἐκείνῃ
2952 2622 3017 2690 τῇ
3049 2619 3401 2691 βλαστησάσῃ
3424 2620 3564 2672 κατὰ
3615 2618 3857 2689 μεγάλου
3908 2636 4012 2687 μυ-

2433 2716 2654 2785 στηρίου
2688 2712 3050 2783 προδήλωσιν,
3106 2713 3138 2782 ἢ
3184 2712 3258 2775 ὡς
3290 2713 3319 2765 6
3375 2712 3546 2781 μέγας
3577 2711 3877 2775 ἀπόστολος
3911 2711 4018 2764 Πέ-

2429 2827 2576 2878 τρος,
2633 2809 2661 2860 6
2692 2807 2933 2867 ἀκούσας
2963 2805 3115 2874 παρά
3163 2803 3336 2868 Θεοῦ,
3375 2803 3608 2873 Ποίμανε
3640 2806 3712 2857 τὰ
3763 2804 4015 2874 πρόϐατά

2433 2919 2559 2971 μου.
2599 2901 2750 2951 Ἐπεὶ
2783 2897 2838 2950 δὲ
2870 2897 2980 2950 τῶν
3016 2897 3242 2949 εἰκότων
3271 2896 3419 2948 ἐστὶν
3446 2895 3718 2965 ἐρωτῆσαί
3747 2913 3896 2956 τινα,
3933 2896 4016 2958 τίς

2431 2994 2463 3062 ἡ
2492 2989 2584 3044 τοῦ
2624 2991 2783 3045 πάπα
2808 2989 3074 3058 σημασία,
3107 2989 3201 3041 καὶ
3222 2987 3303 3051 τίς
3325 2990 3357 3056 ἡ
3379 2987 3473 3039 τοῦ
3500 2987 3844 3056 πατριάρχου
3875 2988 4015 3050 ἐστὶ,

2431 3085 2521 3138 καὶ
2541 3083 2685 3152 τίςή
2746 3081 2841 3134 τοῦ
2875 3079 3331 3150 ἀρχιεπισκόπου,
3361 3079 3454 3132 καὶ
3495 3078 3636 3132 διατι
3681 3079 3794 3131 τῶν
3855 3079 4017 3131 πέντε

2431 3174 2682 3244 κεφαλῶν
2708 3175 2741 3244 ἠ
2772 3174 2870 3243 μὲν
2901 3172 3154 3242 ἐνέργεια
3188 3173 3281 3224 καὶ
3305 3171 3376 3224 τὰ
3429 3172 3698 3242 προνόμια
3734 3170 4016 3234 ταυτίζον-

2433 3287 2542 3330 ται,
2576 3265 2758 3328 καθὼς
2803 3264 3134 3333 διείληπται,
3186 3263 3256 3316 τὰ
3285 3263 3340 3315 δὲ
3383 3263 3624 3333 ὀνόματα
3653 3263 3869 3316 τούτων
3913 3264 4017 3316 εἰσὶ

2433 3363 2683 3430 διάφορα,
2719 3359 2838 3411 δέον
2890 3355 3257 3426 ἐλογισάμεθα
3286 3356 3380 3409 καὶ
3413 3357 3479 3408 τὰ
3524 3355 3655 3423 περὶ
3682 3355 3893 3408 τούτων
3925 3358 4009 3409 ὲκ-

2434 3452 2771 3523 κορυφῶσαι.

2505 3544 2698 3606 Πάπας
2745 3543 2896 3613 παρὰ
2956 3541 3206 3603 Λατίνοις
3250 3540 3514 3610 κέκληται
3559 3541 3589 3593 6
3642 3540 3860 3610 Πατήρ.
3909 3541 4017 3593 Καὶ

2435 3638 2584 3708 παρᾶ
2631 3635 2902 3698 Ἰουδαίοις
2944 3633 3312 3704 πατριάρχης,
3345 3635 3373 3685 6
3406 3631 3586 3703 ἄρχων
3615 3632 3737 3701 ἦτοι
3769 3635 3799 3684 6
3832 3632 4018 3699 [Ιατὴρ

2434 3729 2539 3783 τῶν
2572 3728 2836 3797 πατριῶν.
2873 3727 2982 3779 Καὶ
3015 3725 3450 3797 ἀρχιεπίσκοπος
3479 3724 3704 3793 ὁμοίως,
3734 3724 3764 3775 6
3791 3725 4014 3776 ἐπισκό-

2436 3835 2552 3871 πων
2575 3819 2782 3886 Πατήρ.
2812 3817 2934 3869 Κᾶν
2963 3815 3094 3882 γοῦν
3122 3809 3222 3866 ὦσι
3251 3814 3344 3866 τοῦ
3384 3815 3540 3868 πάπα
3561 3853 3576 3877 ,
3606 3813 3700 3866 τοῦ
3737 3813 4012 3882 πατριάρ-

2435 3927 2553 3978 χου,
2587 3908 2680 3960 καὶ
2710 3907 2803 3958 τοῦ
2836 3905 3271 3974 ἀρχιεπισκόπου
3301 3903 3367 3954 τὰ
3405 3903 3786 3972 σημαινόμενα
3808 3906 3877 3972 τῇ
3903 3903 4019 3954 δια-

2434 3999 2608 4066 λέκτῳ
2645 3997 2896 4064 διάφορα,
2933 3994 3067 4046 ἀλλά
3092 3993 3320 4062 δυνάμει
3350 3993 3492 4045 κατά
3527 3992 3696 4062 μηδὲν
3720 3991 4022 4061 διαφέρου-

2439 4109 2510 4142 σι.
2575 4089 2664 4140 Διὸ
2727 4090 2820 4139 καὶ
2885 4086 3086 4146 πάντες
3149 4084 3316 4152 κοινῷ
3378 4083 3608 4153 ὀνόματι
3675 4084 4022 4152 πατριάρχαι

2436 4178 2923 4247 κατονομάζοντχι.
2975 4176 3031 4226 Ὀ
3065 4174 3194 4242 γοῦν
3229 4175 3460 4242 πρώτως
3490 4173 3933 4242 ἀρχιερατεύσας
3966 4176 4022 4227 ἐν

2448 4270 2636 4340 Ῥώμῃ
2664 4270 2818 4335 ᾰγιος
2843 4267 3187 4335 Σίλϐεστρος,
3219 4265 3315 4318 καὶ
3337 4267 3364 4318 6
3400 4266 3632 4336 πρώτως
3657 4267 4023 4335 ἁρχιερατεὺο

2440 4380 2537 4424 σας
2570 4364 2628 4414 ὲν
2671 4358 2969 4430 Ἀντιοχείᾳ
3001 4357 3228 4421 Εὐοδος,
3281 4355 3587 4426 ἐκλήθησαν
3641 4357 3885 4422 εὐλόγως
3913 4357 4026 4409 Παο

2437 4454 2613 4522 τέρες.
2645 4449 2815 4503 Οῦπω
2843 4451 2951 4517 γὰρ
3004 4445 3147 4519 ἦσαν
3201 4448 3558 4517 πατριάρχαι,
3585 4447 3740 4516 παρά
3769 4447 3884 4498 τῶν
3916 4449 4023 4501 Πα-

2437 4546 2492 4598 τέ
2502 4561 2612 4614 ρων
2633 4541 3078 4612 προϐαλλόμενοι.
3099 4539 3376 4600 Ὡσαύτως
3409 4540 3504 4590 καὶ
3537 4542 3565 4591 6
3605 4539 4027 4608 Ἀλεξανδρείας

2443 4635 2648 4705 ἐκλήθη
2703 4633 2916 4696 πάπας,
2947 4632 3036 4684 διὰ
3086 4631 3150 4683 τὸ
3203 4630 3388 4684 λαϐεῖν
3420 4630 3512 4683 τὸν
3560 4631 3716 4697 ἅγιον
3752 4631 4026 4700 Κύριλλον

2437 4729 2579 4782 κατὰ
2611 4727 2711 4796 τὴν
2736 4725 2928 4795 τρίτην
2961 4723 3182 4776 σύνοδον
3206 4722 3302 4776 τοῦ
3333 4724 3492 4776 πάπα
3529 4723 3772 4794 Ῥώμης,
3795 4725 3894 4777 τοῦ
3919 4727 4027 4778 κε.

2436 4821 2681 4874 λεατίνου
2715 4819 2879 4888 φημὶ,
2925 4816 2996 4869 τὰ
3027 4814 3320 4885 προνόμια.
3357 4814 3469 4882 Τῆς
3499 4813 3555 4867 δὲ
3585 4814 3879 4880 εὐσεϐείας
3911 4818 4028 4870 δια-

2435 4904 2750 4973 δραμούσης
2780 4905 2860 4966 εἰς
2887 4903 2987 4970 τῆς
3008 4902 3334 4971 οἰκουμένης
3349 4902 3415 4954 τὰ
3443 4902 3679 4971 πέρατα,
3695 4903 3794 4956 καὶ
3817 4905 4028 4967 πόλεως

2440 5003 2674 5070 ἑκάστης
2697 4999 2882 5069 σχεδὸν
2907 4997 3178 5068 λαϐούσης
3207 4998 3525 5059 ἐπίσκοπον,
3561 4999 3751 5068 ἐδέησε
3782 5002 4025 5072 τιμηθῆ-

2443 5111 2530 5145 ναι
2573 5092 2886 5161 θεαρέστως
2940 5090 3031 5142 καὶ
3062 5088 3302 5151 εὐσεϐῶς
3354 5090 3446 5143 καὶ
3495 5089 3596 5159 τὴν
3641 5089 4026 5161 Ἰερουσαλὴμ,

2444 5186 2533 5237 διὰ
2572 5186 2638 5236 τά
2666 5185 2795 5250 ἆγια
2847 5183 2994 5251 πάθη
3022 5183 3120 5233 καὶ
3152 5181 3242 5235 τὸν
3272 5183 3442 5249 τάφον
3489 5183 3584 5234 τοῦ
3619 5184 3832 5252 Κυρίου
3871 5186 4030 5254 ἡμῶν

2458 5273 2632 5342 Ἰησοῦ
2664 5273 2920 5341 Χριστοῦ.
2963 5271 3024 5325 ἸΙ
3070 5271 3178 5341 γὰρ
3214 5273 3582 5340 μεγαλόπολις
3631 5275 4026 5344 προτετίμητο,

2449 5367 2626 5428 καθὼς
2647 5368 2989 5434 προείρηται,
3014 5363 3100 5416 διὰ
3123 5365 3182 5416 τὸ
3211 5366 3289 5426 εἰς
3312 5362 3516 5432 ταύτην
3546 5366 3942 5436 μετενεχθῆναι
3965 5367 4031 5418 τά

2449 5458 2707 5526 σκῆπτρα
2733 5457 2830 5525 τῆς
2857 5456 2965 5509 τῶν
3017 5455 3299 5526 Ῥωμαίων
3338 5455 3634 5525 βασιλείας.
3690 5459 4032 5528 Μετωνομεί⁴

2047 5574 2278 5628 ΥΑῘΠΑἰ
2314 5575 2712 5631 LECTit’lNES.

1308 5675 1348 5702 7S

1389 5673 1771 5740 μετοχετευσ;.

833 5677 878 5707 "7
900 5675 1224 5744 έτριιγίλὶιῳ.

2289 5770 2329 5822 Ν
2338 5767 2518 5822 OTA'J.

831 5843 939 5909 (Sil)
985 5840 1177 5909 Figura
1235 5841 1422 5893 Ιὶιιιξικιι
1459 5855 1689 5908 gamma.
