4198 6444
228 417 366 482 Ilii

1517 421 2228 487 GR/ECO-ROMANUM.

3361 432 3496 498 1178

226 533 438 601 σθησαν
464 525 558 584 οὖν
580 529 631 581 οἱ
663 527 721 582 ἐν
744 526 968 590 ταύταις
1010 527 1516 599 ἀρχιερατεύοντες,
1553 532 1803 602 ἀρχιεπξο

1908 543 2089 601 pterea
2118 534 2261 606 quod
2293 537 2346 591 in
2372 551 2491 591 eam
2512 538 2726 608 imperii
2754 538 2985 595 Romani
3014 549 3229 611 sceptra
3258 542 3497 601 fuissent

221 637 454 678 σκοποι·
490 621 658 691 ἀρχαὶ
683 620 927 691 δηλονότι
953 620 1047 673 καὶ
1067 619 1303 687 κεφαλαὶ
1334 620 1545 673 πολλῶν
1582 622 1807 677 ἐπισκό-

222 736 364 773 πων.
396 716 607 770 Ταύτὺν
635 715 692 769 δέ
719 715 866 768 ἔστιν
907 714 1104 779 εἰπεῖν,
1132 713 1374 783 Πατέρες
1411 714 1508 768 καὶ
1540 717 1807 786 πατριάρ-

220 828 342 880 χαι.
384 811 481 863 Ἐκ
509 808 702 862 τούτου
746 807 804 861 δὲ
832 807 1069 877 διαφορά
1098 824 1183 870 τις
1207 807 1307 859 οὐκ
1340 807 1456 860 εστι
1512 808 1677 877 μέσον
1709 810 1807 862 αὗ-

220 903 358 955 τῶν.
420 902 480 954 Ὀ
502 898 612 971 γὰρ
641 899 787 966 πατὴ
797 915 831 969 ρ
858 896 955 951 τοῦ
988 897 1177 960 ἔθνους
1220 896 1376 951 τοῦδε
1402 897 1593 967 τυχὸν,
1619 899 1806 967 πατὴρ

222 998 342 1049 ἔστι
375 995 470 1047 καὶ
502 992 783 1064 ἱερατικῆς
815 991 988 1061 φυλῆς
1019 990 1117 1044 καὶ
1150 989 1366 1060 λαῖκῆς,
1422 990 1500 1054 ὡς
1548 992 1578 1044 ὁ
1609 991 1805 1043 Ἰακὼϐ

219 1090 336 1145 τῶν
366 1090 433 1160 ιβ’
474 1087 659 1157 φυλῶν
697 1085 936 1158 Ἰσραήλ.
971 1085 1082 1139 Καὶ
1108 1084 1290 1154 ἄρχων
1318 1082 1654 1149 ἐπισκόπων,
1716 1084 1805 1151 ἐξ-

217 1184 475 1254 ανάγκης
504 1181 621 1235 ἐστὶ
652 1180 834 1251 πατὴρ
863 1179 957 1232 καὶ
982 1176 1300 1231 ἐπισκόπων
1323 1178 1418 1232 καὶ
1448 1177 1677 1230 λαῖκῶν·
1700 1180 1729 1231 ό
1747 1177 1805 1230 δὲ

219 1276 452 1338 ramea;
478 1275 540 1328 οὐ
568 1273 812 1327 καλεῖται
841 1270 1275 1343 ἀρχιεπίσκοπος
1297 1312 1313 1335 ,
1362 1270 1438 1333 ὡς
1470 1270 1657 1341 ἄρχων
1683 1273 1805 1325 ἑπι-

223 1366 449 1420 οκόπων
479 1363 576 1417 καὶ
625 1361 945 1434 προϐολεὺς,
1006 1360 1122 1414 ἀλλ⁹
1166 1361 1242 1423 ὡς
1273 1358 1417 1430 ἀρχὴ
1466 1361 1803 1415 ἐπισκόπων.

230 1458 463 1528 Ὠρίσθη
492 1457 605 1527 γὰρ
656 1454 808 1525 παρὰ
837 1454 945 1508 τῶν
978 1453 1152 1521 ἁγίων
1210 1452 1497 1523 Πατέρων,
1543 1454 1646 1515 τὰς
1705 1453 1805 1521 μὲν

221 1550 458 1623 ἐχούσας
495 1548 793 1618 διοικήσεις
832 1544 1034 1609 πολλὰς
1067 1544 1276 1611 πόλεις,
1336 1544 1440 1598 ὑπὸ
1488 1544 1804 1598 ἐπισκόπων

220 1639 681 1712 κυϐερνωμὲνας,
751 1639 904 1707 παρά
964 1636 1378 1707 μητροπολιτῶν
1436 1636 1802 1705 διεξάγεσοαι,

218 1733 316 1796 οὓς
364 1733 459 1786 καὶ
490 1729 740 1801 πρώτους
763 1729 813 1780 οἱ
857 1727 1082 1789 κανόνες
1110 1724 1469 1795 ὀνομάζουσι⁹
1505 1726 1606 1789 τὰς
1637 1726 1695 1779 δὲ
1730 1727 1804 1797 μὴ

219 1824 458 1895 ἐχούσας
491 1823 579 1892 ὑφ’
633 1822 837 1882 ἑαυτὰς
887 1819 1074 1880 πόλεις
1119 1818 1274 1882 τινὰς
1328 1817 1435 1871 ὑπὸ
1486 1818 1804 1871 ἐπισκόπων

222 1915 569 1983 ξίδυνομὲνας,
593 1931 665 1966 πα
676 1912 743 1983 ρὰ
764 1911 1210 1982 ἁρχιεπισκόπων
1234 1910 1609 1979 ἱερατεύεσοαι
1629 1927 1644 1940 ⁶
1663 1911 1802 1964 ὥστε

222 2007 561 2076 μειονεκτεῖν
596 2005 695 2075 μὲν
749 2003 921 2066 αὑτὰς
974 2003 1086 2055 τῶν
1122 2001 1533 2073 μητροπόλεων,
1570 2002 1803 2072 ὑπερτε-

222 2102 339 2169 ρεῖν
361 2099 417 2151 δὲ
444 2098 551 2150 τῶν
579 2096 919 2149 ἑπισκόπων,
952 2093 1109 2147 Οὕτω
1141 2094 1393 2164 λυθείσης
1434 2095 1528 2147 καὶ
1559 2095 1657 2163 τῆς
1694 2110 1804 2147 τοι·

218 2194 395 2260 αὐτης
423 2188 775 2259 ἀμφιόολίας,
826 2187 1019 2257 ῆοελον
1050 2189 1246 2247 εἰπεῖν,
1281 2187 1404 2238 ὅτου
1436 2186 1598 2255 χάριν
1634 2188 1662 2239 ὁ
1698 2186 1804 2239 πά-

218 2302 332 2347 πας
377 2281 600 2352 Ῥώμης
620 2281 998 2350 οἱκουμενικὸς
1045 2279 1234 2341 πάπας
1277 2278 1517 2346 λέγεται,
1542 2277 1803 2342 ὡσαύτως

216 2378 314 2428 καὶ
342 2376 373 2427 ὁ
404 2373 837 2443 ἀρχιεπίσκοπος
866 2368 1517 2433 Κωνσταντινουπόλεως,
1544 2369 1803 2439 οἰκουμε-

216 2465 371 2528 νικος
428 2464 817 2533 ’πατριάρχης⁸
871 2463 922 2514 οἱ
960 2461 1017 2515 δὲ
1077 2461 1257 2514 λοιποὶ
1299 2463 1675 2531 πατριάρχαι,
1709 2462 1804 2515 καὶ

214 2554 396 2609 ταῦτα
426 2553 529 2622 τῆς
554 2554 724 2621 αὐτῆς
750 2552 903 2613 ὄντες
933 2550 1164 2616 τάξεως,
1218 2550 1463 2621 κλήσεώς
1495 2568 1555 2603 τε
1601 2551 1696 2605 καὶ
1723 2569 1806 2605 τι-

218 2647 351 2715 μῆς.
386 2645 484 2698 καὶ
514 2643 717 2714 ταύτης
748 2643 849 2696 οὐκ
873 2642 1065 2712 ἔτυχον
1093 2642 1193 2711 τῆς
1209 2642 1617 2712 ἁνακηρύξεως.
1652 2644 1805 2697 Ἐπεὶ

213 2739 273 2792 δὲ
310 2737 405 2791 τὸν
442 2737 543 2807 μὲν
580 2737 770 2791 πάπαν
818 2736 880 2789 τὸ
907 2735 1011 2805 τῆς
1067 2736 1356 2804 φιλαυτίας
1401 2736 1677 2807 δαιμόνιον
1702 2736 1805 2806 τῆς

214 2832 331 2885 τῶν
362 2830 569 2885 λοιπῶν
601 2831 922 2897 ἁγιωτάτων
955 2829 1313 2901 πατριαρχῶν
1345 2829 1657 2899 ἀπέστησεν
1704 2831 1803 2900 ὁμ-

214 2929 327 3000 ηγύ
338 2944 495 2996 ρεως,
519 2927 614 2979 καὶ
647 2927 728 2988 εἰς
758 2927 926 2995 μόνην
951 2925 1051 2995 τὴν
1064 2924 1227 2978 Δύσιν
1249 2925 1653 2997 ὲστενοχώρησε
1674 2941 1689 2957 ’
1714 2927 1805 2980 τὸν

214 3019 274 3070 δὲ
301 3017 941 3079 Κωνσταντινουπόλεως
1003 3016 1191 3086 βλέπω
1220 3016 1407 3087 μηδενὶ
1461 3016 1568 3069 τῶν
1610 3034 1804 3087 προνο-

221 3111 365 3179 μίων
393 3109 489 3163 τοῦ
526 3110 687 3163 πάπα
714 3108 1234 3178 κατακοσμούμενον
1287 3107 1433 3180 (οὔτε
1463 3110 1572 3180 γὰρ
1595 3110 1672 3180 τῷ
1703 3110 1803 3179 τῆς

1910 626 2192 680 translata.
2229 627 2414 697 Itaque
2454 632 2679 686 mutatis
2736 632 3058 688 nominibus
3093 632 3286 688 harum
3323 636 3495 703 ponti-

1910 719 2040 772 fices
2080 720 2213 774 dicti
2269 728 2401 775 sunt
2440 722 2869 792 archiepiscopi.
2914 725 3081 780 veluti
3126 725 3395 796 principia
3438 738 3496 783 et

1907 809 2086 880 capita
2115 812 2412 867 multorum
2446 813 2854 882 episcoporum.
2889 816 3047 881 Quod
3091 818 3235 872 idem
3268 819 3397 881 erit.
3429 833 3495 874 ac

1909 900 1955 957 si
1983 900 2212 966 dixeris,
2240 905 2433 960 Patres
2458 912 2513 959 et
2536 906 2881 976 patriarchae.
2927 907 3083 964 Unde
3124 910 3333 964 nullum
3379 910 3494 965 exi-

1907 992 2003 1047 διίι
2025 994 2169 1048 inter
2189 1008 2285 1049 eos
2319 994 2639 1051 discrimen.
2681 996 2814 1052 Nam
2859 998 3020 1053 Pater
3052 998 3215 1067 hujus
3273 1000 3491 1056 illiusve

1907 1086 2106 1155 gentis,
2167 1094 2278 1141 tam
2324 1089 2702 1151 sacerdotalis,
2747 1106 2911 1161 quam
2960 1091 3112 1146 laicae
3175 1090 3355 1147 tribus
3407 1100 3495 1147 est

1908 1176 2088 1241 Pater,
2113 1178 2260 1233 sicut
2297 1176 2466 1234 Jacob
2504 1179 2793 1235 duodecim
2843 1182 3087 1237 tribuum
3139 1182 3380 1240 lsraelis.
3424 1183 3493 1241 Et

1908 1270 2164 1340 princeps
2203 1271 2609 1340 episcoporum,
2656 1275 2969 1329 necessario
3026 1275 3189 1332 Pater
3222 1254 3321 1334 ’σει
3373 1288 3491 1334 tum

1907 1360 2313 1430 episcoporum,
2353 1367 2464 1414 tum
2504 1360 2793 1415 laicorum.
2844 1360 3079 1417 Gotthiae
3135 1365 3355 1433 quidem
3396 1382 3497 1420 an-

1908 1452 2061 1505 tistes
2093 1466 2202 1505 non
2245 1459 2537 1521 propterea
2572 1460 2800 1506 vocatur
2833 1453 3312 1525 archiepiscopus,
3345 1458 3491 1526 quod

1906 1540 2288 1610 episcoporum
2333 1541 2586 1610 princeps
2626 1550 2681 1596 et
2720 1541 3006 1598 ordinator
3040 1545 3150 1609 sit,
3217 1545 3314 1601 sed
3370 1554 3495 1601 tan-

1905 1646 2069 1700 quam
2128 1633 2458 1703 principium
2494 1635 2910 1705 episcoporum.
2959 1637 3176 1708 Quippe
3224 1641 3434 1695 sanctis
3463 1655 3495 1693 a

1906 1722 2160 1779 Patribus
2189 1732 2273 1781 est
2296 1726 2590 1794 sancitum,
2615 1735 2677 1782 ut
2705 1743 2785 1783 ea:
2817 1729 3108 1797 dimcescs,
3143 1747 3265 1803 qua:
3293 1734 3496 1789 multas

1908 1814 2107 1870 habent
2148 1819 2314 1872 urbes
2356 1820 2458 1873 sub
2493 1821 2878 1891 episcoporum
2917 1826 3321 1893 gubernatione
3370 1842 3497 1882 con-

1907 1910 2169 1973 stitutas,
2226 1924 2256 1963 a
2305 1912 2748 1980 metropolitanis
2810 1914 3305 1981 administrentur,
3357 1932 3496 1986 quos

1906 2001 2072 2055 etiam
2129 2001 2231 2069 ipsi
2267 2015 2510 2058 canones
2554 2004 2831 2072 appellant
2892 2006 3101 2075 primos
3152 2023 3167 2061 :
3211 2023 3332 2078 quae
3366 2025 3497 2065 vero

1908 2091 2010 2147 sub
2037 2106 2095 2147 se
2122 2107 2229 2147 non
2264 2093 2468 2149 habent
2508 2097 2673 2151 urbes
2705 2097 2941 2167 aliquas,
2982 2100 3365 2169 episcoporum
3407 2116 3491 2156 re-

1905 2183 2095 2253 gimini
2118 2184 2390 2250 subditas,
2418 2185 2866 2257 archiepiscopos
2888 2189 3122 2243 habeant
3152 2191 3439 2260 pontitices
3469 2209 3483 2246 :

1906 2283 1969 2328 ut
1994 2275 2287 2331 inferiores
2318 2276 2402 2330 ha:
2429 2276 2651 2345 quidem
2691 2278 2805 2333 sint
2835 2281 3257 2350 metropolibus,
3294 2291 3348 2335 at
3378 2283 3496 2351 epi-

1906 2368 2221 2436 scopatihus
2265 2369 2609 2438 superiores.
2642 2370 2701 2424 ln
2741 2371 2889 2427 hunc
2917 2373 3168 2436 modum,
3195 2373 3299 2428 hoc
3329 2374 3494 2429 etiam

1906 2458 2163 2527 ambiguo
2191 2458 2398 2523 soluto,
2430 2460 2689 2514 volebant
2707 2462 2960 2531 equidem
2979 2462 3182 2527 dicere,
3210 2466 3487 2533 quamob-

1906 2563 2020 2605 rem
2071 2564 2206 2619 papa
2243 2548 2526 2606 Romanus
2567 2552 2871 2621 appelletur
2917 2553 3245 2611 universalis
3307 2554 3494 2626 Papa,

1909 2641 2280 2712 similiterque
2318 2643 2829 2714 ConstantinOpolis
2859 2647 3331 2717 archiepiscopus,
3382 2649 3500 2704 uni-

1906 2735 2141 2789 versalis
2173 2735 2486 2804 patriarcha
2523 2751 2540 2788 :
2576 2750 2702 2791 cum
2746 2735 2946 2805 reliqui
2980 2737 3331 2805 patriarchm,
3373 2738 3502 2795 licet

1904 2826 2147 2893 ejusdem
2182 2827 2295 2880 siut
2332 2827 2565 2890 ordinis,
2600 2828 2987 2898 appellationis
3029 2838 3084 2883 et
3130 2830 3380 2897 honoris,
3422 2831 3499 2886 ita

1907 2918 2238 2987 proclatnari
2273 2933 2381 2972 non
2422 2918 2653 2974 soleant.
2711 2919 2816 2975 Sed
2867 2920 3089 2987 quando
3141 2937 3335 2991 papam
3380 2921 3491 2977 Ro-

1906 3028 2132 3068 manum
2164 3014 2343 3069 malus
2387 3015 2706 3070 ambitionis
2738 3016 2826 3072 ille
2857 3016 3054 3086 genius
3088 3031 3116 3069 a
3152 3017 3492 3087 reliquorum

1907 3104 2390 3161 sanctissimornm
2432 3106 2872 3174 patriarcharum
2910 3116 3057 3163 cmtu
3086 3109 3309 3173 avulsit,
3348 3117 3403 3164 et
3434 3109 3490 3163 in

219 3202 503 3271 βασιλείας
559 3200 721 3272 λώρῳ
752 3200 895 3255 κατά
950 3201 1011 3254 τὺ
1039 3202 1134 3255 τοῦ
1189 3202 1348 3270 ἁγίου
1384 3202 1799 3255 Κωνσταντίνου

1908 3195 2255 3252 Occidentem
2286 3198 2551 3252 duntaxat
2598 3200 2936 3265 coarctat-it;
2984 3215 3108 3255 cum
3156 3199 3374 3255 interim
3412 3202 3500 3254 vi—

216 3293 579 3362 νομιζόμενον
613 3294 889 3365 Θέσπις-μα
932 3295 1359 3362 καταστέφεται,
1392 3293 1513 3348 οὔτε
1534 3294 1802 3348 κοκκοῦα-

217 3387 350 3454 φέσι
382 3385 619 3449 πεδίλοις
658 3388 800 3441 κατᾶ
839 3387 900 3439 τὸ
943 3386 1197 3440 τυπωοὲν
1256 3386 1625 3457 θεατρξζεται,
1684 3386 1801 3439 ἀλλ’

215 3476 329 3529 οὐδ’
364 3476 538 3546 ἑτέρῳ
573 3477 852 3548 προνομξῳ
870 3478 968 3543 τῆς
998 3478 1237 3540 παλαιᾶς
1275 3477 1494 3549 Ῥώμης
1515 3480 1801 3549 κέχρηται,

220 3568 317 3619 καὶ
348 3566 437 3619 διὰ
463 3564 624 3618 τοῦτο
648 3567 698 3617 οἱ
734 3567 894 3628 πόδες
930 3567 1095 3619 αὐτοῦ
1150 3567 1397 3619 ἵστανται
1428 3567 1487 3618 ἐν
1524 3566 1800 3634 εὐθύτητι,

218 3659 318 3711 καὶ
344 3658 605 3728 ήκεφαλὴ
628 3657 790 3711 αὐτοῦ
821 3659 1051 3728 παντοία
1075 3659 1307 3723 συνέσει,
1339 3658 1480 3711 κατὰ
1506 3658 1597 3712 τὸν
1610 3658 1801 3722 Δαϐὶδ,

220 3751 591 3805 πεπολίωται·
646 3752 741 3804 καὶ
793 3752 891 3813 τὰς
923 3753 1130 3813 οἰκείας
1162 3750 1216 3802 δὲ
1253 3750 1580 3821 ὑπο-γραφὰς
1616 3751 1693 3812 ὡς
1723 3753 1803 3803 οἰ-

217 3845 546 3914 κουμενικδς
582 3845 643 3897 οὐ
707 3843 993 3913 μεγεῢύνει
1044 3844 1249 3914 πατὴρ,
1306 3842 1410 3895 κᾶν
1466 3842 1595 3911 παρ’
1645 3842 1803 3913 ἡμῶν

216 3940 363 3993 οὕτω
387 3938 651 4007 κέκληται
681 3939 773 3990 καὶ
811 3937 1172 4003 ausum)-
1196 3937 1295 4006 τὴν
1332 3935 1431 4005 μὲν
1459 3936 1587 4004 περὶ
1609 3934 1803 3987 τούτου

220 4031 542 4099 συζὴτησιν,
573 4028 647 4089 ὡς
671 4027 983 4096 ἀλυσιτελῆ.
1015 4028 1366 4098 παρατρέχω.
1401 4026 1803 4097 Ἀπολογοῦμαι

217 4121 274 4173 δὲ
308 4121 448 4189 προς
476 4120 601 4181 τοὺς
632 4118 891 4186 λέγοντας
947 4118 1255 4188 τολμηρῶς,
1306 4118 1541 4185 ὀφείλειν
1570 4118 1668 4187 τῆς
1700 4113 1827 4169 πει-⁸

218 4211 556 4281 τριαρχικῆς
580 4209 977 4277 ἀποξενοῦσθαι
1012 4211 1178 4280 τιμῆς
1209 4209 1301 4262 τὸν
1343 4210 1678 4281 Ἀντιοχείας
1711 4209 1804 4262 καὶ

216 4304 309 4355 τὸν
349 4301 758 4372 Ἱεροσολύμων.
812 4300 1206 4354 Κεκανόνισται
1242 4299 1372 4371 γὰρ,
1435 4301 1614 4368 φασὶ,
1677 4299 1804 4371 μηδ’

218 4398 277 4446 ἐν
307 4393 622 4463 ἀρχιερεῦσι
694 4392 1079 4445 συντάττεσθαι
1123 4392 1250 4453 τοὺς
1283 4391 1357 4459 μὴ
1411 4389 1804 4471 ῥιψοκινδύνως

218 4485 635 4555 ἀπερχομένους
685 4484 963 4555 ἀρχιερεῖς
993 4484 1073 4543 εἰς
1114 4484 1240 4544 τοὺς
1286 4482 1439 4548 παρὰ
1502 4480 1803 4551 Βαρϐάρων

219 4576 624 4646 κατεχομένους
652 4575 874 4643 θρόνους
924 4573 1129 4636 αὐτῶν,
1177 4574 1313 4643 μηδὲ
1343 4573 1434 4625 τὸν
1461 4572 1555 4624 τοῦ
1588 4589 1798 4641 μαρτυ-
1832 4555 1880 4615 D

222 4670 341 4737 ρίου
373 4666 831 4736 προαρπάζοντας
882 4664 1169 4733 στέφανον.
1214 4663 1301 4723 Ὠς
1328 4662 1377 4714 εἰ
1408 4662 1508 4732 μὲν
1524 4662 1640 4713 εἰσὶ
1677 4661 1796 4713 λαῖ-

218 4760 304 4811 κ·.ἱ
331 4759 382 4810 οἱ
404 4755 628 4810 τοιαῦτα
658 4754 801 4809 καθά
836 4771 889 4806 τι
926 4755 1153 4824 μάταιον
1208 4752 1483 4823 ἄμϐλωμα
1516 4751 1659 4805 κατά
1691 4750 1799 4803 τῶν

218 4851 393 4918 ἁγίων
414 4847 670 4917 κεφαλῶν
698 4846 1086 4916 ὡδινήσαντες,
1119 4844 1449 4915 συγγνώμης
1477 4843 1803 4912 ἀξιωθήσον-

219 4960 308 4995 ται
333 4942 478 4995 κατά
506 4940 705 5011 πολλὴν
733 4937 1056 4992 ἐπιείκειαν.
1088 4938 1401 5010 Γέγραπται
1429 4937 1558 5006 γάρ·
1587 4935 1661 4988 Οὔ
1694 4934 1799 5003 χρὴ

231 5038 505 5105 Ῥωμαῖον
550 5033 721 5101 ἄνδρα
752 5033 950 5102 νόμους
981 5030 1203 5100 (ταύτὸν
1231 5029 1275 5083 δ’
1325 5029 1470 5082 ἐστιν
1502 5029 1677 5081 εἰπεῖν
1711 5027 1801 5079 καὶ

218 5125 476 5195 κανόνας)
506 5126 741 5193 ἀγνοεῖν.
788 5125 911 5177 ’Ότι
948 5124 1052 5176 κᾶν
1088 5120 1360 5193 χειρῶναξ
1394 5122 1476 5182 τίς
1514 5123 1653 5179 ἐστι,
1695 5117 1800 5171 κᾶν

217 5219 455 5287 σζηρφαξ,
484 5218 696 5271 οἴκοθεν
720 5216 916 5269 εἰδέναι
935 5214 1184 5284 νόμουςῆ
1230 5213 1456 5275 κανόνας
1490 5212 1563 5282 μὴ
1594 5228 1802 5281 συγχω-

217 5314 485 5386 ρούμενός
539 5313 708 5375 ἐστιν,
776 5309 890 5362 ἀλλ’
945 5311 994 5361 ol
1029 5307 1252 5370 τούτους
1287 5306 1425 5359 κατὰ
1481 5306 1800 5368 σπουδαίους

215 5404 717 5475 ἀργυρογνώμονας
752 5401 1192 5473 μεταλλεύοντες,

257 5503 463 5554 ’Ὄσσα
488 5514 554 5551 τε
576 5499 780 5567 φύλλα
809 5498 910 5551 καὶ
936 5498 1122 5551 ἄνθεα
1145 5499 1365 5566 γίνεται
1388 5499 1588 5565 εἴαρος
1610 5499 1732 5567 ὥρῃ
1756 5517 1768 5529 ·

1905 3290 2072 3345 deant
2112 3288 2783 3360 Constantinopolitanutn
2816 3291 2971 3346 nullo
3020 3306 3176 3361 papa:
3208 3292 3497 3362 privilegio

1919 3390 2092 3435 semet
2150 3390 2440 3435 ornantem
2502 3384 2745 3452 (quippe
2815 3397 2915 3437 nec
2978 3384 3130 3451 regni
3205 3394 3499 3437 coronatur

1907 3471 2102 3533 fascia,
2136 3474 2440 3527 secundum
2484 3474 2560 3537 id,
2595 3476 2740 3544 quod
2779 3476 2954 3530 sancti
3000 3474 3350 3529 Constantini
3388 3481 3501 3530 sta-

1909 3571 2088 3616 tutum
2111 3578 2232 3618 esse
2265 3573 2510 3629 putatur,
2550 3580 2653 3619 nec
2703 3580 2825 3620 cum
2867 3566 3143 3621 coccineis
3180 3564 3403 3628 calceis,
3437 3575 3497 3620 ut

1916 3656 2115 3712 ibidem
2165 3638 2447 3723 sancitur;
2482 3657 2629 3713 velut
2672 3658 2725 3712 in
2773 3659 3089 3729 spectacqu
3132 3668 3302 3714 semet
3348 3658 3503 3713 exhi-

1918 3749 2005 3803 bet
2034 3765 2048 3812 ;
2083 3764 2181 3804 nec
2222 3749 2371 3803 aliud
2405 3749 2641 3818 denique
2673 3748 2864 3806 Roma:
2911 3752 3113 3806 veteris
3145 3765 3297 3821 papa:
3330 3751 3503 3817 privio

1913 3841 2116 3910 legium
2145 3850 2368 3909 usurpat
2402 3858 2416 3892 :
2452 3842 2686 3910 ideoque
2715 3850 2864 3897 stant
2897 3842 3061 3912 pedes
3094 3843 3216 3911 ejus
3248 3843 3300 3895 in
3330 3842 3500 3897 recti-

1907 3933 2119 3997 tudine,
2142 3940 2196 3986 at
2225 3940 2386 4002 caput
2417 3932 2537 4001 ejus
2568 3934 2861 4004 omnigena
2895 3936 3206 4006 prudentia.
3228 3934 3498 4003 quemad-

1907 4025 2128 4078 modum
2210 4024 2441 4078 Darides
2509 4026 2793 4094 loquitur,
2861 4027 3132 4081 incanuit.
3214 4026 3360 4080 Idem
3435 4041 3503 4080 ne

1905 4116 2346 4185 subscriptiones
2376 4116 2595 4186 quidem
2646 4133 2778 4173 suas
2829 4118 3147 4189 magnificas
3180 4116 3333 4179 facit,
3378 4123 3503 4170 tan-

1907 4223 2070 4279 quam
2100 4220 2258 4276 pater
2290 4209 2657 4275 universalis;
2690 4209 2815 4264 licet
2844 4224 2870 4261 a
2903 4211 3061 4263 nobis
3093 4211 3163 4263 ita
3195 4217 3424 4263 vocetur
3447 4216 3502 4262 et

1905 4300 2216 4354 celebretur
2268 4300 2545 4370 (equidem
2574 4301 2641 4355 de
2673 4300 2777 4355 hoc
2822 4301 3296 4370 disquisitionem,
3354 4302 3504 4355 velut

1906 4394 2308 4465 infrugiferam,
2335 4396 2627 4450 instituere
2686 4396 3043 4464 supersedeo.
3078 4395 3282 4450 Facere
3317 4402 3500 4447 tamen

1905 4501 2013 4540 non
2059 4500 2303 4555 possum,
2338 4486 2470 4555 quin
2526 4485 2595 4541 iis
2650 4485 3015 4555 respondeam
3048 4527 3063 4552 ,
3105 4487 3198 4554 qui
3240 4487 3502 4539 audacter

1908 4577 2229 4647 praedicant,
2266 4593 2295 4631 a
2326 4577 2591 4646 dignitate
2616 4577 2968 4647 patriarcltali
3000 4576 3366 4632 removendos
3388 4578 3503 4631 An-

1910 4669 2226 4725 tiochenum
2258 4678 2315 4725 et
2338 4668 2919 4739 llierosolymitanum.
2947 4668 3164 4738 Quippe
3192 4669 3500 4723 canonibus

1916 4772 2181 4819 statutum
2217 4772 2323 4828 est,
2358 4763 2634 4831 inquiunt,
2682 4776 2749 4815 ne
2781 4761 3002 4831 quidem
3034 4762 3179 4816 inter
3213 4761 3503 4829 pontifices

1908 4854 2278 4911 recensendos
2323 4868 2469 4917 esse,
2504 4853 2598 4921 qui
2634 4867 2744 4906 non
2785 4852 2866 4905 vel
2896 4860 3148 4905 extremo
3181 4866 3307 4905 cum
3341 4850 3499 4920 peri-

1908 4947 2034 5001 culo
2066 4963 2125 5001 se
2152 4946 2448 5000 conlerant
2478 4944 2543 4998 ad
2570 4944 2805 4998 thronos
2837 4958 2969 4998 suos
2995 4959 3022 4996 a
3047 4942 3305 4997 Barbaris
3332 4956 3500 4996 occu-

1909 5049 2088 5109 patos.
2118 5055 2217 5094 nec
2246 5038 2493 5109 martyrii
2535 5052 2799 5092 coronam
2847 5036 3183 5106 prmripiant.
3228 5034 3496 5088 Nimirum

1910 5132 1957 5187 si
1998 5132 2123 5184 laici
2172 5140 2326 5192 sunt,
2376 5130 2468 5197 qui
2511 5130 2638 5182 talia
2690 5128 2856 5183 veluti
2899 5128 3160 5182 stolidum
3200 5125 3497 5195 quemdam

1910 5225 2163 5279 abortum
2191 5223 2458 5278 adversus
2484 5237 2640 5278 sacra
2665 5232 2855 5279 sancta
2883 5224 3063 5290 capita
3095 5220 3496 5290 parturierunt,

1910 5318 2124 5371 veniam
2174 5316 2529 5370 merebuntur
2572 5330 2638 5369 cx
2709 5314 2976 5383 singulari
3023 5313 3259 5381 quadam
3305 5320 3498 5366 nostra

1913 5408 2310 5463 moderatione.
2342 5406 2686 5475 Cazteroquin
2722 5408 2867 5459 enim
2900 5406 3161 5474 scriptum
3195 5410 3279 5455 est
3313 5418 3328 5458 :
3381 5399 3497 5455 llo-

1913 5504 2112 5556 minem
2146 5499 2450 5553 Romanum
2482 5500 2737 5569 ignorare
2766 5500 2911 5569 leges
2947 5499 3109 5564 (idem
3141 5504 3194 5549 et
3221 5497 3289 5549 de
3322 5509 3495 5549 cano-

217 5593 376 5645 nihus
412 5591 727 5659 dicendum)
767 5607 876 5645 non
944 5600 1177 5661 oportet.
1219 5590 1432 5660 Quippe
1499 5593 1625 5647 licet
1661 5595 1861 5664 aliquis
1905 5594 2225 5648 manuarius
2247 5593 2317 5647 sit
2353 5591 2557 5661 opifex,
2582 5601 2636 5647 et
2661 5607 2723 5646 cx
2760 5590 2945 5643 intima
2977 5590 3105 5642 hcce
3137 5586 3334 5656 plebis,
3359 5586 3495 5654 quin

217 5688 363 5751 teges
396 5693 492 5738 aut
524 5699 763 5740 canones
800 5700 895 5755 per
936 5702 992 5739 sc
1031 5686 1198 5749 norit,
1270 5686 1483 5740 veniam
1571 5689 1864 5756 impetrare
1907 5703 2012 5743 nou
2067 5695 2247 5755 potest
2297 5705 2309 5740 :

2354 5702 2476 5740 cum
2525 5687 2615 5755 qui
2665 5687 2809 5755 leges
2881 5693 2933 5738 ct
2984 5696 3247 5743 canones,
3312 5679 3500 5733 instar

216 5775 612 5832 imlnstriornm
665 5777 872 5848 argenti
927 5778 1361 5848 cxplm'alttrtlttt,
1407 5778 1758 5845 iuvrstigant,
1809 5777 1862 5833 in
1906 5779 2007 5832 hac
2038 5778 2169 5832 urbe
2212 5778 2357 5847 regia
2393 5786 2465 5831 to!
2501 5779 2629 5840 sint,

1164 5869 1302 5934 Quo!
1331 5869 1460 5937 [alia
1491 5879 1536 5919 et
1568 5872 1719 5939 ﬂeres
1749 5883 2035 5926 mutuatur
2070 5880 2293 5938 (eiurare
2325 5887 2475 5925 rerum
2516 5888 2529 5922 :
