4198 6444
748 435 887 498 11813

2053 429 2188 488 JUS
2231 425 2674 485 CANONICUM

3886 413 4030 474 118i

743 550 849 602 hoc
890 546 1243 600 manifestum
1277 551 1450 595 este:
1476 553 1614 592 :2"
1659 553 1871 592 canone
1926 537 2147 591 concilii
2184 536 2317 588 Car-

2454 534 2544 585 διὰ
2575 534 2689 600 τὴν
2732 531 2850 584 τῶν
2912 529 3187 593 πενήτων
3239 517 3643 589 κάκωσιν,ὧν
3699 521 3829 587 ταῖς
3889 523 4031 574 ἐπα-

745 638 1132 707 tliagiuicnsis,
1157 635 1315 702 cujus
1343 635 1456 686 haec
1489 631 1650 684 verba
1686 641 1853 684 sunt:
1911 630 1988 684 De
2033 629 2324 696 defensori-

746 733 840 783 bus
904 729 1282 791 Ecclesiarum,
1335 728 1425 795 qui
1477 726 1541 778 ab
1591 727 1910 794 imperatore
1963 721 2068 790 peti
2115 718 2326 782 debent,

746 823 914 874 risum
981 828 1057 873 est
1116 819 1400 884 universis,
1461 820 1708 886 petendos
1774 817 1837 869 ab
1887 811 2320 881 imperatoribus,

747 922 959 980 propter
993 911 1329 980 aﬁlictionem
1389 925 1702 978 pauperum,
1731 921 1954 973 quorum
1988 900 2318 974 gravemini-

2441 626 2664 691 χθειάις
2696 624 3019 686 ἀπαύστως
3049 623 3087 687 ἡ
3126 618 3462 684 Ἐκκλησία
3519 614 3988 684 παρενοχλεῖται
4013 655 4028 678 ,

2435 716 2593 768 ὥστε
2622 713 3168 778 ἐκδίκουςκτούτοις
3196 710 3347 777 μετὰ
3377 707 3490 776 τῆς
3529 706 3646 760 τῶν
3675 708 4033 759 ἐπισκόπων

2435 808 2722 871 προνοίας
2757 806 3142 876 ἐπιλέγεσθαι
3194 802 3344 855 κατὰ
3371 800 3480 869 τῆς
3533 798 3653 854 τῶν
3710 800 4031 852 πλουσίων

2438 898 2816 966 τιφαννίδος.

749 1011 846 1056 bus
875 1005 1231 1057 indesinenter
1266 1002 1504 1056 Ecclesia
1535 1002 1879 1055 molestatur:
1910 1009 1965 1051 ut
2013 998 2312 1065 defensores
2353 995 2450 1058 eis,
2518 994 2891 1048 interveniente
2930 992 3260 1060 procidentia
3319 989 3706 1058 epierporlm,
3757 989 4024 1058 eligantur

752 1096 1002 1149 adversus
1031 1097 1396 1164 apulentorum
1439 1095 1792 1163 tyrannidem.

823 1188 1012 1242 ltidem
1037 1197 1193 1257 paret
1225 1187 1329 1240 IIOC
1363 1204 1428 1240 ex
1462 1204 1527 1239 xv
1550 1188 1758 1241 novella
1801 1187 2150 1255 imperatoris
2196 1186 2329 1240 Jus-

752 1277 973 1341 tiniani,
996 1293 1116 1346 quae
1135 1285 1314 1332 exstat
1340 1278 1483 1330 libro
1516 1295 1567 1331 vn
1600 1278 1982 1343 Basilicorum,
2012 1280 2172 1330 titulo
2197 1293 2329 1330 xvut

753 1369 810 1423 in
840 1371 983 1423 hanc
1007 1369 1370 1424 sententiam:
1427 1368 1761 1425 Defensores
1792 1386 1854 1424 ex
1905 1370 2102 1423 incolis
2145 1368 2329 1436 cujus-

756 1463 888 1514 libet
939 1462 1091 1514 urbis
1140 1478 1235 1530 per
1285 1463 1434 1517 vices
1487 1463 1633 1531 eligi,
1682 1463 1806 1514 licet
1866 1461 2108 1515 illustres
2163 1461 2332 1528 aliqui

754 1555 887 1616 sint,
921 1566 974 1606 et
1030 1554 1364 1608 clarissimi:
1419 1562 1582 1622 atque
1640 1553 1741 1606 bos
1794 1553 2062 1605 duntaxat
2111 1553 2334 1606 biennio

755 1642 1098 1699 defensionis
1135 1660 1339 1698 munus
1375 1645 1672 1698 sustinere.
1707 1642 1888 1708 Quare
1921 1659 2043 1697 cum
2077 1641 2332 1696 defenso-

756 1750 844 1788 res
877 1743 931 1788 et
955 1737 1246 1802 eligantur,
1279 1751 1376 1789 ceu
1402 1736 1606 1790 dictum
1645 1746 1748 1798 est,
1801 1745 1852 1788 et
1889 1750 2077 1789 eorum
2133 1749 2334 1788 munus

757 1834 910 1878 certo
946 1826 1206 1892 temporis
1245 1826 1425 1894 spatio
1449 1826 1767 1880 definiatur:
1825 1833 2102 1893 nugantur
2157 1840 2288 1878 sane
2315 1865 2329 1887 ,

756 1913 848 1977 qui
883 1928 949 1965 ex
983 1912 1226 1968 indicato
1249 1927 1460 1966 canone
1488 1913 1720 1966 stabiliri
1748 1912 2036 1979 perhibent
2074 1912 2148 1974 id,
2179 1911 2326 1980 quod

2526 1184 2799 1246 Ὡσαύτως
2841 1184 2934 1236 καὶ⁵
2982 1182 3090 1236 ἀπὸ
3138 1182 3237 1249 τῆς
3285 1183 3348 1233 ιε’
3380 1181 3582 1248 νεαρᾶς
3626 1178 3721 1230 τοῦ
3763 1178 4028 1247 βασιλέως

2453 1277 2850 1341 Ἰουστινιανοῦ,
2886 1277 2981 1343 τῆς
3017 1277 3276 1344 κειμένης
3312 1277 3369 1327 ἐν
3402 1273 3591 1342 βιϐλίῳ
3633 1271 3685 1336 ς’
3725 1272 3838 1324 τῶν
3871 1273 4028 1324 Bas:-

2439 1366 2630 1430 λικῶν,
2661 1367 2824 1436 τίτλῳ
2860 1365 2949 1435 ιη’,
2980 1367 3074 1417 καὶ
3102 1364 3603 1432 διαλαμϐανούσης,
3627 1362 3756 1423 τους
3784 1361 4029 1422 ἐκδίκους

2443 1458 2552 1510 ἀπὸ
2589 1459 2696 1510 τῶν
2737 1459 3012 1510 κατοίκων
3052 1459 3290 1526 ἑκάστης
3325 1457 3535 1518 πόλεως
3572 1455 3877 1524 ἀμοιΰαδ⁵ον
3917 1457 4030 1506 ἐπι-

2443 1549 2720 1615 λέγεσθαι.
2745 1549 2846 1601 κᾶν
2872 1548 3196 1618 Ξλλούστριοξ
3223 1565 3364 1610 τινες
3387 1541 3489 1598 ὦσι
3509 1547 3605 1598 καὶ
3622 1546 4028 1615 λαμπρότατοι·

2444 1640 2536 1691 καὶ
2560 1641 2650 1692 ἐπὶ
2684 1641 2818 1711 μόνῃ
2849 1640 3024 1710 διετία
3048 1640 3109 1691 τὸ
3146 1640 3247 1709 τῆς
3278 1639 3610 1710 ἐκδικήσεως
3653 1638 3882 1706 ὑπέχειν
3908 1639 4031 1690 τοὺ-

2439 1747 2566 1794 τους
2596 1732 2986 1801 λειτούργημα.
3025 1732 3147 1782 Τῶν
3178 1732 3308 1798 γοῦν
3348 1732 3579 1782 ὲκδίκων
3625 1730 4033 1798 ἐπιλεγομένων

2443 1822 2517 1884 ὠς
2550 1823 2784 1892 εἴρηται,
2814 1823 2909 1874 καὶ
2936 1822 3035 1890 τῆς
3066 1820 3413 1890 λειτουργίας
3439 1810 3618 1872 αὑτῶν
3650 1820 4034 1889 μετρουμένης

2444 1915 2682 1986 χρονικῷ
2702 1916 3052 1983 διαστήματι,
3079 1913 3525 1982 εἰκαιομυυοῦσιν
3545 1915 3594 1964 οἱ
3618 1913 3895 1980 λέγοντες,
3927 1913 4034 1964 ἀπ’)

758 2018 785 2053 a
832 2006 1010 2074 primo
1038 2004 1326 2058 defensore
1382 2005 1667 2058 asseritur.
1711 2002 1887 2057 Verba
1924 2019 2052 2057 vero
2104 2001 2230 2056 libri
2268 2003 2336 2058 de

2454 2007 2536 2059 τοῦ
2594 2007 2851 2076 ῥηθέντος
2913 2008 3137 2069 κανόνος
3196 2006 3549 2076 στηρίζεσθαι
3607 2007 3667 2058 τὸ
3724 2007 3880 2077 παρὰ
3942 2007 4034 2058 τοῦ

756 2095 935 2147 ollicio
977 2095 1135 2163 primi
1159 2094 1492 2159 defensoris,
1530 2108 1653 2162 qua
1700 2092 2097 2162 propemodum
2140 2093 2332 2162 hujus.

757 2188 904 2240 modi
939 2196 1105 2239 sunt:
1159 2185 1377 2253 Oportet
1431 2201 1541 2246 vos,
1575 2185 1621 2237 si
1654 2185 1771 2254 quis
1820 2185 2241 2252 presbyterorum
2287 2195 2335 2238 et

757 2276 1106 2328 diaronorum
1133 2293 1251 2328 cum
1279 2279 1456 2345 aliquo
1479 2277 1622 2329 litem
1657 2279 1888 2340 habebit,
1921 2295 2036 2330 eum
2067 2283 2153 2346 qui
2183 2297 2333 2332 accu-

758 2381 932 2429 salur,
967 2369 1181 2420 tertium
1209 2371 1399 2430 citare,
1429 2367 1714 2421 secundum
1773 2369 2072 2422 indicatum
2103 2372 2337 2436 modum,

759 2471 809 2514 et
875 2479 977 2516 non
1042 2465 1405 2530 obsequentem
1440 2465 1821 2518 condemnare:
1903 2467 2039 2528 lucc,
2089 2469 2337 2537 inquam,

760 2553 927 2606 verba
963 2569 1139 2622 neque
1166 2555 1456 2621 radicitus,
1491 2571 1664 2624 neque
1692 2557 1774 2610 vel
1808 2559 1968 2622 rami,
1999 2560 2082 2612 vel
2117 2561 2342 2616 corticis

761 2655 1013 2711 respectu
1046 2685 1058 2702 ,
1094 2645 1541 2714 jurisdictionem
1595 2645 1913 2702 chartularii
1956 2651 2008 2702 in
2051 2651 2340 2705 universos

764 2737 942 2791 sacris
974 2737 1224 2792 initiatos
1264 2746 1541 2801 evertunt,
1573 2747 1626 2793 et
1653 2741 1718 2793 ad
1750 2740 2068 2797 defensores
2105 2743 2344 2799 transfe-

765 2837 919 2880 ῙἹΙΙΙῙ.

837 2917 1048 2987 Quippe
1075 2935 1182 2973 non
1207 2920 1287 2976 sic
1311 2919 1707 2991 intelliguntur,
1747 2923 1810 2977 de
1837 2924 1997 2993 primi
2039 2923 2345 2978 defensoris

767 3013 1062 3078 sententia,
1107 3013 1260 3082 quasi
1311 3016 1486 3082 possit
1529 3017 1576 3069 is
1619 3031 1815 3085 cogere
1853 3018 1936 3071 vel
1981 3018 2183 3074 invitos
2223 3035 2343 3086 eos,

770 3100 862 3168 qui
910 3115 937 3152 a
985 3099 1234 3155 diaconis
1285 3111 1338 3155 et
1393 3103 1727 3172 presbyteris
1773 3106 2094 3173 quibusdam
2144 3121 2348 3162 conve-

769 3193 1016 3255 niuntur,
1062 3193 1310 3248 fortassis
1358 3195 1459 3264 ipsi
1505 3196 1645 3261 laici,
1695 3205 1750 3249 ut
1793 3199 1934 3264 apud
1965 3215 2088 3252 etim
2123 3214 2345 3255 causam

769 3283 978 3346 dicant,
1031 3284 1102 3337 ob
1149 3300 1310 3353 quam
1374 3287 1740 3356 postulantur.
1799 3287 1934 3342 Nam
1997 3293 2344 3345 temerarium

2441 2099 2815 2168 πρωτεκδίκου
2840 2097 3157 2166 λεγόμενον.
3176 2100 3256 2150 Τὰ
3277 2099 3332 2150 δὲ
3361 2100 3584 2166 ῥήματα
3610 2097 3702 2150 τοῦ
3726 2098 4027 2168 πρωτεκδε-

2441 2209 2537 2243 κου
2566 2191 2794 2259 βι6>.ίου,
2818 2190 2885 2243 τὰ
2911 2190 3054 2244 οὕτω
3080 2209 3198 2253 πως
3223 2191 3362 2244 κατὰ
3393 2193 3542 2262 ῥῆμα
3566 2192 4030 2259 διαλαμδανοντα·

2443 2281 2541 2332 Δεῖ
2580 2279 2756 2346 ὑμᾶς,
2787 2281 2843 2332 εἴ
2881 2298 2972 2345 τις
2995 2281 3116 2332 τῶν
3143 2281 3567 2346 πρεσϐυτέρων
3597 2281 3696 2334 καὶ
3733 2280 4040 2333 διακόνων

2444 2371 2622 2436 δίκην
2645 2371 2766 2434 ἕξει
2793 2371 2948 2438 μετά
2983 2389 3176 2436 τινος,
3206 2371 3638 2439 προκαλεῖσθαι
3659 2373 3706 2402 ⁸⁸
3729 2371 3836 2423 τὸν
3876 2370 4037 2438 διεγ-

2443 2466 2824 2529 καλούμενον
2853 2464 2920 2516 ἐκ
2954 2465 3154 2531 τρίτου
3192 2464 3342 2517 κατὰ
3382 2465 3491 2516 τὸν
3539 2461 3856 2530 είρημένρν
3902 2465 4043 2529 τρόο

2445 2571 2580 2618 πον,
2601 2555 2695 2607 καὶ
2711 2556 3129 2624 μὴὺπείκοντα
3148 2554 3580 2614 καταδικάζειν.
3604 2556 3678 2606 Οὑ
3709 2554 4042 2606 κατασπῶσι

2447 2648 2832 2718 προθέλυμνον,
2871 2649 2980 2701 οὐδ’
3022 2649 3082 2713 ἐξ
3123 2648 3586 2710 ἁποσπὰδος,οὑδ“
3614 2648 3678 2698 ἐκ
3699 2647 3908 2715 φλοιοῦ,
3944 2646 4046 2716 τὴν

2446 2741 2585 2791 κατὰ
2608 2740 2823 2792 παντων
2841 2740 2946 2792 τῶν
2981 2739 3292 2811 ἱερωμένων
3327 2739 3695 2792 δικαιοδοσίαν
3718 2738 3813 2790 τοῦ
3842 2755 4048 2807 χαρτοο

2449 2829 2688 2898 φύλακος
2712 2871 2727 2895 ,
2755 2831 2848 2882 καὶ
2877 2831 3014 2899 πρὸς
3077 2831 3204 2893 τοὺς
3244 2830 3493 2892 ἐκδίκους
3552 2830 4045 2899 μεταφυτεὺουσιν.

2521 2922 2656 2975 Οὐδὲ
2690 2923 2799 2991 γὰρ
2829 2921 3286 2990 ὲκλαμὸἀνονται,
3314 2921 3498 2983 καθώς
3526 2939 3698 2989 φησιν
3725 2924 3752 2974 ὁ
3791 2925 4051 2990 πρωτέκ-

2449 3013 2621 3076 δικος,
2685 3017 2762 3074 εἷς
2792 3013 2850 3065 τὺ
2886 3013 3148 3066 δύνασθαι
3193 3013 3383 3066 τοῦτον
3435 3013 3886 3081 καταναγκάζειν
3948 3016 4046 3066 καὶ

2449 3105 2682 3166 ἄκοντας
2715 3104 2844 3166 τοὺς
2875 3105 3247 3173 ἑναγομὲνους
3273 3103 3424 3174 παρᾶ
3451 3105 3716 3156 διακόνων
3774 3105 3872 3156 καὶ
3909 3123 4047 3174 πρε·

2456 3196 2735 3266 σευτέρων
2767 3197 2953 3260 τινῶν,
2991 3198 3122 3259 ἴσως
3142 3197 3304 3259 ὄντας
3332 3200 3424 3251 καὶ
3453 3199 3694 3259 λαῖκοὺῖ,
3750 3200 4050 3266 ἀπολογεῖ-

2456 3287 2578 3339 σθαι
2609 3289 2760 3355 παρὰ
2785 3289 2960 3359 τούτῳ
2990 3293 3117 3359 περὶ
3144 3286 3220 3342 ὧν
3249 3293 3283 3360 ἠ
3303 3291 3559 3353 αἰτίασις.
3595 3291 3770 3344 Τοῦτο
3796 3293 3907 3362 γὰρ
3953 3294 4052 3344 καὶ

769 3373 953 3430 istliuc
990 3383 1096 3440 est,
1133 3391 1194 3430 ac
1234 3391 1302 3429 ne
1351 3378 1700 3445 patriarcliali
1751 3379 1972 3447 quidem
2018 3395 2188 3433 sacra:
2232 3396 2345 3433 am-

2455 3381 2726 3450 τολμηρόν
2784 3358 2954 3448 ἐστιν,
3010 3358 3130 3435 οὑδὲ
3166 3387 3233 3453 τῇ
3272 3358 3658 3453 ἠπατριαρχικῇ
3710 3384 3832 3454 Θεία
3876 3358 4052 3453 μεγα-

775 3465 1028 3533 plitudini
1089 3483 1438 3533 concessum,
1499 3469 1665 3522 veluti
1721 3471 1931 3540 legibus
1988 3473 2346 3536 contrarium,

771 3572 893 3626 quae
931 3567 1146 3613 actores
1184 3560 1359 3613 forum
1411 3577 1628 3615 reorum
1675 3564 1828 3632 sequi
1868 3563 2077 3619 volunt.
2113 3566 2267 3630 Quod
2307 3568 2350 3620 si

771 3648 900 3716 quis
948 3650 1109 3716 primi
1167 3649 1472 3705 defensoris
1520 3662 1751 3708 mentem
1808 3655 2046 3723 probans
2098 3657 2244 3725 (nam
2299 3668 2354 3712 et

775 3740 1051 3812 maiitiose
1091 3743 1379 3810 agentibus
1409 3745 1552 3812 quod
1599 3745 1774 3806 aiunt,
1810 3748 2084 3801 interdum
2128 3749 2352 3802 benedi-

773 3833 964 3902 citur),
1015 3851 1155 3888 vano
1195 3851 1318 3888 cum
1372 3838 1519 3890 fastu
1572 3839 1852 3907 subjiciet,
1909 3839 2152 3893 indicata
2190 3845 2352 3896 verba

777 3923 922 3992 loqui
988 3925 1054 3977 de
1098 3927 1309 3982 duabus
1357 3928 1626 3995 partibus,
1695 3946 1814 3999 quae
1861 3931 2093 3986 diversis
2159 3935 2356 3988 studiis

777 4031 884 4068 non
933 4016 1378 4087 distinguantur;
1423 4021 1515 4074 sed
1558 4037 1674 4091 qua:
1717 4025 2024 4077 communis
2060 4025 2354 4079 sacerdotii

780 4108 1122 4176 professione
1169 4112 1476 4178 conjunctae
1522 4114 1633 4168 sint
1681 4131 1692 4164 :
1744 4115 1789 4168 is
1825 4115 2030 4178 audiet,
2063 4115 2164 4169 hoc
2199 4120 2358 4170 modo

781 4203 1127 4255 temerariam
1183 4205 1521 4259 vacationem
1569 4215 1622 4260 et
1681 4205 1967 4275 justicium
2025 4209 2189 4262 indici
2249 4225 2354 4263 non

781 4291 1098 4344 cbartularii
1141 4292 1410 4347 duntaxat
1455 4297 1829 4363 jurisdictioni
1861 4338 1874 4358 ,
1957 4313 2145 4350 verum
2195 4299 2357 4351 etiam

782 4380 953 4448 ipsius
985 4383 1368 4448 patriarcbalis
1401 4387 1762 4441 sacratissimi
1803 4387 2114 4441 tribunalis.
2145 4387 2359 4456 Quippe

781 4471 825 4522 si
875 4472 976 4526 hoc
1017 4488 1338 4528 concessum
1383 4478 1474 4539 sit,
1525 4478 1735 4544 primus
1783 4478 2041 4531 defensor
2080 4480 2174 4547 jus
2216 4479 2361 4534 dicet

781 4560 1066 4625 audacter,
1120 4564 1229 4617 imo
1284 4580 1538 4633 suprema
1589 4583 1713 4619 cum
1764 4575 2054 4635 potestate,
2093 4569 2358 4626 adversus

779 4650 1087 4719 pontiﬁces.
1142 4662 1196 4708 et
1258 4656 1542 4720 diaconos,
1607 4667 1660 4710 et
1719 4658 1964 4726 reliquos
2018 4659 2356 4726 sacerdotes,
2393 4687 2436 4741 Β

782 4743 997 4809 magnis
1049 4759 1443 4813 nonnunquam
1498 4747 1859 4817 dignitatibus
1924 4750 2189 4818 insignes.
2239 4767 2359 4820 qua:

783 4832 960 4901 ipsius
1012 4835 1176 4888 etiam
1232 4840 1390 4904 primi
1445 4839 1757 4894 defensoris
1811 4841 2246 4908 jurisdictionem
2293 4859 2357 4897 ex

785 4925 1054 4982 diametro
1089 4932 1496 4984 transcendant.
1543 4931 1686 4996 Quin
1734 4940 1788 4985 ct
1830 4933 2213 5003 episcopianos
2254 4936 2358 4989 sibi

786 5019 1064 5074 vindicare
1094 5021 1400 5086 conabitur,
1427 5024 1587 5077 veluti
1615 5024 1707 5092 qui
1736 5026 1972 5094 episcopi
2010 5026 2356 5080 ratiocinium

787 5110 1016 5164 sortitus
1051 5112 1141 5165 sit.
1197 5113 1349 5176 Quod
1406 5129 1560 5174 sane.
1597 5130 1760 5182 quam
1815 5115 2108 5169 absurdum
2156 5118 2248 5179 sit,
2293 5131 2361 5171 ne

787 5199 893 5251 dici
927 5202 1140 5265 quidem
1187 5211 1447 5257 meretur.
1499 5205 1773 5259 Caeterum
1814 5206 1961 5273 quod
1999 5207 2220 5274 quidam
2261 5207 2356 5270 ait,

787 5304 882 5342 eos
917 5291 1008 5358 qui
1045 5306 1073 5343 a
1109 5295 1487 5350 sacerdotibus
1520 5297 1662 5366 apud
1697 5297 2028 5352 defensores
2058 5299 2128 5352 ob
2162 5313 2360 5367 quam-

790 5397 1003 5448 cunque
1029 5398 1248 5436 causam
1284 5386 1362 5438 vel
1396 5387 1632 5452 civilem,
1666 5389 1746 5442 vel
1785 5388 2150 5452 critniualem,
2187 5391 2237 5442 in
2272 5390 2362 5456 jus

791 5475 1053 5539 rapiatur,
1084 5491 1178 5544 per
1210 5485 1318 5531 tres
1347 5479 1794 5534 denuntiationes
1821 5495 1944 5534 esse
1975 5481 2360 5544 arcessendos,

794 5573 847 5615 ct
893 5567 1338 5621 candemnan.'os
1392 5569 1435 5622 si
1490 5585 1598 5622 non
1682 5580 2038 5640 compareant
2087 5569 2166 5635 (id
2215 5571 2361 5624 enim

797 5658 1019 5710 ouuiino
1056 5658 1140 5710 fiat
1181 5675 1400 5715 necesse
1445 5671 1526 5715 est
1577 5662 1619 5716 si
1673 5677 1995 5719 concessum
2048 5663 2230 5727 fuerit,
2271 5677 2364 5730 per

2457 3472 2692 3541 λειῦτητι
2740 3475 2970 3537 δέδοται,
3031 3476 3106 3538 ὠς
3172 3477 3492 3528 ὑπεναντίον
3528 3478 3641 3538 τοῖς
3689 3477 3900 3543 νόμοις,
3936 3479 4054 3538 τοῖς

2455 3562 2842 3632 διοριζομένοις
2859 3566 2967 3617 τῶν
2995 3567 3342 3634 ὲναγομένων
3369 3567 3447 3636 τῷ
3470 3568 3619 3636 φέρω
3652 3568 3777 3628 τοὺς
3813 3568 4050 3634 ἔνατον-

2455 3655 2820 3715 ταςὲπεσοαι.
2855 3659 2915 3708 ΕΞ
2947 3656 3001 3708 δέ
3041 3674 3127 3719 τις
3150 3657 3243 3710 τοῦ
3265 3658 3698 3727 πρωτεκδικικοῦ
3737 3659 4054 3725 Θελήματος

2457 3747 2815 3814 ἀντεχόμενος
2841 3747 3208 3814 (εὐλογοῦνται
3257 3749 3390 3817 γὰρ,
3428 3748 3585 3817 φησὶ,
3613 3748 3708 3800 καὶ⁵
3758 3764 4054 3816 κακοπρα-

2459 3837 2682 3902 γοῦντες
2728 3840 2943 3904 ἐνίοτε),
2983 3839 3247 3908 ὑποθήσει
3285 3839 3659 3907 κενεμϐατῶν,
3688 3841 3757 3889 τὰ
3813 3840 4056 3907 ρηθέντα.

2463 3928 2683 3994 ῥήματα
2711 3928 3050 3992 διαλέγεσθαι
3065 3929 3193 3998 περὶ
3217 3929 3399 3997 μερῶν
3419 3929 3492 3998 μὴ
3527 3927 3906 3996 μεριζομένων
3931 3930 4054 3980 δια-

2469 4021 2656 4088 φόροις
2684 4019 3135 4087 ἐπιτηδεύμασιν,
3172 4019 3603 4089 ἀλλ’ἠνωμένων
3623 4020 3721 4085 τῆς
3748 4020 4054 4087 ἱερωσύνης

2459 4111 2536 4180 τῷ
2569 4111 2966 4178 ἐπαγγέλματι,
2999 4111 3224 4162 ἀκούσει
3253 4111 3342 4162 διὰ
3396 4109 3588 4162 τούτου
3616 4111 3816 4179 σχολὴν
3845 4112 4054 4180 τολμηο

2464 4202 2566 4272 ραν
2599 4201 3076 4271 καταψηφίζεσθαι
3112 4201 3205 4253 καὶ
3238 4201 3568 4270 παρόρασιν,
3633 4202 3705 4268 μὴ
3760 4200 3924 4269 μόνον
3953 4206 4055 4269 τῆς

2461 4291 2823 4352 δικαιοδοσίας
2850 4290 2946 4342 τοῦ
2988 4289 3424 4360 χαρτοςςύλακος,
3463 4289 3600 4341 ἀλλὰ
3645 4291 3737 4340 καὶ
3789 4291 3885 4340 τοῦ
3942 4306 4053 4342 :1-

2462 4381 2786 4451 τριαρχικοῦ
2822 4381 3099 4433 θειοτάτου
3137 4381 3402 4449 βήματος.
3439 4380 3500 4432 Εἰ
3525 4380 3633 4448 γὰρ
3654 4382 3816 4431 τοῦτο
3845 4380 4052 4448 δοθείη,

2465 4473 2864 4541 δικαιώοτήσει
2895 4470 3266 4542 ῦαρῥούντως,
3301 4471 3537 4539 μάλιστα
3566 4469 3610 4521 δ’
3641 4473 3819 4520 εἰπεῖν
3854 4471 4055 4522 αὑῠεν-

2463 4565 2628 4625 τικῶς
2662 4566 2690 4616 ὁ
2729 4562 3122 4632 πρωτέκδικος,
3169 4563 3309 4615 κατὰ
3356 4561 3683 4630 ἀρχιερέων,
3737 4559 4057 4612 1116:125-

2463 4673 2588 4716 νων,
2627 4655 2722 4707 καὶ
2751 4655 2959 4707 λοιπῶν
2979 4653 3089 4706 τῶν
3117 4653 3210 4706 τοῦ
3236 4653 3502 4724 βήματος,
3533 4651 3685 4704 εστιν
3716 4653 3806 4704 ὅτε
3831 4653 3929 4703 καὶ
3955 4670 4057 4720 με-

2463 4747 2606 4814 γαλα
2635 4746 3048 4815 διαπρεπὸντων
3086 4745 3340 4814 ὀφφίκια,
3401 4745 3496 4798 καὶ
3533 4746 3633 4814 τὴν
3689 4746 4057 4814 πρωτεκδικι-

2467 4839 2568 4908 κὴν
2627 4838 3045 4906 ίουρισδικτίονα
3106 4836 3247 4890 κατὰ
3297 4837 3590 4905 διάμετρον
3647 4838 4052 4904 ὑπερπαίοντα.

2467 4930 2700 4997 Ζητήσει
2726 4930 2781 4981 δὲ
2809 4930 2902 4982 καὶ
2935 4930 3061 4990 τους
3088 4928 3548 4987 ἐπισκοπειανοῦς
3598 4928 4051 4995 σφετερίσασθαι,

2463 5020 2538 5082 ὠς
2561 5021 2861 5072 ἐπισκόπου
2895 5021 3320 5088 κληρωσαμενος
3373 5018 3706 5086 λογοοέσιον.
3737 5017 3886 5072 Ὀπε
3898 5037 3927 5087 ρ
3982 5021 4055 5080 ὡς

2465 5110 2686 5172 ἄτοπον,
2752 5111 2870 5163 οὐδὲ
2919 5111 3172 5176 λέγεσθαι
3227 5111 3400 5176 ἄξιον.
3458 5110 3532 5161 Τὸ
3586 5111 3639 5161 δὲ
3671 5110 3858 5174 λέγειν
3905 5112 4052 5169 τινα,

2464 5206 2588 5265 τοὺς
2631 5203 2957 5270 ἑλκομένους
2999 5203 3152 5270 παρά
3173 5204 3284 5263 τοῖς
3325 5202 3561 5263 ἐκδίκοις
3582 5201 3689 5252 ὑπό
3724 5218 3894 5253 τινων
3949 5203 4054 5254 τῶν

2466 5294 2561 5346 τοῦ
2609 5295 2854 5363 βήματος
2921 5295 3049 5362 περὶ
3125 5294 3476 5362 χρηματικῆς
3541 5292 3573 5359 ἢ
3631 5291 4057 5359 ἑγκληματικῆς

2466 5389 2799 5456 οἱασδήτινος
2830 5388 3160 5447 ὑποθέσεως,
3186 5385 3424 5452 ὀφείλειν
3476 5383 3910 5452 μετακαλείσῡαι
3971 5384 4057 5435 διὰ

2473 5478 2804 5547 μηνυμάτων
2835 5477 3022 5544 τριῶν,
3046 5475 3141 5527 καὶ
3177 5473 3636 5537 καταδικάζεσθαι
3696 5475 3772 5542 μὴ
3812 5475 4057 5526 ὑπείκον-

2472 5588 2570 5630 τας
2605 5569 2768 5631 (οὓτω
2799 5569 2906 5636 γὰρ
2935 5570 3149 5637 ἀνάγκη
3176 5568 3326 5618 πᾶσα
3373 5567 3655 5635 πρόκειται
3689 5565 3968 5632 γίνεσθαι,
4010 5567 4057 5616 ει

2469 5661 2647 5732 δοθείη
2679 5663 2764 5715 διὰ
2792 5661 2900 5713 τῶν
2924 5662 3197 5732 ῥηθέντων
3249 5660 3514 5730 ῥημάτων
3560 5658 3657 5711 τοῦ
3692 5674 3879 5728 πρωτε
3893 5659 4059 5710 26:11-

2105 5805 2332 5860 \'ARI;’E
2374 5806 2772 5861 LECTIONES.
