4198 6444
161 422 303 488 1185

1452 423 2018 490 GRrﬁCO—ROMAN
2031 423 2161 485 UM.

3302 420 3441 485 118.6

155 538 258 590 κοῦ
306 535 519 605 βιϐλίου
551 537 738 591 λαϐεῖν
793 538 884 592 τὸν
914 540 1292 610 πρωτέκδικον
1360 542 1569 605 ἄδειαν,
1625 544 1791 612 περὶ,

1867 542 2104 596 indicata
2156 541 2319 596 verba
2370 540 2492 595 libri
2543 541 2612 596 de
2661 538 2838 595 otlicio
2895 538 3056 607 primi
3111 539 3440 602 defensoris.

154 633 345 700 πάσης
375 631 687 694 ὑποθέσεως
712 631 955 696 δικάζειν
978 633 1263 697 διακόνους
1294 636 1391 688 καὶ
1428 637 1594 704 ἱερεῖς
1616 635 1756 706 μετά

155 724 270 776 τῶν
301 723 728 778 ἁντιθετούντων
755 723 986 795 αὐτοῖς),
1017 727 1137 794 πῶς
1161 727 1261 780 οὐκ
1292 726 1410 780 ἐστι
1436 728 1535 797 τῆς
1567 744 1754 798 πρωτ-

156 817 451 887 εκδικικῆς
478 817 670 886 σοφίας
703 817 964 882 άνάξιον;
997 817 1171 872 Βασαὶ
1195 819 1324 889 γὰρ,
1359 819 1505 871 πόσα
1560 819 1754 870 τούτου

156 907 413 970 δοθέντος
452 906 773 961 άθετοῦνται
810 907 1063 961 θειότατα
1110 908 1352 978 νόμιμαί
1408 908 1552 960 πόσα
1599 906 1755 976 βασι·

158 1001 300 1053 λέων
359 998 658 1070 ὁρθοδόξων
731 997 1200 1070 θεσπιωὸήματαί
1283 1000 1426 1053 πόσα
1493 998 1756 1068 Πατέρων

158 1093 329 1147 θείων
391 1093 644 1162 δόγματα
691 1094 786 1146 καὶ
821 1093 1166 1164 διδάγματα,
1220 1095 1347 1157 τοὺς
1393 1094 1756 1163 ἑναγομένους

161 1183 440 1245 παντοίως
475 1184 803 1251 συνάγοντα,
833 1182 975 1255 [καὶ]
1021 1185 1090 1238 δι’
1125 1186 1574 1256 ἐπιφωνημάτων
1598 1201 1757 1255 τριαο

161 1275 530 1344 κονθημέρων
557 1275 1094 1345 μετακαλουμένους,
1148 1278 1245 1330 καὶ
1289 1276 1510 1338 διπλαῖς
1557 1276 1758 1346 ἐκκλή-

162 1384 282 1429 τοις
311 1367 414 1435 τὴν
447 1366 657 1421 τούτων
691 1368 992 1438 καταδίκην
1039 1369 1474 1440 μετεωρίζονταῐ
1532 1369 1758 1432 Πάντως

163 1457 362 1522 πολλὰ,
407 1459 502 1510 καὶ
563 1455 740 1510 πάντα
793 1456 980 1526 σχεδὸν
1047 1457 1284 1526 ἀριθμὸν
1332 1455 1754 1526 ὑπερσαίνοντα.

161 1547 471 1617 Συνάγεται
501 1548 681 1601 τοίνυν
721 1547 1118 1620 άπροσπαθῶς,
1148 1549 1245 1602 καὶ
1300 1548 1402 1619 τὴν
1434 1549 1499 1602 ἐκ
1553 1549 1758 1602 τούτων

157 1639 275 1690 τῶν
309 1639 571 1708 ῥημάτων
605 1639 1046 1709 άναφαινομένην
1076 1640 1237 1708 δῆθεν
1258 1639 1531 1707 ἀσάφειαν
1549 1655 1760 1709 συναρ-

165 1731 523 1800 μυ).ογείσθαι
568 1729 750 1793 καλῶς
808 1734 875 1800 τῇ
909 1731 1040 1800 περὶ
1089 1730 1418 1800 ἐλευθεριῶν
1455 1730 1617 1800 λοιπῇ
1661 1728 1758 1783 τοῦ

163 1822 380 1892 βιϐλίου
414 1825 600 1891 γραφῇ
631 1838 642 1850 ·
682 1822 776 1874 καὶ
803 1823 932 1884 τοὺς
965 1823 1119 1894 παρά
1145 1822 1542 1893 πρεσϐυτέρων
1577 1822 1609 1891 ἦ
1639 1821 1760 1875 δια-

161 1914 344 1966 κὰνων
378 1913 704 1982 ἑλκομένους
729 1914 878 1983 παρά
907 1916 1020 1976 τοῖς
1053 1913 1503 1977 θεοσεδεστάτοις
1521 1913 1760 1977 ἐκδίκοις
1791 1893 1835 1949 Β

164 2004 332 2072 χάριν
350 2003 880 2071 ἐλευθεροϐοούντων
918 2005 951 2073 ἢ
1007 2005 1544 2074 δουλαγωγουμένων
1573 2005 1757 2070 τινῶν,

173 2097 274 2149 καὶ
311 2095 455 2164 μετά
483 2098 632 2165 τρεῖς
663 2095 946 2160 διαλαλιάς
992 2097 1067 2167 μὴ
1125 2097 1493 2167 πειθομένους
1561 2097 1757 2160 ἐλθεῖν,

169 2189 496 2258 μονομερῶς
533 2189 986 2259 κατακρίνεσθαι,
1026 2189 1114 2243 διὰ
1158 2191 1226 2242 τά
1269 2190 1478 2260 νόμιμα
1509 2189 1627 2242 θεῖα
1676 2189 1762 2241 θε-

166 2283 481 2349 σπίσματα,
517 2281 583 2334 τά
637 2283 737 2350 τὴν
787 2281 1104 2351 ἐλευθερίαν
1155 2283 1295 2352 ὑπὲρ
1349 2282 1526 2334 πάντα
1577 2281 1760 2349 σχεδὸν

166 2373 608 2441 περιθάλποντα,
679 2374 776 2428 καὶ
835 2374 894 2438 ἐξ
946 2374 1208 2427 ἐπιπέδου
1261 2373 1609 2442 διοριζόμενα
1662 2373 1760 2441 τὴν

166 2464 378 2533 ταύτης
411 2466 640 2536 ζήτησιν
683 2465 950 2533 γίνεσθαι,
993 2467 1088 2517 καὶ
1145 2466 1219 2535 μὴ
1263 2465 1592 2533 ὠφελεῖσθαι
1632 2468 1758 2526 τοὺς

166 2557 313 2610 οὕτω
341 2557 438 2626 τὴν
473 2557 775 2626 καταδῐκην
805 2555 929 2609 καθ’
963 2556 1173 2610 ἑαυτῶν
1231 2557 1644 2626 σχεδιάσαντας,
1694 2558 1760 2608 ἐκ

167 2649 265 2700 τοῦ
292 2643 432 2702 εἶναι
461 2648 555 2701 τοῦ
589 2649 830 2718 βήματος
865 2649 966 2718 τῆς
1005 2648 1319 2716 ἐλευθερίας
1377 2650 1502 2711 τοὺς
1539 2649 1759 2718 ἀντιλή-

171 2756 408 2809 πτορας.
451 2740 609 2793 Οὕτω
643 2740 700 2793 δὲ
728 2740 936 2794 τούτων
977 2742 1234 2810 ἐχόντων,
1277 2739 1503 2802 δικαίως
1525 2742 1760 2809 ἐπιτρα-

171 2832 413 2898 πήσεται
439 2834 468 2884 ὁ
509 2832 906 2902 πρωτέκδικος,
959 2832 1068 2884 τῶν
1103 2833 1201 2900 μὲν
1257 2832 1417 2901 χάριν
1445 2830 1758 2902 ἐλευθερίας

168 2924 275 2988 τὴν
307 2923 780 2992 ἐκκλησιαστικὴν
813 2922 1126 2992 ζητούντων
1163 2923 1433 2992 βοήθειαν,
1495 2924 1635 2993 μετὰ
1684 2925 1762 2976 δι-

176 3015 492 3076 καιοδοσίας
527 3015 1030 3084 ἀντιλαμϐάνεσθαι
1061 3032 1075 3045 ·
1111 3014 1221 3066 τῶν
1249 3014 1306 3067 δὲ
1343 3016 1548 3068 λοιπῶν
1590 3032 1760 3085 προσο

172 3105 369 3172 φύγων
418 3105 842 3168 ἀντιποιεῖσθαι,
894 3105 1082 3174 ὥσπερ
1107 3106 1200 3157 καὶ
1231 3105 1365 3159 ὅπου
1400 3105 1713 3176 νενόμισται
1741 3120 1757 3135 ⁶

1861 642 2184 706 potestatem
2222 633 2485 704 consequi
2538 635 2775 702 primum
2829 632 3213 696 defensorem,
3250 636 3445 705 quavis

1860 727 1916 780 in
1966 741 2131 781 causa
2175 723 2466 794 judicandi
2518 725 2781 778 diaconos
2833 731 2887 778 et
2931 724 3265 788 sacerdotes,
3317 740 3442 778 cum

1859 833 2052 875 eorum
2089 817 2472 886 adversariis),
2515 816 2569 870 id
2611 831 2739 870 vero
2775 831 2880 884 quo
2915 825 3076 885 pacto
3113 817 3443 885 sapientiam

1859 911 2023 980 primi
2073 908 2392 965 defensoris
2437 924 2543 962 non
2598 908 2882 978 indignum
2928 911 3053 962 est?
3096 909 3273 976 Babm,
3310 918 3445 979 quot

1860 1003 1954 1057 illo
1997 1017 2269 1058 concesso
2309 1002 2697 1057 sacratissima:
2741 1002 2888 1070 leges
2933 1001 3255 1054 abolentur!
3314 1011 3449 1070 quot

1859 1093 2294 1148 orthodoxorum
2330 1093 2638 1163 principum
2669 1093 3020 1146 sanctiones!
3057 1100 3192 1161 quot
3227 1101 3450 1146 sancto-

1859 1198 1982 1238 rum
2036 1181 2262 1236 Patrum
2325 1183 2547 1238 decreta
2608 1185 2813 1252 pariter
2855 1192 2908 1237 et
2961 1181 3273 1236 doctrinae?
3326 1198 3448 1252 quat

1861 1276 2032 1332 variis
2074 1275 2252 1330 modis
2298 1276 2407 1330 reis
2444 1274 2649 1339 favent,
2681 1275 2810 1328 dum
2851 1290 2951 1332 eos
2998 1291 3096 1344 per
3128 1274 3306 1328 edicta
3343 1276 3446 1327 tri-

1859 1369 2008 1442 ginta
2055 1370 2267 1425 dierum
2299 1380 2609 1435 arcessunt,
2647 1378 2703 1424 et
2731 1369 2947 1424 duabus
2987 1369 3448 1435 appellationibus

1859 1461 2376 1517 condemnationem
2416 1475 2606 1516 eorum
2637 1461 3029 1529 suspendunt?
3057 1459 3257 1524 Multas,
3303 1461 3447 1513 haud

1861 1553 2049 1617 dubie,
2083 1563 2245 1621 atque
2277 1567 2498 1606 omnem
2531 1566 2822 1605 numerum
2871 1552 3219 1606 excedentes.
3263 1552 3449 1621 Itaque

1863 1646 2018 1700 nullo
2053 1645 2454 1700 interveniente
2485 1644 2655 1698 animi
2695 1644 2893 1698 alIet-tu
2934 1645 3235 1715 colligitur,
3264 1660 3446 1699 einer-

1863 1747 2079 1806 gentem
2133 1752 2198 1790 ex
2248 1736 2400 1790 hisce
2443 1734 2622 1790 verbis
2666 1735 3060 1790 obscuritatem
3109 1736 3445 1805 ambiguam,

1863 1836 2010 1882 recte
2045 1827 2328 1881 conciliari
2365 1841 2461 1896 per
2495 1826 2571 1891 id,
2603 1826 2750 1896 quod
2792 1826 2848 1880 in
2882 1826 3074 1881 eodem
3119 1827 3259 1881 libro
3294 1827 3448 1880 dein-

1862 1933 1992 1988 ceps
2026 1919 2394 1986 perscriptum
2439 1926 2525 1970 est
2567 1917 2633 1971 de
2668 1917 3013 1972 libertatibus
3041 1918 3300 1971 nimirum
3328 1933 3443 1979 eos,

1863 2010 1958 2079 qui
1991 2024 2021 2062 a
2054 2009 2390 2080 presbyteris
2429 2009 2512 2064 vel
2545 2009 2793 2064 diaconis
2834 2021 3193 2066 arcessantur
3224 2012 3289 2064 ad
3322 2013 3448 2065 reli-

1863 2101 2220 2172 giosissimos
2251 2101 2580 2156 defensores
2614 2102 2834 2156 illorum
2869 2118 3059 2167 causa,
3090 2105 3184 2172 qui
3227 2105 3446 2173 procla-

1863 2203 2016 2247 mant
2047 2194 2112 2247 ad
2148 2194 2480 2256 libertatem,
2517 2193 2600 2245 vel
2638 2191 2691 2245 in
2723 2195 3040 2248 servitutem
3077 2195 3444 2264 abripiuntur,

1862 2286 1909 2340 si
1942 2293 2064 2353 post
2102 2285 2276 2339 edicta
2319 2285 2423 2338 tria
2470 2293 2722 2339 recusent
2763 2300 3112 2354 comparere,
3169 2303 3273 2340 una
3302 2287 3446 2339 dun-

1862 2382 2013 2428 taxat
2059 2386 2212 2444 parte
2254 2384 2524 2444 prtesente
2570 2375 2955 2441 condemnari,
2998 2386 3219 2446 propter
3260 2393 3448 2432 sacra:

1857 2465 2002 2535 juris
2036 2467 2375 2530 sanctiones,
2417 2481 2538 2536 qua:
2584 2467 2891 2522 libertatem
2936 2483 3105 2538 prope
3151 2484 3314 2538 supra
3363 2485 3448 2522 res

1863 2571 2055 2612 omnes
2083 2557 2289 2622 fovent,
2321 2571 2373 2613 et
2404 2561 2604 2628 inquiri
2630 2560 2696 2615 de
2740 2562 2840 2616 hac
2873 2561 3090 2630 jubent,
3120 2576 3183 2616 ex
3216 2561 3450 2630 simplici

1861 2657 1915 2704 et
1940 2650 2139 2719 plano;
2172 2666 2273 2704 nec
2307 2651 2378 2703 ita
2408 2649 2804 2705 condemnatos
2833 2650 3130 2720 quidquam
3156 2666 3221 2704 ex
3245 2666 3308 2705 eo
3325 2652 3451 2704 sub-

1865 2740 2210 2808 sidiieapere
2257 2742 2470 2804 volunt,
2510 2743 2656 2810 quod
2682 2742 2949 2796 libertatis
2994 2753 3450 2812 propugnatores,

1863 2833 2006 2886 sacri
2054 2833 2165 2886 sint
2219 2834 2430 2888 ordinis
2490 2833 2764 2889 homines.
2835 2833 2970 2898 Quae
3019 2849 3145 2888 cum
3205 2835 3279 2886 ita
3317 2834 3446 2895 sint,

1863 2923 2011 2978 haud
2047 2924 2146 2978 abs
2184 2939 2241 2978 re
2279 2924 2457 2993 primo
2494 2924 2767 2980 defensori
2831 2925 3162 2993 permissum
3213 2924 3340 2991 erit,
3397 2935 3456 2978 ut

1863 3015 1932 3071 iis
1999 3015 2241 3086 quidem,
2298 3017 2394 3086 qui
2480 3031 2638 3086 opem
2689 3015 3119 3072 ecclesiasticam
3186 3017 3454 3072 libertatis

1863 3123 2034 3164 causa
2070 3109 2391 3178 implorant,
2422 3123 2519 3176 per
2549 3108 2994 3177 jurisdictionem
3050 3124 3206 3164 suam
3258 3109 3455 3162 subve-

173 3198 274 3250 καὶ
307 3197 666 3249 συνίστασθαι
707 3196 908 3266 μᾶλλον
937 3196 1175 3259 τούτοις,
1203 3201 1298 3249 καὶ
1355 3197 1592 3249 ἐκδικεῖν
1648 3195 1760 3250 ἀπὸ

1868 3200 2020 3255 niat:
2065 3207 2120 3253 at
2174 3199 2516 3268 reliquorum
2569 3200 2636 3253 ad
2686 3199 2962 3255 Ecclesias
3018 3199 3450 3270 confugientium

171 3287 288 3339 τῶν
319 3286 737 3357 ἐπηρεαζόντων
769 3288 989 3350 αὐτοὺς,
1015 3287 1197 3349 καθώς
1232 3305 1334 3340 που
1361 3289 1452 3340 καὶ
1478 3289 1761 3356 κέκληται.

173 3377 335 3430 Οὖτω
361 3378 473 3448 γάρ
503 3378 696 3442 ποιῶν,
727 3379 824 3430 καὶ
854 3378 1097 3446 φυλάξας
1144 3379 1304 3440 ὁσίως
1342 3380 1411 3430 τά
1441 3381 1586 3444 ὅσια,
1617 3379 1765 3432 δεόν-

173 3486 285 3533 τως
307 3470 694 3541 ὀσιωθήσεται.
722 3472 832 3523 Καὶ
861 3471 1032 3524 ταῦτα
1063 3469 1164 3539 μὲν
1215 3470 1581 3540 ἀποχρώντως
1603 3472 1766 3541 ἐγρά-

176 3577 362 3630 φησαν
397 3563 479 3624 είς
536 3562 817 3632 ἐκτροπὴν
862 3561 976 3614 τῶν
1036 3563 1189 3632 παρά
1237 3562 1334 3615 τοῦ
1389 3564 1765 3632 πρωτεκόίκου

177 3654 614 3724 προτιθεμένων,
659 3655 756 3706 καὶ
817 3653 1276 3724 παρασπωμένων
1335 3654 1404 3706 τά
1456 3653 1608 3723 παρά
1671 3654 1764 3706 τοῦ

175 3746 605 3816 χαρτοφύλακος
636 3746 946 3816 ἀμέμπτως
984 3746 1258 3816 νεμόμενα
1297 3745 1499 3800 δίκαια.
1548 3747 1767 3816 Ῥητέον

174 3840 233 3891 δὲ
257 3843 354 3892 καὶ
377 3839 448 3892 τά
475 3840 816 3894 συνιστῶντα
875 3839 967 3891 τὶν
997 3839 1409 3908 χαρτοφύλακα.
1435 3840 1660 3892 Είπάτω
1709 3839 1766 3891 δὲ

179 3934 387 4006 μᾶλλον
412 3935 582 3987 ταῦτα
606 3935 704 4004 τῆς
737 3933 993 4001 ἀληθείας
1024 3936 1082 3986 τὸ
1106 3936 1300 4004 στόμα,
1324 3934 1418 3987 καὶ
1440 3933 1538 4002 τῆς
1565 3932 1768 3986 δικαιο-

179 4029 349 4096 σύνης
380 4031 408 4079 ὁ
457 4027 630 4096 ἥλιος.
672 4029 806 4081 Οὖδέ
841 4029 950 4096 γάρ
1006 4028 1220 4081 οἴκοθεν
1254 4029 1503 4096 εἴπωμεν
1559 4027 1766 4096 ἐπιμύ-

179 4120 318 4182 θιον,
347 4120 493 4172 κατὰ
512 4121 638 4182 τοὺς
667 4119 1038 4190 κνηθομένους
1063 4119 1162 4182 τὰς
1186 4120 1382 4183 ἀκοάς,
1412 4118 1490 4188 τῷ
1515 4119 1658 4187 λόγῳ
1674 4118 1767 4170 τοῦ

178 4211 559 4282 διαφέροντος,
582 4213 674 4264 καὶ
713 4212 839 4274 τοὺς
871 4213 964 4265 ἐπί
995 4211 1184 4270 ὓδατος
1212 4212 1521 4278 ἀντιλογίας
1542 4211 1768 4280 δοκιμά-

181 4305 384 4367 (om;
437 4304 506 4355 τὰ
559 4303 886 4373 ἀμφίϐολαο
931 4291 1045 4357 ἀλλ’
1078 4305 1264 4356 ἐκεῖνα
1305 4303 1536 4373 διπλόης
1587 4304 1769 4374 πάσης

181 4395 346 4456 ἐκτὸς
388 4396 768 4464 σχεδιάσομεν,
804 4396 904 4447 ὅσα
954 4397 1120 4464 πεῖρα
1169 4395 1381 4464 μακρά,
1431 4394 1526 4446 καὶ
1578 4395 1769 4467 χρόνος

182 4488 379 4551 πολὺς,
413 4488 511 4540 καὶ
543 4487 706 4540 θείων
733 4486 969 4556 Γραφῶν
995 4488 1302 4554 ἀνάγνωσις
1329 4488 1473 4556 ἡμᾶς
1527 4487 1769 4541 ἀνεδίδα-

1867 3306 2090 3347 causam
2137 3299 2376 3352 tueatur,
2414 3292 2877 3360 quemadmodum
2913 3303 2966 3346 et
3001 3292 3089 3346 ubi
3128 3293 3339 3360 legibus
3372 3300 3456 3344 est

1868 3385 2152 3438 delinitum
2193 3399 2206 3436 :
2257 3383 2502 3452 adeoque
2534 3385 2718 3453 potius
2756 3385 2840 3438 bis
2896 3385 3136 3446 assistat,
3171 3393 3222 3436 et
3266 3384 3454 3437 defen-

1868 3477 1963 3531 dat
2033 3491 2128 3531 eos
2205 3477 2274 3530 ab
2359 3475 2725 3530 inferentibus
2802 3476 3087 3544 injuriam,
3139 3477 3304 3530 sicuti
3357 3491 3458 3530 no-

1869 3569 2034 3624 minis
2099 3569 2273 3637 ipsius
2323 3568 2464 3622 ratio
2520 3568 2777 3637 postulat.
2840 3567 2974 3621 Nam
3009 3569 3081 3621 ita
3110 3569 3154 3623 si
3189 3584 3247 3623 se
3281 3579 3455 3638 geret,

1869 3676 1933 3715 ac
1964 3669 2155 3716 sancte
2197 3671 2386 3715 sancta
2431 3661 2776 3724 servaverit,
2833 3661 2976 3715 hami
3022 3661 3186 3715 dubie
3230 3677 3458 3716 venera-

1869 3752 2072 3806 tionem
2109 3751 2426 3806 merebitnr.
2460 3749 2521 3804 Et
2554 3750 2668 3804 haec
2693 3749 2912 3818 quidem
2948 3753 3151 3818 scripta
3184 3749 3457 3803 suniciant

1869 3841 1936 3894 ad
1971 3857 2035 3896 ca
2075 3839 2418 3905 divertenda,
2464 3856 2586 3909 qua:
2628 3855 2658 3893 a
2711 3841 2887 3910 primo
2929 3839 3220 3894 defensore
3264 3839 3448 3907 profe-

1871 3942 2088 3995 runtur,
2137 3945 2201 3985 ac
2241 3930 2367 3998 jura
2413 3930 2748 3994 convellunt,
2793 3930 2846 3982 in
2899 3945 3132 3998 rpiorum
3183 3929 3456 3998 inculpata

1872 4024 2226 4093 possessione
2266 4021 2637 4076 cllat‘lularius
2680 4031 2782 4076 est.
2830 4019 2990 4074 Nunc
3026 4021 3094 4074 de
3131 4021 3198 4076 iis
3238 4037 3456 4090 quoque

1871 4113 2191 4177 dicendum,
2219 4128 2343 4182 quae
2386 4127 2487 4181 pro
2519 4112 2856 4166 ebartulario
2895 4110 3127 4165 faciunt.
3179 4111 3274 4165 γει
3309 4111 3459 4164 ιίὶριιι

1871 4222 1934 4262 ea
1983 4207 2166 4274 potius
2206 4206 2384 4273 ipsum
2418 4204 2664 4258 veritatis
2700 4219 2782 4266 os,
2826 4213 2881 4256 ct
2926 4205 3008 4258 sol
3048 4203 3296 4272 justitim.
3339 4201 3458 4254 Non

1871 4302 2017 4357 enim
2048 4316 2113 4354 ex
2152 4299 2306 4353 nobis
2347 4297 2588 4351 fabulam
2631 4296 2951 4359 aﬂeremus,
2987 4297 3165 4350 instar
3210 4297 3450 4357 illorum,

1872 4394 2071 4464 quibus
2102 4407 2264 4446 aures
2309 4391 2567 4460 pruriunt
2597 4389 2663 4442 ad
2710 4388 3016 4442 orationem
3062 4387 3129 4441 de
3193 4403 3258 4439 co
3311 4391 3456 4455 quod

1874 4485 2008 4555 ipsis
2049 4483 2298 4552 expedit;
2335 4491 2387 4536 et
2423 4496 2612 4536 eorum
2649 4495 2826 4542 more,
2863 4480 2956 4548 qui
2989 4479 3056 4532 ad
3088 4493 3284 4548 aquam
3324 4494 3458 4532 con-

183 4581 304 4644 ξαν.
347 4582 608 4650 Ἀρκτέον
630 4576 746 4648 οὖν,
768 4579 892 4634 ὅθεν
925 4581 1190 4651 ἄρχεσθαι
1227 4583 1483 4650 ἄμεινον·
1527 4582 1620 4634 καὶ
1668 4597 1768 4632 πο-

1879 4573 2225 4629 tradictionis
2241 4572 2560 4625 examinant
2597 4585 2684 4624 res
2719 4578 3104 4623 controversas
3139 4584 3154 4622 :
3187 4567 3281 4622 sed
3321 4569 3456 4622 citra

184 4671 410 4742 ρευτέον
445 4673 512 4724 ἐκ
547 4671 834 4741 δυνάμεως
865 4672 1028 4724 πάλιν
1060 4675 1138 4733 εἰς
1163 4671 1413 4740 δύναμιν.

1882 4669 2068 4722 fucum
2121 4678 2338 4717 omnem
2385 4677 2448 4715 ea
2503 4661 2829 4730 simpliciter
2881 4675 3294 4730 proponemus,
3340 4675 3459 4728 qua:

182 4765 484 4822 diuturnus
534 4781 690 4830 usus,
729 4775 783 4820 et
818 4765 966 4834 longi
1014 4763 1284 4833 temporis
1326 4763 1670 4824 exercitatio,
1702 4771 1754 4817 ct
1797 4775 2080 4819 sacrarum
2112 4757 2444 4811 Litterarum
2479 4755 2644 4808 lectio
2682 4769 2782 4808 nos
2828 4755 3160 4807 docuerunt.
3193 4752 3459 4822 Incipien-

182 4865 316 4915 dum
362 4858 552 4927 igitur,
596 4856 742 4910 unde
783 4863 1008 4925 praestat
1056 4855 1269 4907 initium
1313 4853 1428 4908 ﬁeri
1475 4869 1488 4904 :

255 4949 488 5018 Κεφαλὴ
521 4949 619 5015 τῆς
663 4947 975 5014 ἀγωνιάτης
1022 4943 1118 4996 τοῦ
1139 4941 1274 4995 Θεοῦ
1302 4943 1544 5013 μεγάλης
1569 4943 1772 5012 ἐκκλη-

187 5044 313 5104 σίας
350 5040 492 5104 ἐστὶ,
536 5040 676 5108 μετά
719 5037 820 5107 τὴν
844 5035 1068 5106 πρώτην
1117 5037 1376 5105 ἄναρχον,
1428 5037 1524 5088 καὶ
1578 5035 1770 5098 ὰτδιον,

186 5137 282 5187 καὶ
312 5129 758 5201 ἀπειροδύναμον
791 5127 1059 5197 κεφαλὴν,
1110 5128 1201 5179 τὸν
1234 5126 1440 5196 Κύριον
1495 5127 1590 5178 καὶ
1637 5126 1772 5178 Θεὸν

188 5224 348 5296 ἡμῶν
390 5221 603 5292 Ἰησοῦν
662 5220 920 5290 Χριστὸν,
949 5219 977 5269 ὁ
1009 5217 1382 5286 πνευματικὸς
1419 5217 1650 5286 νυμφίος
1677 5217 1772 5269 αύ-

186 5316 286 5384 τῆς
346 5315 375 5364 δ
421 5313 568 5366 κατά
620 5313 850 5381 καιροὺς
899 5309 1199 5378 άγιὼτατος
1235 5309 1618 5377 οίκουμενικὸς
1673 5324 1770 5360 πα-

187 5400 773 5477 τριάρχης.Τῶνγοῦν
819 5399 1298 5470 ἐκκλησιαπικῶν
1356 5398 1586 5451 δικαίων
1633 5398 1772 5452 διαι-

193 5497 480 5570 ρουμένων
513 5496 662 5566 διχῆ,
684 5494 766 5558 είς
796 5511 855 5546 τε
893 5493 964 5546 τά
997 5491 1326 5560 διαφέροντα
1373 5493 1440 5560 τῇ
1474 5489 1773 5559 Ἐκκλησία

192 5589 522 5656 πολυειδῶς,
564 5590 663 5641 καὶ
692 5589 770 5650 είς
819 5587 888 5639 τά
958 5585 1036 5654 τῷ
1093 5583 1412 5655 πατριάργῃ
1458 5599 1772 5653 προσκυρωο

192 5685 356 5738 θέντα
403 5681 724 5744 κανονικῶς,
784 5680 973 5750 ἐδέησε
1025 5681 1138 5741 τοῖς
1191 5678 1257 5730 τά
1279 5677 1377 5746 τῆς
1443 5676 1772 5745 Ἐκκλησίας

191 5778 584 5847 ὁροθετήσασιν
615 5775 917 5846 ὀρθοδόξοις
968 5774 1128 5844 ἡμῶν
1161 5770 1615 5841 αὐτοκράτορσιν,
1673 5785 1770 5821 κα-

192 5872 488 5942 ταμερίσαι
520 5870 691 5924 ταῦτα
722 5870 856 5939 πρὸς
891 5869 1050 5924 πέντε
1101 5865 1373 5936 σεκρέτων
1421 5863 1594 5931 εὐαγῆ
1622 5862 1773 5925 >970-

1533 4862 1588 4908 et
1623 4869 1654 4907 a
1687 4854 1950 4909 facultate
1981 4851 2245 4918 majorem
2280 4847 2344 4900 ad
2377 4847 2690 4900 facultatem
2727 4843 3209 4914 progrediendum.

1950 4943 2126 5010 Caput
2159 4938 2524 4993 sanctissima:
2556 4935 2650 4991 Dei
2688 4935 2913 5002 majoris
2948 4935 3229 4999 Ecclesiae,
3264 4949 3458 4990 secun-

1878 5035 2008 5088 dum
2033 5039 2197 5100 caput
2229 5030 2361 5083 illud
2396 5028 2631 5097 primttm
2661 5027 2824 5080 initio
2854 5042 3051 5082 carens
3090 5035 3142 5081 et
3169 5037 3455 5088 aeternum,

1877 5133 1928 5178 et
1965 5121 2189 5176 inﬁnita:
2232 5119 2509 5187 potentiae,
2561 5115 2850 5171 Dominum
2885 5116 3166 5185 Deumque
3207 5126 3456 5171 nostrum

1877 5214 2062 5271 Jesum
2097 5213 2396 5273 Christum,
2435 5217 2524 5264 est
2568 5209 2870 5279 spiritualis
2914 5209 3001 5264 ille
3038 5223 3277 5278 sponsus
3314 5211 3455 5277 ejus,

1878 5304 2262 5362 sanctissimus
2321 5302 2593 5370 cujusque
2655 5302 2915 5370 temporis
2977 5301 3305 5356 universalis
3367 5318 3452 5370 pa-

1881 5397 2145 5450 triarcba.
2181 5394 2318 5448 Cum
2373 5401 2558 5446 autem
2609 5392 2986 5447 ecclesiastica
3031 5393 3156 5462 jura
3207 5392 3456 5446 bifariam

1879 5487 2218 5547 dividantur,
2269 5485 2545 5548 videlicet,
2583 5484 2635 5537 in
2682 5499 2766 5548 ea,
2803 5499 2924 5551 quae
2968 5485 3135 5540 variis
3178 5485 3354 5539 modis
3393 5487 3456 5536 ad

1881 5579 2052 5649 ipsam
2088 5577 2388 5630 Ecclesiam
2424 5575 2699 5645 pertinent
2729 5593 2742 5641 ;
2775 5585 2828 5629 et
2869 5577 2923 5629 in
2967 5590 3050 5640 ea,
3083 5592 3204 5644 qua:
3236 5593 3332 5646 per
3365 5592 3458 5630 ca-

1882 5687 2052 5728 nones
2088 5670 2445 5740 peculiariter
2480 5669 2695 5723 addicta
2732 5677 2862 5723 sunt
2898 5670 3226 5738 patriarchae
3255 5687 3265 5720 :
3298 5685 3460 5738 opor-

1881 5765 1984 5819 tuit
2043 5765 2271 5818 omnino
2328 5762 2604 5832 principes
2678 5771 2901 5817 nostros
2958 5764 3316 5825 ortliodoxos,
3366 5762 3460 5830 qui

1884 5859 2046 5912 rebus
2075 5856 2337 5912 Ecclesia:
2364 5865 2570 5909 certam
2603 5855 2772 5925 legem
2801 5855 3088 5923 dederuntl
3118 5857 3225 5910 haec
3256 5855 3465 5923 dispen-
