4198 6444
796 444 928 507 1191

2093 446 2231 504 JUS
2273 444 2718 504 CANONICUM

3923 431 4066 494 119.2

788 545 1008 628 aliqdos
1057 556 1323 618 habitare,
1391 553 1528 607 solio
1580 552 2192 621 Constantinopolitano
2240 555 2371 607 sub-

2479 551 2812 621 σφαλμάτων
2845 547 3089 617 ψυχικῶν
3124 545 3480 614 διορθώσεως.
3533 545 3689 596 Κατὰ
3721 545 3775 594 δὲ
3821 547 4059 612 ἱερωμέ-

789 652 992 720 jertos.

786 736 1138 810 χρηματικῆς
1167 735 1480 796 αἱτιάσεως.
1520 733 1665 802 Περᾷ
1712 732 1819 804 γὰρ
1849 733 1942 785 καὶ
1976 734 2137 803 μέχρι
2179 733 2446 802 Γαδείρων
2483 729 2670 782 αὐτῶν
2697 729 2731 797 ή
2757 726 3088 780 δικαιοδοσΞα
3157 724 3252 778 τοῦ
3324 724 3756 792 χαρτοφόλακος,
3834 726 3882 776 si

2481 660 2586 693 νων
2637 641 2734 692 καὶ
2763 637 3033 707 μοναχῶν,
3087 639 3216 704 περὶ
3267 635 3447 702 πάσης
3504 635 3922 702 ἐγκληματικῆς
3973 643 4064 688 καὶ

3948 725 4058 775 δοῖ

785 849 869 892 τις
901 825 1120 880 κάκεῖσέ
1160 839 1312 885 τινας
1338 825 1606 875 κατοικεῖν
1636 822 2041 892 ὑποκειμένους
2069 823 2147 891 τῷ
2191 823 2365 892 θρόνῳ
2401 822 2502 890 τῆς
2529 819 3176 881 Κωνσταντινουπόλεως.

857 916 978 973 lam
1037 931 1189 980 vero,
1252 916 1396 984 quod
1458 914 1712 983 praesidet
1771 917 1886 984 ipse
1944 915 2234 968 duodecim
2277 929 2371 984 pa-

788 1008 1180 1065 triarchalibus
1253 1005 1507 1067 notariis,
1587 1020 1705 1059 eam
1748 1021 1814 1061 ex
1865 1008 1991 1062 sede
2043 1006 2203 1059 ﬁdem
2255 1007 2362 1058 ha-

787 1100 1068 1162 bentibus,
1142 1112 1306 1165 quam
1369 1095 1577 1150 habent
1636 1096 1925 1151 duodecim
1986 1098 2184 1151 notarii
2260 1106 2369 1152 tam

790 1190 934 1255 Veli,
981 1203 1144 1260 quam
1176 1186 1536 1256 Hippodromi
1591 1187 1841 1257 judicum
1907 1188 2090 1259 (mitto
2134 1204 2371 1260 namque

791 1281 1000 1345 dicere,
1073 1278 1159 1332 bis
1211 1277 1544 1332 duodecim:
1604 1292 1726 1332 cum
1779 1277 2220 1346 patriarcharum
2267 1280 2370 1335 bu-

793 1373 1033 1428 manitas
1064 1382 1117 1427 et
1181 1370 1478 1425 submissio
1531 1368 1778 1440 pertrahi
1837 1386 1898 1426 se
1953 1386 2061 1426 non
2134 1373 2372 1442 patiatur

788 1468 854 1520 ad
907 1463 1260 1520 evertendum
1311 1477 1399 1527 ea,
1447 1478 1568 1533 qua:
1613 1463 1919 1532 antiquitus
1966 1463 2021 1518 in
2058 1480 2157 1519 usu
2189 1466 2370 1533 sunt),

787 1569 852 1608 ac
884 1553 1094 1607 ratione
1136 1551 1438 1616 consimili,
1491 1552 1634 1620 quod
1670 1553 1925 1619 praesidet
1989 1560 2120 1606 ante
2168 1562 2370 1606 metro-

789 1645 1065 1713 politanos
1099 1644 1152 1698 in
1189 1642 1549 1697 electionibus
1580 1644 1960 1712 episcoporum
1995 1644 2061 1697 ad
2111 1656 2371 1700 vacantes

796 1735 1087 1799 ecclesias,
1136 1742 1188 1787 et
1219 1733 1274 1786 in
1301 1733 1367 1787 iis
1394 1732 1630 1803 publicis
1660 1733 2073 1801 congressibus,
2103 1733 2196 1802 qui
2219 1743 2373 1788 extra

2545 915 2620 967 Τὸ
2647 915 2701 967 δὲ
2735 913 3118 982 προκαθῆσθαι
3166 911 3357 964 τοῦτον
3387 909 3690 972 δωδεκάδος
3726 927 4062 980 πατριάρχι-

2474 1009 2586 1062 κῶν
2619 1009 2885 1077 νοταρίων
2915 1007 3272 1060 αὐτοπιστίαν
3299 1006 3554 1074 ἐχόντων,
3595 1005 3715 1055 οἵαν
3746 1005 3866 1073 ἕχει
3901 1006 4001 1056 καὶ
4029 1006 4057 1071 ἡ

2473 1102 2711 1163 δωδεκάς
2737 1100 2846 1154 τῶν
2871 1099 2965 1152 τοῦ
2991 1099 3164 1169 Βήλου
3194 1100 3290 1151 καὶ
3310 1098 3403 1151 τοῦ
3437 1097 3802 1164 Ἰπποδρόμου
3856 1098 4061 1166 κριτῶν

2475 1195 2572 1264 (ὲῶ
2600 1195 2710 1265 γάρ
2742 1195 2917 1246 είπεῖν
2940 1192 3241 1254 δωδεκάδος
3267 1191 3481 1260 διπλῆς,
3507 1190 3590 1241 ὅτι
3624 1188 3738 1240 τῶν
3779 1205 4054 1258 πατριάρ-

2474 1287 2583 1356 χῶν
2627 1288 2661 1357 ἠ
2693 1285 3081 1356 φιλανθρωπία
3106 1287 3200 1337 καλ⁸
3245 1281 3658 1350 συγκατάϐασις
3689 1282 3788 1350 οὐχ
3836 1282 4061 1333 ἕλκεται

2474 1381 2611 1449 πρὸς
2641 1380 2925 1448 ἀναίρεσιν
2954 1378 3063 1430 τῶν
3093 1377 3504 1445 νενομισμένων
3543 1371 3860 1441 ἀνέκαθεν),
3885 1373 4062 1425 ὡσαύ-

2475 1489 2582 1535 τως
2611 1472 2708 1524 καὶ⁸
2738 1472 2797 1523 τὺ
2828 1467 3214 1540 προκαθῆσθαι
3246 1467 3358 1520 τῶν
3388 1464 3809 1535 μητροπολιτῶν
3855 1467 3918 1516 ὲν
3948 1469 4062 1527 ταῖς

2474 1559 2677 1629 ψήφοις
2728 1557 2838 1611 τῶν
2893 1555 3246 1627 χηρευουσῶν
3319 1555 3644 1622 ἁγιωτάτων
3725 1555 4058 1623 ἐκκλησιῶν,

2476 1654 2571 1706 καὶ
2599 1655 2658 1706 ἐν
2711 1655 2834 1716 ταῖς
2885 1650 3087 1718 ἔξωθεν
3165 1649 3259 1703 τοῦ
3322 1649 3732 1720 πατριαρχικοῦ
3806 1647 4056 1718 βήματος

2475 1743 2792 1812 γινομέναις
2822 1746 3028 1806 κοιναῖς
3055 1741 3455 1807 συνελεύσεσιν,
3493 1740 3630 1792 ἀλλά
3665 1739 3775 1809 μὴν
3803 1741 3904 1790 καὶ
3938 1741 4056 1805 ἑορ-

788 1825 1159 1898 patriarchale
1190 1825 1433 1879 tribunal
1472 1825 1630 1888 ﬁunt,
1661 1828 1771 1880 imo
1815 1825 1982 1879 etiam
2028 1828 2081 1878 in
2103 1826 2365 1881 festorum

2474 1835 2722 1905 τασίμοις
2750 1835 3051 1904 πανδήμοις
3106 1835 3352 1897 τελεταῖς
3394 1851 3456 1886 τε
3487 1835 3584 1886 καὶ
3638 1832 4051 1902 πανηγύρεσιν,

788 1918 1023 1988 publicis
1067 1917 1397 1973 cairimoniis
1445 1926 1608 1986 atque
1638 1918 2019 1980 conventibus,
2052 1932 2157 1970 non
2191 1919 2367 1971 solum

789 2011 941 2080 ipsas
980 2011 1122 2064 intra
1156 2020 1344 2079 partes
1407 2010 1675 2071 ecclesize,
1732 2024 1919 2062 verum
1974 2008 2138 2062 etiam
2174 2010 2368 2076 quovis

789 2104 845 2157 in
908 2105 1050 2166 loco,
1096 2103 1240 2172 quod
1283 2103 1417 2157 nulli
1473 2117 1805 2157 concessum
1853 2111 1936 2155 est
1966 2103 2368 2173 diaconn,pro-

788 2209 974 2266 pierea
1017 2198 1158 2267 quod
1203 2197 1424 2251 disertis
1461 2197 1644 2250 verbis
1681 2212 1709 2248 a
1763 2211 1896 2248 xvm
1926 2211 2134 2250 canone
2165 2208 2368 2249 sancta:

789 2300 851 2338 ac
879 2284 1204 2338 universalis
1242 2284 1430 2353 primm
1465 2283 1658 2354 synodi
1704 2281 2093 2351 prohibeatur;
2129 2299 2366 2352 quonam

787 2394 976 2445 quaeso
1005 2381 1238 2440 referes,
1277 2377 1492 2431 auditor
1517 2375 1977 2446 prudentissime?
2003 2375 2238 2430 Omnino
2289 2376 2368 2430 fa-

792 2470 996 2523 teberis
1035 2469 1227 2522 horum
1283 2471 1528 2522 omnium
1600 2475 1930 2538 potestatem
1993 2469 2043 2521 ei
2109 2469 2366 2523 tributam

788 2571 1096 2632 propterea,
1123 2563 1267 2630 quod
1299 2561 1644 2615 existimetur
1693 2575 1816 2615 esse
1866 2576 1950 2622 os,
1983 2569 2036 2614 et
2088 2561 2264 2627 labra,
2315 2572 2368 2616 et

792 2665 989 2705 manus
1044 2650 1282 2719 quodam
1359 2649 1522 2704 modo
1596 2650 1944 2718 patriarchae.
2007 2651 2222 2720 Abripit
2282 2666 2368 2707 me

791 2741 1054 2812 proclivis
1096 2741 1332 2810 impetus
1379 2739 1570 2804 animi,
1631 2747 1691 2794 ut
1749 2741 1953 2804 dicam,
2004 2750 2057 2795 et
2114 2749 2366 2797 accurate

789 2834 1082 2898 declarem,
1125 2847 1289 2902 quam
1320 2832 1390 2886 ob
1439 2846 1662 2888 causam
1714 2847 1878 2903 supra
1920 2844 2148 2889 caeteros
2173 2837 2366 2904 prasi-

703 2981 708 2986 _
787 2921 886 2977 des
913 2922 1064 2978 solus
1116 2921 1484 2976 chartularius
1526 2922 1748 2976 ordines
1790 2923 2196 2978 ecclesiasticos
2253 2939 2366 2978 ma-

785 3015 926 3083 joris
989 3014 1341 3069 auctoritatis
1387 3029 1556 3068 causa
1600 3015 1847 3084 geminos
1898 3015 2116 3081 habeat,
2153 3017 2365 3086 episco-

789 3107 1079 3175 pianorum
1119 3105 1392 3172 videlicet,
1416 3121 1478 3160 ac
1508 3107 1934 3161 secreticorum.
1974 3107 2078 3161 Sed
2105 3109 2362 3177 quoniam

788 3197 1162 3254 institutionis
1212 3198 1411 3252 horum
1450 3198 1666 3269 insigne
1712 3198 1987 3268 quoddam
2041 3199 2365 3254 fundamen—
2393 3212 2436 3270 ο

793 3299 911 3344 ιιιηι
943 3299 1048 3357 est,
1097 3305 1162 3345 ac
1201 3307 1292 3346 res
1357 3292 1472 3360 ipsa
1509 3291 1767 3358 postulat,
1799 3291 1901 3347 hoc
1936 3293 2111 3361 ipsum
2152 3310 2370 3364 quoque

796 3381 1048 3437 veritatis
1111 3382 1433 3437 exhibenda:
1472 3397 1638 3437 causa
1693 3384 1994 3438 examinari
2049 3387 2371 3455 :paulisper

797 3473 1117 3529 differamus
1161 3489 1282 3528 eam
1343 3475 1674 3537 orationem,
1743 3489 1851 3542 qua
1905 3477 2251 3543 supradictos
2315 3479 2368 3531 in

792 3562 1016 3617 ordines
1080 3563 1481 3633 disquiremus,
1529 3579 1592 3619 ac
1657 3564 1946 3631 dicamus;
2013 3567 2368 3635 quamobrem

792 3661 989 3723 praeter
1021 3655 1095 3718 id,
1126 3655 1268 3724 quod
1295 3655 1468 3712 sacris
1483 3657 1790 3710 canonibus
1822 3657 2162 3722 continetur,
2209 3659 2370 3712 char-

790 3746 1028 3800 tularius
1075 3744 1435 3800 diaconorum
1493 3745 1547 3799 in
1587 3761 1818 3801 numero
1869 3749 2206 3812 consistens,
2243 3758 2369 3805 ante

790 3837 1082 3906 pontiﬁces
1107 3837 1313 3891 sedeat.
1365 3835 1491 3890 Haec
1537 3837 1861 3906 pervulgata
1915 3841 2151 3906 qnmstio
2199 3841 2368 3894 multa

790 3928 1028 3983 diversis
1075 3928 1424 3998 temporibus
1474 3928 1736 3982 excitavit
1789 3929 2078 3994 scandala,
2111 3933 2370 4001 varieque

787 4018 1094 4089 disceptata
1152 4019 1255 4072 fuit
1315 4019 1458 4073 inter
1505 4019 1898 4073 chartularium
1973 4028 2026 4073 et
2086 4023 2368 4090 pontiﬁces

789 4109 915 4164 solii
940 4108 1563 4177 Constantinopolitani.
1590 4109 1838 4178 Cumque
1867 4111 2108 4180 cognitio
2139 4113 2368 4179 patriar-

786 4201 983 4264 chalis,
1009 4201 1364 4271 pontiﬁcibus
1386 4199 1603 4265 favens,
1627 4201 1836 4256 eisdem
1867 4203 2049 4256 obiter
2073 4204 2364 4271 arrideret,

789 4292 859 4345 ob
887 4292 1116 4346 indicati
1143 4293 1400 4362 superius
1428 4293 1658 4348 canonis
1691 4297 2021 4347 sententiam
2054 4315 2065 4348 :
2093 4298 2364 4366 prolatum

787 4390 872 4437 est
896 4383 1138 4438 edictum
1169 4384 1464 4438 clarissimi
1484 4385 1769 4454 principis,
1784 4386 1992 4440 domini
2010 4388 2184 4441 Alexii
2205 4389 2368 4442 Com-

789 4476 939 4539 neni,
964 4490 1072 4544 quo
1101 4476 1218 4530 haec
1242 4477 1310 4530 ad
1343 4478 1570 4531 verbum
1603 4477 1960 4532 continentur
1989 4496 2002 4530 :

866 4587 885 4620 ι
921 4566 1294 4624 Ecclesiastici
1327 4568 1436 4639 (62)
1476 4569 1658 4624 decori
1703 4583 1891 4622 curam
1921 4569 2181 4636 majestas
2243 4584 2362 4624 mea
2395 4577 2441 4633 ι)

789 4674 1011 4730 gerens,
1054 4671 1108 4715 et
1170 4675 1295 4716 cum
1337 4661 1393 4714 in
1455 4661 1605 4715 omni
1640 4661 1786 4715 civili
1848 4669 1995 4715 statu
2025 4660 2230 4715 bonum
2274 4678 2368 4715 or-

791 4750 978 4805 dinem
1008 4752 1318 4820 requirens,
1351 4759 1465 4804 tum
1491 4752 1545 4804 in
1587 4751 1687 4806 hoc
1712 4751 1994 4806 studiosus
2020 4753 2367 4819 incumbens,

792 4853 852 4898 ut
902 4844 951 4898 is
1008 4843 1179 4914 magis
1228 4844 1392 4897 etiam
1447 4843 1620 4897 sacris
1675 4845 1728 4896 in
1795 4845 1959 4898 rebus
2002 4845 2367 4908 observetur;

793 4936 1080 5008 privilegia
1134 4941 1330 5007 cuique
1379 4937 1646 5008 graduum
1697 4939 2204 4994 eeclesiasticorum
2252 4939 2364 5008 jam

790 5028 922 5082 olim
955 5029 1180 5093 tributa,
1215 5045 1450 5100 eumque
1501 5037 1728 5095 statum,
1770 5029 1864 5098 qui
1902 5031 2170 5084 hactenus
2204 5031 2260 5085 iu
2283 5031 2363 5084 eis

793 5120 988 5189 viguit,
1031 5122 1197 5176 etiam
1252 5121 1513 5190 deinceps
1537 5121 1932 5176 immutabilem
1975 5122 2276 5177 subsistere
2301 5138 2366 5178 ac

794 5228 1118 5284 permanere
1148 5215 1325 5285 cupit,
1381 5221 1436 5269 et
1488 5229 1702 5284 aequum
1748 5222 1959 5282 censet,
2022 5215 2364 5272 sanctissime

790 5304 1031 5366 domine,
1102 5305 1250 5358 velut
1307 5321 1338 5357 a
1395 5312 1477 5360 tot
1531 5290 1694 5360 annis
1740 5317 2043 5376 acceptum,
2093 5319 2146 5361 et
2201 5307 2366 5375 longo

787 5393 899 5463 jam
932 5393 1110 5463 spatio
1138 5395 1397 5463 temporis
1455 5397 1828 5461 observatum,
1895 5406 1948 5451 et
1993 5399 2266 5468 perpetuis
2295 5400 2364 5454 ab

796 5503 904 5542 uno
938 5498 1181 5558 tempore
1213 5491 1267 5543 in
1329 5489 1477 5544 aliud
1539 5493 2018 5562 progressionibus
2081 5494 2365 5564 hueusquc

791 5579 931 5635 citra
995 5582 1352 5636 mutationem
1402 5586 1661 5654 przeclare
1711 5587 2100 5641 conlirmatum
2156 5602 2217 5642 ac
2253 5600 2364 5642 sta-

2478 1932 2537 1982 οὐ
2572 1931 2732 1999 μόνον
2762 1929 2912 1991 ἐντὸς
2959 1927 3069 1981 τῶν
3111 1928 3211 1997 τῆς
3264 1927 3559 1996 ἐκκλησίας
3597 1926 3800 1996 μερῶν,
3837 1925 3956 1978 ἀλλ’
4005 1927 4060 1975 ἐν

2476 2023 2626 2086 τόπῳ
2663 2025 2848 2087 παντὶ,
2908 2023 3044 2091 ὅπερ
3092 2021 3268 2073 οὐδενὶ
3319 2019 3553 2090 διακόνῳ
3599 2020 4056 2087 πεφιλοτίμηται,

2478 2114 2563 2166 διὰ
2596 2113 2655 2165 τὸ
2682 2112 2866 2183 ῥητῶς
2915 2111 3021 2163 ὑπὸ
3065 2111 3162 2163 τοῦ
3196 2109 3264 2178 ιη’
3304 2111 3527 2172 κανόνος
3587 2109 3688 2178 τῆς
3741 2109 3908 2174 ἁγίας
3967 2115 4058 2160 καὶ

2477 2203 2862 2274 οἰκουμενικῆς
2885 2204 3107 2274 πρώτης
3131 2202 3326 2255 σποδοῦ
3347 2200 3677 2265 κωλύεσθαι,
3710 2200 3814 2252 ποῦ
3838 2200 3905 2269 θή
3919 2218 4059 2266 σεις,

2477 2298 2725 2370 ἀκροατά
2794 2297 3170 2361 συνετώτατε;
3228 2296 3458 2356 Πάντως
3510 2295 3576 2346 ἀν
3623 2295 3798 2355 εἴποις
3848 2291 4058 2343 τούτων

2477 2392 2697 2444 πάντων
2725 2390 2946 2461 δοθῆναι
2974 2390 3071 2458 τήν
3122 2388 3372 2451 ἐξουσίαν
3422 2386 3597 2455 αὐτῷ,
3630 2385 3718 2437 διά
3745 2385 3807 2436 τὸ
3837 2384 4057 2450 λογίζε-

2479 2483 2602 2536 σθαι
2631 2482 2827 2552 στόμα,
2858 2483 2951 2534 καὶ
2984 2481 3162 2550 χείλη,
3186 2480 3280 2532 καὶ
3323 2481 3514 2548 χεῖρας
3547 2478 3747 2532 ὡσανεὶ
3784 2493 4062 2544 πατριάρ-

2475 2576 2656 2646 χικάς.
2690 2574 2882 2627 Ἕλκει
2915 2591 2983 2644 με
3027 2574 3090 2625 τὸ
3115 2571 3398 2642 πρόθυμον
3421 2571 3596 2622 εἰπεῖν
3619 2570 3716 2622 καὶ
3741 2567 4053 2636 ἐπεξεργά-

2478 2665 2701 2732 σασθαι,
2752 2667 2897 2728 τίνος
2929 2665 3088 2735 χάριν
3123 2662 3274 2732 παρὰ
3313 2664 3441 2726 τοὺς
3475 2663 3669 2724 ἄλλους
3706 2660 4058 2728 προκαθημέ-

2475 2778 2598 2822 νους
2631 2761 2660 2812 ό
2711 2757 3060 2830 χαρτοφύλαξ
3102 2757 3198 2809 καὶ
3235 2755 3396 2825 μόνος
3423 2755 3621 2815 διττοῖς
3666 2753 4060 2820 ἐκκλησιαστι-

2473 2853 2592 2914 κοῖς
2634 2849 2998 2920 μεγαλύνεται
3031 2848 3329 2917 τάγμασιν,
3367 2847 3813 2906 ἑπισκοπειανοῖς
3849 2844 4057 2912 δηλαξή

2475 2947 2572 2997 καὶ
2603 2946 2966 3014 σεκρετικοῖς.
3001 2942 3127 2993 Ὀτι
3150 2940 3206 2992 δὲ
3237 2939 3339 3008 τῆς
3369 2937 3572 2990 τούτων
3602 2935 3873 3004 εὑρέσεως
3909 2935 4051 2987 ὕπο-

2474 3037 2653 3105 6άθρα
2709 3052 2798 3097 τις
2854 3035 3128 3103 τιμήεσσα
3178 3031 3486 3101 πρόκειται,
3544 3027 3637 3080 καὶ
3685 3027 3746 3079 τὸ
3814 3028 4056 3097 πρᾶγμα

2473 3129 2782 3200 παρακαλεῖ
2834 3127 2931 3179 καὶ
2973 3125 3180 3194 ταύτην
3223 3119 3792 3192 ἀργυρογνωμονῆσαι
3829 3119 3922 3170 δια
3958 3121 4058 3187 τὴν

2472 3225 2570 3295 τῆς
2597 3222 2854 3292 ἀληθείας
2879 3221 3248 3290 παράστασιν,
3296 3215 3646 3285 ἁναμεινάτω
3679 3211 3817 3282 πρὸς
3852 3216 4057 3282 putei-2

2473 3317 2684 3383 ὀλόγος
2740 3315 2837 3384 τήν
2876 3313 2985 3364 τῶν
3048 3310 3325 3381 ῥηθέντων
3379 3307 3673 3374 ταγμάτων
3727 3304 4056 3373 συζήτησ.ν,

2473 3409 2567 3460 καὶ
2594 3405 2808 3475 ῥητέον,
2840 3404 2984 3466 τίνος
3019 3404 3180 3472 χάριν
3212 3401 3365 3469 παρά
3394 3399 3495 3468 τήν
3534 3398 3638 3450 τῶν
3682 3395 3844 3448 θείων
3885 3399 4055 3448 κανό-

2473 3519 2578 3553 νων
2618 3497 2934 3569 περίληψιν,
2986 3498 3043 3548 ὲν
3096 3495 3368 3555 διακόνοις
3399 3493 3426 3545 ὁ
3457 3489 3811 3561 χαρτοσόλαξ
3856 3491 4056 3540 ussi-

2477 3608 2656 3662 μενος,
2731 3589 2841 3642 τῶν
2893 3587 3197 3657 ἀρχιερέων
3266 3583 3635 3654 προκάθηται.
3695 3581 3768 3632 Τδ
3828 3579 4058 3648 ζήτημα

2470 3684 2628 3736 τοῦτο
2654 3683 2712 3734 τὸ
2734 3680 3172 3750 πολυθρύλλητον
3211 3677 3376 3730 πολλά
3411 3675 3556 3728 κατά
3601 3673 3896 3740 διαφόρους
3937 3690 4060 3722 καις

2474 3777 2599 3846 ρους
2628 3777 2887 3846 ἀνήγειρε
2927 3771 3221 3832 σκάνδαλα,
3257 3771 3350 3822 καὶ
3382 3767 3592 3837 μεγάλη
3626 3765 3820 3818 τούτου
3849 3765 4058 3828 κατεξ-

2471 3869 2654 3928 έτασις
2707 3867 2899 3933 γέγονε
2950 3865 3114 3932 μέσον
3177 3862 3271 3914 τοῦ
3343 3859 3759 3929 χαρτοφυλακος
3803 3857 3900 3908 καὶ
3948 3858 4057 3907 τᾶν

2471 3957 2778 4028 ἀρχιερέων
2823 3955 2918 4007 τοῦ
2980 3954 3172 4024 θρόνου
3232 3952 3332 4021 τῆς
3393 3947 4053 4003 Κωνσταντινουπόλεως.

2471 4051 2584 4104 Καὶ
2617 4051 2758 4116 τάχα
2796 4046 3091 4116 μειδιώσης
3114 4041 3430 4112 ἀκροθιγῶς
3451 4043 3550 4108 τῆς
3570 4040 3709 4107 ὑπὲρ
3738 4038 3849 4089 τῶν
3874 4039 4000 4107 ἀρχ·
4017 4055 4058 4086 :-

2472 4141 2612 4211 ρέων
2670 4139 3078 4208 πατριαρχικῆς
3109 4135 3458 4205 διαγνώσεως
3487 4133 3575 4186 διὰ
3605 4133 3696 4185 τὸν
3725 4132 3821 4184 τοῦ
3855 4132 4054 4200 ῥηθέν-

2468 4248 2556 4292 τος
2585 4229 2842 4296 ἀνωτέρω
2869 4227 3095 4286 κανόνος
3121 4225 3436 4296 περίληψιν,
3466 4222 3845 4294 προεκομίσθη
3879 4225 4055 4290 τερ-Ζτ-

2467 4339 2657 4390 ταγμα
2696 4319 2792 4372 τοῦ
2843 4319 3090 4388 ἀοιδίμου
3130 4317 3418 4387 βασιλέως,
3468 4316 3636 4384 κυροῖ,
3682 4316 3925 4380 nus-5.35.4
3963 4315 4053 4366 τ,λῦ

2470 4412 2781 4484 Κομνηνοῦ,
2802 4411 2928 4464 τάδε
2957 4409 3096 4464 κατά
3140 4412 3291 4480 ῥῆμα
3317 4407 3688 4471 διαλαμϐάνον
3719 4422 3735 4434 ·

2549 4610 2565 4640 ι
2621 4589 2685 4641 Ἦ
2712 4587 2960 4660 βασιλεία
2992 4605 3095 4657 μου
3125 4587 3225 4657 τῆς
3253 4585 3722 4656 ἐκκλησιαστικῆς
3748 4585 4053 4654 εἰκοτμὶας

2470 4683 2854 4752 φροντίζουσα,
2921 4680 3018 4733 καὶ
3072 4680 3135 4732 τὸ
3179 4679 3449 4732 εῠτακτον
3487 4677 3582 4732 καὶ
3638 4678 3696 4728 ἐν
3728 4679 3897 4730 παντὶ
3958 4678 4054 4743 μὲν

2471 4773 2708 4842 ζητοῦσα
2759 4771 2838 4841 τῷ
2897 4771 3276 4840 πολιτεύματι,
3332 4769 3592 4825 ὲπιπλέον
3624 4770 3678 4822 δὲ
3721 4772 3837 4832 τοῖς
3884 4770 4048 4829 θείοις

2467 4862 2625 4914 τοῐτο
2677 4859 3135 4929 ἐμπολιτεύεσθαι
3183 4858 3274 4910 διά
3343 4859 3582 4927 σπουδῆς
3640 4857 3928 4926 τιθεμένη,
3988 4875 4050 4907 τι

2471 4951 2713 5023 ἀρχῆθεν
2768 4950 3224 5019 ἀπονενεμημένα
3305 4949 3580 5018 προνόμια
3635 4950 3858 5017 ἑκάστῳ
3941 4950 4045 4998 τοὶ-ι

2471 5043 2946 5112 ὲκκλησιαστικῶν
2999 5041 3248 5111 βαθμῶν,
3313 5043 3410 5094 καὶ
3448 5042 3548 5110 τὴν
3583 5043 3713 5112 ἄχρι
3762 5045 3858 5094 καὶ
3891 5042 4049 5109 δε·ἰρί

2471 5136 2921 5204 ἐπικρατήσασαν
2970 5135 3030 5186 ἐν
3079 5132 3290 5194 τούτοις
3355 5135 3716 5195 κατάστασιν,
3780 5137 3926 5186 κατά
3991 5153 4048 5184 τ’..

2470 5225 2829 5279 ἀναλλοίωτον
2869 5227 2964 5278 καὶ
3017 5227 3095 5289 είς
3140 5227 3202 5277 τὸ
3261 5225 3390 5295 ἑξῆς
3438 5225 3580 5278 εἶναι
3641 5226 3737 5278 καὶ
3769 5229 4048 5294 διαμΞ-.;;-;

2472 5317 2721 5388 βούλεταί
2745 5335 2805 5370 τε
2837 5319 2931 5371 καὶ
2958 5318 3188 5380 εὐδοκεῖ,
3227 5317 3501 5385 ἀγιώτατε
3544 5318 3804 5380 δέσποτα,
3839 5320 3916 5380 ὡς
3957 5323 4047 5368 καὶ

2473 5410 2904 5480 παραδεχθεῖσαν
2949 5410 3038 5463 διὰ
3081 5411 3353 5463 τοσούτων
3382 5410 3540 5472 ἑτῶν,
3581 5413 3674 5463 καὶ
3725 5411 3802 5478 τῷ
3853 5411 4045 5477 μακρῷ

2473 5504 2649 5572 χρόνῳ
2678 5503 3241 5573 ὲμπολιτευσαμένην,
3295 5504 3390 5555 καὶ
3453 5507 3572 5564 ταῖς
3613 5504 3707 5554 ἀπ’
3771 5503 3937 5554 ἀλλον
3971 5505 4044 5561 είς

2473 5588 2632 5642 ἄλλον
2660 5591 2800 5643 κατά
2831 5591 2892 5643 τὸ
2923 5591 3318 5658 ἀνεξάλλακτον
3348 5592 3454 5655 ἕως
3482 5590 3577 5643 τοῦ
3616 5590 3709 5643 νῦν
3740 5592 4044 5660 μεταϐήσε-

2300 5767 2536 5827 ΝΟΤἎΕ.

867 5853 981 5921 (6&2)
1016 5854 1142 5910 Vide
1177 5857 1440 5908 "mellam
1477 5874 1500 5909 χ
1533 5859 1702 5913 Alesii
1731 5862 2012 5916 Comm-ni.
