4198 6444
199 400 340 467 1193

1489 389 2051 455 οΒΕεΟ-ΒΟΜΑΝ
2064 390 2193 450 UM.

3304 394 3446 461 1194

192 532 279 568 σιν
304 512 687 583 ὲπικριθεῖσαν
720 510 810 562 καὶ
838 506 1232 581 βεδαιυθεῖσαν
1276 503 1477 567 καλῶς.
1524 502 1678 556 Ἐπεὶ
1712 498 1768 552 δὲ

1878 496 2114 551 bilitum.
2171 495 2309 561 Quia
2358 511 2483 553 vero
2533 511 2677 553 nunc
2726 497 2988 568 majestas
3042 515 3159 556 mea
3231 503 3443 570 didicit,

192 607 290 661 νῦν
328 609 360 676 ἡ
392 603 637 677 βασιλεία
671 620 773 673 μου
809 601 995 672 μάθοι,
1026 600 1104 664 ὥς
1138 616 1284 661 τινες
1316 598 1426 651 τῶν
1470 594 1769 665 ἀρχιερέων

190 695 767 767 ἀντιφιλοτιμούμενοι
794 693 1093 764 πειρῶνται
1122 692 1184 745 τὸ
1216 689 1309 744 τοῦ
1354 685 1770 759 χαρτοφύλακος

195 786 532 840 ὑποδιδάσαι
556 786 875 855 προνόμιον,
906 783 1001 836 καὶ⁵
1032 782 1268 845 κανόνας
1296 780 1377 843 είς
1423 778 1587 849 μέσον
1632 793 1769 846 προ-

194 879 485 950 φέροντες,
533 877 620 931 διά
645 877 850 929 τούτων
885 872 1251 943 φιλονεικοῦσι
1285 871 1363 942 μὴ
1393 868 1771 940 προκαθῆσθαι

194 971 361 1024 αὑτὸν
386 968 495 1023 τῶν
527 968 853 1039 ἀρχιερέων,
884 968 1125 1037 ὁπηνίκα
1152 965 1261 1018 δέοι
1304 963 1530 1027 τούτους
1584 960 1775 1030 συνέρ-

193 1059 390 1130 χεσθαι
417 1060 559 1113 κατά
573 1076 697 1112 τινα
711 1057 922 1128 χρείαν,
949 1058 1043 1112 καὶ
1072 1054 1444 1126 συνεδριὰζειν
1471 1052 1611 1107 κατά
1643 1068 1773 1104 ταυ-

192 1152 308 1214 τδν,
353 1151 460 1220 πρὸ
487 1151 587 1219 τῆς
644 1151 726 1213 είς
757 1150 859 1220 τὴν
913 1148 1226 1217 ἁγιωσύνην
1260 1164 1354 1200 σου
1395 1143 1773 1208 είσελεύσεως,

191 1242 295 1295 οὐκ
334 1243 636 1313 ἀνασχετὸν
683 1246 749 1313 τῇ
787 1242 1036 1313 βασιλείᾳ
1080 1259 1181 1311 μου
1216 1240 1387 1305 ἔδοξε,
1424 1240 1660 1309 πρᾶγμα
1688 1236 1776 1290 διὰ

192 1333 457 1387 τοσούτου
479 1333 677 1404 χρόνου
709 1334 1054 1403 βασανισθὲν,
1084 1333 1182 1386 καὶ
1204 1334 1316 1395 τοῖς
1348 1333 1479 1401 πρὶν
1505 1330 1774 1402 πατριάρ-

191 1441 321 1493 χαις
384 1425 479 1477 καλΙ
535 1425 650 1487 τοῖς
708 1424 889 1487 ἄλλοις
948 1421 1321 1494 ἀρχιερεῦσιν,
1379 1421 1516 1474 ἀλλὰ
1562 1421 1628 1491 δὴ
1682 1421 1775 1473 καὶ

191 1518 381 1579 αὐτοῖς
417 1519 532 1579 τοῖς
564 1515 661 1569 νῦν
690 1517 793 1570 οὐκ
839 1517 925 1569 ἐπ’
957 1516 1166 1585 εὐλόγῳ
1203 1513 1445 1585 ἐρίζουσι
1484 1513 1776 1583 πράγματι

190 1607 284 1661 διὰ
333 1608 434 1676 τῆς
487 1608 834 1679 πολυημέρου
874 1607 1066 1678 δεχθὲν
1096 1606 1332 1674 σιωπῆς,
1366 1604 1507 1658 κατά
1534 1604 1597 1657 τὸ
1637 1620 1776 1675 παρ-

194 1700 358 1752 έλκον
380 1700 734 1770 ἀθετηθῆναι,
772 1700 868 1755 καὶ
897 1701 972 1764 ὣς
996 1718 1049 1754 τι
1079 1700 1188 1754 τῶν
1214 1698 1578 1770 ἠμελημένων
1606 1715 1775 1767 παρα-

192 1790 454 1861 σδρῆναι.
511 1791 706 1845 Τοίνυν
742 1792 838 1844 καὶ
880 1792 1178 1863 διορίζεται
1220 1791 1507 1861 πράγματι
1551 1788 1775 1856 εὔλογον

1877 588 2145 658 quosdam
2180 587 2467 657 pontiﬁces
2500 591 2800 647 ambitione
2863 595 3101 662 quadam
3157 595 3447 666 impulsos,

1877 680 2205 734 cliartularii
2268 680 2587 749 dignitatem
2662 685 2971 753 deprimere
3034 686 3190 750 velle,
3247 704 3452 759 perque

1877 785 2121 826 canones
2146 771 2202 825 in
2240 774 2480 826 medium
2527 774 2824 841 productos
2847 778 3201 843 contendere,
3225 796 3337 835 non
3374 782 3452 835 illi

1879 863 2185 918 sessionem
2246 879 2413 934 supra
2498 866 2782 936 pontiﬁces
2853 879 3180 936 competere,
3240 873 3454 940 quoties

1876 954 1960 1009 eis
2006 956 2243 1025 alicujus
2278 959 2481 1026 negotii
2535 973 2700 1014 causa
2748 961 3185 1015 conveniendum
3240 964 3333 1027 sit,
3398 974 3455 1020 et

1878 1060 1989 1102 una
2027 1049 2422 1104 considendum
2474 1050 2529 1105 in
2584 1060 2802 1117 senatu,
2862 1060 2988 1106 ante
3046 1067 3332 1109 accessum
3385 1057 3451 1110 ad

1882 1138 2233 1192 sanctitatem
2289 1151 2491 1194 tuam:
2552 1142 2777 1197 minime
2844 1143 3128 1198 ferendum
3182 1146 3452 1216 ntajestati

1882 1242 2017 1282 mea:
2060 1229 2236 1284 visum
2302 1239 2415 1294 est,
2464 1240 2520 1284 ut
2548 1246 2635 1286 res
2688 1241 2842 1286 tanto
2883 1237 2995 1305 jam
3045 1245 3291 1307 tempore
3324 1255 3451 1307 pro-

1880 1320 2031 1388 bata,
2072 1330 2126 1375 et
2150 1338 2181 1376 a
2214 1324 2597 1390 superioribus
2632 1327 2984 1395 palriarcliis,
3019 1342 3082 1381 ac
3105 1330 3454 1397 pontiﬁcibus

1879 1413 2022 1478 aliis,
2079 1423 2242 1482 atque
2280 1415 2389 1469 illis
2447 1415 2580 1483 ipsis
2624 1419 2795 1481 adeo,
2845 1418 2937 1487 qui
2992 1418 3105 1488 jam
3148 1435 3256 1474 non
3304 1421 3452 1491 justa

1878 1503 1947 1558 de
2004 1518 2169 1558 causa
2236 1506 2508 1569 rixantur,
2583 1507 2845 1565 diuturno
2905 1511 3128 1567 silentio
3188 1515 3453 1578 admissa,

1881 1605 2109 1665 urgente
2135 1597 2279 1651 nulla
2312 1599 2523 1653 ratione
2546 1600 2849 1667 abolentur,
2874 1612 2927 1657 et
2954 1606 3111 1673 quasi
3143 1607 3453 1676 neglectum

1881 1687 2091 1756 aliquid
2124 1691 2490 1745 convellatur.
2538 1690 2885 1762 Quapropter
2932 1697 3194 1764 quiddam
3251 1700 3453 1755 rationi

1880 1780 2039 1833 valde
2062 1788 2497 1836 consentaneum
2537 1792 2592 1837 et
2624 1798 2841 1853 aequum
2879 1788 3094 1842 statuit.
3127 1789 3341 1859 Quippe
3404 1792 3452 1848 si

192 1882 288 1935 καί
325 1883 468 1935 πάνυ
498 1882 711 1936 δίκαιον
756 1882 936 1937 τοῦτο.
1000 1884 1062 1935 Et
1105 1883 1205 1952 μὲν
1240 1883 1347 1951 γὰρ
1405 1882 1646 1951 αἱροῖντο
1682 1880 1773 1934 καὶ

1882 1871 2063 1926 adhuc
2115 1873 2403 1941 pontiﬁces
2461 1876 2685 1931 immota
2754 1892 2865 1932 non
2940 1894 3160 1935 movere
3226 1884 3451 1952 vellent,

191 1974 361 2025 πάλιν
390 1975 440 2027 οἱ
470 1975 750 2044 ἀρχιερεῖς
795 1975 870 2044 μὴ
908 1976 1078 2027 κινεῖν
1130 1973 1201 2026 τὰ
1238 1973 1494 2042 ἀκίνητα,
1535 1972 1670 2041 μηδὲ
1706 1972 1776 2025 τὰ

190 2068 311 2128 τοῖς
354 2066 484 2135 πρὶν
524 2064 822 2134 δεδογμένα
853 2064 1130 2135 Πατράσιν
1151 2107 1165 2130 ,
1197 2064 1334 2117 ἀλλὰ
1364 2065 1428 2134 δὴ
1458 2064 1555 2117 καὶ
1587 2063 1775 2125 αὐτοῖς

189 2157 281 2209 διὰ
317 2157 415 2225 τῆς
470 2158 689 2227 μακρᾶς
732 2157 1061 2223 συνδόξαντα
1114 2155 1350 2226 σιωπῆς,
1400 2156 1495 2209 καὶ
1538 2156 1640 2224 τῆς
1669 2154 1777 2218 ἕως

187 2250 288 2302 τοῦ
314 2250 408 2301 νῦν
435 2251 654 2319 ἀνοχῆς,
684 2251 747 2302 ἐκ
775 2250 1142 2318 παλιμδολίας
1171 2249 1361 2319 ὥσπερ
1390 2248 1773 2311 ἁναπαλαίειν,

188 2339 255 2392 εὖ
281 2339 348 2391 ἂν
378 2339 512 2409 ἔχοι,
562 2340 655 2392 καὶ
702 2339 883 2409 χάρις,
912 2341 993 2392 δτι
1023 2339 1082 2392 τὸ
1116 2339 1352 2408 μάχιμον
1389 2338 1772 2408 καταθέμενοι,

190 2428 255 2479 τὸ
290 2424 568 2497 εἰρηναῖον
589 2429 1083 2499 ¹ιιροτετιμήκασιν.
1133 2430 1196 2482 Εἰ
1234 2429 1290 2481 δὲ
1319 2428 1414 2482 καὶ
1449 2430 1528 2482 ἔτι
1568 2429 1777 2483 τούτων

187 2523 341 2585 τινὲς
386 2522 497 2575 τῶν
551 2522 647 2575 τοῦ
706 2524 931 2585 κανόνος
985 2524 1245 2594 ῥημάτων
1311 2523 1772 2593 ἀντιποιούμενοι,

192 2614 319 2685 (τῆς
348 2615 459 2685 γὰρ
498 2614 706 2675 ἐννοίας
736 2616 925 2685 πόρῤω
970 2614 1423 2686 ἀποδιεστήκασι)
1472 2615 1772 2684 πειρῶνται

188 2706 255 2759 τὸ
304 2708 505 2759 οἰκεῖον
528 2709 796 2775 συστῆσαι
827 2706 1061 2776 θέλημα,
1100 2706 1195 2759 καὶ
1220 2707 1316 2758 ἐπὶ
1360 2707 1422 2758 τὸ
1455 2706 1688 2760 ἄτακτον
1710 2707 1772 2759 ού

191 2798 379 2860 καλῶς
444 2798 541 2869 τὴν
599 2797 754 2861 τάξιν
823 2796 1304 2867 μεταδιδάξουσιν,
1363 2797 1428 2867 ἐᾷ
1466 2798 1564 2866 μὲν
1597 2796 1691 2850 νῦν
1743 2797 1776 2866 ή

195 2890 450 2960 βασιλεία
470 2908 570 2960 μου
604 2891 705 2961 τὴν
735 2889 827 2943 τοῦ
856 2891 1081 2951 κανόνος
1108 2889 1446 2959 ἑρμηνεῦσαι
1479 2889 1572 2942 καὶ
1600 2904 1777 2957 σαφη-

192 2983 345 3035 νίσαι
373 2983 536 3052 ὑφὴν,
568 2983 776 3053 ῥᾴστην
810 2981 976 3035 οὖσαν
999 2982 1416 3052 καταληφθῆναι
1439 2982 1531 3034 καὶ
1556 2981 1780 3048 διαγνω-

195 3074 399 3143 σθῆναι
467 3074 649 3135 καλῶς
710 3076 824 3135 τοῖς
860 3075 1161 3142 βάπτουσιν
1210 3075 1289 3135 είς
1322 3072 1633 3142 ἀκρίϐειαν,
1684 3074 1777 3126 καὶ

1877 1977 1980 2017 nec
2034 1979 2154 2033 quae
2184 1966 2439 2033 placuere
2488 1968 2790 2037 superioris
2846 1974 3126 2027 memoriae
3172 1972 3452 2043 Patribus,

1878 2061 1933 2107 et
1981 2055 2227 2123 ipsismet
2284 2058 2446 2127 longo
2468 2059 2688 2115 silentio
2724 2062 3100 2132 patientiaque
3127 2066 3194 2120 ad
3231 2068 3453 2125 hodier-

1880 2158 2010 2198 num
2040 2162 2212 2216 usque
2255 2148 2396 2202 diem
2443 2152 2801 2219 comprobata
2853 2152 3097 2220 fuerunt,
3158 2173 3225 2212 ex
3257 2158 3452 2215 incon-

1880 2239 2080 2291 stantia
2121 2240 2269 2293 velut
2329 2255 2642 2312 oppugnare
2694 2252 2841 2299 recte
2890 2246 3173 2315 facerent,
3248 2260 3301 2306 et
3354 2253 3455 2307 ha-

1878 2328 2070 2384 bendae
2103 2331 2240 2401 ipsis
2284 2334 2492 2403 gratiae,
2518 2336 2660 2403 quod
2684 2338 2902 2407 abjecto
2932 2342 3209 2410 pugnandi
3245 2344 3451 2410 studio,

1878 2434 2069 2489 pacem
2112 2423 2293 2491 potius
2339 2426 2571 2495 amplexi
2606 2438 2810 2485 essent.
2868 2431 2936 2485 At
2991 2448 3123 2488 vero
3154 2437 3198 2489 si
3231 2436 3453 2505 quidam

1881 2512 2061 2567 adhue
2099 2516 2263 2568 verba
2311 2519 2542 2575 canonis
2578 2532 2932 2591 usurpantes,
2990 2526 3234 2597 (quando
3262 2542 3291 2581 a
3328 2545 3457 2584 sen-

1878 2608 2050 2660 tentia
2108 2606 2268 2677 longe
2352 2610 2572 2680 absunt)
2638 2612 2920 2668 libidinem
2984 2630 3139 2671 suam
3221 2619 3454 2689 probare

1880 2699 2151 2765 nituntur,
2211 2701 2568 2773 ordinemque
2622 2705 2877 2774 nequiter
2950 2706 3005 2760 in
3072 2707 3453 2765 confusionem

1882 2790 2248 2846 inordinatam
2284 2803 2626 2850 commutant
2658 2811 2671 2848 :
2704 2798 2933 2853 canonis
2952 2798 3172 2868 quidem
3195 2803 3457 2870 majestas

1881 2896 2001 2937 mea
2048 2893 2366 2940 contextum
2417 2887 2771 2958 interpretari
2835 2905 2899 2945 ac
2940 2891 3222 2948 declarare
3267 2894 3455 2961 mittit,

1881 2986 2143 3044 perceptu
2195 2985 2250 3032 et
2286 2977 2568 3034 intellectu
2607 2980 2925 3037 faetllimutn
2982 2984 3072 3050 iis,
3110 2988 3202 3055 qui
3236 2987 3456 3043 subtili-

1882 3069 1997 3118 tate
2054 3074 2182 3119 sunt
2209 3066 2426 3133 imbuti,
2474 3079 2821 3142 mentemque
2848 3075 3074 3129 canonis
3115 3078 3393 3147 attingunt
3433 3094 3453 3135 :

194 3162 495 3232 κανονικῆς
546 3162 757 3223 ἑννοίας
798 3161 1150 3229 θιγγάνουσιν
1170 3178 1183 3191 ·
1229 3160 1360 3212 αὐτὸ
1393 3160 1448 3212 δὲ
1475 3160 1635 3212 τοῦτο
1664 3162 1773 3222 τοῖς

1884 3166 2070 3207 verum
2123 3154 2227 3210 hoc
2260 3156 2315 3209 in
2366 3160 2715 3227 pontilicibus
2754 3162 3127 3231 reprehendit,
3151 3167 3294 3234 quod
3327 3182 3452 3221 cum

197 3254 555 3326 ἀρχιερεῦσιν
587 3252 840 3323 ἐπιτιμᾷ,
871 3253 924 3304 τί
953 3251 1017 3321 δή
1044 3267 1173 3303 ποτε
1199 3250 1290 3303 τὸν
1322 3250 1520 3303 κανόνα
1549 3248 1775 3315 εἰδότες,

198 3350 297 3399 καὶ
317 3346 386 3398 τὰ
429 3347 648 3416 ῥήματα
693 3344 886 3397 τούτου
925 3340 1403 3413 ὲξακριδούμενοι,
1434 3341 1533 3410 τὴν
1567 3340 1777 3394 ἑαυτῶν

198 3437 514 3507 συνείδησιν
557 3435 863 3502 ἀνευλόγως
924 3434 1233 3502 ὲπᾶτησαν,
1277 3432 1373 3486 καὶ
1417 3430 1511 3485 τοῦ
1551 3432 1777 3494 κανόνος

189 3527 758 3599 ωραρῤιπτουμένου
791 3524 1091 3595 ἠνείχοντο,
1121 3526 1217 3576 καλ⁸
1256 3524 1356 3593 τὴν
1388 3522 1648 3593 ὑφεδρίαν
1681 3521 1774 3574 ἐπὶ

189 3620 307 3674 τῶν
358 3620 491 3689 πρὶν
545 3616 981 3688 χαρτοφυλάκων
1032 3615 1370 3685 ἠσπάζοντοο
1436 3614 1531 3668 καὶ
1582 3613 1776 3683 μισθὸν

190 3709 411 3772 τούτοις
435 3709 535 3779 τῆς
567 3708 679 3761 τῶν
710 3706 873 3778 ιερῶν
912 3707 1154 3760 κανόνων
1194 3705 1644 3776 περιφρονήσεως
1673 3703 1774 3774 τὴν

189 3802 292 3854 ἐπὶ
356 3799 456 3863 τὰς
514 3799 787 3868 λαχούσας
850 3798 1047 3858 αὐτοὺς
1110 3796 1432 3865 Ἐκκλησίας
1486 3795 1771 3861 ἀπέλασιν,

190 3891 405 3953 δίδωσι,
445 3888 635 3942 κανόνι
671 3885 961 3956 στοιχοῦσα
986 3882 1271 3939 κάνταῦθα
1311 3884 1772 3955 ὲκκλησιαστικῷ,

188 3984 293 4036 καὶ
349 3983 465 4043 τοῖς
532 3981 961 4049 περιφρονηταῖς
1019 3976 1128 4030 τῶν
1204 3978 1464 4043 κανόνων,
1527 3976 1772 4040 ἐκείνους

191 4073 399 4134 αὐτοὺς
463 4072 589 4134 τοὺς
645 4071 823 4141 ἱεροὺς
888 4069 1120 4131 κανόνας
1183 4070 1264 4130 είς
1324 4066 1535 4137 ἄμυναν
1587 4066 1774 4132 ἀντεξ-

187 4164 427 4233 ἀγουσα.
469 4181 489 4215 ι
944 4176 947 4179 ‘

264 4263 378 4316 Καὶ
424 4262 545 4315 ἐπεὶ
588 4260 724 4330 μετὰ
764 4258 863 4328 τὴν
910 4258 1099 4311 τούτου
1150 4254 1487 4329 προκομιδὴν
1538 4252 1610 4307 τὰ
1668 4252 1776 4305 ἀπὸ

194 4354 423 4424 μακρᾶς
487 4352 776 4422 συνηθείας
816 4351 1191 4421 κραθήσαντα,
1224 4348 1322 4401 καὶ
1352 4346 1439 4401 διὰ
1494 4343 1774 4416 βασιλικοῦ

191 4442 624 4516 προστάγματος
673 4440 927 4508 γεγόνασι
983 4438 1367 4509 κραταιότερα,
1430 4435 1774 4507 προκάθηται

1884 3256 2150 3298 canonem
2187 3258 2435 3312 nossent,
2468 3249 2699 3321 ejusque
2746 3254 2913 3308 verba
2960 3265 3318 3324 peraccurate
3378 3269 3457 3314 te-

1882 3345 2099 3402 nerent,
2164 3353 2320 3392 suam
2384 3341 2629 3411 ipsorum
2670 3345 3067 3401 conscientiam
3120 3358 3318 3418 praeter
3370 3366 3458 3405 ra-

1883 3425 2086 3481 tionem
2124 3432 2536 3495 conculcarint,
2566 3444 2619 3490 et
2650 3437 2803 3505 rejici
2840 3452 3102 3494 canonem
3139 3442 3287 3511 passi
3322 3443 3455 3509 sint,

1882 3530 1947 3572 ac
1978 3517 2292 3575 inferiorem
2324 3526 2627 3579 sessionem
2666 3528 2771 3583 sub
2822 3533 3101 3586 memoriae
3153 3536 3458 3604 superioris

1882 3608 2234 3667 chartulariis
2264 3614 2497 3683 amplexi
2530 3615 2755 3673 fuerint.
2795 3618 3033 3690 Ideoque
3054 3637 3152 3693 pro
3173 3640 3455 3682 sacrorum

1879 3713 2152 3756 canonum
2210 3715 2491 3774 contentu,
2519 3710 2821 3765 mercedem
2890 3713 3031 3768 hanc
3060 3715 3141 3771 eis
3174 3713 3458 3788 [majestas

1880 3790 2028 3865 mea]
2061 3794 2275 3862 tribuit,
2312 3807 2372 3852 ut
2398 3812 2528 3856 suas
2557 3803 2625 3856 ad
2663 3801 2945 3861 Ecclesias
2986 3808 3317 3878 abigantur;
3364 3828 3458 3869 ec:-

1878 3884 2176 3942 clesiastici
2237 3892 2465 3947 canonis
2509 3894 2677 3949 etiam
2717 3896 2820 3951 hac
2873 3898 2929 3952 in
2992 3909 3146 3969 parte
3202 3907 3453 3975 vestigiis

1881 3977 2164 4046 insistens,
2216 3991 2271 4035 et
2343 3986 2606 4043 adversus
2677 4003 2951 4045 canonum
3028 4001 3455 4064 contemptores,

1880 4067 2032 4137 ipsos
2088 4084 2330 4130 canones
2389 4088 2577 4133 sacros
2604 4077 2657 4132 in
2702 4080 3009 4137 subsidium
3059 4085 3389 4153 producens.
3430 4108 3450 4142 ι

1952 4254 2019 4311 Ει
2068 4258 2326 4326 quoniam
2391 4259 2496 4316 hoc
2561 4262 2907 4333 promulgata
2973 4279 3071 4332 ea,
3121 4282 3242 4338 quae
3292 4270 3458 4343 longa

1882 4348 2291 4405 consuetudine
2330 4350 2700 4412 invaluerant.
2743 4370 2841 4425 per
2880 4356 3054 4427 ipsius
3096 4361 3260 4415 etiam
3305 4362 3460 4433 prin-

1883 4436 2025 4506 cipis
2070 4437 2312 4493 edictum
2360 4442 2534 4511 magis
2582 4444 2826 4499 stabilita
2874 4446 3139 4505 luerunt:
3171 4450 3455 4508 chartula-

195 4515 367 4604 μέχρι
420 4532 518 4585 τοῦ
556 4531 653 4585 νῦν
692 4532 893 4593 παντὸς
941 4518 1446 4600 ἀρχιερατιύοντος,
1483 4526 1588 4580 κᾶν
1634 4525 1773 4596 τύχῃ

1887 4532 1999 4583 rius
2054 4530 2110 4583 in
2161 4531 2308 4585 hunc
2352 4547 2526 4599 usque
2580 4534 2724 4589 diem
2777 4537 2931 4593 sedet
2983 4547 3109 4596 ante
3157 4543 3459 4611 quemlibet

187 4626 385 4679 τοῦτον
433 4624 532 4676 καὶ
583 4622 862 4691 βασιλικὸν
915 4621 1061 4690 ἔχειν
1114 4618 1348 4688 ἀξίωμα,
1390 4614 1692 4685 ὑπερτίμου
1736 4614 1769 4683 ἢ

190 4714 689 4788 πρωτοσυγκέλλου
717 4714 901 4782 τυχόν.
940 4714 1050 4767 Καὶ
1082 4712 1205 4765 τότε
1246 4712 1344 4781 μὲν
1370 4710 1511 4764 οὕτω
1558 4708 1769 4763 διευλυς

189 4808 344 4876 τώθη
370 4808 432 4859 τὸ
459 4806 625 4874 δῆθεν
667 4804 990 4874 ἀμφίδολον.
1035 4803 1176 4873 Ἐγὼ
1210 4802 1267 4857 δὲ
1290 4802 1369 4871 τῷ
1398 4799 1661 4873 βασιλικῷ
1689 4799 1769 4853 δι-

190 4895 417 4970 ορισμῷ
454 4895 598 4949 κατὰ
619 4897 679 4947 τὸ
710 4893 1099 4963 νενομισμένον
1128 4890 1460 4955 ἀκολουθῶν,
1495 4892 1560 4959 τῇ
1597 4904 1768 4942 κατα-

189 4988 546 5060 σκευαζούσῃ
568 4986 762 5056 γνώμῃ
791 4986 892 5054 τὴν
923 4984 1216 5054 προεδρίαν
1236 4983 1331 5037 τοῦ
1358 4980 1772 5054 χαρτοςύλακος

182 5079 277 5133 διὰ
307 5078 479 5149 μόνην
526 5078 625 5146 τὴν
662 5077 908 5146 ἄγραφον
945 5073 1293 5145 μακροτάτην
1337 5072 1645 5144 συνήθειαν,
1672 5070 1772 5139 τὴν

183 5175 311 5229 ἀντὶ
385 5173 553 5242 νόμου
637 5170 1227 5242 παραλαμϐανομένην,
1288 5169 1364 5232 ὡς
1439 5168 1769 5237 γέγραπται,

188 5267 253 5319 οὐ
311 5262 702 5333 προστίθεμαι.
755 5257 884 5314 Οἶδα
923 5260 1033 5329 γὰρ
1085 5260 1205 5312 τότε
1245 5260 1346 5329 τὴν
1386 5258 1602 5327 μακρὰν
1641 5272 1768 5309 συν-

188 5355 386 5428 ήθειαν
417 5354 539 5407 ἀντὶ
592 5352 760 5422 νόμου
812 5354 1056 5423 κρατεῖν,
1100 5350 1521 5421 δοκιμασθεῖσαν
1553 5349 1770 5410 πάντως

188 5446 551 5511 δικαστικῶς,
599 5446 687 5498 δτι
738 5443 893 5513 νόμοι
952 5444 1047 5498 καὶ
1090 5444 1313 5506 κανόνες
1346 5443 1432 5495 διὰ
1461 5442 1664 5510 ταύτης
1708 5437 1767 5490 οὺ

186 5539 587 5613 παραλύονται.
622 5537 783 5606 Λέγω
804 5536 859 5590 δε
885 5537 984 5607 τὴν
1012 5537 1334 5606 προεδρείαν
1359 5535 1500 5605 ἔχειν
1517 5534 1608 5587 τὸν
1633 5547 1769 5602 χαρ-

1885 4620 2221 4691 pontiﬁcem,
2254 4621 2383 4678 licet
2422 4623 2743 4693 dignitatem
2788 4628 2988 4683 habeat
3031 4631 3100 4686 ab
3136 4632 3257 4703 ipso
3303 4636 3458 4705 prin-

1882 4711 2002 4781 cipe
2041 4725 2385 4777 concessam,
2430 4721 2491 4768 ut
2552 4715 2863 4786 hypertimi,
2913 4719 2998 4774 vel
3044 4727 3455 4795 pratosyncelli.

1880 4802 1960 4857 Ac
1998 4810 2133 4857 tunc
2165 4804 2387 4873 quidem
2435 4807 2753 4877 ambiguum
2790 4810 2893 4864 hoc
2938 4812 3009 4865 ita
3042 4814 3283 4871 solutum
3329 4817 3453 4875 fuit.

1876 4895 1990 4968 Ego
2036 4912 2168 4951 vero
2216 4906 2362 4953 stcut
2402 4897 2749 4967 imperatoris
2783 4903 3074 4969 sanctioni,
3117 4915 3281 4975 prout
3322 4908 3453 4979 legi-

1877 4988 1981 5043 bus
2032 4997 2309 5057 receptum
2368 4997 2492 5053 est,
2551 4991 2827 5046 assentior
2879 5009 2894 5047 :
2945 4994 3022 5049 ita
3076 5000 3447 5070 sententiam,

1877 5074 2217 5128 chartulario
2264 5074 2499 5143 primam
2555 5079 2862 5133 sessionem
2915 5090 3296 5147 astruentem,
3352 5104 3449 5159 per

1876 5166 2049 5220 solam
2085 5179 2193 5219 non
2232 5165 2493 5233 scriptam
2528 5166 2827 5237 longissimi
2859 5173 3118 5241 temporis
3146 5188 3449 5233 consuetu-

1877 5254 2081 5320 dinem,
2112 5271 2233 5324 qua:
2267 5256 2403 5325 legis
2436 5258 2516 5326 (ut
2552 5267 2711 5312 antea
2747 5261 3093 5335 scripsimus)
3133 5264 3255 5321 loco
3296 5268 3452 5324 duci-

1879 5353 1967 5399 tur
2012 5344 2144 5416 (65),
2180 5347 2403 5400 minime
2442 5349 2633 5416 probo.
2668 5347 2881 5419 Quippe
2921 5361 3052 5409 tunc
3084 5356 3200 5410 scio
3238 5357 3451 5415 diutur-

1883 5453 2007 5491 nam
2040 5438 2495 5492 consuetudinem
2530 5453 2627 5509 pro
2653 5440 2769 5509 lege
2789 5442 2989 5508 valere,
3020 5449 3246 5501 omnino
3270 5459 3449 5505 tamen

1880 5528 1933 5581 in
1956 5527 2164 5599 judicio
2194 5528 2349 5597 prius
2380 5528 2772 5599 examinatum,
2797 5544 2921 5586 cum
2953 5533 3098 5607 leges
3126 5545 3177 5590 et
3212 5550 3451 5595 canones

1698 5706 1929 5763 ΝΟΤΛΕ.

259 5807 376 5882 (65)
408 5807 451 5864 ι.
474 5808 543 5862 51
569 5807 635 5862 D.
675 5805 749 5860 De
768 5807 920 5876 legib.
973 5813 1028 5861 et
1058 5807 1093 5860 l.
1124 5807 1177 5860 '5.
1209 5806 1271 5863 C.
1309 5807 1439 5875 Qme
1492 5806 1561 5861 sit
1614 5805 1757 5875 long.
1800 5812 2028 5859 cortsuet.

515 5902 787 5962 ΡΑτιιοι..
819 5900 936 5961 (in.
979 5898 1202 5960 CXIX.

3013 5900 3090 5965 38
