4198 6444
174 402 323 468 1.197

1445 376 2158 446 GRECO-ROMANUM.

3282 364 3417 430 1198

163 515 321 579 λέγει
355 509 734 584 προτιμητέαν
763 502 902 562 εἶναι
934 504 1034 576 τὴν
1079 504 1320 571 κεφαλὴν
1349 503 1447 571 τῆς
1479 499 1679 571 χειρὸς,
1707 494 1740 563 ἢ

1852 493 2082 548 nionem
2140 495 2411 545 statutum
2471 497 2597 555 est,
2666 499 2721 543 et
2780 486 3159 543 excubitorum
3222 487 3417 541 haheat

162 606 331 659 ἄλλου
372 606 567 675 μέλους
600 603 694 655 τοῦ
726 600 1000 671 σώματος.
1044 596 1214 650 Τοῦτο
1260 595 1365 664 γάρ
1387 594 1475 647 διὰ
1521 592 1618 663 τὴν
1653 591 1743 642 εὐ-

162 696 363 763 ἠῗειαν
397 694 459 745 οὺ
507 690 988 761 παραλληλίζεται.
1049 684 1191 739 Ἀλλ’
1241 683 1521 737 ἐπανιτέον
1551 680 1671 733 ὅθεν
1719 680 1746 730 ὁ

167 786 335 853 ὶόγος
394 783 685 851 μετέπεσε,
727 780 823 833 καὶ
864 778 1149 847 ζητητέον,
1210 776 1355 829 τίνος.-
1418 773 1579 845 χάριν
1638 772 1746 823 τῶν

168 876 274 945 μὲν
319 875 497 928 ἄλλων
549 874 824 944 σεκρέτων
854 873 903 923 oi.
952 868 1363 938 προκαθήμενοι
1421 867 1601 935 μόνοις
1658 864 1745 928 ἐξ·

173 965 587 1035 υπηρετεῦνται
626 963 964 1032 σεκρετικοίς
987 960 1317 1021 ϐουλευταῖς·
1339 961 1366 1010 ὁ
1394 959 1448 1011 δὲ
1477 954 1745 1027 [ap-.0916-

164 1054 272 1118 λαξ
296 1056 545 1122 τάγμασι
568 1054 767 1114 διττοίς
792 1050 1126 1119 διακονητῶν
1159 1049 1536 1119 μεγεθύνεται.
1564 1048 1747 1117 Φαμὲν

165 1143 288 1211 οὖν,
322 1147 406 1197 ὅτι
434 1146 502 1198 τά
527 1146 619 1199 τοῦ
654 1143 1068 1214 χαρτοφὺλακος
1102 1143 1283 1196 δίκαια
1300 1140 1547 1210 ψυχικῶν
1576 1143 1749 1210 ῥυπα-

169 1237 403 1303 σμάτων
437 1237 543 1288 εἰσὶ
572 1235 942 1305 καθαρτήρια,
961 1234 1054 1286 καὶ
1071 1230 1396 1303 νοσημάτων
1421 1232 1749 1301 σωματικῶν

169 1326 519 1397 ἁλεξιτὴρια.
558 1327 651 1380 Διὸ
702 1327 797 1379 καὶ
841 1326 1172 1389 τετύπωται,
1220 1324 1515 1392 ταγμάτων
1558 1322 1749 1375 διττῶν

172 1416 478 1484 ὑπουργοῖς
497 1415 638 1468 αὐτά
666 1414 1118 1468 κατευθύνεσθαι.
1146 1415 1242 1467 Ἀν
1265 1414 1395 1481 γοῦν
1415 1414 1751 1483 Θεμιστεύων

179 1510 554 1579 προκάοηται,
591 1510 685 1560 καὶ
740 1507 1033 1561 δικαστικά
1078 1506 1329 1570 διῡλίζων
1355 1507 1625 1576 νοήματα,
1665 1508 1751 1560 νό-

178 1618 319 1671 μους
355 1601 605 1671 συνάπτῃ
657 1599 909 1669 νομίμοις
949 1598 1385 1668 Οεσπιωδήμασι,
1429 1599 1525 1651 καὶ
1563 1600 1752 1653 κανόσι

174 1693 419 1754 κανόνας
465 1691 775 1763 άρμο).ογῇ,
833 1690 900 1743 ἂν
957 1690 1254 1758 δικολογῶν
1312 1690 1602 1760 προτάσεις
1656 1692 1754 1745 καὶ

175 1783 486 1846 ἀντιθέσεις
517 1783 862 1852 σφυρηλατῇ,
900 1783 992 1834 καὶ
1035 1782 1132 1844 τὰς
1162 1782 1262 1850 μὲν
1304 1781 1649 1855 ἀποσμιλεύῐι
1683 1785 1748 1853 τῇ

1848 582 2213 639 satellitium?
2260 582 2363 635 nisi
2413 582 2536 651 quis
2583 581 2764 636 dicere
2818 580 2975 641 velit,
3027 579 3147 648 plus
3194 580 3418 634 honoris

1847 673 2201 729 deferendum
2234 672 2422 740 capiti,
2449 686 2611 739 quam
2638 670 2845 731 manui,
2876 671 2957 724 vel
2986 670 3142 723 alteri
3174 673 3420 723 meiut-ro

1849 763 2121 832 corporis.
2158 762 2291 815 Nam
2326 762 2439 814 hzec
2470 765 2827 825 comparatio,
2861 776 2959 814 ceu
2986 762 3176 822 stulta,
3208 775 3314 812 non
3340 759 3424 811 iu-

1849 858 2119 917 stituitur,
2162 855 2267 910 Sed
2306 853 2670 917 redeundum,
2719 856 2859 906 unde
2886 854 3106 908 deﬂexit
3136 857 3337 909 oratio.
3370 863 3424 906 et

1853 948 2234 1018 inquirendum
2276 987 2290 1010 ,
2356 945 2711 1014 quamobrem
2787 944 3019 998 aliorum
3081 952 3418 996 secretorum

1852 1043 2113 1112 pra-sides
2165 1041 2448 1095 secreticis
2522 1039 2788 1093 duntaxat
2845 1037 3086 1093 servitiis
3139 1051 3361 1091 mantnr
3406 1055 3421 1089 :

1851 1148 1974 1186 cum
2016 1132 2389 1187 chartularius
2422 1130 2767 1183 auctoritatis
2800 1129 3024 1198 majoris
3054 1143 3221 1184 causa
3253 1128 3426 1200 gemi-

1851 1240 1953 1279 nos
1996 1224 2189 1277 habeat
2237 1223 2617 1277 ministrorum
2661 1221 2901 1275 ordines.
2933 1222 3119 1290 Itaque
3164 1223 3422 1289 dit-imus,

1854 1317 1908 1370 in
1940 1331 2003 1369 eo
2033 1316 2241 1369 versari
2284 1316 2408 1383 jura
2438 1312 2781 1378 chartularii,
2813 1323 2866 1366 ut
2893 1314 3201 1367 animorum
3232 1315 3424 1369 sordes

1854 1414 2140 1476 expurget,
2159 1421 2222 1459 ac
2252 1406 2457 1461 morbis
2481 1406 2763 1473 corporeis
2793 1405 3121 1459 medicinam
3147 1406 3425 1461 adhibeat.

1855 1496 2090 1567 Ideoque
2132 1505 2399 1552 statutum
2436 1506 2541 1561 est,
2576 1497 2691 1549 haec
2735 1510 2858 1550 esse
2888 1496 3171 1565 dirigenda
3212 1513 3308 1566 per
3336 1513 3430 1566 ge-

1855 1590 2130 1644 minorum
2166 1588 2421 1642 ordinum
2454 1587 2830 1643 administros.
2867 1587 2991 1643 Sive
3019 1590 3185 1658 igitur
3210 1590 3303 1658 jus
3342 1590 3427 1646 di-

1854 1695 1985 1734 cens
2030 1678 2339 1749 praesideat,
2386 1688 2443 1735 et
2504 1678 2834 1747 judiciarios
2881 1683 3171 1749 peruolans
3217 1683 3430 1736 intelle-

1859 1781 2001 1834 ctus,
2042 1770 2187 1841 leges
2223 1786 2345 1825 cum
2394 1771 2569 1841 legum
2613 1773 2991 1827 sanctionibus
3020 1782 3329 1843 componat,
3373 1781 3429 1828 et

176 1874 339 1943 ὶυδὶα
371 1874 469 1942 τῆς
520 1872 888 1939 διαγνώσεως,
940 1874 1038 1933 τὰς
1086 1873 1143 1926 δὲ
1196 1873 1609 1943 ντταρειδέχητιμ⁹
1659 1876 1753 1929 καὶ

1856 1877 2096 1917 canones
2145 1877 2267 1916 cum
2321 1862 2629 1918 canonibus
2683 1864 2937 1917 conciliet
2968 1866 3161 1921 :-sive
3225 1880 3426 1922 causas

180 1963 358 2025 τέλος,
381 1962 449 2014 ἂν
475 1961 685 2028 κρίσεις
706 1962 1121 2033 πατριάρχικῶν
1142 1964 1408 2032 νοταρὶων
1425 1963 1752 2035 ζυγοστατῇ,

181 2058 526 2123 σεκρετικῶν
576 2053 880 2115 διαλαλιαϊς
937 2052 1331 2122 μεγαλύνεται·
1382 2056 1476 2107 καὶ
1532 2056 1755 2124 μᾶλλον,

183 2146 316 2198 ὅταν
359 2147 419 2197 τὸ
449 2145 802 2220 δικαστήριον
829 2146 885 2196 ὲν
913 2144 1093 2213 μόνοις
1117 2145 1252 2215 πράγ
1272 2162 1401 2213 μασι
1430 2144 1759 2216 στημονὶζηι

180 2253 294 2289 ται.
334 2236 398 2289 Ei
447 2236 503 2288 δὲ
540 2236 885 2306 προκάθηται
909 2236 1154 2305 ψυχικῶν
1183 2236 1632 2306 ἀρρωστημάτων
1673 2237 1760 2290 Θε-

185 2327 425 2395 ραπείαν
482 2326 826 2395 ποιούμενος,
889 2326 982 2377 καὶ
1048 2327 1364 2393 σεσηπότων
1430 2328 1760 2397 τραυμάτων

184 2418 657 2489 ἐπισκεπτόμενος
681 2417 1033 2487 κακοήθειαν,
1060 2417 1135 2487 πῆ
1158 2417 1257 2486 μὲν
1284 2417 1488 2489 σιδήρῳ
1506 2419 1759 2489 χωνεύων

187 2510 281 2562 τοῦ
316 2509 530 2572 πάθους
562 2510 659 2579 τὴν
699 2508 1064 2577 ὑπουλότητα,
1100 2510 1176 2579 πῆ
1200 2510 1246 2563 δ’
1277 2510 1597 2564 ἐπιπάσσων
1624 2513 1758 2580 ἥπια

188 2602 485 2670 φάρμακα,
534 2599 684 2670 παρὰ
727 2600 826 2668 τῆς
864 2598 1073 2662 τάξεως
1108 2600 1457 2669 ὑπηρετεῖται
1506 2603 1613 2654 τῶν
1643 2604 1761 2655 ὲπι-

192 2694 557 2747 σκοπειανῶν.
613 2693 677 2745 Εἰ
732 2691 775 2744 δ’
810 2691 958 2745 ἔστιν
989 2693 1078 2744 ὅτε
1137 2694 1277 2745 κατά
1331 2692 1607 2764 διορισμὸν
1658 2713 1761 2749 πα-

186 2784 536 2853 τριάρχικὺν,
565 2784 689 2836 τινά
735 2784 846 2837 τῶν
889 2784 1202 2854 προνομίων
1251 2785 1453 2839 τούτων
1511 2805 1762 2857 παρασα-

185 2873 452 2937 ladani—.0,
485 2873 621 2936 τέως
652 2873 761 2941 ἐγὼ
784 2873 986 2940 ἀγνοῶ,
1022 2876 1115 2927 καὶ
1156 2875 1482 2946 συγγνώμης
1521 2878 1761 2947 ἀξιωθή-

186 2982 379 3033 σομαι,
415 2965 513 3031 τὴν
544 2964 782 3019 παλαιάν
806 2965 1174 3018 ἀναδιδάσκων
1202 2967 1520 3036 παράδοσιν.
1546 2968 1761 3023 Τούτων

186 3052 281 3109 οὖν
324 3057 467 3109 οὕτω
506 3058 687 3119 καλῶς
732 3057 1239 3127 διευκρινηοέντων,
1271 3059 1344 3122 ὡς
1388 3056 1560 3130 οἶμαι,
1593 3062 1761 3130 άναγα

190 3150 348 3200 καῖον
379 3148 524 3211 ἔδοξέ
567 3166 657 3218 μοι
688 3149 910 3220 ποιῆσαι
940 3152 1030 3203 καὶ
1061 3153 1197 3219 προς
1221 3152 1312 3204 τὸν
1353 3154 1493 3205 κατὰ
1535 3156 1759 3224 καιροὺς

188 3238 587 3307 χαρτοίρύλακα
622 3239 840 3291 δικαίαν
870 3239 1118 3303 ἀξίωσιν.
1150 3241 1394 3295 Δέσποτά
1432 3261 1534 3309 μου
1563 3262 1759 3316 χαρτοο

191 3330 394 3397 φύλαξ,
463 3331 526 3382 τὸ
583 3330 951 3400 ἑμπιστευθέν
1009 3348 1094 3385 σοι
1152 3333 1411 3387 τάλαντον
1468 3335 1576 3388 ἀπὸ
1625 3335 1762 3389 Θεοῦ

193 3421 665 3490 παντοκράτορος,
704 3421 777 3490 μὴ
813 3421 1201 3493 καταχωσθείη
1231 3424 1317 3477 διὰ
1345 3424 1612 3495 νωθρείαν
1645 3443 1760 3491 σον,

192 3510 281 3562 ἶνα
314 3510 393 3580 μὴ
425 3511 665 3581 ἀκούσῃς
688 3511 874 3573 δοῦλος
898 3511 1132 3581 πονηρὸς
1150 3512 1244 3566 καὶ
1277 3514 1570 3583 ἀχάριστος
1590 3532 1603 3545 ·
1630 3516 1765 3583 μηδὲ

188 3602 251 3654 τὸ
285 3602 475 3671 κέρμα
501 3603 607 3655 τῶν
652 3603 907 3672 μεγάλων
944 3604 1254 3674 προνομίων
1277 3605 1439 3658 αὑτοῦ
1480 3606 1764 3677 προδοθεῦη

202 3694 350 3746 κατὰ
384 3692 484 3762 σὴν
521 3693 725 3762 πολλὴν
753 3694 1057 3746 ἐπιείκειαν
1083 3711 1097 3725 ⁸
1138 3694 1275 3748 ἀλλὰ
1305 3695 1600 3768 διαδοθήτω
1631 3700 1767 3767 πρὸς

200 3782 563 3852 τραπεζίτας,
606 3784 700 3836 καὶ
731 3783 1279 3855 διπλασιασθήσεται.
1310 3787 1519 3839 Σκοπόν
1555 3805 1613 3839 σε
1644 3806 1769 3842 κατ-

195 3872 393 3942 έστησε
449 3872 703 3942 δεύτερον
749 3875 776 3927 ὁ
827 3874 959 3937 Θεὸς
1006 3874 1095 3928 διά
1144 3876 1325 3947 χειρὸς
1382 3880 1765 3947 ἐπισκοπικῆς.

200 3962 515 4015 Κάντεῦϐεν
545 3965 634 4015 ἐπὶ
676 3963 751 4034 τῷ
786 3966 1011 4033 στόματί
1058 3983 1151 4019 σον
1199 3967 1398 4030 πάντες
1431 3970 1766 4039 εἰσέρχονται

196 4056 273 4114 εἰς
312 4051 464 4107 οἷκον
493 4054 627 4108 Θεοῦ
661 4056 1120 4127 παντοκράτορος,
1172 4058 1266 4111 καὶ
1311 4060 1403 4109 ἐπὶ
1434 4060 1509 4129 τῷ
1542 4062 1769 4131 στόματί

199 4162 292 4198 σου
331 4146 673 4215 ἐξέρχονται.
715 4148 805 4216 Μὴ
844 4144 937 4199 οὖν
969 4148 1153 4217 εἴπῃς,
1188 4149 1252 4201 Τί
1298 4149 1481 4220 δοθείη
1529 4170 1640 4220 μοι,
1677 4155 1770 4206 καὶ

196 4237 245 4288 τί
274 4238 607 4307 προστεθεὶη
642 4255 732 4306 μοι
762 4239 897 4308 προς
934 4241 1205 4309 μέριμναν
1246 4239 1583 4310 ὁ).οχρόνιον;
1619 4244 1769 4313 Μηδὲ

201 4330 461 4399 σιγήσῃς,
528 4328 662 4397 μηδὲ
715 4329 1131 4403 καταπραύνῃς,
1195 4331 1328 4400 μηδὲ
1404 4332 1639 4404 λαλήσῃς
1694 4338 1769 4397 ὡς

194 4420 509 4489 ἀνθρώποις
582 4420 863 4490 ἀρέσκων,
924 4417 1081 4473 εἶπεν
1147 4422 1175 4472 ὁ
1248 4424 1420 4491 μέγας
1475 4426 1769 4485 ἀπόστολος

1857 1970 2046 2024 agens,
2095 1954 2498 2024 pr0positioncs
2542 1963 2595 2009 et
2643 1954 2978 2020 objectiones
3022 1958 3124 2011 sub
3174 1958 3424 2013 incudem

1860 2052 2095 2107 revocet,
2128 2054 2182 2098 et
2228 2045 2325 2099 has
2371 2045 2590 2113 quidem
2638 2045 2786 2099 velut
2818 2047 3045 2101 abradat
3076 2064 3171 2117 per
3198 2047 3430 2119 Lydium

1860 2135 2196 2205 cognitionis
2250 2136 2505 2204 lapidem,
2552 2135 2675 2191 illas
2718 2136 3001 2203 admittat;
3048 2141 3164 2195 sive
3196 2142 3430 2211 denique

1855 2226 2060 2297 judicia
2107 2228 2445 2281 notariorum
2490 2229 2938 2298 patriarchalium
2986 2235 3283 2302 ponderet,
3334 2252 3430 2305 per

1860 2321 2251 2377 secreticorum
2284 2321 2663 2375 ministrorum
2701 2322 2919 2377 decreta
2948 2340 3199 2395 magnam
3237 2338 3433 2382 aucto-

1860 2412 2073 2467 ritatem
2106 2413 2495 2481 consequitur;
2528 2416 2831 2483 praesertim
2864 2431 2986 2470 cum
3019 2420 3154 2473 solis
3182 2419 3235 2473 in
3266 2420 3431 2476 rebus

1855 2504 2121 2571 judicium
2158 2504 2311 2558 texit.
2356 2504 2450 2559 Sin
2488 2505 2561 2559 ita
2602 2507 2875 2572 praesidet,
2925 2516 2982 2561 ut
3012 2511 3431 2579 a‘gritudinibus

1861 2595 2028 2648 animi
2066 2598 2363 2649 remedium
2396 2597 2673 2661 adhibeat,
2701 2606 2755 2652 et
2778 2599 3115 2666 putridorum
3144 2604 3428 2659 vulnerum

1863 2685 2161 2740 {militatem
2206 2686 2490 2756 inSpiciat.
2540 2703 2605 2743 ac
2648 2704 3039 2761 nonnunquam
3079 2693 3224 2749 ferro
3256 2698 3430 2754 latens

1866 2778 1979 2830 vitii
2024 2777 2225 2831 malum
2272 2780 2488 2842 adurat,
2528 2795 2919 2851 nonnunquam
2957 2784 3104 2839 mitia
3150 2786 3429 2858 inspergat

1863 2870 2300 2938 medicamenta,
2354 2872 2565 2927 ordinis
2610 2873 3083 2943 episcopianorum
3128 2879 3432 2936 ministerio

1866 2962 2057 3016 utitur.
2115 2964 2197 3017 An
2242 2978 2369 3019 vero
2417 2963 2692 3018 interdum
2736 2965 2815 3021 sic
2859 2967 3087 3036 jubente
3120 2984 3184 3025 ac
3218 2972 3434 3030 volente

1866 3054 2176 3122 patriarcha
2212 3056 2527 3118 usuveniat,
2578 3066 2638 3110 ut
2689 3056 2911 3126 aliquod
2962 3058 3154 3115 horum
3207 3065 3433 3133 privile-

1865 3144 2079 3213 giorum
2110 3145 2230 3198 loco
2263 3156 2574 3213 moveatur;
2600 3148 2852 3217 equidem
2888 3151 3029 3205 scire
3055 3167 3161 3207 non
3190 3170 3431 3224 possum,

1868 3242 1921 3285 et
1968 3234 2180 3287 veniam
2225 3235 2493 3299 merebor,
2518 3236 2610 3306 qui
2654 3239 3110 3295 consuetudinem
3151 3246 3433 3314 antiquam

1866 3325 2055 3381 doceo.
2091 3323 2185 3382 llis
2217 3327 2382 3394 igitur
2421 3327 2476 3381 in
2504 3328 2649 3382 hunc
2680 3328 2899 3383 modum
2941 3341 3086 3386 recte
3117 3333 3433 3403 declaratis,

1868 3423 1927 3470 ut
1959 3416 2216 3482 arbitror,
2246 3419 2617 3472 necessarium
2646 3418 2777 3472 mihi
2802 3420 2985 3474 visum
3017 3430 3122 3486 est,
3151 3432 3211 3477 ut
3231 3426 3435 3495 justam

1868 3509 2183 3578 petitionem
2229 3507 2296 3562 ad
2340 3509 2581 3578 cujusvis
2623 3512 2885 3579 temporis
2917 3512 3306 3571 cbartularium
3352 3520 3437 3575 in-

1871 3599 2115 3652 Stituam.
2164 3597 2390 3653 Domine
2424 3599 2499 3653 mi
2546 3599 2963 3672 chartophylax,
2996 3604 3257 3661 talentum
3313 3609 3437 3666 ﬁdei

1874 3699 1977 3743 tua:
2022 3690 2289 3744 creditum
2336 3692 2405 3745 ab
2446 3693 2817 3760 omnipotente
2866 3694 2997 3760 Deo,
3036 3712 3133 3766 per
3163 3700 3436 3769 ignaviam

1873 3790 2020 3836 tuam
2051 3797 2121 3836 ne
2149 3780 2426 3836 defossum
2455 3782 2563 3849 sit;
2597 3797 2664 3837 ne
2694 3799 2885 3839 servus
2910 3802 3142 3857 nequam
3172 3801 3225 3845 et
3257 3794 3438 3863 ingra-

1870 3880 1959 3927 tus
1999 3872 2287 3941 appeileris
2337 3890 2351 3926 :
2404 3887 2543 3927 neve
2582 3889 2902 3942 magnorum
2937 3878 3099 3946 hujus
3134 3885 3291 3938 oﬂicii
3326 3888 3442 3955 pri-

1871 3963 2190 4032 vilegiorum
2224 3978 2318 4026 ars,
2357 3964 2523 4017 nimia
2558 3968 2975 4023 mansuetudine
3006 3980 3093 4024 tua
3128 3975 3392 4043 prodatur
3419 4018 3437 4041 .

1874 4053 1966 4107 sed
2000 4056 2141 4107 inter
2180 4054 2575 4107 nummularius
2605 4056 2992 4121 distribuatur,
3023 4069 3077 4115 et
3107 4064 3436 4132 duplicetur.

1873 4144 2119 4198 Alterum
2167 4153 2215 4199 te
2257 4159 2481 4215 scopum
2527 4146 2666 4201 Deus
2701 4163 2795 4217 per
2826 4151 3183 4219 episcopalem
3216 4171 3436 4212 manum

1880 4236 2189 4290 constituit.
2238 4235 2359 4301 Quo
2416 4235 2497 4301 ﬁt,
2544 4246 2603 4290 ut
2642 4239 2707 4292 ad
2755 4253 2816 4293 os
2858 4251 3007 4295 tuum
3052 4246 3441 4314 omnipotentis

1875 4324 1971 4378 Dei
2016 4325 2239 4378 domum
2286 4339 2480 4379 omnes
2528 4326 2926 4397 ingrediantur,
2971 4339 3025 4385 et
3068 4334 3134 4387 ad
3175 4349 3238 4389 os
3288 4346 3437 4393 tuum

1873 4416 2243 4485 egrediantur.
2288 4415 2404 4472 Non
2453 4432 2583 4487 ergo
2637 4419 2841 4476 dixeris
2887 4438 2901 4475 :
2956 4423 3094 4488 Quid
3142 4426 3258 4481 dari
3304 4431 3438 4486 mihi

196 4511 436 4573 Παῦλος,
479 4511 600 4563 κατ’
642 4514 849 4564 ἐκεῖνον
898 4512 989 4564 τὸν
1039 4514 1278 4581 πονηρὸν
1332 4515 1619 4582 μισξωτὶν,
1671 4516 1755 4567 τὸν

1874 4507 2069 4574 possit,
2094 4518 2145 4561 et
2175 4506 2303 4575 quid
2338 4506 2498 4574 adjici
2538 4507 2603 4561 ad
2624 4508 3046 4567 sollicitudinem
3090 4521 3442 4585 perpetuam?

197 4601 323 4656 καθ’
358 4602 552 4655 ἑαυτὸν
606 4602 969 4671 ψιθυρίσαντα
997 4618 1009 4631 ·
1043 4602 1102 4654 τ),
1152 4603 1399 4656 ἐκλεῖπον
1446 4604 1765 4667 ἐκλειπέτω.

192 4694 249 4745 τὸ
282 4693 725 4761 ἑσκορπισμένον
758 4695 831 4763 μὴ
866 4694 1178 4763 συναχθείη,
1209 4695 1303 4747 καὶ
1351 4696 1411 4747 τὸ
1449 4713 1772 4766 συντετριμ-

198 4786 364 4853 μένον
395 4784 473 4852 μὴ
496 4783 875 4852 ὁλομεληθείη.
927 4786 1113 4853 ’Λρκεῖ
1140 4786 1244 4855 γάρ
1290 4788 1353 4855 τῇ
1391 4786 1572 4857 ἡμέρα
1603 4790 1633 4857 ἡ
1668 4806 1769 4841 κα-

197 4878 291 4929 κία
351 4875 546 4944 αὐτῆς.
606 4875 764 4928 Ἀλλά
807 4876 1037 4945 σήρυξον
1091 4877 1483 4939 ἀποστολικῶς,
1542 4878 1771 4931 ἐνώπιον

196 4967 334 5019 Pco-3
374 4966 473 5033 τὴν
524 4967 803 5035 ἀλήθειαν.
864 4966 1149 5035 Tia-35:30:
1179 4967 1471 5036 εὐκαίρως,
1506 4971 1769 5039 ἀκαίρως,

198 5059 441 5125 ἔτεγξον,
500 5058 845 5127 ἐπιτίμησον,
909 5059 1313 5127 παρακάλεσον,
1368 5061 1771 5130 κακοπάοησον,

203 5152 366 5220 ἔργον
420 5148 647 5219 ποίησον
710 5147 1118 5215 εὐαγγελιστοῦ,
1170 5150 1269 5219 τὴν
1348 5150 1623 5204 διακονίαν
1679 5169 1772 5206 σου

204 5244 652 5313 πληροφόρησον.
691 5241 801 5292 Καὶ
832 5239 971 5308 τάχα
1001 5239 1263 5301 νεανικῶς
1306 5240 1448 5293 οὕτω
1488 5242 1579 5294 τὸν
1614 5242 1776 5295 καλὸν

205 5336 394 5403 ἀγῶνα
441 5333 583 5386 κατὰ
614 5332 673 5384 τὸ
713 5332 1067 5403 ἁπῃτημένον
1102 5331 1532 5398 ἀγωνισάμενος,
1562 5334 1655 5385 καὶ
1682 5333 1777 5402 τὴν

209 5428 487 5481 διακονίαν
572 5442 665 5476 σου
733 5426 1082 5494 συντηρήσας
1167 5423 1615 5478 ἀνεπιϐούλευτον
1687 5427 1779 5479 καὶ

211 5522 503 5588 άμεέωτον,
555 5518 611 5567 ὲν
658 5516 735 5585 τῷ
773 5516 959 5585 μηδενὶ
988 5517 1052 5568 ἂν
1098 5514 1438 5587 ταπεινώσῃς
1470 5517 1597 5579 τοὺς
1632 5518 1780 5570 ἀντι-

211 5612 535 5670 πεπττσιτας,
579 5609 672 5659 καὶ
716 5609 880 5676 ἐρεῖς,
933 5607 1035 5657 Τὸν
1089 5606 1287 5673 δρόμον
1343 5607 1623 5669 τετέλεκα,
1683 5609 1780 5677 τὴν

209 5702 398 5753 πίστιν
426 5700 732 5768 τετήρηκα.
768 5699 967 5751 Λοιπὸν
997 5697 1284 5749 ἀπόκειταί
1315 5715 1403 5765 μοι
1440 5698 1536 5767 τῆς
1573 5698 1776 5752 δικαίου

213 5794 377 5860 cm;
404 5795 428 5845 ὁ
465 5792 753 5859 στέφανος.
802 5792 897 5853 Ὃς
929 5791 1019 5843 καὶ
1049 5789 1332 5858 δοῦήσεταί
1366 5806 1445 5842 σοι
1474 5790 1623 5858 παρὰ
1648 5790 1780 5842 θεοῦ

1873 4599 2019 4652 Neve
2072 4598 2331 4659 tacueris,
2366 4613 2463 4652 nec
2493 4599 2839 4667 demulseris,
2871 4618 2970 4656 nec
3003 4604 3217 4662 locutus
3249 4607 3439 4676 fueris,

1875 4691 2041 4744 \eluli
2078 4692 2168 4759 qui
2207 4689 2522 4744 hominibus
2558 4692 2770 4759 placere
2804 4694 2957 4761 velis,
2999 4695 3179 4765 inquit
3212 4716 3441 4769 magnus

1876 4785 1964 4837 ille
1989 4784 2187 4838 Paulus
2210 4784 2510 4853 apostolus,
2534 4785 2708 4839 instar
2734 4786 2877 4839 illius
2915 4791 3062 4856 pravi
3092 4796 3442 4857 mercenarii,

1878 4874 1968 4943 qui
2014 4874 2156 4941 apud
2200 4874 2553 4940 semetipsum
2605 4878 2975 4930 susurrabat:
3010 4879 3254 4944 Deﬁciat,
3299 4886 3441 4951 quod

1878 4966 2088 5028 deﬁcit,
2130 4966 2437 5035 dispersum
2487 4982 2594 5020 non
2640 4967 2944 5034 colligatur,
2989 4975 3285 5027 contritmn
3334 4991 3439 5029 non

1880 5059 2298 5124 redintegretur.
2353 5056 2561 5111 Snilicit
2612 5074 2850 5128 namque
2898 5062 3005 5115 diei
3053 5063 3273 5118 atilictio
3320 5082 3445 5123 sua.

1877 5149 1979 5204 Sed
2014 5151 2194 5219 potius
2237 5150 2539 5219 apostolico
2572 5165 2724 5205 more
2757 5152 3036 5206 veritatem
3069 5156 3122 5209 in
3149 5169 3444 5226 conspectu

1881 5242 1972 5296 Dei
2009 5242 2324 5311 przedicato.
2355 5241 2497 5295 lnsta
2523 5252 2849 5310 opportune,
2877 5243 3205 5312 importune.
3239 5248 3448 5302 Redar-

1882 5349 2006 5403 ευρ,
2045 5333 2284 5402 increpa.
2318 5334 2627 5397 cohortare,
2663 5333 2902 5389 tolerans
2928 5345 3067 5395 esto.
3096 5335 3181 5391 fac
3212 5339 3445 5394 ollicinm

1881 5424 2247 5492 evangelista).
2284 5424 2647 5477 ministerium
2688 5431 2838 5478 tuum
2875 5426 3062 5494 imple.
3093 5429 3169 5481 Ac
3199 5428 3448 5485 fortas<is

1884 5515 2306 5583 itmjuveniliter
2344 5516 2595 5569 absoluto
2623 5516 2885 5586 prmclaro
2920 5520 3241 5587 certamine,
3284 5531 3449 5591 prout

1885 5609 1981 5661 abs
2014 5616 2065 5661 te
2100 5607 2431 5675 postulatum
2478 5608 2661 5670 fuerit,
2698 5619 2749 5662 et
2784 5619 3111 5663 conservato
3143 5614 3449 5668 ministerio

1887 5708 1979 5753 tuo
2021 5708 2154 5751 cntra
2203 5700 2453 5763 insidias,
2492 5713 2555 5753 ac
2602 5699 2826 5753 minime
2859 5700 3160 5765 deminuto,
3206 5703 3258 5756 in
3302 5704 3451 5756 nullo

1888 5789 2202 5845 humiliabis
2243 5790 2619 5856 adversantes,
2656 5807 2717 5847 ac
2745 5791 2897 5849 dices
2922 5812 2934 5849 :
2958 5792 3191 5849 Cursum
3219 5794 3447 5859 absotvi,
