4198 6444
750 375 885 440 1’20?

2040 385 2176 446 JUS
2205 384 2654 452 CANONICUM

3859 399 3881 462 Ῑ
3893 400 3998 462 ἓο8

741 499 1010 554 Nimirum
1045 501 1136 570 qui
1171 501 1378 566 dicunt,
1410 504 1678 575 conjuges
1729 505 1870 562 inter
1917 521 1976 564 se
2011 507 2093 562 vel
2129 507 2312 569 unius,

2421 503 2559 561 εἶναι
2612 509 2738 573 τοῦς
2785 510 3049 580 συζύγους
3093 512 3209 576 ἐνὸς
3247 511 3278 582 ἢ
3310 513 3563 583 δευτέρου
3616 514 3851 585 βαθμοῦ,
3904 522 3998 572 καὶ

742 590 826 641 vel
859 592 1081 644 secundi
1113 607 1232 647 esse
1265 594 1486 663 gradus,
1519 599 1720 666 quique
1745 612 1843 666 per
1872 598 2073 668 gradus
2110 613 2207 653 eos
2238 599 2308 651 ita

741 678 966 742 librant,
993 683 1068 735 uti
1105 683 1279 739 solent
1315 702 1403 742 res
1430 689 1553 752 illae,
1593 703 1714 758 qua!
1751 691 2008 759 pondere,
2055 691 2135 746 vel
2170 706 2313 747 men-

738 785 890 835 sura,
921 771 1003 824 vel
1045 789 1274 830 numero
1303 787 1601 846 constant;
1650 781 1859 838 similes
1903 791 2031 838 sunt
2077 783 2313 838 interro-

737 864 1012 930 gantibus,
1041 870 1336 938 quotuplex
1367 870 1510 924 istud
1535 874 1904 940 pavimentum
1930 875 2066 944 lapis
2086 877 2309 940 ambiat,

736 963 790 1009 et
820 959 1296 1027 respondentibus,
1337 963 1557 1034 duplex.
1579 966 1789 1037 Quippe
1817 969 2053 1039 cingitur
2073 983 2102 1021 a
2134 970 2313 1039 lapide

740 1050 944 1113 prasini
979 1050 1203 1118 coloris,
1236 1063 1290 1108 et
1317 1055 1464 1126 ligno
1493 1058 1718 1113 cedrino
1739 1059 2129 1116 circumdatur.
2166 1061 2313 1128 Qua-

738 1139 982 1194 mobrem
1031 1150 1158 1211 apte
1201 1145 1458 1212 dicimus,
1512 1164 1614 1204 nec
1663 1149 1730 1204 ad
1771 1151 2004 1206 duorum
2043 1154 2308 1223 graduum

738 1234 1200 1291 necessitudinem
1267 1239 1458 1293 referri
1517 1241 1779 1310 coniuges
1831 1245 1984 1314 (quo
2051 1246 2196 1300 enim
2255 1247 2310 1302 id

739 1331 900 1388 pacto
929 1324 1097 1381 ‘!cum
1133 1328 1376 1382 eamdem
1406 1329 1644 1386 radicem
1680 1342 1732 1388 et
1757 1336 2165 1405 generationem
2202 1353 2311 1394 non

738 1412 992 1480 babeant,
1019 1432 1084 1472 ac
1118 1433 1181 1474 ea
1209 1434 1376 1477 causa
1412 1426 1734 1481 naturaliter
1763 1442 1871 1481 non
1902 1429 2257 1504 dividantur)
2295 1451 2308 1488 :

737 1520 836 1560 nec
883 1507 1048 1562 etiam
1090 1512 1253 1569 unius
1299 1523 1352 1569 et
1378 1515 1623 1585 ejusdem
1664 1534 1784 1573 esse
1827 1523 2054 1591 gradus,
2092 1531 2313 1594 propter

737 1599 997 1654 unionem
1022 1605 1320 1672 carnalem,
1353 1616 1411 1662 ut
1434 1609 1604 1664 instar
1628 1612 1791 1667 mulsi
1826 1615 2310 1684 commisceantur,

737 1686 865 1756 (qua
913 1692 1058 1746 enim
1111 1693 1165 1749 id
1199 1695 1316 1749 ﬁeri
1350 1699 1562 1754 ratione
1615 1701 1827 1770 possit,
1884 1717 2008 1758 cum
2067 1719 2312 1774 persona:

736 1791 994 1835 maneant
1027 1784 1248 1854 integrae
1269 1787 1332 1858 ἲ)
1361 1788 1456 1844 sed
1482 1800 1707 1862 propter
1729 1793 1966 1848 divinam
2010 1809 2073 1849 ac
2103 1797 2308 1850 saluta-

737 1886 849 1924 rem
874 1889 1061 1929 voeem
1085 1875 1322 1947 Domini,
1350 1891 1403 1937 et
1428 1882 1546 1950 Dei,
1575 1895 1629 1940 et
1658 1888 1958 1944 servatoris
1987 1889 2159 1942 nostri
2182 1887 2310 1944 Jesu

734 1962 966 2030 Christi,
985 1967 1077 2037 qui
1109 1969 1245 2024 dixit
1267 1974 1332 2027 ad
1358 1974 1660 2045 discipulos
1686 1978 1861 2048 ipsum
1889 1980 2308 2053 interrogantes,

735 2055 999 2110 liceretne
1042 2059 1256 2115 homini
1288 2063 1559 2120 divertere
1588 2066 1657 2120 ab
1704 2083 1876 2124 uxore
1927 2085 2048 2137 sua,
2091 2073 2311 2129 disertis

735 2147 916 2203 verbis
947 2149 1060 2204 haec
1094 2153 1518 2226 subiungendo:
1557 2157 1674 2212 Non
1701 2159 1934 2231 legistis,
1964 2178 2086 2217 eum
2121 2164 2212 2233 qui
2243 2165 2312 2220 ab

735 2239 890 2295 initio
919 2257 1005 2298 res
1022 2247 1285 2311 condidit,
1319 2264 1520 2302 marem
1538 2258 1592 2304 et
1619 2250 1875 2308 feminam
1904 2256 2052 2324 ipsos
2082 2257 2306 2313 fecisse:

735 2349 840 2403 qua
888 2337 953 2392 de
995 2355 1162 2395 causa
1194 2344 1468 2413 relinquet
1497 2346 1660 2400 homo
1691 2356 1900 2416 patrem
1929 2363 2086 2402 suum
2117 2356 2171 2402 et
2198 2365 2312 2404 ma-

737 2432 894 2492 trem,
926 2439 977 2484 et
1007 2433 1439 2502 agglutinabitur
1469 2437 1621 2492 uxori
1673 2453 1803 2493 sua}.
1839 2438 1903 2492 Et
1930 2448 2090 2494 erunt
2119 2439 2170 2496 hi
2202 2442 2310 2496 duo

739 2519 789 2572 in
819 2535 1036 2576 carnem
1071 2541 1256 2581 unam.
1292 2527 1472 2593 Quare
1499 2545 1606 2582 non
1647 2532 1883 2599 amplius
1918 2532 2027 2585 duo
2053 2541 2180 2586 sunt
2213 2533 2307 2586 sed

739 2624 844 2663 una
877 2626 1005 2666 caro
1042 2631 1053 2666 :
1083 2625 1304 2685 propter
1331 2619 1472 2673 hanc
1497 2635 1626 2691 ergo
1660 2636 1847 2676 vocem
1880 2623 2105 2676 credere
2132 2637 2232 2676 nos
2257 2629 2310 2677 et

739 2703 1012 2768 conﬁteri,
1046 2722 1210 2760 unum
1241 2712 1631 2779 propemodum
1672 2715 1980 2768 unaminem
2013 2715 2308 2780 hominem,

739 2797 829 2864 qui
862 2797 1074 2854 duabus
1113 2801 1164 2855 in
1210 2804 1457 2872 personis
1495 2805 1743 2859 cernitur
1771 2849 1784 2871 ,
1825 2823 1923 2876 pro
1985 2807 2310 2877 conjugihus

737 2890 1072 2946 matrimonii
1103 2908 1268 2949 causa
1302 2896 1510 2950 haberi.
1543 2899 1646 2952 Sed
1680 2900 1822 2952 enim
1861 2900 2308 2964 permittendum,

741 2989 798 3034 ut
818 2983 964 3039 rivus
983 2986 1250 3044 orationis
1275 2989 1437 3044 etiam
1461 2991 1526 3046 ad
1553 2991 1698 3046 aliud
1723 2993 1978 3062 quiddam
2003 2999 2309 3062 opportune

735 3083 941 3129 currat.

2416 597 2877 668 ζυγοστατοῦντες
2916 604 3005 658 διὰ
3045 604 3314 674 βαδμίδων
3355 607 3574 670 αὐτοὺς,
3609 611 3755 662 κατά
3777 611 3847 662 τά
3871 628 4000 663 στα·

2417 688 2699 760 θμώμενα,
2756 694 2787 762 ἦ
2846 695 3209 766 μετρούμενα,
3257 697 3290 765 ἢ
3331 696 3734 767 ἀριθμούμενα,
3781 700 3998 752 ἐοίκασι

2414 781 2526 843 τοῖς
2549 782 2946 852 ἐρωτωμένοις,
3002 785 3168 848 πόσος
3217 787 3482 856 ἀμπίσχει
3517 788 3635 840 τόδε
3666 788 3727 840 τδ
3766 789 3998 842 δάπεδον

2419 874 2735 944 μάργαροςς
2769 875 2861 928 καὶ
2907 876 3381 947 ἀποκρινομένοις,
3429 877 3627 940 διττός.
3672 879 3840 942 Λίθος
3888 880 3998 948 γάρ

2415 965 2700 1034 πρασίζων
2746 966 2882 1019 αύτὺ
2931 968 3335 1038 περιζώννυσι,
3393 971 3489 1023 καὶ
3547 970 3705 1035 ξύλον
3751 970 4000 1041 κέδρινον

2414 1053 2790 1122 ἀμφιέννυσιν.
2826 1058 3034 1126 ’Δραρε
3066 1059 3248 1112 τοίνυν
3279 1060 3458 1126 λέγειν
3486 1061 3657 1130 ἡμᾶς,
3695 1061 3839 1130 μήτε
3864 1061 3998 1128 πρὸς

2413 1143 2507 1197 δύο
2543 1144 2767 1216 βαθμῶν
2814 1147 3128 1218 οἰκειότητα
3163 1150 3289 1212 τοῦς
3333 1147 3640 1219 όμοξύγους
3669 1149 3998 1217 ἀνάγεσθαι,

2415 1234 2552 1305 (πῶς
2577 1236 2705 1305 γὰρ,
2728 1239 2776 1290 οἱ
2812 1239 2887 1308 μὴ
2913 1238 3011 1308 τὴν
3039 1239 3210 1310 αὐτὴν
3237 1241 3532 1310 ἐσχηκότες
3557 1241 3714 1310 ῥίζαν
3746 1243 3846 1292 καὶ
3877 1241 4000 1309 γέν-

2414 1347 2592 1400 νησιν,
2639 1331 2734 1384 καὶ
2783 1331 2870 1384 διά
2914 1331 3074 1386 τοῦτο
3116 1333 3248 1402 μηδὲ
3283 1334 3527 1402 φυσικῶς
3562 1332 3998 1406 διαιρούμενοιή

2416 1423 2541 1492 μήτ’
2593 1417 2685 1476 οὖν
2723 1423 2842 1485 ἑνὸς
2896 1424 3152 1492 γενέσθαι
3188 1424 3397 1495 βαθμοῦ
3420 1468 3434 1490 ,
3467 1427 3557 1480 διά
3587 1428 3687 1498 τὴν
3727 1427 4002 1495 ἔνσαρκον

2412 1514 2628 1579 ἕνωσιν,
2664 1515 2760 1567 καὶ
2790 1515 3124 1584 συγχυθῆναι
3151 1516 3294 1570 κατά
3318 1517 3669 1588 μελίκρατον.
3707 1517 3838 1580 Πῶς
3865 1517 3998 1586 γάρ;

2413 1605 2745 1676 Σωζομένων
2795 1606 3157 1662 ἀδιαπτώτων
3200 1610 3313 1661 τῶν
3356 1610 3742 1674 ὑποστάσεωνς
3800 1609 3907 1661 Διά
3945 1609 4000 1661 δι

2416 1697 2517 1767 τὴν
2572 1697 2724 1750 Θείαν
2765 1697 2859 1750 καὶ
2895 1698 3212 1769 σωτηριώδη
3256 1700 3442 1770 φωνὴν
3488 1700 3584 1753 τοῦ
3622 1700 3862 1770 Κυρίου,
3911 1699 4001 1750 καὶ

2413 1787 2546 1842 Θεοῦ
2587 1789 2678 1842 καὶ
2718 1787 2972 1857 Σωτῆρος
3015 1787 3172 1859 ἡμῶν
3222 1787 3395 1858 Ἰησοῦ
3445 1788 3704 1858 Χριστοῦ,
3760 1788 3860 1841 τοῦ
3922 1790 4000 1839 εί-

2420 1885 2613 1946 πόντος
2645 1884 2782 1954 πρὸς
2819 1884 2946 1945 τοὺς
2997 1883 3381 1952 ὲρωτήσαντας
3419 1879 3583 1933 αὐτὸν
3623 1879 3902 1949 μαθητάς,
3952 1879 4004 1930 εί

2419 1975 2627 2040 ἔξεστιν
2673 1974 2947 2046 ἀνθρώπῳ
2977 1973 3246 2027 ἀπολῦσαι
3269 1973 3382 2044 ξτήν
3412 1973 3648 2040 γυναῖκα
3678 1969 3874 2032 αὐτοῦ,
3907 1971 4002 2022 καὶ

2420 2067 2791 2136 ἐπαγαγόντος
2837 2066 3013 2120 ταῦτα
3067 2065 3276 2135 ῥητῶς·
3324 2065 3441 2117 Ούκ
3497 2063 3792 2130 ἀνέγνωτε,
3849 2063 3936 2115 ὅτι
3975 2063 4002 2114 ό

2419 2163 2652 2232 ποιήσας
2691 2159 2966 2228 ἀπαρχῆς,
2996 2159 3163 2227 ἄρσεν
3189 2156 3285 2210 καὶ
3309 2155 3445 2224 θῆλυ
3480 2155 3735 2225 ἐποίησεν
3759 2153 3963 2216 αύτούς
3983 2169 3998 2184 ·

2417 2253 2514 2306 καὶ
2550 2253 2734 2304 ἕνεκεν
2760 2250 2954 2303 τούτου
2998 2248 3318 2317 καταλείψει
3351 2248 3639 2318 ἄνθρωπος
3662 2248 3755 2299 τὸν
3779 2247 3998 2315 πατέρα

2417 2341 2583 2396 αὑτοῦ
2617 2341 2712 2394 καὶ
2765 2341 2863 2410 τὴν
2913 2341 3147 2410 μητέρα,
3192 2339 3290 2392 καὶ
3347 2337 3890 2408 προσκολληθήσεται
3931 2339 3997 2405 τῇ

2419 2433 2639 2500 γυναικὶ
2665 2432 2830 2486 αὑτοῦ
2856 2448 2872 2464 ’
2912 2432 3008 2485 καὶ
3030 2431 3244 2484 ἔσονται
3286 2432 3337 2483 οἱ
3375 2431 3468 2484 δύο
3498 2432 3577 2492 είς
3617 2430 3798 2498 σάρκα
3829 2429 3998 2496 μίαν·

2417 2527 2558 2580 ὥστε
2597 2525 2778 2579 οὐκέτι
2833 2525 2940 2578 εἰσὶ
2991 2524 3104 2586 δύο,
3154 2523 3293 2576 ἀλλά
3342 2521 3480 2593 σάρξ
3527 2522 3654 2591 μίασ
3712 2518 4000 2573 πιστεύειν

2417 2621 2587 2689 ἡμᾶς,
2622 2617 2718 2670 καὶ
2749 2617 3052 2685 ὁμολογεῖν,
3084 2614 3183 2669 ’ἐνα
3229 2615 3418 2683 σχεδὸν
3467 2614 3743 2682 suasu-tm
3776 2612 3995 2679 ἀνθρω-

2419 2728 2520 2763 πον
2575 2711 2630 2760 ὲν
2676 2707 2795 2760 δυσὶ
2849 2705 3222 2774 θεωρούμενον
3255 2705 3644 2766 ὑποστάσεσιν,
3687 2702 3999 2770 ὀμοζύγους

2418 2803 2505 2857 διὰ
2528 2801 2619 2853 τὸν
2652 2799 2828 2869 γάμον
2852 2797 3180 2864 λογίζεσθαι.
3234 2797 3396 2850 Ἀλλά
3447 2795 3627 2848 δοτέον
3659 2795 4000 2864 ἀναδραμεῖν

2417 2893 2511 2948 τοῦ
2543 2893 2702 2960 λόγου
2729 2890 3026 2960 τὸν-’ῥύακα
3055 2889 3148 2944 καὶ
3181 2889 3316 2959 προς
3342 2890 3531 2959 ἕτερον
3559 2887 3795 2957 καίριον.

811 3166 1088 3237 Unigeniti
1122 3169 1244 3224 Filii
1280 3169 1370 3226 Dei
1411 3172 1982 3244 incomprehensibilis
2020 3195 2149 3251 erga
2207 3198 2309 3239 nos

2502 3177 2565 3230 Ἦ
2611 3173 2704 3227 τοῦ
2767 3170 3089 3242 μονογενοῦς
3149 3169 3279 3224 Υίοῦ
3340 3169 3436 3222 τοῦ
3481 3170 3618 3223 Θεοῦ
3675 3172 3814 3239 πρὸς
3846 3171 3998 3239 ἡμᾶς

739 3259 1021 3323 demissio,
1050 3270 1104 3316 et
1139 3264 1336 3336 pignus
1362 3266 1554 3322 salutis
1581 3267 1799 3323 humani
1825 3272 2060 3340 generis,
2090 3289 2211 3328 cum
2247 3292 2312 3330 ex

739 3353 863 3407 aliis
899 3355 1088 3410 multis
1120 3359 1395 3426 mysteriis
1429 3360 1830 3428 magniﬁcatur,
1865 3371 1979 3417 tum
2013 3366 2174 3420 etiam
2203 3383 2310 3422 non

741 3459 929 3512 parum
963 3446 1301 3515 glorificatur
1326 3465 1392 3504 ex
1426 3449 1804 3509 benedictione
1830 3457 2080 3524 nuptiali.
2100 3456 2312 3529 Quippe

738 3551 864 3590 cum
897 3537 1130 3591 obnoxia
1165 3550 1390 3607 peccato
1422 3541 1739 3611 conjunctio
1774 3546 1826 3598 in
1865 3548 2176 3603 universam
2218 3550 2314 3604 ho-

740 3628 947 3682 minum
994 3644 1233 3685 massam
1275 3631 1470 3687 fuisset
1516 3634 1694 3690 dedita
1738 3645 1860 3706 post
1890 3638 2146 3696 draconis
2171 3641 2311 3696 invi-

737 3719 909 3783 diam,
949 3731 1004 3775 et
1051 3724 1290 3779 mandati
1327 3725 1497 3780 divini
1532 3730 2046 3799 transgressionem,
2091 3733 2314 3802 jamque

739 3813 942 3865 malum
971 3813 1100 3867 illud
1122 3817 1187 3868 ad
1212 3815 1315 3870 alia
1335 3817 1475 3870 mala
1499 3819 1704 3886 majora
1733 3822 2090 3889 processisset
2119 3841 2132 3889 ;
2165 3839 2314 3878 curae

739 3904 976 3974 benigno
1011 3903 1122 3960 Deo
1163 3906 1264 3960 fuit
1302 3909 1644 3976 regeneratio
1674 3918 1864 3965 nostra
1894 3921 1948 3966 et
1966 3914 2308 3968 instauratio.

740 3992 1061 4062 ltaquecum
1084 3997 1397 4065 unigenitus
1421 3997 1508 4051 Dei
1543 3996 1710 4054 Filius
1734 3999 1894 4054 homo
1922 4000 2312 4058 factusfuisset

739 4086 916 4141 instar
960 4096 1229 4152 nostrum,
1267 4097 1489 4158 propter
1530 4106 1651 4155 nos,
1689 4101 1741 4146 et
1777 4106 1992 4148 omnem
2026 4095 2185 4148 aliam
2218 4096 2314 4149 ad-

739 4173 1199 4230 ministrationem
1230 4178 1528 4247 implesset,
1563 4181 1640 4235 uti
1664 4196 1763 4236 nos
1791 4181 2096 4238 beatitatem
2129 4185 2312 4252 pristi-

738 4279 863 4318 nam
897 4281 1284 4336 recuperamus
1332 4286 1344 4322 :
1384 4273 1545 4325 etiam
1577 4272 1780 4341 nuptiis
1817 4274 1870 4326 in
1901 4271 2047 4328 Cana
2079 4273 2312 4328 Galilmae

737 4355 1029 4412 celebratis
1084 4358 1407 4423 benedixit,
1456 4372 1509 4416 et
1549 4377 1746 4431 aquam
1796 4362 2198 4432 desperationis
2252 4364 2308 4416 in

737 4447 924 4500 vinum
953 4463 1094 4504 verte
1121 4448 1214 4504 Dei
1248 4452 1582 4521 cognitionis
1611 4454 1839 4507 mutavit
1869 4471 1882 4520 ;
1928 4455 2192 4509 certiores
2213 4471 2309 4526 per

2415 3265 2799 3336 ἀκατάληπτος
2836 3261 3265 3330 συγκατάὸασις,
3323 3262 3420 3315 κα)⁵
3454 3263 3513 3315 τὸ
3563 3261 3664 3331 τῆς
3718 3265 3997 3332 σωτηρίας

2413 3356 2507 3409 τοῦ
2553 3356 2747 3423 γένους
2792 3354 2901 3406 τῶν
2943 3350 3248 3421 ἀνθρώπων
3293 3351 3576 3421 ἐχέγγυον,
3629 3350 3998 3418 μεγαλύνεται

2417 3445 2515 3516 μὲν
2563 3445 2658 3499 καὶ
2703 3445 2759 3510 ἐξ
2793 3442 2966 3497 ἀλλων
3001 3440 3313 3510 μυστηρίων
3351 3439 3581 3500 πολλῶν,
3611 3440 3709 3507 οὐχ
3736 3436 3898 3508 ἦττον
3941 3439 3996 3493 δὲ

2414 3540 2509 3591 καὶ
2542 3539 2604 3590 ὲκ
2628 3537 2728 3606 τῆς
2758 3534 3001 3604 γαμικῆς
3034 3532 3337 3603 ίερολογίας
3370 3531 3674 3596 δοξάζεται.
3721 3532 3837 3600 Τῆς
3884 3533 3996 3601 γάρ

2414 3627 2798 3697 ἁμαρτητικῆς
2840 3625 3139 3692 συναφείας
3182 3622 3520 3692 διαδοθείσης
3570 3627 3649 3687 είς
3695 3625 3841 3678 any
3885 3626 3998 3677 τῶν

2415 3718 2718 3788 ἀνθρώπων
2749 3717 2809 3769 τὸ
2842 3715 3092 3784 φύραμα,
3126 3714 3264 3785 μετά
3294 3715 3386 3768 τὸν
3421 3715 3614 3783 ςθόνον
3644 3715 3742 3768 τοῦ
3764 3715 3997 3785 δράκον-

2414 3828 2526 3874 τος,
2579 3811 2673 3863 καὶ
2718 3809 2818 3875 τῆς
2862 3807 3082 3872 ἐντολῆς
3111 3805 3202 3859 τοῦ
3237 3806 3376 3859 Θεοῦ
3407 3807 3507 3878 τὴν
3537 3807 3871 3876 παράϐασιν,
3902 3810 3998 3861 καὶ

2414 3902 2507 3954 τοῦ
2532 3901 2699 3954 κακοῦ
2745 3900 2880 3970 πρὸς
2939 3899 3100 3969 ’ἐτερα
3167 3899 3312 3951 κακά
3365 3901 3826 3968 προχωρήσαντος
3872 3901 3996 3968 μεί-

2415 3996 2563 4060 ζονα,
2599 3996 2829 4065 ἐμέλησε
2855 3994 2931 4063 τῷ
2957 3992 3324 4063 φιλανθρώπῳ
3344 3993 3463 4061 Θεῷ
3487 3993 3585 4060 τῆς
3617 3993 3773 4062 ἡμῶν
3802 3996 3900 4047 πα“-
3920 4014 3998 4062 ιγ-

2416 4085 2664 4153 γενεσίας
2696 4086 2791 4138 καὶ
2822 4084 3203 4151 ἀναπλάσεως,
3245 4083 3489 4149 Γεγονὼς
3541 4085 3723 4134 τοίνυν
3777 4085 3996 4151 ἀνθρω-

2415 4194 2515 4239 πος
2558 4176 2684 4229 καθ’
2711 4177 2878 4246 ἡμᾶς,
2905 4176 2973 4227 δι’
3001 4177 3149 4245 ἡμᾶς
3187 4178 3215 4227 ὁ
3247 4175 3538 4244 μονογενὴς
3563 4175 3695 4236 Υἱὸς
3718 4174 3813 4226 τοῦ
3833 4175 3996 4239 Θεοῦ,

2416 4271 2510 4321 καὶ
2531 4270 2709 4322 πᾶσαν
2757 4268 2923 4337 ἄλλην
2963 4268 3260 4338 πληρώσας
3306 4268 3642 4336 οἰκονομίαν,
3700 4268 3791 4320 ἵνα
3837 4270 4000 4336 ἡμεῖς

2415 4360 2513 4427 τὴν
2543 4357 2778 4428 ἀρχαίαν
2819 4358 3198 4428 μακαριότητα
3231 4357 3506 4426 λάὄωμεν,
3550 4359 3646 4408 καὶ
3681 4356 3772 4409 τὸν
3802 4361 3861 4409 ἐν
3884 4361 4001 4411 Κα-

2416 4451 2482 4503 νᾶ
2507 4451 2605 4519 τῆς
2638 4449 2930 4512 Γαλιλαίας
2955 4452 3134 4518 γάμον
3161 4449 3454 4519 ηὖλόγησε,
3489 4450 3583 4501 καὶ
3620 4449 3680 4501 τὸ
3725 4448 3870 4518 ὕδωρ
3899 4450 4000 4516 τῆς

737 4539 838 4594 hoc
871 4541 1096 4596 reddens
1119 4543 1389 4610 homines,
1423 4545 1569 4615 quod
1603 4543 1816 4600 femina:
1855 4561 1962 4600 non
1998 4525 2230 4617 amplius
2260 4547 2312 4601 in

2419 4543 2780 4610 ἀπογνώσεως
2801 4545 2879 4606 είς
2898 4537 3040 4595 οίνον
3059 4541 3290 4611 ἀληθοῦς
3312 4542 3640 4609 θεογνωσίας
3670 4542 3992 4611 μετέϐαλεν·

735 4631 1026 4686 doloribus
1064 4633 1268 4688 liberos
1318 4636 1552 4702 pariant,
1597 4651 1698 4690 nec
1734 4638 1826 4706 qui
1864 4647 2225 4706 procreantur
2247 4654 2310 4691 ex

738 4724 1087 4792 copulatione
1134 4726 1521 4780 matrimoniali
1581 4729 1811 4796 amplius
1873 4729 2106 4798 pristino
2157 4745 2310 4784 more

734 4813 942 4880 dicant,
972 4816 1025 4868 ln
1049 4818 1286 4886 peccatis
1313 4819 1564 4888 concepit
1585 4834 1670 4873 me
1700 4828 1875 4874 mater
1904 4835 2020 4874 mea
2048 4837 2062 4873 :
2087 4819 2180 4875 sed
2213 4820 2305 4875 Dei

738 4917 1003 4974 prazcepta
1071 4918 1372 4973 servantes,
1431 4909 1888 4976 quemadmodum
1953 4911 2162 4979 primus
2218 4911 2306 4966 ille

738 5009 935 5061 parens
981 5004 1165 5051 noster
1211 5012 1273 5051 ea
1324 5001 1560 5054 servavit
1604 5010 1729 5055 ante
1773 5001 2302 5070 transgressionem,

737 5085 988 5140 «uttndem
1021 5087 1282 5142 honorem
1320 5100 1373 5143 et
1412 5092 1637 5160 gloriam
1689 5102 2131 5162 consequantur,
2197 5107 2303 5160 qua

735 5178 942 5231 iuerint
975 5180 1154 5232 ornati
1183 5181 1339 5249 primi
1373 5191 1627 5251 parentes
1659 5193 1784 5239 ante
1827 5185 2270 5239 inobedientiam.

805 5357 1131 5410 llonorabile
1163 5371 1397 5427 namque
1436 5362 1841 5414 matrimonium
1877 5368 1980 5426 est,
2014 5371 2066 5415 et
2127 5362 2298 5416 lectus

735 5449 1074 5518 impollutus,
1108 5451 1198 5520 qui
1269 5451 1498 5506 salutem
1563 5454 1811 5522 largitur.
1861 5453 1992 5517 Qum
2039 5469 2160 5507 cum
2231 5455 2300 5508 ita

734 5543 864 5604 sint,
895 5548 947 5594 et
979 5557 1100 5594 cum
1134 5542 1327 5596 tabula:
1355 5543 1616 5598 divinitus
1652 5549 1870 5614 scripta:
1926 5545 2129 5608 dicant,
2183 5545 2299 5598 Non

735 5631 1055 5700 ingredieris
1105 5634 1168 5685 ad
1223 5635 1470 5699 quemvis
1522 5639 1889 5692 necessarium
1956 5639 2136 5690 carnis
2171 5651 2295 5698 tum,

733 5735 786 5773 ut
827 5723 1030 5778 reveles
1068 5724 1326 5792 pudorem
1357 5728 1472 5796 ejus
1504 5745 1516 5780 :
1551 5743 1672 5782 cum
1717 5731 1923 5796 primus
1979 5729 2066 5783 ille
2102 5745 2296 5797 parens

733 5823 917 5871 noster
947 5815 1073 5872 alibi
1103 5817 1463 5887 responderit,
1511 5819 1628 5874 Jatn
1661 5823 1827 5891 magis
1888 5837 2022 5874 uxor
2069 5837 2183 5873 nua
2213 5831 2288 5875 es?

2420 4635 2668 4687 ἐντεῦθεν
2697 4635 3055 4704 πληροερορῶν
3081 4635 3142 4686 τὸ
3171 4633 3536 4701 ἀνθρώπινον,
3563 4633 3640 4695 ὡς
3669 4635 3855 4686 οὐκέτι
3895 4653 3997 4700 γυ⁸

2416 4728 2598 4787 ναῖκες
2642 4727 2699 4777 ὲν
2745 4725 2942 4788 λύπαις
2969 4726 3134 4777 τέκνα
3169 4725 3542 4793 γεννήσουσι-ι,
3577 4724 3698 4778 οὐδὲ
3735 4727 3796 4776 ὲκ
3829 4743 3997 4794 γαμι.

2415 4816 2516 4884 κῆς
2567 4813 2859 4882 συναφείας
2893 4814 3221 4880 τικτόμενοι,
3283 4815 3425 4864 κατά
3481 4813 3542 4864 τὺ
3588 4812 3856 4881 πρότερον
3921 4815 4002 4865 εἷο

2415 4921 2584 4970 ποιεν,
2625 4907 2710 4957 Ἐν
2737 4905 3028 4974 ἁμαρτίαις
3051 4904 3305 4972 ἐκίσσησέ
3337 4921 3403 4972 με
3426 4907 3459 4972 ἡ
3484 4906 3670 4974 μήτηρ
3699 4921 3800 4972 μου
3821 4924 3833 4934 ·
3862 4906 3999 4957 ἀλλά

2412 4997 2750 5066 τηρήσαντες
2783 4998 2877 5059 τάς
2911 4995 3128 5057 ἐντολάς
3172 4995 3266 5047 τοῦ
3299 4994 3459 5056 Θεοῦ,
3494 4995 3675 5057 καθώς
3715 4997 3745 5048 ό
3773 5000 3997 5067 προπά-

2414 5105 2526 5158 τωρ
2551 5087 2723 5150 αύτάς
2754 5087 2987 5156 ἐτήρησε
3013 5087 3118 5156 πρὸ
3143 5086 3240 5154 τῆς
3286 5086 3670 5156 παραϐάσεως,
3694 5087 3795 5154 τῆς
3821 5090 3997 5156 αὑτῆς

2410 5179 2576 5248 τιμῆς
2609 5180 2700 5232 καὶ
2731 5178 2886 5246 δόξης
2920 5177 3337 5248 ἀξιωθήσονται,
3367 5179 3486 5242 οἶας
3517 5179 3626 5247 πρὸ
3658 5179 3762 5247 τῆς
3808 5198 3992 5248 παρα-

2411 5271 2544 5339 κοῆς
2579 5273 2626 5323 ot
2665 5271 3034 5340 προπάτορες.

2482 5361 2672 5430 Τίμιος
2704 5361 2813 5430 γάρ
2841 5363 2868 5412 ὁ
2897 5363 3089 5430 γάμος,
3120 5362 3212 5413 καὶ
3241 5362 3448 5431 ήκοίτη
3480 5361 3767 5430 ἀμίαντος,

2414 5452 2534 5521 ρὲαν
2585 5452 3050 5520 φιλοτιμούμενος.
3097 5453 3317 5505 Τούτων
3366 5454 3538 5515 οῦτως
3576 5456 3837 5522 ἐχόντων,
3899 5461 3994 5509 καὶ

3808 5381 3954 5434 sto-.1;
3973 5395 3989 5407 -

2407 5545 2514 5596 τών
2555 5543 2872 5613 θεογράφων
2915 5545 3136 5597 πλακῶν
3176 5544 3468 5611 λεγουσῶν·
3537 5547 3651 5597 Ούκ
3694 5548 3991 5618 εἰσελεύση

2412 5635 2547 5702 πρὸς
2583 5636 2757 5687 πάντα
2793 5639 2992 5688 οἰκεῖον
3035 5635 3236 5704 σαρκός
3266 5654 3359 5688 σου
3405 5637 3758 5704 amni-11,1:
3791 5641 3991 5706 αἰσχύ-

2411 5743 2505 5788 νην
2546 5725 2738 5777 αὐτοῦ’
2777 5726 2870 5778 καὶ
2889 5725 2982 5778 τοῦ
3014 5727 3357 5794 προπάτορος
3395 5728 3840 5796 ἀποκρινομένου
3877 5732 3994 5783 tti-

2404 5820 2594 5890 ριειθεν.
2629 5820 2739 5872 Νῦν
2773 5821 2865 5872 καὶ
2902 5820 3098 5888 μᾶλλον
3147 5822 3177 5888 η
3231 5820 3366 5888 γυνή
3401 5836 3502 5888 μου
3555 5819 3750 5872 ὀστοῦν
3782 5823 3845 5875 ἐκ
3881 5824 3988 5876 τῶν
