4198 6444
212 406 357 471 1209

1494 421 2201 493 GRECU-KOMANUM.

3339 432 3486 498 1210’

208 516 389 567 ὁστων
435 515 536 585 μού
583 517 722 578 toto,
765 518 858 572 και
906 520 1043 590 cap:
1083 521 1141 588 ἐξ
1176 520 1275 593 τῆς
1318 524 1526 596 σαρκός
1559 540 1698 594 μουο
1732 523 1789 577 ού

1901 543 1964 584 os
1992 546 2058 586 ex
2092 530 2311 587 ossibus
2341 530 2502 598 meis,
2525 538 2577 586 et
2602 544 2733 588 caro
2751 546 2819 588 ex
2845 546 3012 588 carne
3032 548 3150 589 mea
3180 552 3194 590 :
3221 538 3473 606 equidem

204 607 394 676 τολμῶ
416 610 543 672 τοὶς
574 609 880 679 όμοζύγους
914 613 1091 666 εἰπεῖν
1120 614 1288 686 om;
1317 617 1414 669 καὶ
1459 617 1625 685 ἄλλης
1652 612 1792 671 εἶναι

208 698 437 769 σαρκὸς,
472 698 577 752 κᾶν
614 702 671 753 ὲν
716 700 872 754 δυσὶν
908 704 1272 758 ὑποστάσεσιν
1319 707 1521 771 αὐτοὺς
1559 705 1788 777 θεωρῶ⁸

209 792 302 845 ῐνα
341 792 417 864 μὴ
465 794 692 858 δικαέως
722 796 1045 868 κατακριθῶ
1096 799 1238 852 κατὰ
1287 800 1415 865 τοὺς
1464 800 1794 866 ὰθετοῦντας

206 885 525 955 ἔγγράφους
562 887 657 940 καὶ
714 888 999 958 ἀγράφους
1051 890 1404 960 παραδόσεις.
1448 892 1561 946 τῶν
1615 894 1791 962 ἁγίων

217 977 565 1048 Ἐκκλησιῶν
604 981 701 1032 καὶ
736 982 839 1051 τῆς
895 983 1172 1053 σωτηρίας
1222 984 1384 1054 ἡμῶν
1415 986 1476 1038 τὸ
1500 987 1788 1057 ἐχέγγυον.

204 1070 571 1137 Διαγινώσκω
598 1070 653 1123 δὲ
686 1071 889 1142 μᾶλλον
930 1072 1060 1142 μίαν
1097 1075 1275 1146 σάρκα
1323 1076 1543 1141 τούτους
1577 1078 1790 1148 λογίζε-

206 1160 362 1225 σθαι,
395 1161 490 1215 καὶ
521 1164 633 1225 τοῖς
674 1164 856 1225 αὐτοῖς
904 1166 1358 1235 στενοχωρεῖσθαι
1386 1168 1478 1220 τὸν
1501 1168 1675 1237 ἄνδρα
1704 1185 1792 1223 νο-

208 1254 396 1321 μικοῖς
417 1252 514 1305 καὶ
544 1255 853 1316 κανονικοῖς
888 1255 1367 1325 παραγγέλμασιν,
1395 1257 1519 1311 ὅσον
1540 1258 1679 1323 τέως
1711 1262 1793 1323 εἰς

208 1343 513 1411 συνάφειαν
540 1344 807 1414 γαμικὴν,
836 1338 917 1408 οἷς
946 1346 1040 1399 καὶ
1062 1346 1097 1417 ἡ
1125 1346 1315 1401 τούτου
1368 1352 1790 1419 πενοχωρείται

204 1436 517 1506 ὀμόζυγοςο
543 1436 735 1508 ὥσπερ
773 1437 868 1491 καὶ
912 1438 974 1490 τὸ
1017 1438 1313 1493 ἀνάπαλιν.
1352 1440 1463 1494 Καὶ
1512 1440 1602 1494 διὰ
1631 1440 1792 1494 τοῦτο

209 1530 290 1600 μὴ
347 1529 613 1583 δύνασθαι
656 1529 750 1584 τὸν
795 1530 1111 1599 Δημήτριον
1144 1529 1226 1594 εἰς
1258 1533 1495 1597 γυναῖκα
1528 1530 1628 1600 τὴν
1660 1531 1793 1585 Θεο-

204 1621 390 1690 δὼραν
437 1620 621 1675 λαϐεῖν
644 1657 660 1682 ,
726 1619 1083 1691 λογιζομένην
1136 1622 1523 1693 δισεξαδέλφην
1573 1624 1739 1678 αὑτοῦ
1774 1666 1791 1692 ,

203 1713 295 1767 διὰ
327 1713 429 1785 τὴν
457 1716 598 1784 μετὰ
624 1714 723 1783 τῆς
745 1715 964 1785 Μαρίας
990 1716 1237 1788 γαμικὴν
1263 1716 1454 1771 τούτου
1472 1719 1791 1786 συνάφειαν.

218 1808 581 1876 ’Δποδέχομαι
635 1806 691 1858 δὲ
746 1807 839 1860 καὶ
885 1810 1012 1871 τοὺς
1071 1808 1387 1872 κωλύοντας
1427 1809 1489 1863 τὸ
1549 1810 1792 1864 τοιοῦτον

204 1896 447 1967 γαμικὸν
480 1893 577 1949 τοῦ
607 1896 925 1965 Δημητρίου
952 1895 1306 1965 συνάλλαγμα
1326 1894 1416 1950 διὰ
1448 1896 1574 1959 τοὺς
1592 1897 1789 1967 νόμους
1822 1882 1863 1936 Β

202 1987 334 2049 τοὺς
357 1986 639 2052 λέγοντας,
662 1985 720 2038 ὲν
748 1986 862 2046 τοῖς
884 1986 1084 2054 γάμοις
1113 1987 1175 2039 ού
1204 1985 1363 2057 μόνον
1391 1986 1454 2039 τὸ
1476 1987 1787 2056 ἐφειμένον,

206 2078 346 2131 ἀλλὰ
380 2077 479 2131 καὶ
520 2078 581 2131 τὸ
619 2076 900 2148 εὐπρεπὲς
950 2078 1254 2147 ζητητέον·
1294 2078 1576 2133 κατανοῶν
1619 2079 1789 2148 ἀπρε-

208 2172 481 2223 πέστατον
535 2168 699 2236 εἶναι,
752 2170 844 2223 τὸν
899 2170 1062 2241 μέχρι
1111 2170 1204 2224 τοῦ
1239 2170 1333 2224 νῦν
1358 2171 1609 2242 γαμϐρὸν
1637 2173 1789 2239 παρὰ

204 2263 301 2331 τῆς
353 2263 735 2333 δισεξαδέλφης
793 2261 1107 2331 λεγόμενον,
1141 2262 1415 2333 ὸμόζυγον
1469 2264 1640 2329 αὐτῆς
1675 2267 1790 2317 ὀνο-

203 2355 498 2421 μάζεσθαι.
535 2357 659 2409 Ὅτι
682 2356 739 2409 δὲ
795 2353 1069 2425 χρώμενοι
1099 2355 1310 2425 ῥήμασί
1337 2371 1483 2417 τινες
1524 2354 1616 2409 τοῦ
1648 2357 1787 2410 κατὰ

202 2446 302 2516 τὴν
326 2445 368 2497 λ’
398 2445 493 2498 τοῦ
524 2444 746 2499 Ἰουλίου
776 2446 965 2516 μηνὸς,
991 2446 1089 2512 τῆς
1125 2444 1197 2515 ιβ’
1228 2446 1625 2516 ἑπινεμήσεως,
1660 2464 1788 2500 συν-

202 2537 390 2591 οδικοῦ
422 2555 486 2607 οη
497 2537 829 2607 μειὼματος,
859 2537 951 2590 τοῦ
988 2538 1087 2607 μὲν
1123 2538 1429 2606 ἁγιωτάτου
1455 2536 1622 2609 κυροῦ
1655 2537 1787 2591 Θεο-

201 2628 391 2681 δοσίου
424 2629 945 2699 πατριαρχεύοντος,
984 2628 1141 2698 ἡμῶν
1170 2630 1227 2682 δὲ
1257 2628 1350 2682 τοῦ
1378 2631 1788 2700 χαρτοφύλακος

204 2720 579 2789 ἐνεργούντων
642 2720 857 2788 όφίκιον
891 2761 907 2787 ,
963 2724 1060 2775 καὶ
1114 2723 1244 2794 περὶ
1288 2722 1352 2775 τὸ
1414 2722 1567 2785 τέλος
1614 2723 1785 2777 ταῦτα

203 2810 516 2878 διεξιοῦσιν.
553 2812 709 2865 Ἐπεὶ
740 2812 850 2880 γὰρ
880 2814 917 2881 ὴ
938 2813 1088 2881 μετὰ
1117 2813 1401 2868 Ἰωάννου
1430 2813 1786 2867 τελεσθεῖσα

198 2904 502 2972 [umorem
530 2903 611 2969 ὠς
660 2904 1083 2971 ἀνυπόστατος
1108 2905 1376 2971 λέλυται,
1410 2904 1507 2958 διὰ
1532 2905 1647 2972 τὴν
1679 2906 1788 2973 τῆς

204 2997 469 3063 Εἰρήνης
519 2996 879 3062 ἁνηϐότητα,
944 2995 1143 3062 καλῶς
1199 2998 1237 3065 ἠ
1278 2997 1500 3066 Εἰρήνη
1532 2997 1788 3065 δευτέρῳ

202 3088 521 3155 ἐξαδέλεεῳ
552 3087 740 3141 αὐτοῦ
780 3088 930 3141 κατὰ
972 3091 1160 3157 νόμον
1218 3088 1408 3157 γάμου
1456 3090 1789 3157 συξευχθήσ

1899 624 2083 679 dicere
2108 639 2216 679 non
2248 623 2445 688 audeo,
2470 623 2729 694 coniuges
2759 627 2985 683 alterius
3013 634 3068 682 et
3085 629 3332 692 _alterius
3353 648 3477 688 esse

1898 716 2105 781 carnis,
2134 717 2260 771 licet
2280 730 2375 770 eos
2403 716 2456 770 in
2475 717 2690 772 duabus
2704 720 2954 785 personis
2973 720 3130 775 video
3155 738 3167 776 :
3191 738 3257 776 ne
3279 725 3459 777 meriu

1894 807 2231 863 condemner
2253 809 2471 863 illorum
2537 824 2709 871 more,
2768 811 2863 879 qui
2933 814 3168 882 scriptas
3231 824 3285 869 et
3361 832 3473 869 nor:

1895 901 2131 969 scriptas
2201 901 2525 955 traditiones
2590 903 2907 971 reprohant,
2966 918 3087 972 qua:
3144 914 3468 960 sanctarum

1894 989 2264 1047 Ecclesiarum
2289 1002 2345 1048 et
2389 992 2589 1047 salutis
2645 1002 2848 1047 nostrae
2908 995 3106 1063 pignus
3158 1005 3304 1051 sunt.
3360 998 3469 1051 lmr

1893 1084 2079 1156 potius
2105 1094 2305 1150 statuo,
2337 1100 2439 1155 pro
2467 1099 2578 1140 una
2622 1099 2790 1139 carne
2847 1085 3148 1153 ducendos,
3180 1096 3233 1141 et
3279 1087 3470 1142 iisdem

1892 1177 2196 1247 constringi
2226 1179 2476 1233 maritum
2495 1178 2758 1249 legalibus
2787 1184 2842 1233 et
2858 1180 3139 1233 canonicis
3161 1180 3471 1248 praeceptis,

1891 1282 2156 1342 quantum
2185 1269 2395 1326 scilicet
2421 1271 2821 1341 capulationem
2844 1268 3303 1324 matrimonialem
3340 1272 3479 1325 atti-v

1892 1372 2006 1428 net,
2050 1365 2250 1435 quibus
2296 1370 2350 1419 et
2388 1362 2591 1430 coniux
2649 1363 2771 1432 ejus
2801 1362 3142 1416 includitur:
3208 1361 3473 1430 idemque

1891 1456 2011 1511 vice
2038 1470 2198 1510 versa
2237 1455 2417 1510 locum
2454 1453 2676 1507 habere.
2716 1452 2896 1523 Atque
2931 1452 3036 1508 hac
3068 1453 3135 1507 de
3166 1468 3335 1508 causa
3365 1467 3471 1507 non

1892 1562 2054 1619 posse
2086 1547 2420 1603 Demetrium
2452 1547 2506 1601 in
2548 1560 2777 1600 uxorem
2839 1545 3044 1599 dueere
3100 1544 3471 1609 Theodoram,

1894 1655 2013 1711 quae
2035 1654 2131 1709 pro
2164 1638 2387 1693 sobrina
2419 1638 2539 1708 ejus
2590 1638 2845 1701 habetur,
2905 1646 3130 1705 propter
3181 1636 3474 1691 matrimo-

1894 1733 2091 1788 nialem
2123 1731 2298 1799 ipsius
2327 1745 2451 1785 cum
2483 1729 2650 1784 Maria
2675 1728 3145 1799 coniunctionem.
3185 1727 3473 1784 Assentior

1895 1825 2057 1879 etiam
2091 1824 2180 1888 iis,
2216 1824 2307 1894 qui
2337 1822 2796 1877 matrimonialem
2820 1821 3091 1889 ejusmodi
3124 1830 3468 1875 contractum

1894 1912 2151 1967 Demetrii
2197 1911 2491 1982 prohibent
2556 1911 2736 1981 legum
2796 1911 3010 1963 ratione
3070 1909 3179 1977 (66)
3234 1922 3468 1978 quarum

1894 2000 2058 2056 verba
2088 2010 2216 2057 sunt
2249 2000 2347 2055 :ln
2380 2000 2590 2069 nuptiis
2622 2015 2730 2053 non
2768 1999 2948 2054 solum
2975 1997 3107 2067 quid
3143 1998 3469 2066 permissum

1893 2094 1987 2158 sit,
2018 2093 2111 2148 sed
2138 2094 2302 2147 etiam
2333 2094 2463 2161 quid
2496 2093 2810 2157 honestum,
2843 2088 3306 2145 considerandum
3333 2096 3419 2144 est
3452 2106 3468 2143 :

1892 2184 2020 2239 dum
2075 2184 2471 2246 animadverto,
2526 2184 3035 2238 inhonestissimum
3084 2196 3231 2244 esse,
3290 2181 3467 2249 utqui

1891 2277 2157 2331 hactenus
2185 2290 2214 2329 a
2254 2276 2479 2331 sobrina
2523 2286 2747 2331 vocatus
2790 2274 2956 2329 fuerit
3014 2273 3211 2338 aﬂinis,
3281 2283 3469 2340 postea

1889 2368 2090 2437 conjux
2131 2367 2248 2435 ejus
2278 2366 2601 2436 appelletur.
2629 2366 2693 2420 Et
2751 2367 2879 2433 quia
2931 2366 3178 2420 nonnulli
3253 2374 3470 2420 utentes

1889 2459 2070 2515 verbis
2096 2459 2284 2527 scripti
2320 2457 2614 2527 synodalia,
2674 2457 2931 2526 publicati
2980 2457 3066 2511 die
3092 2472 3204 2511 xxx
3261 2456 3470 2510 mensis

1887 2551 2039 2615 Julii,
2081 2549 2382 2605 indictione
2411 2548 2757 2611 duodecima,
2793 2564 2915 2602 cum
2949 2556 3097 2603 esset
3156 2548 3468 2617 patriarcha

1891 2644 2279 2704 sanctissimus
2312 2642 2401 2696 ille
2427 2640 2685 2695 dominus
2717 2640 3077 2705 Theodosius,
3103 2650 3152 2694 et
3175 2657 3272 2693 nos
3295 2636 3470 2693 otiieio

1890 2735 2212 2791 chartularii
2270 2734 2646 2801 iungeremur.
2680 2748 2788 2799 quo
2818 2734 2869 2787 in
2903 2734 3108 2799 scripto
3135 2734 3277 2785 circa
3310 2733 3467 2783 tinum

1891 2828 2005 2883 hmo
2025 2828 2191 2882 verba
2213 2826 2469 2894 leguntur
2495 2822 2657 2877 :Cum
2686 2826 2817 2876 enim
2846 2823 3109 2875 celebrata
3128 2838 3243 2874 cum
3263 2822 3471 2873 Joanne

1890 2920 2165 2989 sponsalia
2195 2960 2208 2981 ,
2256 2936 2347 2972 ceu
2388 2920 2604 2972 minime
2657 2916 2981 2979 constantia,
3015 2915 3309 2975 solvantur,
3342 2929 3469 2980 pro-

1889 3021 2003 3078 pter
2055 3018 2264 3064 a’tatem
2295 3008 2466 3063 lrrnw
2499 3007 2813 3073 impuberem
2844 3022 2861 3059 :
2891 3016 3026 3059 recte
3064 3005 3220 3058 It‘ena
3256 3004 3468 3056 sobrina

1893 3104 2062 3171 ipsius
2095 3102 2202 3172 lege
2234 3101 2622 3154 matrimoniali
2643 3100 2998 3166 copulabitur.
3036 3097 3233 3164 Quippe
3263 3113 3351 3149 nec
3377 3110 3470 3161 pro

203 3194 401 3234 σεται.
435 3179 584 3233 Οὔτε
617 3177 729 3247 γὰρ
774 3181 1141 3249 συγγενικὸν
1186 3182 1512 3247 πρόσωπον
1547 3181 1664 3248 τὴν
1691 3184 1788 3236 EI-

1893 3209 2117 3261 persona
2141 3204 2365 3261 cognata
2396 3189 2697 3243 Theodorus
2734 3186 2950 3241 Irenam
2975 3188 3139 3245 uncit,
3172 3203 3262 3239 nec
3301 3185 3471 3254 afﬁni-

196 3275 407 3341 ρ’ἱνην
434 3272 748 3341 λογίζεται,
792 3276 823 3327 ὀ
856 3272 1172 3340 Θεόδωρος,
1202 3273 1338 3326 οὔτε
1376 3275 1502 3340 τοῖς
1528 3274 1595 3339 ἐξ
1623 3276 1790 3345 ἀγχι-

203 3364 416 3429 στείας
455 3362 702 3431 δεσμοῖς
732 3364 829 3416 καὶ
883 3363 1046 3431 ὅροις
1104 3365 1527 3433 quaeIn-erat,
1579 3365 1679 3419 διὰ
1724 3367 1787 3419 τό

200 3454 539 3524 ὑπερϐῆναι
568 3456 675 3509 τὸν
697 3456 766 3521 ἐξ
792 3456 1140 3525 ἀγχιστείας
1170 3456 1349 3509 ἕκτον
1375 3457 1634 3527 βαθιιόν.

275 3548 537 3601 Θέλουσιν
577 3550 725 3617 ἡμᾶς
782 3549 1019 3619 σιωπᾷν,
1051 3549 1175 3618 ἄρτι
1221 3550 1487 3603 τάναντέα
1544 3551 1791 3619 διαγινώ-

204 3655 438 3701 σκοντας
462 3653 477 3669 ·
514 3638 731 3708 πρῶτον
783 3638 882 3708 μὶν
938 3637 1194 3708 λέγομεν,
1236 3639 1311 3702 ὠς
1335 3640 1362 3691 ό
1388 3642 1532 3694 κατὰ
1564 3644 1789 3710 καιροὺς

201 3728 559 3801 χαρτοςύλαξ
587 3730 763 3801 στόμα
795 3730 1189 3801 πατριαρχικὺν
1208 3730 1579 3800 λογιζόμενος,
1605 3734 1788 3787 ἐκεῖνα

199 3823 357 3890 λέγει
392 3826 487 3875 καὶ
521 3825 750 3893 γράφει,
787 3823 892 3877 ὅσα
931 3822 1229 3891 νεφελώσει
1257 3824 1353 3876 καὶ
1386 3824 1653 3879 ύδατώσει
1687 3827 1787 3895 τῆς

200 3916 449 3984 κεφαλῆς
473 3916 507 3985 η
526 3915 834 3985 ἀκρώρεια.
867 3914 1077 3966 οὐκοῦν
1107 3913 1224 3966 οὐδὲ
1252 3915 1559 3977 αἰτιατέους
1582 3914 1613 3983 ἢ
1633 3916 1788 3969 ἐπαι-

197 4010 417 4071 νετέους
449 4007 712 4071 λογιεῖταε
737 4023 825 4068 τις
863 4007 1012 4075 ἡμᾶς
1052 4003 1609 4075 καλλιγραφήσαντας
1656 4006 1788 4069 ἴσως

199 4103 301 4172 τὴν
335 4099 621 4171 παροῦσαν
677 4096 955 4161 ὑπόθεσιν,
990 4097 1021 4166 ἦ
1061 4098 1376 4150 τούναντίον
1427 4099 1786 4168 κακογραφή-

201 4211 430 4258 σαντας.
461 4192 619 4245 Κατά
654 4189 763 4260 γὰρ
789 4188 880 4243 τὸν
911 4188 1127 4259 Βαροὺχ
1170 4188 1786 4259 ύπεγραμματεύσαμεν

200 4290 305 4342 ὅσα
377 4283 593 4354 θρηνῶν
638 4282 908 4351 Ἰερεμὲας
952 4279 1259 4349 ὲθρήνησε·
1323 4280 1418 4333 καὶ
1480 4281 1623 4333 κατά
1694 4282 1787 4332 τὸν

210 4372 432 4443 ’Δαρὼν
484 4370 851 4439 ἐλαλήσαμεν,
889 4370 990 4422 ὅσα
1044 4370 1224 4422 λαλῶν
1266 4370 1495 4435 ἔλάλησε
1554 4370 1781 4439 Μωσῆς.

199 4465 386 4532 Ὅπερ
416 4462 471 4513 δὲ
506 4461 600 4514 καὶ
636 4461 754 4513 τότε
786 4459 883 4528 τὴν
918 4460 1233 4530 μικρόνοιαν
1261 4460 1418 4529 ἡμῶν
1449 4460 1784 4531 ἐθεράπευσε

1897 3286 2021 3338 tatis
2059 3285 2282 3337 vinculis
2323 3295 2480 3350 atque
2527 3281 2725 3349 legibus
2778 3280 3157 3348 constringitur
3199 3290 3470 3346 propterea

1891 3375 2029 3444 quod
2058 3382 2260 3428 sextum
2286 3388 2349 3426 ex
2377 3372 2628 3442 omnium
2654 3372 2877 3441 gradum
2911 3371 3150 3423 excedat.

1963 3548 2060 3606 His
2099 3563 2230 3617 ergo
2254 3547 2441 3602 verbis
2471 3554 2713 3605 utentes,
2740 3553 2922 3598 tacere
2956 3557 3056 3596 nos
3118 3538 3334 3599 volunt,
3380 3552 3471 3604 qui

1886 3640 1999 3712 jam
2028 3640 2303 3697 contraria
2348 3639 2689 3693 statuimus:
2747 3636 2982 3705 primqu
3045 3631 3472 3701 respondemus,

1890 3733 2158 3801 cujusque
2183 3732 2446 3801 temporis
2480 3729 2910 3791 chartularium,
2943 3726 3033 3795 qui
3056 3740 3118 3778 os
3144 3722 3475 3792 patriarcha!

1889 3838 2013 3880 esse
2049 3823 2293 3887 ducitur,
2327 3836 2390 3876 ea
2426 3830 2540 3875 tum
2578 3820 2782 3881 dicere,
2857 3827 2971 3870 tum
3034 3816 3296 3871 scribere,
3353 3826 3475 3879 qme

1891 3915 2085 3985 capitis
2112 3915 2214 3985 ipsi
2248 3922 2435 3969 vertex
2476 3915 2655 3966 instar
2682 3910 2848 3963 nubis.
2871 3917 2923 3963 et
2946 3923 3101 3975 aqua!
3131 3903 3467 3973 suppeditat.

1888 4006 2124 4076 Ideoque
2153 4021 2253 4061 nec
2277 4003 2601 4074 culpandus,
2638 4016 2737 4055 nec
2770 3998 3075 4053 laudandos
3108 4011 3208 4049 nos
3258 3993 3474 4063 pttlnbil.

1886 4098 2183 4167 quispiam,
2216 4098 2309 4165 qui
2337 4097 2420 4151 vel
2458 4106 2603 4149 recte
2659 4101 2984 4159 prtescntem
3036 4103 3283 4148 causam,
3317 4086 3399 4137 vel
3444 4099 3475 4138 e

1887 4192 2165 4245 contrario
2209 4188 2348 4242 male
2375 4187 2571 4241 litteris
2600 4184 2870 4251 compleri
2913 4183 3109 4235 simus.
3147 4177 3282 4231 Nam
3325 4190 3477 4228 more

1887 4283 2143 4347 Baruchi,
2181 4283 2372 4337 scriba:
2409 4292 2634 4333 munere
2660 4275 2826 4329 fuucti
2853 4274 3169 4327 'uotarimus
3215 4280 3477 4338 quzeruu-

1887 4391 1992 4445 que
2024 4371 2374 4428 lamentando
2410 4367 2717 4423 Hieremias
2760 4365 3094 4419 lamentatus
3134 4368 3219 4414 est
3248 4378 3260 4412 :
3294 4366 3347 4412 et
3372 4357 3479 4407 Aa-

1891 4468 2043 4521 ronis
2070 4480 2220 4519 more
2250 4461 2522 4534 prolocuti
2576 4474 2791 4518 sumus,
2841 4468 3176 4525 qua-cunque
3204 4451 3221 4506 ι
3246 4451 3479 4520 tquendo

198 4556 367 4624 χάριν
392 4551 485 4605 τοῦ
520 4552 766 4606 τοιούτου
813 4551 1154 4621 ζητήματος,
1195 4553 1413 4622 ἐγράφη
1463 4554 1593 4623 παρ’
1626 4552 1783 4622 ἡμῶν

1893 4558 2111 4611 locutus
2171 4562 2255 4608 est
2285 4552 2483 4606 Moses.
2512 4549 2668 4614 Quod
2703 4556 2883 4599 autem
2915 4544 3228 4597 intellectus
3292 4540 3471 4593 nostri

199 4648 261 4697 ὲν
289 4642 369 4712 τῷ
406 4644 449 4713 β’
483 4643 788 4713 κεφαλαίῳ,
822 4642 917 4697 τοῦ
946 4649 1015 4711 ιγ’
1049 4643 1231 4697 τίτλον
1277 4642 1369 4695 τοῦ
1398 4644 1787 4713 νομοκανόνου.

201 4736 446 4803 Εἴπομεν
467 4735 575 4805 γὰρ
591 4735 651 4788 τὸ
667 4734 912 4789 τοιοῦτον
934 4736 1233 4805 κεφάλαιον
1263 4735 1684 4806 ἑρμηνεύοντες,
1710 4736 1787 4800 ὼς

198 4824 298 4879 καὶ
320 4822 603 4893 βασιλικὸν
627 4825 869 4879 ἐκώλυσε
899 4828 1227 4897 πρόσταγμα
1249 4827 1307 4878 τὸ
1336 4825 1676 4896 ζητούμενον
1698 4844 1791 4880 συ-

199 4918 493 4979 νοικέσιον,
523 4917 628 4971 κᾶν
646 4918 1217 4988 καταπρωθῆναιούκ
1242 4918 1627 4988 ἔφθασε,καὶή
1667 4920 1789 4973 Ἑκ-

197 5008 403 5081 ariusia.
418 5008 516 5079 τὴν
532 5007 725 5062 τούτου
748 5010 968 5080 ποίησιν
992 5010 1095 5062 οὐκ
1115 5008 1387 5077 ἀνέχεται.
1412 5006 1547 5062 Εἷτὰ
1579 5026 1782 5079 φαμεν,

198 5101 277 5164 ὡς
308 5101 719 5170 impatientith
745 5099 1237 5171 προκομιξομένων
1286 5100 1658 5167 ταλαυγενῶν,
1690 5102 1783 5153 καὶ

198 5192 289 5245 διὰ
308 5191 355 5224 ⁸³
384 5194 733 5263 γραμμάτων
768 5193 968 5262 ὁμοίων
1003 5193 1496 5263 ὲκκλησιαστικῶν,
1530 5194 1788 5256 διυλιζὸν-

198 5298 313 5335 των
346 5283 441 5334 καὶ
477 5282 638 5335 αὑτὸν
661 5284 754 5335 τὸν
786 5283 1118 5351 φαυλότατον
1157 5282 1395 5336 κώνωπα
1418 5284 1512 5337 τοῦ
1546 5284 1783 5337 τοιούτου

200 5373 542 5443 ζητήματος,
558 5375 653 5428 καὶ
674 5374 1092 5429 ἀποκαλούντων
1116 5376 1275 5429 τοῦτο
1299 5374 1779 5447 παρανομώτατον,

1893 4644 2147 4701 tenuitati
2178 4652 2311 4696 tunc
2351 4640 2594 4695 remedio
2619 4637 2720 4691 fuit
2750 4638 2803 4690 in
2841 4636 2943 4690 hac
2990 4634 3322 4704 quaestione,
3357 4647 3479 4697 per-

1893 4738 2157 4806 scriptum
2187 4749 2217 4788 a
2248 4733 2405 4788 nobis
2438 4739 2520 4786 est
2551 4732 2605 4783 in
2666 4729 2849 4797 capite
2897 4724 3140 4780 secundo
3168 4723 3311 4775 tituli
3358 4720 3477 4775 ΧΗ(

1892 4824 2289 4882 Nomocanoni.
2352 4821 2566 4889 Quippe
2631 4825 2796 4886 caput
2850 4815 2983 4869 illud
3052 4814 3477 4882 interpretantes

1891 4917 2150 4979 diximus,
2183 4916 2346 4969 etiam
2378 4913 2554 4965 edicto
2581 4907 2934 4977 imperatorio
2978 4904 3314 4975 prohibitum
3356 4919 3479 4957 esse

1892 5006 2324 5067 matrimonium,
2357 5017 2467 5071 quo
2498 5002 2565 5056 de
2594 5002 2794 5069 agitur,
2827 4999 2952 5052 licet
2981 4998 3035 5051 in
3088 5006 3208 5049 acta
3242 4995 3474 5049 relatum

1892 5116 1998 5154 nou
2030 5099 2212 5160 fuerit,
2240 5105 2293 5149 et
2329 5094 2578 5149 Ecclesia
2636 5091 3126 5164 promulgationem
3185 5086 3305 5153 ejus
3363 5100 3475 5139 non

1892 5190 2183 5244 sustineat.
2215 5186 2418 5240 Deinde
2443 5184 2793 5253 subjicimus,
2824 5181 2970 5250 quod
2994 5195 3119 5233 cum
3160 5176 3475 5231 notationes

1892 5285 2090 5353 priscae
2122 5281 2496 5351 proferuntur,
2531 5288 2584 5333 et
2613 5275 2919 5332 consimilia
2953 5274 3156 5341 scripta
3212 5267 3475 5324 ecclesia-

1890 5377 2049 5439 stica,
2084 5372 2473 5443 pravissimum
2504 5378 2558 5424 et
2586 5370 2704 5438 ipsa
2731 5367 2962 5423 culicem
3019 5360 3336 5433 quaestionis
3362 5358 3470 5414 bu-

1450 5510 1683 5568 VARIA‘J
1727 5512 2134 5570 LECTIONES.

272 5606 322 5638 ⁸⁸
346 5606 805 5677 διαγραμμάτων.

1721 5714 1955 5772 NOTA'J.

276 5832 390 5904 (66)
451 5834 685 5903 Sc'nprr.
725 5834 785 5890 D.
828 5835 901 5891 Dc
935 5853 1038 5905 reg.
1068 5836 1180 5904 jnr.
1212 5834 1275 5889 Et
1305 5834 1341 5888 1.
1374 5831 1457 5890 19..
1495 5831 1553 5886 D.
1591 5831 1666 5887 De
1691 5834 1777 5885 rit.
1822 5843 1971 5900 ηυντ.
